3978 6190
534 410 644 469 863

1186 405 1247 459 Β.
1290 402 1543 459 ΒΑΒᾹΝΙ
1583 400 1800 458 MAURI
1836 394 2135 455 ARCHIEP

2246 393 2507 451 IOGUNT.
2550 390 2836 448 OPERUM
2876 389 3056 445 PARS
3090 388 3129 442 l.

3726 385 3821 443 865

535 533 660 591 net,
691 524 795 580 hoc
819 532 921 587 est,
952 522 1003 575 in
1035 518 1187 586 cujus
1222 518 1411 573 humili
1440 525 1658 588 pectore
1680 514 1939 570 divinitas
1964 510 2117 566 fami-
2145 508 2198 568 Α
2223 520 2342 562 esse
2384 507 2592 562 cunctis
2635 506 2966 561 ostenderet.
3002 504 3282 574 Ingressus
3335 517 3471 573 ergo
3515 501 3825 557 naviculam

534 614 661 671 Iiari
690 614 921 685 quadam
952 610 1231 666 mansione
1260 609 1527 678 quiescat.

556 766 561 771 _
607 707 764 761 Iesus
783 714 958 758 autem
979 704 1052 757 ait
1081 701 1194 757 illi:
1218 699 1444 773 Sequere
1464 718 1545 759 me
1561 741 1578 766 ,
1601 710 1648 755 et
1670 700 1873 754 dimitte
1892 706 2125 753 mortuos

538 796 753 866 sepelire
768 803 1000 849 mortuos
1022 810 1165 847 suos.
1191 791 1391 863 (Hier.)
1417 791 1661 846 Mortuus
1685 790 1994 859 quicunque
2016 803 2124 843 non

538 889 739 953 credit;
769 888 815 942 si
843 895 1024 941 autem
1056 895 1329 941 mortuum
1374 884 1566 953 sepelit
1590 891 1857 946 mortuus,
1898 898 2005 936 non
2035 881 2127 936 de-

541 983 731 1037 bemus
758 994 941 1034 curam
969 978 1170 1032 habere
1193 985 1549 1039 mortuorum,
1581 976 1676 1030 sed
1704 974 2031 1038 viventium,
2059 987 2129 1029 ne

540 1070 667 1123 dum
698 1068 915 1122 solliciti
943 1082 1130 1122 sumus
1156 1067 1222 1121 de
1248 1066 1505 1132 mortuis,
1539 1080 1639 1119 nos
1666 1080 1882 1134 quoque
1928 1063 2127 1118 mortui

540 1157 892 1228 appellemur.
944 1156 1097 1223 Quod
1125 1171 1254 1227 ergo
1285 1156 1339 1209 in
1380 1156 1525 1210 Luca
1555 1154 1791 1219 additur,
1836 1152 1915 1207 Tu
1952 1162 2129 1207 autem

540 1248 670 1301 vade
710 1257 755 1301 et
795 1248 1053 1301 annuntio
1093 1261 1310 1316 regnum
1352 1243 1472 1308 Dei,
1500 1260 1608 1299 non
1659 1244 1777 1299 sine
1830 1257 1994 1297 causa
2026 1242 2131 1297 hoc

540 1339 595 1392 in
625 1338 744 1392 loco
787 1338 1022 1407 positum
1078 1344 1177 1391 est.
1216 1335 1520 1390 Notandum
1548 1349 1676 1404 ergo
1708 1335 1759 1388 in
1791 1334 1892 1387 hac
1920 1341 2133 1388 senten-

542 1428 615 1481 tia
642 1427 766 1497 quia
796 1418 1089 1496 aliquando
1115 1426 1170 1479 in
1196 1426 1500 1480 actionibus
1520 1424 1725 1479 nostris
1757 1424 1966 1478 minora
1988 1422 2130 1476 bona

539 1519 1001 1590 prsetermittenda
1049 1527 1177 1572 sunt
1219 1532 1319 1587 pro
1363 1516 1599 1571 utilitate
1650 1515 1939 1585 majorum.
1991 1513 2126 1568 Nam

540 1615 662 1682 quis
720 1613 931 1683 ignoret
979 1624 1103 1665 esse
1151 1609 1278 1664 boni
1330 1607 1512 1677 operis
1564 1607 1817 1661 meritum
1857 1612 2131 1659 mortuum

542 1703 799 1772 sepelire,
830 1708 884 1757 et
915 1709 1097 1756 tamen
1133 1701 1181 1755 ei
1211 1700 1301 1770 qui
1332 1699 1399 1753 ad
1426 1698 1788 1768 sepeliendum
1818 1705 2027 1767 patrem
2073 1711 2134 1751 se

542 1792 740 1846 dimitti
782 1798 1121 1861 poposcerat,
1152 1790 1356 1845 dictum
1378 1798 1495 1853 est,
1529 1787 1656 1843 Sine
1683 1796 1736 1840 ut
1770 1787 1963 1840 mortui
1982 1803 2131 1856 sepe—

2225 599 2359 654 l‘ecit
2409 598 2619 652 turbari
2661 613 2854 662 mare,
2906 595 3200 652 commovit
3248 602 3441 649 ventos
3469 634 3484 659 ,
3533 594 3833 649 concitavit

2224 690 2438 747 ﬂuctus.
2472 690 2581 747 Cur
2609 690 2746 745 hoc?
2776 690 2901 745 ldeo
2944 698 3005 743 ut
3042 686 3338 757 discipulos
3382 687 3637 741 mitteret
3669 689 3727 740 in
3762 688 3827 740 ti-

2226 796 2430 839 morem
2452 790 2506 837 et
2529 797 2685 837 suum
2703 778 2962 835 auxiilum
2976 777 3335 865 sttularent,
3353 791 3627 847 suamque
3644 786 3832 847 poten-

2228 876 2358 929 tiam
2391 873 2710 943 rogantibus
2741 869 3146 926 manil‘estarct.
3174 867 3267 922 Illa
3293 875 3593 937 tempestas
3625 883 3736 921 non
3766 884 3828 921 es

2226 983 2286 1023 se
2314 965 2507 1022 oborta
2531 974 2616 1019 est
2634 1005 2649 1029 ,
2692 964 2787 1018 sed
2829 962 3087 1033 potestati
3116 961 3294 1031 paruit
3324 960 3653 1029 imperantis
3682 959 3827 1028 ejus,

2224 1060 2315 1128 qui
2362 1056 2535 1111 educit
2576 1063 2752 1109 ventos
2791 1054 2856 1108 de
2900 1053 3164 1107 thesauris
3208 1052 3319 1105 suis
3361 1050 3538 1123 (Psal.
3578 1052 3827 1121 cum),

2225 1149 2315 1220 qui
2352 1148 2634 1202 terminum
2677 1146 2815 1199 mari
2866 1160 3085 1197 arenam
3127 1143 3440 1205 constituit;
3503 1142 3645 1195 dixit
3697 1142 3829 1195 enim

2229 1240 2275 1292 ei
2309 1253 2326 1290 ε
2379 1236 2555 1308 Usque
2600 1237 2702 1291 huc
2732 1236 2919 1300 venies,
2950 1245 2996 1288 et
3040 1250 3144 1288 non
3181 1234 3616 1303 supergredieris,
3648 1232 3741 1286 sed
3776 1234 3828 1287 in

2230 1330 2496 1399 temetipso
2559 1328 2958 1398 confringentur
3004 1328 3198 1396 [luctus
3253 1324 3331 1378 tui
3397 1323 3535 1395 (Job
3574 1325 3822 1394 xxxviii).

2231 1422 2402 1492 llujus
2427 1437 2558 1492 ergo
2577 1420 2823 1489 jussione
2849 1428 2907 1475 et
2932 1427 3207 1489 praecepto
3233 1427 3354 1473 orta
3402 1425 3490 1473 est
3537 1425 3827 1487 tempestas

2233 1519 2287 1573 in
2342 1517 2481 1572 mari
2529 1524 2751 1586 propter
2794 1516 3123 1577 occasiones.
3140 1514 3390 1584 superius
3436 1522 3819 1568 monstratas:

2233 1611 2377 1666 facta
2399 1620 2481 1665 est
2503 1617 2799 1679 tempestas
2819 1625 3036 1680 magna,
3059 1618 3116 1664 et
3128 1625 3233 1663 non
3253 1608 3469 1678 pusilla,
3496 1617 3554 1662 ut
3575 1624 3831 1679 magnum

2232 1718 2389 1770 opus,
2440 1709 2494 1756 et
2523 1716 2632 1755 non
2662 1700 2915 1770 pusillum
2943 1701 3354 1764 ostenderetur;
3398 1708 3715 1769 quantoque
3744 1716 3832 1755 ve-

2234 1789 2543 1844 hementius
2572 1788 2764 1845 ﬂuctus
2807 1790 3067 1846 navicula:
3113 1789 3417 1855 irruebant,
3460 1798 3614 1845 tanto
3663 1790 3831 1860 magis

543 1885 674 1937 liant
698 1893 932 1937 mortuos
952 1900 1075 1937 suos
1099 1899 1117 1936 :
1142 1890 1198 1936 tu
1216 1881 1618 1945 autemvade,et
1642 1881 1897 1933 annuntio
1915 1894 2129 1948 regnum
2162 1852 2207 1910 Β
2237 1879 2401 1934 timor
2452 1879 2837 1951 discipulorum
2887 1880 3348 1943 conturbahatur,
3418 1890 3479 1934 ut
3533 1895 3598 1935 eo
3664 1881 3833 1952 magis

545 1974 665 2026 Dei.
723 1972 1163 2043 Postponcndum
1198 1987 1433 2042 namque
1463 1979 1585 2028 erat
1615 1972 1933 2040 obsequium
1975 1969 2135 2039 hujus

546 2063 836 2118 ministerii
862 2061 1037 2117 ollicio
1060 2063 1483 2132 przedicationis,
1510 2062 1636 2132 quia
1659 2062 1766 2125 illo,
1795 2077 1959 2117 carne
1989 2077 2135 2117 mor-

543 2163 665 2208 tuos
697 2155 749 2208 in
780 2161 977 2208 terram
1002 2153 1282 2217 conderet,
1315 2154 1419 2207 isto
1460 2161 1647 2213 autem
1669 2152 1850 2205 anima
1893 2160 2136 2207 mortuos

543 2228 613 2299 ad
661 2245 826 2299 vitam
908 2245 1276 2299 resuscitaret.
1350 2243 1641 2316 (M.\CRUS.)
1705 2241 1984 2310 Quomodo
2035 2258 2135 2298 au-

546 2345 654 2389 tem
702 2334 903 2388 mortui
958 2342 1203 2388 mortuos
1256 2332 1485 2403 sepelire
1528 2340 1768 2403 queunt,
1814 2333 1919 2388 nisi
1967 2333 2136 2404 gemi-

546 2443 671 2482 nam
695 2425 962 2497 intelligas
984 2435 1233 2490 mortem,
1256 2440 1420 2479 unam
1438 2433 1665 2493 naturae,
1686 2424 1912 2479 alteram
1930 2423 2137 2494 culpat?

548 2529 735 2579 unam,
766 2529 870 2583 qua
898 2515 1077 2568 anima
1108 2530 1137 2568 a
1168 2528 1356 2579 carne,
1386 2513 1642 2581 alteram,
1675 2530 1780 2584 qua
1811 2510 1953 2570 Deus
1979 2529 2137 2584 sepa-

551 2614 704 2659 ratur
734 2605 801 2659 ab
832 2603 1047 2658 anima?
1075 2602 1201 2659 Sive
1229 2612 1492 2670 mortuos,
1533 2622 1642 2661 non
1686 2606 1972 2661 credentes
1991 2647 2007 2672 ,
2051 2604 2139 2661 vel

550 2704 672 2766 post
708 2695 866 2751 ﬁdem
895 2695 1197 2750 servientes
1226 2696 1483 2765 peccatis,
1516 2696 1670 2762 dicit,
1723 2708 1967 2752 mortuos
2010 2713 2141 2753 suos

548 2795 729 2841 autem
748 2827 761 2848 ,
820 2785 911 2855 qui
964 2784 1312 2840 nihilominus
1336 2786 1453 2839 sine
1489 2784 1591 2840 ﬁde
1618 2794 1675 2842 et
1701 2788 1858 2842 bonis
1884 2787 2142 2857 operibus

549 2877 617 2933 de
641 2891 868 2946 corpore
893 2876 1146 2932 exierunt
1171 2895 1183 2930 :
1214 2884 1428 2947 oportet
1455 2877 1599 2932 enim
1624 2885 1684 2932 ut
1704 2877 1795 2949 qui
1822 2878 1935 2935 suis
1954 2886 2144 2935 carent

546 2973 787 3042 peccatis
844 2986 952 3025 non
985 2970 1329 3025 consentiant
1358 2970 1549 3026 alienis
1583 2989 1597 3025 :
1636 2972 1762 3041 quia
1811 2988 1919 3027 non
1965 2972 2141 3028 solum

548 3062 642 3132 qui
665 3069 888 3131 peccata
926 3060 1155 3127 faciunt,
1202 3058 1296 3116 sed
1321 3069 1376 3116 et
1397 3061 1490 3130 qui
1514 3061 1863 3117 consentiunt
1891 3062 2142 3118 facienti-

550 3155 681 3219 bus,
736 3163 946 3208 reatum
999 3171 1182 3210 eoram
1233 3154 1380 3225 justo
1410 3152 1594 3223 judice
1626 3154 1826 3210 habent
1871 3152 2045 3225 (Rom.
2075 3153 2138 3225 ι).

553 3247 794 3302 Mortuus
820 3247 963 3302 enim
1005 3247 1268 3317 sepelire,
1290 3256 1628 3316 "peccatores
1656 3246 1710 3301 in
1758 3246 1873 3302 suis
1902 3247 2143 3317 peccatis

551 3338 739 3395 fovere
761 3346 863 3404 est,
891 3339 1037 3409 quod
1062 3339 1137 3392 illi
1160 3337 1367 3394 faciunt
1388 3341 1477 3411 qui
1489 3339 1792 3410 jnstiﬁcant
1810 3339 2025 3409 impium
2046 3355 2142 3411 pro

550 3429 875 3496 muneribus,
920 3439 967 3484 et
997 3428 1216 3484 laudant
1243 3440 1539 3501 peccatores
1565 3431 1621 3484 in
1647 3430 1922 3485 desideriis
1950 3430 2142 3485 anima:

549 3536 685 3585 sum,
718 3528 766 3573 et
796 3520 980 3590 iniqua
1004 3530 1235 3590 gerentes
1266 3520 1569 3575 benedicunt
1595 3520 1733 3593 (Isa.
1765 3537 1828 3588 v;
1857 3517 2008 3575 Psal.
2039 3520 2139 3593 rx).

628 3611 696 3666 Et
737 3613 1046 3666 ascendente
1074 3629 1134 3666 eo
1172 3614 1227 3667 in
1272 3611 1599 3677 naviculam‘,
1650 3613 1814 3667 secuti
1856 3622 1977 3668 sunt
2022 3629 2143 3667 eum

555 3702 797 3772 discipuli
833 3702 969 3773 ejus.
999 3701 1195 3775 (Θήῃ.)
1254 3702 1372 3758 Non
1413 3702 1749 3771 imbecilles,
1794 3703 1889 3759 sed
1920 3702 2060 3758 ﬁrmi
2088 3710 2145 3759 et

554 3796 777 3852 stabiles
800 3797 853 3850 in
871 3796 994 3862 ﬁde,
1019 3797 1311 3861 mansueti,
1328 3804 1384 3851 et
1395 3796 1493 3865 pii,
1517 3804 1835 3866 spernentes
1858 3795 2140 3861 mundum,

555 3904 663 3943 non
699 3886 897 3958 duplici
942 3887 1130 3952 corde,
1169 3886 1263 3942 sed
1294 3887 1547 3957 simplici.
1579 3886 1795 3958 (Beda.)
1828 3888 1884 3942 In
1916 3888 2021 3942 hac
2047 3901 2144 3941 na-

555 3980 829 4051 vigatione
855 3978 1113 4035 Dominus
1134 3987 1441 4050 utramque,
1475 3981 1633 4034 unius
1654 3978 2005 4050 ejusdemque
2032 3995 2145 4036 suae

557 4084 802 4141 pereunte
821 4110 836 4136 ,
886 4079 1137 4124 naturam
1177 4070 1434 4142 dignatur
1455 4070 1742 4126 ostendere
1759 4111 1775 4137 ,
1799 4071 1927 4126 dum
1959 4072 2005 4126 is
2028 4072 2142 4142 qui,

558 4171 619 4218 ut
670 4165 856 4230 homo,
890 4164 1091 4220 dormit
1120 4164 1174 4218 in
1205 4164 1353 4231 navi,
1382 4164 1622 4220 furorem
1658 4166 1852 4232 maris,
1880 4175 1938 4221 ut
1979 4166 2143 4233 Deus,

561 4256 727 4312 verbo
761 4264 995 4312 coercet.
1032 4255 1201 4310 Porro
1242 4254 1398 4326 juxta
1442 4256 1776 4326 allegoriam,
1822 4272 2002 4323 mare,
2033 4258 2147 4313 sive

560 4350 831 4418 stagnum,
860 4346 999 4417 quod
1024 4362 1146 4402 cum
1169 4346 1282 4401 suis
1312 4348 1542 4402 transire
1570 4347 1863 4414 desiderat,
1896 4348 2149 4405 tenebro-

557 4455 654 4494 sus
671 4452 995 4506 amarusque
1010 4435 1190 4493 sa3culi
1209 4438 1471 4507 accipitur
1485 4441 1668 4493 aastus.
1692 4437 1950 4492 Navicula
1966 4446 2146 4493 autem

560 4545 722 4598 quam
756 4529 1051 4584 ascendunt
1084 4528 1227 4582 nulla
1265 4528 1458 4583 melius
1485 4543 1648 4597 quam
1683 4527 1977 4584 Dominica:
2018 4545 2147 4599 pas-

563 4620 731 4675 sionis
782 4619 1098 4688 intelligitur
1167 4620 1371 4685 arbor,
1437 4619 1589 4688 cujus
1634 4618 1898 4674 beneﬁcio
1949 4621 2150 4691 quique

564 4708 752 4765 ﬁdeles
778 4709 972 4779 adjuti,
1002 4709 1238 4763 emensis
1265 4708 1452 4765 mundi
1480 4707 1731 4763 ﬂuctibus
1757 4709 2150 4767 habitationem

562 4804 750 4874 patria:
778 4802 1038 4868 cmlestis,
1054 4803 1208 4872 quasi
1230 4802 1579 4858 stabilitatem
1603 4803 1779 4858 securi
1802 4803 2018 4868 littoris,
2050 4804 2149 4859 ob—

566 4894 758 4951 tinent.
784 4894 937 4962 Quod
958 4902 1137 4950 autem
1163 4896 1276 4967 ipse
1298 4896 1353 4950 in
1376 4912 1536 4951 unam
1562 4896 1865 4951 naviculam
1887 4912 2010 4951 eum
2040 4896 2151 4952 dis-

564 4988 759 5059 cipulis
781 4987 1030 5044 Salvator
1050 4989 1348 5055 descendit,
1372 4990 1497 5045 alibi
1511 4991 1642 5060 quid
1662 4990 1927 5062 signiﬁcet
1952 4991 2143 5059 aperit,

564 5096 689 5136 cum
732 5082 1096 5152 prsenuntiato
1145 5097 1254 5137 sua:
1305 5082 1574 5151 passionis
1625 5082 2149 5151 resurrectionisque

564 5175 844 5246 mysterio,
870 5189 996 5229 mox
1021 5174 1235 5230 dicebat
1258 5174 1325 5229 ad
1346 5190 1537 5230 omnes
1568 5193 1581 5229 :
1612 5174 1671 5230 Si
1694 5176 1810 5246 quis
1838 5173 1946 5229 vult
1976 5174 2150 5228 uenire

563 5277 677 5338 post
705 5284 813 5330 me,
849 5265 1065 5337 abneget
1094 5269 1423 5337 semetipsum
1441 5308 1455 5332 ,
1498 5276 1548 5321 et
1576 5265 1727 5321 tollat
1758 5281 1965 5320 crucem
1995 5280 2150 5319 suam

563 5357 793 5428 quotidie
813 5367 861 5413 et
886 5367 1136 5428 sequatur
1164 5375 1244 5412 me
1274 5356 1489 5429 (Matth.
1515 5356 1649 5428 va).

637 5443 754 5521 [VC]
782 5446 852 5501 Et
881 5464 996 5503 ecce
1020 5457 1190 5502 motus
1217 5465 1436 5518 magnus
1464 5447 1634 5517 factus
1661 5458 1733 5502 est
1763 5450 1817 5503 in
1854 5450 1989 5502 mari
2013 5489 2027 5513 ,
2076 5450 2150 5502 ita

573 5547 629 5590 ut
684 5536 928 5591 navicula
972 5539 1263 5608 operiretur
1286 5537 1550 5607 ﬂuctibus.
1601 5534 1798 5609 (Orig.)
1829 5538 1963 5593 Cum
2004 5539 2149 5592 enim

567 5629 735 5684 multa
762 5644 955 5700 magna
976 5638 1032 5685 et
1052 5630 1294 5686 miranda
1317 5630 1642 5686 ostendisset
1667 5631 1720 5684 in
1746 5640 1910 5696 terra,
1936 5632 2155 5687 transiit

569 5723 635 5775 ad
667 5736 839 5787 mare,
892 5731 950 5778 ut
1000 5723 1199 5783 ibidem
1231 5724 1406 5779 adhuc
1434 5724 1814 5779 excellentium
1855 5740 2018 5792 opera
2060 5726 2151 5778 de-

570 5817 930 5875 monstraret,
980 5821 1245 5881 quatenus
1277 5822 1433 5871 terra:
1466 5816 1736 5885 marisque
1769 5814 2050 5870 Dominum
2095 5832 2153 5869 se

2178 4570 2230 4630 D

2233 1971 2609 2027 desiderarent
2633 1987 2691 2028 se
2727 1974 2793 2027 ad
2832 1971 3171 2028 liberandum
3201 1972 3470 2028 mirabilia
3502 1970 3824 2027 Salvatoris.

2306 2060 2429 2132 Ipse
2460 2079 2577 2117 vero
2603 2062 2917 2117 dormiebat.
2955 2062 3000 2118 0
3032 2077 3119 2117 res
3155 2062 3419 2118 mirabilis
3446 2071 3504 2117 et
3533 2063 3825 2132 stupenda!

2236 2152 2283 2207 is
2311 2151 2405 2221 qui
2437 2166 2714 2221 nunquam
2757 2151 3065 2217 obdormit,
3101 2152 3301 2207 dormit
3330 2170 3343 2205 :
3377 2168 3508 2221 ergo
3534 2152 3828 2207 dormiebat

2237 2257 2495 2311 corpore,
2541 2242 2636 2297 sed
2661 2242 2920 2313 vigilabat
2948 2241 3170 2299 deitate.
3201 2243 3517 2299 Dormiebat
3556 2244 3745 2312 itaque
3776 2254 3828 2298 ut

2237 2331 2517 2402 apostolos
2543 2332 2834 2388 suscitaret
2875 2341 2931 2388 ct
2978 2332 3237 2404 evigilarc
3281 2333 3515 2399 laceret,
3563 2335 3827 2404 praecipue

2239 2430 2419 2479 autem
2462 2438 2652 2478 omnes
2701 2438 2831 2487 nos,
2878 2439 2947 2479 ne
2976 2439 3212 2492 unquam
3249 2425 3432 2479 animo
3460 2425 3829 2487 dormiamus,

2238 2530 2374 2570 neve
2407 2513 2683 2570 intellectu
2711 2522 2804 2569 aut
2828 2515 3146 2586 prudentia,
3202 2515 3296 2571 sed
3325 2515 3550 2585 vigilare
3600 2516 3655 2569 iu
3686 2516 3833 2572 omni

2241 2612 2501 2674 tempore,
2531 2610 2587 2659 et
2601 2602 2837 2671 jubilare
2866 2604 3092 2659 Domino
3111 2645 3127 2669 ,
3154 2613 3210 2659 et
3240 2604 3470 2659 salutem
3513 2606 3584 2660 ab
3625 2620 3696 2661 eo
3741 2620 3836 2675 po.

2241 2698 2441 2754 stulare
2483 2698 2818 2753 Studeamus.
2855 2696 3067 2769 (Beda.)
3098 2697 3321 2769 Mystiee
3349 2709 3528 2754 autem
3554 2699 3839 2769 discipulis

2245 2787 2630 2858 navigantibus
2656 2786 2908 2843 Christus
2952 2788 3299 2853 obdormivit,
3329 2788 3457 2859 quia
3499 2788 3844 2844 calcantibus

2242 2879 2499 2937 saaculum
2554 2880 2802 2936 ﬁdelibus
2853 2878 3127 2950 futurique
3174 2882 3327 2952 regni
3362 2881 3602 2951 quietem
3652 2882 3842 2937 animo

2242 2970 2650 3037 meditantibus,
2695 2980 2770 3036 et,
2817 2968 2900 3026 vel
2933 2972 3171 3026 secundo
3201 2972 3376 3025 sancti
3400 2969 3634 3041 Spiritus
3674 2971 3840 3037 ﬂatu,

2242 3061 2329 3115 vel
2351 3061 2553 3131 pr0prii
2584 3062 2813 3132 remigio
2838 3071 3056 3126 conatu,
3087 3060 3280 3117 inﬁdos
3308 3063 3496 3117 mundi
3521 3062 3695 3118 fastus
3714 3077 3843 3117 εει·-

2246 3153 2398 3207 tatim
2422 3160 2545 3222 post
2568 3160 2719 3224 terga
2734 3152 3090 3221 jactantibus,
3109 3161 3323 3223 tempus
3343 3153 3525 3208 subito
3546 3154 3842 3210 Dominica:

2244 3245 2513 3313 passionis
2543 3245 2762 3301 advenit
2785 3261 2799 3299 :
2825 3245 2967 3301 unde
2986 3246 3125 3301 bene
3146 3245 3360 3301 Marcus
3384 3246 3487 3301 hoc
3511 3247 3833 3301 imminente

2244 3339 2420 3393 noctis
2442 3347 2683 3408 tempore
2707 3346 2921 3409 gestum
2950 3337 3119 3394 fuisse
3144 3339 3393 3408 perhibet
3410 3380 3426 3405 ,
3455 3350 3517 3395 ut
3543 3341 3659 3396 veri
3701 3341 3835 3399 solis

2242 3429 2549 3485 accubitum
2564 3446 2671 3485 non
2694 3430 2811 3486 sola
2837 3431 3052 3485 Domini
3073 3430 3346 3497 dormitio,
3377 3433 3475 3488 sed
3502 3440 3561 3487 et
3588 3433 3704 3503 ipsa
3734 3432 3835 3488 de-

2244 3522 2487 3577 cedentis
2518 3523 2655 3578 lucis
2683 3524 2816 3579 hora
2849 3523 3135 3594 signiﬁcet.

2316 3614 2385 3669 Et
2441 3625 2809 3681 accesserunt,
2863 3626 2913 3672 et
2942 3619 3325 3672 suscitaverunt
3365 3632 3524 3681 eum,
3568 3617 3835 3682 dicentes,

2246 3703 2501 3768 Domine,
2552 3705 2699 3761 salua
2745 3723 2838 3760 nos
2869 3747 2885 3771 ,
2937 3708 3182 3776 perimus.
3236 3704 3436 3776 (θήρ.)
3478 3704 3654 3761 Tanto
3716 3706 3835 3761 fue-

2244 3803 2369 3850 rant
2418 3803 2565 3851 metu
2593 3797 2897 3863 conterriti,
2923 3806 2978 3852 et
3001 3812 3138 3866 pene
3166 3796 3348 3850 animo
3377 3796 3626 3861 alienati,
3656 3804 3716 3850 ut
3759 3797 3833 3850 ir-

2245 3892 2466 3940 ruerent
2507 3886 2561 3941 in
2617 3902 2740 3942 eum
2768 3927 2782 3952 ,
2833 3896 3024 3943 etnon
3059 3888 3301 3942 modeste
3349 3896 3446 3941 aut
3484 3886 3680 3942 leviter
3706 3902 3835 3957 sug-

2246 3984 2515 4045 gererent,
2544 3976 2638 4031 sed
2662 3976 3000 4032 turbulenter
3025 3978 3355 4033 suscitarent
3382 3992 3530 4041 eum,
3551 3977 3829 4033 dicentes:

2249 4064 2492 4130 Domine,
2530 4066 2677 4121 salva
2722 4084 2847 4133 nos,
2872 4069 3124 4137 perimus.
3153 4067 3199 4124 Ο
3220 4069 3386 4132 beati,
3430 4084 3465 4122 ο
3490 4084 3710 4124 veraces
3742 4069 3835 4124 Dei

2249 4155 2527 4226 discipuli,
2591 4157 2880 4213 Dominum
2950 4158 3288 4216 Salvatorem
3333 4161 3616 4215 vobiscum
3676 4160 3840 4215 habe-

2249 4248 2341 4310 tis,
2374 4257 2428 4302 et
2461 4248 2761 4317 periculum
2801 4250 3032 4316 timetis;
3068 4251 3181 4306 vita
3212 4251 3492 4306 vobiscum
3532 4259 3617 4306 est
3668 4260 3722 4306 et
3774 4252 3841 4306 de

2250 4349 2425 4394 morte
2480 4339 2695 4394 solliciti
2739 4340 2891 4396 estis.
2919 4341 3195 4397 Suscitaut
3241 4342 3528 4397 Dominum
3572 4343 3841 4412 discipuli,

2252 4445 2321 4485 ne
2357 4446 2421 4486 eo
2450 4431 2750 4486 dormiente
2804 4430 3059 4488 ﬂuctuum
3109 4434 3323 4490 feritate
3370 4446 3603 4505 pereant
3656 4456 3669 4489 :
3716 4438 3840 4506 quia

2254 4521 2407 4591 cujus
2428 4530 2657 4577 mortem
2677 4524 2943 4588 viderant,
2965 4526 3215 4581 maximis
3231 4528 3369 4581 votis
3388 4530 3843 4584 resurrectionem

2254 4614 2597 4681 quaerebant,
2624 4630 2691 4669 ne
2714 4614 2760 4668 si
2787 4615 2992 4669 diutius
3014 4616 3129 4685 ipse
3149 4627 3319 4671 morte
3341 4620 3529 4674 carnis
3551 4620 3842 4688 sopiretur,

2253 4719 2443 4760 eorum
2491 4721 2643 4760 mens
2670 4706 2936 4774 spirituali
2972 4707 3025 4761 in
3058 4717 3378 4777 perpetuum
3412 4719 3593 4764 morte
3624 4712 3841 4780 periret.

2326 4796 2395 4850 Et
2422 4798 2495 4851 ait
2524 4796 2630 4851 illis
2653 4796 2812 4853 Iesus
2836 4815 2853 4852 .'
2884 4799 3026 4865 Quid
3054 4801 3225 4855 timidi
3255 4801 3401 4865 estis,
3432 4801 3661 4856 mediae
3687 4802 3845 4870 ﬁdei?

2257 4889 2440 4960 (Aug.)
2455 4889 2607 4956 Quod
2624 4889 2906 4947 Mattbzeus
2917 4893 3050 4948 dicit
3066 4893 3269 4948 dixisse
3284 4893 3573 4948 Dominum
3598 4911 3612 4945 :
3634 4892 3773 4958 Quid
3783 4892 3842 4945 ti-

2256 4980 2384 5035 midi
2401 4984 2543 5047 estis,
2569 4984 2787 5038 modica:
2806 4984 2973 5053 ﬁdei?
2995 4984 3207 5041 Marcus
3226 4985 3299 5040 ita
3306 4984 3453 5058 ﬁicit
3472 5003 3487 5039 :
3515 4984 3661 5050 Quid
3682 4984 3842 5038 timidi

2252 5074 2394 5136 estis,
2419 5073 2635 5127 necdum
2657 5075 2855 5128 habetis
2882 5075 3082 5144 ﬁdem?
3104 5075 3299 5146 (Marc.
3331 5076 3429 5147 tv.)
3458 5076 3613 5130 Illam
3643 5076 3841 5131 scilicet

2253 5162 2572 5231 perlectam,
2595 5166 2741 5220 velut
2759 5181 2983 5235 granum
3004 5168 3228 5237 sinapis.
3254 5167 3365 5222 Hoc
3391 5182 3522 5238 ergo
3544 5176 3607 5221 et
3632 5168 3726 5222 ille
3751 5168 3837 5227 ait,

2255 5256 2473 5310 modica:
2523 5256 2667 5324 ﬁdei.
2728 5257 2904 5313 Lucas
2948 5268 3130 5314 autem
3167 5278 3179 5313 :
3221 5257 3320 5313 Ubi
3368 5270 3440 5314 est
3467 5260 3604 5328 fides
3637 5259 3841 5314 mstra.’

2258 5348 2407 5419 (Luc.
2461 5350 2603 5420 vui.)
2663 5350 2728 5403 Et
2773 5358 2946 5405 totum
2992 5352 3214 5420 quidem
3259 5352 3364 5406 dici
3403 5352 3583 5421 potuit
3629 5395 3640 5405 .
3706 5349 3840 5416 Quid

2256 5440 2427 5493 timidi
2455 5441 2597 5505 estis,
2618 5442 2704 5494 ubi
2730 5451 2805 5495 cst
2827 5441 2960 5509 ﬁdes
2985 5453 3175 5508 vestra,
3207 5443 3426 5497 modica:
3455 5442 3583 5511 ﬁdei
3601 5443 3628 5495 1’
3647 5440 3846 5512 (0rig.)

2257 5532 2411 5589 Unde
2432 5543 2487 5588 ct
2513 5534 2655 5588 aliud
2684 5534 2793 5599 hic,
2825 5533 2968 5589 aliud
3000 5534 3089 5588 ille
3115 5543 3528 5590 commemorat.
3554 5534 3614 5588 Si
3650 5544 3845 5603 puteu-

2257 5639 2365 5684 tem
2396 5644 2483 5686 me
2496 5611 2669 5699 super
2696 5639 2899 5684 terram
2927 5631 3280 5700 cognovistis,
3306 5645 3475 5700 quare
3495 5645 3602 5685 non
3626 5628 3850 5684 creditis

2256 5725 2396 5793 quod
2425 5734 2480 5779 et
2523 5725 2577 5777 in
2627 5726 2760 5778 mari
2801 5733 2993 5793 potens
3023 5725 3180 5779 sum?
3222 5723 3280 5779 Si
3324 5725 3491 5778 Deum
3524 5737 3610 5776 me
3638 5734 3761 5775 esse
3789 5730 3848 5776 et

2258 5827 2557 5871 creatorem
2597 5817 2836 5869 manium
2886 5815 3232 5885 suscepistis,
3264 5831 3432 5884 quare
3464 5829 3570 5868 non
3623 5811 3853 5869 creditis
