3978 6190
113 331 232 389 865

1103 332 1457 389 COMMENT.
1497 334 1563 389 IN
1600 336 2039 395 MATl'lli-EUM.
2082 374 2150 384 ——
2191 344 2316 400 LIB.
2358 347 2442 401 lll.

3310 356 3416 412 866

114 445 270 516 quod
296 459 360 499 ea
392 458 511 513 qua:
542 459 572 497 a
600 456 685 498 me
726 443 867 498 facta
897 451 1024 498 sunt
1067 445 1121 499 in
1162 461 1279 502 mea
1310 446 1535 502 habeam
1563 456 1689 518 pote
1746 452 1799 511 Α
1827 456 2193 519 terpretantur
2268 456 2320 509 in
2390 458 2590 511 mundo
2662 459 3093 527 persecutionem
3173 460 3419 520 ﬁdelibus

114 537 299 593 state?
320 536 501 603 Quare
528 549 657 605 ergo
679 533 917 601 dubitas,
933 535 1126 604 pusille
1156 536 1316 592 ﬁdei?
1343 538 1444 605 Qui
1465 539 1717 609 pusillum

116 631 321 696 credit,
359 629 637 701 arguitur;
676 636 731 681 et
771 627 863 697 qui
903 627 1036 682 nihil
1069 630 1275 696 credit,
1324 632 1718 699 contemnitur;

113 721 345 793 fragiles
391 721 445 775 in
486 717 592 773 ﬁde
620 718 1007 788 corripiuntur,
1040 728 1096 773 et
1123 720 1284 775 alieni
1308 723 1530 778 omnino
1559 739 1590 776 a
1617 722 1722 778 ﬁde

112 814 468 885 puniuntur:
509 810 644 867 tales
670 809 889 865 fuerunt
917 808 1089 866 Judtei
1116 821 1171 867 et
1210 814 1446 883 pagani,
1490 814 1722 884 ideoque

113 904 173 957 in
200 903 364 958 malis
386 903 499 957 suis
522 910 897 966 evanuerunt;
928 901 1066 957 tales
1086 902 1251 956 etiam
1279 898 1542 969 haeretici,
1582 904 1722 959 idco-

114 977 227 1064 (μιέ
260 995 316 1048 in
346 994 433 1048 die
455 991 644 1061 judicii
670 992 1090 1047 damnabuntur.
1115 992 1283 1048 Recte
1302 1002 1606 1065 arguuntur
1626 996 1719 1066 qui

112 1094 389 1156 praesente
412 1082 634 1139 Christo
662 1083 945 1149 timebant,
973 1099 1097 1138 cum
1123 1084 1310 1155 utique
1333 1086 1427 1156 qui
1459 1087 1509 1141 ei
1540 1087 1721 1142 adhae-

114 1178 260 1231 serit
307 1176 488 1247 perire
534 1191 641 1231 non
684 1176 873 1246 possit.
931 1175 1028 1231 Cui
1071 1177 1249 1232 simile
1293 1188 1378 1233 est
1410 1180 1554 1249 quod
1596 1188 1720 1249 post

117 1270 320 1325 mortis
358 1284 606 1324 somnum
655 1269 933 1338 discipulis
968 1285 1237 1339 apparens
1263 1272 1590 1340 exprobravit
1633 1272 1719 1325 in-

118 1359 483 1414 credulitatem
521 1358 734 1412 illorum
762 1371 809 1413 et
846 1359 1097 1412 duritiam
1146 1361 1499 1432 cordis,'quia
1521 1361 1601 1416 Itis
1629 1362 1720 1431 qui

122 1452 368 1505 viderant
410 1467 529 1504 cum
562 1451 910 1504 resurrea'isse
935 1491 950 1516 ,
988 1467 1091 1503 non
1138 1451 1470 1506 crediderunt
1521 1452 1716 1525 (Marc.

120 1540 259 1611 xvi).
292 1539 533 1609 Itemque
564 1538 703 1594 dixit
732 1541 798 1595 ad
837 1554 972 1595 eos:
1004 1538 1047 1593 0
1084 1539 1267 1605 stulti,
1306 1551 1353 1594 et
1396 1542 1537 1595 tardi
1565 1543 1720 1597 corde

120 1627 194 1680 ad
220 1627 541 1682 credendum
570 1629 624 1681 in
653 1629 891 1683 erunibus
922 1646 1038 1700 quw
1076 1628 1235 1682 locuti
1274 1640 1394 1683 sunt
1433 1632 1715 1701 prophetat.

123 1718 321 1775 Nonne
347 1721 459 1775 ha'c
502 1721 730 1792 oportuit
758 1723 867 1791 pati
894 1720 1160 1775 Christum
1181 1763 1195 1785 ,
1225 1733 1272 1775 et
1302 1723 1378 1776 ita
1423 1724 1624 1777 intrare
1663 1724 1719 1779 in

115 1813 351 1883 gloriam
379 1816 569 1868 suam?
601 1813 750 1885 (Luc.
791 1814 966 1885 xxiv.)
1012 1815 1091 1871 Ac
1137 1815 1181 1869 si
1212 1829 1309 1885 per
1346 1817 1717 1886 metaphoram
1749 1804 1795 1861 Β

120 1908 333 1979 navigii
383 1908 610 1973 diceret,
645 1906 832 1963 Nonne
856 1908 1097 1978 oportuit
1137 1907 1411 1963 Christum
1435 1909 1717 1978 soporari,

118 2002 288 2056 undis
332 2017 525 2055 navem
556 2001 609 2055 in
637 2016 739 2071 qua
772 2000 1091 2070 quiescebat
1120 2000 1246 2056 hinc
1295 2000 1422 2062 inde
1450 2001 1720 2056 verrenti-

113 2093 246 2158 bus,
276 2103 334 2148 et
364 2093 436 2147 ita
456 2134 470 2157 ,
494 2093 699 2148 sedatis
748 2092 1027 2162 extemplo
1067 2092 1288 2147 tumidis
1317 2092 1588 2163 gurgitum
1616 2107 1717 2147 cn-

120 2185 318 2252 mulis,
348 2184 646 2239 divinitatis
668 2200 780 2239 sua:
808 2184 1023 2239 cunctis
1045 2181 1358 2254 patefacere
1386 2182 1721 2253 potentiam?

201 2276 350 2331 Tunc
362 2293 575 2347 surgens
589 2275 857 2346 imperavit
870 2275 1034 2329 ventis
1048 2285 1093 2329 et
1108 2276 1245 2328 mari
1253 2315 1267 2339 ,
1280 2283 1329 2328 et
1342 2274 1481 2344 facta
1493 2283 1565 2327 est
1580 2283 1722 2327 tran-

110 2368 361 2439 quillitas
375 2384 587 2438 magna.
606 2366 804 2438 (θήρ.)
822 2366 897 2422 De
911 2382 1106 2438 magno
1118 2380 1333 2435 quoque
1343 2373 1505 2419 vento
1519 2372 1577 2418 et
1589 2373 1721 2418 tem-

109 2465 339 2529 pestate
362 2473 574 2528 magna,
610 2457 749 2511 mari
778 2456 1099 2512 contnrbato
1127 2464 1183 2510 et
1207 2454 1452 2519 tumenti,
1479 2454 1620 2509 facta
1635 2460 1722 2508 est

110 2565 324 2621 magna
340 2551 721 2621 tranquillitas.
743 2552 909 2605 Decet
924 2549 1071 2604 enim
1096 2550 1239 2603 hunc
1253 2563 1506 2619 magnum
1527 2563 1720 2620 magna

116 2656 179 2702 et
192 2646 439 2701 miranda
455 2645 657 2710 facere,
677 2644 904 2712 ideoque
917 2643 1076 2712 paulo
1090 2651 1215 2697 ante
1229 2658 1424 2713 magna
1446 2642 1721 2697 accinctus

110 2735 362 2807 potentia
408 2734 695 2806 magniﬁce
717 2733 1065 2790 conturbavit
1085 2732 1411 2803 profundum
1434 2733 1621 2788 maris.
1654 2732 1720 2786 Et

115 2843 266 2881 nunc
282 2826 507 2890 iterum,
528 2825 581 2880 in
607 2840 671 2881 eo
694 2824 810 2895 ipso
822 2825 1112 2881 ostendens
1130 2840 1241 2880 sua:
1265 2824 1719 2895 magniﬁcentiam

114 2917 435 2989 potestatis,
455 2916 902 2987 tranquillitatem
922 2932 1168 2988 magnam
1186 2917 1332 2973 fecit.
1351 2917 1563 2987 (Betim)
1581 2916 1722 2972 Ven-

120 3016 237 3061 tum
252 3007 454 3076 quippe
475 3020 705 3076 surgens
722 3006 1043 3076 increpavit.
1065 3006 1203 3074 Quia
1220 3007 1620 3062 resurrectione
1631 3022 1721 3061 ce-

117 3095 352 3162 lebrata,
377 3095 575 3152 diaboli
603 3098 911 3166 superbiam
941 3097 1163 3163 stravit,
1203 3097 1331 3155 dtun
1361 3112 1459 3167 per
1488 3108 1719 3152 mortem

116 3188 397 3243 destruxit
434 3202 558 3243 eum
597 3188 686 3257 qui
715 3188 948 3245 habebat
987 3190 1179 3243 mortis
1220 3189 1523 3258 imperium.
1558 3189 1718 3244 Tem-

111 3288 393 3350 pestatem
426 3294 640 3350 quoque
667 3295 819 3350 aqua-
866 3294 1095 3350 surgens
1122 3295 1340 3335 cessare
1392 3279 1551 3343 fecit,
1594 3280 1720 3350 quia

113 3383 382 3424 vesanam
414 3366 721 3425 Judaenrum
753 3368 989 3434 rabiem,
1040 3384 1191 3438 qua),
1241 3377 1402 3439 caput
1428 3368 1677 3438 quatiens
1701 3410 1715 3433 ,

113 3458 500 3515 clamaveral:
546 3460 604 3515 Si
646 3458 820 3513 Filius
855 3459 950 3513 Dei
997 3470 1104 3525 est,
1135 3459 1415 3513 descendat
1465 3476 1602 3514 nunc
1653 3459 1719 3513 de

113 3566 280 3605 cruce
305 3590 321 3615 ,
363 3561 412 3604 et
454 3550 713 3605 credimus
755 3554 803 3608 ei
853 3551 1069 3623 (Matth.
1106 3552 1299 3623 xxvn),
1357 3551 1423 3606 dc
1467 3552 1717 3622 sepulcro

117 3640 401 3712 surgendo
450 3640 718 3697 labefecit.
780 3642 881 3698 Ubi
923 3641 1079 3710 juxta
1133 3642 1366 3695 litteram
1415 3642 1717 3715 notandum

115 3731 268 3803 quod
320 3746 508 3789 omnes
548 3744 815 3795 creaturae
866 3734 1103 3789 sentiant
1131 3733 1467 3788 Creatorem.
1509 3734 1718 3800 Quibus

115 3825 267 3879 enim
294 3824 605 3894 increpatur
623 3835 678 3881 et
702 3826 1022 3897 imperatur,
1048 3825 1291 3880 sentiunt
1318 3826 1673 3896 imperantem
1700 3843 1712 3877 :

122 3931 231 3967 non
264 3928 452 3969 errore
479 3914 882 3980 hzereticorum,
911 3918 1002 3986 qui
1032 3916 1214 3971 omnia
1245 3924 1439 3984 putant
1464 3916 1716 3970 animan-

119 4006 198 4059 tia
224 4016 288 4069 ις
315 4004 408 4059 sed
432 4003 715 4074 majestate
743 4008 1058 4071 conditoris,
1090 4022 1210 4078 quae
1235 4007 1376 4077 apud
1408 4022 1507 4062 nos
1533 4008 1718 4063 insen-

117 4098 328 4163 sibilia,
361 4101 434 4156 illi
465 4103 743 4159 sensibilia
775 4114 922 4159 sunt.
1645 4098 1664 4113 ⁸

194 4187 369 4246 Porro
398 4192 629 4249 homines
651 4195 828 4248 mirati
858 4204 1001 4260 sunt,
1028 4195 1256 4249 dicentes
1282 4210 1299 4248 :
1328 4192 1514 4260 Qualis
1535 4204 1608 4249 est
1632 4195 1716 4248 hic

116 4287 245 4356 quia
278 4290 412 4342 venti
438 4298 485 4342 et
513 4305 657 4343 mare
688 4290 933 4344 obcdiunt
964 4290 1052 4344 ei?
1083 4288 1356 4361 (llieron.)
1387 4288 1504 4344 Non
1557 4289 1718 4344 disci-

117 4378 256 4448 puli,
283 4379 380 4433 sed
425 4388 636 4443 nautas,
670 4390 728 4434 ct
754 4380 937 4435 caueri
983 4381 1073 4451 qui
1104 4381 1159 4434 in
1205 4379 1327 4433 navi
1352 4387 1510 4434 erant
1551 4380 1716 4434 mira-

1820 542 2120 598 cxcitantes
2147 563 2159 596 :
2188 546 2261 598 ita
2288 556 2341 598 ut
2375 547 2614 601 navicula
2652 549 2943 619 aperiretur
2970 551 3240 620 ﬂuctibus,
3292 557 3418 624 quia

1822 631 1929 687 hoc
1955 633 2270 689 desiderant
2299 637 2539 704 Spiritus
2566 638 2856 705 immundi,
2894 641 2998 695 hoc
3026 643 3273 699 homines
3315 647 3418 701 iui-

1822 721 1936 790 qui,
1969 730 2030 776 ut
2060 722 2326 790 Ecclesia,
2358 724 2612 809 gravibus
2638 729 2911 795 pressuris
2940 740 3191 800 superata
3213 773 3227 797 ,
3271 750 3417 788 mer-

1822 822 2003 880 gatur.
2050 812 2158 868 Sed
2204 813 2330 869 licet
2367 814 2527 871 Jesus
2556 817 2814 872 auxilium
2843 820 2911 873 ad
2953 830 3164 891 tempus
3210 825 3420 878 subtra-

1823 905 2003 960 hendo
2052 906 2295 962 dormire
2342 908 2618 974 videatur,
2666 912 2919 980 precibus
2967 922 3145 968 tamen
3179 915 3419 971 honestis

1822 999 2119 1054 suscitatur
2175 1010 2232 1055 et
2274 1001 2635 1069 malignorum
2693 1003 2978 1073 Spiritunm
3046 1005 3417 1062 incitationem

1822 1090 2142 1158 compescit,
2175 1098 2230 1145 et
2260 1099 2670 1160 persecutorum
2705 1094 2880 1148 minas
2922 1095 3206 1150 mitescere
3244 1096 3406 1161 facit;

1821 1181 1897 1235 ita
1929 1190 1987 1235 ut
2029 1181 2124 1236 ﬁat
2152 1185 2515 1254 tranquillitas
2545 1201 2737 1257 magna
2764 1228 2779 1251 ,
2826 1202 2960 1256 pace
3008 1188 3262 1244 Ecclesiae
3308 1205 3421 1245 suae

1821 1271 2031 1326 reddita
2054 1313 2068 1337 ,
2114 1284 2386 1342 quatenus
2414 1291 2674 1345 prospero
2700 1292 2861 1332 cursu
2888 1277 3050 1333 llante
3080 1295 3210 1333 aura
3249 1280 3419 1350 Spiri-

1823 1369 1909 1414 tus
1953 1362 2147 1427 sancti,
2174 1363 2239 1417 ad
2264 1372 2505 1433 optatum
2528 1373 2743 1419 acterna:
2769 1366 2967 1436 quietis
2994 1377 3207 1437 portum
3248 1371 3419 1438 possit

1822 1466 2014 1507 secura
2058 1454 2367 1523 pervenire.
2415 1454 2600 1526 (RAB.)
2651 1456 2975 1527 Theologice
3016 1465 3279 1513 autemet
3319 1475 3417 1512 nos

1822 1545 2019 1616 singuli
2064 1546 2334 1602 catholica
2377 1546 2482 1601 ﬁde
2516 1548 2801 1613 instructi,
2849 1556 2904 1603 et
2936 1549 3091 1619 signo
3121 1548 3418 1602 Dumiuicu:
3498 1614 3505 1621 ν

1823 1638 2001 1693 erucis
2025 1639 2240 1706 imbuti,
2273 1639 2400 1694 dum
2431 1640 2687 1695 saeculum
2712 1640 3019 1709 relinquere
3046 1642 3380 1711 disponimus
3400 1683 3414 1704 ,

1823 1745 2018 1784 navem
2041 1729 2284 1799 profecto
2309 1745 2431 1784 cum
2460 1729 2589 1785 Jesu
2608 1731 3044 1796 conscendimus,
3064 1746 3213 1784 mare
3240 1740 3418 1786 trans—

1822 1821 1905 1877 ire
1962 1836 2243 1875 conamur.
2289 1819 2395 1875 Sed
2424 1821 2512 1891 qui
2542 1836 2646 1873 non
2675 1820 2979 1873 dormitabit
3022 1836 3184 1890 neque
3222 1820 3415 1873 obdor-

1820 1913 1943 1966 miet
1996 1910 2168 1966 Israel
2214 1910 2511 1965 custodiens
2558 1907 2735 1981 (Psal.
2783 1908 2910 1981 cxx)
2962 1925 3211 1980 semper,
3261 1911 3418 1966 nobis

1821 2016 2004 2061 tamen
2034 2021 2176 2075 saepe
2210 2003 2590 2075 navigantibus
2612 2003 2765 2071 quasi
2790 2002 2934 2056 inter
2962 2002 3197 2071 aequoris
3226 2000 3415 2056 fremi-

1821 2104 1908 2150 tus
1971 2094 2280 2160 obdormit,
2333 2092 2551 2162 quando
2593 2092 2975 2146 crebrescente
3018 2092 3164 2146 inter
3208 2091 3416 2147 medios

1819 2188 2080 2242 virtutum
2112 2187 2265 2241 nisus
2289 2186 2373 2238 vel
2411 2185 2810 2253 immundorum
2846 2184 3157 2254 spirituum,
3188 2184 3274 2239 vel
3322 2185 3418 2240 ho-

1820 2279 2027 2332 minum
2052 2292 2365 2348 pravorum,
2405 2275 2489 2330 vel
2533 2275 2650 2343 ipso
2688 2284 2999 2330 nostrarum
3026 2276 3414 2347 cogitationum

1822 2368 2024 2439 impetu
2044 2409 2059 2432 ,
2106 2367 2231 2422 ﬁdei
2261 2366 2516 2436 splendor
2538 2354 2957 2428 obtenébrescit,
3008 2367 3121 2436 spei
3151 2367 3414 2424 celsitudo

1821 2457 2179 2523 contabescit,
2208 2458 2411 2512 amoris
2439 2455 2657 2512 ﬁamma
2684 2456 3005 2528 refrigescit.
3040 2458 3236 2513 Verum
3272 2459 3415 2515 inter

1820 2548 2192 2618 hujuscemodi
2216 2548 2483 2618 procellas
2507 2551 2574 2603 ad
2599 2547 2747 2602 illum
2780 2563 3004 2603 necesse
3031 2557 3115 2603 est
3144 2550 3415 2619 guberna-

1821 2650 1997 2698 torem
2037 2656 2324 2698 curramus
2350 2682 2365 2706 ,
2408 2641 2562 2697 illum
2592 2640 2778 2696 sedulo
2807 2640 3135 2705 excitemus,
3163 2642 3257 2711 qui
3305 2656 3411 2696 non

1820 2732 2022 2787 serviat
2047 2731 2141 2787 sed
2169 2732 2395 2800 imperet
2442 2731 2655 2794 ventis,
2687 2746 2811 2786 mox
2856 2739 3207 2801 tempestates
3264 2747 3414 2785 cum-

1819 2830 2034 2891 pcscet,
2077 2820 2327 2877 refundet
2348 2821 2817 2891 tranquillitatem,
2848 2829 3065 2892 portum
3107 2822 3297 2877 salutis
3325 2822 3413 2876 in--

1820 2914 2079 2984 dulgebit.
2096 2913 2671 2986 (Beda.)Admiremur
2696 2922 2751 2969 et
2772 2930 2890 2980 nos,
2918 2915 3136 2985 quando
3160 2914 3411 2983 benigni-

1821 3017 1960 3066 tates
1986 3018 2042 3063 et
2079 3007 2483 3062 benevolentias
2525 3007 2763 3063 ostendit
2787 3007 2935 3063 circa
2962 3022 3093 3073 nos,
3124 3006 3340 3077 quando
3378 3024 3412 3063 a
3470 3016 3481 3025 ‘

1822 3101 2079 3173 periculis
2104 3116 2204 3157 nos
2227 3099 2437 3156 salvare
2460 3101 2733 3171 dignatur,
2764 3100 2980 3172 quando
3001 3100 3068 3156 de
3093 3099 3412 3155 tumultibus

1824 3206 1924 3246 nos
1957 3190 2174 3257 liberat,
2202 3191 2420 3261 quando
2445 3190 2513 3244 ab
2544 3190 2780 3246 inimicis
2808 3191 2952 3245 eruit
2986 3205 3085 3246 nos
3105 3231 3120 3257 ,
3149 3190 3411 3247 miremur

1822 3293 1878 3337 et
1905 3283 2166 3337 mirantes
2189 3281 2393 3352 gratias
2413 3297 2656 3353 agamus.
2691 3282 2977 3352 Sequitur:

1892 3372 1960 3428 Et
1988 3389 2106 3427 cum
2133 3373 2350 3427 venisset
2380 3382 2527 3427 trans
2553 3373 2742 3442 fretum
2760 3413 2776 3438 ,
2803 3374 2858 3427 in
2899 3374 3159 3444 regionem
3190 3371 3411 3430 Gerase-

1821 3481 2029 3519 norum.
2086 3462 2223 3536 [γι]
2273 3463 2477 3519 Gerasa
2525 3463 2655 3518 urbs
2700 3464 2930 3535 insignis
2972 3463 3226 3529 Arabire,
3259 3473 3411 3520 trans

1818 3559 2108 3616 Iordanem
2132 3600 2147 3626 ,
2174 3557 2364 3627 juncta
2393 3558 2562 3613 monti
2589 3556 2817 3623 Calaad,
2844 3573 3005 3628 quem
3036 3559 3207 3612 tenuit
3238 3559 3412 3613 tribus

1819 3650 2125 3715 Manasscs,
2158 3665 2266 3704 non
2314 3649 2472 3719 longe
2500 3664 2533 3703 a
2563 3657 2755 3719 stagno
2797 3647 3105 3725 Tiberiadis
3122 3688 3137 3713 ,
3183 3649 3235 3701 in
3268 3649 3411 3717 quod

1817 3745 1967 3815 porci
2017 3743 2339 3813 praecipitati
2390 3748 2538 3795 sunt.
2589 3740 2873 3810 Signiﬁcat
2926 3747 3107 3793 autem
3157 3740 3409 3793 nationes

1818 3837 2092 3907 gentium,
2141 3848 2277 3903 quas
2305 3839 2428 3901 post
2469 3830 2738 3900 passionis
2766 3844 3013 3883 somnum
3050 3829 3407 3883 resurrectio-

1817 3927 2011 3995 nisque
2036 3938 2147 3979 sua:
2172 3922 2423 3993 gloriam,
2453 3918 2636 3974 missis
2659 3916 3129 3987 prmdicatoribus,
3160 3914 3411 3971 Salvator

1817 4025 1903 4072 est
1928 4014 2148 4069 visitare
2175 4013 2447 4082 dignatus.
2476 4009 2629 4065 Unde
2656 4009 2792 4063 bene
2817 4007 3019 4064 Gerasa
3044 4007 3129 4061 vel
3158 4007 3407 4079 Gergesi,

1817 4115 1877 4162 ut
1907 4106 2125 4177 quidam
2149 4104 2355 4168 volunt,
2387 4101 2629 4156 colonum
2664 4101 2896 4169 ejiciens,
2938 4099 3026 4156 vel
3054 4099 3252 4153 advena
3279 4114 3406 4169 pro—

1815 4203 2076 4272 pinquans
2118 4199 2504 4267 interpretatur
2555 4215 2567 4250 :
2624 4195 2908 4259 videlicet,
2958 4195 3238 4250 insinuans
3279 4195 3407 4265 quia

1815 4291 2057 4361 gentium
2084 4288 2314 4358 populus
2344 4296 2399 4342 et
2423 4301 2546 4343 eum
2579 4302 2610 4341 a
2653 4300 2760 4357 quo
2788 4286 3039 4355 nequiter
3071 4285 3410 4341 incolebatur

1817 4384 2029 4437 hostem
2073 4380 2187 4435 suis
2218 4379 2283 4434 de
2312 4379 2568 4433 cordibus
2596 4376 2836 4446 ejecerit,
2864 4384 2919 4431 et
2948 4376 3039 4445 qui
3065 4385 3184 4431 erat
3227 4376 3404 4447 longe,

115 4470 342 4524 bantur.
379 4467 474 4523 Sin
502 4479 683 4524 autem
709 4471 833 4540 quis
868 4470 1209 4526 contentiose
1240 4468 1469 4524 voluerit
1498 4483 1591 4524 eos
1618 4469 1711 4539 qui
1740 4508 1792 4566 Β
1818 4472 1996 4527 factus
2018 4470 2088 4524 sit
2113 4483 2277 4540 prope
2306 4469 2359 4522 in
2394 4468 2653 4538 sanguine
2683 4467 2903 4522 Christi.

118 4564 467 4619 mirabantur
493 4563 659 4621 fuisse
687 4566 982 4635 discipulos
999 4608 1014 4630 ,
1066 4565 1508 4637 respondebimus
1560 4574 1709 4620 recte

116 4655 709 4727 hominesappellatos,
732 4657 857 4727 quia
874 4657 1106 4712 necdum
1128 4656 1426 4726 potentiam
1449 4657 1709 4709 noverant

117 4744 447 4801 Salvatoris.
481 4746 816 4802 Mirahantur
859 4747 1121 4811 dicentes,
1150 4745 1336 4813 Qualis
1364 4753 1449 4800 est
1473 4746 1571 4799 iste
1615 4746 1709 4815 qui

114 4837 262 4896 sicut
286 4837 449 4893 homo
467 4838 702 4905 videtur,
724 4847 779 4894 et
805 4839 945 4894 sicut
968 4838 1113 4892 Deus
1133 4837 1429 4906 potentiam
1450 4836 1705 4901 ostendit;

112 4928 263 4984 sicut
292 4943 436 4984 unus
464 4929 759 4984 carnalium
789 4937 1011 4999 putatur
1039 4943 1159 4984 esse
1178 4968 1194 4993 ,
1238 4936 1292 4983 et
1336 4943 1500 4998 super
1526 4928 1708 4983 omnia

113 5018 360 5074 carnalia
386 5020 625 5092 ostendit
665 5020 934 5075 mirabilia
982 5038 995 5072 :
1028 5020 1228 5075 dormit
1253 5019 1393 5074 sicut
1431 5019 1626 5084 homo,
1654 5027 1711 5074 et

113 5112 356 5181 imperat
382 5111 519 5166 mari
542 5119 598 5165 et
619 5113 795 5167 ventis
813 5112 955 5168 sicut
976 5111 1151 5177 Deus;
1180 5112 1235 5165 in
1259 5110 1505 5167 navicula
1532 5109 1703 5174 sedet,

114 5210 165 5256 ej
224 5216 442 5257 omnem
499 5209 806 5257 creaturam
852 5201 1099 5271 jussione
1156 5200 1381 5255 inclinat
1428 5200 1519 5255 ubi
1551 5199 1709 5253 vult?

117 5289 416 5362 (MAURUS.)
466 5290 604 5347 Sunt
652 5292 744 5361 qui
789 5293 929 5348 hanc
972 5291 1277 5345 naviculam
1344 5305 1506 5359 quam
1550 5287 1708 5345 Jesus

119 5396 239 5436 cum
269 5382 549 5451 discipulis
572 5383 686 5438 suis
708 5383 1047 5449 conscendit,
1078 5381 1366 5453 allegorice
1388 5388 1706 5451 praesentem

120 5471 423 5529 Ecclesiam
468 5473 762 5544 signiﬁcari
806 5474 1022 5540 volunt,
1074 5474 1127 5528 in
1156 5489 1262 5545 qua
1307 5471 1556 5528 Salvator
1583 5487 1706 5527 cum

121 5562 404 5633 discipulis
449 5564 563 5620 suis
615 5580 765 5621 mare
815 5566 973 5621 istius
1018 5565 1201 5621 szeculi
1252 5565 1485 5620 transire
1538 5565 1703 5635 cupit.

116 5653 327 5711 Ventos
352 5655 407 5710 in
437 5671 589 5712 mare
616 5664 995 5728 tempestatem
1025 5658 1305 5724 facientes,
1338 5657 1608 5713 dazmones
1628 5657 1710 5711 in-

1890 4562 2245 4617 Occurrerunt
2269 4562 2316 4615 ei
2342 4561 2447 4615 duo
2470 4560 2713 4615 habentes
2739 4560 3021 4614 dwmonia.
3047 4560 3229 4632 (.dug.)
3253 4560 3405 4628 Quod

1817 4668 1946 4709 vero
1972 4652 2254 4707 Matthams
2284 4652 2419 4707 duos
2447 4653 2578 4708 dicit
2612 4667 2642 4705 a
2671 4652 2975 4707 daemonum
3008 4653 3215 4722 legione
3241 4669 3404 4708 cura—

1818 4754 1931 4810 tos,
1962 4743 2177 4799 Marcus
2218 4752 2398 4798 autem
2442 4752 2498 4798 et
2542 4743 2717 4799 Lucas
2743 4759 2909 4798 unum
2939 4754 3400 4810 commemorant,

1817 4837 2088 4907 intelligas
2115 4851 2283 4890 unum
2323 4852 2511 4891 eorum
2543 4836 2708 4893 fuisse
2749 4852 2998 4908 persona:
3027 4837 3253 4907 alicujus
3296 4839 3405 4893 cla-

1816 4929 1979 4985 rioris
2005 4936 2062 4984 et
2100 4927 2440 4993 famosioris,
2486 4944 2647 4998 quem
2693 4930 2840 4999 regio
2869 4929 2959 4983 illa
2990 4930 3226 4984 maxime
3253 4930 3403 4985 dole-

1818 5021 1934 5086 bat,
1972 5029 2028 5076 et
2056 5036 2155 5092 pro
2189 5020 2345 5090 cujus
2389 5020 2564 5076 salute
2603 5020 2894 5089 plurimum
2936 5021 3235 5090 satagebat.
3289 5019 3402 5073 [loc

1816 5111 2060 5166 volentes
2087 5110 2396 5182 signiﬁcare
2421 5111 2529 5166 duo
2557 5110 2927 5181 evangelistm,
2961 5108 3135 5164 solum
3164 5122 3401 5161 comme-

1814 5199 2137 5256 morandum
2164 5199 2547 5268 judicaverunt
2571 5241 2587 5266 ,
2635 5200 2701 5255 de
2743 5214 2850 5270 quo
2890 5198 3017 5253 laeti
3054 5196 3212 5265 hujus
3254 5194 3398 5249 fama

1814 5290 1975 5346 latius
2002 5290 2423 5361 prazclariusque
2447 5289 2782 5362 ﬂagraverat.
2815 5285 3027 5359 (Βεάα.)
3054 5284 3161 5339 Sed
3184 5294 3239 5338 et
3264 5284 3398 5338 alle-

1814 5381 1981 5454 goriae
2007 5396 2218 5437 summa
2254 5382 2547 5437 concordat
2579 5401 2591 5436 :
2629 5382 2755 5452 quia
2787 5382 2925 5435 sicut
2953 5393 3093 5431 unus
3120 5392 3152 5430 a
3202 5377 3406 5431 daemo-

1811 5471 1904 5526 nio
1931 5486 2234 5541 possessus,
2276 5472 2356 5526 sie
2382 5480 2437 5526 et
2470 5472 2577 5527 duo
2602 5470 2816 5542 gentilis
2843 5468 3024 5538 populi
3063 5475 3249 5537 typum
3290 5481 3399 5520 non

1813 5562 2259 5618 iuconvenienter
2284 5562 2612 5631 exprimunt.
2644 5559 2778 5614 Nam
2807 5573 2930 5613 cum
2961 5566 3071 5611 tres
3102 5554 3241 5610 ﬁlios
3286 5554 3397 5609 Noe

1813 5655 2192 5727 generaverit,
2236 5654 2398 5709 unius
2447 5653 2619 5710 solum
2651 5649 2855 5706 familia
2899 5648 2953 5702 in
3000 5646 3400 5717 possessionem

188 5781 219 5813 ι
243 5770 470 5829 Addunt
493 5773 713 5845 quidam
743 5790 874 5833 mss.
907 5773 1175 5831 sensibilia
1214 5790 1367 5841 esse;
1398 5772 1487 5830 alii
1522 5788 1554 5828 e
1582 5772 1881 5843 contrario,
1910 5770 2232 5828 insensibilia
2253 5787 2381 5827 esse.
