3978 6190
643 288 746 345 ὃῧἹ

1313 280 1373 332 Β.
1414 274 1679 343 ΙὶᾹΒΑΝΙ
1703 270 1922 328 MAURI
1959 264 2232 324 AliClllEl

2333 264 2619 322 dOGUNT.
2662 261 2945 319 OPERUM
2984 260 3162 316 PARS
3197 261 3235 315 l.

620 398 918 455 adseitaest
946 391 1059 445 Dei.
1092 390 1169 444 Et
1199 362 1406 440 duobus
1429 384 1651 453 reliquis
1676 381 2009 436 diversarum
2040 377 2212 430 natio-
2242 381 2287 435 Α
2316 382 2437 442 post
2462 374 2684 426 multant
2727 372 2986 441 temporis
3010 371 3287 426 dominum
3317 387 3475 429 suum
3500 372 3753 435 videant,
3789 377 3910 430 nihil

645 503 794 552 num,
824 497 944 554 quae
973 479 1127 534 idolis
1153 476 1607 546 manciparemur,
1655 468 1925 543 procreati
1955 473 2082 522 sunt
2124 480 2219 535 po-

645 576 773 647 prii.

714 668 790 721 De
812 662 1158 718 monumentis
1180 668 1423 714 exeuntes
1445 654 1764 721 sa'vijnimis.
1791 647 2081 724 (MAURUS.)
2110 645 2222 701 lloc

643 768 726 814 est
773 755 1036 811 malorum
1079 766 1304 822 cperam
1352 750 1651 806 nuditatem
1706 760 1802 816 per
1844 755 2074 810 corpora
2125 752 2220 792 sua

643 846 1009 902 ostendentes.
1058 841 1196 908 Quid
1238 841 1384 896 enim
1425 846 1553 894 sunt
1599 849 1826 906 corpora
1856 830 2218 903 perﬁdorum,

645 941 746 995 nisi
778 938 1020 1008 quasdam
1049 933 1427 990 defunctorum
1457 929 1728 999 sepulcra,
1777 926 1831 979 in
1869 922 2065 997 quibus
2114 934 2221 974 non

645 1029 737 1085 Dei
771 1026 979 1083 habitat
1019 1038 1233 1087 sermo,
1266 1022 1358 1076 sed
1384 1019 1560 1074 anima
1606 1014 1844 1087 peccatis
1882 1017 2095 1067 mortua
2137 1023 2221 1063 re-

646 1118 881 1173 cluditur
904 1117 927 1168 ?

716 1209 803 1262 Ila
835 1218 890 1261 ut
922 1222 1068 1262 nemo
1116 1213 1286 1275 posset
1316 1202 1542 1256 transire
1568 1216 1660 1270 per
1686 1196 1835 1251 illam
1881 1196 2037 1249 viam.
2085 1191 2224 1246 Ante

648 1301 933 1353 adventum
963 1311 1092 1368 ergo
1122 1293 1450 1358 Salvatoris,
1484 1288 1766 1361 prophetis
1794 1294 1850 1341 et
1886 1283 2091 1342 sanctis
2125 1283 2221 1336 (lo—

647 1391 889 1445 ctoribus
943 1387 1085 1442 invia
1143 1385 1418 1456 gentilitas
1462 1383 1590 1445 fuit,
1641 1379 1768 1450 quia
1797 1375 2000 1433 saevitia
2027 1371 2225 1427 furoris

646 1482 762 1550 ejus
789 1479 1039 1547 cuiquam
1067 1492 1253 1532 eorum
1279 1474 1498 1529 obedire
1526 1469 1817 1527 recusavit.
1847 1466 1954 1521 Sed
1998 1479 2098 1520 nec
2123 1463 2227 1519 bu-

648 1570 821 1624 manis
850 1568 1057 1640 legibus
1081 1568 1455 1635 obtemperare
1483 1561 1718 1616 volebat.
1757 1558 1907 1613 Unde
1933 1563 1986 1611 et
2008 1554 2226 1609 Marcus

649 1662 779 1715 dicit
824 1659 967 1729 quod
1001 1672 1176 1728 neque
1209 1655 1416 1711 catenis
1447 1653 1558 1722 jam
1587 1651 1874 1723 quisquam
1902 1648 2075 1717 ipsum
2118 1644 2225 1699 dit:-

2320 461 2462 516 aliud
2501 461 2605 515 nisi
2639 460 2706 516 de
2748 460 3063 516 verberibus
3092 460 3480 530 deprecantur;
3524 463 3605 517 sic
3629 474 3691 518 et
3716 464 3908 519 damo-

2320 568 2436 617 nes,
2478 562 2763 607 cernentes
2810 550 3095 606 Dominum
3125 551 3179 606 in
3223 552 3382 607 terris
3409 563 3636 623 repente
3685 556 3910 617 versari,

2320 644 2386 701 ad
2421 643 2743 715 iudicandos
2772 659 2830 700 se
2858 643 3072 701 venisse
3100 643 3411 700 credebant.
3442 645 3750 702 Praesentia
3803 646 3913 701 Sal-

2319 733 2524 789 vatoris
2558 741 2825 789 tormenta
2863 741 2989 788 sunt
3028 733 3351 792 daemonum.
3394 734 3763 807 Ridiculeque
3815 751 3912 806 pu-

2322 830 2439 879 tant
2464 823 2677 893 quidam
2708 822 2980 878 daemones
3020 824 3161 881 seire
3187 821 3384 878 Filium
3417 824 3513 880 Dei
3554 833 3612 880 et
3636 825 3910 880 diabolum

2321 914 2593 984 ignorare,
2636 928 2702 969 eo
2739 907 3155 984 quod'minoris
3198 914 3419 971 malitias
3447 915 3557 971 sint
3600 915 3695 970 isti
3753 932 3909 987 quam

2322 1003 2431 1067 ille,
2479 1002 2632 1071 cuius
2678 1003 2942 1059 satellites
2989 1012 3119 1059 sunt
3150 1023 3163 1058 :
3195 1019 3318 1060 cum
3357 1005 3533 1061 omnis
3572 1005 3813 1059 scientia
3848 1010 3909 1061 ad

2324 1093 2638 1164 magistrum
2668 1092 2948 1151 referenda
2974 1097 3047 1151 sit
3074 1092 3456 1165 discipulorum
3484 1102 3539 1148 et
3563 1103 3679 1149 tam
3707 1094 3907 1150 daemo-

2324 1197 2422 1237 nes
2449 1198 2608 1252 quam
2636 1182 2881 1238 diabolus
2905 1184 3168 1254 suspicari
3197 1185 3370 1255 magis
3396 1184 3590 1239 Filium
3622 1186 3725 1240 Dei
3753 1202 3904 1258 quam

2325 1288 2481 1329 nosse
2506 1273 2836 1343 intelligendi
2863 1283 3009 1329 sunt.
3040 1273 3209 1328 Nemo
3234 1275 3369 1328 enim
3396 1276 3533 1331 novit
3562 1273 3791 1329 Patrem
3812 1279 3905 1330 nisi

2327 1363 2373 1415 F
2379 1364 2520 1429 ilius,
2546 1375 2593 1418 et
2619 1367 2703 1418 cui
2730 1361 2906 1418 Filius
2939 1364 3154 1419 voluerit
3183 1364 3425 1418 revel‘are.
3460 1364 3601 1430 Quid
3622 1367 3801 1430 nobis,
3829 1368 3899 1420 in-

2325 1455 2536 1524 quiunt,
2574 1462 2622 1508 et
2657 1452 2771 1519 tibi,
2800 1451 2929 1508 Iesu
2960 1452 3068 1507 Fili
3095 1453 3193 1508 Dei
3228 1467 3245 1505 :
3280 1454 3484 1510 clarum
3522 1454 3577 1508 in
3614 1456 3705 1509 his
3733 1456 3900 1511 verbis

2325 1549 2542 1618 quodin
2566 1549 2647 1603 eis
2668 1556 2874 1603 tantum
2899 1549 3125 1605 scientia
3150 1556 3347 1604 eratet
3371 1549 3610 1605 Charitas
3630 1566 3741 1605 non
3772 1562 3896 1605 erat-

2326 1640 2550 1696 Poenam
2578 1656 2729 1697 suam
2754 1642 2950 1713 quippe
2978 1641 3340 1697 formidabant
3368 1642 3437 1697 ab
3462 1643 3572 1711 illo,
3602 1659 3707 1698 non
3738 1645 3797 1699 in
3823 1645 3898 1699 illa

651 1725 953 1807 moniacum
980 1725 1189 1820 poterat
1214 1748 1416 1818 ligare,
1443 1745 1567 1814 quia
1607 1757 1749 1813 saepe
1788 1736 2133 1808 compedibus
2165 1742 2222 1789 et
2249 1728 2294 1786 B
2315 1729 2584 1798 justitiam
2612 1732 2918 1803 diligebant.
2937 1731 3165 1787 Tantum
3194 1725 3326 1805 ergo
3348 1733 3428 1788 eis
3458 1734 3706 1802 innotuit,
3734 1751 3895 1806 quan-

650 1844 857 1898 catenis
904 1842 1119 1896 vinctus
1170 1838 1489 1907 disrupisset
1534 1842 1792 1896 catenas,
1839 1839 1895 1886 et
1938 1826 2223 1901 compedes

652 1932 1082 1996 comminuisset,
1105 1937 1159 1985 et
1184 1943 1342 1983 nemo
1364 1934 1575 1998 poterat
1597 1940 1718 1980 eum
1745 1924 1984 1979 domare.
2009 1918 2226 1976 Catenis

651 2036 704 2080 et
748 2021 1094 2092 compedibus
1143 2034 1336 2091 graves
1381 2026 1437 2073 et
1478 2018 1627 2073 durae
1666 2016 1813 2086 leges
1854 2011 2227 2085 signiﬁcantur

606 2098 607 2101 η
645 2113 1110 2190 gentium,quibus
1126 2111 1247 2166 etin
1267 2122 1456 2165 eorum
1473 2106 1636 2160 rebus
1653 2102 1881 2174 publicis
1898 2108 2120 2170 peccata
2133 2112 2227 2190 co-

646 2187 922 2264 hibentur.
948 2201 1250 2270 Ruptisque
1269 2196 1508 2262 catenis,
1527 2203 1588 2251 ut
1603 2194 1779 2249 Lucas
1796 2190 2009 2257 scribit,
2030 2187 2229 2257 ageba-
2264 2188 2276 2207 '

651 2302 738 2346 tur
783 2308 813 2345 a
844 2290 1107 2346 daemonio
1152 2291 1208 2344 in
1254 2290 1488 2345 deserto.
1522 2287 1622 2355 Qui
1668 2288 1830 2342 etiam
1875 2286 2226 2358 transgressis

649 2381 855 2452 legibus
884 2380 949 2435 ad
974 2395 1038 2434 ea
1067 2377 1269 2434 scelera
1295 2378 1590 2449 cupiditate
1612 2377 1930 2442 ducebatur,
1957 2391 2077 2447 quae
2112 2376 2225 2447 jam

650 2472 922 2541 vulgarem
957 2469 1401 2525 consuetudinem
1427 2469 1766 2525 excederent.
1796 2466 1978 2540 (Aug.)
2004 2467 2116 2524 Nec
2147 2469 2223 2525 in.

650 2560 1034 2615 convenienter
1063 2559 1167 2615 dici
1196 2566 1400 2629 potest,
1442 2559 1586 2630 quod
1620 2561 1725 2615 duo
1752 2559 1839 2613 isti
1863 2559 2110 2614 homines
2135 2560 2225 2629 qui

651 2666 680 2705 a
712 2651 1042 2706 daemonibus
1087 2650 1444 2713 vexabantur,
1495 2649 1719 2722 ﬁguram
1761 2658 1956 2721 gerunt
2000 2649 2226 2703 duorum

653 2740 972 2811 populorum
1023 2738 1329 2794 Iudaeorum
1360 2746 1415 2795 et
1460 2739 1698 2809 gentium
1746 2757 1761 2791 ε
1793 2738 1919 2809 quia
1951 2751 2121 2807 usque
2159 2737 2227 2791 ad

654 2841 894 2902 tempora
938 2829 1233 2885 Dominiete
1286 2828 1711 2893 incarnationis,
1749 2826 2030 2882 diabolieis
2085 2825 2225 2880 illusi

652 2922 947 2987 doctrinis‘,
994 2928 1181 2993 gentes
1208 2920 1349 2975 idola
1392 2918 1641 2974 colebant
1668 2932 1766 2987 pro
1802 2915 1944 2982 Deo,
1975 2925 2029 2971 et
2057 2915 2228 2971 Judaei

2330 1831 2441 1876 tum
2464 1822 2650 1877 voluit.
2681 1821 2911 1878 Tantum
2937 1831 3114 1877 autem
3131 1823 3328 1891 voluit,
3361 1834 3620 1895 quantum
3646 1828 3893 1897 oportuit.

2322 1911 2435 1968 Sed
2465 1913 2697 1968 innotuit
2739 1929 2843 1969 non
2873 1914 3017 1969 sicut
3051 1915 3254 1989 angelis
3295 1917 3517 1981 sanctis,
3547 1919 3638 1988 qui
3664 1918 3789 1988 ejus
3823 1935 3894 1973 se-

2328 2006 2561 2060 cundum
2598 2004 2653 2059 id
2681 2006 2823 2076 quod
2850 2005 2946 2062 Dei
2973 2004 3211 2061 Verbum
3234 2017 3318 2063 est
3351 2009 3666 2080 participata
3694 2013 3891 2067 aeterni

2329 2102 2440 2150 tate
2465 2095 2832 2167 perfruuntur,
2876 2097 2969 2151 sed
2996 2096 3137 2155 sicut
3165 2099 3245 2154 eis
3278 2101 3547 2156 terrendis
3572 2101 3892 2158 innotescca-
3976 2108 3978 2167 ᾗ

2328 2185 2454 2239 dum
2498 2183 2632 2251 fuit,
2683 2200 2750 2241 ex
2807 2201 3036 2256 quorum
3091 2190 3365 2265 tyrannica
3419 2200 3688 2262 potestate
3735 2193 3894 2249 fuerat

2326 2277 2651 2333 liberaturus
2680 2279 3091 2348 praedestinatos
3116 2281 3168 2335 in
3213 2297 3367 2337 suum
3412 2297 3657 2355 regnum,
3704 2291 3762 2340 et
3801 2284 3891 2356 εἰο-
3976 2264 3978 2315 ί

2330 2369 2468 2423 riam
2514 2383 2725 2439 semper
2767 2384 3041 2438 veraeem,
3087 2380 3143 2427 et
3186 2373 3454 2431 veraciter
3501 2374 3889 2447 sempiternam.

2328 2458 2560 2514 innotuit
2599 2473 2727 2531 ergo
2754 2460 3083 2517 daemonibus
3114 2475 3219 2517 non
3262 2478 3361 2533 per
3403 2463 3455 2519 id
3494 2465 3639 2535 quod
3677 2473 3765 2520 est
3802 2466 3894 2519 vita

2329 2557 2527 2605 aeterna
2550 2559 2604 2604 et
2628 2550 2805 2607 lumen
2829 2550 3287 2621 incommutabile,
3311 2556 3453 2623 quod
3477 2554 3747 2609 illuminat
3770 2556 3892 2626 pios,

2330 2640 2415 2694 cui
2445 2639 2697 2707 videndo,
2726 2655 2824 2711 per
2854 2640 3013 2697 ﬁdem
3034 2683 3048 2707 ,
3070 2658 3195 2713 qua:
3225 2643 3279 2698 in
3308 2643 3396 2699 illo
3421 2653 3502 2699 est
3520 2686 3535 2712 ,
3563 2647 3733 2701 corda
3760 2663 3897 2701 mnu-

2330 2732 2544 2798 dantur,
2597 2733 2691 2787 sed
2740 2748 2839 2803 per
2883 2734 3126 2804 quadam
3179 2736 3491 2807 temporalia
3538 2750 3651 2791 sua:
3696 2738 3899 2792 virtutis

2331 2820 2540 2887 ell'ecta,
2571 2831 2626 2877 et
2649 2824 3026 2880 occultissima:
3058 2827 3212 2897 signa
3243 2828 3515 2899 potentiae,
3546 2842 3671 2899 qua:
3705 2830 3900 2902 angeli-
3976 2810 3978 2835 ἰ

2332 2910 2410 2966 eis
2462 2910 2709 2968 sensibus
2764 2914 2926 2969 etiam
2982 2915 3340 2986 malignorum
3394 2916 3682 2988 spirituum
3736 2920 3903 2990 potius

3812 264 3903 319 868
3976 304 3978 315 .

651 3022 1052 3083 contemptores
1074 3020 1129 3067 et
1164 3010 1607 3081 praevaricatores
1635 3008 1828 3063 divinae
1856 3008 1990 3077 legis
2017 3022 2230 3077 semper
2282 3082 2289 3083 ί
2333 3017 2492 3072 quam
2540 3002 2838 3059 inﬁrmitati
2873 3005 3151 3061 hominum
3186 3016 3407 3077 possent
3438 3023 3559 3071 esse
3598 3012 3902 3081 conspicua.
3976 3052 3978 3083 ε

652 3074 993 3158 exstiterant.
1024 3074 1183 3158 Unde
1206 3103 1406 3156 factum
1436 3099 1579 3170 quod
1606 3099 1659 3154 in
1689 3099 1849 3154 domo
1874 3074 1982 3155 non
2019 3074 2231 3155 habita-
2258 3082 2303 3143 (ἶ
2335 3092 2473 3149 Hinc
2492 3097 2747 3166 perpendi
2788 3104 2967 3166 potest
2993 3074 3206 3168 quanta—
3232 3101 3303 3154 sit
3341 3098 3455 3154 Arii
3488 3101 3703 3157 vesania
3726 3074 3900 3156 iesum

653 3196 804 3259 bant,
833 3195 888 3249 id
912 3202 996 3249 est
1024 3194 1078 3248 in
1128 3194 1455 3249 conscientia
1504 3208 1600 3248 sua
1647 3206 1754 3247 non
1796 3191 2229 3262 requiescebant.

654 3282 806 3350 Quod
835 3283 888 3336 in
919 3283 1279 3338 monumentis
1300 3285 1612 3349 manebant,
1634 3283 1862 3338 mortuis
1878 3284 2151 3352 operibus,
2180 3283 2233 3338 id

653 3383 739 3430 est
778 3374 1015 3444 peccatis
1048 3372 1477 3429 delectabantur.
1502 3373 1641 3441 Quid
1669 3374 1815 3428 enim
1860 3384 1985 3429 sunt
2006 3389 2233 3444 corpora

655 3464 990 3535 perﬁdorum
1016 3463 1120 3518 nisi
1170 3465 1415 3533 quaedam
1465 3462 1838 3519 defunctorum
1864 3463 2127 3534 sepulcra,
2178 3464 2234 3518 in

656 3554 852 3623 quibus
895 3569 1003 3608 non
1046 3553 1140 3608 Dei
1184 3554 1391 3608 habitat
1415 3568 1613 3619 sermo,
1658 3554 1754 3609 sed
1780 3554 1958 3608 anima
1999 3557 2235 3625 peccatis

658 3653 868 3699 mortua
933 3643 1246 3700 recluditur.
1304 3643 1443 3699 Sicci
1499 3644 1673 3698 nimis.
1718 3644 1869 3711 Quod
1912 3645 2057 3700 enim
2106 3646 2234 3701 saevi

656 3734 819 3790 nimis
838 3744 1014 3800 erant,
1031 3735 1133 3789 hoc
1155 3733 1489 3806 signiﬁcatus,
1517 3735 1643 3805 quia
1664 3744 1819 3791 tanto
1839 3736 2075 3792 deterius
2096 3737 2150 3791 in
2170 3753 2235 3792 se

658 3827 743 3883 vel
786 3827 841 3881 in
886 3826 1007 3882 aliis
1059 3826 1307 3882 furebant
1352 3834 1554 3897 quanto
1593 3826 1804 3883 divinas
1844 3828 1929 3884 vel
1972 3828 2236 3885 humanas

658 3919 821 3988 leges,
839 3934 958 3989 qua:
972 3933 1068 3988 per
1080 3918 1291 3973 vincula
1307 3917 1639 3990 signiﬁcatus,
1655 3934 1753 3991 pro
1764 3920 1933 3975 nihilo
1947 3918 2231 3974 ducebant.

660 4010 748 4065 Ita
798 4020 853 4064 ut
890 4026 1037 4064 nemo
1060 4011 1287 4065 transire
1325 4021 1497 4081 posset
1541 4028 1636 4081 per
1680 4011 1828 4066 illam
1872 4013 2026 4066 tiam.
2075 4012 2235 4067 Juxta

660 4101 1013 4173 tropologiam
1041 4143 1055 4169 ,
1104 4103 1192 4156 via
1226 4103 1328 4157 ista
1355 4101 1602 4159 Christus
1626 4112 1728 4168 est,
1758 4103 1848 4173 qui
1893 4103 2030 4158 dixit
2061 4123 2073 4158 :
2123 4104 2234 4175 Ego

659 4212 775 4250 sum
816 4195 920 4259 via,
959 4195 1149 4249 veritas
1189 4203 1236 4249 et
1263 4195 1366 4249 vita
1402 4192 1583 4265 (Joan.
1614 4194 1753 4267 xw),
1783 4203 1837 4251 et
1866 4195 1931 4251 de
1958 4209 2063 4265 qua
2107 4195 2237 4251 dicit

661 4285 925 4341 Jeremias
949 4284 1207 4354 propheta
1240 4301 1251 4335 :
1283 4283 1452 4350 State,
1477 4295 1525 4338 et
1552 4284 1738 4350 videte,
1760 4294 1807 4338 et
1830 4285 2146 4355 interrogate
2170 4285 2237 4339 de

662 4376 858 4432 semitis
895 4376 1145 4440 antiquis,
1178 4358 1294 4447 qua!
1327 4375 1396 4428 sit
1424 4375 1508 4429 via
1535 4374 1690 4441 bona,
1712 4384 1761 4428 et
1787 4375 2048 4429 ambulate
2077 4376 2129 4429 in
2151 4391 2233 4441 ea,

2335 3197 2641 3243 creaturam
2674 3196 2729 3244 et
2756 3204 2862 3244 non
2908 3189 3075 3244 Deum
3106 3190 3361 3257 credere;
3390 3207 3550 3262 quem
3576 3192 3772 3247 Filium
3813 3193 3904 3247 Dei

2334 3277 2583 3334 altissimi
2627 3279 2898 3336 dazmones
2925 3282 3152 3337 credunt
3196 3291 3250 3338 et
3296 3284 3751 3349 contremiscunt;
3792 3299 3902 3355 qua:

2334 3370 2582 3440 impietas
2611 3368 2914 3427 Judaeorum
2938 3387 3068 3429 ausa
3094 3383 3181 3429 est
3201 3388 3325 3429 eum
3354 3375 3535 3431 dicere
3574 3377 3631 3431 in
3673 3376 3902 3449 principe

2334 3462 2721 3519 daemoniorum
2753 3462 2975 3533 eiecisse
2999 3467 3283 3532 dmmonia,
3313 3481 3471 3536 quem
3502 3468 3624 3541 ipsa
3653 3468 3898 3524 (immani:

2332 3550 2574 3607 fatentur
2614 3554 2748 3608 nihil
2798 3569 2979 3611 secum
3024 3557 3225 3613 habere
3268 3572 3583 3623 commune;
3651 3574 3768 3630 qua
3806 3561 3900 3613 hoc.

2335 3640 2507 3710 ipsum
2535 3643 2677 3712 quod
2707 3651 2835 3699 tunc
2860 3661 2959 3715 per
2987 3647 3301 3703 dzemoniaci
3330 3648 3635 3706 clamavere
3657 3649 3895 3707 furorem.

2334 3732 2676 3800 postmodum
2704 3735 2756 3789 in
2784 3734 3021 3791 delubris
3062 3736 3327 3794 idolorum
3354 3739 3535 3795 dicere
3574 3748 3633 3796 et
3675 3739 3894 3796 conﬁteri

2337 3842 2441 3881 non
2470 3837 2772 3894 cessarunt,
2801 3828 2982 3885 Jesum
3007 3831 3256 3888 videlicet
3282 3846 3403 3889 esse
3426 3831 3701 3890 Christum
3722 3833 3894 3888 Filium

2336 3916 2430 3972 Dei
2456 3916 2724 4003 altissimi,
2761 3935 2858 3975 nec
2885 3936 2942 3976 se
2968 3920 3168 3993 aliquid
3197 3937 3317 3979 cum
3348 3922 3440 3980 illo
3464 3925 3620 3997 pacis
3647 3934 3738 3980 aut
3762 3936 3894 3997 pote-

2335 4010 2489 4063 statis
2523 4011 2743 4065 habere.

2416 4096 2611 4153 Venisti
2655 4112 2775 4155 ante
2822 4112 3021 4172 tempus
3062 4113 3301 4177 torquere
3341 4123 3456 4161 nos.
3510 4105 3730 4163 Sciebat
3771 4108 3892 4163 enim

2336 4188 2578 4245 diabolus
2617 4199 2671 4245 et
2710 4192 2945 4247 ministri
2991 4194 3107 4263 ejus
3148 4204 3355 4250 certam
3393 4195 3499 4251 sibi
3536 4202 3663 4253 esse
3701 4197 3894 4252 damna-

2338 4277 2536 4332 tionem
2568 4279 2620 4333 in
2659 4279 2865 4349 judicio
2906 4281 3000 4336 Dei
3045 4282 3303 4350 futuram,
3333 4286 3419 4341 cui
3449 4300 3553 4355 per
3576 4286 3773 4342 Isaiam
3798 4303 3891 4358 pro

2338 4367 2556 4436 phetarn
2575 4367 2774 4424 dicitur
2803 4389 2815 4424 :
2854 4369 2947 4425 Va:
2964 4373 3054 4442 qui
3074 4376 3356 4444 prtedaris,
3381 4392 3554 4431 nonne
3578 4388 3633 4432 et
3660 4379 3768 4447 ipse
3789 4394 3892 4449 pre

662 4480 710 4523 et
754 4467 1021 4522 invenietis
1055 4468 1281 4537 requiem
1308 4468 1583 4522 animabus
1613 4469 1793 4522 vestris
1846 4467 1979 4540 (ler.
2022 4467 2118 4539 vr).
2172 4469 2232 4524 'In

2341 4456 2547 4512 daberis
2564 4458 2647 4513 ?et
2657 4461 2748 4529 qui
2756 4462 2974 4531 spernis,
2992 4479 3160 4518 nonne
3172 4474 3220 4518 et
3230 4465 3340 4536 ipse
3353 4467 3616 4538 sperneris
3632 4470 3659 4522 .9
3670 4486 3787 4523 cum
3798 4486 3895 4522 cos-

665 4561 766 4613 hac
795 4558 913 4621 via,
972 4556 1026 4610 id
1052 4566 1133 4610 est
1164 4556 1217 4610 in
1244 4555 1358 4625 ipsa
1413 4556 1515 4611 ﬁde
1547 4555 1842 4612 Salvatoris
1880 4555 2008 4613 Iesu
2038 4556 2240 4613 Christi

666 4647 878 4701 Domini
906 4645 1097 4711 nostri,
1126 4645 1341 4714 quando
1362 4645 1544 4699 adhuc
1572 4654 1690 4701 erat
1738 4645 2064 4715 incredulus,
2093 4657 2241 4705 uter-

664 4750 769 4807 que
788 4737 1040 4807 populus,
1069 4733 1284 4791 diabolo
1305 4736 1360 4790 in
1403 4750 1463 4790 se
1506 4734 1750 4804 furente,
1779 4748 1925 4794 recte
1950 4742 2242 4810 gradienti-

666 4828 790 4891 bus,
819 4826 873 4881 id
901 4833 985 4881 est
1011 4834 1157 4881 recte
1183 4825 1548 4891 caedentibus,
1570 4835 1733 4897 atque
1756 4830 2000 4884 eamdem
2030 4830 2242 4887 Domini

666 4916 825 4973 ﬁdem
869 4916 1314 4987 prredieautl’ous,
1345 4916 1709 4982 obsistebant,
1740 4919 1867 4973 dum
1899 4935 1998 4976 nec
2024 4922 2126 4990 ipsi
2151 4922 2243 4978 de-

667 5008 918 5066 clinando
943 5023 974 5061 a
1000 5007 1164 5071 malo,
1199 5008 1341 5061 viam
1372 5008 1749 5063 mandatorum
1796 5010 1891 5065 Dei
1917 5052 1931 5075 ,
1975 5012 2244 5070 credendo

668 5108 830 5169 atque
859 5104 1066 5153 rectum
1112 5112 1248 5167 opus
1279 5096 1546 5161 iaciendo,
1575 5112 1793 5153 currere
1817 5098 2161 5165 festinabant,
2193 5113 2248 5159 et

668 5209 760 5248 eos
786 5192 877 5262 qui
915 5204 1135 5247 currere
1165 5188 1473 5245 nitebantur
1502 5189 1625 5244 ﬁdei
1673 5190 1815 5244 viam
1848 5193 2112 5249 acerrime
2148 5195 2246 5249 im-

668 5285 999 5354 pugnabant.

739 5374 807 5427 Et
830 5374 1246 5429 exclamaverunt
1271 5374 1497 5427 dicentes
1520 5389 1537 5424 ε
1571 5371 1711 5438 Quid
1739 5374 1887 5429 nobis
1905 5385 1951 5428 et
1980 5375 2093 5439 tibi,
2115 5375 2243 5429 Jesu

672 5463 781 5518 Fili
822 5463 959 5517 Dei?
1006 5462 1122 5517 Non
1153 5462 1445 5519 voluntatis
1492 5462 1592 5515 ista
1637 5462 1906 5519 confessio
1930 5472 2047 5529 est,
2081 5480 2241 5533 quam

670 5554 949 5624 praemium
993 5569 1098 5608 non
1143 5552 1386 5623 sequitur
1409 5551 1735 5619 conﬁtentis,
1767 5554 1861 5608 sed
1904 5553 2244 5609 necessitatis

672 5645 929 5711 extorsit),
964 5660 1082 5714 quae
1128 5645 1270 5714 cogit
1314 5643 1526 5698 invitos.
1558 5642 1715 5699 Velut
1756 5645 1801 5699 si
1850 5646 1988 5701 servi
2034 5643 2243 5715 fugitivi

2341 4550 2680 4604 summoveris
2697 4550 3131 4621 deprtedationem
3148 4554 3536 4624 deprtedaberis
3547 4556 3686 4629 (ha.
3700 4574 3825 4612 nn
3832 4559 3896 4619 ni;

2340 4637 2437 4692 sed
2458 4637 2918 4706 dispensationem
2947 4640 3112 4697 divini
3139 4646 3368 4710 consilii,
3400 4662 3524 4716 qua:
3549 4649 3901 4704 irrumatione

2342 4728 2544 4786 Christi
2582 4733 2739 4790 nobis
2770 4734 3163 4793 manifestanda
3197 4747 3345 4806 erat,
3390 4741 3535 4796 scire
3579 4758 3689 4797 non
3716 4742 3898 4813 potuit;

2343 4820 2469 4889 quia
2515 4823 2830 4892 sapientiam
2873 4826 3001 4892 Dei,
3046 4829 3342 4884 secundum
3385 4831 3736 4902 Apostolum,
3767 4850 3904 4890 muto

2339 4911 2645 4982 ντίθοῑῃωη
2684 4913 2842 4983 huius
2870 4917 3051 4972 saeculi
3080 4920 3349 4990 cognovit.
3393 4919 3453 4976 Si
3486 4927 3629 4979 enim
3659 4927 3902 4997 comis-

2341 5013 2472 5068 sent,
2502 5019 2766 5075 nunquam
2793 5007 3075 5064 Dominum
3100 5010 3282 5081 gloria.-
3306 5015 3697 5083 erueiﬁsissent
3726 5016 3781 5089 (Ι
3797 5013 3900 5069 Cor.

2342 5094 2426 5163 ll).
2452 5093 2754 5151 Potentiam
2783 5113 2912 5168 ergo
2943 5107 3069 5156 tunc
3097 5100 3309 5158 Domini
3335 5106 3623 5176 adventus,
3647 5123 3803 5179 quam
3828 5107 3909 5161 mi-

2341 5184 2619 5249 rabantur,
2648 5186 2713 5241 ad
2754 5202 2907 5242 suam
2951 5192 3409 5258 pertimescebant
3452 5196 3684 5253 tendere
3710 5200 3915 5253 damna-

2344 5276 2564 5331 tionem.
2600 5275 2849 5346 ldeoque,
2881 5279 3028 5336 Luca
3065 5290 3373 5351 attestante,
3409 5288 3683 5360 rogabant
3706 5303 3823 5343 eum
3857 5302 3925 5342 ne

2349 5368 2638 5436 imperaret
2666 5369 2745 5424 eis
2769 5378 2828 5424 ut
2854 5369 2908 5424 in
2937 5371 3187 5442 abyssum
3212 5374 3372 5429 irent.

2419 5457 2551 5512 Erat
2581 5469 2752 5514 autem
2779 5477 2881 5515 non
2909 5461 3059 5534 longe
3086 5465 3149 5519 ab
3178 5465 3252 5519 eis
3273 5482 3404 5536 grex
3428 5484 3710 5537 porcorum
3736 5468 3920 5521 multo-

2348 5567 2465 5606 rum
2491 5566 2727 5622 pascens,
2754 5552 3012 5609 darmones
3038 5564 3211 5609 autem
3236 5556 3491 5627 rogabant
3518 5575 3639 5611 eum
3665 5558 3891 5611 dicentes

2351 5642 2411 5697 Si
2438 5644 2583 5712 ejicis
2612 5662 2726 5711 nos,
2764 5646 2907 5701 mitte
2946 5663 3039 5702 nos
3080 5648 3133 5701 in
3174 5663 3376 5718 gregem
3412 5665 3718 5718 porcorum.
3750 5646 3899 5721 (Alii
3976 5640 3978 5653 Ι
