3978 6190
346 328 450 384 869

1302 319 1655 377 COMMENT.
1698 318 1768 377 IN
1806 316 2246 376 MATTHEUM.
2283 346 2355 358 --
2389 316 2517 373 LIB.
2554 317 2640 373 ιιι.

3509 324 3613 381 870

344 441 488 509 Ergo
532 435 809 491 sciendum
852 408 943 488 esi
968 432 1109 502 quod
1144 431 1303 484 verba
1345 432 1647 486 daemonum
1694 443 1816 499 quae
1846 429 1933 484 'di-
1960 433 2011 492 Α
2038 425 2387 482 nihilominus
2415 439 2473 481 se
2510 425 2719 494 putavit
2747 424 3028 495 prresentia
3055 428 3290 497 gravari.
3322 429 3462 494 Quid
3491 436 3619 487 mihi

340 544 499 585 verse
524 528 593 582 ab
616 525 959 597 evangelistis
984 525 1087 580 hoc
1108 524 1161 579 in
1191 524 1308 579 loco
1335 524 1478 579 dicta
1503 531 1659 588 sunt,
1691 536 1797 576 non
1826 521 1928 576 ba-

340 623 468 676 hent
496 614 698 686 aliquid
737 614 1008 685 scrupuli,
1037 628 1160 669 cum
1187 612 1376 667 vel'ad
1410 628 1570 666 unam
1603 610 1812 680 possint
1837 622 1926 665 re-

337 710 445 780 digi
470 706 816 771 sententiam,
841 704 925 761 vel
947 704 1127 760 omnia
1148 704 1294 759 dicta
1316 703 1525 774 possint
1551 701 1792 771 intelligi.
1817 698 1928 754 Nec

336 800 465 870 quia
511 797 794 870 pluraliter
835 796 978 866 apud
1026 796 1363 859 Matthaeum,
1395 794 1536 865 apud
1582 794 1701 849 illos
1743 801 1923 849 autem

337 891 688 963 singulariter
713 889 970 959 loquitur,
1014 903 1139 943 cum
1177 896 1234 941 et
1268 885 1370 955 ipsi
1416 892 1641 939 narrant
1668 884 1811 953 quod
1844 884 1926 938 in-

335 991 640 1055 terrogatus
667 982 761 1052 qui
788 986 1095 1044 vocaretur,
1140 977 1408 1048 legionem
1445 989 1505 1030 se
1543 989 1663 1030 esse
1703 989 1925 1043 respon-

336 1077 437 1142 dit,
463 1090 531 1130 eo
571 1074 715 1144 quod
755 1072 923 1127 multa
950 1078 1134 1125 essent
1156 1067 1438 1124 daemonia.
1468 1066 1581 1121 Nec
1614 1066 1756 1135 quod
1785 1065 1923 1121 Mar-

336 1182 435 1222 ens
477 1165 613 1221 dixit
658 1164 806 1220 circa
853 1169 1091 1215 montem
1137 1158 1305 1213 fuisse
1346 1171 1563 1228 gregem
1610 1170 1919 1226 porcorum,

334 1258 511 1313 Lucas
532 1265 728 1328 _autem
774 1255 830 1309 in
872 1260 1084 1317 monte,
1116 1250 1410 1321 quidquam
1456 1258 1760 1319 repugnat:
1790 1262 1921 1318 grex

333 1348 479 1402 enim
505 1361 797 1417 porcorum
832 1355 944 1399 tam
970 1357 1194 1413 magnus
1216 1340 1334 1417 fuit,
1365 1350 1428 1395 ut
1456 1339 1619 1409 aliqui
1649 1347 1835 1394 essent
1866 1339 1919 1392 in

336 1416 543 1504 monte,
565 1437 653 1492 alii
679 1436 770 1506 qui
799 1435 944 1491 circa
973 1441 1229 1489 montem.
1254 1416 1425 1486 Erant
1454 1430 1598 1485 enim
1620 1429 1728 1485 duo
1753 1429 1918 1485 millia

334 1546 640 1601 porcorum,
668 1530 808 1584 sicut
834 1528 1047 1583 Marcus
1069 1527 1337 1597 expressit

406 1622 473 1675 Et
521 1622 593 1675 ait
635 1621 810 1686 Iesus,
857 1618 959 1673 Ite.
1004 1615 1274 1690 (Hieran.)
1321 1614 1445 1671 Ideo
1486 1614 1735 1685 permisit
1774 1614 1933 1699 quod,

330 1714 587 1783 petebant
618 1711 973 1776 daemonibus,
1013 1718 1075 1764 ut
1114 1723 1210 1779 per
1250 1705 1679 1764 inter-fodientem
1724 1720 1918 1776 porco-

333 1822 453 1861 rum
505 1805 816 1860 hominibus
872 1802 1063 1860 salutis
1106 1802 1324 1857 occasio
1373 1801 1725 1870 prmberetur.
1777 1800 1918 1853 Eru-

332 1896 519 1952 bescat
560 1894 885 1950 Manichacus
925 1910 940 1948 :
989 1895 1033 1949 si
1075 1894 1142 1949 de
1173 1894 1365 1949 eadem
1410 1892 1711 1948 substantia
1754 1900 1811 1945 et
1851 1906 1917 1946 ex

330 1988 522 2045 eodem
550 1996 770 2043 auctore
793 1986 1074 2042 hominum
1101 1986 1504 2053 bestiarumque
1548 1992 1677 2038 sunt
1702 1984 1914 2045 animm,

332 2082 602 2151 quomodo
634 2079 704 2135 ob
731 2079 889 2133 unius
924 2077 1158 2133 hominis
1195 2076 1425 2132 salutem
1459 2076 1566 2131 duo
1598 2074 1767 2130 millia
1798 2090 1921 2145 por-

332 2187 521 2226 corum
557 2169 924 2226 sanoeantur?
960 2166 1173 2239 (Betim)
1217 2166 1274 2221 ln
1309 2181 1538 2236 quorum
1575 2176 1756 2220 tamen
1786 2166 1921 2220 inte-

333 2262 444 2315 ritu
475 2260 770 2331 ﬁguraliter
813 2259 1059 2314 homines
1101 2257 1364 2312 immundi
1410 2256 1555 2312 vocis
1593 2265 1649 2311 et
1694 2256 1919 2310 rationis

331 2362 583 2423 expertes
609 2352 938 2417 indicantur,
965 2351 1080 2421 qui,
1110 2350 1166 2405 in
1193 2357 1376 2405 monte
1396 2347 1665 2417 superbia:
1693 2361 1920 2415 pascen-

333 2455 437 2509 tes,
468 2444 744 2499 lutulentis
773 2443 1113 2498 oblectantur
1150 2441 1204 2496 in
1238 2439 1471 2503 actibus.
1513 2438 1732 2494 Talibus
1772 2437 1918 2493 enim

326 2550 427 2605 per
447 2535 624 2591 cultus
644 2534 909 2590 idolorum
936 2540 1162 2603 possunt
1182 2531 1445 2594 damonia
1468 2530 1753 2586 dominari.
1784 2529 1918 2585 Nam

329 2628 434 2683 nisi
464 2629 586 2697 quis
613 2626 764 2697 porci
806 2639 961 2679 more
1004 2623 1236 2689 vixerit,
1283 2637 1393 2677 non
1439 2622 1493 2676 in
1522 2635 1646 2677 eum
1675 2619 1919 2676 diabolus

328 2720 564 2789 accipiet
588 2726 934 2788 potestatem,
966 2723 1061 2770 aut
1087 2715 1154 2769 ad
1178 2712 1514 2784 probandum
1548 2719 1780 2775 tantum,
1809 2726 1917 2767 non

324 2819 511 2864 autem
542 2807 611 2863 ad
634 2806 969 2877 perdendam
994 2804 1241 2875 accipiet.

405 2899 472 2952 Et
497 2897 577 2951 illi
617 2906 861 2952 exeuntes
892 2898 1135 2951 abierunt
1172 2896 1227 2950 in
1261 2910 1466 2967 porcos,
1501 2905 1550 2949 et
1585 2911 1703 2950 ecce
1730 2908 1918 2964 magno

325 2995 524 3063 impetu
552 2992 679 3045 abiit
709 3000 846 3045 totus
872 3004 998 3059 grea:
1019 3004 1112 3058 per
1136 3005 1365 3059 preceps
1398 2987 1454 3041 in
1481 3002 1627 3040 mare
1649 2995 1698 3040 et
1724 2984 1920 3039 mortui

326 3096 449 3141 sunt
478 3085 533 3139 in
562 3081 732 3155 eqtu's.
760 3080 943 3154 (Aug.)
973 3080 1126 3148 Quod
1152 3090 1333 3135 autem
1365 3080 1418 3133 in
1447 3087 1699 3149 stagnum
1729 3076 1919 3146 praeci-

1946 1796 1994 1856 B
2090 1803 2284 1875 guinis.
2323 1796 2483 1860 Vocat

2033 529 2084 573 et
2120 518 2250 581 tibi,
2303 517 2506 587 inquit,
2550 517 2630 572 uir
2670 516 2807 571 Dei?
2844 517 3105 588 ingressus
3140 534 3192 572 es
3229 519 3299 572 ad
3347 536 3425 574 me
3454 535 3507 576 ut
3539 541 3621 578 re-

2032 616 2448 662 memorarcntur
2502 608 2802 679 iniquitates
2851 625 2979 662 mea:
3029 618 3076 663 et
3129 610 3389 665 occideres
3446 612 3617 680 [ilium

2029 697 2246 751 meum?
2268 695 2387 768 (III
2408 695 2536 768 Reg.
2562 697 2720 766 xvn.)
2744 697 2964 768 Mysticc
2991 706 3170 753 autem
3193 700 3335 769 quod
3358 700 3616 756 Ccraseni

2028 787 2294 859 prodeunt
2315 788 2503 844 videre
2530 780 2675 858 quod
2700 788 2902 843 factum
2929 798 3033 855 est,
3061 799 3116 845 et
3139 791 3421 847 inveniunt
3450 794 3622 850 homi-

2029 895 2151 934 nem
2179 879 2465 945 vestitum,
2508 890 2565 934 et
2602 887 2782 934 mente
2820 894 2949 933 sana
2981 881 3170 935 sedere
3198 882 3265 937 ad
3294 882 3457 951 pedes
3490 882 3617 939 Jesu

2029 968 2113 1041 (ut
2139 969 2312 1026 Lucas
2341 970 2513 1042 dicit),
2541 979 2597 1026 et
2625 979 3011 1041 cognoscentes
3037 972 3166 1041 quid
3208 972 3409 1028 factum
3437 975 3509 1029 sit
3535 991 3619 1029 ro-

2027 1059 2361 1130 gantJesum
2407 1071 2468 1115 ut
2493 1061 2562 1115 ab
2588 1062 2669 1116 eis
2698 1061 2999 1117 discederet
3043 1078 3237 1134 magno
3265 1064 3459 1120 timore
3501 1081 3619 1136 per-

2028 1150 2184 1215 culsi,
2211 1150 2482 1221 significat
2525 1150 2923 1205 multitudinem
2958 1159 3223 1206 vetustam
3268 1170 3362 1209 sua
3393 1154 3503 1209 vita
3529 1156 3613 1209 de-
3644 1200 3655 1211 .

2026 1241 2277 1295 lectatam
2302 1242 2572 1296 honorare
2593 1242 2940 1312 quidem,sed
2962 1242 3103 1297 nolle
3123 1244 3234 1311 pati
3250 1242 3614 1300 Christianam

2027 1327 2198 1399 legem
2217 1369 2233 1393 ,
2262 1330 2390 1384 dum
2430 1330 2616 1385 dicunt
2643 1332 2785 1400 quod
2822 1347 2941 1386 eam
2971 1332 3197 1402 implere
3225 1348 3331 1386 non
3368 1342 3613 1402 possunt,

2025 1416 2360 1472 admirantes
2404 1426 2582 1472 tamen
2629 1418 2840 1474 ﬁdelem
2882 1420 3134 1490 populum
3168 1436 3199 1473 a
3246 1421 3470 1490 pristina
3499 1437 3616 1491 pcr—

1994 1541 2002 1549 -
2026 1507 2136 1562 dita
2164 1510 2577 1564 conversatione
2606 1519 2876 1565 sanatum.

2636 1642 2865 1697 CAPUT
2902 1643 2991 1697 IX.

2027 1734 2198 1806 Sonat
2224 1734 2380 1806 Jesus
2409 1736 2777 1806 parquticum,
2816 1735 3090 1789 mulierem
3125 1754 3158 1789 a
3194 1737 3449 1806 proﬂuuio
3488 1754 3613 1791 san—
3650 1724 3655 1729 ”

2205 1806 2284 1885 iis.
2317 1806 2483 1885 ‘Vocat
2512 1806 2841 1867 “animum,
2868 1806 3083 1859 suscitat
3108 1806 3279 1874 ﬁliam
3309 1808 3613 1877 arcnisyna-

2094 1882 2215 1947 gogt'
2230 1915 2245 1940 ,
2277 1882 2382 1929 etc.

2096 1982 2186 2056 [1.]
2229 1982 2299 2038 Et
2329 1984 2613 2039 ascendens
2643 1984 2939 2040 naviculam
2977 1986 3371 2056 transfretavit,
3400 1998 3447 2043 et
3480 1991 3615 2044 venit

2021 2076 2078 2131 in
2117 2076 2378 2130 civitatem
2417 2092 2590 2130 suam.
2637 2074 2825 2131 Oritur
2866 2077 3033 2147 igitur
3078 2077 3168 2132 hic
3208 2078 3435 2146 quaestio
3477 2078 3619 2132 inter

2024 2165 2264 2221 Iarcum
2291 2174 2347 2220 et
2369 2165 2700 2231 Matthtnnm,
2724 2167 2995 2235 quomodo
3020 2166 3305 2221 Matthzens
3332 2168 3403 2221 ita
3427 2168 3620 2224 scribit

2024 2264 2280 2325 tanquam
2328 2255 2382 2309 in
2419 2255 2639 2311 civitate
2687 2256 2901 2311 Domini
2930 2255 3132 2311 factum
3163 2257 3267 2323 sit,
3299 2273 3463 2327 quam
3509 2259 3613 2314 Na-

2024 2349 2213 2402 zaretb
2239 2363 2360 2403 esse
2382 2348 2603 2417 quidam
2625 2348 2833 2414 volunt,
2857 2348 3072 2404 Marcus
3092 2358 3271 2403 autem
3299 2350 3354 2404 in
3380 2348 3615 2419 Caphar—

2022 2455 2207 2495 naum.
2246 2438 2377 2506 Quae
2406 2438 2675 2496 dillicilius
2702 2440 3109 2506 κίνει-θωνμεὶ
3143 2439 3427 2500 Maltinus
3452 2441 3616 2496 etiam

2024 2530 2295 2586 Nazareth
2333 2532 2685 2588 nominasset.
2721 2532 2873 2589 Nunc
2895 2547 3027 2588 vero
3058 2547 3182 2588 eum
3222 2534 3460 2603 potuerit
3501 2534 3617 2603 ipsa

2023 2625 2247 2683 Galilaea
2279 2627 2386 2681 dici
2416 2626 2612 2681 civitas
2632 2625 2855 2691 Christi,
2882 2627 3008 2697 quia
3037 2627 3092 2681 in
3120 2625 3340 2681 Galilaza
3366 2634 3487 2681 erat
3513 2624 3619 2681 Na-

2024 2718 2236 2782 zareth,
2277 2716 2420 2772 sicut
2460 2718 2773 2772 universum
2814 2732 3042 2788 regnum
3086 2718 3142 2772 in
3183 2725 3264 2772 tot
3307 2716 3619 2772 civitatibus

2021 2811 2378 2866 constitutum
2416 2810 2613 2865 dicitur
2638 2810 2885 2865 Romana
2916 2810 3107 2864 civitas
3139 2828 3152 2863 :
3187 2824 3417 2878 cumque
3453 2808 3507 2863 in
3539 2816 3621 2863 tot

2021 2899 2274 2971 gentibus
2308 2900 2603 2955 constituta
2630 2900 2702 2955 sit
2735 2899 2933 2956 civitas
2961 2900 3027 2954 de
3057 2914 3162 2969 qna
3193 2899 3450 2969 scriptum
3484 2906 3566 2954 est
3600 2917 3612 2951 :

2023 2989 2415 3045 Glariosissima
2427 2990 2567 3044 dicta
2579 2999 2700 3045 sunt
2712 2991 2780 3045 de
2792 3000 2861 3055 te,
2876 2990 3058 3045 ciuitas
3072 2990 3170 3044 Dei
3183 2987 3353 3062 (Psal.
3371 2988 3614 3062 anw);

2023 3089 2223 3137 etcum
2251 3083 2366 3151 ipse
2393 3082 2539 3152 prior
2565 3081 2796 3152 populus
2819 3082 2913 3136 Dei
2944 3082 2996 3136 in
3026 3089 3105 3136 tot
3129 3080 3437 3135 civitatibus
3459 3080 3616 3135 habi-

329 3175 485 3248 pitati
514 3146 642 3229 sunt
665 3146 837 3243 porci,
868 3146 1145 3241 signiﬁcat
1168 3168 1314 3241 quod
1355 3168 1467 3237 jam
1497 3146 1790 3223 elarilicata
1818 3165 1921 3221 Ec-
1943 3146 1992 3208 Ο
2028 3181 2166 3237 tatis,
2199 3146 2364 3228 etiam
2390 3146 2496 3227 una
2529 3146 2721 3229 domus
2743 3174 2922 3229 dictus
2949 3173 3024 3228 sit
3050 3172 3243 3227 domus
3278 3172 3466 3241 Israel,
3496 3173 3621 3243 quis

330 3267 531 3332 etesia,
576 3273 634 3321 et
682 3264 912 3319 liberato
957 3261 1153 3337 populo
1187 3260 1429 3332 gentium
1478 3274 1512 3313 a
1554 3257 1921 3314 dominatione

331 3358 742 3421 damoniorum,
772 3356 826 3410 in
853 3354 1051 3410 abditis
1080 3360 1249 3424 agunt
1288 3351 1580 3421 sacrilegos
1606 3350 1743 3404 ritus
1767 3364 1916 3414 suos,

2025 3265 2355 3322 dubitaverit
2381 3265 2437 3320 in
2466 3266 2686 3321 civitate
2731 3281 2829 3321 sua
2872 3267 2977 3322 hoc
3023 3264 3218 3321 fecisse
3256 3264 3464 3331 Jesum,
3494 3281 3618 3321 cum

2023 3356 2129 3412 hoc
2178 3355 2366 3411 fecerit
2412 3356 2468 3411 in
2512 3355 2892 3427 Capbarnaum
2935 3356 3154 3411 civitate
3198 3354 3456 3419 Galilteaa,
3508 3371 3617 3425 quo

333 3450 424 3521 qui
456 3448 672 3504 Christo
714 3447 940 3504 credere
985 3444 1306 3508 noluerunt,
1352 3456 1497 3497 caeca
1547 3451 1604 3496 et
1653 3439 1919 3510 profunda
1989 3448 2394 3505 transtretando
2434 3449 2671 3504 redierat
2715 3448 2785 3503 de
2827 3447 3047 3520 regione
3080 3447 3512 3512 Gerasenorum,
3557 3456 3618 3500 ut

332 3541 646 3598 curiositate
696 3538 986 3595 submersi.
1041 3535 1108 3590 Et
1162 3534 1458 3590 notandum
1505 3532 1648 3602 quod
1697 3531 1920 3601 spiritus

338 3634 599 3689 immundi
630 3646 730 3687 nec
754 3632 808 3685 in
833 3645 1029 3701 porcos
1059 3629 1219 3693 irent,
1252 3626 1357 3682 nisi
1392 3624 1496 3681 hoc
1526 3624 1630 3679 illis
1654 3624 1921 3694 benignus

335 3729 452 3798 ipse
497 3725 746 3781 Salvator
795 3722 1133 3794 petentibus,
1184 3735 1321 3791 quos
1364 3727 1516 3775 recte
1558 3718 1614 3772 in
1667 3717 1920 3787 abyssum

332 3826 514 3888 posset
554 3816 824 3885 relegare,
866 3812 1187 3870 concederet
1220 3828 1237 3865 :
1277 3826 1392 3865 rem
1421 3807 1784 3864 necessariam
1821 3808 1919 3862 do-

338 3925 462 3967 cere
487 3925 584 3964 nos
608 3909 814 3972 volens,
847 3915 908 3960 ut
935 3904 1144 3960 scilicet
1172 3902 1482 3957 noverimus
1507 3914 1602 3955 eos
1627 3897 1798 3952 multo
1825 3896 1923 3952 mi-

335 4018 440 4057 nus
463 4016 622 4072 posse
658 4014 757 4055 sua
800 4004 1069 4068 potestate
1096 4007 1296 4049 nocere
1323 3990 1652 4054 hominibus,
1680 3989 1776 4059 qui
1821 4002 1922 4042 nec

334 4092 621 4164 pecoribus
668 4090 1133 4161 qualibuscunque
1173 4090 1485 4155 potuerunt.
1532 4080 1685 4136 Hanc
1740 4087 1922 4134 autem

335 4192 657 4255 potestatem
691 4184 832 4238 Deus
858 4181 1031 4236 bonus
1059 4176 1270 4233 occulta
1292 4172 1500 4243 iustitia
1527 4174 1582 4227 in
1611 4172 1766 4227 nobis
1791 4171 1922 4226 dare

335 4284 534 4348 potest,
565 4274 759 4342 iniusta
783 4287 889 4327 non
912 4277 1113 4342 potest.

412 4366 657 4421 Pastores
686 4374 862 4419 autem
897 4361 1172 4432 fugerunt,
1203 4369 1252 4413 et
1287 4358 1541 4413 venientes
1570 4356 1626 4409 in
1663 4355 1922 4410 civitatem

338 4458 707 4513 nuntiaverunt
734 4454 933 4519 omnia,
955 4462 1005 4507 et
1029 4452 1092 4506 de
1111 4451 1192 4506 Itis
1211 4450 1302 4522 qui
1324 4449 1581 4503 damonia
1603 4447 1921 4501 habuerunt.

336 4549 491 4617 Quod
521 4555 766 4618 pastores
791 4559 1080 4615 porcorum
1108 4543 1374 4613 fugientes
1397 4541 1499 4597 ista
1526 4538 1811 4603 nuntiant,
1844 4539 1921 4593 si-

337 4639 563 4709 gniﬁcat
612 4636 871 4705 quosdam
923 4633 1088 4688 etiam
1138 4634 1400 4704 primates
1450 4631 1777 4701 impiorum,
1831 4630 1924 4699 qui

333 4747 649 4804 quanquam
676 4729 1038 4785 Christianam
1067 4727 1238 4797 legem
1267 4725 1488 4797 fugiant,
1523 4725 1819 4796 potentiam
1851 4732 1927 4778 ta-

337 4839 464 4879 men
491 4822 611 4891 ejus
632 4835 730 4891 per
755 4826 942 4890 gentes
978 4817 1242 4887 stupende
1266 4826 1322 4871 et
1350 4815 1595 4873 mirando
1625 4815 1923 4886 prmdicare

338 4933 446 4974 tum
477 4922 713 4971 cessant.
746 4912 815 4967 Et
841 4925 958 4966 ecce
982 4918 1091 4965 tota
1118 4910 1298 4963 civitas
1316 4907 1443 4963 exiit
1470 4907 1670 4963 obuiam
1696 4906 1849 4972 Jesu,
1875 4914 1923 4960 et

292 5042 301 5047 ς
336 5011 448 5065 riae
468 5026 529 5064 eo
548 5007 801 5078 rogabant
823 5014 880 5059 ut
903 5004 1148 5058 transiret
1170 5018 1202 5055 a
1222 5001 1412 5071 ﬁnibus
1430 5016 1628 5054 eorum.
1653 4996 1926 5069 (Ηὶενοη.)

338 5102 446 5170 Qui
473 5106 667 5170 rogant
692 5107 753 5152 ut
782 5103 1023 5152 transeat
1048 5093 1182 5149 lines
1207 5107 1416 5154 eorum,
1448 5107 1551 5151 non
1579 5092 1644 5144 de
1678 5089 1928 5160 superbia
1968 5114 1975 5121 -

338 5202 446 5254 hoc.
476 5195 701 5259 faciunt,
734 5203 798 5249 ut
827 5191 1069 5249 nonnulli
1105 5191 1462 5254 arbitrantur,
1494 5190 1586 5243 sed
1613 5189 1678 5242 de
1706 5186 1925 5242 humili-

342 5301 479 5356 tate,
507 5287 711 5345 conscii
749 5284 1057 5355 fragilitatis
1083 5298 1214 5338 suae.
1256 5281 1516 5337 Geraseni
1555 5281 1840 5349 praesentia
1870 5294 1929 5333 se

340 5380 557 5437 Domini
597 5378 912 5451 judicabant
950 5375 1215 5445 indignos,
1263 5388 1367 5427 non
1398 5372 1672 5442 capientes
1702 5370 1926 5424 verbum

343 5474 465 5538 Dei,
496 5484 596 5528 nec
622 5468 835 5525 inﬁrma
865 5467 1042 5522 adhuc
1066 5472 1245 5519 mente
1280 5461 1491 5533 pondus
1527 5461 1802 5531 sapientiae
1838 5475 1927 5515 su-

339 5568 550 5622 stinere
575 5563 836 5618 valentes.
881 5558 1033 5627 Quod
1076 5565 1129 5613 ct
1169 5558 1330 5611 Petro
1375 5556 1497 5625 ipsi,
1545 5555 1661 5609 viso
1700 5553 1928 5625 piscium

341 5655 630 5720 miraculo,
661 5652 951 5721 contigisse
975 5649 1173 5704 dicitur
1196 5646 1345 5721 (Luc.
1379 5645 1454 5717 v).
1484 5646 1550 5699 Et
1575 5645 1734 5699 vidua
1763 5644 1927 5700 Sarc-

341 5750 551 5817 pthana
576 5739 721 5796 beati
747 5738 894 5802 Eliae,
927 5733 1080 5803 cujus
1104 5754 1163 5794 se
1188 5739 1359 5794 sensit
1391 5736 1627 5809 hospitio
1663 5737 1926 5803 benedici,

1947 4498 2003 4557 D

2021 3540 2247 3595 veniem
2269 3539 2333 3618 iq
2351 3537 2630 3593 Galﬂmam
2649 3578 2666 3604 ,
2694 3547 2844 3594 recte
2866 3539 3139 3595 diceretur
3160 3539 3372 3593 venisse
3397 3538 3452 3592 in
3482 3537 3617 3591 ciri-

2022 3639 2190 3687 tatem
2234 3645 2411 3698 suam,
2463 3631 2520 3685 in
2563 3644 2885 3701 quocunque
2928 3631 3125 3699 oppido
3165 3640 3315 3686 esset
3359 3628 3614 3692 Galilaete,

2021 3721 2322 3790 pmertim
2354 3721 2479 3789 quia
2505 3730 2560 3775 et
2583 3722 2700 3789 ipsa
2726 3718 3106 3787 Capharnaum
3134 3720 3206 3772 ita
3231 3718 3531 3773 exullebat
3559 3719 3615 3773 in

2021 3812 2263 3876 Galilaza,
2291 3818 2354 3864 ut
2382 3819 2638 3879 tanquam
2675 3808 2988 3878 metropolis
3016 3808 3331 3865 haberetur.

2095 3898 2166 3953 Et
2194 3917 2310 3955 ecce
2333 3898 2633 3954 obtulerunt
2652 3900 2701 3953 ei
2725 3898 3075 3969 paralyticunt
3092 3900 3359 3969 jacentetn
3381 3899 3437 3953 in
3458 3899 3610 3953 lecto.

2024 3992 2241 4065 (Beda.)
2270 3992 2491 4048 Curatio
2515 3991 2797 4063 paralytici
2831 3991 2992 4061 hujus
3015 3992 3211 4047 animae
3241 4000 3368 4062 post
3400 3992 3612 4047 diutur-

2020 4103 2150 4142 nam
2197 4086 2465 4141 illecebrae
2493 4084 2727 4140 carnalis
2754 4084 3007 4139 inertiam
3043 4085 3110 4139 ad
3134 4083 3411 4139 Christum
3438 4086 3614 4155 suspi—

2023 4180 2217 4244 rantis,
2245 4177 2601 4233 salvationem
2631 4174 2853 4230 indicat.
2884 4174 3015 4242 Qum
3044 4175 3220 4246 primo
3242 4173 3484 4229 omnium
3512 4175 3614 4231 mi-

2024 4271 2210 4326 nistris
2243 4269 2334 4339 qui
2371 4282 2490 4323 eam
2532 4267 2812 4322 sublevem
2838 4274 2893 4321 et
2916 4266 3135 4321 Christo
3159 4264 3420 4332 aderant,
3453 4266 3507 4320 id
3531 4275 3615 4321 est

2024 4360 2181 4415 bonis
2207 4357 2533 4421 doctoribus,
2563 4356 2655 4426 qui
2704 4370 2855 4425 spem
2901 4356 3197 4411 sanationis
3236 4370 3501 4425 opemque
3530 4356 3614 4410 in-

2028 4451 2373 4508 tercessionis
2417 4455 2740 4521 suggerant,
2788 4446 3007 4517 indiget.
3060 4445 3162 4512 Qui
3214 4446 3383 4511 bene,
3433 4444 3613 4500 Marco

2030 4553 2303 4609 narrante,
2346 4552 2578 4613 quatuor
2609 4540 2776 4595 fuisse
2799 4539 3161 4609 reperiuntur,
3193 4538 3306 4593 sive
3327 4538 3453 4608 quia
3480 4554 3613 4609 qua-

2031 4645 2154 4692 tuor
2178 4635 2481 4707 Evangeliis
2505 4632 2684 4688 omnis
2721 4630 3128 4700 prmdicantium
3157 4629 3330 4683 virtus
3355 4637 3411 4685 et
3437 4630 3614 4686 omnis

2031 4742 2211 4783 sermo
2243 4726 2505 4787 tinuatur,
2534 4723 2648 4777 sive
2675 4721 2803 4791 quia
2832 4727 3065 4789 quatuor
3088 4726 3215 4774 sunt
3241 4718 3471 4773 virtutes
3495 4718 3616 4787 qui-

2031 4820 2132 4874 bus
2160 4816 2225 4870 ad
2252 4813 2624 4870 remercndam
2657 4812 2968 4882 sospitatem
3011 4810 3205 4865 fiducia
3235 4811 3432 4864 mentis
3455 4810 3617 4879 erigi-

2034 4922 2140 4966 tur.
2186 4909 2264 4963 De
2301 4908 2497 4977 quibus
2528 4907 2582 4959 in
2612 4912 2829 4961 tetemae
2856 4903 3146 4974 Sapientiae
3181 4902 3340 4958 laude
3364 4903 3566 4957 dicitur
3597 4945 3611 4958 .

2036 5000 2376 5056 Sobrietatcm
2407 4996 2546 5050 enim
2575 5006 2623 5049 et
2646 4995 2955 5065 sapientiam
2985 4995 3154 5059 docet,
3180 5002 3231 5046 et
3250 4993 3539 5062 justitiam;
3566 5003 3614 5044 et

2030 5096 2304 5153 virtutem,
2343 5087 2529 5158 quibus
2570 5084 2750 5139 utilius
2793 5084 2923 5138 nihil
2957 5093 3032 5139 est
3079 5086 3137 5136 in
3172 5082 3280 5135 vita
3319 5080 3613 5134 horninibus

2034 5179 2354 5257 (Sap.vm);
2385 5193 2521 5243 quas
2548 5175 2808 5239 nonnulli,
2838 5175 3009 5231 versis
3034 5170 3363 5234 nominibus,
3389 5168 3616 5239 pruden-

2034 5278 2188 5341 tiam,
2217 5271 2608 5334 fortitudinem,
2639 5267 3047 5338 temperantiam
3070 5272 3123 5319 et
3142 5260 3410 5331 justitiam
3436 5259 3615 5329 appel-

2030 5369 2160 5423 lant.

2103 5462 2172 5516 Et
2223 5458 2396 5513 videns
2437 5456 2592 5512 Iesus
2638 5455 2795 5524 ﬁdem
2838 5451 3071 5514 illorum,
3111 5449 3245 5503 diait
3284 5444 3607 5518 parulytico.

2033 5551 2271 5620 Conﬁde,
2312 5549 2412 5618 ﬁli,
2447 5549 2781 5603 remittuntur
2814 5543 2906 5595 tibi
2946 5549 3158 5611 peccata
3199 5547 3311 5592 tua.
3344 5533 3613 5606 {Hicron.)

2033 5642 2078 5697 Ο
2104 5646 2241 5696 mira
2280 5637 2585 5694 humilitas!
2628 5633 2948 5702 Despectam
2967 5672 2981 5695 ,
3008 5638 3065 5685 et
3093 5626 3349 5689 debilem,
3380 5623 3618 5692 totisque

2035 5734 2401 5789 mcmlrorum
2439 5725 2786 5796 compagibus
2827 5720 3177 5784 dissolutum,
3226 5716 3395 5772 lilium
3435 5725 3614 5776 vocat,
