3978 6190
452 319 549 376 8⁸71

1100 311 1161 364 Β.
1202 305 1451 363 RABANI
1493 303 1710 360 MAURI
1750 301 2067 357 ARCHIEP.
2111 298 2418 360 MOGUNT.
2457 292 2740 352 OPERUM
2773 289 2953 345 PARS
2993 290 3032 342 l.

3594 291 3709 347 872

446 445 604 501 quem
652 428 960 483 sacerdotes
1015 439 1118 476 non
1168 420 1528 490 dignabantur
1578 404 1863 487 attingere.
1922 417 2022 469 Aut
2050 424 2098 478 Α
2126 414 2350 469 dimissa
2383 412 2531 465 solus
2563 414 2790 462 noverat
2819 405 2912 474 qui
2950 403 3272 458 dimittebat.
3319 402 3489 471 Surge
3526 413 3713 458 autem

444 500 592 577 certe
624 520 744 575 ideo
773 518 935 571 ﬁlium
964 524 1151 577 vocat,
1192 513 1316 581 quia
1352 500 1695 565 dimittuntur
1721 510 1770 562 ei
1800 517 2019 577 peccata

446 631 563 670 sua.
594 611 775 685 (Aug.)
804 610 954 677 Quod
976 623 1105 678 ergo
1132 606 1415 660 Mattlucus
1438 605 1567 658 dicit
1590 603 1756 658 Deum
1781 603 2017 657 dixisse;

446 703 684 771 Conﬁde,
714 700 811 769 ﬁii,
853 699 1187 751 remittuntur
1215 695 1306 749 tibi
1334 703 1543 763 peccata
1574 703 1689 755 tua,
1718 693 1888 745 Lucas
1917 708 2019 746 non

446 796 600 857 dixit,
627 793 725 862 ﬁli,
754 791 869 846 sed.
900 789 1072 851 homo,
1105 787 1173 841 ad
1199 785 1523 841 sententiam
1566 783 1778 837 Domini
1803 797 2025 852 expres-

448 902 561 941 sms
591 882 964 940 insinuandam
996 881 1137 935 valet
1165 897 1177 932 :
1211 880 1338 947 quia
1375 875 1579 931 homini
1617 875 2026 929 dimittebantur

448 986 689 1050 peccata,
733 973 821 1043 qui
863 973 966 1026 hoc
995 972 1110 1040 ipso
1138 967 1278 1037 quod
1310 971 1472 1022 homo
1511 973 1664 1029 erat,
1696 980 1802 1020 non
1846 973 2028 1034 posset

447 1070 629 1126 dicere
667 1065 784 1120 Non
819 1061 1069 1134 peccavi,
1100 1059 1258 1114 simul
1296 1059 1459 1113 etiam
1490 1066 1552 1111 ut
1584 1057 1673 1111 ille
1700 1058 1792 1125 qui
1822 1056 2025 1111 homini

448 1158 753 1215 dimittebat
775 1153 1159 1222 intelligeretur
1191 1152 1347 1204 Deus.
1378 1148 1484 1203 Sed
1513 1148 1633 1202 etsi
1661 1163 1820 1217 quem
1848 1154 2030 1200 movet

447 1259 629 1306 utrum
657 1247 916 1303 Dominus
941 1245 1136 1300 dixerit
1160 1243 1301 1312 quod
1328 1241 1628 1305 Maltbmus,
1658 1256 1724 1293 an
1753 1239 1895 1308 quod
1927 1238 2027 1291 Lu-

448 1358 562 1405 cas,
592 1340 756 1401 dixit,
792 1337 927 1393 sciat
953 1343 1241 1403 utrumque
1269 1332 1419 1387 illum
1456 1330 1616 1386 simul
1644 1330 1822 1384 dicere
1850 1342 2026 1397 posse,

450 1441 565 1491 aut,
591 1429 812 1498 conﬁde,
840 1435 1017 1491 homo,
1039 1426 1375 1479 dimittuntur
1400 1423 1493 1477 tibi
1520 1432 1751 1491 peccata,
1774 1420 1885 1490 ﬁli;
1915 1429 2026 1484 aut,

448 1525 672 1594 conﬁde,
720 1522 820 1591 ﬁli,
862 1520 1197 1574 dimittuntur
1235 1517 1327 1570 tibi
1366 1525 1597 1585 peccata,
1624 1515 1797 1567 homo.
1845 1510 2029 1581 (Joan:

450 1613 745 1683 Chrysost.)
787 1610 1106 1665 Intuendum
1148 1622 1276 1663 sane
1302 1614 1563 1677 quantum
1604 1604 1819 1674 propria
1859 1600 2035 1670 cujus-

450 1720 555 1772 que
577 1703 707 1759 ﬁdes
727 1702 865 1772 apud
888 1701 1056 1755 Deum
1077 1699 1274 1762 valeat,
1297 1699 1386 1753 ubi
1419 1705 1622 1751 tantum
1645 1696 1814 1750 valuit
1833 1695 2026 1759 aliena,

2124 516 2173 557 et
2198 503 2429 567 ambula,
2461 512 2575 567 tam,
2598 500 2642 553 is
2666 498 2757 566 qui
2787 495 3060 566 surgebat,
3086 510 3246 563 quam
3278 495 3457 565 hi.qui
3487 510 3715 563 surgen-

2127 608 2232 651 tem
2263 594 2533 655 videbant,
2570 588 2869 658 approbare
2895 593 3162 655 poterant.
3190 585 3278 639 Fit
3304 585 3470 655 igitur
3492 584 3715 639 carnale

2126 689 2336 755 signum
2385 694 2445 737 ut
2491 683 2747 753 probetur
2792 676 3067 748 spiritale,
3109 692 3417 745 quanquam
3468 677 3712 745 ejusdem

2127 779 2342 832 virtutis
2369 778 2439 831 sit
2464 786 2517 830 ct
2552 772 2795 842 corporis
2832 778 2886 825 et
2920 770 3114 823 animae
3142 768 3270 822 vitia
3305 768 3600 824 dimittere.
3647 769 3714 822 Et

2128 872 2280 925 datur
2310 868 2465 923 nobis
2509 864 2859 934 intelligentia
2899 870 3118 931 propter
3160 868 3382 930 peccata
3426 859 3716 929 plerasque

2126 960 2343 1016 evenire
2391 970 2675 1026 corporum
2728 952 3051 1009 debilitates.
3108 950 3177 1005 Et
3232 951 3435 1006 idcirco
3484 949 3714 1006 forsitan

2128 1051 2277 1123 prius
2299 1049 2642 1105 dimittuntur
2662 1050 2887 1114 peccata
2918 1051 2977 1097 ut
2993 1083 3008 1105 ,
3032 1041 3210 1097 causis
3231 1041 3532 1097 debilitatis
3568 1042 3717 1096 abla-

2129 1145 2217 1208 tis,
2247 1141 2448 1196 sanitas
2473 1138 2806 1194 restituatur.

2201 1226 2797 1304 (lt.\e.\uus.)‘Quzedam
2816 1224 3081 1295 siquidem
3104 1232 3230 1279 sunt
3250 1221 3566 1277 diﬂ'erentia:
3586 1238 3715 1277 cau-

2130 1339 2336 1389 sarum,
2360 1339 2462 1393 pro
2489 1322 2684 1391 quibus
2707 1320 2762 1374 in
2788 1319 2893 1374 bac
2915 1318 3028 1372 vita
3054 1315 3318 1370 molestiis
3342 1315 3719 1384 corporalibus

2131 1414 2437 1486 afﬂigimur.
2480 1412 2589 1466 Aut
2613 1412 2758 1466 enim
2792 1408 2859 1462 ad
2893 1406 3085 1461 merita
3116 1405 3359 1475 augenda
3385 1404 3720 1483 perpatien-

2134 1507 2264 1560 tiam
2305 1502 2438 1573 justi
2480 1500 2722 1569 corporis
2764 1497 3078 1553 inﬁrmitate
3116 1503 3430 1565 gravantur,
3469 1503 3529 1547 ut
3572 1494 3718 1548 beati

2131 1595 2320 1649 Patres
2348 1591 2448 1646 Job
2473 1599 2529 1645 et
2560 1588 2776 1655 Tobias,
2804 1596 2861 1643 et
2892 1586 3162 1641 innumeri
3191 1594 3461 1656 martyres
3492 1583 3547 1637 in
3569 1593 3719 1638 utro-

2132 1702 2236 1757 que
2260 1687 2635 1748 Testamento;
2669 1691 2764 1736 aut
2806 1681 2877 1735 ad
2916 1679 3216 1736 custodiam
3244 1677 3503 1730 virtutum
3532 1691 3720 1746 perce-

451 1770 509 1849 ut
539 1801 685 1848 totus
716 1770 879 1847 homo
905 1798 1145 1859 repente,
1178 1791 1281 1844 hoc
1305 1797 1389 1843 est
1414 1789 1651 1843 exterius
1679 1788 2030 1857 interiusque,
2063 1775 2108 1834 B
2136 1790 2370 1851 ptarum,
2398 1792 2469 1834 ne
2498 1776 2751 1849 superbia
2778 1782 3017 1830 tentante
3040 1772 3350 1841 dispeream
3377 1788 3393 1824 :
3424 1770 3567 1825 sicut
3592 1785 3722 1841 apo-

448 1887 560 1956 jam
595 1884 831 1940 salvatus
860 1890 1193 1952 exsurgeret,
1222 1879 1556 1947 aliorumque
1586 1878 1779 1933 merito
1801 1876 1921 1933 aliis
1949 1894 2034 1933 re-

452 1977 765 2031 laxarentur
787 1981 987 2028 errata.
1015 1972 1177 2025 Audit
1199 1970 1411 2025 veniam
1435 1977 1490 2024 ct
1519 1978 1661 2024 tacet
1681 1968 2031 2041 paralyticus,

453 2083 553 2123 nec
596 2065 756 2120 ullam
792 2063 1084 2133 respondet
1126 2061 1354 2132 gratiam
1394 2080 1406 2113 :
1455 2061 1580 2129 quia
1629 2060 1748 2131 plus
1791 2060 2035 2130 corporis

451 2172 614 2229 quam
661 2155 853 2210 animae
900 2154 1158 2209 tendebat
1213 2153 1279 2206 ad
1332 2166 1557 2218 curam,
1609 2160 1662 2206 et
1714 2151 2035 2221 temporales

452 2264 720 2305 aerumnas
750 2247 969 2304 resoluti
1014 2248 1256 2316 corporis
1297 2246 1375 2301 sic
1414 2247 1671 2311 deﬂebat,
1712 2254 1769 2300 ut
1805 2255 2035 2301 aeternas

452 2356 643 2412 poenas
687 2339 1020 2395 resolutioris
1063 2339 1257 2392 animae
1302 2352 1404 2392 non
1449 2335 1700 2401 deﬂoret,
1746 2337 2035 2407 gratiorem

454 2431 557 2486 sibi
599 2436 920 2500 praesentem
949 2429 1115 2482 vitam
1148 2426 1397 2493 judicans
1422 2443 1584 2498 quam
1622 2425 1877 2501 futuram.
1923 2425 2036 2481 Ide-

455 2520 561 2575 rilo
589 2518 838 2573 Christus
874 2515 1217 2572 oﬂ'erentium
1261 2517 1418 2571 ﬁdem
1465 2516 1719 2586 respicit,
1762 2525 1818 2571 et
1850 2530 2038 2572 vecor-

455 2608 599 2664 diam
639 2609 718 2663 sic
752 2606 983 2676 jacentis
1020 2606 1274 2676 respicit,
1304 2614 1365 2660 ut
1405 2606 1528 2662 ﬁdei
1560 2605 1748 2661 alienae
1784 2604 2038 2676 suﬂ‘ragio

456 2697 737 2769 paralytici
764 2697 945 2751 anima
974 2704 1095 2751 ante
1122 2703 1407 2751 curaretur
1429 2711 1592 2765 quam
1619 2711 1834 2767 corpus.

528 2790 595 2844 Et
622 2806 736 2844 ecce
773 2790 987 2861 quidam
1017 2789 1080 2844 de
1109 2789 1292 2843 scribis
1330 2789 1572 2842 dixerunt
1612 2790 1753 2844 intra
1789 2807 1843 2845 se
1876 2804 1895 2842 .'
1935 2786 2039 2845 Hic

456 2881 797 2952 blasphemat.
832 2878 1101 2950 (Hieron.)
1142 2878 1298 2945 Quod
1341 2888 1524 2933 autem
1551 2880 1785 2935 dixerint
1818 2879 1891 2934 illi
1920 2894 2041 2936 esse

458 2971 865 3042 blasphemiam,
894 2968 1107 3024 Marcus
1132 2976 1528 3037 consequenter
1553 2971 1794 3038 exponit,
1822 2970 2036 3024 dicens:

459 3062 615 3128 Quis,
663 3062 940 3132 inquiunt,
988 3069 1152 3131 potest
1201 3061 1457 3115 dimittere
1496 3071 1707 3131 peccata
1754 3061 1855 3116 nisi
1896 3059 2038 3115 solus

457 3125 636 3205 Deus?
675 3125 927 3221 Legimus
962 3125 1017 3205 in
1059 3152 1320 3221 propheta
1355 3125 1567 3206 dicente
1600 3169 1613 3205 :
1654 3151 1768 3222 Ego
1797 3168 1910 3206 sum
1949 3154 2039 3223 qui
2068 3125 2112 3185 Ο

457 3243 604 3298 deleo
636 3243 933 3312 iniquitates
959 3251 1078 3296 tuas
1109 3241 1246 3310 (Isa.
1276 3242 1449 3314 xuii).
1480 3242 1884 3312 Consequenter
1912 3259 2042 3312 ergo

459 3333 653 3389 scribae
679 3333 807 3403 quia
838 3332 1110 3386 hominem
1144 3333 1407 3402 putabant
1441 3341 1496 3387 et
1525 3334 1686 3388 verba
1725 3332 1819 3387 Dei
1850 3333 2044 3387 intelli-

457 3425 679 3496 gebant,
705 3429 937 3493 arguunt
957 3437 1081 3476 eum
1105 3421 1473 3491 blasphcmire.
1503 3421 1630 3487 Sed,
1651 3422 1779 3477 licet
1803 3422 2044 3478 nescien-

458 3526 561 3580 tes,
587 3531 774 3571 verum
815 3515 1079 3579 dicebant,
1118 3514 1242 3585 quia
1279 3528 1436 3569 nemo
1481 3513 1754 3569 dimittere
1797 3523 2039 3583 peccata,

460 3607 566 3661 nisi
594 3608 757 3673 Deus,
786 3613 969 3677 potest
997 3622 1011 3658 :
1044 3606 1134 3675 qui
1164 3620 1262 3675 per
1284 3620 1379 3660 cos
1405 3620 1618 3676 quoque
1643 3604 1894 3670 dimittit,
1926 3604 2045 3674 qui-

459 3701 561 3753 bus
597 3696 903 3753 dimittendi
947 3696 1094 3752 dedit
1135 3706 1477 3766 potestatem.
1526 3696 1595 3750 Et
1642 3696 1761 3751 ideo
1796 3694 2043 3751 Christus

457 3806 586 3846 vere
636 3790 779 3845 Deus
824 3803 947 3845 esse
989 3788 1281 3858 probatur,
1329 3788 1454 3858 quia
1507 3788 1779 3844 dimittere
1824 3795 2044 3857 peccata

456 3878 615 3949 quasi
637 3880 780 3934 Deus
805 3886 1004 3949 potest.
1038 3875 1237 3932 Verum
1265 3877 1377 3932 Deo
1400 3877 1766 3933 testimonium
1793 3876 2042 3943 reddunt,

458 3970 554 4026 sed
603 3982 893 4039 personam
937 3966 1138 4023 Christi
1186 3968 1470 4037 negando,
1521 3965 1795 4022 falluntur.
1846 3967 2045 4021 Errant

460 4064 641 4131 itaque
668 4060 838 4117 Judazi
873 4060 1001 4130 qui,
1041 4076 1164 4115 cum
1200 4060 1474 4116 Christum
1504 4069 1561 4116 et
1602 4060 1769 4115 Deum
1798 4075 1949 4125 esse,
1991 4069 2045 4114 et

459 4161 680 4223 peccata
707 4151 979 4206 dimittere
1007 4166 1163 4221 posse
1192 4151 1438 4215 credant,
1472 4149 1655 4206 .Iesum
1687 4159 1866 4206 tamen
1890 4150 2047 4207 Chri—

458 4252 609 4299 stum
629 4256 748 4298 esse
778 4255 884 4296 non
910 4242 1157 4296 credunt.
1189 4240 1295 4297 Sed
1326 4242 1495 4296 multo
1531 4241 1835 4296 dementius
1862 4251 2046 4297 errant

457 4336 678 4401 Ariani,
705 4334 798 4404 qui
826 4348 949 4388 cum
985 4331 1170 4388 Jesum
1206 4341 1263 4387 et
1297 4331 1572 4387 Christum
1600 4347 1718 4387 esse
1746 4342 1800 4387 et
1822 4328 2043 4402 peccata

458 4441 616 4497 posse
644 4424 935 4487 dimittere,
965 4421 1241 4493 Evangelii
1265 4422 1447 4477 verbis
1473 4410 1689 4487 devicti,
1719 4437 1914 4491 negare
1936 4438 2039 4477 non

459 4518 696 4580 audent,
736 4514 1086 4569 nihilominus
1128 4515 1297 4568 Deum
1338 4529 1536 4583 negare
1576 4529 1683 4569 non
1724 4515 1933 4570 timent.
1974 4518 2045 4573 At

461 4608 575 4676 ipse
612 4604 845 4676 perﬁdos
886 4603 1092 4659 salvare
1130 4603 1468 4669 desiderans,
1501 4612 1557 4658 et
1596 4604 1927 4661 occultorum
1958 4624 2047 4663 co-

459 4698 699 4768 gnitione
752 4702 806 4750 et
857 4682 1054 4749 virtute
1100 4709 1325 4764 operum
1375 4695 1544 4749 Deum
1596 4710 1654 4749 se
1703 4710 1822 4751 esse
1878 4699 2051 4752 mani-

461 4789 643 4844 festat.
1656 4790 1659 4795 ’

532 4882 602 4936 Et
644 4898 761 4935 cum
803 4881 1008 4936 vidisset
1050 4879 1208 4935 Iesus
1253 4882 1592 4952 cogitationes
1625 4899 1824 4946 eorum,
1863 4883 2046 4937 dixit:

467 4970 660 5044 thuid
684 4970 921 5042 cogitatis
945 4969 1088 5026 male
1117 4972 1172 5026 in
1202 4972 1443 5027 cordibus
1473 4973 1688 5027 vestris?
1712 4972 1960 5028 Ostendit
1988 4989 2048 5028 se

463 5064 651 5128 Deum,
677 5062 769 5133 qui
803 5069 980 5133 potest
1008 5061 1189 5117 cordis
1213 5063 1424 5118 occulta
1462 5078 1809 5133 cognoscere,
1832 5073 1886 5118 et
1914 5079 2050 5133 quo-

461 5153 748 5209 dammodo
776 5160 960 5208 tacens
989 5151 1230 5221 loquitur
1263 5170 1276 5205 :
1312 5151 1510 5208 Eadem
1553 5153 1836 5221 majestate
1865 5160 1922 5206 et
1955 5167 2047 5222 po-

463 5246 627 5301 tentia
667 5259 774 5314 qua
814 5244 1169 5315 cogitationes
1209 5251 1421 5298 vestras
1460 5243 1695 5307 intueor,
1736 5257 1954 5313 possum
1994 5250 2049 5296 et

462 5336 767 5392 hominibus
789 5334 984 5390 delicta
1008 5334 1299 5390 dimittere.
1324 5334 1400 5388 Ex
1424 5335 1578 5389 vobis
1607 5334 1889 5405 intelligite
1918 5334 2048 5403 quid

459 5427 790 5497 paralyticu‘s
818 5433 1206 5496 consequatur.

534 5518 675 5582 Quid
716 5516 925 5586 facilius
954 5525 1028 5571 est
1065 5517 1260 5581 dicere,
1303 5515 1648 5569 Dimittuntur
1681 5516 1775 5569 tibi
1810 5523 2045 5584 peccata,

463 5618 555 5660 aut
583 5610 774 5672 dicere,
804 5605 970 5679 Surge
1003 5620 1052 5664 et
1081 5609 1335 5663 ambula?
1374 5609 1520 5664 Inter
1547 5610 1726 5665 dicere
1753 5618 1809 5664 et
1844 5608 2045 5674 facere,

468 5695 634 5750 multa
672 5698 925 5753 distantia
960 5708 1061 5755 est.
1105 5699 1296 5755 Utrum
1339 5700 1449 5755 sint
1487 5698 1786 5771 paralytico
1825 5708 2047 5765 peccata

2069 4474 2121 4531 D

2132 1872 2271 1927 stolo
2295 1870 2483 1935 Paulo,
2511 1868 2622 1934 cui,
2648 1882 2716 1922 ne
2741 1865 3109 1938 magnitudine
3133 1861 3525 1918 revelationum
3549 1861 3713 1916 estol-

2133 1965 2351 2028 leretur,
2374 1963 2529 2016 datus
2551 1970 2623 2014 est
2647 1958 2891 2014 stimulus
2918 1957 3093 2010 carnis
3120 1971 3232 2008 sure
3257 1952 3476 2023 angelus
3502 1951 3719 2007 Saturne

2131 2058 2219 2128 qui
2242 2072 2360 2111 eum
2385 2052 2731 2125 coiaphizaret
2755 2050 2840 2123 (11
2862 2048 2987 2104 Cor.
3011 2047 3141 2118 xu);
3169 2052 3263 2100 aut
3283 2046 3349 2099 ad
3372 2044 3717 2113 intelligenda

2134 2158 2190 2203 et
2208 2144 2523 2216 corrigenda
2544 2149 2764 2213 peccata
2787 2147 2993 2203 nostra,
3012 2139 3151 2192 sicut
3172 2135 3337 2191 Maria
3361 2150 3520 2190 soror
3535 2135 3716 2186 Aaron

2136 2240 2189 2294 in
2213 2252 2396 2293 eremo
2419 2236 2490 2291 oh
2513 2236 2676 2290 verba
2706 2232 3026 2288 temeritatis
3053 2239 3108 2285 et
3136 2227 3401 2298 superbiae
3424 2226 3577 2296 lepra
3604 2242 3723 2296 per-

2135 2343 2293 2385 cussa
2327 2335 2412 2382 est
2442 2325 2632 2400 (Num.
2659 2323 2759 2394 xu)
2792 2341 2806 2377 :
2837 2322 2978 2377 sicut
3006 2320 3335 2391 paralyticus
3363 2317 3429 2372 de
3468 2331 3579 2386 quo
3617 2325 3722 2370 tra-

2133 2431 2345 2477 ctamus
2362 2421 2476 2490 qui,
2491 2433 2596 2472 non
2618 2417 2721 2472 nisi
2743 2415 2987 2472 dimissis.
2998 2415 3170 2484 primo
3191 2410 3446 2482 peccatis,
3460 2409 3635 2478 potuit
3651 2408 3722 2463 ab

2137 2510 2448 2566 inﬁrmitate
2480 2508 2690 2572 curari;
2732 2515 2825 2561 aut
2853 2506 2918 2561 ad
2946 2506 3172 2576 gloriam
3199 2502 3293 2558 Dei
3320 2501 3582 2556 salvantis
3609 2499 3723 2554 sive

2137 2617 2235 2674 per
2260 2602 2519 2672 seipsum,
2549 2601 2661 2655 sive
2687 2614 2785 2669 per
2810 2597 3039 2653 famulos
3074 2611 3221 2661 suos,
3251 2595 3393 2651 sicut
3417 2608 3595 2648 caecus
3619 2607 3719 2645 na-

2139 2707 2225 2751 tus
2251 2697 2308 2751 in
2337 2695 2628 2765 Evangelio
2658 2693 2840 2765 (Joan.
2866 2691 2963 2763 ιχ),
2993 2690 3084 2761 qui
3110 2704 3285 2759 neque
3318 2689 3434 2757 ipse
3456 2686 3718 2755 peccavit,

2140 2802 2315 2858 neque
2341 2795 2595 2857 parentes
2633 2785 2769 2856 ejus,
2811 2782 2907 2838 sed
2944 2790 3005 2837 ut
3041 2779 3524 2836 manifestarentur
3559 2790 3723 2846 opera

2140 2879 2234 2936 Dei
2267 2879 2321 2934 in
2350 2879 2440 2934 illo
2466 2897 2479 2933 :
2511 2880 2652 2934 sicut
2692 2877 2948 2941 Lazarus,
2979 2874 3131 2943 cujus
3172 2873 3463 2929 inﬁrmitas
3489 2887 3596 2927 non
3622 2870 3725 2925 fuit

2141 2974 2210 3029 ad
2238 2980 2486 3037 mortem,
2517 2970 2610 3026 sed
2637 2985 2737 3040 pro
2761 2969 2930 3039 gloria
2959 2967 3080 3034 Dei,
3112 2974 3176 3021 ut
3204 2964 3603 3037 gloriﬁcaretur
3631 2962 3722 3017 Fi-

2141 3066 2247 3119 lius
2272 3065 2369 3119 Dei
2412 3078 2511 3133 per
2549 3077 2674 3116 eum
2706 3061 2886 3133 (Joan.
2916 3058 3031 3131 1|);
3077 3067 3171 3113 aut
3211 3058 3278 3112 ad
3324 3057 3725 3112 inchoationem

2143 3156 2505 3213 damnationis
2525 3162 2760 3215 teternzc,
2780 3153 2923 3222 quod
2943 3150 3291 3221 reproborum
3310 3156 3396 3204 est
3412 3150 3724 3219 proprium:

2141 3248 2280 3302 sicut
2297 3245 2596 3301 Antiochus
2610 3242 2657 3315 (1
2668 3242 2694 3296 I
2712 3243 2762 3297 M
2769 3244 2885 3297 ach.
2902 3242 2980 3313 ix)
3000 3250 3057 3297 et
3073 3241 3314 3297 llerodes
3339 3240 3477 3307 (Act.
3493 3240 3615 3309 xu),
3632 3240 3727 3309 qui

2141 3345 2370 3406 uterque
2408 3349 2507 3389 suo
2553 3344 2792 3403 tempore
2834 3333 3092 3387 adversus
3129 3333 3298 3386 Deum
3340 3343 3726 3403 repugnantes,

2141 3436 2273 3498 quot
2317 3433 2711 3481 tormentorum
2747 3424 2803 3478 in
2843 3426 3087 3496 gebenna
3116 3434 3375 3494 perpetuo
3399 3424 3617 3493 passuri
3644 3440 3730 3479 es-

2144 3526 2282 3582 sent,
2310 3517 2655 3586 praesentium
2690 3513 3039 3569 afﬂictionum
3066 3515 3282 3569 miseria
3311 3515 3525 3569 cunctis
3550 3523 3732 3569 osten-

2144 3612 2342 3667 debant
2374 3630 2387 3665 :
2420 3596 2624 3680 quibus
2642 3610 2892 3665 convenit
2920 3609 3052 3663 illud
3076 3609 3357 3679 Propheta:
3389 3628 3402 3663 :
3435 3608 3506 3662 Et
3532 3609 3730 3680 duplici

2143 3702 2452 3757 contritione
2480 3712 2684 3755 contere
2705 3717 2792 3755 eos
2824 3698 2958 3772 (Jer.
2989 3699 3139 3773 xvu).

2217 3793 2369 3849 Unde
2398 3807 2620 3848 necesse
2640 3801 2724 3847 est
2746 3792 2805 3845 in
2833 3792 3085 3847 omnibus
3111 3792 3202 3862 qui
3236 3790 3603 3860 temporaliter
3631 3791 3727 3843 ad-

2144 3900 2299 3942 versa
2331 3884 2590 3954 patimur,
2620 3898 2742 3938 cum
2774 3883 3081 3938 humilitate
3105 3882 3332 3937 Domino
3360 3882 3568 3953 gratias
3606 3896 3734 3952 aga-

2145 3992 2297 4041 mus;
2331 3985 2386 4029 et
2414 3973 2744 4028 inﬁrmitatis
2767 3982 2967 4028 nostra:
2994 3973 3219 4039 conscii,
3250 3975 3316 4029 dc
3343 3972 3557 4028 collatis
3578 3972 3733 4026 nobis

2147 4064 2399 4119 remediis
2427 4063 2760 4133 gratulemur
2785 4078 3006 4119 necesse
3030 4072 3135 4130 est,
3162 4073 3220 4118 ut
3247 4064 3316 4119 ad
3341 4063 3730 4118 conscientiam

2148 4164 2388 4209 nostram
2424 4153 2626 4209 reversi
2650 4153 2881 4210 solerter
2909 4170 3071 4226 opera
3100 4163 3282 4210 nostra
3309 4155 3471 4209 simul
3501 4165 3555 4210 et
3584 4153 3734 4223 engi-

2150 4247 2379 4301 tationes
2421 4245 2783 4312 exploremus,
2817 4255 2871 4300 et
2910 4246 3168 4317 quidquid
3206 4262 3306 4302 nos
3348 4262 3608 4318 peccasse
3640 4246 3734 4300 de-

2146 4334 2529 4406 prehendimus
2554 4337 2715 4407 digna
2740 4337 3091 4407 castigatione
3120 4352 3441 4408 purgemus;
3472 4337 3735 4406 quidquid

2148 4427 2214 4483 de
2240 4427 2323 4482 bis
2346 4444 2465 4497 qua:
2490 4443 2589 4482 nos
2620 4436 2764 4483 recte
2795 4427 2986 4483 fecisse
3015 4427 3385 4495 credebamus,
3416 4429 3548 4483 vitio
3578 4428 3736 4482 nobis

2147 4518 2400 4573 elationis
2438 4518 2644 4587 perisse
2681 4518 3064 4587 comperimus,
3110 4527 3164 4573 et
3209 4516 3311 4573 hoc
3338 4518 3531 4573 humili
3568 4519 3732 4572 satis-

2150 4609 2384 4665 factione
2431 4609 2756 4679 castigemus
2807 4628 2818 4661 :
2872 4608 2987 4663 hazc
3031 4608 3175 4663 enim
3222 4608 3380 4663 nobis
3425 4608 3623 4677 saepius
3675 4608 3733 4660 tit

2152 4720 2315 4760 causa
2343 4703 2693 4776 ﬂagellorum.
2730 4703 2996 4759 Caeterum
3023 4704 3338 4759 innocentes
3367 4715 3423 4759 et
3459 4705 3643 4772 justas
3666 4705 3730 4758 ad

2153 4803 2438 4865 augmenta
2467 4794 2808 4864 praemiorum
2839 4792 3091 4864 ﬂagellari
3123 4792 3489 4862 perfectorum
3523 4804 3608 4851 est
3640 4797 3736 4851 da-

2155 4900 2283 4939 num
2318 4884 2549 4955 speciale
2582 4884 2820 4938 virorum
2852 4903 2863 4936 :
2895 4883 3213 4939 verberibus
3245 4894 3426 4940 autem
3465 4897 3735 4956 tempora-

2149 4974 2290 5029 libus
2317 4975 2382 5029 ad
2412 4981 2611 5028 interna
2660 4982 2923 5028 tormenta
2950 4975 3229 5044 compelli,
3277 4977 3734 5046 imposnitentium

2150 5075 2234 5121 est
2260 5081 2417 5137 poena
2444 5048 2813 5136 reproborum].

2225 5155 2291 5210 Ut
2329 5157 2506 5210 sciatis
2549 5169 2722 5211 autem
2748 5158 2990 5228 quoniam
3019 5157 3161 5227 ﬁlius
3191 5158 3418 5214 hominis
3454 5160 3609 5215 habet
3643 5177 3733 5230 po-

2151 5256 2385 5300 testatem
2415 5246 2469 5298 in
2502 5256 2642 5298 terra
2668 5246 2961 5301 dimittendi
2993 5258 3227 5317 peccata,
3258 5259 3383 5303 tunc
3421 5252 3497 5304 ait
3525 5252 3733 5322 paralg—

2150 5337 2252 5390 tico
2280 5353 2298 5390 :
2342 5335 2527 5406 Surge,
2559 5335 2682 5391 tolle
2720 5336 2906 5391 lectum
2944 5348 3123 5404 tuum,
3167 5350 3214 5394 et
3251 5340 3383 5394 vade
3426 5341 3481 5395 in
3522 5343 3730 5395 domum

2151 5435 2315 5479 tuam.
2350 5424 2561 5497 (Beda.)
2595 5426 2651 5481 Si
2681 5435 2736 5481 et
2765 5428 2902 5481 Deus
2929 5436 3012 5481 est
3035 5427 3191 5495 juxta
3223 5428 3566 5485 Psalmistam
3589 5472 3603 5497 ,
3642 5430 3729 5499 qui

2149 5525 2402 5584 quantum
2442 5514 2601 5567 distat
2632 5517 2806 5570 oriens
2845 5518 2909 5569 ab
2949 5533 3170 5583 occasu,
3213 5517 3473 5588 elongarit
3516 5538 3547 5573 a
3589 5519 3731 5573 nobis

2151 5610 2451 5680 iniquitates
2484 5619 2690 5662 nostras
2720 5607 2889 5681 (Pani.
2925 5610 3045 5681 cn),
3085 5620 3140 5667 et
3163 5611 3307 5681 ﬁlius
3336 5612 3563 5670 hominis
3584 5623 3733 5681 pote-

2151 5708 2337 5754 statem
2370 5699 2520 5753 habet
2551 5700 2606 5753 in
2635 5710 2771 5755 terra
2810 5701 3104 5757 dimittendi
3126 5711 3337 5775 peccata
3374 5716 3393 5755 :
3435 5717 3565 5772 ergo
3590 5703 3740 5757 idem
