3978 6190
294 351 406 411 873

1264 340 1615 401 COMMENT.
1656 343 1722 399 l.\’
1760 343 2196 401 MATTHJEUM.
2236 377 2306 389 -—
2345 346 2473 403 LIB.
2516 347 2599 409 ill.

3482 349 3587 408 87s

289 468 415 538 ipse
448 471 501 519 et
528 461 672 517 Deus
704 468 759 514 ct
793 460 932 515 ﬁlius
959 459 1196 517 hominis
1226 468 1339 539 est;
1380 469 1437 515 ut
1465 468 1519 513 et
1545 460 1706 515 homo
1734 456 1889 515 Chri-
1917 465 1966 523 Α
1995 458 2163 515 monis
2188 455 2367 529 (Prov.
2400 461 2553 530 xvur)
2574 476 2587 524 ;
2612 469 2665 513 et
2688 459 2738 514 in
2767 458 2871 514 alio
2891 459 3008 515 loco
3029 478 3040 512 :
3060 459 3448 530 Dictupcccata
3472 472 3588 529 tua,

289 568 414 615 stus
440 571 538 629 per
564 553 866 612 divinitatis
893 567 1005 609 sua:
1037 552 1332 625 potentiam
1373 559 1593 622 peccata
1625 552 1897 608 dimittere

286 649 499 723 possit,
536 654 591 701 et
622 645 763 701 idem
809 644 952 699 Deus
986 643 1235 700 Christus
1278 660 1376 715 per
1404 644 1756 699 humanitatis
1785 659 1897 700 suae

289 732 649 812 fragilitatem
699 750 798 809 pro
844 734 1224 807 peccatoribus
1273 734 1433 789 mori.
1486 732 1684 806 (Joan.
1732 733 1896 805 Chr.)

292 833 583 890 Scrutator
607 830 910 885 animarum
941 829 1202 902 praevenit
1231 827 1507 885 mentium'
1536 820 1732 900 magna
1760 845 1894 885 con-

290 925 438 983 silia.
488 922 557 978 Et
583 908 942 979 deitatis'sute
987 920 1282 993 potentiam
1328 910 1507 991 operis
1549 922 1898 979 attestatione

291 1014 655 1079 monstravit,
682 1013 812 1069 dum
846 1011 1095 1083 dissipati
1120 1012 1368 1082 corporis
1404 1012 1647 1068 membra
1679 1026 1899 1083 compo—

288 1108 413 1173 nit,
458 1102 675 1162 nervos
701 1104 954 1175 stringit,
999 1118 1123 1160 ossa
1156 1103 1409 1174 complet,
1444 1103 1655 1185 viscera
1693 1103 1894 1185 ﬁrmat,

288 1199 551 1255 virtutem
581 1207 636 1255 et
658 1192 877 1269 gressus
906 1197 975 1252 ad
1002 1211 1221 1253 cursum
1247 1196 1476 1276 suscitat
1498 1180 1704 1271 indvivo
1732 1180 1895 1253 cada-

288 1304 423 1345 vere
442 1284 561 1357 jam
588 1287 847 1359 sepultos.
883 1284 1047 1352 Tolle,
1077 1286 1184 1351 ait,
1218 1285 1408 1340 lectum
1432 1296 1582 1339 tuum
1611 1300 1629 1337 :
1657 1286 1761 1341 hoc
1789 1294 1893 1348 est.

288 1389 451 1452 porta
478 1387 803 1450 portantem,
838 1377 1022 1432 oneris
1051 1384 1200 1431 muta
1226 1376 1396 1442 vices,
1424 1364 1487 1430 ut
1513 1376 1656 1445 quod
1686 1375 1785 1430 fuit
1814 1376 1893 1430 in-

289 1470 572 1531 ﬁrmitatis
599 1467 1001 1533 testimonium,
1044 1464 1119 1522 sit
1157 1466 1406 1536 probatio
1440 1466 1708 1521 sanitatis.
1755 1462 1895 1519 Vade

2000 558 2056 603 ut
2073 550 2385 619 justi/iceris
2419 550 2552 619 (lsa.
2601 549 2775 622 mn).
2819 550 3128 606 Matthzeum
3156 567 3213 606 se
3251 560 3308 606 et
3341 553 3588 625 publica-

2000 658 2129 700 num
2159 643 2422 706 nominat,
2444 652 2505 697 ut
2526 644 2774 698 ostendat
2797 642 3119 716 legentibus,
3160 644 3366 700 nullum
3391 645 3592 702 debere

1999 731 2225 789 salutem
2284 733 2594 801 desperare,
2649 733 2691 787 si
2741 734 2808 787 ad
2861 734 3081 813 meliora
3126 750 3424 791 conversus
3475 736 3544 793 sit
3573 777 3589 801 ,

1999 838 2121 879 cum
2158 824 2270 894 ipse
2309 825 2374 879 de
2409 824 2699 896 publicano
2754 826 2810 879 in
2864 826 3181 904 Apostolum
3237 828 3309 884 sit
3361 821 3587 897 repente

1999 922 2256 970 mutatus.
2301 913 2517 987 (Beda)
2561 915 2683 970 Levi
2709 916 2854 970 enim
2898 917 3285 988 interpretatur
3331 918 3546 974 additus
3572 961 3587 985 ,

1998 996 2114 1059 sive
2143 1017 2463 1075 assumptus.
2489 1006 2643 1075 Quod
2666 1007 2828 1062 etiam
2853 1025 3047 1065 nomen
3072 1009 3248 1064 eidem
3278 1010 3366 1064 cui
3403 1010 3589 1065 datum

1998 1102 2107 1156 est.
2149 1096 2515 1152 testimonium
2556 1098 2822 1175 perhibet.
2848 1097 3143 1168 Signiﬁcat
3192 1116 3426 1169 namque
3461 1102 3587 1170 quia

1999 1194 2308 1257 assumptus
2345 1197 2429 1242 est
2470 1203 2568 1260 per
2609 1190 2929 1246 electionem
2968 1208 2997 1245 a
3044 1191 3288 1256 Domino,
3340 1202 3395 1247 et
3431 1192 3587 1247 addi-

1999 1284 2088 1331 tus
2130 1275 2198 1329 ad
2235 1292 2517 1333 numerum
2563 1281 2765 1352 gradus
2806 1282 3109 1352 apostolici.
3157 1280 3340 1354 (Aug)
3388 1281 3589 1338 Notati-

1998 1365 2124 1419 dum
2155 1375 2333 1421 autem
2364 1367 2507 1439 quod
2549 1369 2691 1425 hanc
2728 1371 3064 1426 vocationem
3105 1387 3260 1447 suam
3303 1370 3591 1429 Matthzeus

2000 1456 2212 1511 videtur
2261 1461 2687 1531 praetermissam
2740 1462 2827 1518 hic
2873 1464 3169 1519 recordari.
3216 1464 3354 1532 Quia
3400 1464 3590 1534 utique

290 1561 347 1616 in
378 1562 593 1615 domum
618 1572 763 1617 (nam
801 1570 819 1610 ε
861 1573 931 1615 ne
962 1558 1274 1619 Christiana
1312 1558 1416 1614 ﬁde
1453 1567 1673 1613 curatus
1712 1559 1765 1612 in
1796 1560 1895 1614 viis
1994 1555 2124 1601 autc
2158 1546 2307 1601 illum
2340 1562 2645 1605 sermonem
2674 1552 2917 1607 habitum
2945 1554 2997 1606 in
3027 1563 3230 1617 monte,
3261 1554 3588 1608 credendum

288 1649 536 1706 Iudaicae
567 1649 809 1720 perﬁdia)
826 1648 945 1718 jam
970 1648 1200 1704 moreris

364 1741 701 1812 Spiritaliter
722 1749 924 1808 autem,
949 1755 1172 1811 surgere
1198 1739 1265 1795 de
1294 1737 1436 1799 lecto
1461 1742 1546 1794 est
1573 1738 1808 1793 animant
1835 1755 1894 1803 se

1997 1644 2081 1689 est
2134 1645 2384 1693 vocatum
2436 1652 2555 1693 esse
2593 1639 2919 1695 Matthaaum.
2968 1641 3024 1695 ln
3068 1657 3135 1697 eo
3175 1641 3371 1713 quippe
3408 1652 3591 1699 monte

1999 1738 2125 1783 tunc
2153 1728 2327 1784 Lucas
2356 1740 2747 1787 commemorat
2790 1747 2979 1787 omnes
3007 1732 3290 1787 duodecim
3318 1749 3382 1786 ex
3424 1733 3590 1802 pluri—

289 1849 322 1888 a
346 1818 659 1908 carnalibus
680 1831 983 1907 desideriis,»
1005 1820 1096 1886 ubi
1126 1826 1265 1901 a‘gra
1290 1822 1529 1901 jacebat,
1552 1830 1889 1886 abstrahere.

2003 1825 2103 1877 mis
2164 1822 2444 1893 discipulis
2486 1823 2727 1891 electus,
2777 1841 2911 1895 quos
2974 1835 3029 1880 et
3086 1828 3356 1898 apostolos
3417 1829 3592 1882 uomi~

285 1925 687 2003 Lectumvero
716 1924 927 1991 tollere,
964 1933 1048 1981 est
1073 1926 1245 1997 ipsam
1272 1928 1487 1995 quoque
1515 1924 1769 1991 carnem,
1799 1940 1897 1994 per

286 2016 645 2074 continentia:
691 2016 843 2073 frena
876 2025 1231 2087 correptam,
1270 2031 1365 2089 spe
1411 2015 1712 2072 caelestium
1759 2032 1895 2087 pra:-

285 2109 532 2165 miorum
561 2125 592 2164 a
631 2107 839 2183 deliciis
864 2123 1149 2180 segregare
1175 2108 1427 2164 terrenis.
1464 2107 1690 2164 Sublato
1716 2119 1893 2165 autem

284 2200 437 2257 lecto
475 2201 693 2259 domum
741 2200 840 2265 ire,
894 2186 961 2255 ad
1008 2198 1322 2273 paradisum
1372 2201 1547 2273 redire
1592 2208 1675 2256 est
1719 2218 1730 2254 :
1781 2201 1897 2256 haec

285 2291 498 2347 etenim
527 2305 655 2348 vera
687 2300 770 2347 est
801 2292 994 2353 doruus
1019 2301 1223 2358 nostra,
1259 2307 1380 2362 qua:
1409 2291 1679 2345 hominem
1721 2291 1895 2361 prima

286 2368 558 2455 suscepit,
590 2400 696 2441 non
721 2383 845 2456 jure
869 2385 1094 2449 amissa,
1126 2383 1221 2453 sed
1247 2381 1456 2447 fraude,
1487 2383 1703 2437 tandem
1735 2384 1896 2439 resti-

285 2483 413 2531 tuta
445 2491 546 2549 per
568 2464 691 2553 eum
721 2474 815 2551 qui
842 2475 1184 2531 fraudulento
1210 2475 1350 2529 hosti
1380 2473 1515 2527 nihil
1546 2472 1747 2542 debuit.
1781 2472 1892 2527 Ali-

286 2576 403 2636 ter,
461 2584 639 2625 sanus.
661 2568 752 2639 qui
796 2566 1076 2637 languerat
1115 2567 1334 2621 domum
1383 2572 1625 2634 reportat
1673 2564 1893 2631 lecttnn,

288 2672 425 2713 cum
456 2658 635 2713 anima
654 2699 668 2724 ,
702 2652 1020 2713 remissione
1050 2664 1271 2727 accepta
1301 2665 1649 2729 peccatorum
1668 2698 1683 2723 ,
1715 2658 1781 2713 ad
1817 2658 1896 2717 iu-

288 2756 511 2803 temam
536 2740 619 2804 Sui
650 2747 950 2803 custodiam
978 2762 1099 2803 cum
1130 2747 1245 2819 ipso
1271 2754 1330 2802 se
1358 2734 1586 2819 corpore
1609 2746 1795 2810 refert,
1832 2762 1898 2803 ne

288 2837 425 2909 quid
453 2835 718 2908 perversi,
743 2837 887 2901 unde
916 2836 1133 2902 lterum,
1162 2835 1311 2905 justo
1337 2834 1590 2903 feriatur,
1622 2836 1893 2891 admittat.

370 2927 439 2982 Et
470 2930 737 2993 surrexit,
767 2938 815 2982 et
843 2928 967 2984 obiit
997 2926 1050 2983 in
1078 2928 1291 2987 domum
1321 2945 1492 2983 suam.
1528 2927 1802 3003 (Ηὶενση.)
1834 2929 1901 2985 Et

286 3004 480 3074 anima
515 3019 813 3091 paralytica
855 3019 900 3074 si
938 3019 1275 3085 surrexerit,
1318 3021 1364 3076 si
1406 3021 1572 3076 robur
1607 3022 1900 3093 pristinum

290 3110 736 3181 recuperaverit,
776 3119 959 3182 portat
997 3111 1195 3167 lectum
1237 3127 1393 3167 suum
1440 3113 1495 3168 in
1537 3128 1645 3184 quo
1682 3111 1903 3184 iacebat

292 3209 429 3256 ante
455 3200 755 3257 dissoluta:
785 3208 842 3256 et
874 3210 1055 3273 portat
1082 3201 1231 3258 illum
1276 3203 1332 3259 in
1378 3202 1597 3265 domum
1638 3189 1972 3273 virtutum'c

294 3307 548 3347 suarum.
912 3344 915 3349 ,

386 3374 628 3457 Videntes
655 3393 829 3440 autem
860 3386 1026 3459 turba;
1058 3370 1365 3454 timuerunt,
1397 3399 1446 3442 et
1474 3389 1901 3461 gloriﬁcaverunt

292 3472 494 3536 Deum,
523 3472 614 3544 qui
636 3473 778 3528 dedit
804 3484 1110 3549 potestatem
1141 3475 1297 3549 talem
1328 3476 1648 3535 hominibus.
1681 3478 1896 3555 (Betim)

294 3556 479 3632 Quam
530 3565 774 3621 miranda
826 3567 1022 3623 divina:
1064 3558 1319 3639 potentia!
1364 3571 1570 3635 virtus,
1620 3568 1709 3629 ubi
1755 3571 1900 3631 nulla

296 3653 563 3723 temporis
593 3654 986 3714 interveniente
1023 3674 1197 3724 mora,
1231 3659 1387 3731 jussu
1427 3660 1726 3719 SaIVatoris
1756 3664 1901 3720 salus

297 3742 501 3799 festina
519 3746 839 3802 comitatur!
860 3744 1092 3820 ldeo'qne
1114 3752 1248 3815 meri
1259 3761 1310 3806 to
1330 3754 1419 3823 qui
1445 3742 1732 3819 aﬂuerant,
1751 3756 1902 3809 dam-

294 3836 446 3892 natis
470 3826 823 3910 blasphemite
836 3841 1054 3912 jaculis,
1076 3844 1143 3898 ad
1171 3845 1383 3900 laudem
1413 3855 1579 3903 tanta:
1604 3847 1902 3916 majestatis

295 3931 575 4003 stupentia
605 3932 770 3988 corda
797 3945 1139 4005 convertunt.
1756 4000 1759 4003 _
1878 3986 1885 3991 .

375 4018 490 4094 [IL]
515 4021 583 4079 Et
614 4026 1004 4081 cumtransiret
1033 4028 1155 4082 inde
1176 4027 1354 4096 Jesus,
1379 4032 1503 4086 uidit
1528 4032 1789 4093 hominem
1815 4051 1897 4088 se,

297 4113 508 4169 dentem
535 4116 589 4169 in
610 4116 822 4184 telonio,
854 4118 1167 4177 Mattltwum
1197 4124 1437 4189 nomine,
1468 4134 1515 4178 et
1553 4128 1628 4179 ait
1659 4125 1736 4180 illi
1765 4141 1783 4179 :
1808 4125 1902 4182 Sc-

296 4224 461 4279 quere
488 4225 588 4263 tne.
630 4208 795 4276 Vidit,
824 4212 1021 4284 inquit,
1051 4212 1213 4270 Iesus
1247 4214 1512 4271 hmninem
1544 4217 1807 4272 sedentem
1847 4220 1902 4274 in
1933 4269 1937 4272 .

299 4297 533 4364 telonio,
581 4298 894 4359 Hau/urunt
931 4305 1175 4371 nomine,
1211 4314 1317 4362 etc.
1378 4306 1522 4363 Vidit
1562 4318 1743 4363 autem
1795 4324 1903 4363 non

303 4388 428 4445 tam'
446 4393 695 4463 corporei
744 4392 991 4460 intuitus,
1045 4411 1211 4466 quam
1265 4396 1491 4452 interna:
1536 4397 1901 4457 miserationis

301 4482 637 4567 aspectibus,
681 4486 878 4557 quibus
916 4496 972 4541 ct
1025 4486 1245 4543 Petrum
1293 4498 1622 4560 negantem,
1682 4499 1741 4546 ut
1781 4506 1900 4546 rea-

303 4581 423 4631 tum
451 4588 609 4630 suum
631 4588 967 4649 agnosceret,
996 4582 1252 4651 respexit.
1276 4581 1420 4637 Vidit
1448 4598 1578 4651 ergo
1600 4584 1897 4649 hominem,

301 4661 363 4719 id
393 4671 512 4731 est,
539 4667 796 4725 misertus
824 4677 908 4725 est
946 4685 1069 4726 cum
1091 4712 1111 4741 ,
1139 4672 1232 4742 qui
1267 4674 1522 4729 humanis
1554 4683 1763 4731 tantum
1789 4682 1901 4730 stuc

304 4755 413 4811 diis
441 4756 657 4815 deditus
681 4768 782 4816 est.
835 4758 977 4816 Vidit
1003 4762 1263 4817 sedentem
1287 4766 1343 4819 in
1372 4764 1586 4831 teldnio,
1635 4765 1901 4837 pertinaci

302 4847 563 4905 videlicet
613 4853 812 4920 studio,
867 4854 1257 4925 temporalibus
1308 4856 1473 4912 lueris
1524 4857 1835 4915 inhiantem
1882 4875 1899 4911 :

302 4944 449 5003 τέλος
473 4945 619 5001 enim
681 4945 869 5004 Graece
892 4988 907 5015 ,
964 4947 1156 5003 Latine
1214 4950 1434 5021 uectigal
1490 4952 1899 5023 interpretatur.

308 5041 646 5106 llattliteum,
676 5042 871 5112 inquit,
900 5042 1128 5097 nomine.
1161 5041 1444 5098 Matthceus
1471 5043 1763 5108 Hebraiee,
1794 5044 1900 5103 La-

304 5134 427 5207 tine
452 5133 654 5189 dicitur
680 5133 926 5188 donatus.
957 5132 1113 5200 Quod
1157 5133 1402 5204 profecto
1428 5150 1625 5193 nomen
1673 5137 1748 5192 illi
1777 5146 1903 5208 apte

310 5222 588 5294 congruit,
614 5222 730 5292 qui
762 5231 972 5278 tantum
1022 5238 1270 5295 supernae
1298 5225 1486 5297 gratia:
1523 5243 1720 5284 munus
1747 5243 1903 5284 acce-

309 5314 415 5388 pit.
444 5314 717 5387 (llieron.)
746 5313 854 5371 Nec
882 5316 1316 5385 praetereundum
1339 5316 1487 5386 quod
1524 5318 1706 5372 caeteri
1730 5333 1902 5373 evan-

306 5404 539 5479 gelistam,
571 5414 791 5476 pr0pter
830 5405 1208 5479 verecundiam
1240 5413 1294 5460 et
1334 5406 1594 5461 honorem
1643 5405 1899 5472 Matthmi,

311 5496 608 5555 noluerunt
639 5511 764 5552 eum
794 5496 1013 5554 nomine
1038 5497 1311 5569 appellare
1338 5497 1577 5569 vulgato,
1614 5498 1708 5553 sed
1751 5498 1904 5553 dixe-

311 5595 467 5654 runt,
518 5587 643 5643 Levi
687 5587 842 5658 (Luc.
881 5586 970 5659 v);
1017 5587 1215 5658 duplici
1244 5588 1445 5659 quippe
1475 5588 1738 5643 vocabulo
1778 5588 1900 5643 fuit.

311 5679 435 5752 Ipse
465 5686 648 5735 autem
691 5677 1002 5743 Matthmus,
1037 5679 1339 5735 secundum
1364 5677 1508 5749 quod
1552 5693 1583 5732 a
1613 5677 1905 5735 Salomone

314 5775 648 5849 prracipitur,
668 5775 851 5845 justus
874 5783 1150 5829 accusator
1178 5775 1261 5829 sui
1288 5784 1384 5842 est,
1416 5774 1469 5828 in
1497 5772 1753 5846 principio
1794 5790 1905 5830 ser-

642 5867 914 5960 Psrnot.
963 5865 1148 5930 CVll.

1927 4540 1979 4602 D

1997 1914 2166 1967 navit.

2070 2004 2139 2059 Et
2182 2023 2399 2089 surgens
2461 2019 2670 2063 secutus
2713 2020 2787 2064 est
2839 2028 2977 2066 eum.
3019 2013 3073 2066 ln
3111 2013 3398 2087 Evangelio
3435 2016 3593 2071 Luca:

1948 2154 1949 2157 η
1998 2099 2260 2171 scriptum
2302 2109 2386 2159 est
2428 2101 2640 2170 plenius
2695 2121 2707 2156 :
2753 2104 2818 2157 Et
2861 2106 3053 2160 relictis
3109 2108 3348 2163 omnibus
3385 2120 3593 2164 secutus

1997 2200 2071 2244 est
2099 2207 2239 2244 eum.
2275 2190 2586 2264 intelligens
2611 2211 2747 2265 ergo,
2772 2194 3079 2261 Matthzcus,
3112 2198 3240 2266 quid
3284 2200 3357 2254 sit
3384 2201 3591 2256 veraci-

1998 2293 2085 2338 ter
2132 2284 2303 2341 Deum
2347 2284 2537 2357 sequi,
2572 2287 2778 2345 relictis
2816 2290 3069 2369 omnibus
3108 2290 3393 2360 sequitur:
3437 2293 3595 2364 sequi

1998 2378 2142 2433 enim
2196 2378 2398 2435 imitari
2439 2389 2542 2459 est.
2597 2382 2830 2454 Ideoque
2877 2392 2936 2439 ut
2982 2400 3275 2455 pauperem
3316 2387 3592 2443 Christqu

1997 2483 2106 2523 non
2139 2478 2248 2523 tam
2293 2486 2482 2542 gressu
2517 2488 2679 2541 quam
2711 2473 2905 2531 allecto
2950 2476 3102 2547 sequi
3145 2478 3433 2548 potuisset,
3467 2478 3597 2534 reli-

1999 2550 2381 2638 quitipropria,
2407 2564 2500 2633 qui
2546 2580 2737 2635 rapere
2776 2566 2987 2623 solebat
3016 2566 3194 2625 aliena
3226 2586 3237 2621 :
3270 2568 3595 2639 perlectam-

1998 2642 2105 2723 que
2130 2653 2288 2709 nobis
2316 2655 2823 2714 ‘abrenuntiationis
2852 2658 3033 2717 saeculi
3075 2659 3305 2716 formam
3352 2661 3598 2722 tribuens

2000 2758 2109 2799 non
2143 2744 2317 2799 solum
2352 2744 2502 2801 lucra
2540 2747 2758 2819 reliquit
2787 2749 3154 2821 vectigalium,
3185 2753 3280 2808 sed
3306 2760 3362 2808 et
3382 2754 3600 2824 pericu-

2002 2833 2113 2890 lum
2139 2836 2472 2906 contempsit
2515 2839 2661 2909 quod
2688 2840 2906 2896 evenire
2945 2849 3159 2910 p0terat
3199 2856 3229 2896 a
3261 2843 3599 2914 principibus

2002 2928 2207 2990 saeculi.
2239 2930 2365 3000 quia
2394 2930 2735 3003 vectigalium
2765 2932 3004 2989 rationes
3052 2932 3404 3005 imperfectas
3430 2943 3598 3007 atque

2002 3019 2391 3092 incompositae
2439 3024 2757 3095 reliquerit;
2799 3033 2949 3105 tanta
2995 3027 3141 3083 enim
3169 3026 3466 3098 cupiditate
3503 3042 3596 3084 se-

2004 3115 2203 3186 quendi
2230 3114 2399 3172 Deum
2426 3116 2627 3171 ductus
2659 3125 2765 3184 est,
2798 3127 2856 3172 ut
2886 3117 2941 3172 in
2987 3118 3136 3174 nullo
3164 3133 3392 3193 prorsus
3433 3117 3599 3188 hujus

2006 3206 2131 3262 vita:
2156 3213 2465 3277 respectum
2494 3208 2580 3263 vel
2610 3192 2995 3280 cogitationem
3038 3208 3258 3265 sibimet
3283 3221 3601 3275 reservave-A

2005 3297 2096 3352 rit.
2127 3294 2400 3369 (Hierom)
2432 3297 2641 3369 ,Arguit
2682 3298 2786 3353 hoc
2812 3297 2933 3355 loco
2962 3297 3296 3370 Porphyrius
3320 3307 3393 3355 ‘et
3422 3297 3596 3356 Julia-

2004 3404 2107 3443 nus
2138 3388 2431 3461 Augustus,
2483 3388 2567 3445 vel
2608 3389 2939 3460 imperitiam
2975 3386 3237 3447 historici
3260 3391 3595 3458 mentientis,

2004 3479 2088 3546 vel
2132 3479 2420 3536 stultitiam
2450 3494 2640 3536 eorum
2687 3480 2781 3551 qui
2810 3480 2997 3536 statim
3032 3481 3205 3538 secuti
3247 3488 3373 3553 sunt
3410 3478 3597 3538 Salva-

2004 3579 2199 3635 torem,
2256 3570 2427 3641 quasi.
2463 3569 2914 3626 irrationabiliter
2964 3571 3259 3641 quemlibet
3309 3580 3596 3634 vocantem

2005 3664 2287 3719 hominem
2318 3664 2428 3718 sint
2465 3663 2668 3727 secuti,
2707 3679 2829 3721 cum
2877 3673 3040 3719 tanta:
3069 3666 3293 3719 virtutes
3334 3672 3595 3734 tantaque

2004 3755 2156 3823 signa
2183 3754 2585 3822 praecesserint,
2620 3769 2739 3822 qua:
2770 3754 3056 3823 apostolos,
3089 3763 3382 3823 antequam
3416 3757 3592 3819 credi-

2003 3844 2215 3908 derint,
2247 3844 2446 3899 vidisse
2473 3859 2581 3898 non
2610 3842 2831 3898 dubium
2860 3851 2961 3899 est.
3007 3843 3166 3899 Certe
3201 3843 3374 3915 fulgor
3397 3845 3595 3916 ipsept

2005 3932 2261 4003 majestas
2303 3920 2601 3991 divinitatis
2641 3932 2887 4000 occulttc,
2918 3949 3040 4004 qua:
3059 3935 3222 3990 etiam
3272 3935 3329 3991 in
3358 3936 3595 3994 humana

1994 4025 2145 4082 'i‘acie
2178 4015 2606 4091 relucebat,‘ex
2650 4025 2830 4097 primo
2865 4026 2935 4080 ad
2980 4041 3041 4081 se
3084 4026 3330 4084 videntes
3374 4028 3597 4085 trahere

2003 4126 2219 4191 poterat
2246 4127 2487 4190 aspectu.
2522 4117 2580 4173 Si
2607 4119 2753 4175 enim
2780 4119 2837 4173 iu
2858 4118 3034 4188 lapide
3061 4129 3310 4193 magnete
3338 4128 3393 4176 et
3419 4122 3597 4191 succi-

2004 4211 2091 4266 nis
2122 4211 2245 4269 baz'c
2271 4224 2391 4269 esse
2414 4209 2497 4264 vis
2528 4208 2749 4268 dicitur.
2781 4217 2841 4264 ut
2865 4209 3115 4274 annulus,
3145 4218 3201 4264 et
3222 4209 3501 4279 stipulam,
3537 4221 3596 4268 et

2005 4301 2243 4358 festucas
2290 4300 2393 4355 sibi
2434 4300 2725 4371 copulent,
2755 4308 2959 4370 quanto
2987 4299 3159 4370 magis
3186 4299 3448 4356 Dominus
3468 4315 3592 4359 om-

2006 4398 2153 4451 nium
2184 4398 2558 4453 creaturarum
2584 4395 2661 4450 ad
2691 4408 2751 4450 se
2790 4392 3006 4449 trahere
3034 4401 3251 4463 poterat
3277 4409 3415 4466 quos
3442 4393 3595 4452 volc-

2006 4489 2118 4544 bat.
2159 4486 2437 4558 Siquidem
2475 4486 2590 4556 ipse
2622 4484 2902 4552 Dominus,
2929 4485 3022 4554 qui
3053 4485 3197 4541 hunc
3222 4486 3465 4545 exterius
3492 4485 3598 4542 hu-

2004 4596 2165 4643 mana
2208 4580 2554 4646 allocutione,
2591 4587 2653 4635 ut
2692 4594 2751 4637 se
2795 4587 3144 4650 sequeretur,
3182 4581 3418 4647 vocavit,
3449 4579 3597 4638 intus

2004 4673 2188 4729 divina
2240 4674 2623 4744 inspiratione,
2660 4680 2722 4727 ut
2752 4689 2874 4728 mox
2905 4680 3189 4728 vocantem
3236 4683 3592 4744 sequeretur,

2005 4764 2269 4824 accendit.
2305 4766 2423 4835 ipse
2452 4764 2819 4830 invisibiliter,
2844 4765 3118 4834 quomodo
3146 4765 3480 4836 sequendum
3501 4779 3593 4819 es-

2005 4868 2110 4926 set,
2137 4859 2375 4928 edocuit.
2404 4858 2635 4929 Propter
2674 4859 2818 4929 quod
2863 4857 2954 4913 ille
2992 4857 3193 4931 merito
3231 4856 3551 4916 obedientiaa
3574 4896 3593 4922 ,

2005 4951 2136 5006 dum
2172 4952 2422 5006 humana
2460 4958 2815 5007 contemnens
2855 4948 3071 5019 negotia
3099 4947 3324 5014 deserit,
3357 4947 3593 5003 domini-

2008 5057 2198 5100 corum
2226 5042 2400 5097 ﬁdelis
2425 5041 2767 5110 dispensator
2793 5038 2972 5095 factus
3009 5049 3096 5097 est
3124 5039 3470 5094 talentorum.

2048 5121 2053 5127 ’
2080 5130 2153 5187 Et
2181 5132 2377 5201 factum
2402 5139 2499 5194 est,
2524 5127 2880 5182 discumbente
2912 5145 2973 5182 eo
3011 5130 3066 5184 in
3087 5128 3403 5191 domo,~ocoe
3438 5122 3594 5178 multi

2004 5221 2272 5294 publicani
2312 5230 2359 5274 et
2403 5230 2695 5291 peccatores
2732 5219 2991 5281 uenientes
3029 5214 3418 5271 discumbebant
3471 5229 3591 5267 cum

2007 5313 2138 5369 Iesu
2177 5323 2224 5367 et
2264 5311 2536 5383 discipulis
2574 5311 2707 5381 ejus.
2755 5309 2933 5382 (Aug.
2959 5310 2978 5380 )
3007 5307 3106 5364 Hic
3151 5305 3440 5361 Matthmua
3485 5322 3594 5362 non

2008 5406 2276 5478 expressit
2298 5406 2352 5459 in
2376 5402 2529 5472 cujus
2551 5406 2711 5460 domo
2733 5402 3107 5458 discumbebat
3125 5398 3305 5465 Jcsus,
3333 5400 3433 5455 sed.
3458 5400 3591 5453 scri-

2003 5498 2087 5553 bit
2112 5496 2442 5567 evangelista
2471 5497 2663 5562 Lucas,
2694 5495 2821 5564 quia
2844 5492 3038 5548 fecerit
3059 5492 3111 5546 ei
3135 5490 3448 5547 convivium
3472 5505 3587 5545 ma-

2005 5605 2170 5660 gnum
2201 5588 2327 5645 Levi
2359 5590 2413 5644 in
2456 5589 2616 5645 domo
2658 5603 2754 5643 sua
2787 5606 2802 5641 ε
2853 5586 2999 5657 quod
3043 5583 3431 5656 mysteriorum
3460 5582 3599 5654 ligu-

2006 5683 2084 5737 ris
2108 5689 2234 5753 apte
2257 5682 2526 5754 congruit.
2553 5680 2655 5748 Qui
2684 5679 2827 5734 enim
2858 5676 3129 5734 domicilio
3153 5675 3430 5732 Christum
3460 5675 3593 5735 reei-

2006 5772 2088 5844 pit
2122 5774 2355 5841 interno,
2399 5771 2650 5828 maximis
2691 5768 3139 5833 delectationibus
3179 5767 3595 5825 exuberantiam

3158 5860 3234 5926 28
