3978 6190
432 269 537 327 875

1086 260 1146 316 Β.
1192 259 1447 317 BADANI
1486 255 1705 310 MAUill
1747 251 2062 307 AllClilEl‘.
2109 248 2419 305 MOGU‘NT.
2461 220 2747 302 OPERL’X
2783 244 2961 299 PARS
3001 244 3040 298 l.

3602 243 3720 299 876

430 382 670 458 pascitur
695 381 1046 450 voluptatum.
1073 375 1259 448 itaque
1288 373 1550 431 Dominus
1574 370 1808 429 libenter
1833 368 2009 439 ingre-
2042 374 2087 433 Α
2119 376 2249 421 tates
2283 376 2509 430 nostras,
2540 375 2585 418 et
2629 363 2929 433 liuoreejus
2972 367 3150 418 sanati
3176 380 3361 421 smnus
3393 366 3533 433 (lsa.
3566 371 3720 437 Lm}.

431 479 596 542 ditur,
634 482 691 528 et
733 472 786 526 in
810 468 949 539 ejus,
978 468 1069 540 qui
1108 466 1435 531 crediderit,
1490 462 1755 519 recumbit
1783 458 1973 517 affectu
2005 476 2017 512 :

428 588 483 632 et
509 574 611 630 hoc
637 578 722 628 est
750 569 1014 624 bonorum
1043 576 1265 636 operum
1289 558 1530 633 spiritale
1557 557 1888 622 convivium,
1916 569 2024 625 quo

428 664 582 720 dives
615 658 846 737 populus
876 663 1018 727 eget,
1067 667 1278 725 pauper
1300 650 1569 725 epulatur.
1600 645 1813 725 (Betim)
1841 642 2024 701 Publi-

429 757 550 812 cani
584 763 761 819 autem
792 752 933 808 sicut
959 748 1122 805 etiam
1155 745 1373 801 nomine
1399 742 1654 814 probant,
1686 737 2024 812 appellantur

429 849 485 903 hi
518 848 609 922 qui
640 843 921 917 vectigalia
949 840 1164 914 publica
1197 838 1437 909 exigunt,
1465 834 1581 891 sive
1607 832 1701 904 qui
1728 831 2025 888 conducto-

432 954 520 993 res
543 921 687 994 rsunt
712 932 1076 1004 vectigalium,
1127 929 1268 995 ﬁsci,
1296 927 1380 981 vel
1425 940 1608 981 rerum
1639 921 1975 992 publicarum
2006 938 2019 973 :

432 1043 534 1084 nec
564 1043 669 1083 non
699 1034 753 1082 et
778 1025 832 1080 hi
863 1023 954 1097 qui
985 1018 1166 1077 saeculi
1193 1018 1357 1089 hujus
1390 1017 1539 1073 lucra
1561 1030 1659 1085 per
1686 1012 1903 1084 negotia
1934 1026 2022 1066 se-

430 1127 669 1183 ctantur,
714 1117 901 1173 eodem
954 1111 1218 1168 vocabqu
1255 1119 1565 1167 censentur.
1602 1100 1874 1177 (Ηὶετοη.)
1921 1101 2022 1171 Qui

430 1209 679 1276 viderant
707 1205 1072 1278 publicanum,
1110 1218 1139 1255 a
1172 1200 1410 1277 peccatis
1440 1198 1507 1254 ad
1537 1196 1765 1252 meliora
1792 1207 2023 1250 conver-

433 1316 578 1365 sum,
602 1299 778 1356 locum
829 1296 1104 1352 invenisse
1131 1292 1496 1369 paenitentiae,
1536 1289 1608 1344 ob
1636 1286 1690 1344 id
1719 1287 1883 1343 etiam
1915 1298 2022 1340 non

430 1392 723 1460 desperant
755 1385 1005 1444 salutem.
1042 1382 1252 1456 (Betim)
1282 1379 1467 1452 Neque
1514 1392 1643 1433 vero
1680 1378 1732 1431 in
1778 1372 2025 1446 pristinis

430 1483 579 1539 vitiis
606 1482 987 1553 permanentes
1019 1476 1237 1531 veniunt
1265 1474 1331 1532 ad
1372 1473 1580 1537 Jesum,
1611 1479 1667 1525 ut
1695 1466 1950 1541 Pharisaei
1968 1472 2024 1521 et

432 1571 625 1628 scriba
671 1576 1041 1632 murmurant,
1097 1566 1189 1620 sed
1221 1562 1597 1635 paenitentiam
1649 1565 1870 1630 agentes
1923 1554 2023 1628 (ut

433 1664 646 1731 Marcus
676 1661 1004 1732 evangelista
1045 1660 1151 1713 hoc
1177 1657 1295 1714 loco
1325 1651 1578 1723 testatur)
1600 1652 1784 1706 dicens
1810 1667 1821 1701 :
1852 1645 2022 1699 Erant

2126 455 2299 512 Sanos
2326 465 2504 510 autem
2555 458 2607 509 et
2647 452 2825 522 justus
2858 452 3092 526 appellat
3119 468 3213 511 eos
3254 456 3367 525 qui,
3412 459 3725 528 ignorantes

2120 548 2220 603 Dei
2254 548 2540 629 justitiam,
2572 556 2622 603 et
2662 562 2814 600 suam
2859 544 3084 602 volentes
3113 546 3449 613 constituere,
3491 547 3724 618 justitia

2120 639 2221 695 Dei
2252 655 2356 693 non
2402 645 2522 693 sunt
2550 635 2772 707 subjecti
2798 633 2972 708 (Rom.
3000 634 3093 707 x);
3146 634 3238 708 qui
3281 651 3352 693 ex
3376 636 3497 711 lege
3519 656 3726 710 presu-

2121 739 2352 797 mentes,
2385 729 2615 803 gratiam
2634 728 2738 803 Dei
2767 742 2874 785 non
2902 734 3171 802 quaerunt.
3220 725 3395 785 Porro
3434 730 3579 786 male
3620 732 3726 794 ba-

2121 822 2313 878 bentes
2340 829 2654 905 peccatores
2686 826 2845 879 vocat
2872 832 2968 874 eos
2997 819 3089 889 qni
3112 833 3225 874 suae
3251 812 3563 897 fragilitatis
3589 837 3727 878 con-

2122 913 2345 970 scientia
2368 911 2590 977 devicti,
2618 926 2716 966 nec
2742 926 2839 981 per
2862 908 3037 981 legem
3066 924 3126 964 se
3146 908 3432 978 iustiﬁcari
3462 926 3623 982 posse.
3641 911 3728 968 vi-

2123 1006 2332 1070 dentes,
2387 1002 2587 1059 Christi
2618 1000 2810 1073 gratite
2856 1000 3169 1070 paenitendo
3195 999 3330 1056 colla
3369 1000 3723 1061 submittunt.

2124 1096 2260 1152 Dum
2289 1109 2422 1150 vero
2449 1091 2729 1164 subiungit
2763 1109 2775 1143 :
2813 1087 3013 1145 Euntes
3042 1101 3217 1146 autem
3239 1090 3423 1146 discite
3447 1091 3579 1163 quid
3602 1102 3683 1149 est
3703 1107 3728 1148 :

2124 1184 2545 1240 Misericorde
2568 1182 2684 1237 volo
2710 1194 2756 1237 et
2785 1198 2888 1239 non
2916 1183 3257 1250 sacriﬁcium,
3287 1184 3492 1239 eisdem
3524 1183 3726 1241 Phari-

2123 1276 2247 1333 sacis
2288 1274 2354 1330 de
2397 1272 2532 1328 falsa
2563 1272 2776 1342 iustitia
2828 1272 3158 1327 tumentibus
3211 1260 3377 1328 etiam
3430 1273 3723 1329 consilium

2123 1366 2476 1425 correctionis
2520 1365 2798 1420 ostendit:
2830 1364 3088 1419 admonet
3130 1377 3363 1435 namque
3392 1380 3489 1421 eos
3535 1374 3598 1421 ut
3623 1380 3727 1436 per

2122 1479 2286 1536 opera
2317 1460 2705 1521 misericordia!
2751 1459 3107 1530 sibimetipsis
3135 1473 3387 1530 superna:
3417 1459 3728 1516 misericor-

2125 1554 2226 1608 diae
2251 1554 2472 1626 praemia
2496 1550 2840 1623 conquirant,
2863 1557 2918 1604 et
2939 1565 3048 1604 non
3073 1550 3396 1621 contemptis
3423 1565 3726 1621 pauperum

2128 1636 2556 1713 necessitatibus
2574 1658 2672 1715 per
2693 1640 3018 1699 oblationem
3048 1639 3441 1696 sacriﬁciorum
3471 1656 3530 1697 se
3556 1641 3726 1699 Deum

438 1729 577 1810 enim
605 1754 752 1809 mrtlti
783 1729 872 1823 qui
901 1762 948 1805 et
996 1749 1346 1820 sequebantur
1387 1762 1501 1799 eum
1534 1741 1726 1814 (Marc.
1765 1738 1847 1811 ιι).
1874 1734 2026 1810 [Hie—
2056 1734 2102 1799 Β
2131 1734 2351 1805 placare
2378 1730 2672 1791 conﬁdant.
2704 1729 3000 1803 Prteposuit
3035 1739 3216 1787 autem
3242 1730 3323 1787 eis
3350 1731 3724 1788 testimonium

436 1843 576 1918 ron.]
632 1843 749 1900 Ibat
790 1852 968 1897 autem
999 1839 1261 1895 Dominus
1289 1836 1354 1890 ad
1381 1832 1625 1889 convivia
1645 1837 2011 1902 peccatorum,

436 1947 496 1994 ut
524 1938 864 1999 occasionem
897 1933 1124 1989 haberet
1154 1928 1401 1991 docendi,
1434 1935 1489 1981 et
1512 1922 1786 1996 spiritales
1816 1919 2013 1975 imita—

434 2029 644 2083 tor-ibus
672 2027 784 2081 suis
811 2024 1072 2094 praeberet
1100 2020 1265 2076 cibos.
1293 2018 1531 2087 Denique
1556 2028 1680 2068 cum
1709 2010 2019 2081 frequenter

434 2131 660 2190 pergere
704 2115 770 2170 ad
818 2112 1125 2169 convivium
1176 2110 1551 2171 describatur,
1604 2104 1735 2160 nihil
1788 2100 2020 2156 refertur

435 2209 580 2265 aliud
607 2207 711 2263 nisi
739 2205 866 2277 quid
893 2204 964 2259 ibi
990 2202 1199 2266 fecerit,
1229 2200 1357 2271 quid
1382 2199 1651 2263 docuerit,
1685 2204 1821 2251 utet
1848 2193 2021 2251 humi-

436 2300 562 2355 litas
589 2296 799 2355 Domini
850 2294 1028 2350 eundo
1071 2293 1137 2347 ad
1183 2300 1515 2362 peccatores,
1561 2297 1613 2344 et
1646 2287 1879 2358 potentia
1930 2284 2024 2339 do-

436 2388 624 2444 ctrina
634 2386 754 2458 ejus
765 2386 820 2441 in
831 2383 1181 2441 conversione
1193 2380 1588 2452 paenitentiam,
1606 2379 2021 2434 demonstretur.

512 2477 578 2532 Et
629 2476 863 2532 videntes
912 2472 1173 2528 Pharisaei
1228 2472 1473 2526 dicebant
1524 2469 1798 2540 discipulis
1842 2468 1956 2538 ejus
2003 2466 2020 2517 ὲ

440 2569 618 2635 Quare
647 2582 766 2623 cum
793 2563 1086 2638 publicanis
1121 2571 1168 2617 et
1207 2559 1563 2632 peccatoribus
1593 2559 1877 2613 manducat
1913 2572 2026 2610 ma-

436 2659 599 2728 gister
643 2655 846 2711 vester?
892 2652 1099 2723 Duplici
1153 2664 1338 2705 errore
1394 2649 1723 2704 tenebantur
1767 2645 2025 2701 Phor-issi

439 2764 564 2806 eum
609 2748 873 2822 magistro
917 2745 1165 2800 veritatis
1194 2743 1260 2798 de
1309 2739 1648 2810 susceptione
1683 2743 2027 2808 peccatorum

439 2839 774 2912 densabant
802 2855 816 2891 :
849 2835 971 2906 quia
1001 2842 1056 2890 et
1079 2848 1139 2889 se
1156 2832 1333 2901 iustos
1360 2828 1785 2889 arbitrabantur,
1817 2826 1906 2897 qui
1932 2834 1994 2879 Su
2014 2854 2028 2866 -

436 2930 642 3003 perbite
690 2927 831 2986 fastu
878 2943 908 2982 a
950 2925 1160 2997 iustitia
1209 2924 1368 2994 longe
1411 2922 1803 2985 discesserant;
1832 2927 1886 2973 ct
1933 2933 2028 2973 eos

446 3019 877 3076 criminabantm'
907 3016 1158 3087 iniustos,
1186 3014 1278 3086 qui
1313 3010 1684 3082 resipiscendo
1712 3024 1739 3064 a
1765 3008 2023 3081 peccatis,

2119 1825 2185 1879 de
2206 1823 2489 1894 propheta,
2514 1829 2570 1877 et
2593 1822 2696 1877 hoc
2723 1820 2843 1876 illos
2867 1829 3057 1877 euntes
3082 1821 3293 1879 discere
3308 1818 3496 1889 jussit,
3528 1832 3727 1877 euntes

2120 1914 2370 1969 videlicet
2396 1929 2425 1968 a
2451 1913 2754 1969 temeritate
2775 1912 2951 1968 stultae
2985 1912 3391 1984 vituperationis
3411 1911 3481 1967 ad
3500 1913 3730 1984 diligen-

2123 2010 2313 2064 tiorem
2342 2006 2637 2077 Scripturae
2655 2012 2857 2061 sanctae
2884 1998 3315 2070 meditationem,
3345 2019 3467 2074 qua:
3511 2004 3728 2058 miseri-

2056 2110 2063 2115 '
2121 2099 2363 2155 cordiam
2392 2099 2626 2154 maxime
2662 2096 3026 2155 commendat.
3074 2095 3225 2152 Unde
3253 2105 3304 2152 et
3334 2111 3491 2152 suum
3518 2096 3588 2151 de
3632 2098 3729 2150 mi-

2121 2192 2418 2273 sericordia
2463 2191 2770 2263 exemplum
2798 2186 2878 2245 eis
2901 2189 3174 2260 proponit,
3201 2188 3432 2245 dicens’:

2198 2281 2323 2339 Non
2343 2282 2480 2337 enim
2492 2282 2607 2336 veni
2632 2296 2816 2336 vocare
2834 2280 3034 2351 justas,
3049 2278 3140 2333 sed
3159 2288 3476 2350 peccatores.
3492 2277 3728 2347 (Μλυι.)

2126 2371 2184 2429 id
2216 2380 2300 2427 est
2337 2369 2465 2425 :Ad
2512 2370 2622 2425 hoc
2673 2368 2793 2423 veni
2827 2381 2933 2423 non
2976 2376 3038 2423 ut
3085 2366 3220 2423 falso
3263 2381 3322 2423 se
3358 2366 3728 2437 iustiﬁcantes

2127 2464 2272 2520 inani
2302 2461 2487 2518 favore
2515 2461 2852 2526 extollerem,
2899 2460 2994 2516 sed
3043 2470 3103 2515 ut
3147 2467 3371 2532 peccata
3415 2474 3510 2513 sua
3539 2458 3724 2528 pomi-

2125 2565 2304 2611 tentes
2352 2553 2776 2609 miscricorditer
2824 2552 3157 2621 colligerem.
3212 2549 3391 2605 Movet
3436 2548 3576 2604 forte
3621 2546 3726 2601 ali-

2128 2658 2287 2717 quem
2314 2642 2586 2716 quomodo
2634 2641 2894 2696 Duminus
2923 2641 3120 2698 dixerit
3150 2626 3255 2694 non
3306 2654 3364 2695 se
3394 2640 3605 2694 venisse
3650 2638 3723 2693 ad

2123 2734 2320 2806 justus,
2350 2733 2445 2789 sed
2474 2733 2645 2803 magis
2669 2732 2736 2787 ad
2764 2739 3080 2801 peccatores
3115 2731 3401 2795 mundos,
3431 2746 3555 2786 cum
3582 2746 3722 2786 cun-

2131 2829 2234 2889 ctis
2264 2827 2564 2898 legentibus
2589 2824 2767 2896 palam
2794 2832 3009 2887 constet
3054 2824 3198 2895 quod
3228 2824 3392 2879 etiam
3432 2822 3555 2878 illos
3577 2837 3723 2893 quos

2133 2917 2428 2973 secundum
2455 2915 2703 2972 Mosaicae
2737 2902 2870 2995 legis
2911 2914 3160 2968 instituta
3207 2912 3385 2981 jnstos
3415 2914 3621 2968 invenit
3646 2914 3722 2967 ad

2135 3004 2461 3077 evangeliea:
2486 3002 2888 3075 pmdicationis
2934 3002 3144 3058 culmen
3172 3003 3436 3074 plurimos
3480 3005 3719 3060 vocavit.

436 3116 548 3168 non
576 3125 769 3183 partus
786 3109 901 3176 jam
917 3085 1143 3177 iustitiae
1170 3085 1622 3176 propinquabant.
1652 3100 1855 3156 Invidia
1876 3113 2024 3153 nam-
2056 3085 2101 3149 C
2134 3096 2193 3151 Si
2220 3098 2362 3152 enim
2395 3094 2538 3151 solos
2574 3104 2917 3165 peccatores,
2951 3102 3006 3148 et
3031 3109 3139 3149 non
3170 3095 3333 3149 etiam
3358 3093 3538 3164 iustos
3562 3111 3725 3150 voca-

440 3218 546 3274 que
571 3200 827 3257 fraternte
850 3197 1039 3253 salutis
1060 3194 1339 3259 obcmcati,
1369 3192 1680 3249 recolebant
1702 3189 1826 3261 quia
1856 3187 2027 3260 publi-

441 3307 612 3351 unus
646 3299 767 3348 erat
816 3288 1120 3351 Matt-imus,
1151 3284 1421 3357 publicani
1451 3292 1506 3339 et
1531 3290 1842 3354 peccatores
1862 3289 2028 3335 erant

445 3385 602 3442 multi
633 3382 723 3438 alii
747 3381 842 3452 qui
867 3394 989 3435 eum
1038 3377 1269 3433 Domino
1298 3374 1726 3430 discumbebant.
1753 3370 1861 3425 Sed
1906 3362 2029 3423 me-

441 3476 667 3533 misisse
697 3472 952 3529 nolebant
978 3469 1103 3539 quia
1151 3467 1293 3521 idem
1345 3464 1648 3527 Matthmus,
1679 3460 1815 3517 sicut
1853 3458 2027 3513 Lucas

436 3564 651 3629 scribit,
681 3559 919 3617 omnibus
938 3573 1058 3629 qua
1078 3556 1299 3629 gerebat
1330 3553 1523 3609 relictis
1552 3563 1758 3607 secutus
1786 3560 1860 3605 est
1887 3566 2022 3603 eum.

444 3656 554 3712 Sed
582 3662 638 3710 et
675 3653 766 3708 alii
816 3648 1089 3722 publicani
1116 3655 1171 3701 et
1218 3652 1532 3716 peccatores
1578 3658 1645 3699 eo
1672 3642 1855 3697 animo
1903 3654 2027 3694 cum

440 3748 537 3803 illo
563 3743 995 3807 discumbebant,
1031 3737 1289 3809 quoniam
1335 3735 1410 3790 illi
1456 3735 1709 3803 deinceps
1752 3732 2028 3787 subterere

441 3834 814 3908 disponebant.
843 3829 1068 3903 Mystice
1096 3836 1276 3883 autem
1304 3840 1403 3897 per
1430 3823 1665 3879 Matthrei
1700 3821 2026 3877 electionem

441 3935 498 3984 et
526 3924 863 3983 vocationem
891 3918 1307 3990 publicanorum
1356 3914 1492 3968 ﬁdes
1528 3912 1862 3982 ‘esprimitur
1898 3924 2027 3980 gen-

440 4021 601 4084 tium,
657 4030 781 4087 qua
833 4013 987 4084 prius
1039 4009 1223 4065 mundi
1266 4005 1435 4064 lueris
1460 4004 1770 4065 inhiabant,
1799 4007 1854 4054 at
1883 4013 2027 4054 nunc

442 4109 824 4169 etum-Domino
852 4104 1025 4176 epulis
1057 4098 1343 4159 ebaritstis
1384 4104 1444 4151 et
1489 4093 1755 4153 bonorum
1801 4100 2027 4162 operum

438 4202 633 4260 «duis
668 4197 957 4257 devotione
1004 4193 1342 4249 reﬁciuntur.
1381 4185 1632 4243 Profecto
1679 4181 2027 4253 supercilium

443 4295 748 4351 scribarum
774 4298 832 4345 et
862 4272 1283 4346 Pharisaeorum,
1310 4278 1616 4335 Judmorum
1653 4274 2024 4339 invidentiam,

444 4403 554 4458 qna
578 4387 650 4442 de
674 4384 851 4443 salue
879 4380 1121 4453 gentium
1147 4381 1488 4444 torquentur,
1521 4369 1779 4458 insinuat.
1803 4363 2029 4458 Quibus

2112 3199 2230 3255 ,rct,
2264 3200 2607 3257 nequaquam
2655 3183 2955 3239 Natbanael
3002 3184 3359 3254 discipulatus
3406 3184 3549 3240 illius
3582 3200 3722 3241 con-

2130 3298 2253 3337 sors
2280 3283 2540 3337 existeret
2571 3300 2583 3333 :
2623 3295 2784 3351 quem
2816 3279 2883 3333 ad
2929 3296 2987 3335 se
3015 3280 3193 3350 primo
3219 3281 3524 3335 venientem
3568 3288 3724 3334 tanta

2128 3372 2283 3429 laude
2314 3375 2531 3444 dignum
2560 3368 2770 3442 putavit
2792 3379 2850 3427 ut
2877 3372 3083 3426 diceret
3111 3390 3122 3424 :
3148 3369 3284 3425 Ecce
3309 3388 3422 3425 vere
3446 3369 3721 3435 Israelita,

2126 3466 2181 3519 in
2208 3481 2311 3537 quo
2337 3464 2490 3519 dolus
2526 3479 2628 3519 non
2655 3473 2729 3517 est
2762 3450 2944 3535 (Joan.
2977 3461 3038 3536 ι).
3065 3461 3123 3516 Si
3154 3479 3258 3518 non
3280 3463 3457 3532 justus
3478 3473 3722 3526 vocaret,

2126 3558 2343 3614 Petrum
2371 3564 2427 3637 et
2462 3557 2731 3612 Andream
2762 3556 2816 3610 in
2863 3554 3201 3625 apostolatus
3246 3569 3371 3610 arce
3417 3570 3525 3609 non
3556 3554 3723 3609 habe-

2125 3661 2209 3708 ret
2236 3671 2248 3706 :
2280 3652 2368 3721 qui
2401 3660 2604 3721 quanto
2633 3663 2817 3702 amore
2842 3647 3068 3716 iustitiae
3106 3646 3476 3718 flagraverint,
3512 3642 3724 3721 (docue-

2129 3718 2444 3805 runt,vcam
2498 3738 2566 3793 ad
2626 3736 3015 3792 teStimonlum'
3049 3736 3406 3805 praecursoria
3460 3718 3723 3790 continuo

2130 3829 2294 3884 Deum
2327 3822 2510 3882 videre
2561 3833 2615 3880 et
2667 3824 2857 3880 audire
2896 3823 3066 3896 gavisi
3108 3830 3253 3878 sunt.
3286 3822 3567 3891 Quomodo
3589 3838 3726 3895 ergo

2128 3919 2274 3974 venit
2309 3931 2503 3979 vacare
2550 3932 2656 3971 non
2698 3913 2900 3986 iustos,
2947 3914 3049 3969 sed
3069 3922 3405 3984 peccatores,
3442 3913 3548 3969 nisi
3592 3914 3735 3983 quia

2128 4011 2291 4084 (sicut
2317 4010 2491 4066 Lucas
2520 4009 2635 4064 htec
2666 4006 2908 4064 referens
2936 4008 3177 4079 apertius
3204 4004 3375 4084 dicit)
3408 4023 3422 4058 :
3463 4004 3586 4059 Non
3609 4008 3721 4061 aerii

2133 4082 2319 4157 uocare
2332 4101 2531 4172 justas,
2560 4097 2652 4154 sed
2675 4107 2973 4168 peccatores
3014 4097 3071 4150 in
3095 4082 3473 4167 prementium.
3518 4093 3727 4151 Omnes

2127 4203 2360 4260 namque
2392 4188 2592 4244 electos
2616 4188 2685 4242 ad
2715 4200 2944 4258 regnum
2970 4185 3196 4240 cetera:
3227 4185 3371 4239 Dens
3398 4191 3605 4249 vocat,
3627 4182 3723 4239 ad

2129 4282 2247 4338 illos
2280 4282 2455 4338 solum
2506 4281 2595 4344 ad-
2629 4277 3004 4350 paenitentiam
3053 4283 3231 4341 vocat,
3287 4289 3425 4345 quos
3476 4276 3724 4344 peccatis

2128 4370 2468 4444 gravioribus
2501 4370 2771 4426 involutos
2793 4367 3016 4424 invenit.
3046 4366 3193 4436 Quos
3219 4380 3349 4422 vero
3372 4365 3427 4421 in
3465 4364 3724 4435 operibus

444 4437 561 4550 ipse
863 4437 1083 4543 (ultum
1133 4437 1305 4535 3119-:
1344 4462 1507 4516 Amen
1534 4460 1653 4514 dico
1696 4456 1870 4520 vobis,
1899 4457 2026 4550 quia
2052 4437 2105 4497 Ῑ)
2125 4437 2349 4531 institue
2377 4461 2594 4530 reperit,
2628 4474 2733 4515 non
2763 4462 2858 4515 eos
2903 4458 2971 4512 ad
3018 4457 3402 4529 penitentiam
3427 4455 3725 4527 praeterita:

442 4548 721 4643 publicium
754 4578 802 4622 et
851 4557 1459 4630 mentﬁces'pra'cedent
1508 4570 1594 4608 vos
1637 4553 1692 4605 in
1719 4566 1875 4620 regno
1909 4548 2023 4601 Dei.

446 4639 632 4732 (Aug.)
665 4653 1089 4716 Convivantibus
1142 4664 1265 4704 cum
1304 4645 1535 4701 Domino
1561 4640 1861 4711 publicanis
1882 4639 2026 4693 Pha-

447 4731 593 4810 risssi
624 4751 1026 4805 murmurantes
1052 4744 1119 4799 de
1136 4739 1343 4809 jejunio
1368 4734 1683 4807 glorisntur;
1726 4731 1833 4789 Ubi
1852 4733 2028 4803 primo

445 4844 578 4914 legis
623 4849 689 4897 et-
729 4837 919 4911 gratiae
976 4840 1178 4906 quanta
1230 4832 1305 4886 sit
1336 4829 1606 4886 distantia
1660 4826 1966 4882 declaratur
2011 4838 2026 4876 :

446 4939 573 5010 quia
595 4936 687 5007 qui
716 4935 893 5005 legem
917 4934 1216 5002 sequuntur
1232 4966 1247 4993 ,
1269 4920 1469 4994 jejunis
1493 4920 1691 5007 mentis
1715 4918 1915 5010 famem
1938 4932 2030 4985 pa-

447 5002 656 5087 tiuntur
694 5002 988 5089 uernam;
1035 5020 1127 5093 qui
1182 5030 1312 5074 vero
1338 5002 1559 5073 verbum
1584 5012 1643 5067 in
1679 5007 2032 5066 interioribus

446 5121 641 5176 animae
668 5119 1012 5187 receperunt,
1041 5102 1294 5189 alimenti
1319 5103 1559 5162 caelestis
1585 5109 1642 5157 et
1675 5099 1842 5155 fontis
1867 5099 2033 5154 uber-

449 5219 558 5267 tate
587 5206 839 5273 recreati,
872 5204 1079 5261 esurire
1108 5209 1165 5257 et
1188 5199 1343 5255 sitire
1364 5210 1472 5251 non
1498 5199 1745 5265 possunt.

519 5302 587 5355 Et
613 5301 769 5355 Iesus
797 5295 1015 5351 audiens
1046 5293 1120 5347 ait
1144 5304 1165 5343 :
1199 5288 1320 5344 Non
1350 5302 1479 5356 opus
1508 5293 1582 5338 est
1612 5279 1900 5336 valentibus
1922 5293 2030 5331 me-

447 5398 621 5457 dicus,
648 5389 739 5445 sed
768 5386 908 5442 omnis
934 5382 1262 5439 habentibus.
1294 5374 1565 5452 (Hierom)
1596 5371 1858 5445 Suggillat
1894 5370 2031 5426 scri-

449 5485 624 5545 baset
646 5478 951 5535 Pharisaeos
977 5474 1068 5545 qui
1090 5471 1269 5541 iustos
1295 5484 1353 5525 se
1376 5472 1653 5538 putantes,
1683 5470 2025 5535 peccaturum

452 5574 722 5629 consortia
753 5569 1112 5626 declinabant.
1164 5563 1414 5633 Seipsum
1444 5559 1712 5615 medicum
1743 5557 1910 5622 dicit,
1936 5556 2026 5626 qui

453 5664 589 5717 miro
620 5661 918 5717 medicundi
945 5671 1140 5726 genere
1167 5653 1464 5708 vulneratus
1485 5660 1559 5704 est
1604 5658 1815 5721 propter
1838 5648 2027 5718 iniqui-

2133 4553 2576 4618 eonversationis,
2611 4553 2707 4607 sed
2730 4552 2798 4606 ad
2830 4549 3134 4620 proiectum
3174 4549 3347 4620 magis
3378 4549 3504 4602 vita:
3544 4548 3726 4618 perfe-

2134 4644 2320 4701 ctioris
2366 4640 2576 4698 invitat.
2628 4640 2797 4695 Vocat
2836 4647 3169 4710 peccatores,
3214 4647 3273 4692 ut
3313 4653 3411 4708 per
3451 4636 3723 4706 perniten-

2135 4736 2262 4789 tinm
2291 4733 2665 4803 corrigantur;
2715 4739 2871 4786 vocat
2913 4729 3111 4799 justus,
3143 4740 3202 4783 ut
3238 4729 3412 4800 magis
3439 4729 3724 4799 magisque

2126 4824 2509 4896 iustiﬁcermIr.
2562 4822 2821 4890 Quamvis
2864 4821 3019 4876 etita
3063 4818 3436 4887 recte'possit
3491 4817 3719 4889 intelligi

2129 4918 2275 4987 «good
2319 4917 2396 4969 ait
2445 4935 2458 4969 :
2494 4914 2616 4969 Non
2665 4913 2778 4968 ueni
2828 4928 3013 4967 vocare
3033 4911 3233 4981 justas,
3279 4909 3372 4963 sed
3400 4918 3719 4979 peccatores,

2132 5009 2258 5077 quia
2289 5021 2396 5060 non
2425 5004 2543 5060 illos
2576 5002 2856 5057 vocaverit
2874 5001 2969 5070 qui
2990 5014 3148 5055 suam
3175 4997 3448 5069 justitiam
3483 4997 3724 5053 volentes

2132 5097 2482 5159 constituere,
2506 5092 2731 5162 iustitia:
2759 5091 2855 5147 Dei
2879 5104 2988 5145 non
3016 5098 3147 5147 sunt
3171 5086 3400 5157 subjecti
3418 5128 3435 5154 ,
3488 5087 3587 5143 sed
3628 5103 3723 5143 eos

2131 5191 2313 5263 potius
2331 5188 2425 5261 qui
2456 5185 2763 5255 fragilitatis
2812 5198 2925 5239 suae
2968 5182 3193 5246 conscii,
3245 5197 3354 5237 non
3391 5183 3723 5238 erubescunt

2132 5282 2374 5356 proﬁteri
2400 5280 2525 5349 quia
2571 5279 2626 5331 in
2661 5275 2840 5332 multis
2882 5273 3199 5345 offendimus
3238 5289 3443 5329 omnem
3479 5272 3538 5328 Si
3586 5288 3723 5346 quos

2135 5383 2313 5430 autem
2347 5380 2403 5427 et
2445 5371 2509 5426 de
2541 5368 2645 5424 illis
2670 5366 2763 5438 qui
2811 5365 3079 5421 fallaciter
3117 5372 3244 5420 sunt
3284 5364 3421 5434 justi
3446 5373 3719 5421 00ch

2132 5473 2293 5519 vocat
2313 5463 2379 5517 ad
2405 5462 2637 5523 veniam,
2669 5458 2833 5513 etiam
2877 5457 2933 5512 in
2962 5455 3068 5512 illis
3108 5455 3422 5525 implebitur
3446 5452 3571 5524 ejus
3610 5467 3725 5510 sero

2133 5566 2241 5628 mo,
2272 5554 2397 5625 quia
2420 5567 2534 5608 non
2559 5550 2768 5605 venerit
2795 5562 2990 5605 vocare
3010 5546 3208 5617 iustos,
3254 5546 3351 5601 sed
3380 5556 3717 5616 peceatores,

2136 5649 2187 5701 id
2213 5654 2296 5698 est
2343 5659 2448 5697 non
2483 5641 2674 5706 elatos,
2716 5639 2810 5695 sed
2859 5638 3111 5704 humiles,
3157 5651 3265 5691 non
3293 5636 3358 5691 de
3388 5651 3486 5692 sua
3514 5633 3721 5705 iustitia
