3978 6190
273 379 366 436 8ῗῖ

1204 373 1558 431 (ΖΟΜΜΕΝΤ.
1599 372 1663 428 IN
1704 367 2138 426 MATTHEUM.
2182 399 2251 408 —
2286 367 2414 422 LIB.
2459 365 2540 422 111.

3439 369 3544 427 878

271 488 508 552 lanatos.
547 485 644 542 sed
671 487 746 550 ei,
781 486 873 556 qui
892 483 1156 554 jnStiﬁcal
1182 485 1426 555 impium,
1455 484 1647 541 devota
1678 492 1856 538 mente
1885 483 1934 543 Α
1961 480 2168 550 Sponsi,
2196 494 2301 538 non
2331 495 2473 534 nunc
2504 489 2728 540 tantum.
2764 477 2814 533 id
2843 488 2921 534 est
2955 488 3074 550 post
3112 489 3338 536 mortem
3368 500 3548 543 resur-

269 581 591 644 substntos.
631 575 766 634 Nam
791 587 846 633 et
875 577 1029 646 tales,
1077 576 1168 637 ubi
1197 585 1610 642 convertuntur,
1651 591 1854 643 nequa-

239 662 244 664 ’
269 683 430 742 quam
455 665 739 736 sejustos.
775 666 870 724 scd
895 674 1230 737 peccatores,
1262 681 1482 721 necesse
1511 675 1595 720 est
1643 664 1854 720 sincero

267 758 430 821 corde
454 763 738 814 testentur.
770 753 1028 826 Sequitur
1057 771 1073 809 :

337 847 478 926 ιιιι]
513 846 659 904 Tum:
693 856 1023 902 accusarunt
1053 847 1122 906 ad
1167 865 1284 902 eum
1313 846 1558 914 discipuli
1587 845 1811 902 Joannis
1836 887 1852 910 ,

269 939 494 996 dicetur;
519 950 539 990 :
571 935 750 1004 Quare
779 953 873 993 nos
901 947 949 992 et
988 935 1250 996 Phariswi
1277 938 1590 1008 jejunamus
1615 938 1856 1009 frequen-

268 1041 364 1094 ter,
391 1027 640 1099 discipuli
656 1037 831 1084 autem
853 1027 931 1081 tui
952 1045 1056 1084 non
1076 1027 1365 1098 jejunant?
1394 1027 1547 1095 Quod
1575 1027 1856 1087 liatthteus

268 1122 436 1179 refert
467 1121 615 1198 ipsos
651 1119 943 1191 discipulos
989 1119 1215 1178 Joannis
1267 1121 1384 1176 haec
1415 1119 1618 1178 dixisse
1669 1119 1856 1180 Salva-

269 1214 396 1279 tori,
437 1212 653 1268 Marcus
700 1219 758 1268 et
808 1210 985 1274 Lucas
1041 1211 1115 1267 ita
1144 1211 1250 1267 hoc
1301 1219 1525 1270 narrant
1559 1211 1715 1282 quasi
1763 1211 1853 1268 alii

265 1305 451 1375 aliqui,
480 1319 621 1375 quos
671 1303 834 1376 hujus
861 1304 938 1360 rei
967 1319 1099 1360 cura
1143 1305 1422 1368 movisset,
1455 1304 1597 1361 hanc
1629 1305 1680 1361 ei
1707 1321 1857 1376 qua:-

264 1398 499 1454 stionem
524 1395 828 1456 intulerint.
849 1395 976 1454 lude
999 1395 1356 1467 colligendum
1386 1412 1416 1449 a
1441 1396 1687 1466 pluribus
1713 1398 1854 1452 hanc

268 1493 496 1548 Domino
524 1490 792 1560 objectam
840 1504 961 1557 esse
986 1491 1361 1562 quaestionem,
1411 1499 1466 1546 et
1502 1506 1534 1546 a
1566 1490 1856 1548 Pharisznis

266 1582 494 1647 scilicet,
527 1591 583 1637 et
627 1597 659 1635 a
691 1581 974 1652 discipulis
1016 1579 1261 1643 Joannis,
1297 1589 1353 1636 et
1391 1596 1422 1634 a
1456 1581 1722 1645 convivis,
1772 1581 1856 1637 vel

263 1673 389 1729 aliis
417 1672 746 1743 quibuslibet
771 1689 907 1740 quos
935 1673 1039 1730 hoc
1087 1672 1357 1736 movebat,
1393 1687 1567 1744 quare
1609 1673 1854 1744 discipuli

265 1761 496 1818 Joannis
516 1771 573 1819 et
609 1762 866 1820 Pharisaei
883 1760 1214 1836 jejunarent,
1248 1763 1499 1832 discipuli
1522 1771 1700 1817 autem
1731 1763 1853 1819 Sal-

1958 571 2366 641 rectionemque
2414 572 2596 642 sponsi
2626 570 2886 640 eiusdem,
2921 575 3016 627 sed
3042 581 3095 626 et
3133 584 3260 630 ante
3297 570 3547 636 incauta?

1960 663 2159 719 tionem
2209 661 2353 722 illius
2395 678 2492 734 per
2539 672 2708 719 totum
2753 664 2911 732 hujus
2957 665 3135 730 δέξαιιὶ
3186 676 3397 740 tempus
3425 685 3547 730 esse

1958 753 2312 816 celebratum.
2361 753 2542 810 Prima
2594 754 2791 826 quippe
2846 763 3088 827 tempora
3119 753 3375 814 Ecclesia:
3423 770 3548 821 ante

1957 841 2198 914 Virginis
2235 854 2448 916 partum
2497 854 2714 902 sancta
2741 846 3004 910 habuere,
3048 848 3141 917 qui
3176 845 3548 908 desiderarent

1959 938 2348 1000 incarnationis
2374 938 2662 994 adventum
2691 957 2701 990 :
2736 939 2838 995 ista
2867 955 2998 995 vero
3029 950 3289 1012 tempora,
3326 957 3397 998 ex
3439 957 3548 1012 quo

1957 1028 2204 1084 ascendit
2251 1029 2304 1084 in
2330 1028 2553 1094 etelum,
2597 1036 2814 1084 sanctos“
2861 1029 3081 1094 habent,
3111 1031 3204 1102 qui
3237 1031 3549 1092 desiderent

1956 1115 2076 1188 ejus
2107 1117 2600 1173 manifestationem
2634 1119 2700 1178 ad
2731 1119 2883 1174 vivos
2921 1126 2975 1173 et
3031 1126 3272 1181 mortuos
3295 1119 3546 1190 judican-

1957 1207 2076 1264 dos.
2113 1209 2301 1282 Neque
2327 1207 2417 1265 hic
2436 1209 2810 1268 desiderabilis
2836 1211 3092 1266 Ecclesia:
3129 1212 3308 1268 luctus
3335 1213 3548 1286 requie-

1957 1301 2035 1356 vit
2087 1301 2406 1371 aliquando,
2459 1303 2558 1358 nisi
2592 1304 2828 1374 quandiu
2879 1303 2968 1364 hic
3013 1319 3134 1360 cum
3185 1305 3462 1378 discipulis
3491 1307 3544 1361 in

1958 1407 2124 1447 carne
2161 1402 2410 1449 versatus
2455 1403 2558 1449 est.
2607 1393 2765 1449 Juxta
2821 1396 2963 1470 leges
3005 1405 3184 1450 autem
3237 1396 3547 1470 tropologize

1958 1485 2235 1544 sciendum
2292 1487 2437 1556 quod
2479 1488 2716 1558 quandiu
2752 1504 2984 1561 sponsus
3033 1489 3310 1551 nobiscum
3341 1498 3425 1544 est
3450 1530 3466 1555 ,
3491 1499 3548 1544 et

1959 1576 2013 1629 in
2051 1576 2234 1631 laetitia
2285 1593 2490 1642 sumus,
2537 1593 2638 1636 nec
2676 1578 2928 1652 jejunare
2976 1595 3288 1650 possumus,
3321 1595 3421 1644 nec
3460 1579 3545 1632 lu-

1957 1683 2104 1737 gere.
2142 1669 2278 1723 Cum
2310 1682 2490 1726 autem
2543 1671 2631 1731 ille
2656 1681 2877 1742 propter
2915 1681 3140 1742 peccata
3174 1686 3206 1726 a
3253 1673 3410 1730 nobis
3455 1688 3543 1728 re-

1957 1760 2187 1814 cesserit
2235 1769 2291 1815 et
2337 1761 2655 1826 avolaverit,
2713 1772 2838 1825 tunc
2870 1763 3212 1818 indicendum
3237 1762 3501 1838 jejunium
3525 1805 3542 1827 ,

263 1830 1222 1926 vatorisnonjejunarenl.(Hier-ou.)
1253 1854 1351 1911 Ubi
1374 1830 1600 1911 Joannis
1622 1856 1853 1910 maxime
1888 1830 1930 1890 Β
1961 1855 2089 1902 tunc
2127 1849 2469 1918 recipiendus
2500 1858 2583 1904 est
2621 1850 2817 1906 luctus.

263 1946 693 2016 reprehendendi
718 1945 989 2016 discipuli,
1031 1961 1136 2001 non
1179 1947 1353 2007 solum
1381 1946 1448 2002 de
1479 1947 1562 2003 sui
1595 1945 1856 2015 iactantia

255 2038 470 2112 jejunii,
507 2040 845 2109 verumquia
875 2039 1351 2096 calumniabantur
1370 2054 1530 2110 quem
1559 2040 1802 2100 sciebant
1827 2055 1857 2094 a

261 2131 528 2200 magistro
580 2131 960 2200 praedicatum,
1006 2139 1062 2185 et
1101 2129 1476 2203 iungebantur
1527 2130 1845 2197 Plasrismis,

257 2236 399 2290 quos
428 2221 496 2277 ab
522 2237 590 2277 eo
619 2229 882 2278 noverant
907 2223 1314 2278 condemnatos.
1332 2221 1548 2295 (Bedo.)
1580 2219 1854 2296 Spiritali-

258 2317 344 2366 ter
370 2320 554 2368 autem
576 2312 824 2382 discipuli
848 2311 1076 2368 Joannis
1095 2322 1149 2368 et
1169 2312 1568 2372 Pharisaeorum
1582 2312 1851 2384 jejunant,

257 2402 463 2459 Christi
488 2414 670 2458 autem
700 2404 872 2459 edunt
893 2411 950 2457 et
985 2403 1197 2468 bibunt,
1234 2403 1364 2471 quia
1387 2402 1502 2457 sive
1529 2417 1699 2472 opera
1731 2404 1854 2474 quis

257 2495 396 2566 legis
424 2509 517 2556 seu
549 2495 869 2553 traditiones
892 2502 1155 2565 sequatur
1187 2494 1492 2558 hominum,
1521 2495 1635 2549 sive
1677 2495 1854 2567 ipsum

249 2587 423 2643 etiam
453 2587 654 2642 Christi
683 2585 1016 2654 prmconium
1042 2599 1175 2639 aure
1209 2592 1417 2640 tantum
1448 2584 1712 2658 percipiat
1733 2598 1853 2641 eor—

245 2677 425 2748 porie,
479 2675 813 2747 spiritalibus
842 2674 1128 2732 abstinens
1153 2674 1332 2740 bonis,
1351 2673 1544 2744 jejuno
1565 2675 1731 2734 corde
1763 2683 1848 2730 ta-

243 2767 434 2823 bescit
461 2785 480 2822 ;
509 2749 603 2836 qui
649 2781 780 2821 vero
805 2764 1010 2828 Christi
1049 2763 1311 2822 membris
1355 2764 1498 2824 ﬁdeli
1530 2765 1848 2835 incorpora-

242 2865 341 2914 tur
371 2873 560 2914 amore
607 2874 717 2918 non
761 2867 940 2932 potest
975 2856 1245 2928 jejuuare,
1293 2859 1420 2929 quia
1465 2873 1630 2918 came
1679 2859 1852 2929 ipsius

239 2948 505 3018 epulatur
528 2951 875 3022 etsanguine.
905 2943 1078 3006 Aliter
1097 2949 1339 3010 Joannes
1362 2951 1536 3006 viuum
1559 2961 1606 3010 et
1629 2952 1850 3010 siceram

243 3055 360 3104 tum
388 3039 537 3104 bibit,
568 3040 829 3100 Dominus
855 3057 979 3098 cum
1018 3041 1324 3116 publicanis
1375 3049 1431 3097 et
1475 3043 1850 3114 peccatoribus

231 3133 571 3196 .manducat,
617 3143 670 3188 et
721 3135 888 3200 bibit;
919 3135 1046 3206 quia
1094 3135 1181 3191 ille
1216 3135 1544 3192 abstinentia
1591 3137 1842 3196 meritum

2033 1936 2200 1991 Nemo
2231 1949 2404 1994 autem
2435 1940 2664 1995 immittit
2693 1943 3088 2000 commissuram
3115 1946 3278 2016 panni
3314 1947 3460 2002 rudis
3490 1951 3546 2002 in

1957 2031 2316 2087 vestimentum
2355 2043 2518 2089 uetus.
2563 2033 2722 2089 Tollit
2770 2038 2908 2092 enim
2938 2037 3314 2108 plenitudinem
3353 2041 3468 2111 ejus
3511 2059 3544 2096 α

1958 2121 2282 2187 uestimento,
2311 2134 2357 2176 et
2405 2124 2554 2193 pejor
2599 2126 2832 2186 scissura
2876 2127 2956 2194 ﬁt.
2993 2127 3128 2186 Cum
3178 2130 3544 2201 interrogatus

1953 2221 2100 2266 esset
2132 2211 2392 2268 Dominus
2421 2218 2520 2270 eor
2549 2215 2799 2288 discipuli
2831 2217 2948 2286 ejus
2967 2235 3072 2276 non
3097 2219 3428 2290 jejunarent,
3459 2237 3543 2278 re-

1955 2301 2174 2370 spondit
2207 2303 2456 2360 carnales
2492 2305 2669 2369 adliuc
2698 2322 2944 2382 quosque
2969 2319 3024 2364 et
3067 2313 3294 2372 necdum
3329 2314 3543 2385 passio-

1955 2391 2042 2449 nis
2075 2394 2604 2467 resurrectionisque
2637 2411 2748 2457 suae
2775 2398 2883 2458 ﬁde
2923 2401 3204 2467 solidatas,
3233 2418 3339 2460 non
3384 2419 3543 2474 posse

1955 2482 2231 2538 severiora
2257 2483 2462 2553 jejunia
2487 2495 2543 2550 et
2565 2489 2913 2550 continentia
2956 2491 3222 2554 snstiuere
3249 2503 3540 2564 pra-cepta,

1954 2585 2023 2626 ne
2049 2586 2148 2642 per
2194 2576 2567 2632 austeritatem
2615 2579 2863 2646 nimiam,
2910 2581 3082 2640 etiam.
3120 2583 3497 2642 credulitatem
3523 2625 3539 2648 ,

1954 2675 2120 2732 quam
2171 2661 2373 2720 habere
2419 2667 2762 2734 videbantur,
2817 2671 3165 2740 amitterent;
3223 2674 3369 2742 ipsos
3407 2687 3540 2744 ergo

1955 2752 2131 2808 adhuc
2184 2753 2473 2825 discipulos
2515 2765 2771 2829 tanquam
2814 2771 2995 2818 vetera
3033 2768 3353 2824 vestimenta
3406 2765 3541 2820 dicit

1952 2843 2139 2915 (.4ug.)
2183 2863 2195 2898 :
2249 2845 2445 2918 quibus
2487 2848 2931 2912 inconvenienter
2973 2867 3147 2908 novus
3195 2855 3452 2920 assuitur,
3485 2856 3542 2911 id

1953 2944 2040 2991 est
2079 2935 2260 3008 aliqua
2302 2941 2571 3010 particula
2629 2943 2918 3011 doctrinae,
2938 2961 3058 3018 qua:
3096 2946 3164 3008 ad
3218 2963 3372 3005 neve
3415 2949 3541 3006 vitae

1954 3025 2368 3098 temperantiam
2423 3033 2698 3103 pertinet;
2740 3035 2868 3110 quia
2911 3037 2958 3096 si
2988 3038 3092 3101 hoc
3139 3038 3252 3106 ﬁat,
3297 3041 3412 3111 ipsa
3437 3042 3538 3098 do-

1951 3119 2125 3178 ctrina
2171 3123 2569 3194 quodammodo
2595 3127 2903 3188 scinditur:
2935 3128 3088 3199 cujus
3126 3133 3390 3202 particula
3418 3149 3538 3204 qua:

240 3233 440 3294 auget,
453 3223 544 3277 cui
557 3225 801 3293 potentia
823 3202 976 3279 nulla
990 3233 1077 3282 est
1090 3237 1328 3293 naturai;
1355 3227 1614 3284 Dominus
1631 3237 1838 3294 alitem,

1949 3212 2019 3268 ad
2060 3211 2328 3284 jejunium
2380 3215 2626 3274 ciborum
2677 3217 2821 3280 volnt
2868 3219 3228 3290 inopportuue
3279 3202 3535 3290 traditur,

242 3315 333 3371 cui
383 3314 706 3369 naturaliter
734 3317 1058 3387 suppetebat
1097 3315 1299 3374 delicta
1347 3318 1576 3384 donare,
1606 3333 1703 3374 cur
1749 3333 1844 3374 eos

239 3406 569 3474 minuset,
587 3423 726 3479 quos
748 3409 1144 3467 abstinentibus
1168 3417 1384 3481 poterat
1416 3409 1638 3464 reddere
1662 3409 1843 3480 purio-

239 3513 354 3555 res.
405 3497 800 3574 Sedjejunavit
824 3510 880 3556 et
917 3499 1183 3568 Christus,
1215 3517 1284 3557 ne
1307 3511 1635 3573 pnecep:um
1671 3501 1840 3557 decli-

240 3603 445 3653 nat-es;
497 3591 842 3644 manducavit
889 3606 1013 3644 cum
1057 3592 1459 3661 peccatoribus,
1497 3599 1558 3646 ut
1606 3591 1840 3665 gratiam

238 3691 526 3745 cerneres,
556 3694 880 3751 agnosceres
907 3689 1248 3750 potestatem.

315 3769 395 3824 Et
436 3771 509 3824 ait
551 3771 657 3826 illis
677 3771 874 3827 Jesus:
902 3771 1158 3843 Nunquid
1183 3782 1398 3844 possunt
1423 3772 1524 3841 ﬁlii
1553 3773 1729 3848 sponsi
1759 3772 1841 3830 lu-

234 3881 390 3935 gere,
419 3865 658 3936 quandiu
685 3883 804 3920 cum
847 3865 955 3919 illis
998 3875 1073 3920 est
1113 3866 1376 3935 sponsus?
1411 3863 1629 3922 Vettient
1666 3873 1840 3924 autem

232 3955 377 4020 dies,
409 3971 528 4008 cum
568 3956 840 4024 auferetur
870 3955 935 4009 ab
966 3957 1043 4008 eis
1084 3971 1336 4024 sponsus,
1367 3963 1416 4012 et
1460 3964 1584 4014 tunc
1616 3953 1838 4030 jejuna-

235 4045 393 4100 bunt.
428 4044 615 4120 (Λᾶς.)
661 4046 816 4113 Quod
861 4055 1046 4102 autem
1099 4046 1236 4104 dixit
1295 4045 1586 4102 Matthaeus
1629 4045 1836 4116 lugere,

234 4133 342 4192 hoc
381 4133 596 4196 Marcus
635 4143 696 4192 et
731 4134 912 4192 Lucas
941 4135 1226 4206 jejunum;
1255 4135 1398 4205 quod
1435 4143 1493 4189 et
1519 4133 1605 4190 ille
1630 4143 1836 4204 postea,

231 4234 365 4280 tunc
426 4226 791 4302 jejuunbuut,
860 4228 975 4289 ait,
1041 4241 1152 4282 non
1224 4235 1449 4293 autem,
1508 4233 1636 4286 tunc
1692 4225 1841 4298 luge-

231 4318 398 4380 bunt.
450 4317 650 4374 Verum
715 4319 806 4376 illo
850 4320 1018 4382 verbo
1073 4319 1395 4390 signiﬁcavit
1449 4319 1516 4376 de
1569 4315 1675 4381 tali
1695 4317 1839 4390 jeju-

233 4408 331 4464 nio
354 4409 644 4478 Dotninum
669 4409 926 4476 locutum,
955 4411 1097 4482 quod
1123 4410 1358 4484 pertinet
1383 4410 1451 4470 ad
1475 4409 1838 4472 humilitatem

236 4499 642 4566 tribulationis;
698 4508 758 4554 ut
805 4501 934 4556 illud
981 4500 1235 4566 alterum,
1283 4501 1428 4570 quod
1481 4500 1719 4571 pertinet
1768 4489 1834 4558 ad

230 4591 495 4659 gaudium
527 4593 724 4647 anima:
751 4593 811 4646 in
835 4592 1112 4663 spiritalia.
1128 4608 1424 4667 suspensa,
1455 4601 1618 4666 alipte
1637 4595 1715 4650 ob
1731 4595 1835 4654 hoc

231 4679 496 4740 alienatas
521 4682 919 4754 quedamnodo
947 4697 987 4734 a.
1025 4681 1398 4753 corporalibus
1446 4682 1603 4747 cibis,
1648 4689 1831 4758 poste-

230 4769 481 4830 rioribus
509 4770 953 4834 similitudinibus
982 4771 1242 4833 Dominus
1265 4771 1604 4841 signiﬁcasse
1633 4771 1833 4830 intelli-

230 4869 402 4932 gatur
429 4860 496 4920 de
523 4876 704 4930 panno
726 4878 868 4924 novo
894 4872 951 4919 et
976 4864 1106 4924 vino
1124 4878 1286 4930 nove,
1301 4863 1354 4920 id
1372 4865 1664 4928 ostendens
1685 4864 1831 4936 quod

230 4949 568 5013 animalibus
595 4962 758 5024 atque
783 4952 1093 5018 canalibus
1123 4953 1270 5014 circa
1294 4968 1493 5023 corpus
1514 4954 1792 5023 occupatis
1810 4994 1826 5020 ,

229 5050 293 5100 et
327 5041 412 5102 ob
432 5041 537 5098 hoc
561 5051 800 5100 veterem
831 5044 1012 5101 adhuc
1038 5057 1263 5102 sensum
1309 5043 1685 5110 trahentibus,
1727 5043 1832 5100 hoc

229 5147 418 5204 genus
467 5131 661 5206 jejunii
709 5143 996 5207 congruat.
1045 5132 1340 5207 (.Hieron.)
1399 5132 1642 5205 Sponsus
1703 5147 1833 5206 ergo

229 5225 513 5293 Christus,
546 5241 743 5300 sponsa
769 5228 1016 5286 Ecclesia
1043 5235 1146 5288 est.
1179 5227 1258 5284 De
1285 5243 1393 5298 quo
1436 5235 1626 5284 sancto
1667 5229 1832 5298 spiri-

232 5317 448 5387 talique
473 5319 747 5384 connubio
775 5320 1004 5397 apostoli
1031 5328 1158 5392 sunt
1191 5320 1361 5376 creati
1397 5337 1410 5373 :
1437 5319 1534 5392 qui
1575 5334 1680 5376 non
1706 5334 1834 5390 pos,-

227 5414 374 5461 sunt
395 5405 578 5482 lugere
603 5417 765 5484 atque
785 5410 1035 5486 jejunare
1079 5409 1320 5480 quandiu
1350 5423 1608 5478 sponsum
1635 5408 1692 5463 in
1715 5409 1834 5464 tha-

227 5495 384 5556 lamo
424 5500 626 5565 vident,
658 5509 713 5555 et
745 5503 916 5556 sciunt
969 5516 1224 5574 sponsum
1268 5503 1390 5556 esse
1432 5515 1556 5560 cum
1611 5515 1828 5571 sponsa.

225 5587 468 5656 Quando
495 5607 628 5648 vero
659 5595 973 5652 transierint
999 5593 1224 5662 nuptiis,
1260 5607 1326 5648 ac
1355 5591 1627 5663 passionis
1654 5606 1718 5646 ac
1744 5607 1831 5650 re-

225 5680 596 5744 Iurrectimis
618 5690 834 5756 tempus
849 5683 1148 5748 advenerit,
1164 5691 1292 5744 tunc
1311 5681 1500 5759 sponsi
1510 5679 1606 5737 lilii
1622 5678 1828 5749 ieiuna-

228 5771 397 5821 bunt.
428 5767 642 5841 (Βεάα.)
675 5771 981 5828 Notandum
1011 5785 1138 5826 vero
1169 5771 1314 5828 hunc
1338 5769 1542 5827 luctum
1568 5767 1828 5827 absentia:

1868 4553 1915 4612 D

1946 3316 2074 3360 cum
2104 3302 2194 3360 illa
2245 3305 2439 3364 doceat
2467 3307 2720 3380 generale
2759 3307 3026 3386 jejunium
3069 3325 3175 3368 non
3201 3326 3232 3365 a
3274 3313 3534 3383 concupi-

1945 3396 2152 3456 scentia
2177 3395 2425 3454 ciborum
2452 3408 2684 3468 tantum,
2737 3403 2832 3462 sed
2878 3403 2949 3468 ab
2991 3405 3142 3464 omni
3180 3404 3368 3462 laetitia
3399 3414 3535 3462 tem-

1941 3486 2208 3558 poralium
2241 3489 2690 3559 delectationum,
2720 3494 2873 3573 cujus
2900 3497 3056 3568 qusi
3087 3511 3346 3566 paullum,
3373 3498 3426 3554 id
3450 3509 3538 3554 est

1941 3587 2152 3650 partem
2202 3577 2466 3650 aliquam,
2521 3597 2642 3658 qua:
2691 3585 2762 3645 ad
2790 3585 2944 3646 cibos
2966 3587 3219 3656 pertinet,
3249 3588 3378 3642 dicit
3425 3603 3534 3643 non

1939 3675 2194 3744 oportere
2223 3668 2534 3728 hominibus
2571 3674 2748 3732 adhuc
2781 3677 2950 3735 veteri
2976 3679 3352 3738 consuetudini
3382 3677 3535 3734 dedi-

1943 3759 2014 3812 tis
2044 3759 2331 3830 impertiri,
2359 3763 2489 3831 quia
2509 3771 2568 3822 et
2607 3763 2755 3824 illinc
2793 3768 2952 3836 quasi
2994 3769 3289 3824 censeissio
3320 3770 3534 3826 videtur

1941 3845 2081 3912 ﬁeri,
2115 3857 2173 3904 et
2199 3849 2299 3920 ipsi
2327 3853 2584 3908 vetustati
2611 3869 2717 3910 non
2747 3859 3015 3912 convenit.

2016 3937 2199 4009 Neque
2223 3940 2436 3998 mittunt
2461 3943 2638 4002 uinum
2666 3961 2856 4008 nouum
2895 3949 2952 4003 in
2978 3959 3118 4003 utres
3154 3959 3373 4016 veteres,
3401 3951 3531 4005 alio-

1940 4034 2068 4104 quin
2095 4046 2411 4106 rumpuntur
2457 4047 2620 4106 utres,
2650 4049 2698 4100 et
2740 4042 2920 4096 citium.
2947 4042 3263 4111 clauditur,
3299 4053 3348 4096 et
3387 4053 3526 4098 utres

1937 4134 2156 4194 pereunt
2183 4139 2203 4176 :
2232 4126 2322 4186 sed
2348 4128 2521 4184 riuum
2553 4146 2743 4188 nouunt
2769 4131 2825 4186 in
2858 4142 3000 4186 utres
3024 4147 3182 4190 novos
3207 4134 3416 4187 mittunt
3437 4173 3452 4201 ,
3477 4145 3529 4190 et

1941 4217 2094 4270 ambo
2133 4229 2530 4280 conservantur.
2563 4219 2794 4284 Eosdem
2832 4235 3047 4300 quoque
3075 4222 3350 4278 veteribus
3377 4239 3528 4279 com-

1940 4317 2095 4379 parat
2142 4309 2383 4374 utribus;
2416 4325 2554 4381 quos
2591 4313 2718 4368 vino
2752 4327 2916 4378 novo,
2961 4311 3020 4374 id.
3059 4321 3146 4370 est
3192 4314 3525 4385 spiritalibus

1937 4401 2242 4482 praeceptis,
2272 4401 2486 4464 facilius.
2506 4403 2767 4482 disrumpi
2799 4420 2964 4476 quam
2988 4407 3040 4467 id
3061 4422 3220 4478 posse
3244 4410 3525 4464 continere

1942 4492 2089 4551 dicit.
2119 4493 2286 4550 Erant
2316 4504 2497 4556 autem
2524 4495 2641 4567 jam
2678 4506 2829 4558 utres
2862 4499 3008 4566 novi,
3039 4515 3161 4560 cum
3187 4511 3311 4572 post
3333 4517 3523 4564 ascen-

1941 4595 2059 4643 sum
2090 4582 2304 4642 Domini
2349 4587 2618 4644 desiderio
2645 4588 3034 4653 consolationis
3062 4589 3178 4662 ejus
3221 4595 3428 4649 orando
3467 4605 3524 4651 et

1935 4675 2203 4744 sperando
2244 4675 2591 4742 innovantnr.
2625 4678 2779 4739 Tunc
2806 4680 2954 4742 enim
2983 4695 3310 4762 acceperunt
3343 4685 3512 4757 Spiri-

1937 4774 2052 4822 tum
2077 4778 2348 4835 sancntm,
2385 4783 2495 4842 quo
2519 4771 2725 4842 impleti
2753 4787 2880 4828 cum
2928 4772 3133 4846 linguis
3151 4777 3404 4834 omnibus
3444 4775 3522 4833 lo-

1934 4868 2248 4934 querentur,
2284 4875 2315 4914 a
2341 4857 2548 4919 Judaeis
2578 4861 2946 4920 nescientibus
2970 4904 2986 4931 ,
3033 4865 3134 4930 scd
3172 4875 3354 4926 tamen
3390 4881 3521 4922 vere

1934 4950 2344 5017 attestantibus.
2365 4950 2575 5012 dictum
2599 4960 2685 5008 est
2708 4954 2834 5028 quia
2865 4965 3037 5016 musto
3069 4956 3214 5028 pleni
3241 4967 3364 5013 sunt
3405 4958 3514 5011 isti.

1931 5037 2139 5098 Novum
2161 5041 2306 5105 enim
2332 5042 2516 5102 vinum
2539 5041 2653 5112 jam
2697 5046 2854 5102 novis
2881 5048 3091 5110 utribus
3129 5055 3374 5114 venerat,
3413 5047 3518 5106 hoc

1929 5140 2032 5194 est,
2065 5129 2302 5202 Spiritus
2323 5139 2545 5188 sanctus
2591 5131 2778 5189 fervor
2800 5135 3121 5205 spiritalium
3147 5135 3314 5192 corda
3341 5136 3516 5208 repla-

1928 5227 2100 5274 verat.
2128 5217 2398 5292 (Πὶενοη.)
2428 5219 2615 5277 Potest
2643 5230 2699 5276 et
2745 5223 2904 5278 aliter
2931 5222 3092 5292 hujus
3121 5224 3405 5281 sententia:
3437 5223 3517 5280 al-

1928 5307 2130 5380 legoria
2152 5309 2397 5380 intelligi.
2424 5309 2538 5365 Duo
2566 5322 2746 5368 autem
2767 5314 3014 5384 exempla
3036 5312 3286 5370 Salvator
3302 5315 3512 5386 posuit:

1935 5403 2242 5464 vestimenti
2272 5410 2327 5458 et
2354 5403 2553 5458 utrium
2599 5414 2843 5459 veterum
2870 5413 2925 5459 et
2966 5419 3266 5473 novorum;
3300 5414 3515 5463 veteres
3561 5471 3567 5475 _
3664 5440 3671 5446 -

1935 5493 2194 5550 debemus
2224 5493 2526 5567 intelligere
2567 5497 2774 5551 scribas
2797 5504 2853 5550 et
2898 5495 3235 5564 Pharisteos;
3273 5513 3516 5568 pannum

1933 5587 2066 5646 Novi
2095 5588 2445 5656 Testamenti,
2476 5599 2531 5646 et
2554 5591 2740 5646 vinum
2764 5605 2958 5646 novum
2977 5581 3254 5662 praecepta
3278 5605 3514 5663 evange-

1933 5676 2036 5741 lica
2085 5679 2385 5746 sentienda,
2422 5693 2544 5750 quae
2594 5694 2702 5735 non
2743 5689 2970 5748 possunt
3024 5681 3293 5758 sustinere
3320 5678 3512 5748 Judci,

1933 5785 2001 5824 ne
2049 5767 2223 5838 major
2269 5770 2504 5826 scissura
2536 5769 2646 5826 ttat.
2681 5767 2812 5826 Tale
2839 5770 2968 5843 quid
2992 5779 3048 5828 et
3085 5767 3290 5828 Galate
3333 5767 3515 5828 facere
