3978 6190
448 308 551 362 ετξ)

1107 306 1169 358 B.
1215 305 1463 360 RABANI
1505 305 1718 359 MAIIRI
1760 305 2076 361 ARCtilEP.
2124 305 2429 360 iltltll'NT.
2471 302 2755 360 Ol'ERUM
2797 302 2973 358 PARS
3010 303 3051 356 l.

3512 344 3521 347 -
3607 303 3721 356 830

444 425 749 493 cupiebant,
782 435 838 477 ut
879 438 1000 478 cum
1051 423 1339 494 Evangelio
1366 424 1500 495 legis
1545 432 1810 494 pra'ccpta
1839 424 2028 478 misee-
2057 428 2106 487 Α
2134 426 2373 491 intraret,
2407 445 2467 479 ac
2499 429 2573 481 sic
2612 426 2781 480 onznis
2811 426 2981 480 Israel
3010 425 3186 479 saltus
3218 427 3381 498 ﬁeret.
3421 424 3556 493 Quis
3586 440 3728 496 ergo

442 525 586 581 rent,
616 525 669 569 et
714 515 766 571 in
798 516 1008 570 utribus
1037 515 1310 571 veteribus
1358 517 1538 571 vinum
1594 532 1792 571 novum
1836 516 2022 572 mitte-

440 615 583 663 rent.
611 605 1033 678 SedApostOlus
1056 607 1241 662 ad‘eos
1264 594 1506 677 loquitur
1530 604 1672 678 (Gal.
1704 606 1788 679 Ill)
1814 626 1827 661 :
1871 608 1916 663 0
1942 606 2025 662 in-

440 702 635 754 sensati
660 698 1045 771 Gatatwiquis
1085 716 1169 754 vos
1202 692 1478 770 fascinavit
1516 701 1722 765 ueritati
1767 718 1868 756 non
1906 701 2024 755 obe-

439 795 589 847 dire?
613 794 803 847 Sermo
835 793 997 863 igitur
1020 793 1365 864 evangelicus
1388 790 1644 863 apostolis
1664 795 1843 863 potius
1862 810 2022 864 quam

440 887 635 939 scribis
662 892 717 939 et
753 884 1161 961 Pbarismisuest
1202 885 1588 950 infundendus,
1619 886 1711 956 qui
1757 881 2024 953 majorum

441 978 823 1033 traditionibus
864 977 1163 1051 depravati,
1222 977 1588 1034 sinceritatem
1628 986 2023 1047 praeceptorum

440 1068 640 1125 Christi
675 1084 781 1125 non
808 1077 1063 1140 poterant
1088 1064 1397 1126 custodire.
1428 1068 1547 1125 Alia
1571 1078 1655 1123 est
1695 1068 1840 1122 enim
1879 1067 2025 1138 puri-

438 1171 521 1217 tas
547 1162 827 1235 virginalis
850 1164 1064 1228 animae,
1088 1172 1145 1216 et
1166 1163 1309 1218 nulla
1336 1163 1534 1239 prioris
1559 1162 1673 1217 vitii
1704 1162 2025 1232 contagione

433 1254 669 1329 pollutae,
705 1255 823 1312 alia:
850 1252 1039 1313 sordes
1068 1273 1186 1327 quae
1223 1257 1515 1312 multorum
1540 1254 1853 1311 libidinibus
1898 1254 2025 1309 sub-

430 1347 739 1416 jacuerunt.
803 1348 984 1420 (.4ug.)
1037 1347 1347 1403 Cavendum
1396 1361 1529 1419 ergo
1551 1345 1758 1402 doctori
1815 1354 1900 1401 est
1955 1361 2023 1401 ne

436 1437 631 1492 animae
660 1437 899 1492 nondum
949 1447 1242 1503 renovatae,
1277 1438 1372 1493 sed
1420 1438 1473 1491 in
1505 1443 1775 1491 vetustate
1804 1435 2025 1490 malitiae

436 1528 749 1595 perduranti
799 1539 1076 1584 novorum
1106 1528 1487 1599 mysteriorum
1534 1535 1745 1583 secreta
1774 1526 2021 1581 commit-

438 1628 534 1671 tat.
574 1616 726 1686 Quod
750 1620 793 1673 si
825 1621 1017 1690 quaerit
1046 1620 1240 1691 aliquis
1267 1605 1396 1691 quid
1428 1621 1569 1674 inter
1600 1621 1784 1674 vinum
1822 1634 2021 1673 novum

436 1709 663 1778 mystice
690 1718 743 1763 et
770 1710 1154 1765 vestimentum
1194 1710 1357 1764 distet
1401 1726 1622 1774 novum,
1675 1708 1832 1763 facile
1876 1716 2024 1779 patet

2130 520 2590 591 arebisynagogus
2620 509 2739 584 iste,
2766 518 2859 587 qui
2889 517 2956 572 ad
2978 516 3270 572 Dominum
3297 531 3399 587 pro
3423 516 3530 572 filia
3562 530 3729 590 roga-

2129 616 2285 664 turus
2314 609 2548 669 advenit,
2583 608 2775 663 melius
2803 622 2965 677 quam
3000 606 3117 678 ipse
3143 592 3321 662 Moses
3354 605 3685 677 intelligitur

2129 698 2283 758 Unde
2312 695 2451 755 bene
2475 697 2675 763 Jairus,
2708 699 2761 754 id
2794 708 2877 753 est
2897 692 3201 753 iﬂuriu'nans
3225 697 3337 752 sive
3358 696 3730 764 illuminatus,

2128 802 2373 847 vocatur.
2419 791 2519 859 Qui
2555 792 2761 861 accepit
2792 791 2954 845 verba
2984 790 3264 844 vitmdare
3292 788 3483 854 nobis,
3528 796 3583 861 et
3625 805 3732 860 per

2127 885 2244 940 haec
2275 876 2501 940 caeteros
2534 881 2815 941 illuminat,
2847 882 3041 951 etipse
3070 897 3098 934 a
3130 872 3335 950 Spiritu
3368 892 3561 938 sancto
3585 900 3730 953 quo-

2129 974 2288 1029 modo
2318 973 2501 1029 vitalia
2530 982 2586 1029 et
2612 973 2878 1042 Spiritalia
2911 975 3105 1028 docere
3134 971 3319 1043 posset
3337 1015 3350 1039 ,
3379 972 3727 1030 illuminat":

2128 1074 2209 1120 est
2233 1060 2246 1131 ζ
2268 1065 2375 1141 λῳιί
2411 1065 2600 1120 videns
2643 1062 2864 1126 Iesum,
2914 1064 3210 1119 secundum
3242 1063 3407 1118 alium
3437 1065 3725 1134 evangeli-

2128 1148 2309 1218 stam,
2360 1154 2593 1224 procidit
2621 1155 2689 1208 ad
2720 1155 2883 1225 pedes
2923 1155 3080 1222 ejus:
3135 1155 3259 1223 quia
3308 1155 3617 1225 praevidens
3663 1157 3725 1209 in

2127 1236 2320 1319 spiritu
2352 1235 2644 1301 venturum
2684 1240 2735 1300 iri
2777 1262 2943 1301 carne
2978 1248 3178 1310 Deum,
3224 1236 3414 1301 humili
3457 1248 3623 1303 corde
3658 1262 3725 1302 se

2127 1336 2243 1404 ejus
2272 1338 2525 1407 potentia:
2556 1334 2812 1391 subdidit.
2847 1337 3018 1407 Quem
3051 1338 3124 1391 ita
3158 1338 3303 1391 circa
3339 1338 3502 1393 linem
3533 1337 3721 1393 saeculi

2129 1409 2409 1481 hominem
2434 1417 2824 1481 incarnandum
2867 1441 2987 1482 esse
3026 1418 3307 1497 cognovit,
3351 1439 3410 1483 ut
3448 1437 3721 1484 :eternum

2126 1526 2252 1573 ante
2292 1504 2452 1573 omne
2488 1518 2743 1573 sareulum
2781 1517 2952 1593 Deum
2984 1520 3219 1574 existere
3267 1536 3372 1573 non
3421 1521 3716 1576 dubitaret.

2125 1610 2183 1666 Si
2221 1612 2366 1665 enim
2398 1604 2562 1681 caput
2589 1599 2789 1665 Christi
2824 1611 2983 1677 Deus,
3016 1610 3179 1681 pedes
3221 1613 3337 1681 ejus
3375 1613 3508 1683 quit]
3539 1613 3721 1683 aptius

2126 1718 2288 1774 quam
2319 1712 2595 1773 assumpta
2622 1704 2951 1767 humanitas,
2978 1708 3311 1779 quaterram
3342 1713 3718 1759 nostrasmor—

435 1800 560 1867 quia
593 1800 718 1853 vino
749 1800 896 1854 intus
923 1799 1199 1853 reficimur
1227 1808 1280 1854 et
1315 1801 1675 1879 inebriamur,‘
1702 1800 2024 1853 vestimento
2054 1791 2099 1850 Β
2130 1795 2353 1849 talitatis
2381 1795 2574 1879 tetigit,
2608 1795 2908 1866 accipiendi
2939 1797 3106 1849 Sunt?
3134 1795 3201 1849 Et
3229 1796 3515 1865 procidere
3542 1797 3720 1851 archi-

436 1897 615 1945 autem
643 1888 946 1944 forinsecus
973 1889 1265 1959 induimur.
1310 1887 1444 1944 Cum
1475 1904 1601 1944 vero
1627 1896 1922 1958 utrumque
1952 1887 2021 1941 ad

436 1964 854 2049 signiﬁcantiam
897 1978 1022 2032 vita:
1046 1979 1281 2048 pertinet
1308 1968 1596 2048 spiritalis,
1634 1980 2021 2037 vestimentum

434 2064 693 2138 profecto
735 2083 897 2138 opera
957 2078 1143 2124 nostra
1191 2065 1336 2124 bona
1357 2084 1476 2138 qua:
1524 2069 1658 2124 foris
1687 2070 1918 2141 agimus,
1968 2077 2025 2123 et

434 2160 631 2228 quibus
662 2173 842 2214 coram
858 2158 1167 2214 hominibus
1194 2156 1454 2224 lucemus,
1485 2158 1753 2224 insinuat;
1775 2158 1901 2213 vino
1921 2172 2020 2212 au-

435 2260 539 2301 tem
568 2265 708 2304 novo
740 2250 918 2303 fervor
947 2248 1091 2314 fidei,
1114 2250 1224 2319 spei
1248 2258 1303 2304 et
1329 2249 1630 2314 charitatis,
1650 2238 1767 2319 quo
1809 2250 1862 2304 in
1896 2265 2021 2304 con-

437 2348 622 2408 spec-tu
674 2323 843 2394 nostri
878 2339 1174 2394 conditoris
1223 2340 1274 2393 in
1327 2340 1566 2395 novitate
1615 2356 1806 2395 sensus
1852 2340 2023 2395 nostri

436 2434 581 2485 intus
626 2433 725 2503 ipsi
773 2432 1153 2495 reformantur,
1206 2434 1548 2503 exprimitur.
1590 2432 1847 2504 Sequitur
1891 2433 2023 2487 Mat-

438 2523 632 2585 tba-‘us,
666 2520 911 2577 ordinem
942 2532 1248 2591 temporum
1279 2536 1520 2588 servans,
1551 2532 1607 2579 et
1638 2523 1767 2578 dicit
1793 2542 1805 2577 :

508 2613 646 2689 [lV.]
688 2613 818 2668 Hm:
846 2614 934 2668 illo
961 2615 1030 2667 ad
1067 2631 1154 2668 eos
1184 2613 1443 2684 loquente,
1475 2631 1589 2668 ecce
1618 2614 1856 2684 princeps
1887 2630 2021 2667 unus

440 2694 678 2771 arcessit,
712 2719 758 2761 et
788 2704 1042 2760 adorabat
1072 2723 1211 2769 eum,
1240 2706 1459 2759 dicens:
1487 2704 1731 2768 Domine,
1763 2705 1875 2771 ﬁlia
1908 2720 2021 2757 mea

434 2802 590 2855 modo
637 2799 885 2869 defuncta
917 2809 1028 2863 est;
1069 2805 1157 2853 sed
1188 2799 1330 2862 veni,
1376 2800 1581 2869 impone
1620 2814 1832 2851 manum
1858 2806 2019 2857 tuam

434 2909 590 2962 super
633 2907 782 2952 eam,
828 2900 875 2943 et
923 2890 1074 2944 viret.
1134 2889 1318 2960 (Λᾶς.)
1371 2888 1525 2943 Hunc
1554 2890 1683 2959 ergo
1719 2887 2019 2956 principem

422 2970 647 3036 Marcus
675 2976 868 3052 (Marc.
898 2980 952 3050 v)
999 2989 1049 3035 et
1095 2978 1272 3034 Lucas
1301 2976 1452 3049 (Luc.
1483 2978 1601 3048 vui)
1639 2979 1823 3032 dicunt
1855 2975 2020 3030 fuisse

433 3072 917 3141 arrhisynagogum
941 3112 954 3135 ,
1006 3079 1059 3125 et
1098 3070 1320 3124 nomine
1361 3067 1600 3131 .lairum,
1649 3067 2015 3138 procidentem

2128 1888 2458 1957 s'ynagngum
2482 1876 2556 1941 ad
2586 1886 2751 1955 pedes
2768 1884 2922 1952 ‘Jesu,
2951 1896 3038 1942 est
3062 1885 3423 1959 legislatorem
3449 1898 3574 1943 eum
3606 1897 3719 1943 tota

2124 1977 2383 2048 progenie
2410 1985 2623 2046 patrum
2654 1977 3133 2032 mediatoremODei
3162 1987 3211 2032 et
3245 1979 3527 2033 hominum
3557 1979 3717 2049 longe

2127 2061 2228 2122 sibi
2259 2064 2536 2138 dignitatis
2567 2068 2736 2139 gloria
2766 2068 3163 2137 praeferendum
3193 2083 3316 2124 esse
3360 2054 3716 2141 cognoscere,

2124 2165 2181 2211 et
2210 2156 2451 2211 conﬁteri
2480 2172 2601 2211 cum
2631 2157 2889 2226 Apostoio
2914 2156 2965 2229 (Ι
2995 2155 3118 2210 Cor.
3147 2157 3210 2227 t),
3236 2157 3361 2226 quia
3390 2158 3531 2228 quod
3559 2157 3713 2219 inﬁr-

2125 2264 2266 2301 mum
2306 2258 2379 2302 est
2417 2246 2537 2311 Dei,
2578 2248 2766 2317 fortius
2814 2258 2889 2303 est
2933 2249 3250 2303 hominibus.
3313 2246 3543 2319 (Maca)
3576 2246 3715 2314 Quid

2125 2349 2305 2395 autem
2339 2339 2797 2412 archisyuagogus
2826 2340 2913 2395 ille
2944 2342 3177 2396 adorans
3206 2340 3515 2405 Dominum,
3545 2340 3717 2409 petie-

2126 2434 2198 2487 rit
2223 2433 2504 2487 audiamus
2531 2451 2543 2483 :
2581 2430 2747 2497 Fifia,
2782 2432 2978 2501 inquit,
3009 2430 3123 2487 mm
3153 2431 3587 2500 modO'deluncta
3617 2442 3712 2493 est,

2126 2522 2388 2589 sed‘reui,
2421 2525 2625 2592 impone
2654 2540 2863 2578 manum
2905 2533 3049 2578 tuam
3086 2542 3243 2593 super
3277 2540 3425 2583 eam.
3473 2533 3522 2577 et
3564 2525 3716 2579 uiuet.

2124 2615 2271 2669 Filia‘
2301 2624 2431 2686 ergo
2473 2615 2884 2687 archisynagogi
2938 2617 3050 2685 ipsa
3096 2624 3178 2670 est
3224 2612 3547 2686 Synagoga,
3593 2630 3716 2685 quae

2124 2707 2234 2762 sola
2268 2708 2435 2778 legali
2454 2709 2793 2762 institutione
2818 2709 3321 2778 composita,'quasi
3349 2709 3507 2763 unica
3540 2707 3711 2779 Moysi

2124 2810 2247 2854 nata
2277 2810 2412 2854 erat.
2471 2798 2707 2855 Uude‘et
2739 2800 2790 2852 in
2826 2797 3115 2869 Evangelio
3150 2799 3311 2854 Lucae
3342 2799 3414 2853 ita
3446 2800 3711 2868 scriptum

2123 2902 2227 2958 est,
2257 2894 2379 2962 quia
2408 2890 2520 2960 [ilia
2546 2893 2707 2944 unica
2736 2900 2847 2945 erat
2876 2890 2954 2943 iiii
2980 2891 3090 2960 fere
3119 2906 3381 2944 annorum
3409 2889 3708 2951 duodecim,

2120 2994 2169 3037 et
2216 2984 2327 3036 Iure
2373 2982 2711 3035 moriebatur.
2766 2980 2939 3048 Quam
2990 2976 3149 3035 modo
3199 2979 3510 3037 defunctam
3556 2989 3714 3050 pater

2123 3073 2237 3144 ipse
2263 3074 2640 3143 conqueritur:
2669 3073 2793 3143 quia
2822 3082 2942 3143 post
2973 3072 3203 3128 nobilem
3232 3072 3607 3129 educationem
3635 3073 3741 3132 le-.

433 3162 500 3214 ad
525 3162 687 3231 pedes
710 3158 860 3223 .lesu,
883 3170 937 3213 et
959 3163 1339 3230 deprecantem
1368 3174 1465 3230 pro
1489 3159 1722 3213 sanitate
1738 3156 1864 3221 filiae
1884 3173 2013 3211 sum.
2049 3156 2092 3218 C
2127 3164 2402 3235 gislatoris
2431 3172 2484 3218 et
2517 3164 2930 3219 instructionem
2960 3165 3344 3234 prophetarum
3368 3206 3380 3229 ,
3422 3170 3713 3236 postquam

434 3253 587 3320 Quod
619 3269 748 3309 vero
780 3252 1060 3307 Matthaaus
1108 3251 1594 3325 archisynagogum
1641 3266 1747 3304 non
1793 3250 2014 3304 moritu-

435 3360 571 3409 ram,
602 3343 684 3397 vel
719 3343 1058 3408 morientem,
1091 3341 1174 3394 vel
1209 3343 1261 3395 in
1296 3350 1540 3395 extremo
1569 3342 1821 3410 positam,
1853 3339 2017 3393 filiam

428 3436 584 3488 Suam
618 3444 802 3488 narrat
833 3431 1060 3488 Domino
1093 3434 1401 3499 nuntiasse,
1447 3432 1543 3487 sed
1574 3432 1794 3486 omnino
1826 3431 2013 3507 defirn-
2036 3494 2051 3501 ε

433 3535 575 3577 ("illi
598 3542 610 3589 ;
647 3523 720 3576 illi
752 3531 929 3577 autem
959 3522 1085 3587 duo,
1110 3523 1268 3576 morti
1291 3523 1404 3593 jam
1430 3522 1756 3592 proximam,
1782 3521 2016 3578 nondum

432 3625 615 3668 tamen
648 3600 954 3678 mortuam,
984 3613 1435 3669 considerandum
1467 3621 1582 3677 est,
1618 3626 1694 3665 ne
1718 3614 2020 3684 repugnare

433 3705 699 3769 videatur,
719 3712 773 3758 et
797 3704 1198 3775 intelligendum
1226 3704 1504 3758 brevitatis
1528 3719 1687 3758 causa
1714 3702 2018 3783 Mattbaeum

434 3802 535 3852 hoc
565 3798 742 3868 potiits
775 3797 953 3853 dicere
988 3796 1252 3861 voluisse,
1301 3804 1547 3869 rogatum
1585 3811 1707 3851 esse
1732 3795 1914 3851 Jesunt
1961 3805 2017 3850 ut

432 3891 637 3942 faceret
663 3888 806 3965 quod
838 3903 959 3942 eum
988 3886 1182 3942 fecisse
1213 3884 1558 3944 manifestqu
1591 3898 1696 3953 est,
1728 3896 1784 3943 ut
1812 3874 2020 3943 scilicet

432 3988 703 4032 mortuam
730 3978 1021 4032 suscitaret
1046 3997 1057 4030 :
1096 3980 1325 4033 attendit
1353 3979 1496 4033 enim
1529 3995 1633 4033 non
1659 3980 1821 4033 verba
1850 3980 2019 4049 patris

432 4069 498 4121 de
532 4068 636 4122 lilia
667 4085 787 4133 sua,
821 4070 936 4133 sed,
967 4069 1110 4138 quod
1141 4076 1221 4123 est
1254 4070 1619 4139 potissimum,
1649 4069 2014 4135 voluntatem;

431 4168 485 4211 et
517 4159 642 4213 talia
670 4159 832 4213 verba
864 4161 1064 4229 posuit,
1099 4159 1274 4230 qualis
1304 4148 1553 4215 voluntas
1578 4170 1714 4215 erat.
1764 4160 1837 4228 lta
1875 4162 2018 4215 enim

426 4251 846 4321 'desperav’erat,
881 4262 937 4305 ut
967 4243 1148 4321 potius
1174 4266 1295 4307 eam
1326 4252 1487 4305 vellet
1516 4240 1873 4315 reviviscere,
1914 4236 2019 4306 non

430 4344 659 4397 credens
690 4343 867 4397 vivam
902 4359 1059 4414 posse
1090 4345 1354 4410 inveniri,
1387 4337 1901 4414 quam'moricntetn
1935 4360 2014 4396 re-

430 4429 688 4509 liquerat.
740 4438 854 4492 Duo
886 4439 1067 4512 itaque
1095 4444 1402 4508 posuerunt
1421 4439 1550 4508 quid
1586 4438 1783 4492 dixerit
1807 4432 2014 4500 Jairus,

2127 3255 2197 3308 ad
2222 3254 2587 3326 int‘elligibilcs
2614 3244 2823 3309 ominus
2853 3248 3176 3324 pervenerat
3194 3296 3207 3317 ,
3240 3263 3524 3324 postquam
3552 3253 3711 3324 spiri-

2125 3344 2282 3399 talem
2314 3346 2423 3400 Deo
2452 3345 2691 3399 sobolem
2725 3334 2986 3415 generare
3021 3345 3281 3409 debebat,
3316 3344 3590 3401 variorum
3627 3360 3716 3399 er-

2124 3452 2308 3491 rorum
2363 3436 2631 3506 languore
2673 3432 3018 3490 consternata
3054 3477 3066 3500 ,
3127 3436 3307 3490 subito
3359 3445 3711 3505 peccatorum

2124 3524 2298 3582 marte
2326 3528 2595 3583 exstincta
2620 3539 2737 3593 est;
2769 3529 2864 3582 sed
2891 3528 3111 3583 veniens
3140 3527 3470 3597 Redemptor
3492 3535 3711 3592 noster,

2107 3635 2283 3689 quam
2314 3628 2582 3677 mortuam
2618 3618 2852 3681 invenit,
2900 3619 3120 3674 dextera
3160 3633 3273 3673 sua!
3311 3620 3570 3688 potentiae
3604 3619 3714 3674 cito

2123 3710 2189 3763 ad
2218 3709 2382 3763 vitam
2418 3710 2706 3765 revocavit.
2736 3707 2897 3763 Nota
2929 3710 3071 3779 quod
3114 3711 3365 3779 princeps
3390 3710 3497 3764 iste
3526 3709 3709 3764 dixit:

2134 3804 2281 3873 l'eui,
2312 3807 2519 3875 impone
2549 3813 2762 3859 ntanum
2794 3814 2937 3858 tuam
2966 3820 3281 3877 superieam,
3315 3803 3364 3857 et
3390 3806 3555 3864 uiuet;
3587 3820 3713 3858 cen-
3760 3848 3761 3851 η

2122 3897 2263 3952 turio
2292 3902 2472 3951 autem
2502 3896 2577 3951 ait
2602 3915 2617 3963 ς
2652 3895 2896 3961 Domine,
2923 3905 3125 3950 tantum
3156 3895 3243 3948 dic
3270 3895 3447 3957 verba,
3480 3903 3714 3949 etum.

2123 3986 2263 4040 bitur
2288 4004 2418 4057 puer
2441 3974 2608 4042 meus.

2192 4078 2262 4132 Et
2292 4095 2507 4150 surgens
2535 4078 2691 4135 Iesus
2728 4080 3037 4149 sequebatur
3064 4095 3200 4141 eum,
3231 4090 3277 4132 et
3306 4078 3551 4147 discipuli
3574 4077 3710 4147 ejus.

2118 4171 2259 4238 Quia
2314 4180 2480 4240 prbpe
2531 4178 2615 4225 cst
2665 4170 2981 4252 timentibus
3032 4169 3200 4223 Deum
3251 4168 3490 4249 salutare
3544 4167 3711 4237 ipsius

2124 4261 2292 4333 (Pent.
2327 4262 2583 4332 Lxxnv),
2633 4276 2734 4317 nec
2780 4244 3118 4316 obliviscitur
3149 4274 3309 4315 voces
3350 4244 3709 4329 qumrentium

2124 4366 2201 4407 se.
2255 4351 2354 4408 Ubi
2399 4352 2542 4406 enim
2589 4351 2852 4406 adventus
2896 4349 3023 4405 Jesu
3070 4366 3192 4405 cum
3238 4348 3554 4405 doctoribus
3598 4347 3711 4403 suis

2126 4440 2486 4513 propinquat,
2537 4442 2719 4497 statim
2751 4440 2824 4518 ibi
2855 4441 3047 4496 mortis
3086 4440 3264 4496 exitus
3305 4450 3360 4494 et
3400 4440 3526 4493 vitae
3564 4444 3713 4507 patet

431 4531 715 4584 Matth-mus
747 4539 929 4582 autem
967 4532 1096 4599 quid
1128 4530 1379 4583 voluerit.
1430 4529 1728 4600 Utrumque
1763 4543 1891 4598 ergo
1925 4543 2016 4598 pe-
2045 4512 2101 4571 Ῐ)
2124 4512 2395 4607 introitus.

432 4623 590 4675 titum
623 4630 705 4674 est
734 4636 761 4672 a
798 4620 1057 4687 Domino,
1090 4622 1161 4673 ~u't
1208 4621 1289 4673 vel
1338 4619 1656 4673 morientem
1681 4618 1901 4673 salvam
1941 4616 2019 4672 fa-

428 4724 608 4789 ceret,
642 4714 725 4767 vel
755 4725 1023 4768 mortuam
1053 4716 1380 4769 suscitaret:
1420 4713 1513 4766 sed
1542 4726 1662 4766 cum
1696 4710 2019 4767 instituisset

431 4807 717 4861 Matthmus
751 4808 921 4859 totum
953 4806 1192 4860 breviter
1217 4805 1418 4869 dicere,
1465 4806 1567 4858 hoc
1598 4804 1894 4859 insinuavit
1924 4819 2017 4873 pa-

430 4907 570 4952 trem
603 4907 889 4968 rogantem
923 4897 1124 4952 dixisse
1167 4897 1308 4966 quod
1357 4907 1413 4952 et
1463 4897 1637 4967 ipsum
1686 4904 1892 4950 certum
1931 4906 2015 4949 est

425 4987 666 5042 voluisse
695 4995 748 5042 et
776 4986 1053 5041 Christum
1083 4987 1297 5041 fecisse.
1343 4986 1573 5057 Mystice'
1598 4996 1783 5041 autcm‘
1814 4987 1877 5040 in
1912 4986 2015 5040 liae

425 5077 681 5142 lectione,
735 5078 825 5132 ubi
878 5079 1340 5149 arebisyuagogus
1387 5076 1599 5132 salrare
1647 5076 1809 5132 filiam
1862 5076 2012 5133 Suam

423 5171 596 5242 petit,
652 5171 748 5226 sed
780 5179 1041 5242 pergente
1083 5171 1150 5224 ad
1193 5171 1412 5225 domum
1441 5170 1556 5240 ejus
1588 5170 1839 5233 Domino,
1862 5168 2012 5241 prae-

424 5271 652 5335 occupat
676 5262 1095 5319 btemorrhoissa
1121 5263 1331 5327 mulier,
1354 5271 1409 5318 et
1432 5263 1675 5335 prmripit
1694 5248 2012 5329 sanitatem;

424 5370 489 5409 ac
533 5350 727 5409 deinde
770 5353 881 5408 ﬁlia
931 5354 1347 5426 archisyuagogi
1391 5355 1458 5408 ad
1494 5350 1733 5425 optatam
1768 5355 2017 5424 pervenit

424 5444 749 5507 sanitatem,
798 5443 907 5519 imo
954 5443 1020 5498 de
1070 5452 1243 5498 morte
1288 5452 1539 5498 revocata
1586 5453 1671 5497 est
1717 5446 1783 5498 ad
1824 5444 2009 5509 vitam,

424 5536 570 5589 salus
621 5535 926 5591 ostenditur
973 5537 1188 5607 generis
1219 5536 1441 5590 humani
1479 5553 1490 5588 :
1531 5551 1651 5604 qua:
1688 5535 1917 5591 Domino
1958 5536 2009 5590 in

425 5641 587 5679 carne
613 5627 866 5681 veniente
896 5628 968 5681 ita
1001 5614 1311 5698 dispensata
1342 5635 1443 5692 est,
1471 5635 1532 5681 ut
1555 5627 1731 5696 primo
1750 5628 1920 5696 aliqui
1944 5642 2010 5681 ex

427 5715 592 5774 Israel
635 5720 700 5772 ad
735 5720 893 5777 [idem
927 5725 1207 5786 venerint,
1257 5721 1449 5777 deinde
1475 5721 1745 5794 plenitudo
1779 5724 2007 5791 gentium

616 5922 695 5980 Χ-.

2156 4614 2159 4615 ν
2194 4623 2309 4699 μη]
2334 4622 2405 4676 Et
2430 4639 2545 4677 ecce
2573 4623 2765 4676 multer
2789 4636 2909 4693 qua?
2937 4625 3208 4694 sanguinis
3239 4623 3446 4692 ﬂuxum
3478 4624 3712 4694 patieba-

2119 4730 2207 4771 tur
2232 4718 2507 4770 duodecim
2533 4716 2711 4782 annis,
2755 4718 3218 4770 accessit-retroct
3249 4716 3417 4786 tetigit
3445 4715 3711 4784 ﬁmbriam

2118 4806 2408 4872 uestimenti
2437 4810 2573 4881 ejus.
2632 4807 2845 4880 (Βεάη.)
2882 4808 3074 4863 Mulier
3104 4808 3367 4878 sanguine
3392 4807 3589 4873 fluens,
3621 4807 3715 4863 sed

2119 4918 2146 4955 a
2181 4902 2409 4956 Domino
2436 4908 2622 4955 curata
2643 4941 2658 4965 ,
2692 4896 2933 4955 Ecclesia
2962 4908 3048 4953 est
3072 4907 3403 4970 congregata
3436 4897 3508 4952 de
3534 4898 3712 4970 genti-

2124 4991 2252 5055 bus;
2293 4998 2413 5060 qum
2453 4989 2695 5059 ingenito
2723 4988 3020 5043 carnalium
3053 4988 3477 5065 delectationum
3507 4989 3711 5058 polluta

2124 5080 2304 5148 fluxu,
2337 5078 2500 5149 atque
2530 5096 2560 5134 a
2588 5087 2731 5135 coetu
2755 5079 2873 5148 jam
2900 5080 3076 5136 fuerat
3107 5088 3391 5151 segregata
3425 5080 3704 5136 ﬁdelium:

2123 5173 2219 5227 sed
2247 5173 2370 5227 dum
2403 5172 2627 5229 verbum
2657 5167 3019 5227 Dei‘Judteam
3056 5171 3267 5226 salvare
3297 5180 3581 5238 cerneret,
3622 5168 3713 5226 illa

2121 5271 2366 5335 paratam
2390 5264 2503 5333 jam
2535 5263 2963 5333 promissamque
2992 5262 3110 5318 aliis
3136 5262 3422 5333 praeripuit
3442 5278 3541 5331 spe
3564 5268 3711 5318 certa

2123 5353 2374 5408 salutem.
2402 5352 2705 5407 Notandbm
2730 5353 2875 5422 quod
2897 5361 2952 5407 et
2973 5353 3387 5424 arcltisynagogi
3412 5353 3710 5410 duodennis

2123 5443 2194 5498 sit
2218 5442 2326 5497 filia
2346 5484 2359 5509 ,
2395 5434 2449 5497 et
2480 5443 2673 5497 mulier
2702 5444 2817 5499 huic
2847 5444 2915 5498 ab
2944 5444 3101 5498 anuis
3132 5444 3418 5499 duodecim
3450 5446 3708 5516 sanguine

2118 5535 2365 5603 fluxerit,
2396 5528 2499 5591 hoc
2528 5545 2630 5602 est,
2661 5538 2870 5608 eodem,
2908 5551 3015 5608 quo
3042 5538 3159 5592 inec
3186 5546 3311 5592 nata
3342 5537 3415 5593 sit
3446 5548 3703 5608 tempore,

2118 5624 2207 5678 illa
2257 5627 2483 5695 coeperit
2530 5606 2831 5681 ibiirma'ri:
2880 5606 2983 5682 una
3032 5629 3186 5684 euiur
3225 5642 3365 5700 pene
3411 5606 3707 5698 eademque

2120 5720 2299 5775 szeculi
2324 5720 2483 5792 lmjus
2508 5722 2668 5775 aetate
2701 5731 2752 5776 et
2786 5721 3069 5793 Synagnga
3100 5722 3151 5776 in
3178 5723 3511 5793 patriarcbis
3533 5724 3705 5783 nasci,
