3986 6192
272 348 279 355 ’
300 357 397 416 881

1276 353 1627 411 (ΖΟΜΜΕΝΤ.
1670 353 1736 409 IN
1774 349 2219 419 MATTHJZL'M.
2247 382 2317 392 -—
2352 350 2479 406 LIB.
2525 348 2606 406 lli.

3461 348 3565 407 882

296 482 353 527 et
377 470 619 549 gentium
648 473 956 525 exterarum
994 468 1142 524 natio
1172 483 1269 539 per
1288 472 1484 535 orbem
1513 471 1681 540 coepit
1708 470 1878 534 idolo:
1902 472 1957 531 Α
1984 470 2053 524 ab
2079 468 2225 524 omni
2266 469 2546 538 iniquitate
2580 476 2937 538 peccatorum.
2966 481 3208 524 meorum
3242 469 3559 525 mundabur.

297 564 475 625 latria:
505 562 656 623 sanie
684 559 896 617 ftedari.
952 558 1088 615 Nam
1129 569 1184 614 et
1223 559 1399 618 ﬂuxus
1435 562 1712 633 sanguinis
1737 560 1877 617 bifa-

298 653 470 715 riam,
521 651 630 707 boc-
660 658 770 713 est,
821 657 877 705 et
924 664 1088 720 super
1115 649 1432 705 idololatriae
1460 650 1776 720 pollutione,
1824 659 1881 706 et

298 758 462 814 super
491 742 577 797 his
601 756 723 810 quae
760 740 944 798 carnis
984 755 1050 796 ac
1085 740 1364 812 sanguinis
1394 739 1757 797 delectatione
1783 757 1878 813 ge-

297 843 512 899 runtur,
532 840 711 903 potest
734 840 880 888 recte
903 831 1147 900 intelligi.
1176 832 1315 903 Ergo
1336 832 1573 902 quandiu
1598 831 1879 903 Synagoga

298 927 503 994 viguit,
550 924 820 979 laboravit
857 923 1097 979 Ecclesia
1124 943 1136 977 :
1168 924 1411 979 defectus
1441 923 1582 979 illius
1608 922 1771 992 hujus
1799 934 1884 979 est

300 1021 494 1082 virtus,
522 1016 648 1087 quia
685 1014 896 1070 illorum
924 1015 1120 1083 delicto
1146 1015 1292 1073 salus
1329 1013 1471 1070 facta
1500 1023 1584 1069 est
1608 1016 1879 1088 gentibus.

298 1109 526 1181 (Alsum)
564 1108 674 1165 Nec
707 1108 826 1164 sine
852 1108 1113 1180 mysterio
1139 1107 1421 1177 quodﬁlia
1456 1108 1607 1177 prius
1637 1116 1877 1177 rogatur,

295 1208 350 1254 et
397 1208 576 1254 tamen
617 1197 1035 1257 btemorrboissa
1082 1198 1233 1268 prius
1276 1204 1538 1262 sanatur;
1586 1196 1712 1264 quia
1757 1195 1881 1250 licet

295 1289 622 1361 patriarchae
648 1297 702 1346 et
722 1289 998 1361 propheta:
1021 1288 1248 1343 salutem
1274 1286 1620 1342 Hebraeorum
1645 1294 1768 1340 ante
1789 1301 1883 1355 po-

295 1382 640 1447 stulaverint,
664 1395 857 1452 magna
888 1389 1069 1436 tamen
1098 1379 1230 1435 ﬁdes
1257 1380 1494 1451 gentium
1521 1379 1671 1449 prius
1692 1378 1882 1451 salutis

294 1474 499 1547 donum
522 1460 846 1547 impetravit.
880 1469 1150 1543 (Ηὶει-οη.)
1178 1470 1313 1525 Filia
1340 1476 1519 1525 autem
1546 1470 1801 1540 principis
1827 1470 1880 1524 in

293 1567 519 1623 civitate
552 1565 685 1635 legis
714 1563 982 1632 moriens,
1012 1572 1066 1617 et
1096 1563 1150 1617 in
1181 1564 1339 1618 domo
1370 1563 1422 1618 in
1455 1577 1560 1632 qua
1597 1563 1757 1617 unius
1784 1561 1880 1618 Dci

291 1659 477 1714 cultus
501 1644 567 1713 ac
593 1656 862 1714 confessio
886 1656 989 1712 fuit
1010 1658 1085 1721 ab
1114 1656 1302 1715 eodem
1334 1656 1561 1713 Domino
1588 1659 1882 1717 resuscita-

230 1770 235 1771 ν
294 1759 406 1805 tur.
430 1748 561 1805 Haec
580 1757 761 1804 autem
781 1748 976 1804 mulier
996 1749 1261 1818 sanguine
1283 1748 1472 1814 ﬂuens,
1493 1764 1597 1804 non
1620 1751 1672 1803 in
1695 1750 1877 1814 domo,

289 1854 402 1897 non
433 1839 489 1894 in
514 1838 883 1921 urbeaccedit
909 1838 978 1893 ad
1008 1838 1324 1909 Dominum,
1363 1840 1491 1909 quia
1521 1840 1674 1909 juxta
1702 1840 1874 1911 legem
1906 1830 1951 1888 Β

289 1935 522 1996 urbibus
541 1934 947 1999 excludebatur,
981 1933 1074 1989 sed
1096 1936 1149 1988 in
1174 1935 1388 1997 itinere,
1411 1935 1718 1989 ambulante
1744 1936 1873 2000 Deo,

289 2034 354 2080 ut
382 2024 510 2079 dum
542 2024 716 2095 pergit
744 2026 811 2079 ad
841 2024 1002 2079 aliam
1032 2024 1140 2091 alia
1168 2033 1469 2095 curaretur.
1512 2024 1664 2081 Unde
1689 2026 1878 2082 dicunt

290 2127 353 2175 et
371 2117 599 2189 apostoli
624 2136 637 2171 :
670 2116 824 2175 Vobis
849 2118 1057 2187 quidem
1080 2118 1347 2186 oportebat
1370 2118 1647 2188 pra'dicmi
1668 2119 1875 2174 verbum

290 2208 443 2274 Dei;
486 2209 578 2263 sed
624 2208 872 2279 quoniam
920 2208 1161 2278 indignos
1210 2225 1295 2263 vos
1338 2209 1621 2279 judicastis
1670 2210 1874 2277 salute,

291 2299 708 2371 transgredimur
733 2300 802 2354 ad
828 2309 1004 2369 gentes
1031 2299 1171 2371 (Act.
1200 2300 1345 2372 xm).
1401 2300 1511 2355 Nnc
1547 2311 1877 2371 praetereun-

293 2393 425 2447 dum
455 2391 600 2463 quod
635 2390 849 2447 Marcus
889 2390 1175 2461 Lucasque
1221 2391 1410 2446 dicunt
1451 2392 1589 2447 hanc
1631 2393 1876 2448 eamdem

293 2484 585 2539 mulierem
632 2484 687 2539 in
732 2481 977 2540 medicos
1004 2498 1235 2555 erogare
1273 2483 1633 2551 substantiam
1680 2500 1832 2539 suam
1861 2525 1875 2549 ,

294 2591 402 2631 nec
434 2577 504 2633 ab
532 2576 639 2631 ullo
665 2591 829 2646 posse
855 2577 1061 2631 curari.
1117 2575 1351 2631 Medicus
1381 2578 1494 2632 sive
1525 2576 1691 2632 falsos
1719 2578 1879 2633 intel-
1903 2606 1911 2611 -

257 2669 261 2673 ’
292 2669 511 2741 ligimus
556 2669 870 2740 theologos,
920 2669 1035 2723 sive
1071 2668 1419 2738 philosophos
1458 2667 1746 2739 legumque
1780 2669 1877 2723 do-

292 2769 476 2815 ctores
503 2758 865 2823 smcularium,
896 2759 990 2829 qui
1018 2757 1183 2812 multa
1217 2758 1283 2812 de
1311 2757 1600 2812 virtutibus
1627 2757 1878 2826 vitiisque

288 2851 647 2909 subtilissime
673 2850 1038 2922 disputantes,
1074 2850 1227 2904 utilia
1258 2850 1478 2905 vivendi
1507 2851 1879 2920 crelendiquc

290 2944 545 3000 instituta
571 2959 631 2999 se
657 2940 976 3001 mortalibus
997 2943 1127 2998 dare
1152 2943 1538 3011 promittebant
1563 2961 1574 2994 :
1608 2957 1701 2998 seu
1729 2957 1810 3001 cet
1825 2950 1879 2996 te

290 3036 443 3107 ipsos
477 3035 701 3106 spiritus
738 3033 1066 3099 immundos,
1107 3030 1199 3105 qui
1225 3034 1374 3091 velut
1407 3036 1714 3092 hominibus
1743 3052 1878 3092 con-

288 3129 524 3186 sulendo
552 3142 676 3184 sese
705 3143 804 3198 pro
839 3128 951 3183 Deo
980 3126 1239 3199 colendos
1270 3128 1641 3199 ingerebant;
1683 3128 1880 3198 quibus

289 3217 553 3274 certatim
578 3217 861 3273 audiendis
887 3216 1165 3289 gentilitas
1189 3225 1390 3287 quanto
1418 3219 1589 3288 magis
1615 3218 1881 3275 naturalis

289 3307 575 3365 industria:
601 3307 748 3362 vires
775 3308 1131 3372 extenderat,
1180 3317 1333 3363 tanto
1378 3309 1556 3364 minus
1599 3309 1771 3378 potuit
1812 3309 1880 3363 ab

290 3400 598 3471 iniquitatis
624 3413 737 3455 sua:
765 3399 926 3455 sorde
955 3400 1197 3481 purgari.
1234 3398 1344 3454 Sed
1369 3400 1485 3455 haec
1510 3400 1600 3455 ubi
1625 3399 1877 3475 populum

291 3490 603 3549 Iudaeorum
647 3499 972 3561 :egrousse,
1024 3504 1324 3561 verumque
1356 3490 1423 3546 de
1451 3491 1590 3547 etelo
1628 3493 1881 3561 cognovit

295 3585 491 3642 adesse
513 3584 802 3647 medicum,
826 3582 993 3654 erepit
1015 3592 1073 3642 et
1095 3583 1211 3653 ipsa
1234 3582 1509 3655 languoris
1529 3583 1611 3639 sui
1636 3598 1877 3655 aperare,

293 3678 502 3749 pariter
519 3682 576 3732 et
595 3674 872 3746 inquirere
895 3674 1213 3735 remedium.
1246 3673 1490 3739 Accedit,
1513 3682 1569 3730 et
1586 3673 1880 3731 Dominum

294 3770 474 3840 tangit
500 3768 742 3825 Ecclesia
766 3767 834 3825 de
862 3767 1133 3840 gentibus,
1176 3782 1298 3839 (με
1324 3766 1377 3822 ei
1401 3782 1499 3837 per
1523 3765 1648 3822 ﬁdei
1678 3766 1878 3820 verita-

294 3871 410 3918 tem
437 3860 850 3932 appropinquat.
898 3858 1123 3916 Accedit
1165 3865 1349 3915 autem
1383 3865 1554 3922 retro,
1585 3856 1705 3919 sive
1725 3856 1881 3927 juxta

294 3953 354 4008 id
382 3951 525 4023 quod
554 3952 669 4023 ipse
694 3952 807 4006 ait:
841 3950 1043 4022 Siquis
1070 3950 1197 4004 mihi
1226 3948 1508 4012 ministrat,
1534 3964 1614 4003 me
1628 3956 1886 4019 sequatur

298 4045 484 4116 (Icari.
499 4044 621 4116 xu).
650 4044 717 4101 Et
741 4045 869 4101 alibi
892 4043 1234 4116 pracipitur:
1261 4039 1387 4097 Post
1412 4036 1691 4096 Dominum
1711 4038 1881 4095 Deum

298 4144 448 4189 tuum
473 4131 800 4200 antbulabis;
829 4134 944 4190 sive
963 4132 1090 4203 quia
1111 4136 1431 4202 praesentem
1452 4129 1504 4183 in
1524 4144 1692 4185 carne
1714 4129 1880 4189 Deum

300 4240 408 4279 non
437 4223 657 4289 videns,
704 4226 941 4295 peractis
981 4221 1322 4293 temporariae
1348 4220 1767 4291 dispensationis
1795 4236 1882 4275 sa-

298 4315 624 4381 cramentis,
662 4313 775 4383 jam
810 4329 907 4386 per
934 4313 1097 4369 ﬁdem
1127 4313 1293 4382 coepit
1338 4309 1457 4380 ejus
1486 4310 1713 4380 vestigia
1759 4311 1883 4366 sub-

298 4407 474 4477 sequi.
514 4406 709 4478 Tangit
733 4414 912 4461 autem
938 4404 1213 4460 ﬁmbriam
1240 4403 1571 4468 vestimenti,
1600 4412 1654 4459 et
1682 4402 1883 4458 undam

299 4499 578 4571 restringit
607 4498 900 4570 sanguinis,
928 4498 1054 4569 quia
1080 4498 1270 4553 beatus
1297 4505 1352 4551 et
1371 4511 1495 4550 vere
1521 4495 1878 4565 mandandus,

300 4590 508 4662 quitvel
547 4598 849 4646 extremam
880 4589 1030 4646 verbi
1071 4595 1281 4658 partem
1312 4586 1435 4643 ﬁdei
1469 4601 1630 4641 manu
1658 4586 1834 4656 tetigit
1863 4604 1875 4638 :
1909 4586 1921 4657 ᾗ

298 4697 429 4736 nam
461 4695 618 4735 rarus
644 4678 820 4743 valde,
840 4678 930 4749 qui
959 4676 1076 4747 ejus
1103 4676 1184 4733 vel
1214 4677 1268 4731 in
1298 4681 1514 4746 pectore
1544 4675 1878 4745 recumbere,

297 4771 387 4830 vel
416 4780 578 4842 caput
603 4781 876 4828 mereatur
898 4771 1090 4842 pistica
1120 4769 1291 4826 nardo
1318 4781 1649 4841 perungere;
1681 4781 1802 4822 cum
1829 4773 1888 4821 et

300 4865 392 4920 ille
420 4879 650 4935 magnus
676 4862 837 4919 fuerit
867 4863 959 4933 qui
987 4877 1047 4918 se
1075 4862 1353 4932 indignum
1381 4861 1596 4918 diccbat
1625 4859 1744 4930 ejus
1772 4858 1884 4915 cal-

298 4964 582 5013 ceamenta
622 4964 841 5026 portare
867 4973 879 5008 :
915 4969 1109 5025 magna
1140 4962 1195 5008 et
1224 4952 1312 5011 illa
1342 4968 1461 5023 quae
1490 4969 1689 5026 ungere
1719 4954 1886 5024 pedes

301 5049 422 5119 eius
449 5058 506 5105 et
533 5049 741 5121 capillis
767 5050 883 5105 suis
906 5057 1121 5120 tergere
1144 5049 1467 5120 promeruit.

374 5139 592 5194 Dicebat
634 5140 772 5194 enim
820 5139 957 5193 intra
995 5156 1090 5194 se:
1127 5137 1186 5194 Si
1225 5139 1440 5208 tetigero
1480 5147 1681 5192 tantum
1726 5139 1882 5193 uesti-

302 5243 536 5287 mentum
563 5233 703 5304 ejus,
732 5232 878 5287 salva
904 5248 1012 5286 ero.
1044 5230 1273 5303 (ilium)
1306 5229 1431 5286 Haec
1460 5229 1660 5287 locutio
1691 5231 1886 5286 mentis

305 5321 521 5376 interna
561 5319 689 5386 fuit,
724 5328 779 5376 et
807 5334 870 5375 ex
904 5318 1086 5374 radice
1135 5319 1257 5374 ﬁdei
1304 5318 1607 5391 processit,
1661 5326 1716 5374 et
1764 5319 1885 5377 idco

302 5419 456 5468 recte
500 5410 729 5467 salutem
780 5411 1113 5480 promeruit,
1164 5412 1289 5480 quia
1338 5410 1492 5465 corde
1542 5411 1772 5465 creditur
1815 5411 1885 5465 ad

298 5501 604 5576 justitiam,
657 5518 746 5557 ore
797 5512 971 5556 autem
1021 5501 1276 5572 confessio
1326 5502 1385 5571 [tt
1425 5500 1600 5573 (Rom.
1637 5501 1727 5573 x);
1782 5508 1882 5557 et:

306 5592 496 5650 Omnis
541 5596 630 5664 qui
682 5594 993 5648 inrocaverit
1036 5611 1221 5647 nomen
1261 5593 1506 5657 Domini,
1558 5593 1733 5655 salvus
1789 5593 1888 5647 erit

306 5682 522 5756 (Ibid).
573 5684 718 5739 Dixit
741 5685 883 5743 enim
912 5699 927 5736 :
972 5682 1032 5739 Si
1058 5683 1271 5752 tetigero
1301 5692 1501 5737 tantum
1530 5683 1885 5738 vestimentum

314 5775 449 5843 ejus,
477 5776 618 5832 sm'ra
642 5793 746 5844 ero,
774 5777 815 5831 si
847 5775 1004 5831 ﬁdem
1029 5789 1319 5846 pcrrepem
1345 5776 1724 5833 incarnationis
1749 5775 1886 5840 eius.

1982 559 2244 626 Credidit,
2276 560 2436 627 dixit,
2470 560 2661 630 tetigit.
2707 558 2977 632 (Πξενοη.)
3014 560 3069 615 lu
3099 559 3185 615 his
3215 558 3358 613 enim
3393 559 3565 615 tribus

1982 652 2261 722 speciebus
2296 652 2499 708 sanitas
2531 652 2709 707 omnis
2740 659 3103 723 promeretur,
3148 650 3200 705 id
3230 658 3311 705 est
3343 650 3396 705 iu
3436 650 3564 713 lidc.

1979 734 2147 800 verbo
2186 752 2463 821 etppere.
2512 741 2673 798 Juxta
2705 743 2873 813 legem
2909 741 3092 813 (Leuit.
3123 741 3214 811 xv)
3247 742 3337 811 qui
3371 740 3551 795 mulie-

1982 853 2097 895 rem
2127 844 2517 893 menstruatam
2564 845 2657 890 aut
2694 834 2952 893 ﬂuentem
2984 835 3245 905 sanguine
3288 833 3565 904 tetigerit,

1981 933 2432 1005 immundusest;
2467 931 2567 989 ista
2599 931 2720 987 ideo
2751 932 2921 1003 tangit
2950 932 3234 988 Dominum
3264 940 3321 987 ut
3348 933 3556 1003 sangui-

1982 1025 2069 1080 nis
2096 1024 2225 1080 vitio
2254 1023 2417 1079 etiam
2449 1024 2573 1093 ipsa
2592 1032 2814 1080 curetur

1946 1188 1955 1195 κ
2055 1130 2120 1186 Et
2148 1130 2303 1187 Iesus
2332 1149 2631 1198 conuersus,
2669 1141 2719 1186 et
2760 1134 2935 1187 ridens
2974 1151 3089 1187 eam
3118 1135 3289 1189 dixit:
3318 1134 3562 1205 Con/ide,

1981 1224 2116 1293 ﬁlia,
2146 1224 2285 1292 ﬁdes
2304 1234 2396 1278 tua
2425 1235 2473 1279 te
2501 1223 2704 1281 salvam
2734 1225 2875 1294 fecit.
2928 1225 3153 1299 (litem)
3187 1226 3497 1282 Conversus
3530 1242 3563 1281 a

1983 1318 2273 1372 severitate
2296 1316 2428 1385 justi
2456 1315 2644 1385 judicii
2685 1317 2751 1370 ad
2788 1316 3178 1373 misericordiae
3206 1333 3316 1373 sua:
3345 1317 3565 1389 largita-

1982 1419 2089 1465 tem
2109 1451 2122 1473 ,
2172 1418 2232 1464 ut
2261 1425 2328 1464 ex
2360 1410 2502 1465 vasis
2535 1411 2627 1465 ira:
2655 1410 2856 1465 faceret
2886 1427 3011 1467 vasa
3044 1412 3458 1477 miserlcordite,
3510 1423 3565 1467 et

1984 1501 2138 1556 ﬁeret
2174 1501 2316 1569 quod
2360 1502 2474 1571 ipse
2514 1501 2764 1571 promisit
2802 1517 2901 1571 per
2936 1504 3285 1573 prophetam,
3333 1504 3560 1560 dicens:

1983 1589 2354 1646 Courertimini
2391 1592 2461 1646 ad
2496 1608 2613 1657 me,
2661 1602 2708 1647 et
2754 1610 2847 1664 ego
2886 1603 3178 1653 convertar
3218 1596 3288 1649 ad
3337 1613 3443 1659 ros,
3486 1599 3562 1650 ait
3602 1594 3607 1599 ⁷

1981 1685 2244 1740 Damius
2293 1682 2478 1756 (lactt.
2518 1687 2622 1757 tu).
2676 1688 2875 1742 Videris
2914 1703 3031 1743 eam
3074 1689 3213 1742 dixit
3253 1687 3397 1760 (quia
3434 1705 3563 1758 quos

1980 1777 2238 1845 prtescicit
2265 1786 2312 1829 et
2337 1777 2746 1845 prtedestinavit,
2770 1778 2863 1830 hos
2887 1786 2936 1831 et
2959 1777 3157 1831 vocavit
3182 1776 3356 1849 [Rom
3385 1778 3558 1849 vmj):

1981 1864 2221 1936 Conﬁde,
2248 1867 2383 1936 ﬁlia.
2412 1865 2550 1934 Quid
2591 1878 2675 1921 est
2708 1868 2851 1936 quod
2894 1882 3018 1921 eam
3048 1866 3319 1923 conﬁdere
3355 1867 3564 1936 jussit?

1979 1959 2106 2029 quia
2134 1958 2179 2014 si
2208 1957 2367 2014 ﬁdem
2399 1972 2504 2013 non
2535 1956 2792 2023 haberet,
2823 1957 3051 2013 salutem
3081 1958 3149 2011 ab
3178 1972 3244 2013 eo
3273 1973 3378 2012 non
3412 1964 3562 2029 qua.”

1979 2057 2163 2115 reret;
2223 2050 2316 2119 sed
2370 2049 2536 2104 robur
2585 2056 2641 2103 et
2692 2048 3153 2118 perseverantiam
3206 2047 3329 2103 ﬁdei
3381 2049 3450 2103 ab
3498 2063 3562 2103 es

1976 2141 2291 2214 postulavit,
2314 2151 2373 2196 ut
2394 2142 2460 2196 ad
2482 2150 2690 2196 certam
2714 2149 2771 2196 et
2790 2141 3273 2211 veram-perveniat
3298 2142 3524 2200 salutem
3548 2161 3559 2194 :

1980 2236 2106 2304 quia
2152 2235 2243 2305 qui
2289 2234 2685 2305 perseveraverit
2734 2236 2787 2287 in
2835 2234 3032 2302 ﬁnem,
3086 2235 3169 2287 hic
3219 2232 3393 2289 salvus
3442 2235 3560 2288 erit.

1980 2325 2253 2397 (Ηὶενοη.)
2284 2324 2521 2395 Conﬁde,
2553 2325 2650 2387 ait,
2683 2324 2817 2394 ﬁIia,
2848 2326 2973 2393 quia
3002 2323 3131 2393 ﬁdes
3161 2334 3251 2378 tua
3287 2334 3336 2378 te
3362 2323 3560 2378 saluam

1980 2417 2122 2487 fecit.
2175 2416 2299 2471 Ideo
2325 2416 2466 2485 ﬁlia,
2505 2415 2629 2487 quia
2657 2414 2788 2484 ﬁdes
2814 2424 2907 2468 tua
2936 2412 3137 2469 salvam
3170 2423 3221 2468 te
3258 2413 3398 2485 fecit.
3453 2410 3563 2468 Nec

1980 2510 2153 2565 dixit:
2207 2508 2343 2577 Quia
2394 2508 2524 2563 ﬁdes
2573 2516 2663 2563 tua
2714 2506 2916 2562 salvam
2967 2514 3020 2561 te
3066 2504 3272 2560 factura
3301 2514 3417 2570 est,
3469 2507 3563 2559 sed

1980 2599 2179 2653 salvam
2207 2598 2348 2668 fecit.
2392 2597 2448 2652 lu
2477 2611 2540 2652 eo
2567 2597 2735 2662 enim,
2759 2594 2902 2666 quod
2934 2594 3241 2659 credidisti,
3272 2595 3386 2665 jam
3416 2594 3562 2649 salva

1980 2690 2121 2746 facta
2154 2706 2230 2744 es.

2053 2803 2121 2857 Et
2151 2801 2295 2857 salua
2324 2802 2465 2871 facta
2496 2811 2570 2855 est
2602 2798 2790 2854 mulier
2815 2814 2879 2853 ex
2906 2798 3000 2852 illa
3029 2797 3199 2852 hora.-
3223 2795 3451 2868 (Maca)
3485 2796 3561 2850 Ex

1983 2896 2115 2951 liora
2151 2908 2279 2965 ergo
2314 2891 2579 2947 Dominici
2615 2892 2875 2947 adventus
2905 2891 3020 2945 haec
3050 2886 3245 2944 mulier
3274 2887 3562 2943 sanitatem

1982 2989 2147 3058 coepit
2182 2988 2416 3052 habere,
2456 2995 2512 3041 et
2540 2984 2779 3055 quotidie
2813 2984 2867 3039 in
2904 2976 2988 3038 his
3014 2982 3107 3053 qui
3144 2981 3211 3036 de
3247 2978 3564 3035 inﬁdelitate

1982 3081 2048 3137 ad
2092 3080 2250 3161 ﬁdem
2291 3085 2695 3141 convertuntur,
2731 3058 3026 3140 salvantur,
3065 3073 3302 3146 quotidie
3335 3071 3564 3130 Domino

1907 3179 1951 3242 (ζ
1985 3178 2235 3243 augente,
2264 3171 2355 3242 qui
2388 3170 2520 3226 salvi
2547 3170 2680 3225 ﬂant
2707 3170 2760 3223 in
2788 3168 2842 3224 id
2869 3169 3065 3240 ipsum.

2052 3283 2121 3339 Et
2160 3300 2276 3339 cum
2313 3284 2531 3338 uenisset
2569 3280 2723 3336 Iesus
2770 3282 2825 3335 in
2864 3281 3079 3335 domum
3116 3281 3389 3352 principis,
3414 3292 3461 3336 ct
3489 3281 3565 3336 rii-

1980 3376 2140 3431 disset
2185 3374 2441 3438 tibicines,
2486 3382 2533 3427 et
2580 3373 2788 3426 turbam
2831 3371 3270 3435 tumultuantem,
3315 3370 3565 3429 dicebat:

1982 3465 2244 3520 Recedite.
2276 3462 2545 3535 (Hier-on.)
2572 3461 2753 3539 Usque
2774 3461 2936 3517 hodie
2959 3460 3131 3532 puella
3152 3458 3299 3531 jacet
3325 3461 3377 3516 in
3402 3460 3566 3517 domo

1978 3552 2239 3627 principis
2268 3562 2505 3617 mortua,
2535 3560 2590 3609 et
2617 3553 2711 3624 qui
2736 3552 2988 3608 videntur
3015 3552 3278 3625 magistri,
3312 3553 3565 3609 tibicines

1982 3657 2138 3714 sunt,
2181 3663 2401 3704 carmen
2431 3646 2660 3717 lugubre
2690 3652 2968 3701 canentes.
3003 3630 3182 3699 Turba
3213 3660 3431 3716 quoque
3462 3643 3559 3701 Ju-

1981 3740 2220 3796 daeorum
2257 3752 2364 3793 non
2402 3745 2487 3792 est
2523 3735 2680 3789 turba
2720 3732 3093 3797 credentium,
3142 3733 3235 3788 sed
3272 3731 3427 3787 turba
3476 3742 3564 3787 tu-

1979 3829 2383 3886 multuantium.
2441 3827 2578 3896 Quia
2616 3840 2749 3883 vero
2797 3824 3083 3897 Synagoga
3133 3825 3379 3883 laetitiam
3423 3826 3566 3883 hanc

1981 3922 2276 3979 Dominicte
2309 3919 2717 3977 inbabitationis
2754 3919 2949 3977 merito
2981 3917 3316 3976 inﬁdelitatis
3345 3918 3525 3977 amisit
3549 3963 3579 3995 ,ν
3610 3912 3615 3917 ’

1981 4014 2137 4084 quasi
2183 4012 2325 4068 inter
2350 4009 2543 4067 ﬂentes
2586 4020 2645 4067 et
2683 4009 2946 4081 ejulantes
2984 4018 3198 4067 mortua
3230 4008 3398 4081 jacet.
3453 4010 3567 4066 Nec

1982 4115 2164 4163 tamen
2195 4119 2426 4175 superna
2455 4104 2627 4176 pietas
2656 4102 2899 4160 funditus
2928 4117 3050 4161 eam
3076 4102 3301 4159 interire
3326 4104 3525 4175 patitur
3549 4121 3563 4157 :

1981 4198 2113 4269 quin
2142 4196 2320 4268 potius
2349 4196 2496 4252 circa
2527 4194 2690 4249 ﬁnem
2718 4194 2901 4251 szeculi
2930 4180 3187 4265 reliquias
3216 4193 3335 4266 ejus
3365 4208 3565 4251 secun-

1983 4289 2110 4345 dum
2137 4286 2453 4343 electionem
2481 4285 2668 4357 gratia:
2694 4284 2854 4341 saluti
2884 4293 2938 4341 et
2960 4284 3084 4340 vitae
3104 4285 3375 4341 restituet.
3410 4284 3567 4342 Unde

1983 4388 2107 4451 apte
2131 4376 2504 4450 subjungitur:
3258 4386 3263 4391 '

2061 4488 2184 4543 Non
2219 4496 2291 4543 est
2323 4487 2459 4561 enim
2491 4496 2694 4542 mortua
2723 4485 2917 4557 puella,
2964 4502 3053 4541 sea
3097 4486 3311 4542 dormit.
3351 4484 3566 4559 (Beda.)
3610 4552 3619 4557 D

1988 4580 2307 4637 Hominibus
2336 4588 2545 4635 mortua
2566 4620 2579 4644 ,
2611 4580 2701 4651 qui
2730 4579 2992 4635 suscitare
3021 4579 3408 4650 nequiverant,
3457 4577 3568 4636 Deo

1989 4671 2310 4730 dormiebat.
2362 4671 2421 4727 In
2452 4670 2604 4742 cujus
2633 4670 2981 4742 dispositione
3022 4678 3083 4728 et
3126 4670 3305 4726 anima
3351 4680 3566 4741 recepta

1988 4764 2226 4837 virebat,
2256 4772 2311 4817 et
2339 4777 2469 4818 caro
2499 4761 2869 4819 resuscitanda
2899 4762 3230 4832 quiescebat.
3273 4759 3425 4818 Unde
3452 4778 3569 4818 mos

1990 4853 2329 4910 Christianus
2354 4853 2590 4909 obtinuit
2613 4864 2670 4931 ut
2699 4853 2918 4919 mortui,
2944 4853 3038 4925 qui
3056 4840 3423 4910 resurrecturi
3450 4868 3570 4909 esse

1990 4960 2097 5002 non
2128 4943 2458 5019 dubitantur,
2496 4944 2826 5002 dormientes
2855 4952 3140 5012 vocentur,
3177 4944 3315 5000 sicut
3342 4942 3458 5013 Apo
3491 4953 3571 4999 to-

1990 5037 2114 5092 lus:
2151 5033 2432 5102 Nolumus,
2470 5035 2667 5107 inquit,
2696 5052 2785 5090 vos
2812 5021 3077 5106 ignorare,
3106 5035 3318 5106 fratres,
3353 5034 3417 5089 de
3447 5035 3573 5089 dor-

1990 5126 2291 5195 mientibus,
2325 5137 2380 5180 ut
2422 5141 2523 5181 non
2550 5123 2949 5191 contristemini,
2984 5124 3116 5179 sicut
3152 5133 3201 5179 ct
3236 5124 3445 5187 ctcteri,
3482 5125 3571 5193 qui
3610 5194 3613 5201 Ι

1989 5234 2131 5291 spem
2162 5234 2263 5274 non
2290 5217 2477 5272 habent
2508 5214 2559 5288 (Ι
2592 5215 2770 5270 Thess.
2796 5216 2892 5287 tv).
2944 5212 3050 5270 Sed
3082 5222 3137 5270 et
3170 5214 3223 5269 in
3253 5220 3407 5285 parte
3437 5210 3591 5267 alle-'

1989 5312 2192 5384 goriaa,
2248 5323 2371 5365 cum
2426 5307 2603 5363 anima
2648 5321 2765 5378 qua
2818 5305 3104 5376 peccaverit
3154 5304 3269 5376 ipsa
3320 5305 3575 5359 morietur

1990 5404 2207 5477 (Ezech.
2234 5396 2386 5474 xviu)
2407 5442 2422 5467 ,
2464 5408 2644 5457 tamen
2671 5415 2735 5456 ea
2761 5413 2923 5470 quam
2958 5396 3215 5453 Dominus
3245 5396 3572 5453 resuscitano

1992 5496 2115 5550 dam
2143 5502 2305 5566 atque
2331 5492 2399 5549 ad
2423 5492 2589 5548 vitam
2612 5497 2868 5547 aeternam
2898 5488 3145 5560 praevidit
3168 5501 3287 5544 esse
3314 5485 3569 5549 futuram,

1992 5586 2149 5643 nobis
2178 5586 2397 5656 quidem
2425 5592 2637 5640 mortua
2670 5580 2859 5646 fuisse,
2890 5580 2984 5638 sed
3020 5580 3068 5637 ei
3099 5579 3437 5636 obdormisse
3467 5578 3575 5633 dici

1994 5693 2102 5733 non
2143 5676 2437 5747 incongrue
2482 5683 2675 5746 potest.
2736 5670 2963 5747 (Μλυιι.)
3012 5669 3118 5727 Sed
3161 5669 3289 5741 quia
3332 5665 3574 5742 perﬁdiae

1998 5771 2276 5837 nrourium
2305 5778 2416 5831 est.
2459 5786 2564 5824 non
2599 5780 2881 5822 assensum
2916 5763 3156 5833 umbem
3186 5760 3432 5827 veritati.
3479 5756 3587 5815 sctl'
