4006 6194
284 340 387 398 885

1237 328 1584 388 ΟΟΜΜΕΝΤ.
1628 331 1691 384 ΙΝ
1734 328 2167 386 ΜΑΤΤΗᾹΣΗΜ.
2210 361 2278 372 --
2316 331 2442 385 LIB.
2483 331 2566 385 lil.

3445 336 3549 392 εἴθ

283 472 384 513 tem
414 468 564 513 suam
585 494 600 515 .
641 452 950 508 clamabant
977 449 1084 504 duo
1113 451 1244 504 caeci
1264 491 1277 513 ,
1307 451 1586 504 dicentes:
1621 446 1868 501 Miserere
1899 448 1942 507 Α
1972 448 2062 515 qui
2087 456 2265 501 mutus
2287 455 2425 511 erat,
2463 448 2594 517 quia
2620 447 3013 503 confessionem
3047 463 3187 503 verae
3224 449 3348 505 lidei
3369 451 3422 505 in
3455 467 3550 507 ore

283 546 474 611 nostri,
499 544 580 615 ﬁli
607 543 814 606 David;
845 549 900 594 et
940 547 1118 594 tamen
1163 554 1267 593 non
1309 539 1482 593 sanati
1515 548 1642 593 sunt
1680 540 1733 592 in
1775 539 1862 591 iti—

284 653 450 700 nere,
503 646 608 691 non
655 633 969 688 trausitorie
995 673 1009 694 ,
1055 639 1116 686 ut
1158 637 1394 702 putant;
1447 629 1540 684 sed
1583 635 1863 698 postquam

284 730 434 784 venit
465 729 681 783 domum
717 739 902 788 suam,
942 721 1204 778 accedunt
1231 720 1298 774 ad
1328 735 1448 774 eum
1480 727 1535 775 et
1565 719 1862 773 introeunt.

286 819 488 874 Domus
523 825 651 886 ergo
685 813 966 884 principis,
1007 813 1149 866 sicut
1183 823 1345 880 supra
1382 809 1735 868 ostendimus,
1768 804 1867 877 Sy-

287 925 491 981 nagoga
533 915 617 964 est
653 904 959 962 .ludasOrnm
1003 904 1219 962 subdita
1267 902 1459 974 Moysi,
1502 901 1702 955 Domus
1740 897 1868 955 Jesu

285 1004 526 1060 ccclesiis
556 1012 641 1058 est
661 1001 1020 1058 Hierusalem.
1069 999 1186 1056 Duo
1217 999 1346 1054 caici
1379 998 1484 1051 duo
1514 995 1863 1067 populisunt,

289 1098 666 1154 observatione
703 1095 925 1159 litterae,
973 1102 1028 1151 et
1065 1095 1173 1148 ritu
1201 1091 1387 1163 gentili
1429 1104 1522 1146 seu
1561 1089 1724 1144 sectis
1752 1088 1870 1158 piti-

290 1191 636 1262 losophorum
695 1188 952 1244 obcaecati
1001 1205 1013 1240 :
1061 1185 1188 1254 quia
1231 1183 1404 1254 ignari
1449 1190 1504 1238 et
1548 1181 1706 1236 inscii
1750 1179 1866 1235 fue-

292 1292 416 1340 runt
453 1285 518 1338 de
553 1280 750 1336 futuris
782 1289 839 1334 et
863 1278 1242 1341 invisibilibus,
1269 1277 1440 1332 donec
1467 1273 1866 1344 Scripturarum

289 1377 434 1430 viam
488 1382 544 1430 et
595 1371 819 1443 vestigia
875 1369 1172 1426 Salvatoris
1217 1368 1476 1438 consequi
1533 1375 1866 1422 meruerunt.

291 1467 518 1522 Domino
561 1479 690 1535 ergo
733 1479 829 1534 per
874 1465 976 1519 hoc
1021 1461 1275 1517 sarculum
1319 1467 1654 1524 transeunte,
1693 1467 1747 1512 et
1778 1473 1870 1513 cu-

288 1557 471 1626 piente
509 1554 708 1610 reverti
741 1553 795 1608 in
819 1553 1036 1608 domum
1061 1567 1239 1616 suam,
1265 1551 1437 1607 secuti
1463 1559 1590 1606 sunt
1614 1565 1737 1606 eum
1765 1550 1870 1604 duo

288 1646 418 1702 caeci
455 1660 470 1700 :
515 1645 641 1715 quia
668 1684 683 1709 ,
736 1643 1032 1712 praedicata
1073 1640 1366 1711 Evangelia
1412 1656 1510 1711 per
1553 1637 1863 1710 apostolos,

291 1734 444 1789 multi
486 1747 551 1788 et
590 1731 808 1798 Judais,
853 1731 1006 1786 multi
1043 1745 1108 1786 ex
1136 1730 1384 1802 gentibus
1409 1738 1691 1799 coeperunt
1717 1728 1867 1798 sequi

290 1823 743 1893 Redemptorem,
795 1793 1165 1891 postulante;
1199 1819 1267 1874 ab
1314 1834 1379 1874 eo
1442 1793 1512 1871 ut
1562 1817 1680 1872 luce
1731 1793 1874 1871 verm
1901 1793 1947 1852 Β

288 1914 532 1969 scientiae
591 1911 1044 1967 illuminarentur.
1117 1909 1223 1966 Sed
1268 1918 1554 1982 postquam
1599 1907 1872 1974 Salvator,

291 2013 514 2077 peracto
553 2004 824 2075 passionis
870 2018 933 2059 ac
974 2000 1394 2058 resurrectionis
1439 2017 1548 2056 sine
1593 2002 1872 2072 mysterio,

292 2097 347 2150 in
373 2094 567 2151 caelum
589 2095 1001 2157 conscenderat,
1025 2094 1364 2148 intraverunt
1401 2092 1452 2146 in
1478 2092 1696 2147 domum
1722 2094 1872 2157 caeci,

292 2184 346 2238 id
390 2191 494 2248 est,
535 2185 590 2238 in
635 2182 795 2237 unius
834 2180 957 2237 fidei
1001 2179 1421 2246 confessionem,
1463 2194 1582 2250 qum
1617 2188 1700 2236 est
1730 2180 1878 2235 vide-

289 2272 421 2328 licet
466 2273 519 2328 in
564 2271 829 2328 catholica
875 2270 1136 2333 Ecclesia,
1183 2271 1365 2340 ibique
1409 2287 1439 2326 a
1480 2270 1763 2326 Salvatore
1789 2287 1879 2326 ve-

293 2363 492 2418 raciter
536 2361 823 2418 illuminati
865 2368 1008 2416 sunt.
1061 2358 1332 2432 (Hierom)
1377 2357 1517 2427 Quid
1557 2367 1736 2414 autem
1776 2359 1877 2429 ipsi

293 2453 422 2508 caici
449 2451 746 2508 clamantes
770 2452 1007 2507 dixerint
1033 2449 1319 2516 Salvatori,
1348 2449 1719 2504 attendamus:
1751 2448 1876 2514 Fili,

293 2544 564 2614 inquiunt,
602 2542 791 2606 David,
825 2543 1070 2596 miserere
1099 2541 1284 2595 nostri.
1329 2538 1754 2595 Misericordiam
1783 2554 1880 2610 pe-

296 2634 519 2696 tebant,
577 2633 669 2703 qui
716 2633 916 2687 lumine
963 2632 1295 2702 indigebant.
1363 2631 1571 2702 Bisque
1610 2633 1880 2688 veraciter

293 2725 600 2789 miseretur,
643 2723 838 2793 quibus
875 2723 1054 2778 lumen
1092 2723 1216 2778 fidei
1257 2730 1313 2778 et
1355 2723 1619 2779 bonorum
1656 2738 1879 2794 operum

295 2816 570 2870 tribuitur.
624 2815 778 2884 Quod
820 2824 998 2872 autem
1043 2815 1230 2872 dicunt
1263 2815 1414 2882 caeci,
1443 2809 1521 2886 ﬁli
1554 2815 1747 2881 David,
1787 2833 1882 2871 au-

293 2905 448 2959 diant
488 2905 748 2971 Marcion,
791 2915 846 2960 et
888 2905 1235 2972 Manichacus,
1284 2917 1340 2962 et
1381 2909 1563 2963 caeteri
1607 2909 1878 2969 haeretici.

291 2997 386 3066 qui
421 2997 586 3053 Vetus
627 2997 831 3052 laniant
868 2998 1313 3061 instrumentum,
1351 3007 1407 3056 et
1445 2999 1656 3054 discant
1697 2998 1882 3054 Salva-

293 3099 468 3144 tor-em
499 3089 755 3160 appellari
786 3089 951 3145 illium
983 3091 1182 3156 David;
1227 3092 1271 3148 si
1301 3093 1446 3147 enim
1477 3107 1582 3147 non
1613 3100 1696 3148 est
1722 3101 1882 3148 natus

293 3179 349 3233 in
383 3193 572 3242 carne,
601 3179 868 3247 quomodo
898 3177 1039 3236 ﬁlius
1066 3179 1233 3236 David
1261 3183 1526 3239 vocatur?
1733 3189 1736 3192 '

366 3267 435 3322 Et
457 3268 590 3322 dixit
613 3269 687 3322 eis
722 3268 878 3324 Iesus
903 3311 917 3334 ,
943 3269 1166 3327 Creditis
1200 3273 1322 3344 quia
1347 3289 1560 3344 possum
1589 3275 1686 3328 hoc
1713 3276 1884 3344 facere

292 3360 480 3414 vobis?
519 3359 744 3432 (Mum)
777 3361 962 3417 Fidem
1009 3377 1195 3418 eorum
1226 3364 1341 3434 ipse
1387 3378 1619 3420 noscens
1654 3365 1885 3421 interro-

294 3459 406 3520 gat,
442 3461 501 3504 ut
559 3449 718 3505 tidem
769 3451 1039 3508 confessio
1089 3462 1319 3524 promat,
1379 3462 1436 3509 et
1487 3453 1881 3510 confessionem

294 3542 469 3596 virtus
520 3551 877 3611 consequatur
931 3543 1183 3613 salusque
1243 3545 1497 3601 virtutem
1559 3531 1876 3611 comitetur;

294 3633 444 3702 quia,
471 3641 531 3686 ut
566 3633 852 3703 Apostolus
880 3634 957 3689 ait
989 3653 1002 3688 :
1029 3633 1197 3690 Corde
1220 3636 1452 3692 creditur
1472 3638 1540 3690 ad
1580 3637 1869 3708 justitiam,

296 3741 386 3779 ore
413 3735 584 3778 autem
634 3726 889 3795 confessio
927 3726 985 3796 ﬁt
1013 3732 1080 3781 ad
1107 3728 1328 3782 salutem
1353 3727 1530 3800 (Rom.
1561 3729 1638 3798 κ).

364 3815 556 3872 Dicunt
582 3819 647 3883 ei,
683 3815 890 3890 Utique,
921 3819 1161 3874 Domine.
1197 3819 1340 3874 Tunc
1378 3823 1543 3891 tetigit
1588 3822 1763 3876 oculos
1798 3837 1883 3875 eo-

295 3925 436 3973 rum,
450 3907 956 3974 dicens,‘Secundum
970 3911 1127 3982 ﬁdem
1145 3922 1362 3968 vestram
1376 3912 1470 3982 ﬁat
1489 3913 1646 3967 vobis.
1665 3914 1769 3968 Per
1783 3914 1884 3966 uti-

297 4015 394 4073 que
416 4001 548 4057 foris
576 4002 842 4060 afﬁrmant
867 4005 1010 4075 quod
1040 4006 1184 4060 intus
1212 4005 1374 4062 corde
1395 4004 1618 4062 credere
1645 4013 1878 4076 gestant.

292 4091 364 4148 Et
385 4092 503 4148 ideo
522 4092 673 4150 firma
696 4095 956 4165 professio
976 4104 1177 4152 tactum
1200 4097 1398 4152 meruit
1421 4095 1615 4152 divinae
1642 4096 1876 4166 pietatis.

292 4181 618 4250 Secundum,
652 4185 846 4258 inquit,
874 4185 1031 4256 [idem
1062 4195 1280 4240 vestram
1311 4186 1407 4256 fiat
1439 4186 1582 4242 vobis
1603 4228 1617 4252 ,
1647 4187 1749 4241 hoc
1772 4195 1879 4252 est,

292 4275 424 4343 quia
461 4274 594 4332 fides
617 4277 728 4348 jam
779 4287 1015 4334 mentem
1065 4277 1352 4344 illuminat,
1395 4277 1677 4335 oculorum
1703 4280 1879 4335 lucem

293 4366 412 4436 ipsa
435 4367 586 4422 vobis
617 4368 885 4422 restituat.

1968 554 2071 591 non
2097 538 2344 593 habebat.
2385 537 2493 594 δερ
2539 555 2643 594 non
2683 550 2736 594 et
2769 539 2982 602 surdus,
3014 541 3140 610 quia
3169 539 3352 596 audire
3380 539 3549 610 legem

1968 630 2062 684 Dei
2090 644 2195 685 non
2212 629 2605 684 consentiebat.
2631 629 2786 697 Quod
2811 631 2954 691 enim
2971 629 3158 687 Greece
3181 631 3553 704 (ὶὶεἰιω-κωφὸς

1969 720 2138 790 magis
2165 721 2350 774 tritum
2378 727 2461 775 est
2503 733 2751 776 sermone
2785 711 3078 786 caminuni,
3107 729 3163 776 ut
3196 721 3390 778 surdus
3441 739 3554 777 ma-

1968 811 2050 881 gis
2081 823 2242 880 quam
2272 820 2446 864 mutus
2482 810 2831 881 intelligatur.
2881 811 2988 867 Sed
3036 828 3152 867 mos
3189 821 3273 868 est
3303 811 3555 883 Scriptu-

1969 917 2151 956 rarum
2186 900 2552 958 indifferenter
2586 906 2768 978 κωφόν,
2821 903 2907 960 vel
2951 911 3175 968 mutum,
3207 905 3289 960 vel
3331 905 3551 960 surdum

1971 993 2167 1048 dicere.
2198 992 2298 1048 iiic
2333 1007 2463 1065 ergo
2491 995 2652 1050 homo
2677 995 2996 1050 daemonium
3037 997 3292 1063 habebat,
3311 997 3402 1070 qui
3436 997 3551 1053 ido-

1970 1083 2195 1140 iolatriae
2227 1102 2323 1154 per
2351 1087 2529 1141 omnia
2558 1086 2715 1144 datus
2736 1098 2873 1143 erat.
2900 1087 3035 1144 Cum
3070 1103 3198 1162 ergo
3229 1103 3324 1162 per
3360 1087 3554 1161 praedi-

1972 1183 2182 1232 catores
2217 1178 2390 1233 saneti
2427 1177 2699 1250 Evangelii
2733 1179 2800 1235 ad
2851 1178 3186 1236 Salvatorcm
3218 1181 3554 1252 perduceba-

1973 1277 2080 1334 tur,
2133 1269 2313 1326 ablato
2353 1285 2536 1327 errore
2565 1271 2905 1342 gentilitatis.
2943 1271 3338 1330 confessionem
3377 1276 3551 1329 nornis

1971 1361 2058 1415 nis
2103 1359 2195 1415 Dei
2229 1361 2428 1437 clarius
2459 1377 2714 1418 resonare
2739 1364 3048 1434 incipiebat.

2042 1449 2110 1504 Et
2142 1452 2348 1506 mirata:
2395 1462 2514 1506 sunt
2538 1453 2704 1507 turba:
2731 1454 2956 1508 dicentes
2982 1468 3000 1506 .·
3046 1454 3330 1526 Nunquam
3360 1455 3433 1510 sic
3465 1474 3557 1526 ap-

1971 1543 2147 1612 paruit
2175 1540 2230 1596 iri
2253 1541 2422 1598 Israel
2447 1561 2465 1608 ,°
2511 1540 2771 1597 Pharismi
2808 1553 2981 1597 autem
3006 1545 3242 1599 dicebant
3271 1562 3288 1599 :
3319 1545 3384 1600 In
3413 1549 3558 1616 prin-

1973 1633 2082 1702 cipe
2135 1634 2514 1687 dtrmoniorum
2562 1633 2703 1704 ejicit
2746 1634 3026 1690 da’mones.
3074 1633 3342 1709 (IIieron.)
3375 1629 3554 1694 Turba

1972 1735 2136 1791 opera
2162 1722 2256 1777 Dei
2281 1721 2585 1784 conﬁtetur,
2610 1731 2664 1776 et
2685 1721 2814 1777 dicit
2842 1739 3116 1794 nunquam
3141 1726 3217 1780 sic
3246 1727 3562 1795 apparuisse

1975 1811 2030 1864 in
2060 1809 2222 1865 israei
2251 1828 2263 1864 :
2299 1810 2352 1864 in
2375 1812 2529 1864 turba
2578 1811 2854 1865 nationum
2879 1810 3146 1867 confessio
3171 1820 3272 1867 cst.
3297 1812 3561 1871 Pharisaei

1976 1913 2179 1968 autem,
2207 1905 2334 1975 quia
2369 1919 2569 1976 negare
2588 1905 2841 1960 virtutem
2867 1904 2962 1959 Dei
2989 1920 3095 1960 non
3131 1914 3402 1976 poterant,
3429 1922 3560 1978 ope-

1976 2011 2036 2050 ra
2074 1993 2488 2059 calumniantur,
2523 2004 2577 2048 et
2603 1995 2826 2050 dicunt:
2870 1993 2938 2049 In
2984 1995 3218 2066 principe
3271 2000 3562 2054 damonis-

1978 2103 2092 2140 rnm
2124 2087 2208 2140 hic
2231 2087 2373 2155 ejicit
2403 2087 2662 2140 dwmonia
2687 2102 2704 2139 .'
2727 2103 2823 2159 per
2848 2101 3001 2143 suam
3033 2089 3356 2146 calumniam
3385 2106 3558 2164 usque

1977 2178 2136 2232 hodie
2173 2175 2481 2232 .lndatornm
2527 2176 2896 2232 infidelitatem
2928 2177 3320 2234 demonStrant.
3349 2181 3464 2238 Hoc
3495 2183 3563 2254 de

1977 2269 2184 2324 duobus
2221 2268 2380 2323 caecis
2428 2276 2481 2322 et
2521 2267 2584 2322 de
2616 2277 2764 2322 muto
2800 2269 3064 2323 daemonio
3111 2269 3256 2324 solus
3281 2265 3562 2329 Mattha‘us

1978 2360 2167 2431 ponit:
2202 2359 2275 2413 illi
2310 2358 2451 2413 enim
2484 2357 2590 2413 tino
2631 2359 2756 2413 caeci
2789 2359 2852 2413 de
2881 2359 3074 2429 quibus
3099 2369 3150 2415 et
3191 2359 3278 2416 alii
3312 2371 3558 2425 narrant,

1978 2467 2085 2507 non
2112 2460 2235 2507 sunt
2275 2453 2382 2516 isti,
2428 2452 2520 2508 seti
2559 2462 2736 2506 tamen
2770 2453 2946 2508 simile
2983 2453 3184 2509 factum
3235 2462 3346 2520 est;
3403 2457 3477 2511 ita
3505 2464 3563 2510 ut

1980 2542 2022 2596 si
2052 2542 2165 2612 ipse
2214 2539 2496 2596 Matthzrus
2545 2553 2648 2596 n0n
2684 2543 2846 2596 etiam
2875 2541 3017 2598 illius
3040 2524 3172 2599 iacti
3204 2545 3557 2630 meminisset,

1978 2641 2161 2703 posset
2217 2633 2394 2704 putari
2427 2631 2698 2702 boc‘quod
2738 2647 2881 2688 nunc
2926 2643 3110 2688 narrat
3151 2635 3353 2690 dictum
3398 2634 3563 2691 fuisse

1980 2721 2140 2776 etiam
2174 2723 2240 2777 ab
2277 2722 2397 2777 aliis
2425 2722 2649 2779 duobus.
2683 2721 2834 2790 Quod
2871 2726 3251 2780 commendare
3290 2729 3564 2781 memoria:

1979 2815 2270 2886 diligenter
2291 2815 2548 2871 debemus
2572 2830 2693 2871 esse
2715 2817 2960 2884 quaedam
2993 2814 3129 2871 facta
3148 2815 3374 2882 similia;
3421 2818 3564 2888 quod

1982 2907 2262 2976 probatur,
2296 2920 2416 2960 cum
2469 2904 2608 2960 idem
2640 2905 2972 2976 evangellsta
3009 2915 3298 2978 utrumque
3329 2923 3564 2963 commeo

1983 3010 2178 3064 morat,
2219 3010 2277 3054 ut
2307 3002 2349 3055 si
2387 3003 2602 3071 quando
2631 3002 2756 3057 talia
2785 3001 2992 3074 singula
3031 3003 3168 3075 apud
3199 3005 3440 3075 singulos
3484 3005 3564 3058 in-

1988 3091 2309 3148 venerimus.
2339 3099 2500 3160 atque
2522 3091 2576 3145 in
2609 3092 2687 3146 eis
2713 3093 3068 3157 contrarium,
3114 3093 3257 3163 quod
3290 3092 3419 3148 solvi
3458 3105 3566 3151 non

1986 3179 2175 3248 possit,
2204 3188 2473 3243 occurrat,
2523 3180 2679 3235 nobis
2715 3197 2820 3236 non
2870 3182 2972 3237 hoc
3022 3195 3141 3238 esse
3197 3181 3419 3250 factum,
3473 3185 3565 3239 seti

1986 3267 2131 3322 aliud
2165 3269 2341 3324 simile
2366 3269 2449 3324 vel
2491 3269 2738 3325 similiter
2777 3269 3000 3327 factum.

2058 3359 2126 3412 Et
2168 3361 2475 3414 circumibat
2518 3358 2675 3415 Iesus
2732 3377 2909 3416 omnes
2959 3363 3190 3418 civitates
3233 3375 3280 3418 et
3320 3363 3559 3425 castella,

1984 3453 2175 3506 docens
2201 3453 2255 3507 in
2296 3454 2573 3523 sgnagogis
2603 3469 2803 3519 eorum,
2827 3465 2872 3508 et
2897 3455 3190 3524 prtrdicans
3219 3453 3562 3526 Evangelium

1985 3546 2150 3613 regni,
2174 3553 2222 3597 et
2251 3562 2441 3599 curans
2466 3535 2666 3599 omnem
2693 3545 2998 3615 languorem
3043 3557 3089 3601 et
3115 3563 3317 3602 omnem
3340 3548 3566 3617 inﬁrmi-

1983 3648 2159 3694 tatem.
2191 3635 2458 3708 (Hiei-on.)
2516 3636 2706 3692 Cernis
2731 3638 2874 3706 quod
2923 3638 3204 3707 aequaliter
3232 3648 3287 3693 et
3314 3638 3474 3702 villis,
3507 3648 3562 3694 et

1982 3727 2228 3790 urbibus,
2279 3735 2334 3780 et
2381 3726 2636 3789 castellis,
2688 3727 2742 3780 id
2789 3734 2893 3789 est,
2925 3734 2978 3779 et
3017 3727 3250 3796 magnis,
3300 3737 3352 3782 et
3386 3730 3566 3797 parvis

1983 3816 2327 3888 Evangelium
2371 3816 2764 3885 prmtlicaverit,
2795 3825 2855 3869 ut
2882 3830 2988 3870 non
3017 3817 3387 3872 consideraret
3412 3818 3565 3872 nobi-

1981 3907 2110 3961 lium
2158 3907 2475 3978 potentiam,
2534 3906 2626 3959 sed
2654 3905 2882 3962 salutem
2928 3906 3283 3962 credentium.
3327 3906 3562 3962 Circum-

1980 3997 2088 4050 ibat
2133 3997 2366 4051 civitates
2413 3997 2515 4050 hoc
2554 3994 2762 4050 habens
2789 3996 2971 4064 operis
3012 3997 3155 4064 quod
3211 3995 3564 4052 mandaverat

1982 4089 2142 4146 Pater
2173 4098 2225 4144 et
2265 4091 2404 4144 hanc
2437 4089 2694 4154 esuriem,
2726 4097 2786 4144 ut
2815 4087 3060 4144 doctrina
3098 4104 3194 4143 sua
3251 4089 3431 4145 salvos
3485 4089 3564 4143 fa-

1981 4190 2128 4237 ceret
2171 4174 2433 4236 infitleles.
2484 4181 2725 4236 Docebat
2773 4181 2827 4235 in
2879 4179 3167 4251 synagogis
3209 4188 3264 4234 et
3312 4180 3365 4234 in
3417 4177 3563 4235 'viilis

1979 4272 2328 4345 Evangelium
2361 4271 2530 4341 regni,
2561 4280 2615 4325 et
2642 4280 2766 4342 post
2813 4269 3251 4342 (medicationem
3279 4277 3440 4341 atque
3467 4267 3562 4325 do-

1981 4364 2209 4419 ctrinam
2240 4363 2466 4418 curabat
2492 4377 2707 4418 omnem
2734 4361 3053 4433 languorem
3079 4370 3134 4415 et
3162 4375 3376 4416 omnem
3405 4359 3560 4418 iuilr-

370 4457 439 4511 Et
475 4460 640 4527 aperti
664 4467 786 4513 sunt
837 4459 974 4514 oculi
1000 4473 1198 4541 eorum.
1232 4459 1366 4528 Quia
1416 4441 1710 4517 secundum
1755 4477 1877 4533 ρι-ο.
1903 4490 1955 4549 D
1982 4455 2249 4517 mitatem,
2289 4462 2347 4508 ut
2373 4453 2567 4523 quibus
2595 4467 2772 4508 sermo
2807 4467 2912 4507 non
2945 4461 3214 4517 suaserat,
3250 4465 3412 4523 opera
3439 4466 3562 4522 per-

293 4549 472 4621 phetae
516 4551 873 4616 sententiam,
931 4551 1118 4608 Omnis
1149 4553 1241 4622 qui
1288 4553 1577 4609 crediderit
1624 4556 1676 4609 in
1705 4555 1875 4623 illum,

295 4643 406 4693 non
435 4637 810 4696 confundetur.
841 4639 976 4708 Quia
1006 4643 1119 4712 ipse
1147 4651 1230 4698 est
1259 4643 1351 4698 lus:
1392 4659 1511 4698 vera
1540 4661 1656 4715 qute
1684 4645 1880 4700 illumi-

297 4738 392 4782 nat
452 4745 656 4785 omnem
694 4729 953 4786 hominem
1003 4733 1286 4788 uenientem
1335 4734 1390 4788 in
1444 4733 1581 4788 hunc
1628 4735 1878 4791 mundum

295 4819 479 4891 (Joan.
503 4824 564 4893 ι).

368 4911 439 4966 Et
487 4915 829 4971 comminatus
891 4924 966 4972 est
1011 4915 1085 4971 eis
1115 4914 1270 4972 Iesus
1326 4917 1554 4972 dicens:
1595 4915 1778 4972 Videte
1816 4930 1879 4972 ne

293 5005 412 5074 quis
448 5005 599 5058 sciat.
633 5002 721 5059 Illi
751 5014 923 5062 autem
953 5007 1197 5062 abeuntes
1237 5009 1640 5078 iii/{amaverunt
1680 5025 1797 5062 eum
1822 5009 1878 5064 in

297 5105 407 5152 tota
429 5106 570 5152 terra
592 5097 704 5152 illa.
747 5097 1016 5172 (Hieron)
1038 5095 1106 5155 Et
1133 5101 1391 5156 Dominus
1419 5109 1638 5172 propter
1663 5099 1879 5155 humili-

299 5193 466 5241 tatem
496 5184 709 5259 fugiens
735 5186 1006 5258 ]actantite
1036 5187 1282 5261 gloriam,
1317 5189 1420 5245 hoc
1444 5197 1802 5260 pratceperat;
1824 5196 1879 5244 et

297 5274 397 5340 illi,
431 5286 652 5348 propter
690 5281 1006 5335 memoriam
1056 5281 1264 5351 gratiae,
1295 5293 1402 5335 non
1446 5289 1672 5350 possunt
1697 5288 1878 5337 tacere

295 5363 642 5424 beneficium.
689 5369 826 5426 Nota
867 5387 995 5441 ergo
1020 5371 1234 5442 aliquod
1250 5372 1393 5428 inter
1414 5371 1691 5450 sejustum
1729 5371 1836 5450 [ΑΙ.
1857 5413 1872 5440 ,

289 5461 526 5534 iussum]
564 5478 684 5520 esse
707 5464 1058 5518 contrarium.
1656 5533 1660 5537 λ

374 5549 607 5622 Egressis
635 5562 808 5608 autem
835 5552 940 5607 illis
973 5551 1267 5608 obtulerunt
1294 5553 1343 5606 ei
1385 5551 1642 5606 hominem
1671 5561 1875 5606 mutum

295 5640 614 5698 dtemonium
635 5642 927 5708 habentem,
944 5651 992 5697 et
1008 5643 1169 5712 ejecto
1181 5640 1437 5696 drrmonio
1452 5637 1653 5694 locutus
1668 5648 1741 5693 est
1759 5651 1877 5693 mu-

306 5741 406 5788 tus.
434 5731 657 5806 (Mare)
699 5731 869 5790 Homo
894 5735 993 5788 iste
1027 5730 1279 5804 gentiiem
1305 5727 1556 5801 populum
1581 5728 1869 5801 significat,

1982 4544 2291 4598 suaderent.
2364 4543 2439 4598 De
2513 4541 2740 4596 Domino
2805 4541 3021 4612 proprie
3074 4541 3272 4596 dicitur
3302 4582 3317 4606 ,
3367 4549 3560 4595 curans

1981 4649 2184 4688 omnem
2219 4633 2524 4703 languorem
2553 4640 2602 4687 et
2623 4641 2827 4687 manem
2851 4629 3230 4700 inﬁrmitatem.
3257 4617 3343 4685 Nil
3363 4630 3562 4702 quippe

1980 4726 2028 4781 ei
2067 4723 2394 4796 impossibile
2417 4733 2518 4780 est.

2061 4813 2254 4870 Videas
2303 4825 2476 4869 autem
2507 4814 2707 4880 turbas,
2737 4815 2982 4870 misertus
3009 4822 3082 4868 est
3109 4815 3203 4878 eis,
3253 4813 3378 4884 gula
3407 4821 3557 4868 erant

1979 4905 2170 4971 uexati,
2199 4915 2247 4960 et
2260 4906 2496 4977 iacentes
2538 4907 2671 4958 sicut
2693 4921 2808 4959 oves
2853 4919 2955 4958 non
2986 4902 3232 4958 habentes
3272 4911 3553 4973 pastorem.

1981 4995 2205 5072 (Μλσκ.)
2236 4994 2380 5050 Vidit
2404 5011 2532 5067 ergo
2555 4993 2711 5049 Iesus
2742 4995 3033 5049 humanum
3063 4992 3230 5064 genus
3253 4991 3556 5046 clementia:

1979 5102 2088 5142 sua:
2121 5085 2211 5155 pio
2245 5083 2463 5148 intuitu,
2512 5091 2566 5137 et
2615 5083 2867 5138 misertus
2912 5093 2995 5138 est
3031 5082 3101 5146 ei,
3153 5080 3280 5150 quia
3321 5085 3437 5133 erat
3463 5091 3561 5148 per

1978 5175 2158 5232 varios
2186 5183 2421 5237 errores,
2448 5171 2661 5226 diaboio
2691 5173 2942 5237 ducente,
2969 5168 3122 5225 valde
3151 5173 3427 5230 vexatum,
3455 5173 3557 5221 nec

1978 5266 2211 5322 habebat
2240 5270 2488 5334 pastores
2514 5264 2604 5332 qui
2636 5262 2766 5318 illud
2807 5263 2859 5316 in
2883 5263 3024 5316 viam
3063 5259 3310 5314 veritatis
3357 5254 3559 5330 diri-ge-

1982 5365 2122 5412 rent.
2158 5355 2237 5410 Ac
2263 5353 2384 5408 ideo
2415 5353 2526 5422 ipsis
2545 5353 2822 5408 constituit
2850 5353 2898 5407 ei
2930 5359 3175 5421 pastores
3202 5357 3257 5404 et
3295 5355 3553 5410 rectores,

1982 5448 2035 5504 id
2058 5442 2446 5515 est,apostolos
2479 5452 2535 5498 et
2559 5455 2901 5499 successores
2926 5455 3135 5496 eorum.
3170 5438 3306 5493 Nam
3333 5446 3389 5492 et
3417 5451 3558 5491 sem-
3589 5469 3592 5472 -

1979 5553 2078 5610 per
2111 5547 2332 5593 necesse
2381 5544 2464 5592 est
2490 5543 2551 5590 ut
2569 5548 2698 5589 oves
2726 5531 2924 5588 Christi
2953 5538 3198 5602 pastores
3231 5539 3287 5584 et
3309 5527 3560 5584 doctores

1981 5631 2233 5688 habeant.
2288 5627 2423 5696 Quia
2470 5624 2710 5681 diabolus
2749 5621 2882 5678 velut
2921 5622 3130 5691 rugiens
3177 5619 3257 5676 leo
3295 5619 3555 5684 circumit,

1980 5733 2178 5787 reaper
2225 5724 2667 5788 quarens-quem
2724 5711 2927 5768 devoret
2972 5706 3024 5780 (I
3067 5707 3215 5786 Patr.
3267 5710 3399 5782 tv.);
3433 5724 3560 5766 nam
