4006 6194
304 222 309 225 ’
382 252 485 309 837

1066 247 1128 302 Β.
1167 245 1420 303 RABANI
1459 247 1679 303 MAUlll
1715 245 2040 304 ARClllEP.
2087 244 2396 329 MOGUNI.
2438 247 2723 307 OPERUM
2760 247 2941 303 PARS
2977 246 3022 303 l.

3553 252 3660 310 888

386 366 816 436 quandocuuque
851 363 1034 419 evenit
1066 364 1283 419 vexatio
1311 362 1493 434 gregis
1516 405 1530 427 ,
1576 371 1631 416 et
1676 363 1855 418 ovium
1888 370 1968 416 at—
1997 368 2048 423 Α
2148 361 2432 416 Duodecim
2464 372 2639 416 autem
2693 360 3050 433 apostolorum
3090 366 3304 418 nomina
3357 366 3469 426 Iuec
3516 378 3662 420 sunt.

381 463 488 526 que
539 455 837 520 turbarum,
878 462 1155 526 pastorum
1183 464 1266 509 est
1307 452 1460 524 culpa
1489 462 1543 509 et
1574 453 1762 508 vitium
1799 455 1970 523 magi-

386 560 624 604 strorum
646 548 736 618 qui
763 548 841 601 eis
856 560 1177 603 succurrere
1191 546 1508 601 debuerant.
1527 543 1680 616 thle
1696 545 1968 615 sequitur:

457 639 603 695 Tunc
632 641 757 695 dicit
799 638 1067 710 discipulis
1110 634 1222 693 suis
1255 655 1274 700 ε,
1314 636 1501 693 Messis
1544 639 1753 710 quidem
1783 637 1968 703 multa,

385 720 612 803 operarii
644 743 814 784 autem
843 732 1016 802 pauci.
1053 728 1253 799 Rogato
1295 728 1415 801 ergo
1445 729 1724 789 Dominum
1764 730 1966 794 messis,

387 833 443 876 ut
472 822 649 892 ejiciat
690 822 957 892 operarios
987 822 1041 874 in
1075 838 1286 875 messem
1330 838 1503 874 suam.
1536 821 1726 875 Mcssis
1749 820 1969 890 quidem

386 914 557 967 multa
602 911 921 984 populorum
948 910 1215 983 signiﬁcat
1263 911 1661 966 multitudinem
1692 929 1705 975 ;
1734 909 1970 985 operarii

385 1005 566 1074 pauci,
619 1005 900 1075 penuriam
940 1004 1341 1073 magistrorum.
1378 1001 1452 1079 Et
1499 1004 1727 1071 imperat
1776 1008 1834 1055 ut
1884 1017 1972 1054 ro-

388 1106 520 1166 gent
550 1088 844 1151 Dominum
894 1095 1110 1160 messis,
1141 1102 1201 1148 ut
1234 1093 1415 1163 ejiciat
1437 1094 1717 1164 operarios
1746 1094 1797 1147 in
1829 1108 1969 1147 mes-

389 1205 502 1245 sem
529 1203 704 1243 suam.
733 1187 825 1242 Isti
868 1194 990 1242 sunt
1012 1187 1243 1256 operarii
1264 1185 1331 1240 de
1354 1184 1550 1255 quibus
1588 1183 1871 1241 Psalmista
1895 1184 1972 1240 lo-

386 1280 589 1348 quitur.
618 1277 720 1344 Qui
743 1278 999 1332 seminant
1026 1279 1082 1330 in
1110 1276 1375 1347 lacrymis,
1394 1277 1447 1329 in
1469 1276 1663 1347 gaudio
1689 1286 1735 1330 et
1758 1287 1966 1330 metant.

391 1370 591 1425 Euntes
622 1370 766 1424 ibant
810 1379 857 1423 et
889 1369 1084 1440 ﬂebant
1104 1411 1117 1433 ,
1147 1378 1445 1439 spargentes
1480 1367 1679 1422 semina
1720 1384 1814 1421 sua
1842 1382 1858 1418 :
1890 1385 1970 1421 re-

386 1462 587 1514 uientes
615 1469 788 1514 autem
825 1460 1023 1513 venient
1060 1460 1114 1512 in
1147 1457 1515 1520 exsultatione,
1565 1466 1829 1529 portantes
1860 1476 1971 1510 ma-

390 1548 598 1620 nipulos
641 1566 763 1609 suos
811 1546 985 1620 (Psal.
1040 1548 1187 1620 xxv).
1232 1547 1297 1602 Et
1349 1557 1407 1601 ut
1439 1548 1678 1619 apertius
1725 1536 1965 1617 loquar:

390 1641 577 1696 Messis
612 1641 779 1696 multa
810 1643 987 1697 omnis
1023 1641 1180 1696 turba
1211 1641 1550 1696 credentium
1580 1650 1702 1707 est;
1741 1643 1970 1711 operarii

2073 446 2364 520 CatalOgus
2389 459 2568 505 autem
2602 450 2969 520 apostolorum
3002 446 3211 524 ideo‘in
3238 451 3533 524 Evangelio
3556 454 3668 524 ’νο-

2076 541 2247 606 nitur,
2275 549 2332 595 ut
2358 548 2513 596 extra
2547 541 2671 607 hes,
2710 541 2813 612 'qui
2848 541 3280 612 pseudoapostoli
3315 552 3444 599 sunt
3470 543 3666 615 futuri,

2074 633 2462 688 excludantur:
2491 642 2625 687 etut
2665 631 3001 702 signiﬁcetur
3026 632 3169 701 quod
3209 635 3428 689 nomina
3469 628 3667 692 eorum

2074 725 2233 779 simul
2268 734 2321 779 et
2351 724 2560 779 illorum
2600 724 2690 794 qui
2733 739 2922 780 eorum
2953 724 3257 797 doctrinam
3283 735 3341 782 et
3366 725 3528 781 (idem
3572 740 3667 782 se-

2074 822 2329 883 quuntur,
2360 815 2414 869 in
2444 815 2584 870 libro
2627 815 2750 869 vitae
2795 814 2994 884 scripta
3035 815 3441 872 contineantur.

2145 924 2360 980 Primus
2385 926 2587 990 Simon,
2617 927 2705 996 qui
2738 926 2934 980 dicitur
2959 923 3171 992 Petrus,
3209 936 3259 983 et
3281 926 3525 986 Andreas
3548 931 3668 1000 [ra-

2074 1028 2152 1072 ter
2197 1019 2333 1089 ejus.
2377 1018 2591 1077 Primus
2622 1020 2879 1075 scribitur
2907 1018 3116 1085 Simon,
3140 1031 3513 1092 cognomento
3565 1023 3671 1080 Pc-

2075 1118 2213 1169 trus,
2243 1110 2310 1163 ad
2350 1110 2759 1165 distinctionem
2809 1110 3040 1166 alterius
3071 1104 3327 1175 Simonis,
3358 1114 3449 1183 qui
3479 1115 3667 1185 appel—

2078 1198 2221 1254 latur
2248 1188 2612 1267 Chananaéus,
2644 1201 2712 1255 de
2755 1202 2873 1257 vico
2899 1200 3134 1258 Galilacse
3176 1202 3366 1259 Chana
3389 1247 3404 1270 ,
3437 1206 3529 1261 ubi
3556 1207 3667 1263 Do-

2074 1288 2252 1359 minus
2275 1305 2445 1359 aquas
2470 1290 2523 1343 in
2559 1291 2740 1349 vinum
2764 1286 3052 1346 cenvertit.
3088 1290 3270 1369 Voluit
3290 1294 3438 1347 enim
3471 1296 3660 1350 Domi—

2075 1397 2176 1437 nus
2211 1380 2579 1452 apostolorum
2632 1383 2933 1459 principem
2986 1384 3137 1452 prius
3193 1384 3337 1449 aliud
3365 1388 3568 1449 vocari,
3607 1397 3670 1443 ut

2074 1493 2141 1535 es
2179 1476 2294 1546 ipsa
2330 1477 2753 1548 commutatione
2781 1476 3017 1531 nominis
3039 1477 3372 1535 sacramenti
3405 1477 3669 1535 vivacitas

2074 1568 2573 1625 commendaretur.
2599 1564 2759 1623 ldem'
2777 1583 2908 1637 ergo
2939 1568 3129 1623 Latine
3156 1567 3352 1623 Petrus
3374 1570 3520 1643 quod
3559 1570 3665 1642 Sy-

2074 1658 2220 1714 riace
2231 1658 2472 1729 Cephas;
2494 1660 2548 1714 et
2564 1660 2616 1713 in
2632 1669 2860 1729 utraque
2881 1660 3065 1731 lingua
3087 1675 3282 1739 nomen
3301 1676 3332 1714 a
3349 1670 3506 1732 petra
3523 1663 3670 1718 deri-

390 1732 568 1802 pauci,
610 1731 856 1802 apostoli,
894 1741 946 1785 et
996 1733 1295 1787 imitatores
1322 1747 1532 1797 eorum,
1565 1734 1653 1801 qui
1686 1734 1971 1803 mittuntur

2079 1758 2257 1804 vatum
2285 1717 2567 1815 estfhaud
2595 1717 2817 1805 dubium
2834 1717 3077 1820 quinvilla
3102 1752 3168 1805 de
3186 1734 3296 1821 qua
3323 1717 3664 1808 P-aulusait:
3754 1820 3759 1823 τ

391 1824 457 1877 ad
480 1838 731 1879 messem.

1017 1896 1243 1951 CAPUT
1284 1897 1351 1950 Χ.

393 1964 680 2021 Duodecim
703 1966 965 2039 apostolos
994 1968 1280 2034 prtemittit,
1320 1986 1437 2023 cum
1470 1977 1719 2039 potestate
1743 1968 1970 2022 sanandi

463 2053 667 2109 omnem
707 2038 1036 2109 languorem,
1078 2047 1125 2090 et
1167 2040 1309 2109 anmi
1338 2038 1598 2100 doctrina,
1622 2050 1667 2094 et
1696 2038 1834 2109 quod
1866 2050 1969 2090 non

466 2105 656 2160 venerit
678 2105 859 2177 pacem
891 2108 1115 2173 mittere,
1139 2108 1229 2162 sed
1258 2108 1514 2178 gladium,
1539 2120 1644 2164 etc.

424 2203 441 2217 °
464 2192 553 2267 [1.]
573 2191 641 2249 Et
667 2196 960 2249 convocatis
988 2196 1260 2251 duodecim
1283 2198 1553 2269 discipulis
1575 2202 1683 2254 suis
1707 2200 1845 2254 dedit
1867 2200 1969 2256 illis

387 2294 695 2353 potestatem
746 2287 1024 2357 spirituum
1055 2287 1465 2353 immundorum,
1493 2300 1547 2342 ut
1577 2291 1818 2360 ejicerent
1861 2307 1968 2354 eos,

392 2387 441 2433 et
471 2389 713 2433 curarent
735 2396 936 2435 omnem
966 2380 1272 2450 languorem
1289 2395 1336 2435 et
1360 2399 1561 2436 omnem
1591 2382 1967 2453 inﬁrmitatem.

396 2466 610 2543 (Beda.)
635 2468 760 2525 Htec
780 2472 1092 2526 convocatio
1107 2471 1471 2541 apostolorum
1496 2489 1601 2528 non
1626 2472 1840 2529 illorum
1863 2474 1972 2531 elc—

396 2562 592 2618 etionis
605 2577 668 2618 ac
689 2562 983 2635 studii,.sed
999 2564 1192 2639 divinte
1212 2574 1332 2620 erat
1344 2564 1667 2636 dignationis
1685 2581 1749 2623 ac
1762 2569 1966 2638 gratiae,

397 2664 452 2708 ut
476 2655 531 2710 in
560 2654 918 2725 apostolatum
942 2664 1286 2723 vocarentur:
1322 2657 1462 2712 unde
1483 2665 1539 2711 et
1557 2656 1638 2712 eis
1657 2652 1782 2712 alibi
1807 2658 1965 2713 dicit:

396 2744 519 2800 Non
548 2761 634 2800 vos
681 2763 761 2800 me
786 2746 1030 2817 elegistis,
1076 2745 1165 2801 sed
1192 2763 1285 2818 ego
1328 2747 1456 2819 elegi
1481 2762 1567 2802 vos
1598 2746 1780 2820 (Joan.
1833 2748 1925 2820 xv)
1952 2766 1966 2813 ;

392 2836 627 2909 fecitque
678 2846 737 2891 ut
799 2847 979 2893 essent
1016 2838 1298 2897 duodecim
1340 2854 1587 2904 numero,
1615 2839 1752 2894 certi
1787 2839 1972 2908 utique

391 2930 564 2997 gratia
596 2930 837 3001 mysterii
868 2948 880 2982 :
931 2937 987 2983 ut
1018 2927 1269 2985 videlicet
1297 2930 1482 3011 unmdi
1524 2928 1777 2993 salutem,
1809 2944 1972 2999 quam

390 3023 559 3078 verbo
614 3023 993 3092 praedicarent,
1038 3038 1137 3079 suo
1172 3037 1389 3094 quoque
1442 3036 1668 3077 numero
1696 3036 1972 3076 commen-

2077 1841 2235 1897 Petra
2261 1854 2434 1903 autem
2458 1853 2568 1898 erat
2598 1840 2838 1899 Christus
2890 1843 2941 1915 (I
2969 1842 3093 1899 Cor.
3127 1846 3206 1916 ι).
3237 1844 3374 1901 Nam
3406 1847 3550 1903 sicut
3570 1848 3670 1903 tua:

2073 1950 2193 1988 vera
2220 1932 2471 1990 Christus
2494 1934 2714 1989 donavit
2742 1934 3000 2004 apostolis
3029 1944 3090 1990 ut
3124 1935 3218 1989 tua:
3247 1937 3431 1990 mundi
3460 1952 3667 1992 vocen-

2075 2033 2180 2089 tur,
2208 2025 2286 2079 sic
2314 2033 2368 2079 et
2400 2024 2628 2090 Simoni,
2674 2024 2765 2094 qui
2794 2024 3049 2080 credebat
3075 2024 3362 2095 inpetram
3386 2024 3669 2081 Christum

2072 2115 2217 2169 Petri
2236 2114 2461 2185 largitus
2474 2125 2559 2169 est
2580 2129 2795 2170 nomen.
2813 2113 2978 2184 Cujus
2994 2115 3127 2170 alias
3142 2115 3385 2170 alludcns
3397 2118 3667 2187 etymolo-

2072 2207 2188 2276 giae,
2207 2205 2339 2261 dixit
2368 2224 2380 2258 :
2415 2204 2491 2259 Tu
2503 2223 2554 2260 es
2569 2202 2759 2260 Petrus
2781 2215 2829 2260 et
2849 2222 3005 2277 super
3018 2207 3153 2260 lianc
3172 2217 3371 2272 petram
3388 2207 3672 2276 a’diﬁcabo

2073 2296 2361 2351 Ecclesium
2384 2312 2549 2352 meam
2574 2295 2787 2368 (Matth.
2817 2298 2953 2369 svi).
2969 2296 3244 2355 Violenter
3262 2314 3392 2371 ergo
3419 2299 3668 2369 quidam,

2073 2387 2265 2442 Latino
2299 2387 2381 2442 vel
2402 2386 2593 2443 Graeco
2616 2389 2817 2445 nomini
2840 2386 3122 2445 Hebrmam
3146 2397 3450 2459 quaarentes
3478 2392 3672 2461 ἐτυμο-

2070 2478 2261 2550 λογίαν,
2277 2470 2463 2553 dicunt
2481 2472 2702 2531 Petrum
2717 2478 3076 2532 dissolventem
3086 2518 3101 2536 .
3117 2480 3230 2534 sive
3244 2478 3638 2533 discalciantent
3650 2517 3670 2543 ,

2070 2568 2152 2620 vel
2176 2576 2536 2639 agnoscentem
2553 2567 2926 2637 interpretari;
2942 2582 3065 2645 cum
3087 2568 3201 2638 ipsa
3217 2569 3398 2639 lingua
3415 2568 3667 2634 liebrzea,

2073 2653 2120 2707 Ρ
2169 2654 2404 2727 litteram
2442 2655 2664 2711 omnino
2710 2671 2819 2711 non
2855 2671 3079 2723 sonans,
3113 2648 3395 2712 Hebraeum
3428 2659 3535 2713 hoc
3566 2674 3672 2713 no-

2072 2763 2197 2802 men
2226 2762 2335 2801 non
2359 2761 2480 2802 esse
2510 2753 2738 2803 testetur
2769 2764 2783 2801 :
2844 2745 3068 2803 abusive
3093 2747 3239 2823 enim
3269 2745 3531 2802 Fethrum
3565 2764 3670 2818 pro

2076 2835 2258 2904 Petro,
2296 2837 2435 2892 sicut
2466 2844 2522 2891 et
2577 2834 2807 2893 Faulum
2853 2847 2909 2893 et
2954 2835 3215 2904 Filatum,
3272 2854 3370 2909 pro
3411 2836 3587 2894 Paulo
3612 2851 3670 2896 et

2076 2923 2253 2978 Pilato
2275 2926 2596 2991 scribentes,
2614 2925 2874 2983 violenter
2896 2924 3022 2981 licto
3040 2928 3245 2982 nomini
3269 2927 3462 2984 falsam
3492 2930 3668 2984 inter-

2077 3021 2430 3090 pretationem
2455 3020 2795 3076 subuectant.
2814 3019 3001 3075 Simon
3025 3031 3204 3075 autem
3233 3021 3474 3076 obediens
3498 3023 3671 3077 inter-

393 3112 619 3177 darent;
669 3119 751 3165 ter
795 3079 1285 3193 etenimquaterni
1332 3110 1615 3166 duodecim
1659 3110 1881 3175 faciunt,
1922 3118 1976 3166 et
2002 3079 2046 3139 Ο
2079 3088 2345 3180 pretatur.
2390 3109 2560 3166 Porro
2590 3111 2836 3166 Andreas
2886 3127 3084 3167 nomen
3120 3110 3371 3179 Graecum
3403 3121 3510 3178 est,

395 3212 479 3255 ter
506 3201 757 3270 quaterni
801 3201 866 3255 ad
918 3201 1321 3271 praedicandum
1368 3210 1496 3255 sunt
1546 3202 1696 3262 missi
1745 3200 1973 3271 apostoli

394 3306 452 3348 ut
485 3310 583 3365 per
635 3295 914 3348 universas
956 3294 1205 3362 quadrati
1248 3294 1398 3348 orbis
1424 3294 1609 3364 plagas
1650 3294 1973 3363 baptizarent

394 3395 567 3457 gentes
600 3372 653 3438 in
698 3387 903 3439 nomine
935 3383 1136 3449 Patris,
1158 3393 1205 3438 et
1236 3382 1389 3449 Filii,
1444 3394 1491 3437 et
1548 3371 1779 3454 spiritus
1807 3384 1975 3436 sancti

396 3460 837 3546 (llatthxxvm).
865 3474 1018 3530 Unde
1039 3483 1093 3529 et
1111 3474 1177 3530 de
1195 3474 1415 3529 civitate
1432 3471 1617 3529 sancta
1638 3472 1973 3528 Hierusalem

396 3563 764 3623 descendente
795 3566 862 3620 de
894 3564 1032 3620 cmlo
1058 3581 1087 3619 a
1114 3565 1226 3621 Deo
1245 3566 1506 3635 scriptum
1534 3575 1641 3632 est,
1670 3565 1794 3635 quia
1816 3574 1974 3619 eram

396 3659 449 3712 ei
479 3640 547 3712 ab
577 3658 791 3712 oriente
820 3666 1156 3727 portm‘tres,
1184 3667 1241 3711 et
1273 3656 1343 3732 ab
1370 3658 1617 3727 aquilone
1643 3665 1809 3727 porta:
1838 3667 1972 3721 tres,

396 3756 457 3801 et
502 3745 571 3800 ab
609 3748 808 3801 Austro
843 3755 1012 3816 portae
1061 3757 1193 3810 tres,
1223 3755 1279 3800 et
1310 3746 1377 3800 ab
1422 3760 1619 3800 occasu
1645 3752 1811 3814 porta:
1839 3754 1970 3799 tres.

403 3838 502 3894 Ubi
552 3838 853 3910 ﬁguraliter
901 3836 1291 3907 ostendebatur
1340 3838 1464 3906 quia
1497 3878 1510 3901 ,
1555 3835 1977 3907 praedicantibus

397 3928 656 4000 apostolis
688 3928 1161 3999 apostolorumque
1188 3928 1613 3992 successoribus,
1639 3936 1851 3983 cuncta:
1879 3942 1978 3997 per

396 4021 585 4076 orbem
623 4022 872 4077 nationes
900 4021 953 4076 in
990 4020 1095 4075 fide
1144 4030 1345 4075 sancta:
1371 4019 1653 4075 Trinitatis
1674 4019 1976 4077 Ecclesium

397 4123 584 4177 essent
631 4115 974 4185 ingressum.
1039 4114 1097 4168 In
1151 4129 1258 4184 quo
1287 4115 1453 4169 etiam
1511 4121 1853 4170 sacramento
1891 4114 1976 4168 .ita

398 4203 668 4273 quondam
693 4201 790 4259 lilii
817 4202 989 4261 Israel
1029 4205 1175 4260 circa
1232 4203 1645 4259 tabernaculum
1678 4212 1974 4259 castrame-

398 4292 672 4359 tabantur,
730 4303 790 4347 ut
831 4308 897 4347 ex
949 4293 1099 4349 omni
1151 4302 1303 4363 parte
1352 4307 1450 4362 per
1494 4294 1761 4363 quadrum
1811 4301 1977 4346 terna:

398 4384 575 4440 tribus
616 4394 923 4439 manerent.
965 4384 1101 4453 Quia
1144 4384 1416 4454 prhnitiva
1454 4382 1708 4438 nimirum
1739 4381 1976 4437 Ecclesia

398 4487 519 4541 qua:
540 4483 660 4528 erat
694 4474 749 4528 in
767 4470 973 4538 iudica,
1012 4458 1250 4544 undique
1277 4487 1378 4543 per
1405 4471 1690 4527 circuitum
1737 4472 1819 4535 sui
1858 4484 1978 4525 cre-

397 4561 656 4617 dentibus
683 4570 799 4618 toto
826 4561 958 4618 orbe
997 4561 1309 4618 nationibus
1359 4559 1623 4632 spiritalia
1661 4559 1771 4615 Deo
1799 4570 1977 4633 castra

393 4654 587 4708 eratin
608 4650 732 4708 ‘tlde
775 4661 831 4710 et
870 4651 1209 4709 confessione
1232 4661 1436 4709 sancta:
1476 4648 1757 4707 Trinitatis
1781 4649 1975 4707 ﬁxura.
2004 4706 2011 4711 ,

396 4745 572 4804 Porro
616 4747 671 4802 in
711 4761 781 4803 eo
802 4746 946 4817 quod
974 4745 1105 4802 dicit
1134 4759 1148 4798 :
1176 4744 1332 4799 Dedit
1360 4742 1465 4799 illis
1492 4752 1797 4819 potestatem
1825 4742 1979 4813 spiri-

397 4850 548 4895 tuum
581 4839 994 4910 inmundos-um,
1042 4846 1099 4892 ut
1127 4838 1368 4914 ejicerent
1400 4853 1509 4903 eos,
1561 4845 1692 4907 etc..,
1741 4836 1977 4893 ostendit

401 4929 546 5001 quod
574 4929 842 5002 benignus
869 4937 928 4985 et
953 4927 1195 4986 clemens
1219 4927 1478 4984 Dominus
1508 4916 1572 4984 ac
1595 4929 1853 5001 magister
1864 4942 1980 4983 non

398 5023 609 5080 invidet
631 5022 806 5079 servis
838 5030 1001 5093 atque
1025 5020 1302 5092 discipulis
1335 5020 1564 5088 virtutes
1593 5033 1758 5084 suas;
1789 5024 1846 5081 et
1874 5018 1982 5075 sic»

399 5123 465 5171 ut
505 5116 620 5187 ipse
655 5122 945 5172 curaverat
977 5127 1195 5170 omnem
1232 5112 1549 5184 languorem
1578 5119 1635 5167 et
1660 5125 1878 5166 omnem
1898 5111 1982 5166 in-

400 5205 736 5273 ﬁrmitatem,
765 5204 845 5266 sic
873 5202 1130 5275 apostolis
1148 5203 1262 5259 suis
1291 5201 1480 5257 tribuit
1501 5208 1855 5270 potestatem.
1872 5196 1987 5255 Sed

403 5298 574 5354 multa
620 5296 880 5354 distantia
920 5304 1008 5353 est
1068 5296 1214 5351 inter
1268 5292 1472 5349 habere
1509 5301 1567 5347 et
1622 5292 1868 5359 donare,
1923 5300 1982 5347 et

402 5390 650 5461 accipere
682 5406 700 5448 :
752 5390 877 5456 iste,
915 5375 1276 5459 quodcunque
1314 5386 1446 5456 agit,
1474 5393 1742 5458 potestate
1766 5382 1980 5440 Domini

401 5482 552 5553 agit;
599 5480 695 5549 illi,
744 5481 791 5538 si
839 5481 968 5552 quid
1015 5478 1243 5547 faciunt,
1288 5476 1719 5537 imbecillitatem
1746 5491 1901 5534 suam
1928 5486 1983 5533 et

402 5574 655 5630 virtutem
686 5572 898 5629 Domini
951 5570 1297 5636 conﬁtentur,
1338 5569 1624 5629 dicentes:
1666 5567 1734 5625 In
1776 5569 1981 5626 neruine

413 5661 617 5722 Domini
639 5665 762 5725 Iesu
794 5684 945 5737 surge
978 5676 1021 5718 et
1046 5660 1256 5719 ambula
1287 5660 1424 5733 (Act.
1450 5660 1557 5734 ιιι).

2076 3208 2167 3257 τοῦ
2202 3198 2418 3276 ἀνδρὸς,
2442 3202 2493 3256 id
2529 3196 2613 3257 est
2658 3218 2688 3256 a
2712 3204 2850 3269 ,viro
2892 3201 3065 3258 virilis
3110 3203 3431 3275 appellatur.
3460 3205 3671 3272 Quibus

2078 3299 2223 3346 recte
2261 3290 2539 3346 vocabulis
2591 3290 2960 3360 apostolorum
2995 3292 3155 3363 primi
3184 3292 3531 3361 decorantur,
3571 3295 3671 3364 qui

2077 3399 2203 3437 mox
2234 3393 2291 3437 ut
2322 3383 2485 3461 illum.
2504 3384 2713 3454 Agnum
2740 3382 2836 3437 Dei
2858 3384 3060 3440 dictum
3096 3401 3126 3440 a
3147 3383 3355 3442 Joanne
3380 3402 3654 3459 cognove-

2076 3486 2223 3542 runt,
2247 3491 2369 3531 eum
2394 3475 2576 3531 videre
2611 3486 2667 3532 et
2694 3474 2883 3533 audire
2914 3488 3192 3534 curarunt.
3223 3478 3377 3547 Quod
3404 3468 3539 3536 vero
3580 3480 3671 3536 Si-

2075 3583 2204 3622 mon
2229 3583 2425 3637 ponens
2473 3583 2772 3633 mmrorem,
2805 3567 2888 3623 vel
2935 3568 3155 3624 audiens
3194 3570 3463 3623 tristitiam
3493 3570 3670 3625 inter-

2074 3665 2337 3727 pretatur,
2381 3656 2458 3712 illi
2493 3657 2721 3727 tempori
2768 3659 3016 3729 congruit
3055 3659 3293 3729 quando,
3324 3667 3450 3729 post
3479 3675 3673 3715 resur-

2076 3748 2373 3804 rectionem
2401 3747 2517 3803 viso
2540 3747 2788 3811 Domino,
2818 3747 2903 3803 vel
2935 3748 3125 3804 mortis
3146 3749 3291 3804 illius
3310 3748 3395 3803 vel
3425 3763 3540 3804 sure
3566 3762 3672 3804 ue-

2076 3841 2308 3911 gationis
2329 3855 2619 3896 monerem
2646 3838 2917 3911 deposuit,
2944 3841 3038 3895 sed
3065 3856 3177 3896 sua:
3205 3838 3499 3897 confestim
3528 3856 3674 3894 mur-

2079 3934 2148 3988 tis
2171 3932 2443 3988 tristitiam
2468 3931 2694 3998 audivit,
2734 3932 2947 4003 dicente
2995 3932 3223 3989 Domino
3257 3953 3273 3995 τη
3303 3932 3439 3986 Cum
3485 3929 3668 3986 autem

2077 4026 2331 4095 senueris,
2367 4024 2611 4079 extendes
2649 4042 2835 4079 manus
2883 4034 3023 4090 tuas,
3059 4035 3108 4080 et
3148 4026 3287 4088 alius
3325 4035 3375 4079 te
3415 4026 3586 4095 cinget
3618 4036 3676 4080 et

2078 4116 2231 4170 ducet
2256 4132 2359 4187 quo
2390 4133 2493 4170 non
2516 4116 2588 4170 vis
2618 4114 2798 4186 (Joan.
2828 4116 2964 4189 ut).

2148 4207 2381 4263 Iacobus
2406 4205 2663 4274 Zebeda'i,
2698 4219 2744 4262 et
2770 4206 3002 4264 Ioannes
3034 4209 3199 4280 frater
3216 4210 3356 4280 ejus.
3391 4208 3681 4281 (υἱέι-οη.)

2078 4298 2336 4354 Jacohum
2363 4312 2577 4368 quoque
2605 4297 2894 4369 appellavit
2914 4294 3324 4369 Zcbedzni,quia
3347 4308 3403 4355 et
3427 4298 3569 4353 alius
3584 4314 3676 4353 se-

2006 4420 2057 4480 Β
2081 4391 2268 4480 quitur
2288 4384 2518 4480 Iacobus
2531 4390 2760 4480 Alphmi:
2787 4388 2857 4446 Et
2877 4390 3242 4460 apostolorum
3263 4392 3415 4461 paria
3437 4400 3676 4460 utraque

2086 4478 2219 4551 [Al.,
2239 4478 2391 4556 juga]
2423 4481 2716 4535 consociat.
2732 4478 2912 4551 iungit
2932 4480 3156 4536 Petrum
3173 4484 3229 4537 et
3247 4481 3545 4547 Andream,
3561 4480 3677 4534 fra-

2085 4575 2196 4623 tres
2211 4582 2316 4622 non
2342 4576 2451 4622 tam
2473 4582 2637 4623 carne
2649 4583 2808 4638 quam
2826 4570 3042 4638 spiritu.
3059 4568 3319 4640 Jacobum
3334 4579 3391 4625 et
3402 4567 3679 4626 Joannem

2084 4658 2201 4728 qui,
2250 4668 2461 4728 patrem
2491 4659 2738 4728 corporis
2768 4659 3155 4730 relinquentes,
3207 4674 3394 4715 verum
3451 4659 3679 4714 Patrem

2086 4749 2257 4804 secuti
2295 4760 2440 4804 sunt.
2496 4748 2711 4822 (Beda.)
2734 4748 2974 4807 Iacobus
3000 4765 3134 4806 sane
3189 4759 3244 4805 et
3271 4748 3537 4816 Joannes,
3574 4751 3677 4821 qui

2085 4840 2154 4896 ob
2191 4840 2448 4895 eximium
2479 4840 2695 4901 virtutis
2733 4848 2789 4895 et
2824 4840 2990 4894 animi
3034 4840 3247 4915 culmen
3292 4838 3389 4894 ﬁlii
3418 4840 3673 4906 tonitrui,

2083 4931 2186 4986 hoc
2223 4939 2307 5000 est
2349 4928 2673 5002 Boanerges,
2721 4931 2856 4997 sive,
2893 4939 2954 4985 ut
2998 4930 3336 4986 emendatius
3387 4929 3678 4994 scribitur,

2082 5034 2139 5078 et
2188 5023 2547 5095 Beneragam,
2601 5032 2662 5077 ut
2716 5021 3000 5095 Syriacum
3052 5021 3407 5093 Evangelium
3458 5021 3624 5078 habet
3661 5062 3693 5098 ,.

2080 5122 2314 5177 vara-una
2370 5114 2521 5169 benai
2586 5115 2749 5185 regesi
2807 5123 2935 5168 sunt
3008 5128 3039 5168 a
3104 5113 3334 5168 Domino
3390 5113 3678 5182 cognomi-

2081 5204 2219 5271 nati,
2272 5214 2333 5260 ut
2375 5205 2431 5259 in
2461 5202 2751 5279 Evamelio
2782 5201 2954 5258 Marci
2982 5204 3244 5274 scriptum
3272 5210 3375 5258 est.
3424 5200 3536 5261 Nec
3559 5202 3679 5254 fru-

2081 5304 2234 5360 stra;
2269 5282 2506 5364 quorum
2546 5307 2687 5347 unus
2712 5306 2746 5348 e
2786 5291 3100 5348 cmlestibus
3155 5292 3441 5357 intonsus,
3480 5304 3677 5345 vocem

2084 5383 2231 5441 illam
2254 5384 2634 5455 theologicam,
2661 5398 2824 5455 qnam
2865 5398 3024 5439 nemo
3048 5384 3201 5454 prius
3228 5384 3387 5442 edere
3416 5392 3671 5444 noverat,

2084 5476 2265 5543 emisit
2298 5490 2311 5530 :
2350 5473 2415 5530 In
2460 5475 2714 5547 principio
2755 5485 2867 5530 erat
2907 5473 3150 5539 Verbum,
3200 5485 3246 5528 et
3291 5471 3516 5528 Verbum
3556 5482 3679 5526 erat

2087 5569 2228 5641 apud
2254 5564 2505 5634 Deum,et
2532 5567 2670 5622 Deus
2696 5577 2808 5622 erat
2847 5566 3210 5633 Verount,etc.
3236 5563 3419 5636 (Joon.
3445 5562 3506 5634 l).
3538 5562 3677 5629 Quae

2087 5667 2238 5715 tanto
2259 5657 2452 5715 robore
2479 5657 2698 5731 gravida
2728 5656 3045 5731 reliquit,ut
3066 5656 3111 5712 si
3133 5655 3406 5726 aliquanto
3432 5654 3553 5724 plus
3585 5652 3669 5708 in—
3698 5720 3703 5723 ς
