4006 6194
262 360 364 419 889

1201 352 1554 413 consum.
1593 353 1659 449 tu
1696 321 2132 412 narramus.
2176 387 2244 397 —
2280 356 2410 411 LIB.
2451 353 2535 411 ut.

3425 355 3529 413 890

261 486 454 531 tonare
479 472 759 538 voluisset,
780 486 881 526 nec
897 471 1015 541 ipse
1041 482 1233 540 capere
1253 470 1482 527 mundus
1504 470 1708 539 posset.
1738 466 1844 523 Sed
1871 470 1924 529 Α
1946 468 2132 537 pheeus
2157 468 2321 523 etiam
2345 466 2609 537 Clcopbas
2634 468 2809 523 dictus
2833 474 2938 534 est,
2961 466 3044 523 vel
3075 467 3190 538 ipsa
3213 467 3408 536 Maria,
3440 473 3528 527 de-

259 575 315 620 et
344 564 506 617 ambo
536 576 680 630 smpe
716 568 959 616 seorsum
989 567 1042 614 et
1061 558 1119 614 in
1153 568 1392 619 montem
1412 574 1444 613 a
1465 558 1694 613 Domino
1720 557 1845 613 duci

259 665 319 710 et.
364 651 656 722 aliquando
716 661 909 705 sonam
959 651 1025 706 de
1056 648 1196 704 nube
1236 646 1528 705 terriﬁcum
1566 647 1846 717 percipere

263 754 620 801 meruerunt:
672 740 774 797 Hic
822 753 897 797 est
944 740 1118 796 Filius
1167 758 1311 796 meus
1356 740 1598 794 dilectus.
1660 738 1846 793 Prisca

262 852 480 906 quoque
534 836 754 891 nomina
797 834 1003 889 meritis
1033 833 1312 903 aptissima
1340 840 1621 904 gestarunt
1646 850 1659 886 :
1684 830 1845 885 Jaco-

264 929 369 983 bus
398 927 544 980 enim
592 922 985 993 supplantator,
1023 920 1257 976 Joannes
1291 922 1344 974 in
1399 938 1500 992 quo
1551 930 1626 974 est
1675 921 1848 991 gratia

264 1018 354 1072 vel
382 1014 594 1071 Domini
616 1014 789 1084 gratia
809 1013 1004 1068 dicitur
1032 1030 1046 1065 :
1079 1025 1204 1065 nam
1230 1011 1321 1083 ille
1350 1019 1406 1065 et
1424 1005 1608 1065 carnis
1636 1024 1848 1074 curam,

266 1110 500 1164 Domino
540 1096 805 1166 vocante,
862 1102 1233 1174 supplantare,
1279 1112 1335 1155 et
1380 1101 1550 1171 ipsam
1605 1097 1851 1162 carnem,

267 1200 482 1257 Herode
536 1198 859 1269 trucidante.
908 1194 1127 1265 gavisus
1170 1202 1255 1249 est
1300 1192 1682 1256 contemnere;
1746 1192 1850 1246 iste

267 1293 341 1347 ob
380 1290 579 1346 sutoris
629 1286 884 1358 praecipui
913 1286 1165 1355 gratiam,
1195 1300 1355 1353 quam
1395 1281 1643 1354 virginali
1679 1281 1850 1352 gloria

267 1388 567 1445 meruerat,
611 1394 775 1449 super
825 1374 1203 1444 Redemptoris
1248 1375 1330 1430 sui
1373 1381 1559 1445 pectus
1602 1373 1655 1427 in
1694 1386 1852 1427 omna

268 1473 540 1529 recubuit.
1508 1475 1513 1479 ’

348 1580 622 1651 Philippus
647 1587 694 1632 et
720 1575 1162 1631 Bartholomazus.
1192 1572 1470 1645 Philippus
1508 1590 1565 1627 os
1594 1570 1852 1641 lampadis

270 1674 687 1740 interpretatur,
736 1676 794 1722 et
837 1677 1027 1721 recte:
1082 1667 1210 1736 quia
1257 1675 1480 1721 vocatus
1525 1681 1555 1719 a
1604 1665 1850 1729 Domino,

267 1777 399 1816 mox
455 1761 673 1819 invento
728 1756 1048 1812 Natbanaeli
1098 1757 1279 1812 lumen
1353 1756 1496 1826 quod
1547 1763 1846 1825 agnoverat

1944 554 2129 610 t‘uncto
2189 564 2312 626 post
2380 565 2564 613 natum
2622 542 2881 617 Jacobum
2948 556 3213 627 Alpbaeo,
3284 558 3532 629 Cleoplm

1945 646 2144 717 nupsit.
2170 646 2267 701 Cui
2300 645 2608 702 Simeonem
2635 648 2802 702 ﬁlium
2839 650 3113 718 genuisse,
3139 665 3374 721 eumque
3397 668 3531 707 cun-

1947 738 2226 793 sobrinum
2286 740 2495 793 Domini
2543 741 2862 795 existentbm
2895 782 2910 807 ,
2962 758 3029 796 eo
3079 744 3223 812 quod
3268 744 3533 814 Cleophas

1947 827 2116 883 frater
2170 828 2333 884 fuerit
2381 828 2605 900 Joseph,
2661 831 3047 903 Hierosolyma:
3101 843 3223 901 post
3271 833 3529 889 Jacobum

1948 921 2155 976 rexisse
2181 921 2497 986 Ecclesium,
2526 922 2752 977 historia
2779 924 3145 978 ecclesiastica
3176 925 3338 977 tradit
3370 942 3383 953 ο
3419 925 3531 979 sive

1948 1012 2038 1066 hic
2058 1012 2330 1080 apostolus
2350 1012 2561 1077 Simon,
2584 994 2677 1068 seu
2700 1014 2925 1083 quilibet
2947 1014 3085 1067 alius
3108 1013 3326 1075 Simeon
3347 1013 3525 1068 fuerit.

1951 1099 2103 1170 Quod
2127 1118 2255 1157 vero
2281 1102 2515 1159 Jacohus
2541 1104 2734 1158 merito
2762 1102 2903 1158 ﬁlius
2932 1105 3160 1174 Alpbaei,
3187 1105 3238 1158 id
3265 1115 3349 1158 est
3370 1106 3526 1166 docti,

1952 1198 2022 1252 sit
2050 1199 2461 1269 cognominatus
2509 1199 2609 1268 ipsi
2664 1208 2932 1254 testantur
2961 1199 3226 1269 apostoli,
3259 1200 3353 1270 qui
3409 1214 3529 1253 eum

1951 1298 2073 1358 post
2140 1288 2350 1363 Domini
2400 1290 2707 1358 passionem
2785 1291 2968 1345 statim
3040 1289 3531 1361 Hierosolymorum

1954 1378 2341 1433 ordinaverunt
2363 1380 2676 1451 episcopum
2707 1381 2831 1450 quia
2857 1390 2913 1436 et
2937 1391 3063 1436 ante
3090 1382 3370 1452 sanguinis
3398 1378 3532 1434 ellu-

1954 1469 2161 1524 sionem
2197 1485 2358 1525 verus
2402 1472 2563 1526 etiam
2602 1472 2715 1541 ipse
2749 1472 2984 1526 carnalis
3009 1473 3263 1527 desiderii
3294 1472 3365 1526 sit
3399 1487 3532 1541 sup-

1954 1560 2259 1630 plantator,
2284 1569 2516 1616 testatur
2545 1560 2895 1634 Hegesippus.
2931 1563 3139 1618 vicinus
3169 1563 3536 1636 apostolorum

1955 1659 2257 1722 temporum
2306 1653 2615 1708 historicus.
2670 1675 2688 1705 ι
2732 1654 3004 1724 Suscepit,
3037 1655 3306 1724 inquiens,
3355 1653 3536 1714 Eccle-

1957 1743 2092 1797 siam
2120 1743 2502 1815 Hierosolyma:
2531 1753 2654 1812 post
2697 1738 2972 1813 apostolos
3000 1744 3172 1798 frater
3198 1743 3413 1801 Domini
3447 1742 3539 1796 Ja-

265 1851 607 1924 przedicavit,
633 1849 815 1904 dicens
842 1865 855 1903 :
891 1846 1056 1913 Quem
1095 1846 1299 1917 scripsit
1327 1844 1535 1923 Moyses
1570 1845 1626 1897 in
1670 1842 1779 1913 lege
1805 1851 1852 1896 et
1882 1831 1928 1890 B
1956 1832 2140 1897 cobus,
2161 1843 2517 1901 cognomento
2549 1833 2753 1889 Justus.
2780 1834 2929 1889 Multi
2948 1835 3164 1904 quidem
3200 1833 3388 1893 Jacobi
3436 1849 3533 1890 νο-

264 1917 551 2015 prophetia,
601 1940 886 1995 invenimus
923 1937 1130 2002 Iesum,
1172 1936 1343 2007 ﬁlium
1392 1917 1640 2005 Iosephi:
1670 1933 1853 1988 Naza-

268 2036 386 2090 reth
426 2033 605 2106 (Joan.
639 2032 703 2104 ι),
743 2039 798 2087 et
844 2038 967 2101 post
1000 2030 1219 2084 modum
1255 2027 1397 2099 quod
1435 2042 1493 2082 se
1537 2027 1602 2081 de
1651 2025 1852 2079 lumine

266 2127 455 2181 minus
497 2126 636 2180 scire
674 2125 961 2189 sentiebat,
984 2121 1296 2195 suppliciter
1319 2120 1586 2190 quaesivit,
1611 2117 1851 2181 Domine,

266 2219 547 2290 inquiens,
575 2217 784 2272 ostende
803 2214 1041 2283 Patrem,
1062 2225 1111 2269 et
1130 2214 1313 2284 sufﬁcit
1335 2213 1478 2267 nobis
1509 2211 1691 2284 (Joan.
1717 2208 1850 2281 xw).

269 2312 706 2367 Bartholomteus
736 2310 930 2382 Syrum
956 2319 1060 2373 est,
1111 2324 1218 2363 non
1260 2299 1855 2370 Hebrmum,‘etiuter-

268 2410 524 2473 pretatur
540 2400 684 2471 ﬁlius
700 2399 1063 2470 suspendentis
1088 2414 1276 2468 aquas,
1304 2397 1406 2451 hoc
1444 2404 1548 2461 est,
1572 2394 1738 2448 Filius
1760 2393 1854 2448 Dei

269 2492 369 2562 qui
415 2492 826 2562 praedlcatorum
866 2505 1085 2545 suorum
1120 2497 1326 2543 mentes
1367 2487 1433 2540 ad
1463 2485 1858 2557 caelestiacon-

266 2582 583 2653 temptanda
604 2580 913 2652 suspendit,
939 2587 999 2634 ut
1020 2594 1125 2649 quo
1151 2578 1297 2634 celsa
1317 2576 1539 2630 liberius
1553 2574 1855 2644 pervolant,

270 2686 349 2728 eo
396 2681 733 2727 terrenorum
788 2670 950 2725 corda
1018 2669 1251 2725 feracius
1305 2667 1575 2722 dictorum
1636 2679 1857 2719 suorum

272 2762 449 2832 guttis
501 2760 791 2817 inebrient.
849 2759 1003 2815 Unde
1050 2759 1188 2812 bene
1244 2756 1455 2827 Moyses
1499 2756 1566 2810 de
1617 2754 1857 2810 Ecclesia

270 2851 507 2923 mystice
533 2851 807 2906 disserens
834 2850 910 2905 ait
936 2866 949 2902 :
983 2848 1123 2914 Quia
1161 2864 1264 2901 non
1291 2858 1366 2905 est
1403 2857 1567 2912 terra,
1593 2845 1664 2899 ad
1701 2861 1858 2916 quam

268 2942 612 3011 ingredimini
656 2938 1050 3013 possidendam,
1095 2937 1282 2992 similis
1319 2946 1473 2992 terra:
1513 2935 1754 3007 Aigypti,
1794 2935 1858 2989 de

267 3049 382 3104 qua
425 3032 602 3087 existis
626 3073 641 3097 ,
698 3032 787 3086 u’bi
830 3032 980 3101 jacto
1022 3031 1217 3085 semine
1253 3030 1309 3084 in
1340 3031 1613 3083 hortorum
1659 3045 1857 3083 morem

270 3139 429 3193 aqua
467 3124 745 3198 ducuntur
769 3122 1003 3192 irrigare,
1038 3121 1129 3175 sed
1156 3120 1220 3175 de
1255 3120 1382 3175 caelo
1420 3119 1620 3190 pluvias
1671 3135 1875 3188 ηερε-ι·

1954 1925 2246 1989 cabantur,
2278 1927 2367 1981 hic
2413 1926 2828 2004 δευτερομάρτυρ
2858 1936 3078 1983 sanctus
3106 1936 3332 1983 vocatus
3380 1924 3484 1981 fuit
3522 1944 3534 1982 ἐ

1953 2018 2136 2072 vinum
2163 2025 2217 2072 et
2242 2018 2470 2072 siceram
2499 2033 2604 2073 non
2627 2018 2780 2083 bibit,
2807 2032 3024 2073 carnem
3054 2018 3253 2072 nullam
3280 2017 3515 2073 comedit

1953 2122 2228 2177 nunquam
2260 2116 2507 2162 attonsus
2538 2114 2640 2170 est,
2681 2122 2854 2177 neque
2892 2116 3090 2162 unctus
3112 2115 3213 2161 est
3241 2113 3519 2176 unguenta

1955 2213 2129 2267 neque
2152 2214 2281 2252 usus
2308 2208 2391 2251 est
2434 2197 2645 2251 balneo.
2690 2195 2828 2252 lluic
2852 2197 2951 2252 soli
3001 2208 3111 2251 tum
3159 2195 3279 2268 [soli
3305 2196 3536 2269 licitum;

1955 2295 2073 2341 erat
2126 2287 2330 2356 ingredi
2368 2296 2554 2341 sancta
2615 2297 2948 2359 sanctorum,
2993 2286 3258 2356 siquidem
3297 2285 3559 2359 vestibus

1955 2380 2125 2434 laneis
2154 2396 2257 2435 non
2290 2379 2560 2442 utebatur,
2596 2380 2690 2434 sed
2715 2368 2892 2439 lineis.
2911 2357 3175 2449 solusque
3199 2378 3541 2448 ingredieba-

1956 2476 2045 2521 tur
2067 2469 2120 2523 in
2150 2467 2428 2538 templum,
2456 2476 2512 2521 et
2534 2467 2661 2522 ﬁxis
2689 2468 2916 2538 genibus
2934 2483 3042 2537 .pro
3065 2467 3262 2539 populo
3285 2468 3540 2538 depreca-

1956 2561 2116 2617 batur
2142 2562 2194 2614 in
2234 2570 2465 2624 tantum,
2496 2569 2555 2614 ut
2587 2561 2919 2615 camelorum
2964 2561 3218 2616 duritiem
3266 2558 3385 2628 ejus
3427 2568 3539 2615 trav

1957 2654 2106 2708 xisse‘
2128 2668 2299 2723 genua
2332 2652 2697 2707 crederentur.
2735 2672 2753 2704 ι
2805 2649 3073 2723 (Iliemn.)
3105 2652 3408 2707 Thaddaeus
3433 2668 3535 2706 au-

1958 2752 2064 2799 tem
2102 2742 2391 2812 apostolus,
2414 2743 2506 2812 qui
2529 2740 2597 2796 ab
2625 2742 2955 2812 evangelista
2981 2738 3126 2797 Luca
3156 2741 3323 2799 Judas
3347 2741 3536 2798 Jacobi

1958 2835 2158 2890 dicitur
2193 2844 2247 2888 et
2274 2833 2399 2888 alibi
2429 2832 2729 2903 appellatur
2762 2832 3018 2898 Libbeus,
3043 2833 3186 2902 quod
3214 2832 3537 2904 interpreta-

1960 2935 2049 2980 tur
2075 2925 2336 2991 corculus,
2376 2925 2428 2981 id
2455 2934 2538 2980 est
2561 2925 2739 2981 cordis
2765 2924 2959 2988 cultor,
2999 2925 3434 2994 credendumque
3456 2930 3543 2980 est

1958 3029 2081 3069 eum
2139 3014 2304 3070 fuisse
2344 3018 2625 3092 τριὼνυμον
2648 3055 2663 3080 ,
2731 3014 2874 3069 sicut
2917 3012 3104 3069 Simon
3136 3012 3329 3068 Petrus
3355 3022 3411 3068 et
3436 3010 3531 3066 ﬁlii

1960 3104 2202 3163 Zebedaei
2227 3104 2534 3175 Boanerges
2559 3119 2627 3159 ex
2657 3103 2914 3159 ﬁrmitate
2938 3112 2995 3158 et
3013 3104 3383 3184 magnitudine
3416 3101 3541 3159 lidei

270 3182 621 3281 unumunum
637 3211 776 3265 Deus
788 3182 914 3265 suris
937 3182 1110 3266 invisit
1125 3211 1271 3265 omni
1295 3182 1854 3280 tempore(Dcut.i1).
1885 3182 1930 3241 C
1966 3200 2225 3255 nominati
2251 3207 2395 3256 sunt.
2423 3200 2553 3254 Erat
2574 3200 2718 3254 enim
2761 3198 2929 3254 frater
2962 3182 3146 3255 Jacobi
3200 3198 3386 3255 fratris
3427 3198 3540 3257 Βο-

272 3303 565 3366 Βωουιειτὶε
589 3302 732 3357 enim
764 3303 1028 3372 sapientia
1056 3302 1211 3373 quasi
1248 3301 1470 3357 coluber
1512 3314 1610 3370 per
1631 3298 1859 3353 humum

270 3395 471 3464 serpit,
488 3394 665 3449 divina
702 3401 878 3447 autem
906 3394 972 3448 de
1006 3393 1316 3448 coelestibus
1346 3393 1572 3447 intonat.

353 3505 576 3559 Thomas
622 3513 669 3558 et
730 3501 1014 3557 Matt/imus
1058 3503 1387 3574 publicanus.
1432 3499 1633 3573 (IIier.)
1662 3499 1858 3554 Caneri

273 3596 621 3666 evangelista:
652 3595 704 3649 in
757 3595 1134 3665 conjunctione
1182 3595 1459 3653 nominum
1506 3595 1739 3665 primum
1771 3608 1859 3664 po-

279 3696 419 3743 nunt
459 3686 790 3752 Matthmntn,
855 3693 911 3741 et
954 3695 1140 3755 postea
1181 3685 1466 3759 Thomam,
1495 3693 1549 3740 et
1587 3684 1859 3755 publicani

278 3795 480 3837 nomen
526 3777 976 3843 n0n_ascribunt,
1025 3792 1092 3831 ne
1150 3778 1386 3845 antiqua:
1437 3760 1862 3829 conversationis

282 3872 664 3934 recordantes,
701 3869 990 3941 suggillare
1019 3868 1404 3938 evangelistam
1424 3867 1725 3921 videantur.
1756 3863 1861 3918 lste

286 3975 441 4030 vero,
470 3974 528 4018 ut
556 3980 717 4035 supra
755 3964 1007 4028 diximus,
1047 3970 1103 4015 et
1146 3968 1267 4029 post
1308 3958 1569 4013 Thomam
1598 3971 1657 4010 se
1684 3955 1859 4025 ponit,

280 4066 339 4112 et
385 4056 723 4127 publicanum
759 4036 1010 4124 appellat,
1053 4062 1112 4104 ut
1139 4051 1227 4105 ubi
1254 4048 1533 4103 abundavit
1565 4056 1860 4126 peccatum,

280 4144 725 4218 superabundant
755 4146 947 4215 gratia.
999 4140 1211 4215 (Beda.)
1244 4140 1480 4195 Thomas
1507 4138 1744 4208 abyssus,
1775 4135 1862 4189 vel

280 4238 555 4307 geminus,
628 4235 752 4291 inde
806 4233 993 4289 Graece
1062 4230 1295 4302 δίδυμος,
1336 4227 1633 4299 appellatur
1679 4243 1692 4279 :
1737 4225 1873 4295 quia

283 4341 393 4396 quo
418 4326 628 4381 caeteris
658 4324 859 4379 diutius
884 4320 1169 4386 dubitavit,
1190 4335 1253 4375 eo
1285 4318 1572 4372 Dominicae
1618 4329 1862 4370 resurre-

281 4418 480 4475 ctionis
500 4416 782 4472 veritatem
810 4414 969 4469 altius
1008 4411 1214 4466 didicit.
1247 4411 1320 4465 De
1340 4424 1446 4479 quo
1471 4408 1693 4479 pulchre
1723 4405 1865 4461 Pau-

282 4508 454 4573 linus,
489 4509 635 4565 Nolae
670 4509 917 4584 antistes,
945 4508 1166 4563 cecinit:

409 4665 501 4715 Hic
520 4665 697 4713 dubius
722 4663 921 4727 gemino
944 4658 1497 4727 Didymuscognomtne
1512 4654 1740 4727 Thomas.

411 4728 629 4787 Adiacet.
661 4720 788 4774 hunc
810 4720 1242 4787 Cltrislus’pavidm
1258 4720 1566 4787 cunctamine
1590 4720 1771 4767 mentis

409 4783 509 4836 Pro
533 4797 695 4835 nostra
721 4787 945 4834 dubitare
972 4786 1065 4833 lide
1092 4783 1332 4844 permisit,
1355 4786 1407 4829 ut
1432 4788 1482 4829 et
1508 4791 1594 4827 nos

409 4848 515 4898 Hoc
537 4850 663 4896 duce
696 4849 888 4905 ﬁrmati,
912 4840 1264 4905 Dominumque
1288 4840 1546 4905 Deumque
1569 4840 1843 4889 trementes

411 4909 596 4956 Vivere
617 4917 717 4970 [nisi
743 4901 950 4956 nmt'tem
975 4918 1095 4955 vero
1119 4901 1358 4970 talearum:
1390 4901 1551 4950 [esum

412 4962 642 5032 Corpore,
663 4974 767 5019 viva
785 4982 887 5018 sua:
904 4973 1251 5016 monstrantem
1280 4964 1477 5013 vulnera
1499 4962 1673 5011 carnis.
1705 5014 1709 5019 ,

356 5122 642 5179 lattbmns
685 5122 910 5175 donatus
952 5117 1171 5181 dicitur,
1219 5114 1473 5170 videlicet
1506 5113 1633 5183 quia
1663 5125 1862 5181 magno

288 5213 503 5269 Domini
560 5225 783 5267 munere
838 5211 905 5265 de
960 5207 1252 5273 teloneario
1299 5204 1587 5276 publicano
1635 5204 1687 5258 in
1733 5217 1862 5274 apo-

284 5301 410 5360 stoli
444 5310 529 5357 est
555 5311 610 5356 et
649 5299 989 5369 evangelista!
1015 5298 1290 5365 delegatus
1313 5292 1567 5367 ollicium.

353 5390 591 5450 Iacobus
618 5390 908 5461 Alplmi,et
933 5387 1250 5442 Tltaddteus.
1276 5382 1505 5444 Jacobus
1526 5383 1740 5452 quidem
1770 5381 1859 5436 Al-

282 5484 429 5559 phei
451 5485 563 5555 ipse
590 5483 788 5551 estqui
813 5483 865 5535 in
902 5474 1191 5548 Evangelia
1218 5477 1385 5531 frater
1427 5474 1639 5529 Domini
1690 5475 1862 5529 nomi-

284 5583 450 5633 natur
481 5590 495 5628 :
536 5576 661 5643 quia
701 5572 887 5637 Maria,
917 5585 1053 5625 uxor
1081 5568 1311 5639 Alphmi,
1333 5581 1486 5621 soror
1530 5566 1629 5619 fuit
1682 5564 1862 5620 Mariae

286 5667 480 5723 matris
543 5664 772 5727 Domini,
828 5676 990 5733 quam
1046 5658 1267 5713 Mariam
1323 5656 1573 5726 Cleoplre
1621 5655 1861 5709 Joannes

290 5755 617 5827 evangelista
670 5751 1028 5824 cognominat,
1060 5750 1283 5803 fortasse
1316 5748 1437 5816 quia
1490 5746 1569 5800 vel
1602 5746 1739 5799 idem
1773 5745 1862 5797 Al-

1961 3290 2118 3356 mini,
2149 3299 2208 3344 ut
2235 3291 2346 3359 ipse
2375 3290 2429 3343 in
2454 3288 2689 3359 Epistola
2712 3304 2810 3344 sua
2833 3289 3038 3344 scribit.
3060 3286 3215 3344 Unde
3238 3288 3401 3342 etiam
3428 3289 3544 3358 ipso

1963 3378 2125 3447 frater
2147 3380 2360 3436 Domini
2393 3381 2708 3445 vocabatur,
2730 3380 3110 3435 attestantibus
3147 3378 3355 3437 civibus
3375 3378 3545 3449 ipsius

1959 3473 2049 3542 qui
2072 3474 2136 3526 de
2156 3473 2447 3526 virtutibus
2490 3470 2607 3543 ejus
2629 3480 2910 3541 stupentes
2931 3471 3148 3525 aiebant
3180 3486 3194 3522 :
3234 3468 3425 3523 Nonne
3447 3469 3543 3524 iste

1959 3573 2035 3618 est
2055 3562 2204 3633 faber
2222 3563 2364 3632 ﬁlius
2388 3561 2605 3628 Maria",
2634 3562 2799 3631 frater
2815 3559 3024 3625 Jacobi,
3049 3569 3097 3613 et
3121 3558 3341 3628 Joseplt,
3367 3568 3415 3613 et
3442 3557 3542 3612 Ju-

1974 3655 2078 3718 du',
2113 3664 2158 3707 et
2184 3652 2413 3708 Simonis
2441 3654 2465 3707 ἒ)
2496 3651 2692 3724 (Mare.
2727 3651 2828 3721 vt.)

2033 3742 2219 3799 Simon
2263 3741 2617 3805 Cliananwus,
2647 3750 2694 3794 et
2738 3739 2913 3793 Iudas
2946 3738 3267 3800 Scariothes,
3308 3738 3396 3809 qui
3435 3750 3547 3790 tra-

1961 3835 2094 3887 didit
2122 3851 2260 3888 eum.
2290 3834 2358 3887 Et
2392 3833 2491 3888 hos
2510 3848 2632 3885 cum
2666 3831 3032 3885 atlditamento
3060 3830 3239 3900 posuit
3259 3831 3322 3885 ad
3350 3828 3541 3884 distin-

1962 3925 2194 3980 ctionem
2228 3920 2465 3978 Simonis
2480 3922 2646 3987 ,Petri
2686 3929 2739 3976 et
2763 3920 2913 3977 Judae
2961 3919 3187 3976 Jacobi:
3221 3919 3407 3975 Simon
3442 3936 3541 3975 au-

1964 4022 2069 4069 tem
2125 4012 2462 4068 Chananceus
2510 4029 2541 4067 a
2583 4012 2766 4069 Chana
2809 4012 2928 4066 vico
2953 4010 3185 4066 Galliam:
3241 4025 3538 4080 cognomen

1963 4103 2189 4173 accepit.
2218 4102 2369 4169 Quod
2400 4102 2726 4172 evangelista
2751 4102 2924 4157 Lucas
2951 4116 3074 4156 cum
3104 4100 3547 4169 interpretatione

1962 4197 2164 4268 posuit,
2203 4194 2389 4251 Simon
2432 4194 2641 4259 zelotes,
2695 4192 2880 4249 Chana
2934 4192 3131 4261 quippe
3193 4189 3357 4256 zelus,
3403 4188 3545 4243 Cha—

1966 4302 2184 4342 naneeus
2233 4286 2430 4341 dicitur
2478 4285 2743 4349 ζηλωτής,
2796 4282 2853 4337 id
2897 4290 2979 4336 est
3029 4279 3329 4338 aemulator.
3376 4276 3544 4332 Judas

1966 4388 2147 4434 autem
2184 4377 2432 4433 Scarioth
2461 4386 2555 4430 aut
2578 4391 2607 4430 a
2638 4378 2758 4431 vico
2796 4375 2851 4429 in
2879 4389 2984 4443 quo
3027 4381 3180 4428 ortus
3214 4379 3314 4433 est,
3354 4381 3446 4426 aut
3474 4387 3542 4425 ex

1965 4469 2355 4543 tribn‘lsacbar
2400 4467 2718 4539 praesagium
2757 4480 2870 4521 sua:
2911 4464 3272 4520 damnationis
3316 4462 3544 4518 vocabu-

1888 4544 1940 4606 Β
1969 4559 2078 4613 lum
2116 4558 2385 4627 sumpsit:
2418 4556 2634 4612 lsachar
2667 4556 2882 4627 quippe,
2910 4554 3050 4624 quod
3092 4553 3288 4609 dicitur
3325 4568 3540 4616 merces,

1960 4649 2193 4719 pretium
2238 4647 2558 4717 proditionis
2580 4646 2850 4711 insinuat;
2880 4644 3129 4700 Scarioth
3169 4651 3375 4708 autem,
3399 4644 3542 4712 quod

1962 4740 2212 4795 memoria
2250 4741 2433 4794 mortis
2483 4739 2909 4810 interpretatur,
2934 4738 3113 4809 arguit
3146 4752 3268 4792 eum
3301 4752 3403 4793 non
3457 4752 3540 4791 rc-

1960 4840 2121 4902 pente
2158 4844 2498 4899 persuasum,
2537 4830 2630 4885 sed
2661 4831 2976 4885 meditatum
3006 4828 3210 4884 diutius
3250 4826 3540 4882 Dominicae

1962 4918 2265 4976 traditionis
2310 4926 2557 4989 patrasse
2584 4917 2876 4987 ﬂagitium.
2905 4915 3129 4989 (Λυδόν.)
3159 4915 3260 4983 Qui
3294 4931 3401 4970 non
3443 4928 3541 4983 per

1970 5009 2383 5082 imprudentiam
2400 5048 2417 5076 ,
2444 5009 2536 5064 sed
2557 5023 2654 5077 per
2674 5009 3062 5078 providentiam
3101 5007 3242 5063 inter
3270 5004 3538 5075 apostolos

1966 5103 2198 5175 eligitur.
2238 5101 2447 5168 Quanta
2478 5101 2623 5155 enim
2647 5110 2732 5155 est
2764 5100 2982 5167 veritas,
3010 5113 3172 5169 quam
3202 5112 3301 5152 nec
3342 5096 3536 5151 adver-

1965 5195 2141 5251 sarius
2174 5189 2720 5247 ministeriuﬁrmat?
2749 5189 2959 5258 Quanta
2989 5187 3270 5243 moralitas
3295 5183 3535 5246 Drmini.

1964 5284 2056 5355 qui
2087 5280 2380 5354 periclitari
2418 5280 2558 5350 apud
2590 5294 2690 5335 nos
2718 5278 2980 5350 judicium
3008 5292 3165 5332 suum
3205 5291 3366 5347 quam
3409 5273 3540 5331 alie-

1965 5385 2112 5429 ctum
2143 5371 2367 5428 maluit?
2397 5370 2722 5439 Susceperat
2752 5368 2896 5423 enim
2928 5366 3160 5427 hominis
3191 5364 3539 5436 fragilitatem

1964 5478 2020 5524 et
2049 5468 2171 5524 ideo
2214 5481 2316 5520 nec
2356 5466 2453 5520 has
2482 5452 2666 5534 partes
2693 5462 2960 5520 recusavit
2997 5459 3304 5532 fragilitatis
3341 5460 3536 5519 buma-

1964 5576 2065 5614 ηαξ.
2085 5557 2263 5614 Voluit
2288 5556 2484 5621 deseri,
2501 5556 2671 5611 voluit
2699 5553 2874 5627 prodi,
2902 5552 3066 5607 voluit
3094 5552 3161 5607 ab
3181 5549 3421 5620 apostolo
3438 5563 3537 5603 suo

1963 5649 2121 5713 tradi,
2151 5656 2210 5703 ttt
2238 5657 2291 5701 tu
2325 5663 2354 5700 a
2384 5647 2532 5703 socio
2574 5648 2837 5707 desertus,
2871 5660 2900 5696 ει
2936 5640 3084 5697 socio
3133 5639 3391 5711 proditus,
3424 5654 3536 5692 tuo-

1960 5742 2109 5794 «ἔκ-δια
2135 5740 2274 5792 feras
2294 5746 2438 5791 tuum
2454 5750 2661 5789 errasse
2679 5731 2951 5802 judicium,
2960 5731 3166 5798 perisse
3194 5727 3531 5783 beneﬁcium.
