4006 6194
421 343 515 401 891

1102 337 1162 392 Β.
1205 336 1454 392 ΒΑΒΑΝΙ
1495 334 1712 392 MAURI
1753 333 2003 389 ARllﬂlE

2110 327 2415 388 MOGUNT.
2453 327 2735 386 OPEBUM
2774 327 2954 384 PARS
2994 327 3034 383 1.

3581 330 3723 389 892

488 460 601 534 ιιι]
643 458 754 512 Hos
779 456 1052 511 duodecim
1083 454 1224 508 misit
1273 453 1427 508 Iesus
1454 493 1468 517 ,
1508 453 1814 523 praecipiens
1849 461 1895 505 et
1925 451 1979 504 di
2029 457 2075 516 Α
2103 465 2260 519 gnum
2283 447 2548 502 caularum.
2571 443 2772 518 (σι-ες.)
2797 445 3242 517 Appmpiuquare
3257 449 3456 503 dicitur
3474 465 3717 522 regnum

416 571 536 610 caus
563 553 658 606 eis.
691 546 962 623 (Hier-on.)
999 545 1550 601 Animdvertendum
1581 552 1665 598 est
1683 545 1825 613 quod
1855 541 2006 597 Scri-

414 656 574 718 ptura
588 640 894 713 evangelica
908 648 963 694 et
983 636 1275 706 apostolica
1299 651 1402 690 non
1426 635 1568 690 soles
1591 635 1710 689 illos
1725 633 2006 690 duodecim
2031 661 2034 666 -

420 735 656 808 appellat
681 732 973 802 discipulos
994 729 1139 800 ejus,
1171 731 1266 786 sed
1303 743 1491 784 eomes
1521 729 1611 800 qui
1653 729 1706 783 in
1735 741 1856 783 eum
1885 743 2007 782 cre-

419 828 609 883 dentes
635 823 944 896 magisterio
971 822 1090 892 eius
1120 822 1182 874 ad
1216 835 1440 889 regnum
1487 818 1750 873 caelorum
1795 817 2008 872 erudie-

422 921 639 976 bantur.
684 917 762 972 Ex
815 927 1044 984 quorum
1095 911 1439 988 multitudine
1492 910 1653 979 elegit
1697 909 2004 972 duodecim,

415 1028 552 1082 quos
598 1009 870 1081 apostolos
913 1006 1244 1069 nominavit,
1285 1005 1424 1059 sicut
1462 1004 1635 1059 Lucas
1673 1019 2006 1058 commemo-

413 1111 518 1158 rat.
544 1099 771 1168 (Μλυιι.)
798 1099 1088 1154 Duodecim
1109 1112 1240 1167 ergo
1263 1095 1551 1165 discipulos
1575 1095 1831 1150 Dominus
1850 1093 2010 1150 Jesus

413 1193 565 1247 misit
593 1191 659 1245 ad
695 1187 1093 1261 praedicandum
1123 1228 1136 1249 ,
1171 1186 1298 1256 quia
1323 1185 1510 1240 multis
1539 1184 1836 1256 ﬁgurarum
1869 1185 2010 1242 iudi-

412 1283 514 1339 ciis
528 1283 717 1338 eodem
739 1293 968 1335 numero
991 1279 1088 1350 ipsi
1111 1287 1268 1333 antea
1285 1277 1569 1347 praenotati
1593 1287 1717 1332 sunt
1741 1279 2005 1346 aptissimi

411 1387 534 1429 esse
565 1371 630 1426 ad
663 1368 1080 1441 dispensandum
1110 1368 1288 1422 divina
1320 1367 1594 1438 mysteria.
1620 1368 1683 1422 Hi
1715 1369 1860 1422 enim
1881 1377 2009 1423 sunt

413 1465 694 1520 duodecim
729 1463 821 1518 ﬁlii
869 1463 983 1518 veri
1018 1461 1184 1516 Iacob
1213 1460 1368 1532 (Gen.
1400 1459 1566 1529 xxxv)
1593 1477 1605 1525 ;
1636 1461 1690 1514 hi
1723 1461 2004 1515 duodecim

408 1557 688 1626 principes
714 1555 886 1625 plebis
909 1553 1075 1609 lsrael
1104 1552 1295 1625 (Num.
1328 1554 1370 1623 ι)
1399 1569 1411 1616 ;
1441 1553 1495 1606 hi
1526 1553 1805 1607 duodecim
1831 1551 2007 1609 fontes

416 1647 616 1716 reperti
667 1647 719 1700 in
756 1646 892 1700 Elim
922 1644 1121 1715 (Emori.
1149 1643 1273 1714 xv);
1310 1645 1365 1698 hi
1403 1643 1684 1699 duodecim
1731 1655 1905 1698 castra
1941 1646 2006 1700 de

415 1739 677 1794 Ramesse
715 1754 886 1807 usque
919 1736 1046 1792 Sina
1079 1736 1280 1807 (Exod.
1311 1735 1444 1808 xn);
1475 1737 1528 1791 hi
1557 1737 1834 1792 duodecim
1869 1739 2002 1809 lapi-

2110 539 2392 602 celorum,
2415 550 2513 608 per
2547 536 2795 592 collatam
2825 537 2982 591 nobis
3031 537 3190 592 ﬁdem
3227 538 3519 595 invisibilis
3546 556 3731 598 ama.

2109 633 2264 696 toris,
2296 646 2401 686 non
2429 631 2605 698 aliqua
2651 631 2889 684 motione
2931 629 3344 684 elementorum.
3393 630 3527 697 Quia
3551 635 3721 689 enim

2107 722 2354 792 peccanti
2387 723 2588 777 homini
2627 721 2833 776 dictum
2864 729 2948 775 est
2977 740 2988 773 :
3025 717 3185 775 Terra
3225 739 3300 786 es,
3328 730 3380 775 et
3418 723 3470 776 in
3503 733 3720 778 terram

2108 817 2206 869 ibis
2228 811 2379 887 (Gen.
2409 814 2531 886 Ill):
2585 815 2688 868 hoc
2736 828 2866 884 ergo
2909 814 3139 884 quisque
3184 821 3267 870 est
3317 815 3460 884 quod
3494 813 3717 886 diligit.

2109 914 2294 960 contra
2316 903 2495 972 justus
2525 904 2722 959 celum
2750 911 2832 958 est
2859 943 2874 967 ,
2922 904 3018 972 qui
3045 904 3214 957 Deum
3239 904 3292 957 in
3327 919 3386 960 se
3421 913 3615 974 portat,
3645 914 3724 960 et

2109 1001 2353 1056 coelestia
2399 999 2590 1071 diligit.
2629 999 2775 1054 Deus
2815 998 3015 1068 quippe
3060 999 3148 1066 qui
3180 997 3713 1069 incircumscriptus,

2109 1101 2158 1147 et
2187 1092 2433 1155 illocalis,
2465 1101 2520 1148 et
2551 1092 2749 1160 ubique
2788 1094 3026 1160 praesens
3065 1091 3263 1146 virtute
3288 1132 3301 1156 ,
3335 1105 3439 1145 non
3470 1105 3720 1162 corpora

2109 1193 2213 1250 est,
2245 1184 2491 1240 localiter
2522 1191 2702 1238 tamen
2741 1182 2794 1236 in
2830 1183 2943 1238 suis
2989 1182 3230 1237 ambnlt
3267 1183 3468 1238 sanctis
3493 1223 3507 1246 ,
3555 1183 3722 1238 sicut

2109 1277 2239 1332 dicit
2267 1293 2280 1331 :
2314 1275 2623 1330 Inhabitabo
2663 1284 2710 1329 et
2739 1273 3075 1328 inambulabo
3106 1274 3159 1328 in
3190 1273 3297 1328 illis
3328 1273 3414 1345 (II
3445 1273 3563 1328 Cor.
3590 1275 3709 1344 vi).

2105 1367 2319 1438 Ipsique
2348 1367 2528 1422 taliter
2574 1367 2774 1421 terreni
2829 1367 3074 1422 homines
3121 1365 3424 1422 ediciuutur
3448 1366 3715 1422 easiestes

2108 1461 2303 1533 angeli.
2355 1461 2574 1516 Talibus
2621 1461 2765 1515 enim
2813 1456 3072 1515 Dominus
3117 1460 3283 1514 dicit:
3335 1458 3566 1530 Regnum
3595 1459 3715 1516 Dei

2108 1552 2248 1604 intra
2281 1567 2365 1606 vos
2410 1559 2486 1604 est
2529 1549 2682 1622 (Luc.
2715 1565 2856 1614 xvu;
2889 1549 3053 1604 Joan.
3085 1548 3234 1622 xw);
3287 1559 3344 1606 ot
3381 1551 3455 1606 ita
3478 1551 3707 1608 delum

2109 1643 2222 1697 ccli
2249 1643 2429 1697 vocari
2458 1652 2704 1712 possunt,
2735 1642 2828 1712 qui
2847 1657 2973 1698 eum
2998 1642 3100 1697 ﬁde
3125 1643 3360 1700 retinent
3383 1651 3439 1699 et
3461 1643 3714 1716 diligunt

2109 1734 2394 1788 cbaritate.
2426 1734 2488 1788 Et
2515 1734 2708 1802 quibus
2734 1735 2874 1788 idem
2917 1733 3186 1802 [tt-omittit
3212 1732 3380 1788 Filius
3404 1733 3541 1804 quod
3568 1749 3709 1789 cum

365 1896 368 1898 Π
409 1828 506 1884 des
555 1829 608 1883 in
637 1835 784 1882 veste
814 1826 1110 1882 sacerdotis
1138 1821 1336 1896 (Exod.
1369 1824 1593 1897 xxvm);
1634 1826 1690 1880 bi
1719 1825 2001 1881 duodecim
2035 1820 2076 1878 Β
2105 1821 2266 1877 Patre
2295 1832 2349 1876 et
2386 1821 2588 1893 Spiritu
2620 1832 2810 1878 sancto
2829 1823 2895 1877 ad
2919 1838 3012 1878 eos
3037 1823 3238 1889 veniat,
3259 1833 3313 1879 et
3335 1824 3472 1892 apud
3487 1837 3581 1879 eos
3609 1821 3707 1878 ia-

408 1935 578 1990 panes
597 1918 979 1990 propositionis
1009 1915 1360 1987 (Levitxxw)
1386 1933 1400 1981 ;
1433 1917 1487 1970 hi
1517 1916 1798 1972 duodecim
1822 1919 2004 1988 explo-

408 2021 621 2066 ratores
643 2010 789 2064 missi
817 2025 844 2062 a
866 2008 1044 2078 Moyse
1066 2007 1245 2078 (Deut.
1277 2024 1326 2071 I;
1352 2006 1468 2061 los.
1494 2007 1612 2077 ιιι);
1642 2007 1694 2061 hi
1721 2009 2002 2063 duodecim

409 2103 576 2158 duces
625 2100 802 2171 populi
854 2108 1055 2154 terram
1102 2099 1331 2168 ingressi
1369 2097 1598 2168 (Ibid.);
1630 2099 1685 2154 bi
1717 2098 2000 2153 duodecim

409 2191 617 2262 lapides
642 2191 833 2246 altaris
860 2189 997 2261 (.Ios.
1022 2188 1131 2259 tv);
1159 2189 1212 2243 bi
1243 2188 1522 2243 duodecim
1547 2187 1748 2257 lapides
1785 2190 1850 2243 de
1878 2187 2000 2243 Jor—

411 2287 551 2340 daue
579 2284 772 2340 elcvati
803 2281 1022 2355 (Ibit);
1053 2281 1109 2337 bi
1137 2280 1420 2336 duodecim
1443 2281 1648 2350 lapides
1669 2282 1722 2335 in
1753 2283 2002 2335 eumdem

409 2376 559 2431 allati
590 2376 813 2447 (Ibid.);
840 2376 894 2430 hi
919 2375 1199 2431 duodecim
1228 2375 1394 2430 duces
1424 2373 1727 2430 Salomonis
1755 2373 1841 2445 (11
1870 2373 1998 2445 Reg.

411 2467 522 2536 Iv);
550 2466 605 2522 hi
632 2467 912 2522 duodecim
940 2467 1103 2521 boves
1130 2465 1229 2520 sub
1252 2465 1386 2518 mari
1413 2477 1563 2518 amco
1588 2461 1705 2534 (III
1735 2461 1859 2534 Reg.
1879 2465 1999 2535 vn);

414 2560 470 2615 hi
499 2558 779 2614 duodecim
810 2558 1042 2613 leunculi
1073 2557 1127 2612 in
1157 2556 1353 2611 throno
1379 2554 1685 2610 Salomonis
1713 2551 1834 2625 (III
1871 2553 1997 2623 Reg.

410 2648 502 2720 x);
538 2650 592 2704 hi
623 2648 902 2704 duodecim
933 2647 1103 2703 stella
1127 2647 1180 2701 in
1203 2659 1402 2701 comna
1426 2660 1636 2718 sponsae
1668 2643 1850 2714 (Apoc.
1877 2646 1996 2708 xu);

409 2741 466 2798 hi
509 2742 788 2796 duodecim
819 2739 1169 2796 ftmdameuta
1215 2738 1398 2810 (Apoc.
1433 2737 1578 2806 ut);
1629 2737 1684 2791 bi
1711 2736 1993 2792 duodecim

411 2839 582 2902 porta:
636 2831 872 2885 civitatis
921 2828 1017 2883 Dei
1067 2827 1288 2901 (Ibid.);
1339 2826 1393 2881 hi
1461 2825 1740 2881 duodecim
1788 2840 2002 2879 menses

412 2905 538 2976 anui
571 2920 754 2992 (Apoc.
780 2920 918 2991 χχιι)
945 2936 958 2985 ;
989 2918 1045 2973 hi
1089 2917 1368 2974 duodecim
1413 2916 1560 2970 hora:
1583 2915 1687 2970 diei
1714 2932 1727 2980 ;
1761 2914 1850 2969 isti
1877 2924 2003 2970 sunt

413 3015 621 3083 sagitta:
649 3015 822 3067 missae
852 3013 915 3065 de
938 3027 1099 3065 manu
1125 3010 1348 3080 potentis
1386 3009 1443 3063 in
1482 3008 1641 3062 corda
1671 3009 1999 3061 inimicorum

411 3104 546 3174 regis
579 3102 751 3169 (Psal.
778 3101 947 3174 κων).
975 3102 1080 3157 Per
1097 3102 1198 3156 hos
1222 3100 1484 3156 Paciﬁcas
1508 3108 1691 3154 noster
1719 3099 2003 3154 debellavit

414 3173 600 3250 mundi
623 3195 1014 3266 priuelpem,et
1041 3207 1167 3247 vasa
1199 3192 1314 3262 ejus
1341 3189 1582 3262 diripuit.
1604 3188 1743 3258 Quid
1773 3205 1902 3259 ergo
1919 3189 2000 3244 eis
2029 3173 2072 3233 (ἶ

415 3293 546 3343 tunc
570 3285 890 3355 pracipiens
918 3283 1134 3345 dixerit,
1167 3281 1450 3335 audiamus
1484 3299 1496 3332 :
1900 3344 1903 3345 ν

486 3373 554 3428 In
585 3376 720 3428 viam
745 3373 973 3443 gentium
997 3388 1062 3425 ne
1087 3371 1342 3435 abieritz's,
1388 3379 1434 3423 et
1464 3371 1517 3422 in
1556 3368 1785 3422 civitates
1813 3366 2000 3422 Suma-

415 3466 710 3518 ritanorum
737 3480 800 3516 ne
829 3462 1164 3516 intrareritis.
1204 3458 1310 3515 Sed
1338 3461 1511 3530 potius
1546 3459 1615 3512 ite
1642 3459 1711 3511 ad
1747 3474 1862 3512 oves
1886 3475 2002 3528 qua

413 3556 680 3627 perierunt
708 3553 893 3606 domus
922 3551 1108 3606 Israel.
1137 3549 1409 3622 (Ηὶενοη.)
1449 3548 1564 3604 Non
1590 3556 1672 3604 est
1699 3549 2004 3604 contrarius

415 3645 567 3700 locus
607 3644 710 3699 iste
736 3644 785 3698 ei
815 3652 1084 3714 praecepto
1111 3642 1252 3713 quod
1299 3651 1488 3711 postea
1536 3641 1736 3696 dicitur
1761 3660 1772 3694 :
1803 3638 2002 3694 Euntes

417 3737 596 3790 docete
621 3750 797 3789 omnes
819 3744 1015 3805 gentes,
1042 3733 1360 3804 baptisantes
1381 3748 1467 3786 eos
1488 3733 1542 3785 in
1570 3733 1776 3786 nomine
1800 3729 2000 3793 Putris,

417 3836 467 3881 et
495 3823 647 3890 Filii,
682 3834 730 3879 et
763 3824 994 3896 Spiritus
1023 3823 1194 3878 sancti
1239 3821 1685 3893 (Matth.xxvm).
1728 3821 1862 3890 Quia
1900 3822 2004 3876 hoc

419 3925 545 3972 ante
583 3916 1036 3972 resurrectionem
1070 3920 1400 3985 praeceptum
1447 3921 1567 3977 est,
1622 3921 1678 3969 et
1723 3912 2005 3983 oportebat

413 4007 649 4077 primum
675 4005 962 4060 adventum
989 4003 1189 4059 Christi
1222 4001 1532 4058 annuutiari
1556 4003 1754 4058 Judaeis
1772 4043 1787 4068 ,
1812 4015 1880 4059 ne
1919 4001 2006 4072 ju~

419 4105 560 4153 stam
594 4096 858 4152 baberent
885 4095 1312 4160 excusationem,
1338 4093 1584 4150 dicentes
1610 4095 1731 4150 ideo
1753 4109 1810 4149 se
1835 4093 2003 4149 Deum

419 4188 674 4258 reiecisse
701 4188 828 4257 quia
855 4187 922 4242 ad
949 4195 1134 4258 gentes
1159 4195 1215 4242 et
1243 4186 1309 4241 ad
1340 4185 1713 4241 Samaritanos
1734 4185 2009 4256 apostolos

419 4280 652 4336 miserit.
689 4280 760 4336 Ut
807 4278 1014 4334 scilicet
1043 4278 1195 4348 prius
1243 4292 1272 4331 ι
1297 4275 1480 4332 Judtra
1521 4274 1887 4348 apostolorum
1916 4290 2004 4330 re-

419 4370 571 4444 pulsa
618 4371 950 4441 praedicatio,
990 4377 1116 4424 tunc
1159 4367 1315 4422 nobis
1363 4367 1416 4422 in
1459 4365 1784 4435 adjutorium
1832 4365 2004 4430 ﬁeret,

420 4453 546 4518 cum
583 4462 722 4516 hanc
749 4460 840 4515 illa
869 4460 937 4514 ad
977 4457 1339 4514 damnationis
1382 4471 1492 4512 sua:
1518 4456 1883 4512 testimonium
1913 4471 2007 4510 su-

425 4553 594 4625 perba
622 4551 924 4622 repulisset.
961 4547 1161 4621 (Grcg.)
1190 4549 1261 4606 Ut
1289 4547 1415 4602 dum
1451 4547 1541 4602 illa
1563 4547 1805 4602 converti
1820 4555 2010 4601 vocata

423 4651 696 4706 renncret,
722 4641 1104 4712 praedicatores
1124 4640 1295 4694 sancti
1318 4637 1385 4692 ad
1411 4637 1746 4693 vocationem
1768 4637 2009 4708 gentium

422 4752 521 4808 per
549 4735 795 4790 ordinem
825 4733 1090 4789 venirent.
1121 4730 1396 4798 Quatenus
1433 4728 1811 4799 Redemptoris
1837 4730 2008 4785 nostri

423 4825 755 4900 pnedlcatio,
782 4837 812 4878 a
841 4822 1076 4894 propriis
1105 4819 1582 4891 repulsa,gentiles
1611 4819 1833 4890 populos
1854 4820 2006 4890 quasi

423 4931 714 4976 extraneos
741 4924 1030 4988 quaereret,
1065 4923 1120 4970 et
1147 4913 1287 4985 quod
1333 4911 1531 4969 Judaaa:
1573 4913 1735 4968 ﬂebat
1772 4913 1825 4966 in
1856 4912 2009 4967 testi-

423 4995 694 5074 monium,
741 5007 843 5064 hoc
901 5003 1150 5076 gentibus
1190 5003 1376 5074 gratia;
1423 5009 1569 5058 esset
1616 5003 2009 5057 incrementum

425 5098 693 5172 (IIieron.)
725 5097 884 5153 Juxta
935 5096 1286 5168 tropologiam
1325 5109 1458 5151 vero
1483 5095 1794 5166 praecipitur
1830 5094 2006 5157 nobis,

425 5191 518 5261 qui
548 5190 752 5247 Christi
776 5206 1060 5247 censemur
1091 5190 1332 5254 nomine,
1362 5205 1431 5246 ne
1463 5189 1516 5245 in
1565 5192 1652 5242 via
1681 5189 1920 5259 gentium
1953 5197 2010 5243 et

423 5283 798 5339 haereticorum
841 5283 1179 5338 ambulemus
1211 5297 1417 5345 errore,
1466 5288 1528 5334 ut
1552 5294 1781 5350 quorum
1821 5279 2009 5349 religio

423 5385 672 5446 separata
718 5377 810 5442 sit,
857 5386 1135 5448 Separetur
1180 5385 1234 5432 et
1265 5376 1395 5430 vita.
1427 5373 1656 5446 (MAUIL)
1694 5373 1808 5429 lmo
1833 5373 2006 5443 magis

423 5476 732 5538 satagamus
776 5475 839 5522 ut
877 5469 1182 5536 quicunque
1233 5473 1498 5530 nostrum,
1533 5464 1584 5519 id
1633 5474 1716 5520 est
1746 5464 2004 5527 ﬁdelium,

423 5558 576 5628 gravi
605 5557 800 5614 delicto
826 5557 894 5612 ab
918 5557 1173 5613 Ecclesia:
1207 5554 1482 5612 domicilio
1510 5555 1872 5619 recesserint,
1909 5569 2007 5626 per

425 5649 750 5716 plenitentia:
772 5648 1065 5704 lamentum
1088 5648 1281 5702 iterum
1311 5646 1377 5701 ad
1407 5646 1576 5716 ipsam
1621 5646 1860 5702 redeant.

497 5736 690 5791 Euntcs
715 5738 1015 5806 prmlicate.
1049 5739 1274 5793 dicentes
1303 5751 1318 5789 .'
1347 5737 1490 5804 Quia
1519 5739 1900 5808 appropinquat
1929 5755 1980 5793 rc

2036 4516 2088 4576 D

2107 1913 2216 1966 ciat
2250 1913 2604 1966 mansionem.
2642 1912 2808 1968 Recte
2835 1913 2977 1966 enim
3005 1911 3118 1966 caeli
3160 1922 3438 1977 vocantur,
3473 1911 3531 1967 in
3574 1911 3713 1982 qui-

2105 2002 2205 2057 bus
2220 2001 2358 2058 Deus
2379 2003 2648 2072 prtesidet.

2178 2093 2426 2162 Inﬁrmus
2454 2105 2653 2159 curate,
2680 2105 2910 2148 mortuos
2952 2093 3200 2148 suscitato
3221 2135 3234 2158 ,
3278 2093 3504 2165 leprosos
3536 2112 3708 2149 mun-

2104 2188 2244 2252 data,
2274 2188 2535 2242 (laniones
2582 2187 2794 2258 ejicite:
2824 2188 2988 2258 gratis
3026 2189 3316 2254 accepistis,
3337 2190 3502 2258 gratis
3544 2191 3702 2244 date.

2104 2277 2182 2333 Ne
2209 2279 2516 2332 hominibus
2539 2279 2847 2342 rusticanis,
2873 2288 2929 2332 et
2943 2277 3145 2346 absque
3161 2277 3365 2347 eloquii
3387 2287 3705 2344 venustate.

2105 2371 2334 2426 indoctis
2362 2381 2416 2425 et
2449 2371 2740 2426 illitteratis
2764 2385 2922 2425 nemo
2942 2369 3208 2434 crederet,
3240 2385 3404 2438 regna
3429 2371 3708 2427 actorum

2101 2463 2480 2533 pollicentibus
2511 2462 2659 2516 dedit
2702 2469 3021 2530 potestatem
3074 2460 3316 2515 inﬁmos
3360 2475 3584 2524 curare,
3616 2459 3705 2516 le-

2102 2569 2294 2624 prosos
2323 2555 2583 2608 mundare
2609 2594 2622 2617 ,
2645 2553 2916 2608 daemones
2942 2553 3140 2623 ejicere
3163 2595 3176 2618 ,
3209 2561 3263 2608 et
3289 2561 3481 2609 cateia
3518 2555 3709 2609 virtu-

2105 2656 2216 2701 tum
2247 2664 2410 2718 opera
2463 2648 2683 2713 facere,
2733 2657 2791 2702 ut
2829 2649 3250 2720 magnitudinem
3299 2649 3704 2718 promissorum

2103 2741 2357 2809 probaret
2379 2728 2693 2814 magnitudo
2719 2741 3013 2814 signorum,
3048 2739 3313 2808 ﬁdemque
3332 2740 3510 2795 verbis
3533 2739 3712 2795 dare:

2106 2831 2276 2886 virtus
2310 2813 2550 2896 ostensa,
2583 2841 2638 2886 et
2667 2845 2804 2886 nova
2847 2813 3091 2886 iacerent
3125 2831 3217 2898 qui
3257 2844 3394 2884 nova
3429 2830 3708 2900 pradica-

2105 2930 2244 2976 rent.
2278 2921 2432 2977 Unde
2461 2937 2606 2976 nunc
2650 2936 2866 2991 quoque
2891 2934 3014 2976 cum
3066 2919 3300 2975 ﬁdelium
3331 2923 3708 2976 numerositas

2105 3013 2346 3068 excrevit
2374 3054 2388 3078 ,
2442 3013 2583 3066 intra
2631 3021 2874 3066 sanctam
2926 3010 3224 3066 Ecclesium
3256 3006 3411 3064 inulti
3449 3020 3573 3066 sunt
3600 3013 3708 3081 qui

2105 3103 2268 3157 vitam
2296 3102 2552 3157 virtutum
2582 3110 2766 3158 tenent
2787 3110 2842 3156 et
2863 3101 3014 3172 signa
3040 3101 3299 3155 virtutum
3328 3116 3436 3155 non
3458 3099 3703 3163 habent;

2105 3195 2229 3264 quia
2271 3193 2471 3249 frustra
2521 3193 2842 3249 miraculum
2885 3192 3032 3247 foras
3083 3191 3424 3256 ostenditur,
3454 3192 3498 3246 si
3533 3191 3708 3247 deest

2105 3287 2246 3356 quod
2292 3286 2437 3342 intus
2486 3294 2759 3356 operetur.
2797 3283 3026 3356 (Μριυιι.)
3075 3283 3209 3339 Nam
3247 3283 3399 3355 juxta
3447 3285 3706 3354 magistri

2104 3377 2344 3446 gentium
2390 3393 2600 3442 vocem,
2637 3377 2830 3448 linguis
2871 3377 2927 3430 in
2967 3378 3172 3447 signum
3216 3386 3335 3431 sunt
3363 3375 3704 3439 inﬁdelibus,

2105 3481 2210 3520 non
2244 3466 2518 3531 ﬁdelibus;
2553 3476 2791 3522 attamen
2837 3475 3022 3520 sancta
3053 3465 3290 3520 Ecclesia
3328 3465 3566 3535 quotidie
3589 3468 3708 3537 spi-

2106 3557 2339 3613 ritaliter
2385 3557 2513 3612 facit
2541 3558 2684 3629 quod
2735 3565 2862 3612 tunc
2899 3573 2996 3628 per
3034 3556 3304 3626 apostolos
3340 3557 3706 3627 corporaliter

2106 3650 2356 3706 faciebat.
2387 3651 2522 3706 Nam
2579 3651 2822 3705 inlirmos
2862 3659 3035 3715 curat,
3087 3665 3209 3704 eum
3247 3664 3344 3719 per
3383 3650 3710 3707 sacerdotes

2110 3757 2236 3798 suos
2269 3741 2389 3797 oleo
2424 3750 2637 3797 sacrato
2680 3740 3018 3795 inﬁrmantes
3057 3737 3345 3819 perungit,
3395 3739 3448 3794 in
3478 3741 3710 3796 nomine

2111 3833 2343 3897 Domini,
2391 3832 2550 3886 simul
2597 3839 2652 3887 et
2688 3831 2986 3886 orationem
3019 3845 3118 3900 pro
3141 3830 3220 3885 eis
3267 3830 3332 3884 ad
3370 3829 3536 3885 Deum
3568 3830 3706 3885 Inn-

2111 3923 2244 3977 dens
2273 3932 2331 3976 ut
2361 3922 2623 3990 recipiant
2651 3923 2968 3976 sanitatem:
2992 3937 3093 3978 nec
3117 3937 3221 3978 non
3245 3921 3298 3976 in
3325 3929 3518 3976 cattera
3536 3919 3708 3977 turba

2114 4014 2348 4074 ﬁdelium
2398 4015 2539 4070 idem
2577 4013 2758 4070 facere
2805 4015 2942 4070 solet
2971 4055 2984 4079 ,
3023 4030 3146 4070 cum
3177 4013 3450 4085 quoslibet
3494 4029 3525 4068 α
3551 4022 3710 4068 statu

2111 4106 2238 4161 boni
2268 4105 2447 4174 operis
2490 4103 2752 4160 inﬁrmari
2785 4106 3071 4175 conspicit,
3100 4106 3188 4176 pia
3217 4105 3597 4162 exhortatione
3619 4115 3705 4159 at-

2111 4209 2216 4264 que
2241 4194 2488 4264 exemplo
2515 4209 2609 4250 eos
2641 4195 2707 4248 ad
2732 4203 2930 4249 statum
2961 4195 3250 4264 pristinum
3275 4210 3530 4264 reparare
3554 4203 3708 4250 sata-

2112 4287 2208 4356 git.
2255 4285 2495 4342 Mortuos
2523 4302 2736 4356 quoque
2765 4287 3010 4351 suscitat,
3049 4302 3174 4343 cum
3223 4285 3308 4342 vel
3357 4285 3605 4342 inﬁdeles
3631 4287 3710 4341 ad

2111 4377 2272 4433 fidem
2311 4388 2605 4444 convocat,
2645 4379 2728 4434 vel
2780 4379 3019 4448 peccatis
3051 4388 3294 4439 mortuos
3333 4379 3400 4433 ad
3426 4378 3708 4450 paeniten-

2114 4470 2244 4524 tiam
2290 4479 2344 4523 et
2389 4470 2456 4524 ad
2506 4471 2824 4525 exercitium
2867 4471 3126 4524 virtutum
3168 4470 3390 4525 excitat.
3428 4467 3708 4540 Leprcsos

2114 4559 2372 4624 mundat,
2426 4576 2548 4616 cum
2579 4560 2744 4615 variis
2792 4575 3040 4615 errorum
3088 4559 3313 4614 maculis
3344 4573 3597 4629 aspersus
3632 4561 3705 4613 ad

2112 4650 2375 4705 unitatem
2428 4650 2548 4704 ﬁdei
2593 4659 2647 4706 et
2688 4650 2756 4704 ad
2806 4650 3097 4720 puritatem
3139 4650 3387 4704 veritatis
3429 4650 3704 4706 deducere

2111 4756 2218 4796 non
2249 4751 2444 4796 cessat.
2480 4739 2761 4796 Dmmoues
2785 4740 2952 4810 ejicit,
2980 4755 3100 4794 cum
3133 4755 3230 4810 per
3260 4739 3548 4796 exoreismi
3574 4755 3702 4810 gra-

2111 4834 2240 4888 tiam
2272 4833 2340 4888 ab
2365 4833 2601 4888 obsessis
2624 4832 2933 4886 hominibus
2962 4847 3057 4886 eos
3091 4831 3340 4902 expellit,
3366 4845 3466 4885 nec
3498 4833 3551 4885 in
3584 4829 3704 4884 illo~

2110 4940 2228 4979 rum
2261 4924 2532 4980 mentibus
2561 4923 2824 4993 malignos
2853 4924 3074 4993 spiritus
3096 4907 3374 4978 dominari
3408 4923 3698 4992 permittit.

2112 5013 2384 5084 (Hicron.)
2413 5013 2518 5067 Sed
2545 5013 2670 5082 quia
2693 5028 2907 5082 semper
2933 5013 3071 5068 dona
3103 5013 3388 5082 spiritalia,
3412 5013 3456 5067 si
3489 5027 3708 5068 merces

2110 5103 2286 5158 media
2319 5104 2409 5167 sit,
2438 5102 2626 5157 viliora
2660 5101 2815 5167 ﬁunt,
2843 5103 3152 5174 adjuugitur
3173 5103 3416 5157 avaritia
3442 5103 3707 5159 condem-

2109 5193 2277 5246 natio.
2311 5188 2520 5257 Gratis,
2572 5193 2779 5262 inquit,
2829 5194 3121 5264 accepistis,
3167 5195 3329 5264 gratis
3371 5193 3511 5247 date.
3540 5193 3628 5249 At:
3654 5195 3704 5249 si

2109 5292 2295 5352 aperte
2316 5282 2497 5337 dicat:
2531 5283 2643 5353 Ego
2669 5283 2926 5356 magister
2964 5292 3017 5337 et
3055 5283 3317 5338 Dominus
3343 5283 3552 5354 abemus
3581 5298 3702 5354 pu-

2114 5375 2187 5428 tio
2211 5374 2314 5429 hoc
2340 5375 2502 5429 tribui
2527 5376 2698 5441 vobis,
2726 5383 2780 5431 et
2806 5391 2902 5430 vos
2921 5375 3046 5430 sine
3067 5375 3244 5447 pretio
3266 5375 3413 5438 date.
3428 5389 3500 5431 ue
3523 5375 3699 5430 Evan—

2113 5464 2234 5537 gelii
2265 5465 2435 5534 gratia
2467 5474 2868 5535 corrumpatur.

2183 5552 2317 5626 [ΙΙΙ.]
2360 5554 2539 5610 Nolite
2566 5554 2830 5626 possidere
2859 5572 3070 5619 aurum,
3100 5571 3262 5628 neque
3288 5565 3590 5625 argentum,
3616 5571 3708 5608 se-

2109 5663 2206 5716 que
2234 5646 2507 5716 pecuniam
2536 5647 2590 5699 in
2617 5647 2760 5701 zonis
2788 5646 3111 5712 vestris,non
3133 5661 3312 5715 peram
3337 5646 3393 5698 in
3419 5645 3710 5711 signem

2111 5738 2242 5790 duas
2258 5738 2482 5800 tunicas,
2501 5752 2660 5804 neque
2687 5735 3058 5800 calceamenta,
3078 5753 3238 5804 neque
3256 5738 3473 5804 virgam.
3497 5735 3710 5803 Dignus
