3978 6190
163 340 264 398 893

1117 331 1469 388 counssr.
1510 331 1578 386 IN
1616 303 2052 389 animauit.
2094 364 2162 373 —
2202 332 2330 389 Lm.
2368 332 2453 389 ιιι.

3325 341 3429 397 894

163 465 235 510 est
263 453 402 507 enim
432 449 702 518 aperarius
747 447 860 501 cibo
889 462 1006 501 suo.
1032 445 1441 516 Consequeuter
1466 447 1580 502 luec
1609 461 1748 517 pra}.
1773 450 1821 507 Α
1853 456 1985 500 ιιιιιι.
2028 447 2178 514 Quod
2237 448 2310 501 ita
2353 447 2582 503 solvitur
2609 486 2625 514 ,
2663 456 2726 502 ut
2771 447 3139 519 intelligamus
3180 450 3281 506 sub
3326 453 3432 508 alia

163 545 295 616 cipit
315 538 838 611 evangelizatorihus
857 537 1122 600 veritatis.
1148 537 1345 608 quibus
1370 546 1494 592 ante
1514 537 1752 592 dixerat:

164 637 204 692 (ἶ
212 638 342 690 ratis
371 631 660 702 accepistis,
683 630 844 700 gratis
867 631 1007 684 date.
1040 629 1100 686 Si
1129 631 1274 688 enim
1302 630 1418 685 hzec
1440 629 1754 701 przedicent,

164 734 223 782 ut
250 725 485 798 pretium
516 737 620 777 non
648 721 938 792 accipiant,
970 721 1237 794 superﬂua
1273 731 1356 778 est
1386 723 1526 787 auri,
1547 723 1756 793 argenti

167 827 619 881 nummorumque
657 811 950 881 possessio.
976 810 1113 866 Nam
1145 813 1188 866 si
1217 811 1536 866 habuissent
1563 827 1753 866 aurum

167 913 222 960 et
248 911 553 975 argentum,
573 901 891 967 yidcrentur
915 917 1018 955 non
1051 917 1212 956 causa
1235 903 1512 957 hominum
1543 902 1755 967 salutis,

170 995 261 1053 sed
284 993 420 1049 lucri
440 1007 602 1048 causa
633 993 948 1062 prtedicare.
980 991 1163 1064 Neque
1198 1009 1268 1048 res
1291 995 1346 1047 in
1371 993 1598 1048 sacculis
1623 1008 1641 1047 :
1664 996 1754 1065 qui

171 1089 386 1148 divitias
417 1086 837 1142 detruncaverat
879 1085 1268 1156 prepemodum
1293 1126 1309 1151 ,
1353 1095 1409 1141 et
1449 1087 1757 1141 necessaria

170 1180 292 1234 vita:
319 1184 606 1248 amputat,
639 1184 699 1230 ut
729 1175 955 1246 apostoli
984 1215 998 1240 ,
1049 1175 1140 1246 qui
1189 1176 1540 1232 instituebant
1573 1177 1756 1231 omnia

171 1269 510 1341 providentia
540 1266 857 1338 gubernari,
888 1266 1095 1337 seipsos
1124 1267 1474 1323 ostenderent
1499 1267 1632 1322 nihil
1663 1283 1754 1322 oo-

175 1366 344 1438 gitare
371 1365 438 1419 de
463 1363 723 1418 crastino.
758 1359 882 1414 Non
913 1377 1091 1431 peram
1136 1361 1191 1414 in
1232 1362 1357 1415 via:
1390 1376 1453 1416 ex
1485 1360 1587 1416 hoc
1620 1376 1758 1430 pra:-

175 1463 327 1525 cepto
381 1453 560 1522 arguit
615 1450 965 1522 philosophos
997 1490 1012 1515 ,
1072 1451 1164 1521 qui
1213 1449 1370 1521 vulgo
1421 1449 1760 1520 appellantur

173 1543 573 1620 Bactroperitre,
613 1541 755 1610 quod
783 1547 1184 1610 contemptores
1227 1539 1406 1594 saeculi
1433 1582 1448 1605 ,
1495 1549 1549 1596 ct
1577 1541 1756 1596 omnia

172 1651 270 1709 pro
301 1635 471 1690 nihilo
505 1634 768 1690 ducentes
797 1632 1071 1703 cellarium
1108 1648 1290 1688 secum
1323 1633 1542 1688 vehant.
1577 1632 1759 1704 Neque

174 1728 303 1781 duas
332 1727 539 1780 tunicas
566 1737 585 1776 :
611 1722 668 1778 in
701 1723 906 1778 duabus
930 1723 1127 1778 tunicis
1156 1722 1368 1776 videtur
1390 1723 1522 1778 mihi
1551 1723 1744 1797 duplex

1857 537 2253 608 signiﬁcatione
2275 537 2476 592 dictam
2495 539 2721 608 virgam,
2745 554 2865 610 quae
2885 539 3177 595 secundant
3196 539 3434 596 Marcum

1855 628 2080 682 ferenda
2123 637 2230 693 est,
2253 636 2307 682 et
2335 630 2434 683 sub
2464 628 2566 682 alia
2617 629 2763 684 illam
2812 645 2932 700 quae
2975 631 3272 687 secundum
3305 629 3440 688 Mat-

1855 721 2052 774 tlizeum
2091 727 2149 775 et
2184 717 2386 774 Lucam
2425 734 2531 774 non
2576 729 2660 775 est
2691 719 2917 776 ferenda
2945 763 2960 787 ,
3003 721 3147 779 sicut
3200 724 3298 778 sub
3330 723 3434 778 alia

1853 809 2248 880 signiﬁcatione
2270 809 2588 880 intelligitur
2605 811 2855 875 tentatio,
2873 810 2940 866 de
2964 828 3069 881 qua
3088 813 3295 868 dictum
3317 824 3401 869 est
3421 830 3436 868 :

1854 899 1994 954 Deus
2021 901 2276 956 neminem
2323 910 2486 956 tentat
2513 902 2716 972 (Iacob.
2744 902 2808 973 ι),
2860 913 2914 958 et
2956 908 3054 961 sub
3101 907 3201 962 alia
3235 908 3439 964 dictum

1854 1001 1974 1047 est:
2010 991 2192 1046 Tentat
2231 1009 2316 1046 vos
2349 991 2601 1047 Dominus
2632 990 2773 1048 Deus
2808 1003 3004 1061 vester,
3032 1005 3088 1050 ut
3117 997 3248 1050 sciat
3274 998 3322 1050 si
3353 997 3438 1050 di-

1855 1084 2030 1154 ligatis
2075 1101 2213 1138 eum.
2247 1083 2341 1139 illa
2389 1085 2721 1140 seductionis
2760 1095 2879 1150 est,
2926 1087 3043 1142 haec
3081 1088 3434 1158 probationis.

1858 1172 2156 1242 Utrumque
2186 1190 2317 1245 ergo
2344 1175 2712 1244 accipiendum
2755 1185 2837 1231 est
2867 1193 2897 1230 a
2929 1178 3158 1234 Domino
3186 1180 3441 1249 apostolis

1857 1262 2081 1328 dictum,
2107 1271 2164 1319 et
2197 1273 2257 1320 ut
2285 1281 2384 1320 nec
2407 1266 2614 1336 virgam
2642 1265 2881 1334 ferrent,
2908 1279 2964 1324 et
2988 1278 3045 1324 ιιι
3072 1286 3177 1326 non
3203 1271 3304 1326 nisi
3332 1273 3444 1327 vir-

1857 1370 1981 1424 gam
2011 1355 2234 1412 ferrent.
2277 1357 2409 1413 Cum
2452 1359 2594 1414 enim
2633 1361 2926 1415 secundum
2957 1361 3265 1418 Matthmum
3297 1365 3444 1419 dice-

1857 1455 1939 1500 ret
1963 1448 2084 1502 eis:
2119 1445 2296 1503 Nolite
2329 1450 2591 1520 possidere
2634 1467 2824 1505 aurum
2873 1470 3036 1524 neque
3067 1465 3359 1526 argentum,
3387 1463 3444 1511 et

1857 1548 2073 1603 caetera,
2105 1539 2360 1595 continuo
2385 1541 2610 1610 subjecit
2637 1562 2649 1595 :
2675 1540 2876 1615 Dignus
2903 1554 2977 1600 est
3001 1546 3138 1599 enim
3169 1549 3442 1616 operarius

1859 1629 1970 1683 cibo
2001 1645 2117 1683 suo.

1933 1716 2086 1774 Unde
2117 1719 2251 1774 satis
2278 1721 2513 1776 ostendit
2535 1738 2634 1776 cur
2657 1739 2748 1778 eos
2779 1724 2892 1779 htec
2918 1726 3194 1795 possidere
3217 1743 3280 1782 ac
3302 1726 3444 1784 ferre

173 1818 458 1873 oslendere
501 1813 914 1878 vestimentum;
945 1828 1051 1867 non
1091 1811 1234 1882 quod
1274 1812 1328 1865 in
1357 1811 1490 1867 locis
1519 1795 1754 1884 Scythia:
1781 1795 1830 1854 Β
1858 1807 2126 1862 noluerit:
2166 1824 2272 1863 non
2298 1825 2406 1879 quo
2437 1813 2741 1866 necessaria
2778 1829 2882 1866 non
2928 1815 3036 1869 sint
3067 1816 3446 1871 sustentationi

174 1907 380 1981 glaciali
413 1907 534 1960 nive
569 1904 868 1976 rigentibus
901 1918 1005 1958 una
1058 1903 1180 1972 quis
1211 1903 1388 1956 tunica
1417 1903 1610 1956 debeat
1637 1915 1758 1957 esse

174 2005 490 2061 contentus;
518 1995 614 2050 sed
645 2009 753 2065 quo
781 1994 835 2048 in
868 1994 1048 2048 tunica
1091 1993 1467 2047 vestimentum
1497 1992 1760 2064 intelliga-

175 2103 310 2154 mus,
345 2103 417 2142 ne
455 2087 559 2141 alio
603 2085 785 2141 vestiti
828 2085 972 2140 aliud
1017 2085 1172 2139 nobis
1219 2084 1519 2139 futurorum
1568 2086 1762 2141 timore

175 2196 470 2237 servemus.
494 2178 674 2250 Neque
696 2179 1046 2233 caiccamenta
1071 2195 1088 2232 :
1113 2188 1165 2232 et
1184 2177 1336 2231 Plato
1359 2179 1602 2248 prwcipit
1627 2179 1761 2233 duas

176 2273 422 2344 corporis
452 2272 793 2326 summitates
827 2285 933 2324 non
961 2283 1082 2324 esse
1126 2269 1385 2324 velandas
1407 2309 1422 2334 ,
1454 2285 1552 2324 nec
1577 2285 1761 2325 assue-

180 2372 279 2416 tam
314 2361 435 2416 ﬁeri
479 2361 676 2416 debere
726 2358 1007 2414 mollitiem
1057 2359 1254 2430 capitis
1283 2367 1338 2414 et
1370 2359 1600 2428 pedum;
1637 2375 1760 2414 cum

176 2453 286 2508 haec
311 2451 605 2506 habuerint
639 2449 950 2505 ﬁrmitatem
977 2491 992 2514 ,
1031 2457 1228 2504 czetera
1267 2448 1572 2502 robustiora
1616 2457 1759 2503 sunt.

178 2539 354 2613 Neque
406 2541 602 2611 virgam
630 2556 648 2594 :
678 2541 768 2610 qui
805 2537 900 2594 Dei
932 2539 1194 2593 habemus
1241 2537 1499 2592 auxilium
1524 2578 1540 2601 ,
1585 2538 1762 2595 baculi

175 2633 486 2704 prasidium
510 2647 608 2686 cur
635 2630 975 2701 quaeremus?
1003 2629 1068 2685 Et
1089 2629 1216 2700 quia
1243 2616 1640 2699 quodammodo
1663 2647 1764 2686 nu-

178 2727 268 2781 dos
295 2735 349 2781 et
376 2723 663 2794 expeditos
689 2723 754 2777 ad
782 2723 1180 2792 praedicandum
1209 2723 1484 2792 apostolos
1513 2722 1760 2786 miserat,

179 2827 228 2871 et
253 2817 392 2871 dura
418 2814 704 2868 videbatur
729 2827 849 2868 esse
885 2812 1122 2868 conditio
1166 2813 1550 2884 magistrorum
1569 2853 1584 2876 ,
1614 2826 1764 2866 seve-

180 2901 388 2961 ritatem
431 2906 687 2976 praecepti
719 2905 964 2976 sequenti
1002 2905 1270 2960 sententia
1317 2903 1659 2974 temperavit,
1686 2903 1765 2958 di-

183 3013 303 3054 cens
333 3015 346 3051 :
384 2996 585 3068 Dignus
611 3008 685 3052 est
714 2998 985 3069 aperarius
1011 2997 1123 3050 cibo
1150 3013 1266 3051 suo.
1290 2993 1545 3061 Tantum,
1568 2995 1762 3066 inquit,

183 3087 426 3157 accipite,
452 3096 712 3156 quantum
749 3088 802 3141 in
826 3087 971 3142 victu
1001 3095 1056 3141 et
1082 3088 1280 3142 vestitu
1324 3086 1478 3142 vobis
1513 3099 1764 3141 necessa-

183 3180 316 3233 rium
337 3188 440 3235 est.
470 3177 624 3234 Unde
652 3187 707 3234 et
723 3178 1012 3249 Apostolus
1029 3179 1250 3250 replicat
1278 3181 1345 3236 de
1377 3196 1434 3237 se
1458 3199 1470 3234 :
1498 3179 1762 3236 Habentes

185 3269 363 3321 victum
390 3279 437 3323 et
463 3269 722 3334 vestitum,
740 3269 821 3324 his
843 3271 1073 3324 contenti
1091 3287 1290 3324 sumus.
1311 3272 1377 3326 Et
1404 3273 1456 3326 in
1484 3271 1588 3326 alio
1613 3270 1761 3327 loco:

187 3357 537 3416 Sommunicet
570 3371 742 3417 autem
792 3367 837 3416 is
886 3364 978 3434 qui
1012 3363 1368 3418 catechizatur
1405 3365 1554 3418 verba
1595 3365 1643 3418 ei
1677 3365 1765 3435 qui

187 3455 468 3508 catechizat
497 3471 551 3508 se
579 3455 633 3509 in
665 3455 904 3511 omnibus
935 3455 1101 3510 bonis.
1137 3455 1210 3521 Ut
1243 3471 1473 3526 quorum
1516 3456 1764 3526 discipuli

187 3559 387 3606 metant
427 3551 727 3620 spiritalia,
760 3560 1038 3607 consortes
1091 3567 1185 3606 eos
1228 3550 1430 3607 faciant
1465 3551 1764 3607 carnalium

188 3655 422 3707 suorum,
453 3657 559 3695 non
591 3641 646 3695 in
678 3641 930 3707 avaritia,
958 3641 1052 3698 sed
1082 3641 1136 3695 in
1169 3643 1516 3698 necessitate.

254 3731 713 3787 Considerandum
765 3730 921 3787 nobis
949 3740 1048 3794 est,
1082 3732 1225 3801 quod
1261 3733 1355 3787 uni
1387 3741 1574 3788 nostro
1615 3732 1766 3804 operi

191 3823 302 3880 duae
331 3823 611 3879 mercedes
634 3822 920 3889 debentur,
946 3838 1049 3877 una
1081 3823 1132 3876 in
1158 3822 1268 3888 via,
1292 3822 1460 3878 altera
1483 3823 1534 3876 in
1559 3823 1765 3893 patria;

193 3931 289 3968 una
319 3931 437 3988 quae
475 3929 575 3971 nos
608 3913 662 3970 in
717 3913 902 3970 labore
946 3920 1256 3977 sustentat,
1284 3912 1390 3967 alia
1435 3928 1554 3983 qua:
1583 3928 1684 3968 nos
1713 3914 1767 3969 in

194 4011 588 4067 resurrectione
621 4016 950 4071 remunerat,
980 4008 1032 4061 in
1058 4006 1264 4062 visione
1297 4006 1465 4076 ipsius
1511 4004 1770 4060 Veritatis

196 4101 483 4158 lzetiﬁcans.
514 4100 786 4174 (Hieron)
827 4097 953 4154 Hmc
985 4099 1242 4154 historice
1270 4097 1583 4164 dixerimus,
1610 4105 1769 4151 caete-

196 4207 303 4245 rum
343 4192 642 4248 secundum
665 4206 943 4262 anagogen
971 4205 1078 4244 non
1117 4188 1242 4243 licet
1267 4188 1542 4258 magistris
1589 4197 1644 4242 et
1681 4203 1771 4242 au-

198 4295 336 4347 rum,
363 4292 417 4338 et
455 4292 774 4354 argentum,
804 4291 860 4336 et
899 4280 1215 4350 pecuniam,
1240 4296 1360 4350 qua:
1400 4279 1454 4333 in
1484 4279 1638 4334 zonis
1663 4287 1766 4344 est,

198 4372 477 4438 possidere.
511 4373 718 4427 Aurum
748 4387 889 4442 saepe
910 4372 1138 4442 legimus
1161 4383 1259 4441 pro
1281 4385 1462 4436 sensu,
1491 4379 1769 4440 argentum

1789 3139 1835 3202 C

1858 1898 2018 1969 hujus
2045 1899 2188 1964 vitae,
2217 1899 2312 1954 sed
2341 1900 2464 1969 quia
2497 1901 2575 1955 sic
2605 1917 2698 1956 eos
2719 1903 2968 1958 mittebat
2992 1945 3006 1970 ,
3033 1914 3089 1960 ut
3119 1907 3198 1961 eis
3219 1907 3334 1962 haec
3359 1908 3452 1963 de~

1858 1989 1973 2044 beri
2020 1999 2349 2044 monstraret
2376 1991 2442 2046 ab
2473 1991 2578 2047 illis
2605 1993 2802 2060 quibus
2832 1991 3178 2065 Evangelium
3223 1997 3444 2050 creden-

1861 2079 2004 2135 tibus
2027 2081 2434 2136 annuntiarent.
2465 2081 2645 2137 Claret
2671 2094 2850 2138 autem
2876 2099 2980 2138 non
3015 2085 3085 2138 ita
3116 2087 3443 2156 pnecepisse

1860 2172 2049 2234 Deum,
2085 2181 2338 2242 tanquam
2375 2173 2716 2244 evangelista:
2743 2175 2923 2230 vivere
2953 2175 3167 2231 aliunde
3212 2193 3317 2231 non
3348 2179 3443 2234 de-

1860 2261 2023 2316 beant
2043 2277 2203 2332 quant
2231 2265 2310 2317 eis
2327 2263 2688 2333 przebentihus
2706 2262 2899 2332 quibus
2922 2263 3244 2318 annuntiant
3267 2264 3444 2318 Evan—

1862 2353 2078 2425 gelium.
2113 2353 2367 2423 Alioquin
2417 2361 2603 2408 contra
2648 2355 2749 2408 hoc
2781 2364 3108 2424 prmceptum
3148 2353 3276 2411 fecit
3311 2354 3446 2427 Apo~

1862 2444 2031 2499 stolus
2058 2443 2108 2515 (1
2145 2441 2389 2514 Contr),
2438 2445 2530 2514 qui
2560 2445 2759 2500 victum
2811 2443 2876 2500 de
2920 2458 3174 2500 manuum
3224 2461 3444 2501 suarum

1864 2537 2136 2592 laboribus
2164 2536 2517 2606 transigebat,
2549 2553 2614 2592 ne
2644 2536 2896 2608 cuiquam
2921 2538 3099 2608 gravis
3132 2547 3305 2604 esset;
3352 2541 3446 2595 sed

1862 2634 2184 2698 potestatem
2211 2625 2446 2691 dedisse,
2494 2625 2547 2680 in
2574 2641 2681 2696 qua
2735 2626 2938 2681 scirent
2967 2627 3069 2682 sibi
3103 2627 3202 2682 ista
3233 2629 3442 2683 deberi.

1863 2717 1997 2773 Cum
2022 2725 2204 2772 autem
2251 2733 2280 2770 a
2311 2715 2540 2771 Domino
2571 2717 2772 2787 aliquid
2818 2717 3117 2787 imperatur
3141 2760 3156 2785 ,
3186 2719 3288 2774 nisi
3330 2720 3444 2786 ﬁat,

1864 2809 2240 2866 inobedientize
2277 2810 2430 2880 culpa
2468 2819 2583 2876 est;
2615 2827 2736 2866 cum
2780 2821 2960 2866 autem
2999 2822 3241 2884 potestas
3266 2815 3444 2880 datur,

1864 2903 1990 2959 licet
2015 2905 2209 2973 cuique
2238 2920 2342 2957 non
2371 2904 2470 2968 uti,
2502 2913 2557 2957 et
2593 2913 2845 2974 tanquam
2869 2904 3077 2973 dejure
3107 2921 3204 2960 suo
3229 2907 3444 2962 cedere.

1932 2993 2050 3050 Hoc
2077 3009 2204 3065 ergo
2230 2995 2486 3049 ordinans
2514 2993 2796 3060 Dominus,
2831 2996 2974 3065 quod
3017 3012 3138 3051 eum
3169 2996 3450 3053 ordinasse

1866 3085 1998 3141 dicit
2024 3085 2332 3174 Apostolus,
2372 3085 2457 3140 his
2492 3087 2580 3156 qui
2627 3078 2971 3158 Evangeliu'm
3008 3088 3350 3154 annuntiant,
3383 3087 3451 3144 de

1865 3177 2156 3247 Evangelio
2186 3178 2402 3240 vivere;
2429 3175 2515 3232 illa
2545 3175 2836 3249 Apostolus
2871 3178 3193 3249 loquebatur
3215 3219 3232 3243 ,
3272 3187 3332 3234 ut
3365 3194 3450 3235 se-

1864 3270 1981 3324 euri
2030 3283 2135 3326 non
2180 3271 2561 3339 possiderent,
2614 3285 2790 3339 neque
2841 3279 3122 3340 portarent
3167 3269 3292 3326 huic
3326 3270 3452 3326 vita:

1865 3362 2192 3424 necessaria,
2223 3369 2324 3417 nec
2352 3375 2564 3432 magna,
2591 3377 2692 3416 nec
2723 3361 2943 3416 minima
2971 3381 2983 3417 :
3017 3364 3136 3418 ideo
3162 3365 3340 3433 posuit
3359 3379 3454 3420 nec

1865 3451 2082 3522 virgam,
2115 3451 2405 3506 ostendens
2431 3467 2460 3506 a
2501 3451 2748 3508 ﬁzlelibus
2786 3453 2897 3508 suis
2931 3454 3112 3508 omnia
3139 3451 3323 3510 deberi
3347 3456 3450 3510 mi-

1863 3541 2051 3598 nistris
2076 3542 2190 3598 suis
2213 3584 2227 3608 ,
2279 3544 2421 3599 nulla
2470 3543 2740 3615 superﬂua
2779 3546 3180 3615 requirentibus
3213 3565 3226 3600 ε
3258 3561 3324 3601 ac
3355 3563 3452 3617 per

1867 3633 1970 3690 hoc
2000 3637 2244 3692 addendo
2272 3654 2284 3689 :
2318 3637 2520 3708 Dignus
2551 3648 2626 3691 est
2658 3639 2929 3706 operarius
2949 3639 3063 3692 cibo
3088 3655 3206 3703 suo,
3226 3654 3452 3708 prorsus

1867 3724 2077 3792 aperuit
2105 3733 2159 3779 et
2181 3725 2469 3780 illustravit
2497 3726 2637 3779 unde
2665 3727 2779 3780 haec
2803 3726 2984 3779 omnia
3015 3725 3348 3795 loqueretur.

1939 3814 2090 3869 lianc
2116 3829 2243 3884 ergo
2285 3823 2609 3883 potestatem
2643 3815 2807 3884 virga:
2833 3815 3052 3870 nomine
3102 3815 3449 3887 signiﬁcavit,

1867 3918 1992 3959 cum
2021 3901 2187 3956 dixit:
2221 3899 2304 3954 Ne
2329 3900 2453 3970 quid
2483 3899 2720 3955 tollerent
2749 3902 2802 3956 in
2832 3903 2915 3956 via
2941 3942 2957 3967 ,
2981 3903 3083 3958 nisi
3111 3904 3310 3975 virgam
3335 3915 3451 3960 tan-

1868 4005 2011 4058 tum,
2041 4001 2100 4048 ut
2126 3992 2457 4063 intelligatur
2500 3993 2626 4063 quia
2669 4009 2770 4064 per
2797 4003 3120 4064 potestatem
3166 4011 3196 4051 a
3228 3997 3453 4053 Domino

1869 4092 2165 4153 acceptam,
2197 4096 2318 4151 quae
2343 4081 2503 4154 virgae
2537 4083 2752 4139 nomine
2796 4083 3098 4156 signiﬁcata
3128 4095 3214 4141 est
3237 4126 3252 4150 ,
3289 4087 3452 4142 etiam

1870 4188 1990 4243 quae
2021 4187 2125 4226 non
2151 4178 2437 4241 portantur
2467 4187 2572 4226 non
2617 4171 2863 4227 deerunt.
2911 4171 3024 4228 Hoc
3064 4185 3119 4229 et
3147 4175 3214 4231 de
3244 4175 3454 4233 duabus

1873 4264 2066 4320 tunicis
2098 4262 2504 4335 intelligendum
2529 4273 2632 4327 est,
2669 4279 2736 4318 ne
2765 4263 3049 4335 quisquam
3073 4282 3284 4330 eorum,
3311 4283 3455 4337 prte—

1873 4365 1958 4412 ter
1999 4370 2117 4410 eam
2146 4369 2308 4423 quam
2351 4362 2496 4409 esset
2535 4353 2754 4408 indutus
2773 4394 2788 4420 ,
2817 4353 2978 4408 aliam
3007 4357 3328 4426 portandam
3357 4373 3458 4427 pu—

198 4475 287 4528 pro
308 4477 579 4529 sermone,
609 4478 684 4518 res
714 4477 812 4533 pro
847 4476 998 4517 voce.
1039 4461 1165 4516 llaec
1201 4461 1356 4516 nobis
1398 4477 1504 4515 non
1542 4461 1671 4516 licet
1701 4461 1763 4516 ab

1875 4453 2035 4510 taret,
2064 4443 2324 4499 sollicitus
2349 4456 2418 4497 ne
2451 4453 2585 4512 opus
2617 4451 2778 4504 esset,
2805 4459 2926 4498 cum
2965 4459 3032 4498 ex
3074 4442 3162 4498 illa
3189 4453 3462 4515 potestate

201 4549 309 4606 aliis
333 4555 600 4626 accipere,
633 4555 727 4610 sed
762 4555 885 4610 data
927 4569 958 4606 a
986 4552 1214 4608 Domino
1247 4551 1556 4621 possidere:
1588 4566 1763 4621 neque

200 4639 560 4700 hazmticorum
576 4652 632 4699 et
656 4643 1096 4716 philosophorum
1111 4657 1483 4712 perversaque
1508 4642 1766 4696 doctrinze

200 4734 461 4804 suscipere
506 4735 861 4805 disciplinas;
913 4749 1018 4788 non
1063 4733 1242 4789 επιξυιί
1289 4732 1526 4804 pondere
1569 4733 1762 4804 premi,

201 4835 362 4893 neque
387 4825 584 4897 duplici
610 4841 730 4881 esse
755 4825 955 4891 animo,
982 4840 1156 4894 neque
1179 4827 1343 4895 pedes
1379 4834 1591 4880 nostros
1621 4840 1766 4880 mor-
1793 4893 1798 4898 _

203 4911 362 4970 tiieris
386 4916 616 4972 vinculis
641 4915 846 4987 alligari
872 4956 886 4981 ,
937 4915 1036 4972 sed
1078 4924 1320 4970 sanctam
1353 4923 1556 4970 terram
1587 4915 1768 4987 ingre-

202 5004 405 5064 dientes
431 5024 555 5065 esse
584 5010 775 5066 nudos.
802 5009 988 5079 Neque
1015 5009 1218 5063 habere
1253 5009 1462 5081 virgam
1501 5024 1620 5079 qua:
1645 5024 1768 5064 ver-

205 5101 338 5150 tatur
386 5099 438 5154 in
475 5100 780 5165 colubrum,
813 5100 866 5154 id
905 5107 1021 5163 est,
1050 5113 1156 5152 non
1205 5097 1260 5152 in
1301 5098 1482 5168 aliquo
1520 5099 1769 5170 przesiilio

203 5191 369 5246 carnis
392 5193 578 5260 inniti;
607 5195 729 5264 quia
756 5192 1056 5248 istiusmodi
1094 5191 1244 5263 virga
1267 5189 1570 5246 et'baculus
1607 5207 1768 5246 arun-

205 5275 384 5338 dineus
421 5293 526 5352 est,
564 5300 727 5354 quem
757 5285 802 5340 si
831 5283 1106 5354 paululum
1150 5283 1438 5353 presseris,
1478 5281 1767 5354 frangitur,

205 5375 256 5420 et
283 5385 494 5430 manum
520 5375 818 5430 transforat
848 5374 1230 5430 incumbentis.

269 5465 444 5540 (Δις.)
485 5468 636 5528 Solet
671 5480 854 5526 autem
894 5469 1062 5541 quaeri
1092 5470 1362 5540 quomodo
1399 5467 1686 5526 Matthaeus
1714 5476 1772 5524 et

205 5546 366 5612 Lucas
383 5561 932 5618 commemoraverint
955 5560 1160 5616 ditasse
1189 5560 1475 5616 Dominum
1499 5561 1775 5636 discipuli;

207 5649 257 5695 ut
283 5661 349 5702 ne
375 5651 581 5726 virgam
605 5654 834 5718 ferrent,
859 5669 982 5709 cum
1021 5652 1167 5708 dicat
1212 5651 1424 5708 Marcus
1451 5661 1507 5707 et
1533 5653 1776 5724 praecipit

207 5731 381 5799 (Μαι-ε.
406 5746 485 5818 ιι)
519 5760 586 5801 nc
611 5745 739 5818 quid
785 5744 1032 5802 tollerent
1072 5745 1122 5800 in
1162 5745 1246 5800 via
1289 5743 1392 5800 nisi
1419 5743 1624 5818 virgam
1657 5755 1774 5803 tan—

1869 4543 2054 4607 posset
2098 4533 2360 4604 accipere.
2405 4533 2640 4588 Proinde
2688 4533 2900 4588 Marcus
2948 4533 3176 4590 dicendo
3221 4535 3454 4608 calceari

1875 4644 1968 4684 eos
2009 4626 2265 4683 sandaliis
2308 4626 2390 4682 vel
2424 4626 2620 4690 soleis,
2661 4627 2866 4698 aliquid
2897 4627 2998 4682 hoc
3031 4627 3456 4685 calceamentum

1877 4722 2116 4793 mysticae
2140 4719 2548 4791 signiﬁcationis
2580 4719 2852 4787 admonet,
2877 4727 2937 4774 ut
2963 4735 3056 4790 pes
3083 4736 3258 4792 neque
3283 4730 3460 4779 tectus

1877 4817 1983 4881 sit,
2033 4830 2131 4870 nec
2169 4813 2344 4868 nudus
2388 4815 2456 4868 ad
2498 4822 2733 4879 terram,
2775 4813 2828 4868 id
2867 4821 2978 4878 est,
3021 4829 3123 4869 nec
3155 4813 3460 4870 occultetur

1877 4905 2259 4976 Evangelium,
2309 4919 2410 4960 nec
2457 4904 2688 4960 terrenis
2734 4904 3032 4960 commodis
3063 4903 3342 4961 innitatur.
3389 4905 3458 4960 Et

1872 4999 2014 5072 quod
2038 5014 2142 5053 non
2170 4996 2373 5066 portari
2397 4993 2479 5050 vel
2501 4995 2686 5050 haberi
2710 4995 2842 5050 duas
2863 4995 3094 5062 tunicas,
3119 4996 3213 5051 sed
3235 5011 3455 5065 expres-

1871 5091 1986 5146 sius
2014 5089 2160 5144 indui
2179 5086 2467 5157 prohibet,
2494 5085 2716 5142 dicens:
2745 5086 2811 5142 Et
2847 5102 2914 5142 ne
2944 5086 3297 5141 induerentur
3318 5085 3455 5138 dua-

1873 5184 1974 5240 bus
2002 5183 2235 5244 tunicis;
2265 5180 2394 5251 quid
2421 5195 2516 5236 eos
2557 5182 2810 5237 admonet
2836 5221 2852 5246 ,
2883 5181 2984 5236 nisi
3018 5192 3122 5234 non
3147 5177 3452 5250 dupliciter,

1873 5273 1966 5330 sed
2007 5271 2325 5342 simpliciter
2349 5268 2624 5326 ambulare
2641 5270 2668 5324 ἲ

1947 5385 2117 5438 Tanta
2166 5397 2295 5454 ergo
2341 5382 2682 5453 prtedicatori
2745 5382 2797 5436 in
2854 5381 2963 5434 Deo
3022 5378 3183 5435 debet
3231 5393 3352 5435 esse
3389 5380 3454 5434 ﬁ-

1875 5477 2070 5542 ducia,
2135 5483 2195 5530 ut
2239 5474 2524 5544 praesentis
2569 5473 2696 5527 vitae
2768 5479 3013 5541 sumptus
3049 5470 3299 5541 quamvis
3346 5487 3454 5526 non

1875 5566 2209 5637 pnevideat,
2239 5577 2419 5620 tamen
2469 5563 2571 5620 sibi
2618 5563 2716 5618 hos
2752 5577 2861 5618 non
2915 5561 3101 5617 deesse
3152 5561 3455 5621 certissime

1875 5657 2045 5722 sciat;
2095 5671 2163 5712 ne
2195 5657 2320 5711 dum
2358 5671 2508 5710 mens
2539 5652 2653 5722 eius
2675 5660 2972 5723 occupatur
3000 5653 3066 5708 ad
3117 5653 3453 5723 temporalia,

1879 5749 2058 5804 minus
2089 5747 2206 5802 aliis
2226 5746 2518 5825 practiﬂcat
2542 5754 2762 5801 acterna.
2796 5743 2891 5800 Cui
2921 5744 3108 5812 etiam,
3146 5743 3289 5799 Luca
3319 5753 3454 5799 atte-
