4006 6194
450 349 558 409 895

1089 345 1152 401 Β.
1191 343 1446 401 MBAN]
1486 341 1705 402 MAURI
1742 342 2060 401 ARClllEP.
2105 339 2413 400 MOGUNT.
2455 338 2741 396 OPERUM
2778 336 2959 394 PARS
2995 338 3041 392 l.

3651 342 3763 401 8‘33

452 474 664 532 stante,
694 480 793 539 per
819 465 959 521 viam
995 464 1269 521 neminem
1314 463 1553 520 salutare
1600 464 1917 540 conceditur
1941 504 1955 529 ,
1996 470 2056 517 ut
2085 464 2130 524 Α
2161 477 2255 516 ore
2280 459 2648 531 prmdicatoris
2678 457 2922 537 oil‘crtur,
2954 467 3047 512 aut
3079 462 3370 529 requiescit
3414 464 3471 518 in
3497 466 3684 531 domo,
3714 469 3760 522 si

454 561 555 616 sub
593 567 795 629 quanta
847 557 1193 613 festinatione
1226 557 1338 612 iter
1378 557 1779 626 praedicationis
1826 570 2051 633 pergere

456 652 675 715 debeat,
708 649 1047 705 ostendatur.
1079 646 1204 702 llaec
1232 647 1276 701 si
1312 648 1435 717 quis
1465 646 1738 717 Evangelii
1770 647 1933 701 verba
1956 661 2056 715 per

449 741 771 812 allegoriam
798 738 1134 794 enucleatius
1161 737 1288 792 velit
1318 737 1563 809 intelligi,
1598 737 1649 790 in
1680 752 1815 791 auro
1834 752 2054 791 sensum

458 830 734 885 saecularis
760 829 1058 899 sapientize,
1086 829 1138 883 in
1160 820 1385 898 argento
1406 827 1692 883 rhetoricae
1720 829 1856 883 artis
1869 827 2057 899 facun-

460 923 601 976 diam
641 920 999 993 significatam
1041 921 1320 991 accipiat:
1371 920 1423 975 in
1468 921 1693 989 pecunia
1742 936 1870 975 vero
1906 936 2058 976 zonae

462 1014 668 1068 inclusa
695 1014 1016 1083 sapientiam
1049 1011 1395 1067 occultatam.
1427 1011 1527 1079 Qui
1573 1012 1737 1083 igitur
1776 1012 2058 1081 sapitntia:

463 1108 687 1160 verbum
720 1106 911 1168 habet,
964 1106 1056 1159 sed
1111 1105 1215 1159 hoc
1243 1088 1471 1175 erogare
1515 1105 1769 1174 proximo
1812 1104 2055 1176 negligit,

463 1196 620 1265 quasi
649 1195 933 1266 pecuniam
985 1197 1040 1250 in
1089 1211 1224 1250 zona
1267 1195 1491 1267 ligatam
1540 1206 1729 1262 tenet;
1760 1197 1903 1255 unde
1929 1199 2061 1253 scri-

462 1296 613 1358 ptum
650 1295 769 1341 est:
803 1286 1075 1357 Sapientia
1113 1286 1449 1352 abscondita,
1497 1297 1543 1342 et
1577 1287 1854 1344 thesaurus
1890 1289 2063 1343 occul-

464 1384 626 1443 tatus,
653 1394 773 1450 qute
797 1377 1001 1431 utilitas
1035 1378 1090 1431 in
1120 1378 1395 1447 utrisque?
1417 1376 1608 1448 (Eccli.
1638 1383 1757 1448 xx.)

538 1470 677 1539 Quid
708 1485 836 1526 vero
877 1486 981 1540 per
1003 1486 1199 1541 opera,
1227 1471 1329 1526 nisi
1360 1485 1526 1525 onera
1564 1470 1786 1526 saeculi?
1829 1470 1897 1525 Et
1932 1470 2061 1540 quid

466 1563 575 1616 hoc
622 1561 742 1616 loco
774 1577 874 1632 per
918 1561 1307 1626 Calceamenta,
1332 1563 1436 1617 nisi
1469 1571 1806 1617 mortuorum
1834 1579 2060 1633 operum

466 1653 715 1722 exempla
747 1653 1059 1723 signantur?
1106 1652 1206 1721 Qui
1239 1668 1370 1726 ergo
1398 1652 1630 1710 cilicium
1662 1641 2062 1726 praedicationis

472 1745 715 1813 suscepit
741 1745 983 1814 dignum,
1014 1762 1122 1799 non
1149 1754 1236 1799 est
1275 1755 1333 1799 ut
1363 1763 1501 1801 onus
1527 1747 1867 1802 saecularium
1898 1765 2063 1820 nego-

2158 551 2211 605 in
2255 546 2318 603 ea
2350 544 2511 604 fuerit
2546 546 2689 602 ﬁlius
2734 548 2915 618 pacis,
2959 557 3054 603 aut
3094 549 3162 604 ad
3209 551 3465 605 eumdem
3494 556 3761 621 pra-dion-

2159 650 2332 695 torem
2362 639 2692 704 revertitur;
2721 640 2847 707 quia
2876 646 2971 694 aut
2997 640 3101 693 erit
3137 641 3367 709 quisque
3392 645 3759 712 praedestina-

2162 740 2247 796 tus
2269 731 2332 785 ad
2356 731 2547 795 vitam,
2570 740 2623 785 et
2649 731 2874 786 caeleste
2897 731 3126 789 verbum
3143 716 3391 813 sequitur
3416 737 3562 804 quod
3583 739 3761 802 audit;

2160 833 2255 878 aut
2296 824 2340 879 si
2388 823 2567 877 nullus
2608 823 2797 879 audire
2825 823 3091 890 voluerit,
3123 825 3237 895 ipse
3285 827 3616 896 prazdicatnr
3641 830 3765 887 sine

2162 916 2338 971 fructu
2364 933 2469 971 non
2492 918 2595 972 erit
2613 933 2625 981 ;
2644 918 2771 987 quia
2794 916 2861 971 ad
2891 933 3014 971 eum
3041 934 3146 988 pax
3169 912 3485 986 revertitur,
3499 924 3765 991 quoniam

2161 1008 2210 1061 ei
2242 1023 2271 1060 a
2308 1008 2533 1061 Domino
2560 1024 2659 1078 pro
2700 1006 2883 1062 labore
2930 1008 3013 1062 sui
3058 1008 3239 1078 operis
3288 1019 3763 1079 recompensatur.

2236 1099 2304 1153 Et
2332 1102 2627 1171 quicunque
2658 1117 2762 1154 non
2790 1100 3033 1171 receperit
3062 1118 3173 1164 vos,
3204 1118 3367 1171 neque
3396 1104 3627 1157 audierit
3652 1122 3769 1158 ser-

2162 1207 2339 1246 mones
2373 1201 2565 1246 vestros
2590 1232 2611 1257 ,,
2633 1202 2879 1245 exeuntes
2913 1191 3058 1260 {oras
3083 1231 3098 1257 ,
3130 1192 3195 1245 de
3224 1192 3379 1247 domo
3409 1193 3486 1247 rel
3529 1195 3763 1258 civitate,

2162 1280 2384 1335 excutite
2402 1280 2664 1351 pulverem
2700 1282 2764 1334 de
2787 1281 3003 1351 pedibus
3034 1283 3236 1337 vestris.
3264 1282 3538 1354 (ΙΙίει-οη.)
3576 1284 3766 1340 Pulsis

2165 1372 2440 1425 excutitur
2486 1371 2555 1426 de
2600 1372 2831 1441 pedibus
2888 1373 2940 1425 in
2993 1373 3360 1427 testimonium
3410 1373 3612 1429 laboris
3655 1377 3762 1439 sui,

2164 1463 2308 1534 quod
2332 1464 2559 1534 ingressi
2589 1462 3016 1519 sunt'civitatem
3042 1475 3097 1519 et
3120 1467 3431 1534 praedicatio
3460 1467 3765 1538 apostolica

2165 1571 2338 1626 usque
2365 1555 2430 1611 ad
2479 1556 2598 1612 illos
2626 1554 2966 1628 pervenerit;
2998 1559 3113 1619 sive
3154 1560 3448 1613 excutitur
3473 1559 3673 1628 pulvis,
3708 1570 3767 1614 ut

2165 1647 2301 1703 nihil
2332 1649 2398 1702 ab
2434 1649 2516 1704 eis
2556 1648 2842 1719 accipiant,
2884 1665 2951 1703 ne
2983 1651 3051 1704 ad
3086 1651 3288 1705 victum
3321 1652 3541 1720 ‘quidem
3576 1667 3767 1729 neces-

2167 1742 2394 1805 sarium,
2417 1741 2506 1811 qui
2532 1740 2878 1811 Evangelium
2910 1742 3231 1811 spre'verint.
3259 1743 3443 1813 (Aug.)
3483 1742 3596 1798 Hoc
3616 1745 3767 1799 enim

469 1811 671 1890 tim-mn
700 1811 963 1905 portetur,
999 1851 1064 1890 ne
1097 1837 1221 1891 dum
1251 1837 1353 1891 hoc
1384 1837 1501 1906 ejus
1525 1838 1659 1893 colla
1691 1811 2065 1913 deprimit,vad
2094 1811 2139 1870 Β
2162 1833 2423 1902 jubentur
2451 1823 2649 1899 facere,
2687 1843 2779 1919 an}
2824 1834 2891 1887 ad
2936 1811 3389 1889 contestationern
3421 1834 3628 1891 laboris
3655 1845 3769 1892 ter-

468 1925 815 1995 prcedicanda
846 1926 1088 1980 caelestia
1118 1942 1223 1981 non
1256 1935 1524 1999 assurgat.
1559 1928 1668 1985 Nec
1697 1920 1855 1987 debet
1877 1932 2068 1987 stulto-

473 2031 592 2069 rum
616 2030 839 2084 operum
870 2016 1117 2084 exempla
1147 2018 1479 2089 conspicere,
1509 2033 1576 2073 ne
1598 2035 1692 2073 sua
1717 2004 1884 2091 opera
1909 2024 2066 2092 quasi

472 2119 540 2159 ex
565 2106 792 2159 mortuis
836 2105 1064 2175 pellibus
1094 2108 1278 2161 credat
1323 2110 1550 2162 munire.
1599 2107 1789 2166 Omnis
1817 2128 1944 2167 vero
1973 2114 2067 2183 qui

476 2197 678 2253 salutat
707 2197 761 2252 in
790 2198 897 2262 via,
926 2213 991 2251 ex
1022 2198 1309 2261 occasione
1347 2200 1546 2255 salutat
1597 2200 1828 2269 itineris,
1866 2220 1970 2264 non
2000 2220 2067 2259 ex

476 2288 659 2342 studio
700 2287 1009 2342 obtinendae
1052 2287 1293 2357 ejusdem
1342 2289 1551 2345 salutis.
1611 2290 1710 2358 Qui
1754 2293 1918 2363 igitur
1960 2310 2066 2349 non

478 2393 667 2433 amore
694 2388 913 2433 {elerum
937 2379 1145 2448 patriae,
1172 2380 1265 2433 sed
1293 2381 1635 2449 praemiorum
1673 2384 1900 2450 ambitu,
1926 2385 2066 2440 salu-

475 2477 586 2523 tem
632 2467 977 2523 audientibus
1003 2469 1292 2539 pnedicat,
1327 2472 1479 2539 quasi
1510 2472 1564 2526 in
1614 2473 1806 2527 itinere
1847 2474 2065 2539 salutat,

475 2561 603 2630 quia
629 2575 695 2615 ex
726 2560 1031 2626 occasione,
1061 2568 1116 2616 et
1140 2552 1247 2615 non
1284 2576 1349 2617 ex
1382 2563 1680 2619 intentione
1724 2564 2070 2620 salutem‘au-

477 2651 749 2707 dientibus
776 2659 1017 2721 exoptat.

529 2742 619 2798 ’1η
640 2760 1002 2815 quamcunque
1031 2745 1286 2799 civitatem
1311 2755 1403 2799 aut
1432 2744 1703 2801 castellum
1728 2749 2068 2821 intraveritis,

476 2835 793 2907 interrogate
812 2824 930 2905 quis
954 2836 1009 2889 in
1035 2853 1097 2889 ea
1124 2835 1314 2906 dignus
1340 2837 1406 2890 sit
1431 2878 1445 2906 ,
1482 2848 1529 2891 et
1562 2837 1641 2891 ‘ibi
1670 2850 1872 2893 manete
1907 2841 2070 2895 donec

478 2926 694 2980 creatis.
723 2925 992 2996 (Ηίενοη.)
1034 2926 1211 2996 Super
1236 2928 1577 2984 ordinatione
1615 2930 1855 3002 episcopi
1876 2939 1934 2986 et
1957 2931 2072 2986 dia-

478 3015 602 3070 coni
639 3014 835 3070 Paulus
860 3013 1102 3086 loquitur
1133 3035 1145 3070 :
1179 3015 1392 3087 Oportet
1428 3008 1603 3074 autem
1640 3029 1689 3074 et
1716 3022 2069 3075 testimonium

479 3120 567 3160 eos
588 3104 778 3160 habere
801 3109 993 3160 bonum
1018 3105 1083 3161 ab
1122 3107 1319 3179 ltis'qui
1348 3109 1478 3178 foris
1510 3120 1654 3165 sunt.
1692 3110 1935 3182 Apostoli
1965 3128 2065 3168 no-

479 3207 606 3248 vam
632 3194 963 3254 introeuntes
985 3196 1170 3252 urbem
1188 3199 1335 3254 scire
1355 3214 1459 3256 non
1488 3210 1739 3272 poterant
1761 3202 1901 3275 quis,
1932 3220 2067 3275 qua-

480 3284 551 3340 lls
577 3293 755 3350 esset;
784 3301 913 3357 ergo
937 3287 1135 3357 hospes
1152 3282 1416 3361 legendus
1439 3299 1523 3347 est
1551 3279 1756 3364 populi,
1779 3305 1835 3351 et
1860 3294 2067 3365 judicio

478 3374 779 3431 vicinorum
808 3417 824 3441 ,
874 3391 942 3431 ne
1005 3379 1403 3447 praedicationis
1440 3381 1687 3453 dignitas‘
1725 3380 2067 3456 suseipientis

481 3464 706 3520 infamia
753 3467 1087 3538 deturpetur.
1120 3468 1256 3525 Cum
1290 3473 1558 3529 universis
1598 3475 1830 3530 debeant
1873 3479 2070 3547 praedi-

481 3571 628 3621 care,
662 3559 861 3629 hospes
908 3575 1048 3616 unus
1086 3560 1327 3633 eligitur,
1374 3579 1481 3619 non
1525 3581 1777 3637 magnum
1825 3570 2069 3627 tribuens

480 3646 802 3703 beneﬁcium
840 3649 889 3704 ei
938 3652 1031 3720 qui
1061 3654 1203 3721 apud
1244 3667 1303 3708 se
1347 3654 1645 3711 mansurus
1662 3666 1763 3720 est,
1808 3661 1901 3715 sed
1928 3648 2069 3716 acri;

479 3738 655 3808 piens.
688 3738 804 3796 Hoc
837 3743 979 3797 enim
1018 3744 1252 3799 dicitur:
1290 3743 1421 3810 Quis
1464 3748 1519 3801 in
1559 3765 1620 3803 ea
1649 3750 1837 3821 dignus
1876 3764 1984 3819 est,
2011 3766 2070 3810 ut

480 3833 655 3904 magis
678 3848 737 3890 se
760 3836 1228 3905 noveritaccipere
1252 3839 1481 3907 gratiam
1506 3856 1669 3911 quam
1691 3843 1839 3899 dare.
1864 3846 2065 3919 (Δηώ.)

481 3923 636 3992 Quod
671 3933 852 3980 autem
881 3926 1048 3983 dicit:
1081 3927 1148 3981 Et
1173 3927 1243 3981 ibi
1274 3940 1508 3995 manete,
1542 3932 1706 3987 donec
1733 3937 1950 4004 excutis,
1975 3938 2070 3993 dat

481 4018 802 4071 constantia:
822 4018 1075 4087 generale
1102 4020 1414 4075 mandatum
1432 4062 1446 4086 ,
1471 4029 1533 4075 ut
1565 4023 1850 4093 hospitalis
1881 4042 2067 4083 ncces-

483 4105 737 4161 situdinis
776 4107 899 4178 jura
953 4108 1291 4177 custodiant,
1335 4112 1571 4168 alienum
1614 4130 1646 4169 a
1684 4117 2070 4186 praedicatione

486 4198 635 4268 regni
663 4200 902 4255 caelestis
927 4210 1177 4257 astruens
1198 4204 1463 4259 cursitare
1501 4222 1601 4277 per
1632 4208 1822 4266 domos
1842 4253 1857 4276 ,
1902 4222 1959 4268 et
1986 4215 2069 4271 in-

484 4287 751 4344 violabilis
796 4290 1015 4361 hospitii
1058 4290 1180 4361 jura
1211 4294 1479 4351 amittere.
1515 4297 1624 4354 Nec
1653 4301 1826 4357 otiose
1870 4319 2067 4360 secun-

484 4378 610 4431 dum
660 4379 964 4436 Mattlueum
992 4382 1184 4439 domus
1213 4401 1376 4455 quam
1415 4387 1788 4459 ingrediantur
1814 4396 2065 4463 apostoli,

2092 3162 2140 3225 C

2170 1927 2285 1981 reni
2313 1968 2328 1991 ,
2362 1942 2524 1996 quem
2573 1942 2671 1996 pro
2712 1926 2819 1980 illis
2860 1927 3094 1981 inaniter
3142 1938 3537 1998 susceperant,
3577 1941 3675 1984 aut
3711 1937 3771 1983 ut

2167 2016 2518 2070 ostenderent
2554 2031 2724 2086 usque
2754 2018 2891 2071 adeo
2937 2031 2996 2071 se
3026 2018 3095 2071 ab
3135 2017 3269 2087 ipsis
3304 2018 3442 2072 nihil
3485 2027 3771 2073 terrenum

2168 2120 2437 2175 quaerere,
2461 2114 2517 2159 ut
2542 2106 2703 2160 etiam
2726 2106 3003 2175 pulverem
3030 2108 3096 2162 de
3119 2116 3265 2162 terra
3290 2123 3493 2163 eorum
3524 2125 3634 2163 non
3660 2110 3768 2164 sibi

2166 2205 2489 2266 paterentur
2532 2196 2832 2253 adhaerere.
2890 2198 3103 2263 Aliter,
3163 2199 3330 2268 pedes
3373 2200 3769 2267 discipulorum

2170 2288 2344 2357 ipsum
2374 2304 2510 2359 opus
2556 2290 2937 2359 incessumque
2978 2290 3379 2361 przedicationis
3418 2292 3769 2362 signiﬁcant;

2168 2378 2346 2448 pulvis
2371 2394 2517 2444 vero,
2572 2395 2680 2449 quo
2730 2389 3121 2451 asperguntur,
3174 2388 3402 2436 terrente
3448 2380 3647 2436 levitas
3687 2389 3774 2437 est

2168 2469 2534 2540 cogitationis,
2568 2485 2597 2523 a
2634 2485 2739 2538 qua
2773 2471 2939 2542 etiam
2993 2471 3094 2541 ipsi
3142 2472 3338 2525 summi
3366 2471 3623 2531 doctores
3669 2473 3777 2525 im-

2170 2576 2361 2615 munes
2385 2576 2506 2617 esse
2534 2570 2838 2630 nequeunt,
2892 2577 3015 2616 cum
3049 2578 3146 2633 pro
3174 2561 3508 2617 auditoribus
3551 2563 3774 2619 solliciti

2169 2649 2479 2706 salubribus
2515 2651 2662 2706 curis
2695 2651 3029 2706 incessanter
3058 2652 3366 2715 intendunt,
3398 2662 3455 2707 et
3482 2654 3642 2724 quasi
3675 2670 3776 2724 per

2169 2743 2366 2799 itinera
2393 2743 2602 2809 mundi,
2629 2744 2737 2800 imo
2776 2744 2863 2798 vix
2893 2744 3149 2800 calcaneo
3190 2752 3351 2800 terra;
3381 2745 3665 2816 pulverem
3696 2746 3777 2799 le.

2169 2846 2323 2907 gunt.
2359 2836 2461 2904 Qui
2506 2851 2638 2908 ergo
2672 2837 2979 2908 receperint
3013 2838 3273 2901 verbum,
3318 2837 3422 2907 ipsi
3449 2836 3787 2893 alllictiones

2169 2944 2439 2999 curasque
2465 2930 2770 2995 doctorum,
2804 2944 2941 2999 quas
2971 2944 3070 2999 pro
3097 2944 3155 2983 se
3180 2928 3506 2995 tolerabant,
3535 2929 3593 2984 in
3608 2946 3780 3000 argu-

2169 3028 2413 3077 mentum
2434 3021 2535 3077 sibi
2554 3030 2776 3077 vertunt
2802 3021 3122 3077 humilitatis
3147 3039 3159 3073 :
3189 3021 3281 3091 qui
3310 3012 3439 3077 vero
3463 3023 3787 3092 spreverint

2171 3113 2473 3169 doctrinam
2518 3113 2854 3179 docentium,
2882 3113 2983 3167 sibi
3022 3113 3237 3171 labores
3278 3121 3333 3166 et
3380 3114 3643 3182 pericula,
3672 3124 3777 3168 tat—-

2171 3204 2431 3275 diumque
2460 3204 2890 3260 sollicitudinum
2917 3204 2997 3275 ad
3013 3204 3385 3259 testimonium
3401 3204 3778 3260 damnationis

2167 3294 2472 3351 inﬂectunt.
2516 3296 2582 3352 Et
2610 3296 2725 3367 ipse
2750 3303 2838 3351 est
2863 3294 3039 3366 pulvis
3076 3294 3170 3365 qui
3207 3296 3261 3349 in
3313 3294 3595 3365 Evangelii
3641 3310 3780 3350 eon-

2168 3394 2464 3458 temptores
2509 3387 2753 3457 extergi,
2804 3393 2859 3441 et
2901 3401 2932 3439 a
2978 3401 3085 3455 quo
3132 3401 3231 3455 per
3278 3386 3449 3441 bonos
3492 3384 3781 3441 auditores

2168 3477 2622 3548 evangelistarum
2640 3475 2904 3549 iubentur
2928 3477 3093 3547 pedes
3119 3471 3260 3531 ablui
3280 3517 3294 3541 ,
3321 3476 3432 3531 imo
3461 3490 3563 3547 per
3594 3478 3774 3546 ipsum

2171 3568 2509 3623 Salvatorem
2534 3576 2828 3623 narrantur
2857 3567 3048 3621 abluti.
3267 3564 3299 3571 “
3390 3566 3395 3573 ’

2239 3659 2403 3711 Amen
2446 3659 2563 3712 dico
2596 3659 2773 3723 vobis,
2816 3656 3141 3711 tolerabilius
3178 3659 3275 3711 erit
3311 3667 3467 3711 teme
3505 3654 3778 3712 Sodomo-

2172 3765 2286 3801 rum
2315 3758 2361 3802 et
2388 3745 2867 3812 Gomorrhteorum,
2894 3748 2949 3801 in
2977 3748 3061 3801 die
3078 3748 3301 3815 judicii,
3336 3763 3495 3819 quam
3537 3747 3620 3801 illi
3650 3750 3779 3803 ciet-

2170 3840 2284 3893 tati.
2320 3830 2546 3911 (Μλυιι.)
2571 3840 2706 3907 Quia
2731 3840 2830 3910 ipsi
2863 3855 3025 3894 unam
3056 3840 3231 3909 legem
3253 3848 3491 3903 tmtum,
3532 3840 3639 3894 hoc
3664 3849 3776 3903 est,

2169 3941 2397 3998 naturae,
2445 3934 2791 4002 spernebant.
2823 3932 2994 3988 Judaei
3024 3947 3155 3988 vero
3180 3931 3339 3987 simul
3378 3942 3435 3988 et
3482 3942 3696 3987 natura:
3721 3942 3777 3986 et

2168 4023 2362 4077 litterae
2407 4024 2576 4095 legem
2607 4032 3068 4093 contempserunt,
3101 4032 3154 4078 et
3190 4023 3583 4093 prophetarum
3611 4023 3779 4077 dictis

2170 4130 2279 4170 non
2326 4115 2690 4179 crediderunt,
2754 4130 2855 4169 nec
2909 4112 3274 4184 apostolorum
3319 4113 3777 4183 praedicationem

2169 4216 2508 4279 receperunt.
2539 4207 2844 4262 Notandum
2871 4222 3082 4277 quoque
3111 4208 3255 4278 quod
3298 4206 3596 4262 Sodomita
3626 4206 3775 4261 inter

2171 4307 2250 4353 tot
2293 4299 2476 4354 carnis
2528 4299 2828 4369 animmque
2873 4297 3096 4370 ﬂagitia,
3143 4297 3342 4367 quibus
3389 4297 3778 4352 insatiabiliter

2170 4391 2453 4456 ardebant,
2500 4391 2855 4461 inliospitalcs
2898 4396 3138 4461 quoque,
3185 4389 3434 4444 Ezechiel
3474 4396 3778 4443 attestante

485 4468 708 4569 legenda
735 4472 1074 4573 decernitur,
1101 4483 1161 4530 ut
1181 4478 1422 4534 mutandi
1461 4481 1678 4551 hospitii
1718 4487 2070 4565 necessitudi-
2098 4514 2147 4573 ο
2175 4476 2391 4552 (Ezech.
2443 4482 2578 4551 xw).
2622 4480 2876 4543 fuerunt;
2912 4481 3005 4535 sed
3045 4479 3176 4534 nulli
3209 4479 3351 4549 apud
3380 4493 3475 4534 eos
3506 4476 3642 4532 tales
3672 4477 3777 4533 ho-

484 4561 676 4630 nisque
706 4563 967 4619 violandae
993 4580 1156 4621 causa
1179 4582 1284 4622 non
1307 4579 1576 4639 suppetat.

557 4651 822 4706 latrantes
849 4665 1021 4719 autem
1037 4656 1091 4710 in
1119 4657 1356 4724 domum,
1384 4659 1612 4717 salutate
1635 4680 1769 4731 eam,
1802 4667 2064 4725 dicentes:

488 4743 606 4797 Pax
628 4744 750 4798 huic
792 4743 1015 4799 domui:
1055 4743 1123 4801 Et
1161 4740 1418 4820 siquidem
1462 4750 1620 4819 fuerit
1662 4753 1847 4813 domus
1883 4758 2063 4828 digna,

484 4836 647 4888 veniet
668 4838 782 4906 'paa'.
807 4845 973 4890 vestra
1009 4850 1169 4908 super
1197 4855 1331 4893 eam.
1365 4837 1425 4895 Si
1450 4851 1621 4896 autem
1661 4861 1764 4898 non
1803 4846 1960 4915 fuerit
1983 4848 2067 4901 di-

482 4940 611 4994 gna,
634 4930 932 4996 pax"ves’tra
956 4927 1024 4981 ad
1054 4945 1144 4983 vos
1170 4939 1467 4987 revertetur.
1513 4924 1735 4989 Occulte
1780 4935 2066 4993 salutatio-

485 5034 607 5071 nem
642 5016 891 5073 Hebraici
917 5032 983 5075 ac
1017 5017 1141 5090 Syri
1178 5022 1447 5077 sermonis
1475 5025 1764 5095 expressit.
1794 5024 2066 5097 (Hieron.)

484 5110 638 5178 Quod
684 5112 830 5167 enim
879 5113 1078 5169 dicitur
1104 5122 1261 5191 χαῖρε
1290 5123 1345 5170 et
1389 5114 1579 5172 Latine
1616 5119 1756 5184 Ave,
1800 5118 2069 5178 Hebraico

486 5202 821 5275 Syriamque
848 5219 1100 5262 sermone
1127 5207 1430 5278 appellatur
1451 5207 1761 5274 salomiaclt,
1790 5210 1904 5267 sive
1933 5212 2070 5267 salo-

485 5293 716 5361 maluclt,
747 5296 801 5351 id
823 5304 925 5362 est,
950 5296 1072 5351 Pax
1096 5310 1286 5352 tecum.
1309 5298 1460 5366 Quod
1488 5308 1668 5355 autem
1693 5303 1938 5373 praeipit
1964 5305 2071 5381 tale

485 5395 571 5442 est
595 5403 609 5441 :
634 5385 965 5444 Introeuntes
989 5391 1046 5445 in
1074 5389 1287 5444 domum
1306 5430 1321 5455 ,
1364 5405 1552 5459 pacem
1583 5391 1956 5463 imprecamini
1980 5397 2071 5451 ho-

486 5480 639 5549 cpiti,
662 5488 717 5535 et
738 5490 999 5552 quantum
1017 5483 1071 5537 in
1097 5482 1250 5539 vobis
1267 5490 1373 5549 est,
1398 5481 1683 5551 discordia:
1702 5484 1841 5540 bella
1860 5485 2066 5542 sedate.

488 5568 547 5625 Si
578 5579 754 5627 autem
806 5583 927 5627 orta
977 5570 1142 5628 fuerit
1185 5573 1571 5639 contradictio,
1619 5590 1712 5631 vos
1761 5577 2067 5632 mercedem

488 5660 755 5716 habebitis
781 5664 845 5718 de
876 5664 1053 5718 oblata
1095 5679 1253 5734 pace;
1304 5663 1380 5719 illi
1416 5664 1645 5730 bellum,
1681 5668 1823 5736 quod
1868 5668 2068 5723 habere

490 5750 806 5817 voluerant,
838 5755 1203 5823 possidebunt.
1233 5755 1460 5828 (ilum)
1501 5757 1611 5813 Pax
1646 5757 1817 5822 enim,
1850 5771 1967 5828 qua:
2003 5759 2069 5815 ab

2173 4571 2349 4641 spites
2368 4571 2558 4641 quales
2588 4572 2727 4642 apud
2785 4570 3001 4628 .ludtcos
3054 4572 3351 4643 prophetae,
3396 4570 3587 4640 quales
3638 4582 3778 4640 apo-

2174 4663 2294 4718 stoli
2328 4658 2525 4732 reperti
2559 4672 2702 4717 sunt.
2741 4663 2808 4718 Et
2846 4662 2945 4718 Lot
2979 4664 3198 4733 quidem
3234 4669 3455 4733 aspectu
3497 4670 3553 4716 et
3578 4663 3777 4716 auditu

2166 4744 2347 4825 juStus
2372 4762 2491 4809 erat
2513 4750 2666 4825 (Gen.
2702 4753 2879 4827 svnt),
2907 4768 3012 4809 non
3048 4753 3252 4824 aliquid
3286 4761 3466 4807 tamen
3494 4752 3775 4815 docuisse,

2172 4843 2315 4899 nulla
2363 4844 2453 4900 ibi
2490 4844 2682 4900 fecisse
2727 4845 2879 4916 signa
2923 4844 3256 4915 perhibetur.
3296 4844 3473 4913 Atque
3518 4844 3645 4900 ideo
3685 4846 3777 4898 cui

2173 4935 2393 4988 multum
2410 4934 2593 4990 datum
2620 4946 2717 5000 est,
2737 4933 2959 4989 multum
2979 4937 3236 5005 quiet-itur
3263 4933 3329 4988 ab
3350 4950 3411 4988 eo
3433 4931 3593 5005 (Luc.
3626 4935 3729 5003 stt)
3756 4951 3770 4986 :

2168 5035 2502 5098 potentesque
2522 5037 2759 5098 potenter
2777 5037 3035 5097 tormenta
3059 5029 3344 5099 patientur.
3366 5026 3506 5098 Ergo
3520 5025 3667 5081 sicut
3692 5028 3777 5080 in.

2168 5122 2254 5171 ter
2285 5116 2462 5186 justos
2491 5117 2703 5173 diversa
2745 5118 3031 5173 retributio
3052 5127 3165 5184 est,
3198 5119 3269 5173 ita
3303 5127 3357 5172 et
3393 5118 3535 5171 inter
3571 5131 3775 5187 peccas

2171 5216 2317 5264 tores
2345 5208 2557 5265 diversa
2593 5210 2858 5281 supplicia
2885 5219 3031 5267 sunt.

2245 5299 2380 5355 Ecce
2409 5318 2501 5372 ego
2547 5303 2696 5358 mitto
2740 5321 2825 5357 vos
2861 5305 2995 5359 sicut
3039 5321 3153 5359 ores
3201 5305 3257 5357 in
3302 5303 3471 5357 medio
3500 5299 3773 5373 luporum.

2172 5388 2334 5459 Ecce,
2377 5389 2567 5460 inquit,
2598 5406 2698 5464 ego
2723 5393 2877 5447 mitto
2902 5409 3019 5459 vos,
3047 5382 3099 5448 id
3123 5402 3225 5457 est,
3257 5409 3359 5464 ego
3383 5393 3473 5462 qui
3506 5408 3605 5447 vos
3630 5407 3774 5462 pra-

2170 5485 2305 5539 scivi
2339 5496 2395 5541 et
2422 5486 2557 5558 elegi
2588 5488 2654 5543 de
2692 5486 2912 5555 mundo,
2945 5489 3038 5560 qui
3074 5506 3170 5545 vos
3205 5491 3386 5554 docui,
3425 5490 3518 5560 qui
3557 5505 3623 5544 ea
3651 5504 3797 5558 quae

2170 5577 2323 5632 vobis
2352 5588 2574 5632 ventura
2603 5589 2746 5644 sunt,
2780 5582 2961 5636 omnia
3004 5583 3149 5645 novi,
3181 5582 3271 5652 qui
3298 5584 3464 5636 etiam
3505 5581 3659 5636 vobis
3688 5581 3780 5633 la-

2170 5666 2492 5722 borantihus
2522 5669 2851 5740 condignam
2897 5672 3200 5727 mercedem
3246 5673 3529 5727 restituam
3582 5672 3636 5726 in
3688 5668 3781 5724 itt-

2173 5764 2312 5822 turo,
2346 5759 2458 5829 ipse
2488 5777 2581 5815 vos
2613 5760 2906 5817 secundum
2940 5780 3132 5819 nomen
3166 5773 3405 5820 \‘fslt‘um
3432 5779 3498 5819 ex
3532 5763 3783 5830 diSt‘ile~
