3978 6190
313 267 413 321 επ

1300 259 1650 321 COMMENT.
1692 260 1761 315 IN
1802 260 2233 318 ΜᾹΤΪΙΙᾸΞΙῙΜ.
2277 297 2344 305 —-
2385 267 2509 323 LIB.
2551 268 2635 325 Ill.

3479 278 3584 332 Silii

314 386 378 437 iis
412 383 609 436 missos
641 378 855 441 faciam,
888 375 1116 447 apostoli
1163 376 1307 430 ettim
1341 377 1492 431 missi
1538 378 1899 446 interpretan—
1928 386 1997 449 Α
2079 377 2189 434 Hoc
2213 381 2357 435 enim
2389 384 2604 452 proprie
2632 382 3065 439 Christianorum
3105 394 3207 450 est,
3237 395 3295 441 ut
3336 404 3431 457 per
3468 406 3585 460 poc-

312 484 439 530 tur:
476 472 629 536 Ecce,
677 471 770 532 ait,
809 471 955 523 mitto
1001 485 1090 522 vos
1138 469 1269 523 sicut
1302 485 1417 522 oves
1451 470 1518 547 ina
1547 469 1716 523 medio
1742 468 1896 537 lupo-

312 582 429 619 rum
454 582 471 629 ;
496 564 622 636 quia
652 576 781 631 ergo
807 575 937 616 oves
972 576 1106 616 meae
1134 560 1286 626 estis,
1321 561 1443 616 volo
1486 571 1545 616 ut
1580 572 1898 618 mansuetu-

310 656 494 710 dinem
521 663 575 708 et
610 652 965 707 humilitatem
1001 652 1265 717 habeatis,
1296 669 1396 708 nec
1424 662 1644 724 propter
1671 653 1894 709 seditio-

312 754 501 801 nemet
516 744 691 798 minas
705 736 1440 813 perseeutorumpatientiam
1463 753 1517 799 et
1538 746 1895 801 constantiam

311 845 549 896 vestram
597 833 854 903 perdatis.
903 832 1173 903 (Hierom)
1214 833 1391 904 Lupos
1412 834 1635 911 scribas
1674 844 1729 889 et
1750 816 1898 890 Plia-

314 929 501 982 riaeos
544 933 719 989 vocat,
763 924 855 994 qui
908 933 1034 979 sunt
1078 925 1261 979 clerici
1315 918 1641 989 Judteorum.
1694 922 1896 997 (στος.)

313 1004 616 1071 Notandum
649 1023 829 1068 autem
873 1014 1017 1083 quod
1046 1015 1314 1084 sententia
1360 1015 1570 1069 Domini
1602 1016 1897 1069 seeundutn

313 1108 627 1163 Matthacum
657 1106 908 1177 congruit
953 1106 1025 1161 illi
1076 1107 1356 1165 sententiae
1403 1107 1699 1162 secundum
1735 1107 1900 1163 Joan-

310 1215 460 1271 nem,
485 1215 587 1269 qua
616 1200 816 1268 dicitur
839 1220 851 1253 :
888 1201 1034 1257 Sicut
1061 1200 1201 1253 misit
1229 1216 1309 1253 me
1341 1198 1517 1261 Pater,
1560 1209 1606 1253 et
1633 1217 1724 1270 ego
1750 1203 1898 1255 mitto

313 1307 400 1345 ros
438 1288 619 1360 (Iona.
650 1288 943 1359 vi);vPater
969 1289 1163 1345 Filium
1193 1290 1362 1351 misit,
1392 1288 1482 1357 qui
1516 1289 1656 1345 hunc
1682 1304 1780 1365 pro
1811 1305 1895 1342 re-

310 1381 617 1451 tictnplisne
641 1382 852 1458 generis
877 1380 1097 1438 humani
1124 1376 1392 1436 incarnari
1412 1380 1707 1446 constituit,
1737 1364 1901 1450 quem

312 1475 561 1532 viis-licet
604 1464 656 1531 in
699 1464 954 1531 mundum
1004 1476 1189 1531 venire
1232 1474 1299 1528 ad
1348 1474 1652 1543 passionem
1704 1472 1894 1539 voluit,

312 1568 410 1621 sed
456 1578 631 1621 tamen
670 1566 871 1620 amavit
911 1564 949 1618 F
956 1566 1127 1629 ilium,
1157 1580 1315 1636 quem
1351 1565 1418 1619 ad
1456 1563 1769 1633 passionem
1799 1563 1898 1617 mi-

309 1660 403 1713 sit.
432 1654 645 1731 Eiectos
672 1663 801 1711 ve'ro
841 1657 1111 1727 apostolos
1151 1656 1408 1710 Dominus
1455 1670 1563 1710 non
1603 1654 1671 1709 ad
1710 1654 1896 1708 mundi

2001 470 2240 524 nitentia:
2269 472 2583 527 stricturam
2625 485 2827 530 exuant
2850 485 3096 531 veterem
3146 478 3418 534 hominem
3456 497 3580 537 cum

2001 560 2210 615 actibus
2232 558 2368 628 ejus,
2409 565 2500 631 qui
2542 572 2683 617 tenet
2715 566 2770 619 in
2800 580 2856 619 se
2907 567 3113 636 lepram
3164 569 3373 638 peccati
3404 573 3458 625 et
3502 571 3584 624 in-

2000 651 2167 705 (luant
2196 667 2416 722 novum,
2460 656 2555 724 qui
2580 658 2864 711 secundum
2889 657 3057 723 Deum
3087 673 3292 739 creatus
3318 671 3395 717 est
3422 663 3476 716 in
3492 663 3586 733 ju-

1951 759 1960 830 ς
1996 740 2149 821 stitia;
2170 742 2219 795 et
2233 741 2511 827 sanctitate
2536 743 2770 798 veritatis
2800 745 3014 815 (Epltes.
3036 747 3132 821 Iv),
3149 750 3239 825 qui
3266 752 3439 805 nescit
3459 766 3582 806 cor-

2002 820 2306 900 ruptionem
2349 820 2539 903 culpae.
2586 832 2918 904 Simplicitas
2955 820 3323 894 columbarum
3355 857 3581 911 expres-

2001 922 2115 974 sius
2146 922 2319 977 sancti
2361 923 2539 992 specie
2566 923 2998 992 demonstratur;
3035 929 3176 983 unde
3205 931 3335 984 dicit
3364 940 3420 985 et
3441 934 3584 1001 Apo-

2002 1011 2208 1070 stolus:
2244 1012 2454 1067 Malitia
2498 1014 2707 1084 parvuli
2759 1026 2919 1071 estote
2956 1018 3009 1090 (1
3063 1016 3184 1073 Cor.
3235 1023 3367 1093 xw),
3428 1024 3583 1093 cujus

2002 1102 2213 1170 species
2259 1103 2506 1175 genuinas
2570 1104 2929 1175 simplicitatis
2950 1110 3032 1173 ,_in
3091 1111 3471 1178 superioribus
3512 1114 3582 1168 ad

2003 1191 2365 1246 moralitatem
2406 1192 2750 1264 interpretati
2781 1211 2985 1251 sumus.

2070 1282 2254 1338 Cavete
2317 1294 2489 1357 autem
2549 1286 2614 1339 ab
2666 1286 2980 1341 hominibus.
3042 1288 3193 1344 Nunc
3236 1291 3583 1359 demonstrat

1990 1372 2137 1448 quos
2173 1383 2335 1428 antea
2379 1375 2552 1449 lupos,
2575 1377 2950 1447 appellaverit.
2997 1379 3254 1437 Homines
3282 1385 3426 1438 enim
3455 1394 3580 1441 sunt

1998 1463 2165 1520 iidem
2195 1465 2286 1535 qui
2310 1474 2368 1519 et
2391 1465 2500 1535 lupi
2533 1486 2544 1520 :
2576 1468 2700 1537 quia
2733 1462 3058 1538 peceatores
3087 1482 3212 1527 sunt
3240 1483 3298 1527 et
3337 1474 3574 1546 fragiles,

1999 1556 2094 1611 sed
2122 1550 2303 1611 tamen
2334 1555 2565 1631 feroces.
2991 1548 3003 1557 ’

2073 1644 2299 1701 Tradent
2326 1646 2461 1699 enim
2491 1663 2576 1699 vos
2598 1648 2652 1700 in
2681 1651 2937 1715 conciliis,
2965 1660 3011 1703 et
3051 1650 3105 1703 in
3148 1668 3423 1722 synagogas
3466 1656 3576 1709 suis

310 1752 540 1822 gaudia,
572 1747 666 1807 sed
702 1749 844 1804 sicut
871 1748 985 1817 ipse
1016 1748 1212 1827 missus
1254 1754 1357 1811 est,
1408 1746 1473 1800 ad
1521 1742 1800 1813 passiones
1837 1742 1890 1799 in
1920 1752 1967 1811 B
1993 1739 2333 1809 ﬂagellabant
2353 1750 2521 1803 vos,et
2535 1741 2604 1793 ad
2616 1744 2863 1810 pra’sides
2880 1742 3010 1796 etad
3027 1760 3167 1813 reges
3181 1746 3447 1798 ducemini
3459 1763 3582 1815 pro-

310 1844 573 1897 mundum
601 1836 771 1895 misitf
814 1839 966 1894 Sicut
1002 1855 1131 1911 ergo
1176 1846 1389 1897 amatur
1435 1837 1604 1893 Filius
1645 1853 1676 1891 a
1704 1835 1887 1902 Patre,

306 1943 371 1990 et
418 1943 593 1988 tamen
640 1920 704 1987 ad
753 1931 1062 2003 passionem
1114 1931 1365 1995 mittitur,
1424 1930 1498 1983 ita
1544 1937 1601 1983 et
1642 1926 1901 1997 discipuli.

310 2035 567 2095 amantur
587 2041 617 2079 a
646 2024 890 2089 Domino,
918 2024 1009 2094 qui
1038 2032 1215 2076 tamen
1235 2021 1645 2091 ‘atLpassionem
1669 2020 1891 2073 mittun-

310 2125 404 2171 tur
426 2118 479 2170 in
506 2108 783 2171 mundum.
817 2114 970 2182 Quod
997 2114 1141 2168 enim
1182 2112 1354 2166 dicit:
1391 2111 1524 2166 Ecce
1560 2127 1672 2182 ego,
1703 2102 1893 2165 aucto-

311 2213 451 2267 ritas
493 2220 549 2267 et
578 2210 833 2265 fortitudo
863 2207 1099 2264 Deitatis“
1125 2208 1433 2264 hominibus
1460 2216 1561 2262 est.
1601 2207 1716 2277 Ego
1747 2206 1892 2261 enim

311 2292 458 2360 Deus
480 2320 574 2361 vos
613 2286 857 2358 homines
887 2302 1061 2357 mitto.
1102 2302 1205 2370 Qui
1250 2302 1396 2356 enim
1440 2301 1562 2355 misi
1603 2299 1894 2371 prephetas

310 2395 559 2464 patribus
581 2395 803 2459 vestris,
824 2409 917 2448 vos
957 2391 1156 2448 Judmis
1181 2401 1342 2462 atque
1372 2391 1663 2461 gentilibus
1689 2391 1896 2460 pariter

308 2487 490 2544 mitto.
536 2484 605 2539 Et
641 2483 936 2539 notandum
978 2478 1120 2552 quod
1160 2496 1266 2535 uno
1304 2481 1615 2549 eodemque.
1638 2487 1897 2548 tempore

309 2569 769 2646 atque'praacepto
799 2575 1137 2639 instruuntur
1164 2568 1431 2641 Quomodo
1469 2570 1608 2625 inter
1653 2568 1897 2624 infideles

307 2660 525 2721 Iudaeos
553 2674 714 2734 atque
741 2664 968 2736 gentiles
995 2671 1172 2732 agant.
1221 2661 1367 2716 Sicut
1386 2662 1511 2715 oves
1540 2660 1592 2714 in
1621 2660 1791 2716 medio
1814 2660 1897 2715 lur-

302 2756 834 2828 porum..Contraria
873 2764 997 2810 sunt
1022 2756 1124 2810 ista
1165 2754 1269 2809 sibi
1306 2753 1579 2819 animalia,
1602 2761 1663 2807 nt
1687 2753 1792 2808 alia
1823 2753 1892 2807 ab

304 2847 435 2901 aliis
466 2847 808 2902 devorentur.
847 2845 953 2900 Sed
980 2846 1153 2901 bonus
1181 2854 1361 2915 pastor
1410 2843 1564 2914 lupos
1603 2844 1749 2915 gregi
1797 2858 1895 2898 suo

304 2939 505 2993 timere
532 2952 637 2991 non
664 2936 830 2990 novit.
863 2935 1093 3006 Ideoque
1122 2935 1211 2995 isti
1253 2934 1501 3006 discipuli
1533 2949 1641 2999 non
1675 2935 1729 2988 in
1759 2947 1899 3001 pra:-

302 3030 458 3093 dam,
492 3029 585 3084 sed
612 3028 680 3083 ad
702 3028 930 3098 gratiam
958 3028 1278 3098 diriguntur,
1313 3034 1579 3097 quatenus
1611 3033 1894 3081 servantes

304 3118 645 3179 innocentia:
667 3131 905 3181 sensum,
952 3115 1174 3183 malitia:
1210 3102 1449 3170 morsum
1490 3130 1595 3172 non
1634 3114 1887 3169 habeant.

303 3207 454 3282 Quia.
477 3190 567 3277 qui
593 3206 774 3261 locum
802 3206 1201 3277 praedicationis
1230 3206 1474 3276 suscipit,
1519 3205 1661 3259 mala
1690 3195 1892 3259 inferre

304 3314 419 3352 non
445 3297 623 3363 debet,
662 3298 758 3353 sed
789 3284 1037 3352 tolerare.
1312 3361 1316 3365 ,
1830 3366 1834 3372 _

383 3388 563 3443 Estote
595 3405 714 3459 ergo
755 3388 1035 3459 prudentes
1074 3373 1208 3440 sicut
1234 3396 1514 3456 serpentes,
1542 3396 1593 3440 et
1632 3386 1892 3455 simplices

302 3478 443 3552 sicut
471 3464 738 3552 columba.
775 3476 1043 3548 (Ηίετοη.)
1075 3475 1143 3531 Ut
1168 3488 1267 3545 per
1290 3474 1628 3546 prudentiam
1654 3475 1894 3531 devitant

294 3550 557 3633 insidias,
596 3550 694 3638 per
730 3567 1129 3645 simplicitatem
1176 3581 1282 3620 non
1336 3566 1557 3631 faciant,
1621 3561 1892 3636 serpentis

307 3665 513 3719 astutia
553 3663 768 3731 ponitur
801 3661 850 3713 in
878 3660 1208 3728 exemplum.
1244 3659 1378 3726 Quia
1404 3667 1516 3712 toto
1542 3674 1769 3728 corpore
1790 3673 1894 3713 oe-

300 3752 484 3809 cultat
504 3760 683 3820 caput,
718 3758 770 3805 et
798 3749 925 3804 illud
956 3750 1009 3802 in
1044 3763 1151 3817 quo
1177 3748 1287 3802 vita
1310 3756 1413 3812 est,
1445 3748 1708 3819 protegit;
1736 3749 1808 3802 ita
1838 3756 1892 3802 et

302 3856 413 3899 nos
440 3850 550 3895 toto
577 3839 819 3910 periculo
857 3839 1097 3907 corporis
1136 3846 1298 3906 caput
1336 3844 1599 3900 nostrum,
1639 3836 1782 3906 quod
1809 3845 1892 3891 est

306 3920 584 3995 Claristus,
615 3930 1001 3985 custodiamus.
1037 3916 1263 3999 (Malim)
1294 3926 1424 4001 Item
1446 3927 1730 3997 prudentia
1763 3928 1892 3982 dici-

308 4032 404 4075 tur
440 4036 559 4076 esse
582 4021 872 4091 serpentis,
903 4022 1045 4089 quod
1075 4021 1293 4074 obturat
1333 4033 1492 4074 aures
1517 4002 1663 4084 suas,
1696 4033 1763 4075 ne
1790 4034 1891 4073 au-

305 4113 427 4167 diat
456 4112 811 4166 incantantes.
840 4110 1097 4178 Quaerunt
1127 4108 1271 4164 enim
1302 4097 1507 4165 venena
1536 4124 1655 4179 quae
1682 4119 1809 4166 sunt
1835 4110 1888 4169 in

305 4205 579 4274 capitibus
606 4215 915 4275 serpentum
938 4205 1006 4263 ad
1036 4204 1527 4259 medicamentum:
1559 4210 1615 4256 at
1645 4202 1754 4269 illa,
1787 4202 1889 4261 hoc

304 4298 899 4369 prtesentiens,'caput
947 4298 1085 4351 intra
1140 4297 1314 4372 spiras
1358 4296 1601 4365 corporis
1648 4296 1889 4359 volutum

306 4387 482 4453 abdit,
507 4396 560 4441 et
586 4403 747 4445 unam
775 4403 963 4444 aurem
990 4399 1157 4457 petrae
1180 4386 1419 4457 apponit,
1461 4385 1687 4473 alteram
1715 4386 1888 4447 cauda
1914 4415 1967 4473 Β

307 4479 585 4536 occludit:
638 4482 712 4535 ita
759 4481 1216 4551 vir‘apostolicus
1264 4493 1479 4534 onlnem
1520 4472 1685 4532 vitam
1735 4493 1889 4533 suam

305 4573 466 4640 quasi
489 4573 542 4625 in
571 4572 786 4627 circulis
817 4580 1116 4640 temporum
1143 4573 1498 4640 complexam,
1524 4569 1666 4624 circa
1693 4570 1891 4638 princi-

304 4665 488 4735 palem
528 4677 738 4736 partem
785 4665 979 4719 animm
1006 4665 1190 4733 ponit:
1225 4656 1383 4719 etut
1411 4664 1525 4734 ipsa
1556 4663 1722 4718 illaesa
1774 4661 1887 4727 liat,

290 4755 529 4827 ,Christo
554 4755 858 4825 adjuvante,
897 4757 989 4826 qui
1019 4764 1101 4810 est
1128 4764 1304 4826 petra,
1344 4764 1399 4809 et
1431 4755 1615 4809 subtili
1644 4754 1884 4823 Scriptua

304 4863 493 4902 rarum
519 4847 843 4903 documento
881 4862 1000 4901 eam
1027 4845 1324 4901 imbuente.
1357 4847 1502 4916 quod
1523 4846 1692 4903 cauda
1719 4846 1888 4917 signi-

305 4939 459 5006 ﬁcat,
489 4940 714 4995 nimium
745 4941 959 5011 satagit.
1006 4993 1013 4999 .
1320 4934 1325 4938 ’

378 5028 721 5085 lncantantes
747 5038 928 5084 autem
977 5035 1103 5083 sunt
1146 5028 1237 5097 qui
1292 5029 1594 5098 voluptates
1645 5030 1888 5099 corporis

302 5121 657 5191 persuadent,
696 5131 751 5174 et
784 5128 1070 5190 peccantes
1111 5117 1306 5173 blande
1347 5119 1647 5188 leniterque
1682 5118 1885 5187 fovent,

303 5219 367 5264 ut
402 5209 642 5280 vigorem
673 5210 871 5264 mentis
897 5209 951 5263 in
982 5210 1115 5279 ipsis
1140 5208 1435 5264 emolliant.
1467 5208 1600 5263 Item
1627 5209 1728 5263 alia
1751 5226 1883 5278 pru-

304 5299 488 5354 dentia
512 5298 682 5353 fertur
702 5299 1000 5370 serpentis,
1031 5299 1172 5367 quod
1201 5298 1415 5369 quando
1443 5298 1681 5366 squamis
1707 5307 1762 5353 et
1790 5300 1894 5369 pua’

305 5388 521 5446 trcdine
542 5405 607 5465 ac
646 5389 793 5460 lepra
825 5397 1164 5460 aggravatur,
1198 5388 1250 5443 in
1277 5398 1557 5455 petrarum
1591 5388 1885 5442 scissuram

304 5482 665 5551 ingrediatur,
692 5490 794 5551 aut
822 5497 918 5552 per
948 5480 1191 5535 foramen
1219 5488 1528 5547 angustum,
1561 5488 1618 5532 ut
1642 5484 1807 5532 exuat
1830 5494 1889 5537 se

305 5577 490 5630 tunica
512 5574 701 5637 veteri,
736 5583 794 5629 et
842 5589 963 5644 qua:
1020 5572 1095 5626 illi
1142 5580 1336 5626 nocent
1370 5571 1637 5640 deponat,
1702 5570 1890 5641 sicque

304 5685 439 5726 sa..a
479 5668 688 5724 evadat.

1990 1839 2105 1899 pter
2125 1846 2242 1894 me,
2265 1831 2319 1883 in
2346 1831 2699 1884 testimonium
2722 1831 2826 1885 illis
2857 1844 2903 1885 et
2925 1835 3184 1902 gentibus.
3229 1831 3429 1907 (Greg.)
3455 1837 3581 1892 Haac

1992 1920 2188 1989 quippe
2202 1918 2437 1973 Iudaicae
2450 1921 2596 1989 genti
2618 1920 2701 1974 vel
2730 1921 2843 1975 sola
2876 1922 2961 1975 vel
2988 1920 3221 1978 maxima
3247 1938 3405 1979 causa
3426 1927 3582 1980 exitii

1993 2007 2188 2074 fuerat,
2217 2009 2343 2078 quia
2367 2021 2487 2080 post
2517 2011 2724 2069 Domini
2752 2010 3049 2069 Salvatoris
3091 2015 3442 2079 occisionem,
3487 2032 3584 2070 no-

1994 2100 2155 2153 minis
2195 2106 2408 2170 quoque
2460 2099 2578 2168 ejus
2619 2114 2898 2169 praecones
2928 2102 3087 2155 simul
3137 2113 3197 2157 et
3240 2104 3580 2160 eonfessores

1995 2189 2158 2259 impia
2187 2190 2511 2244 crudelitate
2540 2191 2780 2244 vexavit.
2834 2189 2987 2257 Quod
3018 2201 3196 2246 autem
3243 2192 3418 2248 Lucas
3445 2195 3584 2249 dixit

1994 2272 2280 2343 Dominum
2309 2282 2510 2337 dixisse
2541 2282 2607 2336 ad
2637 2282 2909 2349 apostolos
2938 2301 2950 2335 :
2977 2280 3246 2354 Continget
3287 2296 3459 2338 autem
3492 2303 3579 2339 ro-

1997 2372 2073 2424 bis
2102 2373 2155 2424 in
2201 2373 2586 2436 testimonium;
2626 2382 2680 2425 et
2728 2372 3050 2430 Matthaeus:
3107 2373 3174 2428 In
3226 2377 3575 2429 testimonium

1994 2464 2107 2518 illis
2153 2474 2200 2518 et
2254 2466 2512 2535 gentibus,
2546 2466 2813 2536 signiﬁcat
2855 2454 3295 2537 persecutionem
3348 2468 3609 2525 nominis‘

1996 2555 2195 2609 Christi
2223 2568 2338 2610 'non
2381 2542 2784 2612 solumnluzlzeis
2818 2543 2874 2613 et
2914 2560 3164 2630 gentibus
3193 2576 3381 2617 eorum
3429 2562 3583 2616 mali-

1998 2644 2104 2717 tiug,
2136 2645 2231 2699 sed
2268 2645 2431 2699 etiam
2476 2646 2605 2715 ipsis
2656 2632 2915 2717 apostolis
2958 2648 3075 2702 fieri
3114 2651 3165 2704 in
3205 2652 3580 2707 testimonium

1999 2736 2236 2805 ipsorum
2261 2738 2603 2792 innocentite.
2657 2738 3048 2793 Testimonium
3079 2740 3329 2796 videlicet
3353 2757 3582 2810 quorum

2000 2829 2078 2895 tit,
2111 2831 2212 2885 nisi
2242 2844 2429 2895 eorum
2453 2832 2545 2901 qui
2570 2841 2661 2885 aut
2684 2833 3062 2901 persequendo
3086 2840 3293 2888 mortes
3321 2833 3580 2898 inferunt,

1997 2929 2092 2977 aut
2121 2921 2351 2975 videndo
2380 2937 2483 2975 non
2523 2923 2838 2997 imitantur?
2886 2910 3026 2977 Mors
3068 2924 3269 2992 quippe
3307 2921 3578 2990 justorum

1999 3011 2153 3067 bonis
2183 3011 2235 3065 in
2267 3002 2590 3085 adjutorium
2640 3020 2744 3076 est,
2794 3012 2949 3065 malis
2996 3012 3049 3065 in
3097 3012 3487 3078 testimonium,
3524 3021 3582 3066 ut

1919 3085 1964 3146 (ἶ
1996 3104 2123 3169 inde
2156 3103 2400 3173 perversi
2439 3100 2555 3156 sine
2582 3103 2933 3158 excusatione
2968 3110 3214 3171 pereant,
3254 3104 3394 3161 unde
3419 3103 3580 3157 electi

1999 3193 2303 3262 exemplum
2335 3190 2555 3261 capiunt
2587 3200 2661 3245 ~ut
2701 3193 2902 3254 vivant.
2956 3191 3065 3246 Sed
3104 3193 3315 3247 auditis
3354 3202 3433 3247 tot
3476 3203 3581 3248 ter-

1998 3283 2210 3339 roribus
2248 3282 2453 3355 turbari
2500 3289 2751 3350 poterant
2790 3272 3136 3357 infit-murum
3180 3284 3363 3348 corda,
3417 3293 3581 3353 atque

1987 3377 2119 3432 ideo
2169 3374 2468 3430 consolatio
2520 3373 2845 3444 adjuugitur,
2896 3391 3021 3430 eum
3090 3374 3336 3444 protinus
3392 3377 3580 3430 subin-

1996 3475 2171 3530 fertur
2206 3494 2218 3530 :
2310 3513 2317 3521 ε

2064 3567 2197 3645 Cum
2249 3578 2423 3621 autem
2469 3567 2676 3623 tradent
2718 3582 2822 3630 vos,
2862 3552 3021 3619 nolite
3059 3567 3287 3636 cogitare
3313 3566 3574 3635 quomodo

1993 3670 2085 3714 aut
2121 3660 2248 3730 quid
2270 3659 2575 3729 loquamini.
2618 3656 2842 3710 Dabitur
2874 3658 3010 3710 enim
3058 3657 3196 3728 vobis
3227 3658 3280 3710 in
3314 3654 3408 3708 illa
3449 3655 3579 3726 liora

1991 3752 2121 3821 quid
2146 3751 2450 3820 loquamini.
2478 3749 2602 3802 Non
2628 3749 2765 3801 enim
2792 3764 2879 3800 vos
2904 3749 3027 3802 estis
3055 3750 3144 3819 qui
3169 3747 3464 3819 loquimini,
3487 3749 3578 3801 sed

1996 3830 2225 3913 Spiritus
2262 3839 2441 3895 Patris
2494 3840 2648 3894 vestri
2688 3842 2776 3910 qui
2823 3839 3062 3911 loquetur
3100 3840 3154 3894 in
3184 3822 3365 3893 uobis.
3410 3838 3490 3895 Ac
3532 3839 3580 3894 si

1992 3940 2176 4002 aperte
2202 3926 2459 3987 membris
2484 3931 2597 3985 suis
2625 3914 3020 3997 infirmantibus
3039 3929 3182 3984 dicat
3206 3948 3222 3981 :
3254 3927 3434 3984 Nolite
3463 3937 3570 3983 ter-

1992 4025 2123 4090 reri,
2147 4023 2311 4078 nolite
2334 4023 2745 4092 pertimescere;
2771 4036 2866 4076 vos
2887 4023 2954 4075 ad
2989 4028 3268 4075 certamen
3290 4019 3572 4083 acceditis,

1992 4112 2095 4167 sed.
2115 4126 2214 4185 ego
2240 4100 2455 4181 prtelior
2488 4128 2499 4162 :
2540 4109 2811 4187 (llieroa.)
2835 4125 2930 4176 vos
2957 4110 3121 4163 verba
3144 4109 3325 4171 editis,
3353 4108 3446 4162 sed
3472 4123 3574 4178 ego

1992 4218 2110 4258 sum
2151 4204 2243 4272 qui
2271 4203 2479 4271 loquor.
2511 4201 2645 4256 Cum
2691 4216 2819 4270 ergo
2847 4208 3067 4270 propter
3094 4198 3368 4254 Christum
3407 4199 3575 4253 duca-

1992 4311 2114 4353 mur
2160 4294 2226 4348 ad
2269 4292 2502 4361 judiee‘s,
2552 4292 2884 4353 voluntatem
2939 4288 3146 4345 tantum
3190 4300 3430 4347 nostram
3473 4306 3573 4360 pro

1991 4384 2207 4439 Christo
2253 4384 2509 4439 debemus
2554 4380 2783 4442 offerre...
2823 4379 3092 4436 Castorum
3140 4381 3254 4450 ipse
3304 4379 3573 4442 Christus,

1993 4477 2084 4546 qui
2110 4476 2165 4530 in
2186 4458 2345 4537 nobis
2365 4474 2591 4535 habitat,
2619 4471 2870 4541 loquetur
2888 4485 3086 4546 prose,
3110 4479 3166 4526 et
3185 4468 3420 4539 Spiritus
3447 4484 3574 4541 san-

1993 4545 2113 4621 ctus
2144 4567 2196 4618 in
2228 4562 2600 4634 respondendo
2630 4561 2860 4632 gratiam
2910 4545 3255 4615 ministrabit.

2026 4671 2030 4675 ·
2066 4654 2257 4712 Trddet
2285 4651 2456 4715 autem
2496 4654 2660 4722 frater
2688 4652 2922 4724 fratrem
2972 4652 3026 4705 in
3066 4662 3304 4716 mortem,
3334 4661 3384 4709 et
3426 4660 3579 4720 pater

1992 4746 2182 4816 ﬁlium,
2221 4755 2268 4798 et
2292 4746 2555 4813 insurgent
2580 4743 2759 4810 [ilii'ln
2784 4750 3045 4812 parentes,
3071 4749 3118 4795 et
3141 4751 3305 4794 morte
3344 4757 3431 4795 eos
3462 4741 3574 4810 agi-

1992 4836 2149 4896 cient,
2179 4844 2225 4887 et
2270 4834 2414 4886 eritis
2443 4832 2563 4885 odio
2595 4831 2835 4885 omnibus
2888 4840 3098 4900 prapter
3141 4846 3330 4884 nomen
3379 4846 3572 4883 meum.

1996 4925 2198 5000 (Greg)
2225 4925 2335 4980 Hoc
2362 4926 2417 4979 in
2452 4920 3064 4993 persecutionibuslicri
3092 4921 3283 4975 crebro
3305 4920 3570 4983 videmus,

1994 5036 2093 5075 ucc
2115 5019 2253 5073 ullus
2277 5017 2526 5071 estinter
2563 5029 2655 5068 eos
2687 5012 2826 5067 ﬁdus
2852 5012 3077 5067 allectus
3102 5026 3330 5080 quorum
3357 5010 3570 5063 diversa

1974 5120 2074 5167 .est
2118 5110 2287 5165 ﬁdes:
2332 5108 2592 5162 minorem
2623 5115 2801 5159 tamen
2849 5103 3089 5159 dolorem
3135 5101 3271 5153 mala
3321 5100 3573 5167 ingerunt

1991 5219 2111 5273 quae
2135 5202 2204 5257 ab
2243 5199 2517 5254 extraneis
2558 5194 2864 5251 inferuntur
2894 5211 2907 5247 :
2939 5193 3059 5262 plus
3085 5205 3212 5245 vero
3240 5190 3293 5243 in
3323 5188 3572 5245 nobisea

1993 5301 2261 5348 tormenta
2301 5290 2528 5344 szeviunt
2555 5296 2674 5357 qua:
2701 5288 2769 5340 ab
2817 5285 2929 5345 illis
2959 5282 3198 5352 patimur
3233 5281 3298 5335 de
3340 5295 3567 5348 quorum

1980 5383 2264 5438 mentibus
2290 5380 2769 5450 praesumebamns,
2798 5375 2922 5443 quia
2952 5387 3074 5435 cum
3103 5371 3299 5425 damno
3328 5370 3572 5437 corporis

1994 5473 2136 5528 maia
2185 5487 2286 5524 nos
2322 5469 2595 5535 cruciant;
2644 5466 2769 5520 hinc
2810 5473 2894 5517 est
2934 5461 3078 5517 enim
3127 5458 3270 5534 quod
3320 5458 3386 5513 de
3434 5456 3571 5521 Juda

1996 5564 2255 5619 traditore
2276 5577 2377 5616 suo
2406 5570 2503 5630 per
2526 5557 2864 5612 Psalanistam
2894 5551 3150 5607 Dominus
3173 5550 3302 5605 dicit
3328 5566 3345 5615 ξ
3365 5548 3433 5603 Et
3452 5560 3566 5618 qut-

1998 5670 2117 5714 aem
2147 5656 2189 5716 si
2219 5655 2457 5708 inimicus
2481 5666 2621 5705 naeus
2649 5645 2995 5703 maledixisset
3023 5643 3167 5713 mihi,
3189 5648 3569 5713 supportaretur
