3978 6190
476 287 582 343 899

1115 279 1175 333 Β.
1219 275 1474 334 ΒΑΒΑΧΙ
1512 278 1726 334 MAURI
1765 275 2083 332 ARCllll-ZP.
2127 277 2435 334 MOGL'NT.
2478 274 2761 332 OPERUM
2801 274 2982 330 PARS
3022 275 3060 331 I.

3638 278 3756 330 (ᾶιο

476 407 652 476 utique
679 402 742 457 ab
778 417 837 456 eo
867 417 880 453 :
917 411 973 456 tu
1006 415 1120 454 vero
1149 399 1304 455 homo
1333 399 1639 464 unianimis,
1671 399 1780 453 dux
1821 416 1984 464 meus,
2009 408 2057 452 et
2087 402 2131 457 Α
2162 401 2253 468 qui
2279 400 2463 469 utique
2488 399 2640 468 quasi
2670 399 2812 452 Deus
2857 397 3027 470 potui,
3057 397 3153 452 sed
3179 396 3325 452 nolui
3378 411 3528 452 meas
3574 394 3757 451 ultum

477 507 627 555 notus
656 511 820 564 meus,
863 494 952 567 qui
976 490 1136 551 simul
1165 508 1366 548 mecum
1395 487 1573 547 dulces
1621 491 1856 562 cupiebas
1897 491 2055 555 cibos,

476 591 531 644 in
558 591 713 644 domo
758 587 966 642 Domini
995 585 1400 661 lambulavimus
1441 600 1557 638 cum
1604 600 1856 637 consensu
1884 580 2056 653 (Psal.

479 682 611 754 LIV).
640 680 708 734 Et
734 693 946 733 rursum
969 693 984 730 :
1027 674 1198 730 Homo
1215 675 1359 745 pacis
1379 691 1526 740 mete,
1556 675 1609 726 in
1633 689 1737 744 quo
1767 670 2057 741 sperabam,

480 773 568 845 qui
613 771 792 826 edebat
819 785 978 840 panes
1005 783 1169 830 meos,
1216 765 1484 835 ampliavit
1514 764 1791 819 adversum
1829 779 1909 816 me
1934 778 2058 831 sup-

481 863 855 934 plantationem
879 856 1051 930 (Psal.
1079 857 1190 927 XL).
1214 855 1293 911 Ac
1323 856 1368 910 si
1403 855 1468 912 de
1491 855 1750 910 traditore
1780 867 1878 906 suo
1907 867 2065 922 aper-

485 953 554 1008 tis
585 951 804 1005 vocibus
833 950 973 1005 dicat
1000 968 1013 1002 :
1059 947 1564 1020 Transgressionem
1605 943 1722 1012 eius
1757 951 1908 997 tanto
1935 957 2063 1012 gra-

483 1045 604 1096 vius
625 1042 841 1110 pertuli,
867 1048 1071 1110 quanto
1096 1041 1238 1093 hanc
1269 1039 1337 1093 ab
1366 1053 1430 1091 eo
1459 1037 1547 1106 qui
1582 1052 1734 1090 meus
1763 1051 1881 1091 esse
1910 1036 2063 1089 vide~

486 1134 648 1188 batur
675 1133 840 1188 sensi.
884 1131 1083 1186 Omnes
1121 1147 1250 1200 ergo
1275 1129 1454 1192 electi,
1487 1129 1613 1198 quia
1647 1127 1843 1182 summi
1876 1127 2065 1197 capitis

487 1223 728 1278 membra
777 1231 920 1287 sunt,
961 1230 1120 1291 caput
1161 1237 1375 1292 quoque
1421 1237 1576 1276 suum
1628 1222 1680 1275 in
1725 1221 2065 1291 passionibus

490 1320 810 1379 sequuntur,
848 1320 906 1363 ut
935 1312 1078 1380 ipsos
1118 1311 1459 1366 adversarios
1506 1311 1558 1363 in
1602 1325 1698 1364 sua
1743 1318 1914 1366 morte
1944 1325 2066 1364 sen-

491 1397 648 1462 tiant,
680 1399 746 1453 de
793 1413 1019 1468 quorum
1054 1398 1161 1451 vita
1203 1397 1639 1468 praesumebant:
1693 1406 1751 1450 et
1793 1406 1943 1451 tanto
1987 1398 2066 1452 eis

491 1498 700 1544 crescat
741 1505 948 1544 merces
976 1490 1175 1559 operis,
1225 1500 1428 1560 quanto
1469 1491 1546 1543 eis
1594 1489 1809 1544 virtutis
1859 1489 2066 1548 lucrum

491 1583 704 1651 proﬁcit
749 1598 814 1636 ex
846 1582 1037 1638 aliena:
1068 1582 1265 1638 damno
1307 1581 1612 1635 charitatis.
1651 1579 1717 1633 [Et
1764 1581 1932 1644 eritis,
1980 1579 2067 1632 in-

494 1674 631 1742 quit,
655 1673 772 1727 odio
793 1673 1028 1726 omnibus
1055 1682 1263 1742 propter
1293 1688 1478 1726 nomen
1501 1687 1671 1723 meum
1695 1687 1711 1733 ;
1739 1670 1865 1738 quia
1890 1685 2067 1740 omnes

2164 489 2241 543 ire
2288 489 2532 558 injurias,
2565 489 2672 544 imo
2711 487 2877 543 malui
2925 502 3076 543 meos
3115 487 3472 541 insectatores
3522 486 3761 541 reddere

2159 579 2412 649 patiendo
2436 580 2698 644 mitiores,
2725 579 2972 634 eamdem
2999 594 3222 634 necesse
3246 589 3329 634 est
3356 595 3452 635 vos
3474 579 3754 650 discipuli,

2162 669 2253 738 qui
2285 669 2404 738 puri
2446 669 2691 724 homines
2718 670 2870 735 estis,
2897 670 3135 741 regulam
3167 669 3520 742 perfectionis
3559 685 3758 742 sequa-

2162 760 2312 816 mini.

2235 849 2294 908 Si
2348 851 2784 922 patremfamilias
2835 851 3119 908 Beelzebub
3168 864 3504 920 vocaverunt,
3556 866 3759 926 quanto

2165 941 2328 1009 magis
2353 941 2659 996 domesticos
2703 943 2860 1013 ejus!
2897 942 3037 998 Ecce
3093 942 3356 999 Dominus
3395 955 3453 1000 et
3494 947 3762 1017 magister

2164 1031 2437 1100 discipulis
2468 1039 2521 1084 et
2548 1032 2721 1086 servis
2750 1033 2862 1087 suis
2887 1032 3189 1088 calumnias
3231 1049 3357 1089 suas
3399 1035 3662 1101 ostendit,
3696 1046 3756 1090 ut

2164 1138 2263 1178 suo
2277 1122 2524 1192 exemplo
2548 1122 2774 1193 injurias
2801 1125 3108 1194 iniquorum
3129 1127 3400 1194 patienter
3416 1125 3564 1180 ferre
3585 1129 3762 1183 disce-

2167 1223 2310 1276 rent,
2333 1223 2387 1268 et
2425 1201 2567 1284 quod
2608 1216 2856 1284 superius
2901 1215 2995 1282 ait,
3043 1213 3238 1272 ﬁeret:
3271 1215 3470 1287 Suﬂicit
3496 1217 3759 1285 discipulo

2167 1315 2224 1358 ut
2270 1305 2338 1358 sit
2367 1305 2500 1359 sicut
2529 1306 2779 1375 magister
2821 1298 2956 1375 Ejus,
3011 1316 3058 1360 et
3104 1322 3283 1362 servus
3331 1307 3466 1361 sicut
3515 1308 3758 1361 dominus

2166 1397 2300 1466 ejus.
2328 1395 2463 1450 Nam
2487 1411 2543 1450 se
2564 1395 3011 1467 patremfamilias
3035 1397 3288 1468 appellat,
3316 1399 3401 1452 cui
3425 1398 3757 1461 caelestium,

2167 1497 2221 1543 et
2253 1489 2608 1553 terrestrium,
2656 1497 2711 1543 et
2759 1488 3090 1544 infernarum
3120 1488 3336 1544 familiae
3368 1487 3754 1558 genuﬂectunt,

2168 1595 2327 1651 quem
2351 1579 2575 1652 perﬁdia
2615 1579 2922 1637 Judmorum
2951 1581 3005 1636 in
3038 1579 3322 1634 Beelzebub
3352 1581 3602 1651 principe
3644 1581 3751 1635 d2-

2169 1670 2492 1735 moniorum,
2519 1668 2744 1737 eiecisse
2773 1671 3037 1748 daemonia
3069 1671 3462 1742 blasphemavit
3484 1694 3499 1726 :
3524 1687 3627 1726 non
3656 1673 3758 1726 mi-

493 1773 754 1832 quaerunt,
797 1779 914 1832 qua:
964 1779 1060 1815 sua
1089 1767 1231 1825 sunt,
1273 1779 1372 1815 non
1400 1778 1515 1830 qua!
1572 1761 1697 1813 .lesu
1739 1759 1973 1821 Christi;
2016 1769 2070 1814 et
2098 1730 2148 1789 Β
2173 1778 2318 1828 rum,
2361 1763 2406 1818 si
2449 1763 2776 1818 domesticos
2820 1744 3208 1839 ejus‘qnihus
3239 1778 3463 1834 regnum
3493 1762 3754 1821 δίεισι-ωτι

497 1863 766 1909 amatores
791 1853 973 1908 mundi
1015 1853 1142 1907 facti
1174 1862 1299 1907 sunt
1330 1853 1530 1907 inimici
1559 1851 1674 1907 Dei.

569 1941 672 2008 Qui
701 1953 873 1996 autem
900 1943 1295 2013 perseveraverit
1324 1959 1485 2011 usque
1523 1942 1592 1994 ad
1631 1940 1806 2010 ﬁnem,
1844 1941 1925 1994 hic
1964 1939 2070 1994 sal-

494 2055 590 2092 uus
617 2039 732 2091 erit.
800 2036 1075 2106 Praecepto
1111 2037 1253 2089 enim
1281 2036 1414 2106 legis
1460 2019 1629 2090 cauda
1677 2035 1867 2090 hostiae
1898 2035 1949 2088 in
1981 2050 2068 2087 sa-

499 2128 704 2184 crificio
742 2127 962 2197 jubetur
997 2126 1198 2181 offerri.
1257 2127 1314 2184 ln
1366 2127 1536 2182 cauda
1581 2113 1778 2198 quippe
1825 2127 1945 2181 ﬁnis
1989 2136 2072 2179 est

497 2219 759 2286 corporis,
790 2228 844 2272 et
874 2217 960 2274 ille
987 2218 1120 2272 bene
1158 2217 1418 2282 immolat,
1450 2218 1542 2288 qui
1583 2218 1908 2272 sacriﬁcium
1943 2218 2068 2274 boni

497 2309 679 2379 operis
729 2325 899 2378 usque
942 2309 1008 2362 ad
1045 2308 1205 2363 ﬁnem
1270 2308 1466 2363 debita:
1515 2308 1763 2378 perducit
1820 2309 2066 2363 actionis.

499 2403 665 2456 Docet
700 2415 827 2469 ergo
855 2400 1110 2454 Dominus
1152 2401 1208 2452 in
1253 2399 1354 2454 har.
1383 2401 1761 2470 perseverandi
1807 2399 2072 2454 sententia

498 2494 755 2547 virtutem
806 2491 1256 2561 longanimitatis,
1311 2497 1365 2546 et
1411 2491 1712 2559 patientiae;
1771 2490 1918 2560 quod
1963 2503 2071 2550 non

499 2583 746 2650 coepisse,
775 2579 856 2635 vel
882 2580 1077 2645 facere,
1107 2580 1200 2636 sed
1228 2578 1488 2651 perﬁcere
1515 2581 1728 2636 virtutis
1748 2590 1848 2635 est.

571 2670 682 2724 Hoc
709 2671 846 2724 idem
874 2679 928 2724 et
955 2670 1282 2742 evangelista
1318 2669 1488 2726 Lucas
1523 2670 1676 2742 (Luc.
1720 2671 1834 2742 xxi)
1867 2671 1920 2725 in
1952 2670 2072 2726 aliis

501 2763 678 2817 verbis
704 2761 912 2816 Domini
957 2761 1228 2831 exprimit,
1263 2762 1446 2817 dicens
1473 2776 1488 2814 :
1538 2760 1605 2815 In
1632 2763 1882 2824 patientia
1906 2771 2072 2816 uestra

497 2853 819 2924 possidebitis
870 2853 1074 2905 animas
1117 2861 1332 2905 uestras.
1378 2849 1578 2923 (Greg.)
1632 2850 1872 2921 Denique
1919 2851 2072 2905 radix

497 2954 784 3013 custosque
820 2941 1057 2996 omnium
1087 2941 1344 2995 virtutum
1376 2941 1637 3012 patientia
1682 2950 1784 2995 est.
1835 2939 1939 2996 Per
1973 2957 2070 3011 pa-

498 3033 736 3087 tientiam
765 3046 894 3086 vero
922 3031 1259 3100 possidemus
1298 3031 1504 3084 animas
1551 3038 1786 3094 nostras,
1815 3029 1942 3083 dum
1977 3045 2072 3086 no-

498 3123 582 3178 bis
612 3123 742 3192 ipsis
769 3121 1030 3176 dominari
1076 3121 1353 3185 discimus,
1389 3119 1491 3175 hoc
1538 3120 1710 3189 ipsum
1753 3119 2071 3188 incipiemus

494 3203 770 3285 possidere
802 3214 943 3283 quod
968 3227 1171 3267 sumus.

569 3301 698 3358 Cum
727 3315 899 3356 autem
927 3311 1298 3372 persequentur
1325 3318 1410 3355 vos
1449 3301 1503 3354 in
1533 3303 1738 3355 civitate
1764 3303 1887 3364 ista,
1911 3301 2074 3370 fugite

497 3395 552 3448 in
581 3393 760 3448 aliam.
790 3394 1057 3467 (Hieron.)
1088 3393 1200 3450 Hoc
1227 3397 1294 3449 ad
1319 3395 1448 3449 illud
1476 3404 1687 3465 tempus
1727 3394 2072 3450 referendum

498 3493 605 3550 est,
636 3499 760 3540 cum
804 3485 872 3539 ad
921 3485 1360 3554 pradicationem
1412 3484 1654 3556 Apostoli
1699 3483 2068 3539 mittebantur.

499 3579 708 3646 Quibus
729 3586 782 3632 et
809 3578 1023 3648 proprie
1062 3577 1268 3631 dictum
1309 3583 1392 3632 est
1420 3593 1433 3630 :
1478 3575 1545 3629 In
1590 3576 1724 3630 uiam
1752 3575 1983 3647 gentium
2009 3593 2074 3630 ne

498 3665 746 3726 abieritis,
783 3674 832 3716 et
858 3664 912 3716 in
935 3664 1193 3717 civitatem
1220 3661 1675 3717 Samaritanorum
1704 3679 1766 3717 ne
1791 3664 2070 3716 intraveri-

497 3757 564 3810 tis
603 3755 817 3826 (Matth.
860 3754 938 3826 x).
969 3754 1124 3821 Quod
1155 3754 1581 3824 persecutionem
1627 3755 1821 3810 timere
1846 3768 1950 3808 non
1980 3754 2073 3808 de-

496 3846 680 3907 beant,
708 3852 763 3898 et
784 3845 1014 3898 debeant
1039 3843 1330 3898 declinare.
1352 3843 1506 3910 Quod
1526 3843 1738 3912 quidem
1763 3843 1994 3896 vidimus
2016 3843 2069 3898 in

496 3937 761 4008 principio
787 3935 979 3990 fecisse
1007 3935 1312 4001 credentes,
1349 3935 1564 4005 quando
1603 3945 1720 3989 orta
1755 3933 2068 4004 llieresoiy-

497 4027 601 4079 mis
624 4025 1004 4094 persecutione
1025 4025 1253 4093 dispersi
1285 4035 1410 4080 sunt
1430 4025 1485 4078 in
1509 4032 1622 4079 tota
1645 4023 1851 4090 ludam,
1881 4035 1943 4079 ut
1972 4025 2069 4079 tri-

495 4115 786 4170 bulationis
811 4113 1031 4171 occasio
1055 4114 1210 4168 ﬁeret
1238 4111 1510 4184 Evangelii
1553 4113 1924 4168 seminarium.

566 4202 1030 4267 Amendicovobis,
1054 4220 1156 4258 non
1179 4202 1603 4257 commutabitis
1625 4203 1862 4258 civitates
1877 4201 2066 4269 Israel,

495 4296 660 4349 donec
683 4294 853 4348 ueniat
880 4292 1057 4348 Filius
1103 4293 1349 4347 hominis.
1389 4291 1615 4363 (Μλυιδ.)
1647 4292 1900 4347 Ρηάἰνοὶι
1923 4293 2068 4348 enim

495 4385 770 4456 quodnon
801 4393 927 4439 ante
954 4385 1432 4454 predieationibus
1472 4385 1585 4439 suis
1624 4384 1694 4439 ad
1739 4384 1900 4439 ﬁdem
1947 4399 2068 4453 per-

495 4477 755 4531 ducerent
797 4491 984 4531 omnes
1015 4476 1262 4532 civitates
1305 4477 1490 4542 Israel,
1534 4493 1696 4546 quam
1743 4477 2070 4532 resurrectio

497 4566 709 4619 Domini
753 4565 913 4620 fuerit
941 4575 1265 4637 perpetrata,
1307 4575 1362 4621 et
1390 4567 1444 4620 in
1486 4574 1600 4620 toto
1637 4567 1772 4620 orbe
1800 4576 2067 4622 terrarum

495 4656 821 4725 praedicandi
857 4657 1202 4726 Evangelinm
1227 4663 1467 4725 potestas
1490 4669 1766 4710 concessa.
1798 4654 2068 4727 (meram)

499 4742 830 4812 Spiritaliter
859 4753 1038 4797 autem
1082 4758 1370 4814 possumus
1394 4743 1612 4799 dicere:
1647 4744 1778 4798 Cum
1816 4747 2068 4815 persecuti

497 4851 588 4890 eos
617 4833 809 4904 fuerint
842 4835 897 4888 in
923 4851 1027 4888 una
1055 4833 1280 4898 ciuitate,
1309 4832 1362 4889 id
1385 4840 1490 4898 est,
1519 4833 1572 4888 in
1620 4850 1728 4890 uno
1756 4834 2066 4905 Scriptura-

497 4939 618 4979 rum
646 4922 802 4988 libro,
826 4923 911 4980 vel
954 4924 1261 4980 testimonio
1291 4937 1388 4979 nos
1423 4922 1694 4993 fugiamus
1723 4925 1790 4979 ad
1826 4926 2066 4980 alias'ei-

494 5015 712 5079 vita-tes,
740 5015 793 5069 id
814 5023 918 5083 est,
947 5016 1014 5070 ad
1035 5015 1141 5070 alia
1165 5013 1455 5080 volumina,
1490 5023 1547 5070 et
1566 5017 1813 5085 quamvis
1841 5025 2067 5071 conten-

495 5105 665 5161 tiosus
691 5104 856 5162 fuerit
899 5115 1232 5176 persecutor,
1271 5115 1397 5162 ante
1433 5107 1739 5177 praesidium
1769 5105 2069 5162 Salvateris

496 5197 764 5263 adveniet,
791 5213 952 5269 quam
986 5197 1311 5253 adversariis
1340 5197 1562 5252 victoria
1589 5197 1936 5252 concedatur.

571 5287 692 5341 Non
720 5298 798 5342 est
822 5288 1110 5359 discipulus
1138 5305 1294 5359 super
1313 5289 1643 5358 magistrum,
1667 5304 1756 5342 nec
1780 5304 1955 5342 servus
1981 5305 2068 5341 su-

494 5395 587 5447 per
613 5378 883 5432 dominum
904 5395 1078 5433 suum.
1112 5377 1307 5450 Suﬂicit
1333 5377 1587 5447 discipulo
1615 5387 1668 5430 ut
1697 5379 1764 5431 sit
1793 5379 1926 5432 sicut
1953 5394 2066 5430 ma-

495 5469 654 5538 gister
675 5469 810 5538 ejus,
844 5478 891 5523 et
916 5486 1092 5524 servus
1133 5471 1267 5524 sicut
1298 5469 1540 5522 dominus
1565 5468 1700 5537 ejus.
1747 5468 1824 5522 Ac
1856 5468 1901 5522 si
1928 5467 2068 5522 dice-

498 5569 581 5614 ret
606 5579 618 5614 :
652 5561 805 5628 Quod
837 5563 1216 5634 egomagister
1239 5571 1296 5617 et
1322 5561 1580 5615 Dominus
1621 5561 1821 5630 patior,
1851 5575 1946 5614 vos
1986 5559 2068 5613 di—

501 5649 692 5717 scipuli
733 5657 790 5705 et
833 5652 974 5706 servi
1007 5668 1076 5706 ne
1123 5651 1469 5721 indignemini
1517 5651 1644 5720 pati.
1691 5652 1747 5705 Si
1792 5653 2066 5722 magister,

2171 1852 2285 1924 ipse
2329 1851 2599 1922 promisit,
2631 1853 2821 1907 eodem
2869 1854 3127 1908 instinctu
3171 1853 3390 1908 malitiae
3419 1853 3757 1909 calumnien-

2172 1952 2277 1997 tur.
2298 1941 2567 2014 (meram)
2592 1941 2896 1998 Notandum
2925 1952 3108 1999 autem
3139 1944 3284 2016 quod
3313 1944 3615 2000 Beelzebub
3641 1943 3758 1997 ido-

2170 2035 2278 2089 lum
2307 2043 2389 2089 cst
2415 2036 2680 2100 Accaron,
2716 2035 2858 2105 quod
2887 2043 3114 2091 vocatur
3148 2036 3201 2090 in
3249 2034 3456 2106 Regum
3487 2034 3759 2090 volumine

2171 2129 2370 2184 idolum
2400 2143 2620 2194 muscas,
2651 2127 2744 2182 Bel
2775 2129 2888 2198 ipse
2920 2137 3004 2184 est
3033 2127 3156 2182 Beel
3188 2128 3302 2182 sive
3344 2126 3532 2191 Bahal,
3579 2123 3755 2179 lebub

2170 2230 2348 2275 autem
2400 2237 2578 2275 musca
2623 2221 2839 2276 dicitur.
2892 2219 3201 2290 Principem
3249 2218 3642 2274 daemoniorum
3683 2231 3754 2272 ex

2170 2311 2504 2381 spurcissimi
2559 2311 2685 2365 idoli
2736 2309 3082 2381 appellabant
3127 2301 3406 2370 vocabulo.
3443 2308 3538 2377 qui
3574 2323 3758 2362 musca

2170 2401 2391 2465 dicitur,
2419 2411 2640 2472 propter
2665 2400 3063 2456 immunditiam
3110 2416 3231 2472 quae
3275 2400 3606 2456 exterminat
3651 2398 3758 2453 olei

2171 2491 2513 2546 suavitatem.
3127 2497 3130 2500 '

2244 2579 2326 2635 Ne
2351 2597 2471 2652 ergo
2496 2581 2774 2635 timueritis
2797 2597 2902 2636 eos.
2932 2580 2990 2636 ln
3026 2581 3377 2650 sequentibus
3406 2580 3756 2634 demonstra-

2170 2670 2320 2724 bitur
2341 2685 2440 2724 cur
2486 2669 2779 2739 discipulos
2824 2670 3161 2743 prohibuerit
3206 2679 3589 2738 persecutores
3631 2682 3762 2724 suos

2171 2762 2386 2825 timere,
2415 2760 2540 2829 quia
2573 2776 2710 2816 vana
2740 2769 2796 2814 et
2824 2758 3028 2830 fragilis
3055 2775 3143 2815 res
3169 2761 3279 2816 cito
3305 2760 3533 2818 decidua
3558 2768 3662 2815 est.

2245 2851 2396 2907 Nihil
2425 2853 2564 2906 enim
2601 2860 2838 2922 opertum
2878 2852 3018 2923 quod
3060 2869 3163 2906 non
3202 2851 3539 2913 revelabitur,
3578 2860 3626 2905 et
3673 2866 3764 2906 ac-

2172 2944 2372 2998 cultum
2401 2941 2543 3015 quod
2573 2959 2676 2996 non
2707 2943 2920 2997 scietur.
2973 2940 3243 3014 (Eiet-on.)
3289 2941 3357 2995 Et
3403 2941 3675 3010 quomodo
3705 2941 3763 2994 in

2173 3033 2426 3106 prasenti
2466 3031 2662 3087 saeculo
2695 3031 2986 3086 multorum
3015 3031 3145 3086 vitia
3191 3030 3529 3094 nesciuntur,
3572 3027 3668 3084 sed
3695 3027 3766 3082 de

2177 3127 2358 3182 futuro
2387 3134 2630 3195 tempore
2651 3125 2912 3196 scriptum
2938 3135 3042 3188 est,
3081 3125 3296 3196 quando
3329 3125 3596 3195 iudicabit
3619 3124 3764 3178 Deus

2175 3219 2487 3274 abscondita
2513 3217 2813 3280 hominum,
2837 3225 2891 3271 et
2917 3216 3239 3271 illuminabit
3261 3217 3474 3272 occulta
3511 3214 3762 3270 tenebra-

2139 3373 2144 3376 _
2177 3323 2312 3371 rum,
2343 3315 2401 3361 et
2442 3304 2726 3360 manifesta
2759 3304 2926 3376 faciet
2966 3306 3192 3360 consilia
3244 3306 3512 3359 cordium.
3570 3304 3636 3358 Et
3677 3314 3762 3359 est

2174 3412 2403 3453 sensus:
2451 3396 2626 3451 Nolite
2667 3396 2859 3451 timere
2909 3397 3168 3452 saevitiam
3219 3405 3654 3466 persecutorum,
3707 3405 3764 3449 et

2173 3487 2660 3559 blasphemantinm
2689 3486 2915 3551 rabiem,
2954 3487 3081 3556 quia
3109 3487 3291 3540 veniet
3323 3486 3439 3540 dies
3462 3484 3522 3552 ju
3548 3485 3670 3548 licii,
3703 3486 3757 3538 in

2172 3592 2280 3647 quo
2301 3584 2356 3632 et
2380 3586 2559 3630 vestra
2603 3576 2777 3629 virtus
2805 3582 2861 3630 et
2897 3590 3082 3630 eorum
3112 3575 3354 3646 nequitia
3401 3575 3748 3629 demonstra.

2171 3669 2336 3722 bitur.

2245 3756 2404 3824 Quod
2436 3758 2555 3812 dico
2590 3757 2728 3810 vobis
2774 3755 2828 3809 in
2869 3755 3111 3818 tenebris,
3141 3754 3298 3808 dicite
3337 3755 3391 3808 in
3433 3753 3666 3815 lumine;
3709 3763 3758 3805 et

2171 3847 2308 3920 quod
2333 3849 2389 3901 in
2414 3862 2540 3899 aure
2563 3846 2781 3911 auditis,
2801 3844 3080 3914 praedicata
3105 3859 3260 3912 super
3284 3852 3442 3896 tecta.
3480 3842 3634 3908 Quod
3662 3855 3757 3895 su-

2171 3939 2327 3994 distis
2350 3939 2402 3992 in
2433 3937 2715 4008 mysterio,
2743 3935 2984 4005 apertius
3010 3935 3330 4005 prmdicate;
3377 3935 3522 4003 quod
3550 3933 3756 3988 disciéis

2172 4029 2452 4092 absconse,
2495 4026 2711 4098 publice
2767 4025 3067 4096 loquimini.
3119 4023 3284 4092 Quod
3321 4039 3418 4080 vos
3449 4023 3656 4079 erudivi
3701 4022 3755 4077 in

2170 4133 2338 4188 parvo
2387 4116 2584 4172 ιυειωω
2626 4117 2766 4181 loco,
2818 4117 2873 4170 in
2920 4115 3190 4170 universis
3244 4114 3489 4179 urbibus,
3540 4115 3595 4168 in
3645 4121 3757 4168 toto

2171 4204 2373 4260 mundo
2404 4207 2661 4260 audacter
2685 4203 2866 4260 dicite.
2885 4203 3098 4277 (li-eda.)
3129 4202 3272 4258 Sane
3292 4203 3434 4274 quod
3460 4204 3578 4258 ait:
3605 4202 3756 4256 Prte-

2170 4297 2342 4351 dicate
2361 4313 2518 4368 super
2543 4305 2698 4360 tecta,
2715 4296 2871 4366 juxta
2899 4308 3103 4350 morem
3132 4294 3424 4366 provincia:
3445 4293 3757 4348 Palatina

2172 4387 2425 4457 loquitur,
2459 4385 2552 4440 ubi
2579 4386 2753 4442 solent
2780 4386 2834 4440 in
2863 4385 3022 4441 tectis
3067 4384 3325 4440 residere.
3360 4383 3486 4439 Non
3506 4385 3651 4439 enim
3675 4393 3758 4438 te-

2170 4485 2256 4532 cta
2287 4485 2476 4532 nostro
2520 4491 2673 4532 more
2717 4475 3044 4531 culminibus
3093 4474 3402 4540 sublimata,
3449 4473 3548 4530 sed
3599 4475 3759 4543 plano

2170 4569 2443 4623 schemate
2468 4566 2670 4622 faciunt
2693 4566 2956 4636 aequalia;
2989 4566 3130 4621 unde
3178 4565 3263 4620 lex
3303 4565 3550 4636 praecipit
3575 4573 3636 4618 ut
3667 4569 3759 4634 qui

2169 4673 2368 4713 novam
2400 4658 2620 4713 domum
2663 4657 2978 4724 aediﬁcaret,
3025 4671 3248 4711 memet
3286 4657 3412 4711 tecti
3446 4665 3677 4726 poneret
3702 4657 3756 4710 in

2171 4763 2324 4820 gyro,
2356 4763 2432 4803 ne.
2471 4747 2789 4804 huderetur
2832 4747 2908 4803 ibi
2950 4748 3172 4818 sanguis
3222 4746 3490 4809 innoxius,
3549 4746 3758 4801 labente

2171 4839 2425 4908 sliquoet
2453 4837 2508 4892 in
2547 4852 2786 4908 praeceps
2818 4845 3028 4892 ruente.
3063 4836 3130 4890 Et
3178 4837 3236 4890 in
3279 4835 3463 4906 templi
3510 4845 3754 4891 constm-

2174 4930 2352 4984 ctione
2397 4929 2666 4999 legimus:
2721 4927 2868 4982 Texit
2916 4943 3119 4999 quoque
3165 4927 3376 4980 Mum
3426 4926 3755 4998 laquearibus

2172 5021 2422 5085 cedrinis,
2466 5029 2514 5076 et
2561 5019 2843 5088 ediﬁcauit
2890 5018 3180 5072 tabulatum
3223 5033 3388 5088 super
3416 5032 3621 5071 omnem
3667 5016 3755 5068 do-

2172 5128 2315 5165 mum
2339 5111 2563 5182 quinque
2589 5108 2776 5163 cubitis
2822 5107 3118 5162 altitudinis
3169 5105 3255 5178 (ιι
3310 5104 3440 5176 Reg.
3487 5105 3586 5176 vr).
3621 5104 3754 5173 Ergo

2174 5200 2553 5271 pmdiealﬁtur
2595 5199 2650 5253 in
2685 5197 2860 5264 tectis,
2887 5199 3033 5267 quod
3051 5196 3261 5252 cunctis
3293 5195 3643 5250 audientibus
3671 5209 3753 5263 pa-

2172 5291 2279 5348 lam
2319 5291 2552 5346 dicetur.

2244 5383 2311 5436 Et
2338 5381 2492 5436 nolite
2533 5382 2716 5435 timere
2753 5396 2842 5434 eos
2866 5382 2955 5451 qui
2987 5378 3228 5433 occidunt
3269 5393 3484 5446 corpus,
3527 5375 3750 5428 enim

2173 5483 2345 5525 autem
2383 5487 2484 5524 non
2513 5478 2727 5540 possunt
2772 5469 3024 5523 occidere.
3080 5467 3138 5522 Si
3189 5467 3334 5524 ertim
3383 5473 3753 5535 ρει-κων)Γῶ

2174 5572 2484 5618 sanctorum
2532 5560 2728 5619 occisis
2771 5555 3088 5629 corporibus
3137 5557 3485 5617 non-haben:
3530 5552 3755 5625 mplius

2174 5655 2301 5721 quid
2326 5662 2516 5706 contra
2549 5653 2665 5705 illos
2706 5659 2887 5720 agant,
2919 5663 3048 5720 ergo
3079 5664 3413 5720 supervacua
3441 5648 3646 5703 furiunt
3678 5645 3758 5699 in-
