3978 6190
284 240 383 298 901

1263 238 1614 294 (ῙΟΜΜΕΝΙ.
1657 238 1722 291 l-N
1760 240 2195 299 MATTIIA'ZUM.
2237 277 2305 286 ——
2343 247 2467 302 UB.
2509 248 2591 305 Ill.

3443 261 3547 322 Μ

198 366 205 371 '
278 353 457 416 sauia,
480 351 573 420 qui
603 361 814 409 mortus
861 352 1161 424 martyrum
1200 355 1448 451 membra
1477 354 1607 411 feris
1648 356 1865 412 avibus-
1894 360 1943 420 Α
1969 363 2267 434 evangelici
2313 369 2578 437 sermonis
2606 372 2817 442 corpori
2863 381 3167 446 conpletur,
3212 393 3318 433 non
3368 396 3549 451 parvae

278 454 387 510 que
408 440 765 510 discerpenda
813 441 1122 512 projiclunt,
1166 442 1252 498 vel
1283 445 1337 498 in
1374 459 1536 501 auras
1561 447 1862 510 extenuari,

278 531 366 586 vel
411 531 468 586 in
510 532 685 587 undas
715 532 872 598 solvi,
902 533 984 588 vel
1024 548 1120 604 per
1146 532 1395 592 ﬂammas
1424 537 1478 592 in
1506 539 1747 593 cinerem
1787 537 1868 593 fa-

275 625 435 701 ciant
477 623 691 694 redigi:
733 638 858 679 cum
905 636 1245 696 nequaquam
1294 628 1699 699 omnipotentiae
1744 627 1864 697 Dei,

275 715 415 784 quin
432 728 500 771 ea
521 712 896 771 resuscitando
927 714 1180 783 viviﬂeet,
1207 718 1476 775 obsistere
1506 721 1739 792 possint.

350 807 461 863 Sed
482 808 654 879 potius
681 823 798 862 eum
830 810 1003 866 timete
1032 812 1124 884 qui
1149 822 1316 884 potest
1343 824 1395 869 et
1422 817 1653 871 animum
1676 827 1726 871 et
1749 834 1865 873 cor-

274 911 377 965 pus
401 896 618 968 perdere
642 898 699 952 in
725 897 1031 969 gehennam.
1074 902 1279 957 Nomen
1322 904 1582 973 gehennte
1629 905 1684 960 in
1714 914 1861 962 vete-

276 988 433 1045 ribus
463 986 622 1045 libris
659 1002 767 1044 non
806 990 1099 1060 invenitur,
1131 995 1225 1049 sed
1248 995 1483 1066 primum
1523 1010 1553 1050 a
1582 995 1864 1054 Salvatore

277 1078 522 1148 ponitur.
555 1078 873 1147 Quaramus
926 1094 1057 1153 ergo
1102 1092 1223 1152 quae
1268 1085 1340 1141 sit
1385 1087 1653 1142 sermonis
1703 1086 1864 1160 hujus

274 1162 514 1224 occasio.
535 1168 740 1225 idolum
767 1168 899 1223 Baal
918 1167 1083 1226 luisse
1111 1173 1266 1243 juxta
1293 1174 1651 1244 Hierusalem,
1680 1177 1747 1233 ad
1773 1193 1864 1233 ra-

274 1255 428 1313 dices
458 1257 657 1313 montis
682 1256 870 1323 Moris,
903 1259 959 1313 in
987 1260 1183 1330 quibus
1216 1262 1365 1318 Siloa
1392 1264 1526 1331 ﬂuit,
1561 1280 1667 1321 non
1694 1268 1860 1325 semel

277 1347 529 1418 legimus.
560 1347 685 1403 Haec
710 1348 865 1403 vallis
893 1358 951 1403 et
980 1338 1146 1424 parva
1168 1356 1343 1425 campi
1372 1356 1622 1426 planities
1654 1359 1857 1432 irrigua

275 1447 401 1492 erat
435 1447 490 1493 et
514 1440 820 1504 nemorosa,
864 1449 923 1494 et
962 1442 1119 1517 plena
1173 1444 1403 1511 deliciis,
1435 1456 1489 1501 et
1518 1448 1670 1504 lucus
1710 1451 1762 1505 in
1793 1466 1857 1508 ea

274 1525 423 1581 idolo
469 1534 837 1581 consecratus.
868 1526 926 1583 la
955 1538 1159 1586 tantam
1204 1542 1382 1588 autem
1423 1536 1649 1608 populus
1694 1538 1857 1596 Israel

270 1616 609 1675 dementiam
634 1626 874 1683 venerat,
925 1627 986 1673 ut
1028 1621 1244 1676 deserta
1292 1625 1477 1695 templi
1517 1628 1733 1695 vicinia,
1781 1630 1853 1686 ibi

1966 449 2295 509 difﬁcultatis
2340 466 2442 512 est.
2489 457 2705 526 Qumret
2760 459 2990 518 fortasse
3045 464 3242 536 aliquis
3276 449 3547 538 quomodo

1965 544 2110 600 dicat
2150 545 2438 617 Apostolus
2476 569 2489 604 :
2535 549 2793 624 Nunquid
2840 555 2904 609 de
2942 555 3099 613 bobus
3143 573 3270 613 cura
3305 566 3384 613 est
3439 558 3545 613 Deo

1967 632 2021 707 (Ι
2048 632 2173 691 Cor.
2198 639 2299 707 rx),
2323 654 2446 694 cum
2476 640 2662 711 utique
2694 644 2794 698 bos
2836 658 3056 715 passere
3102 648 3390 717 pretiosior
3433 650 3542 703 exi-

1962 732 2090 782 stat.
2142 724 2250 784 Sed
2291 728 2435 785 aliud
2474 745 2636 797 cura,
2676 731 2826 788 aliud
2865 751 2993 791 vero
3032 745 3117 792 est
3158 739 3402 795 scicntia.
3436 742 3533 796 De-

1962 817 2129 887 nique
2173 834 2430 877 numerus
2477 821 2833 892 capillorum,
2874 825 2941 881 de
2989 841 3096 903 quo
3146 840 3545 901 consequenter

1964 909 2040 962 ait
2068 924 2083 961 :
3138 906 3141 915 “

2044 994 2212 1050 Vestri
2257 1005 2433 1052 autem
2484 1007 2533 1053 et
2588 1000 2768 1071 capilli
2820 1003 3007 1073 capitis
3050 1018 3233 1061 omnes
3283 1009 3545 1064 numerati

1960 1097 2102 1143 sunt.
2134 1086 2347 1167 (Βειία.)
2379 1088 2493 1147 Non
2519 1092 2574 1147 in
2605 1104 2730 1148 actu
2770 1098 3206 1166 computationis,
3237 1098 3339 1154 sed
3376 1100 3429 1153 in
3462 1099 3544 1154 fas

1962 1181 2164 1235 cultate
2205 1180 2531 1261 cognitionis
2575 1186 2838 1256 accipitur
2871 1206 2884 1241 :
2924 1203 3033 1243 non
3063 1188 3208 1243 enim
3250 1188 3543 1261 sollicitam

1962 1268 2103 1324 Deus
2147 1258 2290 1327 cura:
2332 1276 2668 1329 numerantls
2698 1275 2929 1330 intendit
2958 1277 3272 1344 excubiam,
3316 1279 3411 1333 sed
3453 1258 3540 1334 cui

1960 1361 2173 1431 cognita
2218 1371 2344 1416 sunt
2386 1364 2595 1429 omnia,
2634 1365 2791 1435 quasi
2838 1375 3120 1423 numerata
3163 1376 3292 1423 sunt
3333 1369 3534 1423 omnia.

1963 1449 2229 1524 (Πὶενοη.)
2270 1452 2413 1508 Bene
2439 1438 2615 1509 tamen
2661 1462 2941 1509 numerata
2969 1456 3243 1521 dicuntur,
3269 1458 3392 1526 quia
3419 1474 3539 1526 qua:

1959 1541 2211 1597 volumus
2251 1558 2493 1608 servare,
2539 1558 2924 1600 numeramus:
2959 1544 3048 1599 ubi
3079 1546 3398 1601 immensam
3443 1546 3538 1599 Dei

1959 1643 2084 1701 erga
2114 1631 2359 1686 homines
2405 1632 2645 1687 ostendit
2670 1633 3065 1701 providentiam
3113 1643 3170 1688 et
3217 1632 3539 1688 ineliabilem

272 1706 486 1765 hostias
509 1706 830 1771 immolaret,
859 1717 915 1763 et
946 1710 1177 1781 rigorem
1207 1712 1481 1785 religionis
1515 1716 1718 1773 delicia:
1737 1719 1855 1774 vin-
1884 1703 1932 1762 Β
1958 1714 2223 1801 significat
2268 1714 2540 1771 allectum.
2571 1715 2726 1784 Quod
2772 1717 2907 1770 nihil
2950 1726 3194 1773 nostrum
3246 1718 3411 1771 Deum
3460 1717 3539 1771 la-

269 1804 485 1861 eerent,
518 1794 759 1866 ﬁliosque
793 1810 922 1852 suos
963 1798 1314 1855 incenderent
1352 1802 1579 1858 daemonii
1623 1806 1713 1860 vel
1747 1808 1849 1861 ini-

269 1888 498 1952 tiarent,
528 1894 583 1943 et
618 1887 986 1957 appellabatur
1014 1890 1167 1946 locus
1195 1893 1290 1948 ille
1329 1891 1646 1963 Gehennon,
1680 1899 1732 1953 id
1766 1898 1854 1956 est

268 1978 431 2032 vallis
457 1977 687 2033 ﬁliorum
715 1978 922 2033 Ennon.
954 1979 1068 2035 Hoc
1089 1981 1297 2053 Regum
1318 1983 1568 2040 volumen
1598 1996 1654 2040 et
1686 1986 1850 2043 Para-

269 2066 600 2136 lipomenon,
622 2076 679 2122 et
701 2066 963 2124 Jeremias
989 2071 1232 2127 scribunt
1253 2073 1579 2143 plenissime.
1609 2077 1675 2131 Et
1699 2093 1847 2133 com-

268 2160 515 2214 minatur
549 2158 689 2214 Deus
715 2174 774 2215 se
798 2160 974 2215 locum
1020 2162 1168 2218 illum
1196 2165 1540 2235 impleturum
1569 2170 1849 2226 cadaveri-

269 2248 379 2304 bus
423 2258 779 2316 mortuorum,
826 2262 887 2305 ut
931 2268 1273 2327 nequaquam
1303 2259 1755 2331 vocetur'l'opltet
1797 2273 1853 2317 et

270 2339 426 2405 Baal,
458 2342 550 2395 sed
577 2351 800 2396 vocetur
827 2342 1205 2413 Polyaudrum,
1238 2346 1291 2399 id
1312 2357 1414 2412 est,
1446 2349 1679 2404 tumulus
1708 2366 1856 2407 mor-

274 2439 514 2483 tuorum.
543 2428 743 2485 Futura
772 2445 913 2500 ergo
952 2430 1231 2500 supplicia,
1277 2441 1333 2488 et
1369 2449 1544 2504 ptenas
1579 2442 1853 2507 perpetuac

266 2520 483 2589 quibus“
517 2530 830 2592 peccatores
871 2522 1145 2578 cruciandi
1191 2532 1337 2590 sunt,
1368 2524 1526 2593 huius
1560 2526 1661 2584 loci
1692 2545 1853 2585 voca-

268 2607 404 2663 bulo
444 2608 786 2679 denotamur.
827 2609 1102 2679 Duplicem
1154 2620 1333 2666 autem
1363 2627 1485 2670 esse
1531 2616 1850 2686 gehennam,

271 2699 417 2769 ignis
443 2709 498 2755 et
520 2698 754 2769 frigoris,
772 2700 843 2753 in
866 2698 967 2754 Job
990 2701 1304 2769 plenissime
1324 2704 1563 2776 legimus.

344 2791 542 2848 Nam
567 2792 674 2847 duo
698 2808 931 2862 passeres
974 2804 1091 2849 asse
1118 2806 1355 2865 veneunt,
1399 2810 1448 2854 et
1475 2817 1611 2857 unus
1649 2820 1713 2857 ex
1749 2800 1853 2860 illis

266 2897 378 2937 non
408 2883 557 2939 cadet
587 2897 742 2953 super
778 2892 979 2937 terram
996 2884 1108 2939 sine
1136 2884 1295 2941 Patre
1319 2899 1506 2944 vestro.
1539 2891 1718 2948 limret
1750 2896 1849 2952 sibi

264 2983 462 3025 sermo
491 2968 819 3034 Dominieus,
862 2979 918 3025 et
958 2975 1346 3042 consequentia
1387 2979 1623 3046 pendent
1661 2995 1727 3035 ex
1764 2996 1855 3036 su-

1962 1808 2093 1870 teat,
2127 1812 2181 1860 et
2218 1819 2387 1874 parva
2415 1807 2577 1860 etiam
2619 1807 2899 1876 otiosaque
2924 1807 3067 1861 dicta
3095 1807 3213 1877 ejus
3256 1808 3537 1875 scientiam

1956 1912 2064 1952 non
2114 1896 2341 1968 fugiant.
2381 1897 2563 1971 (Aug.)
2611 1900 2868 1955 Derident
2913 1898 3323 1974 intelligentiam
3362 1904 3537 1960 eccle-

1957 1988 2233 2044 siasticam
2258 1990 2312 2044 in
2342 1988 2445 2044 hoc
2471 1989 2606 2054 loco,
2637 1992 2727 2059 qui
2754 1992 2934 2047 carnis
2961 1994 3415 2048 resurrectionem
3442 2010 3534 2050 ne-

1956 2085 2119 2147 gant,
2158 2078 2311 2148 quasi
2359 2094 2458 2133 nos
2503 2079 2674 2148 ipsam
2707 2090 2980 2135 terrenam
3013 2091 3260 2148 matrem,
3290 2098 3410 2153 quae
3452 2084 3536 2139 di-

1955 2168 2209 2223 scedente
2236 2168 2426 2223 anima
2453 2168 2514 2223 ﬁt
2556 2170 2807 2235 cadater,
2846 2171 2917 2224 ita
2949 2174 3344 2229 resurrectione
3382 2191 3538 2245 repa-

1958 2260 2181 2315 randam
2226 2261 2470 2314 dicamus
2513 2268 2579 2315 ut
2600 2272 2663 2315 ea
2691 2272 2811 2330 quae
2840 2261 3173 2328 dilabuntur,
3210 2264 3279 2319 et‘
3311 2266 3366 2319 in
3398 2267 3534 2322 alias

1956 2356 2119 2418 atque
2141 2348 2275 2402 alias
2320 2349 2550 2405 aliarum
2596 2365 2776 2406 rerum
2824 2355 3031 2423 species
3076 2352 3383 2426 formasque
3415 2372 3538 2412 ver-

1956 2445 2144 2493 tuntur
2183 2435 2449 2508 (quamvis
2494 2441 2561 2493 ad
2604 2456 2801 2510 corpus
2851 2443 3074 2505 redeant
3121 2443 3263 2500 unde
3315 2445 3535 2516 delapsa

1956 2528 2137 2600 sunt),
2183 2531 2251 2585 ad
2279 2530 2496 2585 easdem
2541 2544 2755 2601 quoque
2799 2534 3042 2603 corporis
3073 2543 3255 2604 partes
3288 2534 3380 2590 ubi
3427 2538 3539 2591 lue-

1958 2630 2086 2676 runt
2113 2622 2290 2677 redire
2333 2636 2554 2678 necesse
2582 2631 2685 2677 est.
2732 2623 2945 2695 Alioqui
2992 2624 3038 2679 si
3086 2624 3297 2695 capillis
3343 2626 3538 2696 capitis

1959 2712 2096 2766 redit
2118 2710 2260 2780 quod
2286 2718 2394 2766 tam
2419 2713 2607 2767 crebra
2635 2720 2853 2767 tonsura
2880 2713 3135 2779 detraxit,
3164 2715 3208 2769 si
3238 2716 3532 2783 unguibus,
3620 2714 3624 2718 ’

1955 2799 2097 2868 quod
2132 2800 2294 2854 toties
2337 2801 2566 2870 dempsit
2605 2801 2844 2856 exsectio
2881 2801 3234 2856 immoderata
3281 2809 3338 2857 et
3370 2802 3524 2860 inde-

1958 2904 2086 2946 cens
2113 2891 2489 2959 cogitantibus,
2515 2899 2570 2946 et
2598 2892 2718 2947 ideo
2740 2893 3191 2947 resurrectionem
3216 2893 3398 2947 carnis
3424 2907 3530 2947 non

1957 2979 2319 3044 credentibus,
2361 2980 2601 3035 occurrit
2652 2978 2983 3035 formositas.
3031 2979 3139 3036 Sed
3178 2980 3531 3050 quemadmo-

268 3058 595 3129 periorﬂius.
623 3058 868 3117 Prudens
902 3060 1090 3128 lector,
1118 3077 1255 3123 cave
1274 3079 1490 3137 semper
1515 3052 1850 3139 superstitio.
1884 3052 1926 3112 ί]
1958 3067 2084 3122 dum
2117 3067 2161 3121 si
2199 3076 2378 3121 statua
2421 3066 2704 3136 cujuslibet
2748 3068 2991 3125 solubilis
3037 3068 3239 3123 metalli
3269 3077 3364 3122 aut
3411 3068 3535 3138 igne

271 3166 395 3205 sam
443 3150 884 3222 intelligentiam,
924 3162 983 3206 ut
1022 3169 1128 3209 non
1167 3162 1263 3210 tuo
1302 3158 1484 3213 sensui
1530 3168 1856 3233 attemperes

272 3240 611 3309 Scripturas,
634 3242 729 3301 sed
775 3241 1071 3312 Scripturis
1093 3245 1291 3316 jungas
1318 3261 1538 3304 sensum
1576 3258 1730 3309 tuum
1750 3295 1764 3319 ,
1800 3265 1859 3310 et

271 3334 545 3405 intelligas
567 3334 699 3404 quid
738 3344 1014 3404 sequatur.
1047 3336 1221 3407 Supra
1267 3338 1480 3394 dixerat
1516 3359 1531 3394 :
1566 3340 1743 3399 Nolite
1780 3349 1850 3400 ti-

269 3441 433 3501 mere
457 3441 542 3480 eos
579 3427 669 3496 qui
716 3426 956 3483 occidunt
1002 3442 1221 3497 corpus,
1262 3429 1492 3484 annuam
1535 3442 1709 3487 autem
1752 3451 1855 3491 non

269 3528 495 3591 possunt
565 3518 818 3573 occidere.
892 3518 1047 3574 Nunc
1110 3518 1350 3590 loquitur
1408 3533 1852 3594 consequenter:

273 3611 472 3671 Nonne
494 3611 603 3675 duo
624 3628 859 3683 possem
887 3614 1264 3676 asu‘mmut.
1291 3624 1339 3671 et
1365 3632 1500 3670 unus
1528 3631 1593 3670 ετ
1621 3617 1727 3672 illis
1751 3636 1855 3675 non

269 3708 427 3763 cadet
449 3725 606 3779 super
628 3712 822 3767 terram
849 3713 969 3773 sine
1005 3704 1166 3769 Patre
1193 3724 1376 3769 uestro.
1411 3718 1480 3773 Et
1509 3725 1593 3770 est
1619 3724 1813 3770 sensus
1837 3725 1852 3763 :

269 3799 333 3856 Si
366 3815 534 3870 parva
569 3802 821 3865 animalia
846 3814 905 3858 et
934 3804 1057 3858 vilia
1087 3805 1290 3876 absque
1325 3808 1437 3861 Deo
1479 3815 1707 3863 auctore
1747 3816 1852 3856 non

266 3892 556 3959 decidunt,
592 3902 653 3950 et.
690 3894 747 3951 in
774 3895 1024 3950 omnibus
1050 3904 1135 3952 est
1171 3896 1531 3966 providentia,
1546 3907 1619 3952 et
1648 3911 1769 3967 quae
1798 3914 1852 3952 m

264 3985 358 4040 eis
386 3994 519 4049 sunt
552 3987 818 4056 peritura,
842 3988 963 4043 sine
1005 3988 1101 4045 Dei
1142 3987 1417 4044 voluntate
1453 4005 1561 4045 non
1591 4000 1850 4061 pereunt;

263 4091 377 4129 ms
393 4077 488 4146 qui
510 4077 699 4153 aeterni
724 4078 877 4144 estis,
904 4092 1012 4133 non
1038 4076 1248 4134 debetis
1264 4078 1463 4137 timene
1486 4080 1628 4150 quod
1650 4079 1854 4148 absque

266 4165 378 4227 Dei
412 4165 607 4228 vivatis
649 4168 1005 4239 providentia.
1043 4168 1152 4224 Iste
1176 4178 1368 4226 sensus
1404 4180 1467 4226 et
1491 4185 1652 4242 supra
1677 4158 1856 4228 dictus

267 4263 384 4312 est.

346 4345 654 4404 Notandum
711 4354 892 4404 autem
947 4349 1088 4420 quod
1136 4365 1267 4405 cum
1316 4348 1599 4406 Mattbzeus
1644 4360 1850 4422 ponat:

271 4434 475 4503 Nonne
500 4437 609 4499 duo
637 4456 869 4510 passeres
897 4456 1013 4495 asse
1040 4449 1288 4505 aeneum,
1318 4441 1492 4500 Lucas
1534 4455 1639 4495 non
1679 4456 1855 4521 assem

268 4528 380 4591 sed
399 4528 711 4600 dipondium
734 4538 1019 4591 memorat.
1046 4529 1101 4584 Ν
1103 4546 1261 4597 arma,
1279 4529 1473 4598 inquit,
1490 4531 1717 4601 quinque
1740 4548 1858 4602 pas-

269 4634 421 4679 seres
455 4630 673 4677 aeneum
714 4620 962 4692 dipondio
1010 4620 1161 4692 (Luc.
1188 4617 1316 4692 sit).
1364 4619 1658 4689 Dipondius
1702 4634 1854 4689 ergo,

270 4727 393 4790 quo
422 4713 662 4785 inlitique
702 4726 952 4783 passeres
994 4718 1257 4776 veneunt,
1298 4710 1359 4765 id
1398 4719 1481 4766 est
1525 4710 1854 4776 vendantur,
1894 4772 1901 4779 ,

267 4818 465 4876 genus.
475 4813 560 4860 est
572 4804 840 4876 ponderis
860 4803 1120 4876 levissimi
1145 4819 1207 4858 ex
1234 4802 1444 4858 duobus
1472 4802 1684 4859 assibus
1707 4816 1855 4859 com-

271 4895 467 4969 positi.
502 4893 614 4950 Nec
646 4893 869 4949 interest
912 4893 1105 4964 aliquis
1152 4906 1433 4958 numerus,
1459 4893 1552 4947 sed
1585 4892 1862 4962 proximus

271 4995 368 5041 est
396 4994 520 5054 post
543 4998 724 5041 assem
753 4984 1066 5054 dipondios;
1094 4981 1413 5053 ponderales
1441 4983 1585 5037 enim
1615 4982 1717 5053 ipsi
1760 4998 1860 5037 nu-

271 5082 419 5138 meri
463 5088 674 5141 suntet
714 5080 784 5135 ad
814 5079 1037 5159 pondus
1061 5078 1352 5157 pertinent.
1396 5076 1561 5147 idque
1606 5075 1749 5146 quod
1799 5075 1855 5130 in

268 5170 544 5228 cardiu-ali
589 5184 819 5233 numero
863 5162 1060 5224 dicitur
1100 5182 1296 5230 unum,
1337 5166 1439 5220 hoc
1485 5166 1540 5219 in
1576 5165 1855 5234 ponderali

265 5278 340 5318 as
371 5261 485 5316 sive
512 5259 669 5324 assis,
697 5267 751 5313 et
776 5257 919 5327 quod
946 5256 1020 5313 ibi
1045 5256 1170 5320 duo,
1199 5256 1287 5309 hic
1314 5254 1511 5335 (iussis,
1543 5253 1628 5309 vel
1667 5253 1860 5322 dipons

267 5354 407 5411 dius
449 5351 663 5411 (ﬁcitur.
694 5346 925 5416 Quidam
952 5354 1142 5403 coacte
1174 5345 1281 5399 duo
1325 5338 1572 5414 passeres
1612 5343 1857 5398 animam

269 5446 710 5514 interpretantur
728 5447 786 5497 et
810 5453 1004 5508 corpus
1033 5455 1047 5492 :
1078 5436 1313 5507 quinque
1347 5446 1560 5505 quoque
1587 5449 1853 5506 passeres,

271 5533 581 5595 secundum
613 5532 835 5598 Lucam,
865 5529 957 5601 qui
998 5528 1207 5587 (imbus
1234 5526 1446 5581 assibus
1479 5534 1745 5591 veneunt,
1786 5525 1855 5580 ad

270 5638 474 5684 sensus
537 5621 796 5680 scierunt.
859 5619 965 5685 Sed
1022 5616 1287 5689 quomodo
1354 5616 1443 5670 illa
1502 5615 1853 5686 intelligentia

1959 3157 2303 3225 liquesceret,
2327 3164 2420 3211 aut
2455 3166 2824 3213 contereretur
2865 3158 2919 3212 in
2955 3158 3254 3227 pulverem,
3287 3166 3380 3211 aut
3408 3173 3538 3211 con-

1959 3248 2275 3302 funderetur
2304 3249 2356 3302 in
2387 3263 2643 3315 mussant,
2669 3256 2724 3304 et
2755 3262 2875 3304 eam
2911 3248 3072 3303 vellet
3108 3247 3303 3304 artifex
3350 3264 3539 3303 rursus

1957 3353 2025 3394 ex
2054 3338 2196 3393 illius
2231 3339 2472 3394 materim
2507 3341 2811 3409 quantitate
2838 3354 3112 3412 reparare,
3141 3340 3277 3396 nihil
3306 3340 3534 3396 interes-

1958 3436 2042 3483 set
2068 3429 2138 3484 ad
2164 3427 2279 3497 ejus
2308 3429 2672 3500 integritatem
2709 3445 2829 3500 quae
2860 3431 3127 3501 particula
3154 3432 3414 3496 materiae,
3444 3431 3533 3484 cui

1955 3518 2198 3575 membro
2228 3526 2433 3595 statum
2478 3520 2817 3586 redderetur,
2846 3522 2972 3575 dum
3010 3529 3191 3576 tamen
3228 3530 3397 3599 totum
3417 3561 3433 3587 ,
3463 3534 3534 3574 ex

1954 3622 2063 3676 quo
2106 3607 2355 3671 restituta
2397 3607 2591 3675 fuerit,
2638 3610 2937 3665 resumeret
2963 3612 3082 3665 :ita
3111 3602 3276 3678 Deus,
3307 3613 3535 3669 mirabi-

1954 3696 2077 3753 liter
2115 3706 2278 3766 atque
2320 3698 2659 3756 ineﬂ'abiliter
2709 3700 2930 3765 artifex,
2977 3702 3042 3757 de
3094 3711 3208 3758 toto
3253 3719 3361 3774 quo
3402 3723 3532 3765 caro

1953 3796 2138 3841 nostra
2181 3788 2529 3854 constiterat,
2570 3804 2690 3846 eam
2735 3791 2966 3850 mirabili
3003 3793 3353 3870 et‘inelfabili
3388 3803 3528 3858 cele-

1954 3875 2116 3958 ritate
2143 3876 2407 3941 restituet.
2436 3882 2547 3939 Nec
2592 3885 2794 3955 aliquid
2823 3886 3070 3941 attinebit
3098 3888 3165 3942 ad
3206 3888 3329 3958 ejus
3351 3891 3533 3945 redin-

1955 3951 2309 4044 tdgrationem
2358 3982 2539 4028 utrum
2588 3951 2767 4045 capilli
2816 3974 2886 4030 ad
2930 3976 3155 4047 capillos
3209 3951 3431 4035 redeant
3478 3994 3534 4037 et

1954 4062 2162 4134 ungues
2182 4063 2251 4118 ad
2279 4079 2500 4134 negites,
2528 4080 2600 4119 an
2627 4065 2887 4136 quidquid
2910 4080 3099 4122 eorum
3130 4068 3388 4138 perierat,
3420 4084 3533 4124 mu—

1953 4162 2098 4215 tetur
2133 4155 2189 4209 in
2215 4167 2433 4209 carnem
2464 4162 2522 4208 et
2552 4154 2605 4208 in
2643 4161 2827 4225 partes
2856 4153 2993 4209 alias
3032 4157 3277 4226 corporis
3315 4172 3535 4213 revoce-

1954 4261 2064 4317 tur,
2094 4256 2319 4306 curante
2356 4247 2584 4304 artiﬁcis
2616 4246 2977 4321 providentia,
3008 4264 3076 4306 ne
3107 4250 3239 4321 quid
3276 4248 3532 4307 indecens

2256 4334 2259 4335 ν
2716 4334 2721 4341 α

2032 4432 2210 4487 Nolite
2235 4448 2357 4504 ergo
2393 4448 2480 4487 vos
2515 4428 2718 4495 timere,
2742 4433 2867 4503 quia
2895 4432 3071 4488 multis
3097 4436 3391 4505 passeribus
3428 4453 3535 4492 me-

1958 4524 2113 4577 liores
2141 4523 2263 4576 estis
2291 4536 2401 4576 eos.
2441 4521 2665 4593 (illum)
2709 4520 2955 4578 Meliores
2981 4523 3112 4581 dicit
3141 4525 3267 4593 quia
3301 4525 3533 4581 rationa-

1958 4613 2054 4677 les,
2091 4612 2219 4682 quia
2247 4612 2316 4667 ad
2345 4612 2632 4681 imaginem
2662 4609 2761 4666 Dei
2783 4612 2974 4677 creati,
3003 4614 3126 4681 quia
3149 4617 3339 4669 aeterni
3364 4631 3379 4669 :
3408 4631 3535 4685 pro-

1957 4714 2081 4775 pter
2100 4703 2380 4759 bominem
2410 4703 2553 4757 enim
2581 4713 2765 4757 creata
2805 4711 2941 4757 sunt
2971 4705 3128 4758 bruta
3158 4706 3432 4773 animalia,
3472 4717 3531 4763 ut

1958 4793 2183 4848 haberet
2210 4791 2301 4846 ille
2327 4793 2715 4848 nutrimentum
2741 4799 2904 4863 atque
2928 4794 3235 4861 servitium,
3269 4811 3377 4851 non
3409 4811 3534 4866 pro-

1962 4894 2083 4954 pter
2103 4881 2370 4954 jumenta,
2404 4885 2585 4937 homo.

2031 4974 2217 5029 Omnis
2252 4988 2374 5043 ergo
2397 4972 2485 5043 qui
2520 4969 2847 5040 conﬁtebitur
2884 4988 2966 5026 me
3006 4988 3189 5040 coram
3214 4972 3529 5036 hominibus,

1960 5064 2243 5134 conﬁtebor
2284 5074 2332 5117 et
2369 5078 2462 5132 ego
2495 5077 2611 5116 eum
2654 5044 2830 5115 coram
2878 5058 3040 5115 Patre
3080 5075 3194 5115 meo
3239 5061 3329 5131 qui
3361 5071 3437 5113 est
3472 5064 3534 5115 in

1958 5157 2125 5213 caelis:
2144 5154 2369 5228 (Hilam)
2398 5153 2679 5210 Confessio
2704 5154 2808 5209 hoc
2829 5153 2884 5208 in
2908 5154 3028 5208 loco
3056 5150 3397 5220 intelligenda
3425 5156 3528 5214 cst,

1960 5249 2027 5303 de
2050 5262 2157 5317 qua
2189 5247 2320 5301 dicit
2341 5244 2626 5315 Apostolus
2652 5258 2668 5298 :
2699 5242 2869 5306 Corde
2903 5242 3132 5296 creditur
3153 5240 3222 5294 ad
3239 5241 3529 5312 justitiam,

1958 5353 2049 5391 ore
2074 5345 2250 5389 autem
2289 5333 2540 5403 confessis
2592 5332 2651 5401 [it
2694 5331 2764 5386 ad
2800 5329 3021 5384 salutem
3066 5327 3243 5400 (Rom.
3278 5327 3355 5401 x).
3395 5329 3531 5397 Quia

1932 5429 2101 5484 enim
2150 5427 2408 5483 Dominus
2448 5424 2693 5494 superius
2729 5420 2988 5493 praemisit
3022 5435 3037 5472 :
3070 5416 3205 5472 Ecce
3245 5433 3339 5488 ego
3384 5420 3533 5472 mitto

1958 5538 2043 5577 vos
2068 5522 2203 5575 sicut
2230 5534 2345 5574 oues
2372 5519 2428 5571 in
2458 5517 2627 5571 media
2655 5515 2913 5584 luporum.
2943 5511 3012 5564 Et
3033 5510 3230 5565 iterum
3256 5528 3268 5562 :
3304 5508 3532 5564 Tradcm

1956 5612 2094 5666 enim
2135 5622 2221 5663 vos
2270 5609 2323 5661 in
2373 5607 2629 5671 conciliis,
2671 5616 2717 5658 et
2764 5604 2817 5656 in
2865 5600 3142 5673 synagogis
3192 5599 3535 5671 flagellab..ut
