  <div class='ocr_page' id='page_1' title='image "/cluster/home/n/w/nwhite01/storage/ocr_20150623/107/hvd.32044054759725/458.png"; bbox 0 0 3978 6190; ppageno 0'>
   <div class='ocr_carea' id='block_1_1' title="bbox 329 289 517 343">
    <p class='ocr_par' dir='ltr' id='par_1_1' title="bbox 329 289 517 343">
     <span class='ocr_line' id='line_1_1' title="bbox 329 289 517 343; baseline 0.005 -1"><span class='ocrx_word' id='word_1_1' title='bbox 329 289 437 343; x_wconf 65' lang='grc'><strong>905</strong></span> <span class='ocrx_word' id='word_1_2' title='bbox 513 323 517 328; x_wconf 46' lang='grc'><strong>’</strong></span> 
     </span>
    </p>
   </div>
   <div class='ocr_carea' id='block_1_2' title="bbox 1293 281 2637 340">
    <p class='ocr_par' dir='ltr' id='par_1_2' title="bbox 1293 281 2637 340">
     <span class='ocr_line' id='line_1_2' title="bbox 1293 281 2637 340; baseline -0.002 0"><span class='ocrx_word' id='word_1_3' title='bbox 1293 283 1648 340; x_wconf 72' lang='grc' dir='ltr'><strong>(ΣΟΜΜΕΝΤ.</strong></span> <span class='ocrx_word' id='word_1_4' title='bbox 1686 281 1755 337; x_wconf 85' lang='grc' dir='ltr'><strong>ΙΝ</strong></span> <span class='ocrx_word' id='word_1_5' title='bbox 1800 281 2236 339; x_wconf 70' lang='grc' dir='ltr'><strong>ΜΑΤΤΠΑΞΗΜ.</strong></span> <span class='ocrx_word' id='word_1_6' title='bbox 2278 312 2348 323; x_wconf 92' lang='grc'><strong>-</strong></span> <span class='ocrx_word' id='word_1_7' title='bbox 2382 283 2511 340; x_wconf 87' lang='lat' dir='ltr'><strong>LIB.</strong></span> <span class='ocrx_word' id='word_1_8' title='bbox 2551 282 2637 339; x_wconf 80' lang='grc' dir='ltr'><strong>ΙΙΙ.</strong></span> 
     </span>
    </p>
   </div>
   <div class='ocr_carea' id='block_1_3' title="bbox 3499 291 3604 346">
    <p class='ocr_par' dir='ltr' id='par_1_3' title="bbox 3499 291 3604 346">
     <span class='ocr_line' id='line_1_3' title="bbox 3499 291 3604 346; baseline -0.019 0"><span class='ocrx_word' id='word_1_9' title='bbox 3499 291 3604 346; x_wconf 79' lang='lat'><strong>906</strong></span> 
     </span>
    </p>
   </div>
   <div class='ocr_carea' id='block_1_4' title="bbox 324 394 3603 466">
    <p class='ocr_par' dir='ltr' id='par_1_4' title="bbox 324 394 3603 466">
     <span class='ocr_line' id='line_1_4' title="bbox 324 394 3603 466; baseline 0.002 -14"><span class='ocrx_word' id='word_1_10' title='bbox 324 406 409 452; x_wconf 85' lang='lat' dir='ltr'><strong>est</strong></span> <span class='ocrx_word' id='word_1_11' title='bbox 453 394 693 450; x_wconf 69' lang='lat' dir='ltr'><strong>Ecclesia</strong></span> <span class='ocrx_word' id='word_1_12' title='bbox 737 394 1030 465; x_wconf 80' lang='lat' dir='ltr'><strong>primitiva,</strong></span> <span class='ocrx_word' id='word_1_13' title='bbox 1060 408 1179 464; x_wconf 71' lang='lat' dir='ltr'><strong>quae</strong></span> <span class='ocrx_word' id='word_1_14' title='bbox 1208 402 1261 448; x_wconf 89' lang='lat' dir='ltr'><strong>et</strong></span> <span class='ocrx_word' id='word_1_15' title='bbox 1290 410 1407 450; x_wconf 80' lang='lat' dir='ltr'><strong>eam</strong></span> <span class='ocrx_word' id='word_1_16' title='bbox 1426 435 1441 460; x_wconf 95' lang='lat'><strong>,</strong></span> <span class='ocrx_word' id='word_1_17' title='bbox 1482 396 1549 451; x_wconf 90' lang='lat' dir='ltr'><strong>de</strong></span> <span class='ocrx_word' id='word_1_18' title='bbox 1587 411 1691 466; x_wconf 87' lang='lat' dir='ltr'><strong>qua</strong></span> <span class='ocrx_word' id='word_1_19' title='bbox 1741 410 1910 466; x_wconf 86' lang='lat' dir='ltr'><strong>genus</strong></span> <span class='ocrx_word' id='word_1_20' title='bbox 1937 402 1985 459; x_wconf 80' lang='grc' dir='ltr'>Α</span> <span class='ocrx_word' id='word_1_21' title='bbox 2015 397 2282 460; x_wconf 79' lang='lat' dir='ltr'><strong>amori,et</strong></span> <span class='ocrx_word' id='word_1_22' title='bbox 2303 406 2522 466; x_wconf 75' lang='lat' dir='ltr'><strong>propter</strong></span> <span class='ocrx_word' id='word_1_23' title='bbox 2543 396 2762 450; x_wconf 77' lang='lat' dir='ltr'><strong>minima</strong></span> <span class='ocrx_word' id='word_1_24' title='bbox 2782 403 2837 451; x_wconf 90' lang='lat' dir='ltr'><strong>et</strong></span> <span class='ocrx_word' id='word_1_25' title='bbox 2859 396 3058 451; x_wconf 87' lang='lat' dir='ltr'><strong>caduca</strong></span> <span class='ocrx_word' id='word_1_26' title='bbox 3084 398 3313 452; x_wconf 79' lang='lat' dir='ltr'><strong>maxima</strong></span> <span class='ocrx_word' id='word_1_27' title='bbox 3332 407 3388 455; x_wconf 88' lang='lat' dir='ltr'><strong>et</strong></span> <span class='ocrx_word' id='word_1_28' title='bbox 3404 409 3603 458; x_wconf 76' lang='lat' dir='ltr'><strong>aeterna</strong></span> 
     </span>
    </p>
   </div>
   <div class='ocr_carea' id='block_1_5' title="bbox 329 487 1919 561">
    <p class='ocr_par' dir='ltr' id='par_1_5' title="bbox 329 487 1919 561">
     <span class='ocr_line' id='line_1_5' title="bbox 329 487 1919 561; baseline -0.003 -15"><span class='ocrx_word' id='word_1_29' title='bbox 329 491 501 554; x_wconf 81' lang='lat' dir='ltr'><strong>duxit,</strong></span> <span class='ocrx_word' id='word_1_30' title='bbox 535 487 874 561; x_wconf 80' lang='lat' dir='ltr'><strong>Synagogam</strong></span> <span class='ocrx_word' id='word_1_31' title='bbox 921 487 1045 543; x_wconf 85' lang='lat' dir='ltr'><strong>ﬁdei</strong></span> <span class='ocrx_word' id='word_1_32' title='bbox 1080 488 1504 558; x_wconf 89' lang='lat' dir='ltr'><strong>persecutricem</strong></span> <span class='ocrx_word' id='word_1_33' title='bbox 1551 489 1827 554; x_wconf 76' lang='lat' dir='ltr'><strong>sustinuit,</strong></span> <span class='ocrx_word' id='word_1_34' title='bbox 1863 497 1919 543; x_wconf 91' lang='lat' dir='ltr'><strong>et</strong></span> 
     </span>
    </p>
   </div>
   <div class='ocr_carea' id='block_1_6' title="bbox 329 576 1921 651">
    <p class='ocr_par' dir='ltr' id='par_1_6' title="bbox 329 576 1921 651">
     <span class='ocr_line' id='line_1_6' title="bbox 329 576 1921 651; baseline -0.001 -16"><span class='ocrx_word' id='word_1_35' title='bbox 329 581 445 651; x_wconf 88' lang='lat' dir='ltr'><strong>ipsa</strong></span> <span class='ocrx_word' id='word_1_36' title='bbox 471 580 650 635; x_wconf 90' lang='lat' dir='ltr'><strong>eidem</strong></span> <span class='ocrx_word' id='word_1_37' title='bbox 696 579 995 650; x_wconf 71' lang='lat' dir='ltr'><strong>Synagogae</strong></span> <span class='ocrx_word' id='word_1_38' title='bbox 1020 576 1144 634; x_wconf 87' lang='lat' dir='ltr'><strong>ﬁdei</strong></span> <span class='ocrx_word' id='word_1_39' title='bbox 1174 578 1404 633; x_wconf 88' lang='lat' dir='ltr'><strong>veritate</strong></span> <span class='ocrx_word' id='word_1_40' title='bbox 1443 578 1790 634; x_wconf 76' lang='lat' dir='ltr'><strong>contradixit.</strong></span> <span class='ocrx_word' id='word_1_41' title='bbox 1819 579 1921 634; x_wconf 88' lang='lat' dir='ltr'><strong>So-</strong></span> 
     </span>
    </p>
   </div>
   <div class='ocr_carea' id='block_1_7' title="bbox 327 666 1918 739">
    <p class='ocr_par' dir='ltr' id='par_1_7' title="bbox 327 666 1918 739">
     <span class='ocr_line' id='line_1_7' title="bbox 327 666 1918 739; baseline -0.001 -15"><span class='ocrx_word' id='word_1_42' title='bbox 327 685 455 724; x_wconf 89' lang='lat' dir='ltr'><strong>crus</strong></span> <span class='ocrx_word' id='word_1_43' title='bbox 481 668 778 739; x_wconf 57' lang='lat' dir='ltr'><strong>Synagtma:</strong></span> <span class='ocrx_word' id='word_1_44' title='bbox 814 683 985 722; x_wconf 91' lang='lat' dir='ltr'><strong>nurus</strong></span> <span class='ocrx_word' id='word_1_45' title='bbox 1010 675 1094 722; x_wconf 89' lang='lat' dir='ltr'><strong>est</strong></span> <span class='ocrx_word' id='word_1_46' title='bbox 1120 666 1361 723; x_wconf 83' lang='lat' dir='ltr'><strong>Ecclesia</strong></span> <span class='ocrx_word' id='word_1_47' title='bbox 1390 670 1457 723; x_wconf 91' lang='lat' dir='ltr'><strong>de</strong></span> <span class='ocrx_word' id='word_1_48' title='bbox 1482 668 1761 738; x_wconf 76' lang='lat' dir='ltr'><strong>gentibus;</strong></span> <span class='ocrx_word' id='word_1_49' title='bbox 1792 668 1918 739; x_wconf 86' lang='lat' dir='ltr'><strong>quia</strong></span> 
     </span>
    </p>
   </div>
   <div class='ocr_carea' id='block_1_8' title="bbox 327 756 1921 830">
    <p class='ocr_par' dir='ltr' id='par_1_8' title="bbox 327 756 1921 830">
     <span class='ocr_line' id='line_1_8' title="bbox 327 756 1921 830; baseline -0.001 -15"><span class='ocrx_word' id='word_1_50' title='bbox 327 774 560 830; x_wconf 79' lang='lat' dir='ltr'><strong>sponsus</strong></span> <span class='ocrx_word' id='word_1_51' title='bbox 600 757 858 813; x_wconf 65' lang='lat' dir='ltr'><strong>Ecclesia;</strong></span> <span class='ocrx_word' id='word_1_52' title='bbox 882 756 1126 812; x_wconf 84' lang='lat' dir='ltr'><strong>Christus</strong></span> <span class='ocrx_word' id='word_1_53' title='bbox 1175 756 1317 812; x_wconf 88' lang='lat' dir='ltr'><strong>ﬁlius</strong></span> <span class='ocrx_word' id='word_1_54' title='bbox 1360 764 1444 812; x_wconf 88' lang='lat' dir='ltr'><strong>est</strong></span> <span class='ocrx_word' id='word_1_55' title='bbox 1493 758 1811 830; x_wconf 65' lang='lat' dir='ltr'><strong>Synagogaa,</strong></span> <span class='ocrx_word' id='word_1_56' title='bbox 1840 759 1921 813; x_wconf 92' lang='lat' dir='ltr'><strong>di-</strong></span> 
     </span>
    </p>
   </div>
   <div class='ocr_carea' id='block_1_9' title="bbox 327 846 1919 920">
    <p class='ocr_par' dir='ltr' id='par_1_9' title="bbox 327 846 1919 920">
     <span class='ocr_line' id='line_1_9' title="bbox 327 846 1919 920; baseline -0.002 -13"><span class='ocrx_word' id='word_1_57' title='bbox 327 859 486 907; x_wconf 81' lang='lat' dir='ltr'><strong>cente</strong></span> <span class='ocrx_word' id='word_1_58' title='bbox 511 848 766 920; x_wconf 83' lang='lat' dir='ltr'><strong>Apostolo</strong></span> <span class='ocrx_word' id='word_1_59' title='bbox 792 866 806 902; x_wconf 90' lang='lat'><strong>:</strong></span> <span class='ocrx_word' id='word_1_60' title='bbox 835 846 1075 914; x_wconf 79' lang='lat' dir='ltr'><strong>Quorum</strong></span> <span class='ocrx_word' id='word_1_61' title='bbox 1103 856 1278 918; x_wconf 88' lang='lat' dir='ltr'><strong>patres</strong></span> <span class='ocrx_word' id='word_1_62' title='bbox 1301 857 1349 901; x_wconf 89' lang='lat' dir='ltr'><strong>et</strong></span> <span class='ocrx_word' id='word_1_63' title='bbox 1373 863 1439 902; x_wconf 81' lang='lat' dir='ltr'><strong>ea:</strong></span> <span class='ocrx_word' id='word_1_64' title='bbox 1463 848 1652 920; x_wconf 81' lang='lat' dir='ltr'><strong>quibus</strong></span> <span class='ocrx_word' id='word_1_65' title='bbox 1677 847 1919 904; x_wconf 76' lang='lat' dir='ltr'><strong>Christus</strong></span> 
     </span>
    </p>
   </div>
   <div class='ocr_carea' id='block_1_10' title="bbox 327 939 1186 1013">
    <p class='ocr_par' dir='ltr' id='par_1_10' title="bbox 327 939 1186 1013">
     <span class='ocr_line' id='line_1_10' title="bbox 327 939 1186 1013; baseline -0.007 -14"><span class='ocrx_word' id='word_1_66' title='bbox 327 943 617 999; x_wconf 80' lang='lat' dir='ltr'><strong>secundum</strong></span> <span class='ocrx_word' id='word_1_67' title='bbox 642 957 856 997; x_wconf 81' lang='lat' dir='ltr'><strong>carnem</strong></span> <span class='ocrx_word' id='word_1_68' title='bbox 882 939 1059 1013; x_wconf 84' lang='lat' dir='ltr'><strong>(Rom.</strong></span> <span class='ocrx_word' id='word_1_69' title='bbox 1085 940 1186 1011; x_wconf 80' lang='lat' dir='ltr'><strong>Ix).</strong></span> 
     </span>
    </p>
   </div>
   <div class='ocr_carea' id='block_1_11' title="bbox 402 1031 1918 1104">
    <p class='ocr_par' dir='ltr' id='par_1_11' title="bbox 402 1031 1918 1104">
     <span class='ocr_line' id='line_1_11' title="bbox 402 1031 1918 1104; baseline -0.001 -14"><span class='ocrx_word' id='word_1_70' title='bbox 402 1033 605 1090; x_wconf 81' lang='lat' dir='ltr'><strong>Socrus</strong></span> <span class='ocrx_word' id='word_1_71' title='bbox 638 1032 826 1104; x_wconf 78' lang='lat' dir='ltr'><strong>igitur,</strong></span> <span class='ocrx_word' id='word_1_72' title='bbox 852 1031 907 1086; x_wconf 88' lang='lat' dir='ltr'><strong>id</strong></span> <span class='ocrx_word' id='word_1_73' title='bbox 932 1038 1017 1086; x_wconf 87' lang='lat' dir='ltr'><strong>est</strong></span> <span class='ocrx_word' id='word_1_74' title='bbox 1056 1039 1230 1085; x_wconf 85' lang='lat' dir='ltr'><strong>mater</strong></span> <span class='ocrx_word' id='word_1_75' title='bbox 1258 1033 1463 1101; x_wconf 84' lang='lat' dir='ltr'><strong>sponsi,</strong></span> <span class='ocrx_word' id='word_1_76' title='bbox 1498 1041 1555 1088; x_wconf 91' lang='lat' dir='ltr'><strong>et</strong></span> <span class='ocrx_word' id='word_1_77' title='bbox 1608 1033 1660 1087; x_wconf 91' lang='lat' dir='ltr'><strong>in</strong></span> <span class='ocrx_word' id='word_1_78' title='bbox 1698 1048 1918 1099; x_wconf 90' lang='lat' dir='ltr'><strong>nurum,</strong></span> 
     </span>
    </p>
   </div>
   <div class='ocr_carea' id='block_1_12' title="bbox 330 1124 1922 1198">
    <p class='ocr_par' dir='ltr' id='par_1_12' title="bbox 330 1124 1922 1198">
     <span class='ocr_line' id='line_1_12' title="bbox 330 1124 1922 1198; baseline -0.002 -16"><span class='ocrx_word' id='word_1_79' title='bbox 330 1128 469 1183; x_wconf 85' lang='lat' dir='ltr'><strong>sicut</strong></span> <span class='ocrx_word' id='word_1_80' title='bbox 498 1125 869 1196; x_wconf 78' lang='lat' dir='ltr'><strong>praediximus,</strong></span> <span class='ocrx_word' id='word_1_81' title='bbox 899 1139 1057 1180; x_wconf 88' lang='lat' dir='ltr'><strong>suam</strong></span> <span class='ocrx_word' id='word_1_82' title='bbox 1084 1132 1140 1178; x_wconf 89' lang='lat' dir='ltr'><strong>et</strong></span> <span class='ocrx_word' id='word_1_83' title='bbox 1168 1125 1223 1178; x_wconf 92' lang='lat' dir='ltr'><strong>in</strong></span> <span class='ocrx_word' id='word_1_84' title='bbox 1262 1124 1425 1180; x_wconf 92' lang='lat' dir='ltr'><strong>ﬁliam</strong></span> <span class='ocrx_word' id='word_1_85' title='bbox 1455 1127 1628 1182; x_wconf 88' lang='lat' dir='ltr'><strong>divisa</strong></span> <span class='ocrx_word' id='word_1_86' title='bbox 1654 1136 1760 1198; x_wconf 78' lang='lat' dir='ltr'><strong>est,</strong></span> <span class='ocrx_word' id='word_1_87' title='bbox 1794 1127 1922 1197; x_wconf 86' lang='lat' dir='ltr'><strong>quia</strong></span> 
     </span>
    </p>
   </div>
   <div class='ocr_carea' id='block_1_13' title="bbox 333 1215 1924 1294">
    <p class='ocr_par' dir='ltr' id='par_1_13' title="bbox 333 1215 1924 1294">
     <span class='ocr_line' id='line_1_13' title="bbox 333 1215 1924 1294; baseline -0.004 -17"><span class='ocrx_word' id='word_1_88' title='bbox 333 1222 616 1294; x_wconf 77' lang='lat' dir='ltr'><strong>Syuagoga</strong></span> <span class='ocrx_word' id='word_1_89' title='bbox 662 1221 898 1277; x_wconf 85' lang='lat' dir='ltr'><strong>carnalis</strong></span> <span class='ocrx_word' id='word_1_90' title='bbox 942 1222 1058 1276; x_wconf 84' lang='lat' dir='ltr'><strong>sive</strong></span> <span class='ocrx_word' id='word_1_91' title='bbox 1101 1222 1167 1277; x_wconf 92' lang='lat' dir='ltr'><strong>de</strong></span> <span class='ocrx_word' id='word_1_92' title='bbox 1210 1219 1648 1285; x_wconf 87' lang='lat' dir='ltr'><strong>circumcisione,</strong></span> <span class='ocrx_word' id='word_1_93' title='bbox 1695 1218 1811 1274; x_wconf 84' lang='lat' dir='ltr'><strong>sive</strong></span> <span class='ocrx_word' id='word_1_94' title='bbox 1854 1215 1924 1272; x_wconf 90' lang='lat' dir='ltr'><strong>de</strong></span> 
     </span>
    </p>
   </div>
   <div class='ocr_carea' id='block_1_14' title="bbox 266 1292 1925 1385">
    <p class='ocr_par' dir='ltr' id='par_1_14' title="bbox 266 1292 1925 1385">
     <span class='ocr_line' id='line_1_14' title="bbox 266 1292 1925 1385; baseline 0 -18"><span class='ocrx_word' id='word_1_95' title='bbox 266 1292 275 1307; x_wconf 64' lang='grc'><strong>’</strong></span> <span class='ocrx_word' id='word_1_96' title='bbox 332 1292 618 1385; x_wconf 67' lang='lat' dir='ltr'><strong>praeputio,</strong></span> <span class='ocrx_word' id='word_1_97' title='bbox 674 1314 960 1369; x_wconf 85' lang='lat' dir='ltr'><strong>credentes</strong></span> <span class='ocrx_word' id='word_1_98' title='bbox 1005 1313 1256 1384; x_wconf 88' lang='lat' dir='ltr'><strong>persequi</strong></span> <span class='ocrx_word' id='word_1_99' title='bbox 1304 1328 1411 1368; x_wconf 92' lang='lat' dir='ltr'><strong>non</strong></span> <span class='ocrx_word' id='word_1_100' title='bbox 1459 1320 1658 1368; x_wconf 86' lang='lat' dir='ltr'><strong>cessat.</strong></span> <span class='ocrx_word' id='word_1_101' title='bbox 1713 1310 1820 1368; x_wconf 88' lang='lat' dir='ltr'><strong>Sed</strong></span> <span class='ocrx_word' id='word_1_102' title='bbox 1867 1318 1925 1367; x_wconf 90' lang='lat' dir='ltr'><strong>et</strong></span> 
     </span>
    </p>
   </div>
   <div class='ocr_carea' id='block_1_15' title="bbox 332 1403 1927 1475">
    <p class='ocr_par' dir='ltr' id='par_1_15' title="bbox 332 1403 1927 1475">
     <span class='ocr_line' id='line_1_15' title="bbox 332 1403 1927 1475; baseline 0.001 -17"><span class='ocrx_word' id='word_1_103' title='bbox 332 1406 466 1473; x_wconf 81' lang='lat' dir='ltr'><strong>ipsa:</strong></span> <span class='ocrx_word' id='word_1_104' title='bbox 509 1404 563 1458; x_wconf 91' lang='lat' dir='ltr'><strong>in</strong></span> <span class='ocrx_word' id='word_1_105' title='bbox 608 1416 826 1459; x_wconf 89' lang='lat' dir='ltr'><strong>socrum</strong></span> <span class='ocrx_word' id='word_1_106' title='bbox 868 1413 1209 1475; x_wconf 88' lang='lat' dir='ltr'><strong>matremque</strong></span> <span class='ocrx_word' id='word_1_107' title='bbox 1255 1411 1383 1459; x_wconf 91' lang='lat' dir='ltr'><strong>sunt</strong></span> <span class='ocrx_word' id='word_1_108' title='bbox 1428 1403 1634 1469; x_wconf 63' lang='lat' dir='ltr'><strong>divisae,</strong></span> <span class='ocrx_word' id='word_1_109' title='bbox 1677 1403 1927 1459; x_wconf 89' lang='lat' dir='ltr'><strong>nolentes</strong></span> 
     </span>
    </p>
   </div>
   <div class='ocr_carea' id='block_1_16' title="bbox 334 1493 1926 1564">
    <p class='ocr_par' dir='ltr' id='par_1_16' title="bbox 334 1493 1926 1564">
     <span class='ocr_line' id='line_1_16' title="bbox 334 1493 1926 1564; baseline -0.002 -14"><span class='ocrx_word' id='word_1_110' title='bbox 334 1495 807 1550; x_wconf 89' lang='lat' dir='ltr'><strong>circumcisionem</strong></span> <span class='ocrx_word' id='word_1_111' title='bbox 862 1494 1108 1564; x_wconf 83' lang='lat' dir='ltr'><strong>recipere</strong></span> <span class='ocrx_word' id='word_1_112' title='bbox 1152 1493 1461 1559; x_wconf 86' lang='lat' dir='ltr'><strong>carnalem,</strong></span> <span class='ocrx_word' id='word_1_113' title='bbox 1492 1501 1554 1547; x_wconf 93' lang='lat' dir='ltr'><strong>ut</strong></span> <span class='ocrx_word' id='word_1_114' title='bbox 1594 1493 1763 1549; x_wconf 86' lang='lat' dir='ltr'><strong>Actus</strong></span> <span class='ocrx_word' id='word_1_115' title='bbox 1796 1507 1926 1563; x_wconf 83' lang='lat' dir='ltr'><strong>apo-</strong></span> 
     </span>
    </p>
   </div>
   <div class='ocr_carea' id='block_1_17' title="bbox 336 1584 1925 1654">
    <p class='ocr_par' dir='ltr' id='par_1_17' title="bbox 336 1584 1925 1654">
     <span class='ocr_line' id='line_1_17' title="bbox 336 1584 1925 1654; baseline 0.001 -16"><span class='ocrx_word' id='word_1_116' title='bbox 336 1584 603 1638; x_wconf 87' lang='lat' dir='ltr'><strong>stolorum</strong></span> <span class='ocrx_word' id='word_1_117' title='bbox 653 1585 875 1650; x_wconf 89' lang='lat' dir='ltr'><strong>docent,</strong></span> <span class='ocrx_word' id='word_1_118' title='bbox 916 1599 1043 1639; x_wconf 88' lang='lat' dir='ltr'><strong>cum</strong></span> <span class='ocrx_word' id='word_1_119' title='bbox 1089 1584 1284 1654; x_wconf 86' lang='lat' dir='ltr'><strong>quibus</strong></span> <span class='ocrx_word' id='word_1_120' title='bbox 1334 1594 1490 1640; x_wconf 86' lang='lat' dir='ltr'><strong>antea</strong></span> <span class='ocrx_word' id='word_1_121' title='bbox 1534 1584 1925 1639; x_wconf 87' lang='lat' dir='ltr'><strong>consuetudine</strong></span> 
     </span>
    </p>
   </div>
   <div class='ocr_carea' id='block_1_18' title="bbox 337 1674 1921 1746">
    <p class='ocr_par' dir='ltr' id='par_1_18' title="bbox 337 1674 1921 1746">
     <span class='ocr_line' id='line_1_18' title="bbox 337 1674 1921 1746; baseline 0 -18"><span class='ocrx_word' id='word_1_122' title='bbox 337 1675 643 1746; x_wconf 89' lang='lat' dir='ltr'><strong>implicatus</strong></span> <span class='ocrx_word' id='word_1_123' title='bbox 669 1682 788 1729; x_wconf 91' lang='lat' dir='ltr'><strong>erat</strong></span> <span class='ocrx_word' id='word_1_124' title='bbox 818 1693 831 1729; x_wconf 90' lang='lat'><strong>:</strong></span> <span class='ocrx_word' id='word_1_125' title='bbox 860 1674 1005 1729; x_wconf 90' lang='lat' dir='ltr'><strong>nulla</strong></span> <span class='ocrx_word' id='word_1_126' title='bbox 1033 1676 1177 1731; x_wconf 88' lang='lat' dir='ltr'><strong>enim</strong></span> <span class='ocrx_word' id='word_1_127' title='bbox 1220 1675 1361 1746; x_wconf 90' lang='lat' dir='ltr'><strong>apud</strong></span> <span class='ocrx_word' id='word_1_128' title='bbox 1390 1690 1485 1731; x_wconf 92' lang='lat' dir='ltr'><strong>eos</strong></span> <span class='ocrx_word' id='word_1_129' title='bbox 1504 1674 1628 1746; x_wconf 84' lang='lat' dir='ltr'><strong>jura</strong></span> <span class='ocrx_word' id='word_1_130' title='bbox 1658 1674 1921 1731; x_wconf 90' lang='lat' dir='ltr'><strong>custodiri</strong></span> 
     </span>
    </p>
   </div>
   <div class='ocr_carea' id='block_1_19' title="bbox 334 1766 1425 1837">
    <p class='ocr_par' dir='ltr' id='par_1_19' title="bbox 334 1766 1425 1837">
     <span class='ocr_line' id='line_1_19' title="bbox 334 1766 1425 1837; baseline 0 -17"><span class='ocrx_word' id='word_1_131' title='bbox 334 1775 584 1837; x_wconf 90' lang='lat' dir='ltr'><strong>possunt,</strong></span> <span class='ocrx_word' id='word_1_132' title='bbox 614 1766 756 1821; x_wconf 89' lang='lat' dir='ltr'><strong>inter</strong></span> <span class='ocrx_word' id='word_1_133' title='bbox 778 1780 916 1836; x_wconf 86' lang='lat' dir='ltr'><strong>quos</strong></span> <span class='ocrx_word' id='word_1_134' title='bbox 940 1766 1066 1821; x_wconf 86' lang='lat' dir='ltr'><strong>ﬁdei</strong></span> <span class='ocrx_word' id='word_1_135' title='bbox 1094 1767 1293 1824; x_wconf 90' lang='lat' dir='ltr'><strong>bellum</strong></span> <span class='ocrx_word' id='word_1_136' title='bbox 1321 1774 1425 1822; x_wconf 91' lang='lat' dir='ltr'><strong>est.</strong></span> 
     </span>
    </p>
   </div>
   <div class='ocr_carea' id='block_1_20' title="bbox 410 1856 1922 1928">
    <p class='ocr_par' dir='ltr' id='par_1_20' title="bbox 410 1856 1922 1928">
     <span class='ocr_line' id='line_1_20' title="bbox 410 1856 1922 1928; baseline -0.001 -18"><span class='ocrx_word' id='word_1_137' title='bbox 410 1856 516 1922; x_wconf 88' lang='lat' dir='ltr'><strong>Qui</strong></span> <span class='ocrx_word' id='word_1_138' title='bbox 544 1864 687 1910; x_wconf 89' lang='lat' dir='ltr'><strong>amat</strong></span> <span class='ocrx_word' id='word_1_139' title='bbox 715 1867 917 1926; x_wconf 80' lang='lat' dir='ltr'><strong>patrem</strong></span> <span class='ocrx_word' id='word_1_140' title='bbox 955 1866 1048 1910; x_wconf 89' lang='lat' dir='ltr'><strong>aut</strong></span> <span class='ocrx_word' id='word_1_141' title='bbox 1080 1866 1300 1911; x_wconf 78' lang='lat' dir='ltr'><strong>matrem</strong></span> <span class='ocrx_word' id='word_1_142' title='bbox 1335 1856 1454 1927; x_wconf 83' lang='lat' dir='ltr'><strong>plus</strong></span> <span class='ocrx_word' id='word_1_143' title='bbox 1490 1871 1649 1928; x_wconf 90' lang='lat' dir='ltr'><strong>quam</strong></span> <span class='ocrx_word' id='word_1_144' title='bbox 1680 1871 1782 1919; x_wconf 90' lang='lat' dir='ltr'><strong>me,</strong></span> <span class='ocrx_word' id='word_1_145' title='bbox 1818 1870 1922 1910; x_wconf 83' lang='lat' dir='ltr'><strong>non</strong></span> 
     </span>
    </p>
   </div>
   <div class='ocr_carea' id='block_1_21' title="bbox 335 1948 1920 2021">
    <p class='ocr_par' dir='ltr' id='par_1_21' title="bbox 335 1948 1920 2021">
     <span class='ocr_line' id='line_1_21' title="bbox 335 1948 1920 2021; baseline -0.003 -16"><span class='ocrx_word' id='word_1_146' title='bbox 335 1960 412 2005; x_wconf 86' lang='lat' dir='ltr'><strong>est</strong></span> <span class='ocrx_word' id='word_1_147' title='bbox 442 1966 523 2003; x_wconf 90' lang='lat' dir='ltr'><strong>me</strong></span> <span class='ocrx_word' id='word_1_148' title='bbox 545 1949 763 2020; x_wconf 83' lang='lat' dir='ltr'><strong>dignus;</strong></span> <span class='ocrx_word' id='word_1_149' title='bbox 788 1949 879 2021; x_wconf 89' lang='lat' dir='ltr'><strong>qui</strong></span> <span class='ocrx_word' id='word_1_150' title='bbox 916 1960 1061 2004; x_wconf 87' lang='lat' dir='ltr'><strong>amat</strong></span> <span class='ocrx_word' id='word_1_151' title='bbox 1087 1950 1259 2019; x_wconf 79' lang='lat' dir='ltr'><strong>ﬁlium</strong></span> <span class='ocrx_word' id='word_1_152' title='bbox 1297 1960 1388 2005; x_wconf 88' lang='lat' dir='ltr'><strong>aut</strong></span> <span class='ocrx_word' id='word_1_153' title='bbox 1429 1948 1599 2019; x_wconf 80' lang='lat' dir='ltr'><strong>ﬁliam</strong></span> <span class='ocrx_word' id='word_1_154' title='bbox 1634 1964 1795 2019; x_wconf 87' lang='lat' dir='ltr'><strong>super</strong></span> <span class='ocrx_word' id='word_1_155' title='bbox 1817 1964 1920 2012; x_wconf 74' lang='lat' dir='ltr'><strong>me,</strong></span> 
     </span>
    </p>
   </div>
   <div class='ocr_carea' id='block_1_22' title="bbox 337 2039 1920 2113">
    <p class='ocr_par' dir='ltr' id='par_1_22' title="bbox 337 2039 1920 2113">
     <span class='ocr_line' id='line_1_22' title="bbox 337 2039 1920 2113; baseline -0.004 -17"><span class='ocrx_word' id='word_1_156' title='bbox 337 2058 443 2096; x_wconf 82' lang='lat' dir='ltr'><strong>non</strong></span> <span class='ocrx_word' id='word_1_157' title='bbox 475 2050 548 2096; x_wconf 87' lang='lat' dir='ltr'><strong>est</strong></span> <span class='ocrx_word' id='word_1_158' title='bbox 582 2058 661 2094; x_wconf 90' lang='lat' dir='ltr'><strong>me</strong></span> <span class='ocrx_word' id='word_1_159' title='bbox 691 2041 901 2111; x_wconf 82' lang='lat' dir='ltr'><strong>dignus.</strong></span> <span class='ocrx_word' id='word_1_160' title='bbox 940 2039 1210 2113; x_wconf 68' lang='lat' dir='ltr'><strong>(Hierom)</strong></span> <span class='ocrx_word' id='word_1_161' title='bbox 1251 2040 1350 2107; x_wconf 86' lang='lat' dir='ltr'><strong>Qui</strong></span> <span class='ocrx_word' id='word_1_162' title='bbox 1381 2048 1507 2095; x_wconf 87' lang='lat' dir='ltr'><strong>ante</strong></span> <span class='ocrx_word' id='word_1_163' title='bbox 1538 2039 1920 2110; x_wconf 52' lang='lat' dir='ltr'><strong>praemiserat:</strong></span> 
     </span>
    </p>
   </div>
   <div class='ocr_carea' id='block_1_23' title="bbox 343 2132 1926 2205">
    <p class='ocr_par' dir='ltr' id='par_1_23' title="bbox 343 2132 1926 2205">
     <span class='ocr_line' id='line_1_23' title="bbox 343 2132 1926 2205; baseline -0.002 -15"><span class='ocrx_word' id='word_1_164' title='bbox 343 2136 466 2191; x_wconf 81' lang='lat' dir='ltr'><strong>Non</strong></span> <span class='ocrx_word' id='word_1_165' title='bbox 505 2136 621 2191; x_wconf 82' lang='lat' dir='ltr'><strong>veni</strong></span> <span class='ocrx_word' id='word_1_166' title='bbox 658 2151 835 2205; x_wconf 88' lang='lat' dir='ltr'><strong>pacem</strong></span> <span class='ocrx_word' id='word_1_167' title='bbox 883 2136 1103 2199; x_wconf 79' lang='lat' dir='ltr'><strong>mittere,</strong></span> <span class='ocrx_word' id='word_1_168' title='bbox 1150 2134 1241 2189; x_wconf 87' lang='lat' dir='ltr'><strong>sed</strong></span> <span class='ocrx_word' id='word_1_169' title='bbox 1280 2133 1552 2204; x_wconf 86' lang='lat' dir='ltr'><strong>gladium,</strong></span> <span class='ocrx_word' id='word_1_170' title='bbox 1592 2142 1649 2202; x_wconf 83' lang='lat' dir='ltr'><strong>et</strong></span> <span class='ocrx_word' id='word_1_171' title='bbox 1684 2132 1926 2187; x_wconf 85' lang='lat' dir='ltr'><strong>dividere</strong></span> 
     </span>
    </p>
   </div>
   <div class='ocr_carea' id='block_1_24' title="bbox 338 2225 1927 2294">
    <p class='ocr_par' dir='ltr' id='par_1_24' title="bbox 338 2225 1927 2294">
     <span class='ocr_line' id='line_1_24' title="bbox 338 2225 1927 2294; baseline -0.003 -13"><span class='ocrx_word' id='word_1_172' title='bbox 338 2227 586 2281; x_wconf 84' lang='lat' dir='ltr'><strong>homines</strong></span> <span class='ocrx_word' id='word_1_173' title='bbox 613 2225 872 2280; x_wconf 84' lang='lat' dir='ltr'><strong>adversus</strong></span> <span class='ocrx_word' id='word_1_174' title='bbox 894 2231 1126 2294; x_wconf 90' lang='lat' dir='ltr'><strong>patrem,</strong></span> <span class='ocrx_word' id='word_1_175' title='bbox 1150 2231 1200 2279; x_wconf 87' lang='lat' dir='ltr'><strong>et</strong></span> <span class='ocrx_word' id='word_1_176' title='bbox 1231 2230 1480 2288; x_wconf 90' lang='lat' dir='ltr'><strong>matrem,</strong></span> <span class='ocrx_word' id='word_1_177' title='bbox 1507 2230 1563 2277; x_wconf 90' lang='lat' dir='ltr'><strong>et</strong></span> <span class='ocrx_word' id='word_1_178' title='bbox 1589 2234 1826 2285; x_wconf 90' lang='lat' dir='ltr'><strong>socrum,</strong></span> <span class='ocrx_word' id='word_1_179' title='bbox 1857 2235 1927 2276; x_wconf 92' lang='lat' dir='ltr'><strong>ne</strong></span> 
     </span>
    </p>
   </div>
   <div class='ocr_carea' id='block_1_25' title="bbox 338 2310 1924 2386">
    <p class='ocr_par' dir='ltr' id='par_1_25' title="bbox 338 2310 1924 2386">
     <span class='ocr_line' id='line_1_25' title="bbox 338 2310 1924 2386; baseline -0.003 -18"><span class='ocrx_word' id='word_1_180' title='bbox 338 2317 462 2385; x_wconf 85' lang='lat' dir='ltr'><strong>quis</strong></span> <span class='ocrx_word' id='word_1_181' title='bbox 491 2315 746 2386; x_wconf 88' lang='lat' dir='ltr'><strong>pietatem</strong></span> <span class='ocrx_word' id='word_1_182' title='bbox 792 2313 1040 2385; x_wconf 78' lang='lat' dir='ltr'><strong>religioni</strong></span> <span class='ocrx_word' id='word_1_183' title='bbox 1070 2310 1388 2378; x_wconf 80' lang='lat' dir='ltr'><strong>anteferret,</strong></span> <span class='ocrx_word' id='word_1_184' title='bbox 1437 2310 1666 2378; x_wconf 86' lang='lat' dir='ltr'><strong>subjecit</strong></span> <span class='ocrx_word' id='word_1_185' title='bbox 1696 2311 1924 2366; x_wconf 89' lang='lat' dir='ltr'><strong>dicens:</strong></span> 
     </span>
    </p>
   </div>
   <div class='ocr_carea' id='block_1_26' title="bbox 342 2403 1927 2478">
    <p class='ocr_par' dir='ltr' id='par_1_26' title="bbox 342 2403 1927 2478">
     <span class='ocr_line' id='line_1_26' title="bbox 342 2403 1927 2478; baseline -0.003 -17"><span class='ocrx_word' id='word_1_186' title='bbox 342 2407 448 2473; x_wconf 88' lang='lat' dir='ltr'><strong>Qui</strong></span> <span class='ocrx_word' id='word_1_187' title='bbox 486 2417 627 2461; x_wconf 88' lang='lat' dir='ltr'><strong>amat</strong></span> <span class='ocrx_word' id='word_1_188' title='bbox 655 2415 857 2478; x_wconf 78' lang='lat' dir='ltr'><strong>patrem</strong></span> <span class='ocrx_word' id='word_1_189' title='bbox 895 2415 986 2459; x_wconf 86' lang='lat' dir='ltr'><strong>aut</strong></span> <span class='ocrx_word' id='word_1_190' title='bbox 1023 2414 1239 2458; x_wconf 76' lang='lat' dir='ltr'><strong>matrem</strong></span> <span class='ocrx_word' id='word_1_191' title='bbox 1279 2403 1396 2474; x_wconf 90' lang='lat' dir='ltr'><strong>plus</strong></span> <span class='ocrx_word' id='word_1_192' title='bbox 1433 2419 1591 2474; x_wconf 87' lang='lat' dir='ltr'><strong>quam</strong></span> <span class='ocrx_word' id='word_1_193' title='bbox 1631 2419 1735 2458; x_wconf 89' lang='lat' dir='ltr'><strong>me.</strong></span> <span class='ocrx_word' id='word_1_194' title='bbox 1769 2403 1837 2457; x_wconf 87' lang='lat' dir='ltr'><strong>Et</strong></span> <span class='ocrx_word' id='word_1_195' title='bbox 1873 2403 1927 2457; x_wconf 91' lang='lat' dir='ltr'><strong>in</strong></span> 
     </span>
    </p>
   </div>
   <div class='ocr_carea' id='block_1_27' title="bbox 339 2493 1931 2570">
    <p class='ocr_par' dir='ltr' id='par_1_27' title="bbox 339 2493 1931 2570">
     <span class='ocr_line' id='line_1_27' title="bbox 339 2493 1931 2570; baseline -0.004 -16"><span class='ocrx_word' id='word_1_196' title='bbox 339 2499 565 2554; x_wconf 89' lang='lat' dir='ltr'><strong>Cantico</strong></span> <span class='ocrx_word' id='word_1_197' title='bbox 588 2499 821 2570; x_wconf 80' lang='lat' dir='ltr'><strong>legimus</strong></span> <span class='ocrx_word' id='word_1_198' title='bbox 842 2498 1175 2551; x_wconf 89' lang='lat' dir='ltr'><strong>canticorum</strong></span> <span class='ocrx_word' id='word_1_199' title='bbox 1204 2511 1217 2548; x_wconf 91' lang='lat'><strong>:</strong></span> <span class='ocrx_word' id='word_1_200' title='bbox 1245 2493 1501 2549; x_wconf 86' lang='lat' dir='ltr'><strong>Ordinate</strong></span> <span class='ocrx_word' id='word_1_201' title='bbox 1524 2495 1578 2548; x_wconf 89' lang='lat' dir='ltr'><strong>in</strong></span> <span class='ocrx_word' id='word_1_202' title='bbox 1599 2509 1682 2548; x_wconf 91' lang='lat' dir='ltr'><strong>me</strong></span> <span class='ocrx_word' id='word_1_203' title='bbox 1704 2494 1931 2549; x_wconf 83' lang='lat' dir='ltr'><strong>charito-</strong></span> 
     </span>
    </p>
   </div>
   <div class='ocr_carea' id='block_1_28' title="bbox 337 2584 1932 2663">
    <p class='ocr_par' dir='ltr' id='par_1_28' title="bbox 337 2584 1932 2663">
     <span class='ocr_line' id='line_1_28' title="bbox 337 2584 1932 2663; baseline -0.005 -17"><span class='ocrx_word' id='word_1_204' title='bbox 337 2599 442 2646; x_wconf 84' lang='lat' dir='ltr'><strong>tem</strong></span> <span class='ocrx_word' id='word_1_205' title='bbox 479 2590 654 2663; x_wconf 84' lang='lat' dir='ltr'><strong>(Cant.</strong></span> <span class='ocrx_word' id='word_1_206' title='bbox 678 2589 764 2661; x_wconf 89' lang='grc' dir='ltr'><strong>ιι).</strong></span> <span class='ocrx_word' id='word_1_207' title='bbox 797 2588 896 2642; x_wconf 85' lang='lat' dir='ltr'><strong>Hic</strong></span> <span class='ocrx_word' id='word_1_208' title='bbox 925 2588 1057 2641; x_wconf 92' lang='lat' dir='ltr'><strong>ordo</strong></span> <span class='ocrx_word' id='word_1_209' title='bbox 1096 2586 1151 2639; x_wconf 93' lang='lat' dir='ltr'><strong>in</strong></span> <span class='ocrx_word' id='word_1_210' title='bbox 1180 2585 1327 2640; x_wconf 93' lang='lat' dir='ltr'><strong>omni</strong></span> <span class='ocrx_word' id='word_1_211' title='bbox 1363 2584 1555 2640; x_wconf 84' lang='lat' dir='ltr'><strong>aﬁ&#39;ectu</strong></span> <span class='ocrx_word' id='word_1_212' title='bbox 1590 2584 1932 2639; x_wconf 89' lang='lat' dir='ltr'><strong>necessarius</strong></span> 
     </span>
    </p>
   </div>
   <div class='ocr_carea' id='block_1_29' title="bbox 335 2672 1928 2749">
    <p class='ocr_par' dir='ltr' id='par_1_29' title="bbox 335 2672 1928 2749">
     <span class='ocr_line' id='line_1_29' title="bbox 335 2672 1928 2749; baseline -0.007 -12"><span class='ocrx_word' id='word_1_213' title='bbox 335 2689 444 2739; x_wconf 82' lang='lat' dir='ltr'><strong>est.</strong></span> <span class='ocrx_word' id='word_1_214' title='bbox 460 2681 616 2746; x_wconf 86' lang='lat' dir='ltr'><strong>Ama,</strong></span> <span class='ocrx_word' id='word_1_215' title='bbox 633 2687 759 2749; x_wconf 86' lang='lat' dir='ltr'><strong>post</strong></span> <span class='ocrx_word' id='word_1_216' title='bbox 773 2678 962 2742; x_wconf 90' lang='lat' dir='ltr'><strong>Deum,</strong></span> <span class='ocrx_word' id='word_1_217' title='bbox 977 2684 1211 2745; x_wconf 86' lang='lat' dir='ltr'><strong>patrem,</strong></span> <span class='ocrx_word' id='word_1_218' title='bbox 1228 2689 1346 2728; x_wconf 86' lang='lat' dir='ltr'><strong>ama</strong></span> <span class='ocrx_word' id='word_1_219' title='bbox 1364 2681 1614 2739; x_wconf 83' lang='lat' dir='ltr'><strong>matrem,</strong></span> <span class='ocrx_word' id='word_1_220' title='bbox 1631 2687 1752 2727; x_wconf 89' lang='lat' dir='ltr'><strong>ama</strong></span> <span class='ocrx_word' id='word_1_221' title='bbox 1768 2672 1928 2728; x_wconf 88' lang='lat' dir='ltr'><strong>ﬁlios.</strong></span> 
     </span>
    </p>
   </div>
   <div class='ocr_carea' id='block_1_30' title="bbox 337 2764 1933 2835">
    <p class='ocr_par' dir='ltr' id='par_1_30' title="bbox 337 2764 1933 2835">
     <span class='ocr_line' id='line_1_30' title="bbox 337 2764 1933 2835; baseline -0.003 -11"><span class='ocrx_word' id='word_1_222' title='bbox 337 2768 403 2825; x_wconf 81' lang='lat' dir='ltr'><strong>Si</strong></span> <span class='ocrx_word' id='word_1_223' title='bbox 449 2777 630 2823; x_wconf 86' lang='lat' dir='ltr'><strong>autem</strong></span> <span class='ocrx_word' id='word_1_224' title='bbox 664 2767 960 2822; x_wconf 84' lang='lat' dir='ltr'><strong>necessitas</strong></span> <span class='ocrx_word' id='word_1_225' title='bbox 994 2764 1226 2829; x_wconf 82' lang='lat' dir='ltr'><strong>venerit,</strong></span> <span class='ocrx_word' id='word_1_226' title='bbox 1256 2774 1316 2819; x_wconf 92' lang='lat' dir='ltr'><strong>ut</strong></span> <span class='ocrx_word' id='word_1_227' title='bbox 1345 2772 1500 2819; x_wconf 81' lang='lat' dir='ltr'><strong>amor</strong></span> <span class='ocrx_word' id='word_1_228' title='bbox 1538 2770 1827 2835; x_wconf 87' lang='lat' dir='ltr'><strong>parentum</strong></span> <span class='ocrx_word' id='word_1_229' title='bbox 1869 2778 1933 2820; x_wconf 88' lang='lat' dir='ltr'><strong>ac</strong></span> 
     </span>
    </p>
   </div>
   <div class='ocr_carea' id='block_1_31' title="bbox 338 2854 1935 2928">
    <p class='ocr_par' dir='ltr' id='par_1_31' title="bbox 338 2854 1935 2928">
     <span class='ocr_line' id='line_1_31' title="bbox 338 2854 1935 2928; baseline -0.005 -12"><span class='ocrx_word' id='word_1_230' title='bbox 338 2861 578 2916; x_wconf 87' lang='lat' dir='ltr'><strong>ﬁliorum</strong></span> <span class='ocrx_word' id='word_1_231' title='bbox 606 2859 699 2913; x_wconf 90' lang='lat' dir='ltr'><strong>Dei</strong></span> <span class='ocrx_word' id='word_1_232' title='bbox 727 2858 899 2912; x_wconf 88' lang='lat' dir='ltr'><strong>amori</strong></span> <span class='ocrx_word' id='word_1_233' title='bbox 925 2863 1288 2928; x_wconf 84' lang='lat' dir='ltr'><strong>comparetur,</strong></span> <span class='ocrx_word' id='word_1_234' title='bbox 1314 2862 1369 2910; x_wconf 92' lang='lat' dir='ltr'><strong>et</strong></span> <span class='ocrx_word' id='word_1_235' title='bbox 1397 2869 1503 2910; x_wconf 93' lang='lat' dir='ltr'><strong>non</strong></span> <span class='ocrx_word' id='word_1_236' title='bbox 1532 2854 1701 2925; x_wconf 89' lang='lat' dir='ltr'><strong>possit</strong></span> <span class='ocrx_word' id='word_1_237' title='bbox 1725 2862 1935 2909; x_wconf 57' lang='lat' dir='ltr'><strong>utrum.</strong></span> 
     </span>
    </p>
   </div>
   <div class='ocr_carea' id='block_1_32' title="bbox 339 2944 1931 3022">
    <p class='ocr_par' dir='ltr' id='par_1_32' title="bbox 339 2944 1931 3022">
     <span class='ocr_line' id='line_1_32' title="bbox 339 2944 1931 3022; baseline -0.002 -18"><span class='ocrx_word' id='word_1_238' title='bbox 339 2965 449 3022; x_wconf 87' lang='lat' dir='ltr'><strong>que</strong></span> <span class='ocrx_word' id='word_1_239' title='bbox 475 2950 705 3015; x_wconf 89' lang='lat' dir='ltr'><strong>servari,</strong></span> <span class='ocrx_word' id='word_1_240' title='bbox 730 2949 913 3004; x_wconf 91' lang='lat' dir='ltr'><strong>odium</strong></span> <span class='ocrx_word' id='word_1_241' title='bbox 939 2948 993 3002; x_wconf 92' lang='lat' dir='ltr'><strong>in</strong></span> <span class='ocrx_word' id='word_1_242' title='bbox 1022 2961 1151 3003; x_wconf 90' lang='lat' dir='ltr'><strong>suos</strong></span> <span class='ocrx_word' id='word_1_243' title='bbox 1187 2946 1361 3016; x_wconf 90' lang='lat' dir='ltr'><strong>pietas</strong></span> <span class='ocrx_word' id='word_1_244' title='bbox 1402 2946 1458 2999; x_wconf 92' lang='lat' dir='ltr'><strong>in</strong></span> <span class='ocrx_word' id='word_1_245' title='bbox 1485 2947 1653 3001; x_wconf 91' lang='lat' dir='ltr'><strong>Deum</strong></span> <span class='ocrx_word' id='word_1_246' title='bbox 1676 2954 1780 3002; x_wconf 85' lang='lat' dir='ltr'><strong>est.</strong></span> <span class='ocrx_word' id='word_1_247' title='bbox 1812 2944 1931 3002; x_wconf 87' lang='lat' dir='ltr'><strong>Non</strong></span> 
     </span>
    </p>
   </div>
   <div class='ocr_carea' id='block_1_33' title="bbox 337 3037 1932 3111">
    <p class='ocr_par' dir='ltr' id='par_1_33' title="bbox 337 3037 1932 3111">
     <span class='ocr_line' id='line_1_33' title="bbox 337 3037 1932 3111; baseline -0.003 -15"><span class='ocrx_word' id='word_1_248' title='bbox 337 3056 473 3111; x_wconf 88' lang='lat' dir='ltr'><strong>ergo</strong></span> <span class='ocrx_word' id='word_1_249' title='bbox 500 3039 778 3111; x_wconf 83' lang='lat' dir='ltr'><strong>prohibuit</strong></span> <span class='ocrx_word' id='word_1_250' title='bbox 803 3053 989 3094; x_wconf 89' lang='lat' dir='ltr'><strong>amare</strong></span> <span class='ocrx_word' id='word_1_251' title='bbox 1019 3045 1114 3092; x_wconf 89' lang='lat' dir='ltr'><strong>aut</strong></span> <span class='ocrx_word' id='word_1_252' title='bbox 1142 3044 1375 3108; x_wconf 88' lang='lat' dir='ltr'><strong>patrem,</strong></span> <span class='ocrx_word' id='word_1_253' title='bbox 1409 3045 1502 3091; x_wconf 88' lang='lat' dir='ltr'><strong>aut</strong></span> <span class='ocrx_word' id='word_1_254' title='bbox 1532 3045 1762 3092; x_wconf 90' lang='lat' dir='ltr'><strong>matrem</strong></span> <span class='ocrx_word' id='word_1_255' title='bbox 1781 3079 1795 3103; x_wconf 91' lang='lat'><strong>,</strong></span> <span class='ocrx_word' id='word_1_256' title='bbox 1835 3037 1932 3092; x_wconf 86' lang='lat' dir='ltr'><strong>sed</strong></span> 
     </span>
    </p>
   </div>
   <div class='ocr_carea' id='block_1_34' title="bbox 2021 486 2532 557">
    <p class='ocr_par' dir='ltr' id='par_1_34' title="bbox 2021 486 2532 557">
     <span class='ocr_line' id='line_1_34' title="bbox 2021 486 2532 557; baseline -0.002 -18"><span class='ocrx_word' id='word_1_257' title='bbox 2021 493 2264 554; x_wconf 69' lang='lat' dir='ltr'><strong>qugrrere</strong></span> <span class='ocrx_word' id='word_1_258' title='bbox 2292 486 2532 557; x_wconf 87' lang='lat' dir='ltr'><strong>negligit.</strong></span> 
     </span>
    </p>
   </div>
   <div class='ocr_carea' id='block_1_35' title="bbox 2092 576 3609 654">
    <p class='ocr_par' dir='ltr' id='par_1_35' title="bbox 2092 576 3609 654">
     <span class='ocr_line' id='line_1_35' title="bbox 2092 576 3609 654; baseline 0.007 -24"><span class='ocrx_word' id='word_1_259' title='bbox 2092 576 2196 643; x_wconf 89' lang='lat' dir='ltr'><strong>Qui</strong></span> <span class='ocrx_word' id='word_1_260' title='bbox 2222 578 2415 632; x_wconf 74' lang='lat' dir='ltr'><strong>invenit</strong></span> <span class='ocrx_word' id='word_1_261' title='bbox 2440 578 2672 631; x_wconf 84' lang='lat' dir='ltr'><strong>animam</strong></span> <span class='ocrx_word' id='word_1_262' title='bbox 2699 593 2875 643; x_wconf 88' lang='lat' dir='ltr'><strong>suam,</strong></span> <span class='ocrx_word' id='word_1_263' title='bbox 2901 579 3077 649; x_wconf 88' lang='lat' dir='ltr'><strong>perdet</strong></span> <span class='ocrx_word' id='word_1_264' title='bbox 3103 597 3237 635; x_wconf 88' lang='lat' dir='ltr'><strong>eam.</strong></span> <span class='ocrx_word' id='word_1_265' title='bbox 3268 578 3479 654; x_wconf 79' lang='lat' dir='ltr'><strong>(Beda)</strong></span> <span class='ocrx_word' id='word_1_266' title='bbox 3508 582 3609 641; x_wconf 76' lang='lat' dir='ltr'><strong>llic</strong></span> 
     </span>
    </p>
   </div>
   <div class='ocr_carea' id='block_1_36' title="bbox 2019 666 3608 743">
    <p class='ocr_par' dir='ltr' id='par_1_36' title="bbox 2019 666 3608 743">
     <span class='ocr_line' id='line_1_36' title="bbox 2019 666 3608 743; baseline 0.006 -23"><span class='ocrx_word' id='word_1_267' title='bbox 2019 681 2147 737; x_wconf 86' lang='lat' dir='ltr'><strong>ergo</strong></span> <span class='ocrx_word' id='word_1_268' title='bbox 2193 666 2387 721; x_wconf 74' lang='lat' dir='ltr'><strong>anima:</strong></span> <span class='ocrx_word' id='word_1_269' title='bbox 2433 667 2653 740; x_wconf 88' lang='lat' dir='ltr'><strong>nomine</strong></span> <span class='ocrx_word' id='word_1_270' title='bbox 2694 667 2802 721; x_wconf 89' lang='lat' dir='ltr'><strong>vita</strong></span> <span class='ocrx_word' id='word_1_271' title='bbox 2837 678 3078 737; x_wconf 69' lang='lat' dir='ltr'><strong>pmsens</strong></span> <span class='ocrx_word' id='word_1_272' title='bbox 3125 669 3460 739; x_wconf 75' lang='lat' dir='ltr'><strong>designatur,</strong></span> <span class='ocrx_word' id='word_1_273' title='bbox 3499 689 3608 743; x_wconf 91' lang='lat' dir='ltr'><strong>qua</strong></span> 
     </span>
    </p>
   </div>
   <div class='ocr_carea' id='block_1_37' title="bbox 2017 757 3613 830">
    <p class='ocr_par' dir='ltr' id='par_1_37' title="bbox 2017 757 3613 830">
     <span class='ocr_line' id='line_1_37' title="bbox 2017 757 3613 830; baseline 0.004 -17"><span class='ocrx_word' id='word_1_274' title='bbox 2017 760 2250 830; x_wconf 89' lang='lat' dir='ltr'><strong>quisque</strong></span> <span class='ocrx_word' id='word_1_275' title='bbox 2296 757 2606 813; x_wconf 90' lang='lat' dir='ltr'><strong>animaliter</strong></span> <span class='ocrx_word' id='word_1_276' title='bbox 2635 760 2784 827; x_wconf 90' lang='lat' dir='ltr'><strong>cupit</strong></span> <span class='ocrx_word' id='word_1_277' title='bbox 2829 759 3030 816; x_wconf 85' lang='lat' dir='ltr'><strong>vivere.</strong></span> <span class='ocrx_word' id='word_1_278' title='bbox 3077 761 3146 815; x_wconf 88' lang='lat' dir='ltr'><strong>Et</strong></span> <span class='ocrx_word' id='word_1_279' title='bbox 3187 763 3398 819; x_wconf 84' lang='lat' dir='ltr'><strong>duobus</strong></span> <span class='ocrx_word' id='word_1_280' title='bbox 3435 764 3613 821; x_wconf 90' lang='lat' dir='ltr'><strong>modis</strong></span> 
     </span>
    </p>
   </div>
   <div class='ocr_carea' id='block_1_38' title="bbox 2019 847 3612 921">
    <p class='ocr_par' dir='ltr' id='par_1_38' title="bbox 2019 847 3612 921">
     <span class='ocr_line' id='line_1_38' title="bbox 2019 847 3612 921; baseline 0.004 -19"><span class='ocrx_word' id='word_1_281' title='bbox 2019 849 2139 904; x_wconf 70' lang='lat' dir='ltr'><strong>haec</strong></span> <span class='ocrx_word' id='word_1_282' title='bbox 2182 847 2447 903; x_wconf 88' lang='lat' dir='ltr'><strong>sententia</strong></span> <span class='ocrx_word' id='word_1_283' title='bbox 2496 857 2644 903; x_wconf 90' lang='lat' dir='ltr'><strong>recte</strong></span> <span class='ocrx_word' id='word_1_284' title='bbox 2679 855 2859 916; x_wconf 88' lang='lat' dir='ltr'><strong>potest</strong></span> <span class='ocrx_word' id='word_1_285' title='bbox 2901 849 3159 921; x_wconf 79' lang='lat' dir='ltr'><strong>intelligi,</strong></span> <span class='ocrx_word' id='word_1_286' title='bbox 3206 852 3300 907; x_wconf 87' lang='lat' dir='ltr'><strong>sed</strong></span> <span class='ocrx_word' id='word_1_287' title='bbox 3345 854 3415 908; x_wconf 90' lang='lat' dir='ltr'><strong>ad</strong></span> <span class='ocrx_word' id='word_1_288' title='bbox 3443 870 3612 910; x_wconf 88' lang='lat' dir='ltr'><strong>unum</strong></span> 
     </span>
    </p>
   </div>
   <div class='ocr_carea' id='block_1_39' title="bbox 2026 939 3612 1009">
    <p class='ocr_par' dir='ltr' id='par_1_39' title="bbox 2026 939 3612 1009">
     <span class='ocr_line' id='line_1_39' title="bbox 2026 939 3612 1009; baseline 0.006 -16"><span class='ocrx_word' id='word_1_289' title='bbox 2026 939 2241 994; x_wconf 85' lang='lat' dir='ltr'><strong>omnino</strong></span> <span class='ocrx_word' id='word_1_290' title='bbox 2282 939 2443 994; x_wconf 88' lang='lat' dir='ltr'><strong>linem</strong></span> <span class='ocrx_word' id='word_1_291' title='bbox 2479 947 2707 1008; x_wconf 88' lang='lat' dir='ltr'><strong>uterque</strong></span> <span class='ocrx_word' id='word_1_292' title='bbox 2735 939 3039 996; x_wconf 89' lang='lat' dir='ltr'><strong>intellectus</strong></span> <span class='ocrx_word' id='word_1_293' title='bbox 3083 940 3336 1009; x_wconf 83' lang='lat' dir='ltr'><strong>refertur,</strong></span> <span class='ocrx_word' id='word_1_294' title='bbox 3364 955 3421 998; x_wconf 85' lang='lat' dir='ltr'><strong>ut</strong></span> <span class='ocrx_word' id='word_1_295' title='bbox 3461 947 3612 1002; x_wconf 85' lang='lat' dir='ltr'><strong>vide-</strong></span> 
     </span>
    </p>
   </div>
   <div class='ocr_carea' id='block_1_40' title="bbox 2021 1026 3612 1103">
    <p class='ocr_par' dir='ltr' id='par_1_40' title="bbox 2021 1026 3612 1103">
     <span class='ocr_line' id='line_1_40' title="bbox 2021 1026 3612 1103; baseline 0.008 -23"><span class='ocrx_word' id='word_1_296' title='bbox 2021 1026 2145 1082; x_wconf 89' lang='lat' dir='ltr'><strong>licet</strong></span> <span class='ocrx_word' id='word_1_297' title='bbox 2189 1028 2415 1085; x_wconf 90' lang='lat' dir='ltr'><strong>adversa</strong></span> <span class='ocrx_word' id='word_1_298' title='bbox 2456 1043 2555 1097; x_wconf 76' lang='lat' dir='ltr'><strong>pro</strong></span> <span class='ocrx_word' id='word_1_299' title='bbox 2599 1028 2818 1085; x_wconf 86' lang='lat' dir='ltr'><strong>Christo</strong></span> <span class='ocrx_word' id='word_1_300' title='bbox 2855 1031 2990 1100; x_wconf 91' lang='lat' dir='ltr'><strong>pati,</strong></span> <span class='ocrx_word' id='word_1_301' title='bbox 3020 1031 3129 1086; x_wconf 92' lang='lat' dir='ltr'><strong>imo</strong></span> <span class='ocrx_word' id='word_1_302' title='bbox 3174 1031 3349 1103; x_wconf 87' lang='lat' dir='ltr'><strong>ipsam</strong></span> <span class='ocrx_word' id='word_1_303' title='bbox 3379 1039 3612 1092; x_wconf 87' lang='lat' dir='ltr'><strong>mortem</strong></span> 
     </span>
    </p>
   </div>
   <div class='ocr_carea' id='block_1_41' title="bbox 2021 1118 3623 1198">
    <p class='ocr_par' dir='ltr' id='par_1_41' title="bbox 2021 1118 3623 1198">
     <span class='ocr_line' id='line_1_41' title="bbox 2021 1118 3623 1198; baseline 0.007 -26"><span class='ocrx_word' id='word_1_304' title='bbox 2021 1132 2130 1173; x_wconf 93' lang='lat' dir='ltr'><strong>non</strong></span> <span class='ocrx_word' id='word_1_305' title='bbox 2158 1118 2443 1174; x_wconf 87' lang='lat' dir='ltr'><strong>timeamus</strong></span> <span class='ocrx_word' id='word_1_306' title='bbox 2464 1118 2618 1175; x_wconf 88' lang='lat' dir='ltr'><strong>obire</strong></span> <span class='ocrx_word' id='word_1_307' title='bbox 2642 1137 2655 1173; x_wconf 91' lang='lat'><strong>:</strong></span> <span class='ocrx_word' id='word_1_308' title='bbox 2679 1119 2773 1188; x_wconf 87' lang='lat' dir='ltr'><strong>qui</strong></span> <span class='ocrx_word' id='word_1_309' title='bbox 2798 1121 2944 1175; x_wconf 91' lang='lat' dir='ltr'><strong>enim</strong></span> <span class='ocrx_word' id='word_1_310' title='bbox 2969 1121 3208 1178; x_wconf 87' lang='lat' dir='ltr'><strong>minante</strong></span> <span class='ocrx_word' id='word_1_311' title='bbox 3237 1133 3466 1180; x_wconf 88' lang='lat' dir='ltr'><strong>mortem</strong></span> <span class='ocrx_word' id='word_1_312' title='bbox 3497 1143 3623 1198; x_wconf 85' lang='lat' dir='ltr'><strong>per-</strong></span> 
     </span>
    </p>
   </div>
   <div class='ocr_carea' id='block_1_42' title="bbox 2024 1209 3618 1288">
    <p class='ocr_par' dir='ltr' id='par_1_42' title="bbox 2024 1209 3618 1288">
     <span class='ocr_line' id='line_1_42' title="bbox 2024 1209 3618 1288; baseline 0.007 -25"><span class='ocrx_word' id='word_1_313' title='bbox 2024 1217 2274 1265; x_wconf 87' lang='lat' dir='ltr'><strong>secutore</strong></span> <span class='ocrx_word' id='word_1_314' title='bbox 2296 1210 2575 1281; x_wconf 79' lang='lat' dir='ltr'><strong>negaverit</strong></span> <span class='ocrx_word' id='word_1_315' title='bbox 2597 1209 2897 1278; x_wconf 89' lang='lat' dir='ltr'><strong>Christum,</strong></span> <span class='ocrx_word' id='word_1_316' title='bbox 2922 1213 3097 1284; x_wconf 85' lang='lat' dir='ltr'><strong>magis</strong></span> <span class='ocrx_word' id='word_1_317' title='bbox 3121 1212 3273 1285; x_wconf 89' lang='lat' dir='ltr'><strong>eligit</strong></span> <span class='ocrx_word' id='word_1_318' title='bbox 3299 1216 3366 1271; x_wconf 90' lang='lat' dir='ltr'><strong>ad</strong></span> <span class='ocrx_word' id='word_1_319' title='bbox 3402 1225 3618 1288; x_wconf 86' lang='lat' dir='ltr'><strong>tempus</strong></span> 
     </span>
    </p>
   </div>
   <div class='ocr_carea' id='block_1_43' title="bbox 2026 1300 3616 1378">
    <p class='ocr_par' dir='ltr' id='par_1_43' title="bbox 2026 1300 3616 1378">
     <span class='ocr_line' id='line_1_43' title="bbox 2026 1300 3616 1378; baseline 0.006 -22"><span class='ocrx_word' id='word_1_320' title='bbox 2026 1300 2235 1356; x_wconf 84' lang='lat' dir='ltr'><strong>salvare</strong></span> <span class='ocrx_word' id='word_1_321' title='bbox 2278 1303 2516 1357; x_wconf 89' lang='lat' dir='ltr'><strong>animam</strong></span> <span class='ocrx_word' id='word_1_322' title='bbox 2544 1318 2695 1359; x_wconf 89' lang='lat' dir='ltr'><strong>suam</strong></span> <span class='ocrx_word' id='word_1_323' title='bbox 2715 1344 2730 1370; x_wconf 94' lang='lat'><strong>,</strong></span> <span class='ocrx_word' id='word_1_324' title='bbox 2776 1305 3026 1376; x_wconf 86' lang='lat' dir='ltr'><strong>negando</strong></span> <span class='ocrx_word' id='word_1_325' title='bbox 3054 1306 3196 1362; x_wconf 90' lang='lat' dir='ltr'><strong>hanc</strong></span> <span class='ocrx_word' id='word_1_326' title='bbox 3233 1310 3423 1378; x_wconf 89' lang='lat' dir='ltr'><strong>procul</strong></span> <span class='ocrx_word' id='word_1_327' title='bbox 3452 1310 3616 1366; x_wconf 88' lang='lat' dir='ltr'><strong>dubio</strong></span> 
     </span>
    </p>
   </div>
   <div class='ocr_carea' id='block_1_44' title="bbox 2025 1384 3683 1469">
    <p class='ocr_par' dir='ltr' id='par_1_44' title="bbox 2025 1384 3683 1469">
     <span class='ocr_line' id='line_1_44' title="bbox 2025 1384 3683 1469; baseline 0.006 -19"><span class='ocrx_word' id='word_1_328' title='bbox 2025 1403 2241 1451; x_wconf 72' lang='lat' dir='ltr'><strong>aeterna:</strong></span> <span class='ocrx_word' id='word_1_329' title='bbox 2259 1396 2549 1466; x_wconf 90' lang='lat' dir='ltr'><strong>perditioni</strong></span> <span class='ocrx_word' id='word_1_330' title='bbox 2574 1406 2872 1468; x_wconf 65' lang='lat' dir='ltr'><strong>praeparat;</strong></span> <span class='ocrx_word' id='word_1_331' title='bbox 2899 1399 3027 1454; x_wconf 90' lang='lat' dir='ltr'><strong>item</strong></span> <span class='ocrx_word' id='word_1_332' title='bbox 3050 1400 3142 1469; x_wconf 86' lang='lat' dir='ltr'><strong>qui</strong></span> <span class='ocrx_word' id='word_1_333' title='bbox 3166 1400 3395 1457; x_wconf 88' lang='lat' dir='ltr'><strong>salutem</strong></span> <span class='ocrx_word' id='word_1_334' title='bbox 3422 1404 3619 1460; x_wconf 71' lang='lat' dir='ltr'><strong>animus</strong></span> <span class='ocrx_word' id='word_1_335' title='bbox 3674 1384 3683 1389; x_wconf 20' lang='grc' dir='ltr'><strong><em>θ</em></strong></span> 
     </span>
    </p>
   </div>
   <div class='ocr_carea' id='block_1_45' title="bbox 2028 1487 3619 1564">
    <p class='ocr_par' dir='ltr' id='par_1_45' title="bbox 2028 1487 3619 1564">
     <span class='ocr_line' id='line_1_45' title="bbox 2028 1487 3619 1564; baseline 0.008 -24"><span class='ocrx_word' id='word_1_336' title='bbox 2028 1502 2140 1541; x_wconf 82' lang='lat' dir='ltr'><strong>suae</strong></span> <span class='ocrx_word' id='word_1_337' title='bbox 2164 1487 2359 1557; x_wconf 85' lang='lat' dir='ltr'><strong>quaerit</strong></span> <span class='ocrx_word' id='word_1_338' title='bbox 2385 1494 2668 1553; x_wconf 70' lang='lat' dir='ltr'><strong>aeternam,</strong></span> <span class='ocrx_word' id='word_1_339' title='bbox 2700 1490 3074 1560; x_wconf 90' lang='lat' dir='ltr'><strong>temporaliter</strong></span> <span class='ocrx_word' id='word_1_340' title='bbox 3097 1506 3217 1547; x_wconf 92' lang='lat' dir='ltr'><strong>eam</strong></span> <span class='ocrx_word' id='word_1_341' title='bbox 3260 1493 3404 1549; x_wconf 90' lang='lat' dir='ltr'><strong>inter</strong></span> <span class='ocrx_word' id='word_1_342' title='bbox 3432 1509 3619 1564; x_wconf 84' lang='lat' dir='ltr'><strong>perse-</strong></span> 
     </span>
    </p>
   </div>
   <div class='ocr_carea' id='block_1_46' title="bbox 2026 1582 3611 1655">
    <p class='ocr_par' dir='ltr' id='par_1_46' title="bbox 2026 1582 3611 1655">
     <span class='ocr_line' id='line_1_46' title="bbox 2026 1582 3611 1655; baseline 0.005 -20"><span class='ocrx_word' id='word_1_343' title='bbox 2026 1588 2277 1635; x_wconf 88' lang='lat' dir='ltr'><strong>cutorum</strong></span> <span class='ocrx_word' id='word_1_344' title='bbox 2320 1596 2514 1636; x_wconf 89' lang='lat' dir='ltr'><strong>manus</strong></span> <span class='ocrx_word' id='word_1_345' title='bbox 2540 1582 2788 1650; x_wconf 84' lang='lat' dir='ltr'><strong>perdere,</strong></span> <span class='ocrx_word' id='word_1_346' title='bbox 2820 1582 2923 1639; x_wconf 89' lang='lat' dir='ltr'><strong>hoc</strong></span> <span class='ocrx_word' id='word_1_347' title='bbox 2950 1593 3035 1639; x_wconf 90' lang='lat' dir='ltr'><strong>est</strong></span> <span class='ocrx_word' id='word_1_348' title='bbox 3077 1585 3131 1639; x_wconf 93' lang='lat' dir='ltr'><strong>in</strong></span> <span class='ocrx_word' id='word_1_349' title='bbox 3182 1596 3413 1643; x_wconf 90' lang='lat' dir='ltr'><strong>mortem</strong></span> <span class='ocrx_word' id='word_1_350' title='bbox 3460 1589 3611 1655; x_wconf 88' lang='lat' dir='ltr'><strong>dare,</strong></span> 
     </span>
    </p>
   </div>
   <div class='ocr_carea' id='block_1_47' title="bbox 2028 1673 3619 1752">
    <p class='ocr_par' dir='ltr' id='par_1_47' title="bbox 2028 1673 3619 1752">
     <span class='ocr_line' id='line_1_47' title="bbox 2028 1673 3619 1752; baseline 0.006 -25"><span class='ocrx_word' id='word_1_351' title='bbox 2028 1688 2136 1728; x_wconf 91' lang='lat' dir='ltr'><strong>non</strong></span> <span class='ocrx_word' id='word_1_352' title='bbox 2186 1673 2420 1730; x_wconf 89' lang='lat' dir='ltr'><strong>dubitat.</strong></span> <span class='ocrx_word' id='word_1_353' title='bbox 2464 1674 2692 1745; x_wconf 87' lang='lat' dir='ltr'><strong>Utrique</strong></span> <span class='ocrx_word' id='word_1_354' title='bbox 2738 1684 2920 1731; x_wconf 89' lang='lat' dir='ltr'><strong>autem</strong></span> <span class='ocrx_word' id='word_1_355' title='bbox 2969 1679 3151 1733; x_wconf 90' lang='lat' dir='ltr'><strong>sensui</strong></span> <span class='ocrx_word' id='word_1_356' title='bbox 3198 1680 3448 1750; x_wconf 83' lang='lat' dir='ltr'><strong>congruit</strong></span> <span class='ocrx_word' id='word_1_357' title='bbox 3491 1690 3619 1752; x_wconf 87' lang='lat' dir='ltr'><strong>apte</strong></span> 
     </span>
    </p>
   </div>
   <div class='ocr_carea' id='block_1_48' title="bbox 1953 1764 2486 1837">
    <p class='ocr_par' dir='ltr' id='par_1_48' title="bbox 1953 1764 2486 1837">
     <span class='ocr_line' id='line_1_48' title="bbox 1953 1764 2486 1837; baseline 0 -18"><span class='ocrx_word' id='word_1_358' title='bbox 1953 1771 2002 1831; x_wconf 83' lang='grc' dir='ltr'><strong>Β</strong></span> <span class='ocrx_word' id='word_1_359' title='bbox 2030 1764 2173 1834; x_wconf 89' lang='lat' dir='ltr'><strong>quod</strong></span> <span class='ocrx_word' id='word_1_360' title='bbox 2201 1767 2486 1837; x_wconf 87' lang='lat' dir='ltr'><strong>sequitur:</strong></span> 
     </span>
    </p>
   </div>
   <div class='ocr_carea' id='block_1_49' title="bbox 2096 1853 3623 1933">
    <p class='ocr_par' dir='ltr' id='par_1_49' title="bbox 2096 1853 3623 1933">
     <span class='ocr_line' id='line_1_49' title="bbox 2096 1853 3623 1933; baseline 0.01 -26"><span class='ocrx_word' id='word_1_361' title='bbox 2096 1853 2169 1908; x_wconf 87' lang='lat' dir='ltr'><strong>Et</strong></span> <span class='ocrx_word' id='word_1_362' title='bbox 2194 1856 2285 1926; x_wconf 85' lang='lat' dir='ltr'><strong>qui</strong></span> <span class='ocrx_word' id='word_1_363' title='bbox 2324 1855 2612 1926; x_wconf 84' lang='lat' dir='ltr'><strong>perdiderit</strong></span> <span class='ocrx_word' id='word_1_364' title='bbox 2654 1857 2888 1912; x_wconf 86' lang='lat' dir='ltr'><strong>animam</strong></span> <span class='ocrx_word' id='word_1_365' title='bbox 2921 1876 3072 1914; x_wconf 87' lang='lat' dir='ltr'><strong>suam</strong></span> <span class='ocrx_word' id='word_1_366' title='bbox 3101 1871 3313 1933; x_wconf 80' lang='lat' dir='ltr'><strong>propter</strong></span> <span class='ocrx_word' id='word_1_367' title='bbox 3338 1880 3440 1925; x_wconf 88' lang='lat' dir='ltr'><strong>me.</strong></span> <span class='ocrx_word' id='word_1_368' title='bbox 3474 1867 3623 1922; x_wconf 78' lang='lat' dir='ltr'><strong>inve-</strong></span> 
     </span>
    </p>
   </div>
   <div class='ocr_carea' id='block_1_50' title="bbox 2027 1945 3616 2019">
    <p class='ocr_par' dir='ltr' id='par_1_50' title="bbox 2027 1945 3616 2019">
     <span class='ocr_line' id='line_1_50' title="bbox 2027 1945 3616 2019; baseline 0.006 -18"><span class='ocrx_word' id='word_1_369' title='bbox 2027 1946 2130 2001; x_wconf 86' lang='lat' dir='ltr'><strong>niet</strong></span> <span class='ocrx_word' id='word_1_370' title='bbox 2151 1962 2289 2001; x_wconf 88' lang='lat' dir='ltr'><strong>eam.</strong></span> <span class='ocrx_word' id='word_1_371' title='bbox 2321 1945 2379 2001; x_wconf 78' lang='grc' dir='ltr'>ω</span> <span class='ocrx_word' id='word_1_372' title='bbox 2410 1954 2516 2013; x_wconf 90' lang='lat' dir='ltr'><strong>est,</strong></span> <span class='ocrx_word' id='word_1_373' title='bbox 2543 1946 2636 2018; x_wconf 90' lang='lat' dir='ltr'><strong>qui</strong></span> <span class='ocrx_word' id='word_1_374' title='bbox 2678 1948 2766 2002; x_wconf 90' lang='lat' dir='ltr'><strong>hic</strong></span> <span class='ocrx_word' id='word_1_375' title='bbox 2790 1949 3111 2019; x_wconf 84' lang='lat' dir='ltr'><strong>perdiderit,</strong></span> <span class='ocrx_word' id='word_1_376' title='bbox 3143 1951 3251 2009; x_wconf 94' lang='lat' dir='ltr'><strong>illic</strong></span> <span class='ocrx_word' id='word_1_377' title='bbox 3280 1954 3575 2013; x_wconf 88' lang='lat' dir='ltr'><strong>viviﬁcabit</strong></span> <span class='ocrx_word' id='word_1_378' title='bbox 3600 1972 3616 2011; x_wconf 90' lang='lat'><strong>:</strong></span> 
     </span>
    </p>
   </div>
   <div class='ocr_carea' id='block_1_51' title="bbox 2027 2036 3620 2109">
    <p class='ocr_par' dir='ltr' id='par_1_51' title="bbox 2027 2036 3620 2109">
     <span class='ocr_line' id='line_1_51' title="bbox 2027 2036 3620 2109; baseline 0.007 -17"><span class='ocrx_word' id='word_1_379' title='bbox 2027 2038 2120 2108; x_wconf 91' lang='lat' dir='ltr'><strong>qui</strong></span> <span class='ocrx_word' id='word_1_380' title='bbox 2146 2046 2373 2109; x_wconf 86' lang='lat' dir='ltr'><strong>propter</strong></span> <span class='ocrx_word' id='word_1_381' title='bbox 2399 2036 2676 2094; x_wconf 84' lang='lat' dir='ltr'><strong>Christum</strong></span> <span class='ocrx_word' id='word_1_382' title='bbox 2702 2040 2863 2094; x_wconf 91' lang='lat' dir='ltr'><strong>morti</strong></span> <span class='ocrx_word' id='word_1_383' title='bbox 2894 2041 3196 2108; x_wconf 89' lang='lat' dir='ltr'><strong>tradiderit,</strong></span> <span class='ocrx_word' id='word_1_384' title='bbox 3227 2050 3338 2098; x_wconf 91' lang='lat' dir='ltr'><strong>tota</strong></span> <span class='ocrx_word' id='word_1_385' title='bbox 3364 2045 3454 2101; x_wconf 90' lang='lat' dir='ltr'><strong>die</strong></span> <span class='ocrx_word' id='word_1_386' title='bbox 3477 2047 3620 2103; x_wconf 75' lang='lat' dir='ltr'><strong>aesti-</strong></span> 
     </span>
    </p>
   </div>
   <div class='ocr_carea' id='block_1_52' title="bbox 2027 2131 3625 2206">
    <p class='ocr_par' dir='ltr' id='par_1_52' title="bbox 2027 2131 3625 2206">
     <span class='ocr_line' id='line_1_52' title="bbox 2027 2131 3625 2206; baseline 0.006 -20"><span class='ocrx_word' id='word_1_387' title='bbox 2027 2146 2185 2197; x_wconf 82' lang='lat' dir='ltr'><strong>mans</strong></span> <span class='ocrx_word' id='word_1_388' title='bbox 2211 2146 2333 2186; x_wconf 89' lang='lat' dir='ltr'><strong>eam</strong></span> <span class='ocrx_word' id='word_1_389' title='bbox 2371 2138 2433 2185; x_wconf 92' lang='lat' dir='ltr'><strong>ut</strong></span> <span class='ocrx_word' id='word_1_390' title='bbox 2473 2145 2631 2186; x_wconf 88' lang='lat' dir='ltr'><strong>ovem</strong></span> <span class='ocrx_word' id='word_1_391' title='bbox 2672 2131 2981 2198; x_wconf 88' lang='lat' dir='ltr'><strong>occisionis,</strong></span> <span class='ocrx_word' id='word_1_392' title='bbox 3027 2143 3356 2206; x_wconf 87' lang='lat' dir='ltr'><strong>exsurgente</strong></span> <span class='ocrx_word' id='word_1_393' title='bbox 3402 2145 3531 2194; x_wconf 91' lang='lat' dir='ltr'><strong>tunc</strong></span> <span class='ocrx_word' id='word_1_394' title='bbox 3564 2147 3625 2197; x_wconf 90' lang='lat' dir='ltr'><strong>et</strong></span> 
     </span>
    </p>
   </div>
   <div class='ocr_carea' id='block_1_53' title="bbox 2028 2219 3618 2297">
    <p class='ocr_par' dir='ltr' id='par_1_53' title="bbox 2028 2219 3618 2297">
     <span class='ocr_line' id='line_1_53' title="bbox 2028 2219 3618 2297; baseline 0.006 -22"><span class='ocrx_word' id='word_1_395' title='bbox 2028 2221 2318 2292; x_wconf 72' lang='lat' dir='ltr'><strong>adiuvante</strong></span> <span class='ocrx_word' id='word_1_396' title='bbox 2338 2219 2575 2286; x_wconf 90' lang='lat' dir='ltr'><strong>Christo,</strong></span> <span class='ocrx_word' id='word_1_397' title='bbox 2605 2219 2831 2275; x_wconf 88' lang='lat' dir='ltr'><strong>liberam</strong></span> <span class='ocrx_word' id='word_1_398' title='bbox 2859 2236 2979 2276; x_wconf 90' lang='lat' dir='ltr'><strong>eam</strong></span> <span class='ocrx_word' id='word_1_399' title='bbox 3006 2223 3245 2280; x_wconf 90' lang='lat' dir='ltr'><strong>inveniet</strong></span> <span class='ocrx_word' id='word_1_400' title='bbox 3271 2233 3494 2297; x_wconf 88' lang='lat' dir='ltr'><strong>propter</strong></span> <span class='ocrx_word' id='word_1_401' title='bbox 3518 2243 3618 2284; x_wconf 93' lang='lat' dir='ltr'><strong>no-</strong></span> 
     </span>
    </p>
   </div>
   <div class='ocr_carea' id='block_1_54' title="bbox 2030 2308 2465 2391">
    <p class='ocr_par' dir='ltr' id='par_1_54' title="bbox 2030 2308 2465 2391">
     <span class='ocr_line' id='line_1_54' title="bbox 2030 2308 2465 2391; baseline -0.002 -26"><span class='ocrx_word' id='word_1_402' title='bbox 2030 2326 2153 2391; x_wconf 80' lang='lat' dir='ltr'><strong>men</strong></span> <span class='ocrx_word' id='word_1_403' title='bbox 2180 2310 2406 2366; x_wconf 87' lang='lat' dir='ltr'><strong>Christi.</strong></span> <span class='ocrx_word' id='word_1_404' title='bbox 2462 2308 2465 2311; x_wconf 67' lang='grc'><em>’</em></span> 
     </span>
    </p>
   </div>
   <div class='ocr_carea' id='block_1_55' title="bbox 2102 2399 3617 2481">
    <p class='ocr_par' dir='ltr' id='par_1_55' title="bbox 2102 2399 3617 2481">
     <span class='ocr_line' id='line_1_55' title="bbox 2102 2399 3617 2481; baseline 0.007 -28"><span class='ocrx_word' id='word_1_405' title='bbox 2102 2399 2208 2466; x_wconf 88' lang='lat' dir='ltr'><strong>Qui</strong></span> <span class='ocrx_word' id='word_1_406' title='bbox 2231 2400 2411 2471; x_wconf 88' lang='lat' dir='ltr'><strong>recipit</strong></span> <span class='ocrx_word' id='word_1_407' title='bbox 2435 2415 2546 2468; x_wconf 83' lang='lat' dir='ltr'><strong>cos,</strong></span> <span class='ocrx_word' id='word_1_408' title='bbox 2572 2418 2654 2456; x_wconf 90' lang='lat' dir='ltr'><strong>me</strong></span> <span class='ocrx_word' id='word_1_409' title='bbox 2678 2403 2890 2474; x_wconf 80' lang='lat' dir='ltr'><strong>recipit;</strong></span> <span class='ocrx_word' id='word_1_410' title='bbox 2912 2414 2959 2458; x_wconf 90' lang='lat' dir='ltr'><strong>et</strong></span> <span class='ocrx_word' id='word_1_411' title='bbox 2984 2406 3075 2475; x_wconf 87' lang='lat' dir='ltr'><strong>qui</strong></span> <span class='ocrx_word' id='word_1_412' title='bbox 3099 2422 3181 2461; x_wconf 89' lang='lat' dir='ltr'><strong>me</strong></span> <span class='ocrx_word' id='word_1_413' title='bbox 3205 2407 3407 2478; x_wconf 85' lang='lat' dir='ltr'><strong>recipit,</strong></span> <span class='ocrx_word' id='word_1_414' title='bbox 3433 2410 3617 2481; x_wconf 86' lang='lat' dir='ltr'><strong>recipit</strong></span> 
     </span>
    </p>
   </div>
   <div class='ocr_carea' id='block_1_56' title="bbox 2030 2495 3618 2570">
    <p class='ocr_par' dir='ltr' id='par_1_56' title="bbox 2030 2495 3618 2570">
     <span class='ocr_line' id='line_1_56' title="bbox 2030 2495 3618 2570; baseline 0.006 -21"><span class='ocrx_word' id='word_1_415' title='bbox 2030 2512 2149 2550; x_wconf 88' lang='lat' dir='ltr'><strong>eum</strong></span> <span class='ocrx_word' id='word_1_416' title='bbox 2176 2495 2266 2567; x_wconf 87' lang='lat' dir='ltr'><strong>qui</strong></span> <span class='ocrx_word' id='word_1_417' title='bbox 2292 2511 2375 2550; x_wconf 88' lang='lat' dir='ltr'><strong>me</strong></span> <span class='ocrx_word' id='word_1_418' title='bbox 2401 2496 2562 2550; x_wconf 80' lang='lat' dir='ltr'><strong>misit.</strong></span> <span class='ocrx_word' id='word_1_419' title='bbox 2599 2495 2826 2570; x_wconf 84' lang='lat' dir='ltr'><strong>(Hilar.)</strong></span> <span class='ocrx_word' id='word_1_420' title='bbox 2852 2495 3019 2554; x_wconf 90' lang='lat' dir='ltr'><strong>Docet</strong></span> <span class='ocrx_word' id='word_1_421' title='bbox 3044 2499 3099 2554; x_wconf 90' lang='lat' dir='ltr'><strong>in</strong></span> <span class='ocrx_word' id='word_1_422' title='bbox 3129 2515 3189 2556; x_wconf 89' lang='lat' dir='ltr'><strong>se</strong></span> <span class='ocrx_word' id='word_1_423' title='bbox 3221 2501 3385 2557; x_wconf 90' lang='lat' dir='ltr'><strong>etiam</strong></span> <span class='ocrx_word' id='word_1_424' title='bbox 3408 2503 3618 2569; x_wconf 79' lang='lat' dir='ltr'><strong>media—</strong></span> 
     </span>
    </p>
   </div>
   <div class='ocr_carea' id='block_1_57' title="bbox 2032 2586 3615 2662">
    <p class='ocr_par' dir='ltr' id='par_1_57' title="bbox 2032 2586 3615 2662">
     <span class='ocr_line' id='line_1_57' title="bbox 2032 2586 3615 2662; baseline 0.006 -21"><span class='ocrx_word' id='word_1_425' title='bbox 2032 2587 2168 2642; x_wconf 88' lang='lat' dir='ltr'><strong>toris</strong></span> <span class='ocrx_word' id='word_1_426' title='bbox 2230 2586 2465 2644; x_wconf 83' lang='lat' dir='ltr'><strong>ollicium</strong></span> <span class='ocrx_word' id='word_1_427' title='bbox 2507 2604 2519 2640; x_wconf 93' lang='lat'><strong>:</strong></span> <span class='ocrx_word' id='word_1_428' title='bbox 2564 2588 2874 2659; x_wconf 87' lang='lat' dir='ltr'><strong>quicunque</strong></span> <span class='ocrx_word' id='word_1_429' title='bbox 2934 2589 3005 2645; x_wconf 88' lang='lat' dir='ltr'><strong>sit</strong></span> <span class='ocrx_word' id='word_1_430' title='bbox 3058 2598 3310 2662; x_wconf 88' lang='lat' dir='ltr'><strong>receptus</strong></span> <span class='ocrx_word' id='word_1_431' title='bbox 3357 2608 3391 2648; x_wconf 93' lang='lat' dir='ltr'><strong>a</strong></span> <span class='ocrx_word' id='word_1_432' title='bbox 3435 2594 3615 2661; x_wconf 88' lang='lat' dir='ltr'><strong>nobis,</strong></span> 
     </span>
    </p>
   </div>
   <div class='ocr_carea' id='block_1_58' title="bbox 2033 2676 3627 2752">
    <p class='ocr_par' dir='ltr' id='par_1_58' title="bbox 2033 2676 3627 2752">
     <span class='ocr_line' id='line_1_58' title="bbox 2033 2676 3627 2752; baseline 0.004 -19"><span class='ocrx_word' id='word_1_433' title='bbox 2033 2686 2197 2748; x_wconf 89' lang='lat' dir='ltr'><strong>atque</strong></span> <span class='ocrx_word' id='word_1_434' title='bbox 2226 2678 2315 2735; x_wconf 92' lang='lat' dir='ltr'><strong>ille</strong></span> <span class='ocrx_word' id='word_1_435' title='bbox 2338 2676 2614 2749; x_wconf 83' lang='lat' dir='ltr'><strong>profectus</strong></span> <span class='ocrx_word' id='word_1_436' title='bbox 2635 2692 2700 2733; x_wconf 82' lang='lat' dir='ltr'><strong>ex</strong></span> <span class='ocrx_word' id='word_1_437' title='bbox 2725 2678 2835 2734; x_wconf 92' lang='lat' dir='ltr'><strong>Deo</strong></span> <span class='ocrx_word' id='word_1_438' title='bbox 2860 2679 2952 2747; x_wconf 86' lang='lat' dir='ltr'><strong>sit,</strong></span> <span class='ocrx_word' id='word_1_439' title='bbox 2986 2680 3128 2737; x_wconf 90' lang='lat' dir='ltr'><strong>Deus</strong></span> <span class='ocrx_word' id='word_1_440' title='bbox 3156 2696 3254 2752; x_wconf 88' lang='lat' dir='ltr'><strong>per</strong></span> <span class='ocrx_word' id='word_1_441' title='bbox 3275 2681 3426 2737; x_wconf 90' lang='lat' dir='ltr'><strong>illum</strong></span> <span class='ocrx_word' id='word_1_442' title='bbox 3450 2691 3627 2739; x_wconf 82' lang='lat' dir='ltr'><strong>trans-</strong></span> 
     </span>
    </p>
   </div>
   <div class='ocr_carea' id='block_1_59' title="bbox 2033 2766 3624 2844">
    <p class='ocr_par' dir='ltr' id='par_1_59' title="bbox 2033 2766 3624 2844">
     <span class='ocr_line' id='line_1_59' title="bbox 2033 2766 3624 2844; baseline 0.004 -23"><span class='ocrx_word' id='word_1_443' title='bbox 2033 2766 2187 2824; x_wconf 83' lang='lat' dir='ltr'><strong>fusus</strong></span> <span class='ocrx_word' id='word_1_444' title='bbox 2216 2769 2271 2823; x_wconf 91' lang='lat' dir='ltr'><strong>in</strong></span> <span class='ocrx_word' id='word_1_445' title='bbox 2315 2783 2414 2824; x_wconf 89' lang='lat' dir='ltr'><strong>nos</strong></span> <span class='ocrx_word' id='word_1_446' title='bbox 2463 2770 2570 2835; x_wconf 92' lang='lat' dir='ltr'><strong>sit;</strong></span> <span class='ocrx_word' id='word_1_447' title='bbox 2615 2777 2777 2839; x_wconf 89' lang='lat' dir='ltr'><strong>atque</strong></span> <span class='ocrx_word' id='word_1_448' title='bbox 2821 2769 2896 2824; x_wconf 91' lang='lat' dir='ltr'><strong>ita</strong></span> <span class='ocrx_word' id='word_1_449' title='bbox 2941 2771 3032 2840; x_wconf 86' lang='lat' dir='ltr'><strong>qui</strong></span> <span class='ocrx_word' id='word_1_450' title='bbox 3074 2771 3350 2842; x_wconf 88' lang='lat' dir='ltr'><strong>apostolos</strong></span> <span class='ocrx_word' id='word_1_451' title='bbox 3391 2772 3624 2844; x_wconf 88' lang='lat' dir='ltr'><strong>recipit,</strong></span> 
     </span>
    </p>
   </div>
   <div class='ocr_carea' id='block_1_60' title="bbox 2032 2858 3621 2935">
    <p class='ocr_par' dir='ltr' id='par_1_60' title="bbox 2032 2858 3621 2935">
     <span class='ocr_line' id='line_1_60' title="bbox 2032 2858 3621 2935; baseline 0.004 -20"><span class='ocrx_word' id='word_1_452' title='bbox 2032 2858 2307 2915; x_wconf 90' lang='lat' dir='ltr'><strong>Christum</strong></span> <span class='ocrx_word' id='word_1_453' title='bbox 2358 2860 2588 2931; x_wconf 89' lang='lat' dir='ltr'><strong>recipit:</strong></span> <span class='ocrx_word' id='word_1_454' title='bbox 2620 2862 2713 2932; x_wconf 90' lang='lat' dir='ltr'><strong>qui</strong></span> <span class='ocrx_word' id='word_1_455' title='bbox 2751 2876 2881 2916; x_wconf 91' lang='lat' dir='ltr'><strong>vero</strong></span> <span class='ocrx_word' id='word_1_456' title='bbox 2913 2861 3189 2918; x_wconf 88' lang='lat' dir='ltr'><strong>Christum</strong></span> <span class='ocrx_word' id='word_1_457' title='bbox 3239 2865 3464 2935; x_wconf 88' lang='lat' dir='ltr'><strong>recipit,</strong></span> <span class='ocrx_word' id='word_1_458' title='bbox 3514 2864 3621 2921; x_wconf 88' lang='lat' dir='ltr'><strong>Pa-</strong></span> 
     </span>
    </p>
   </div>
   <div class='ocr_carea' id='block_1_61' title="bbox 2032 2952 3623 3026">
    <p class='ocr_par' dir='ltr' id='par_1_61' title="bbox 2032 2952 3623 3026">
     <span class='ocr_line' id='line_1_61' title="bbox 2032 2952 3623 3026; baseline 0.004 -20"><span class='ocrx_word' id='word_1_459' title='bbox 2032 2959 2170 3007; x_wconf 90' lang='lat' dir='ltr'><strong>trem</strong></span> <span class='ocrx_word' id='word_1_460' title='bbox 2198 2952 2368 3007; x_wconf 92' lang='lat' dir='ltr'><strong>Deum</strong></span> <span class='ocrx_word' id='word_1_461' title='bbox 2403 2952 2645 3023; x_wconf 89' lang='lat' dir='ltr'><strong>recipiet,</strong></span> <span class='ocrx_word' id='word_1_462' title='bbox 2680 2954 2808 3023; x_wconf 88' lang='lat' dir='ltr'><strong>quia</strong></span> <span class='ocrx_word' id='word_1_463' title='bbox 2833 2968 2942 3008; x_wconf 91' lang='lat' dir='ltr'><strong>non</strong></span> <span class='ocrx_word' id='word_1_464' title='bbox 2975 2953 3120 3010; x_wconf 89' lang='lat' dir='ltr'><strong>aliud</strong></span> <span class='ocrx_word' id='word_1_465' title='bbox 3164 2953 3221 3009; x_wconf 92' lang='lat' dir='ltr'><strong>in</strong></span> <span class='ocrx_word' id='word_1_466' title='bbox 3248 2956 3506 3026; x_wconf 90' lang='lat' dir='ltr'><strong>apostolis</strong></span> <span class='ocrx_word' id='word_1_467' title='bbox 3535 2971 3623 3013; x_wconf 90' lang='lat' dir='ltr'><strong>re-</strong></span> 
     </span>
    </p>
   </div>
   <div class='ocr_carea' id='block_1_62' title="bbox 2034 3040 3624 3114">
    <p class='ocr_par' dir='ltr' id='par_1_62' title="bbox 2034 3040 3624 3114">
     <span class='ocr_line' id='line_1_62' title="bbox 2034 3040 3624 3114; baseline 0.004 -17"><span class='ocrx_word' id='word_1_468' title='bbox 2034 3042 2165 3112; x_wconf 92' lang='lat' dir='ltr'><strong>cipit</strong></span> <span class='ocrx_word' id='word_1_469' title='bbox 2205 3056 2368 3111; x_wconf 90' lang='lat' dir='ltr'><strong>quam</strong></span> <span class='ocrx_word' id='word_1_470' title='bbox 2408 3042 2552 3111; x_wconf 89' lang='lat' dir='ltr'><strong>quod</strong></span> <span class='ocrx_word' id='word_1_471' title='bbox 2598 3042 2652 3096; x_wconf 91' lang='lat' dir='ltr'><strong>in</strong></span> <span class='ocrx_word' id='word_1_472' title='bbox 2694 3040 2911 3097; x_wconf 88' lang='lat' dir='ltr'><strong>Christo</strong></span> <span class='ocrx_word' id='word_1_473' title='bbox 2955 3050 3069 3109; x_wconf 88' lang='lat' dir='ltr'><strong>est,</strong></span> <span class='ocrx_word' id='word_1_474' title='bbox 3114 3057 3289 3114; x_wconf 90' lang='lat' dir='ltr'><strong>neque</strong></span> <span class='ocrx_word' id='word_1_475' title='bbox 3323 3046 3375 3100; x_wconf 94' lang='lat' dir='ltr'><strong>in</strong></span> <span class='ocrx_word' id='word_1_476' title='bbox 3405 3045 3624 3104; x_wconf 88' lang='lat' dir='ltr'><strong>Christo</strong></span> 
     </span>
    </p>
   </div>
   <div class='ocr_carea' id='block_1_63' title="bbox 340 3123 3623 3206">
    <p class='ocr_par' dir='ltr' id='par_1_63' title="bbox 340 3123 3623 3206">
     <span class='ocr_line' id='line_1_63' title="bbox 340 3123 3623 3206; baseline -0.001 -21"><span class='ocrx_word' id='word_1_477' title='bbox 340 3130 686 3201; x_wconf 83' lang='lat' dir='ltr'><strong>assignanter</strong></span> <span class='ocrx_word' id='word_1_478' title='bbox 709 3129 896 3184; x_wconf 90' lang='lat' dir='ltr'><strong>addit:</strong></span> <span class='ocrx_word' id='word_1_479' title='bbox 931 3128 1035 3194; x_wconf 89' lang='lat' dir='ltr'><strong>Qui</strong></span> <span class='ocrx_word' id='word_1_480' title='bbox 1062 3136 1205 3181; x_wconf 89' lang='lat' dir='ltr'><strong>amat</strong></span> <span class='ocrx_word' id='word_1_481' title='bbox 1233 3137 1432 3197; x_wconf 87' lang='lat' dir='ltr'><strong>patrem</strong></span> <span class='ocrx_word' id='word_1_482' title='bbox 1454 3136 1545 3181; x_wconf 91' lang='lat' dir='ltr'><strong>aut</strong></span> <span class='ocrx_word' id='word_1_483' title='bbox 1572 3135 1792 3182; x_wconf 85' lang='lat' dir='ltr'><strong>matrem</strong></span> <span class='ocrx_word' id='word_1_484' title='bbox 1812 3126 1929 3198; x_wconf 90' lang='lat' dir='ltr'><strong>plus</strong></span> <span class='ocrx_word' id='word_1_485' title='bbox 1958 3123 2003 3185; x_wconf 91' lang='lat' dir='ltr'><strong>C</strong></span> <span class='ocrx_word' id='word_1_486' title='bbox 2034 3134 2181 3191; x_wconf 87' lang='lat' dir='ltr'><strong>aliud</strong></span> <span class='ocrx_word' id='word_1_487' title='bbox 2217 3142 2303 3191; x_wconf 86' lang='lat' dir='ltr'><strong>est</strong></span> <span class='ocrx_word' id='word_1_488' title='bbox 2339 3151 2500 3206; x_wconf 90' lang='lat' dir='ltr'><strong>quam</strong></span> <span class='ocrx_word' id='word_1_489' title='bbox 2540 3138 2685 3206; x_wconf 90' lang='lat' dir='ltr'><strong>quod</strong></span> <span class='ocrx_word' id='word_1_490' title='bbox 2724 3138 2777 3191; x_wconf 91' lang='lat' dir='ltr'><strong>in</strong></span> <span class='ocrx_word' id='word_1_491' title='bbox 2816 3137 2928 3191; x_wconf 91' lang='lat' dir='ltr'><strong>Deo</strong></span> <span class='ocrx_word' id='word_1_492' title='bbox 2955 3142 3059 3190; x_wconf 87' lang='lat' dir='ltr'><strong>est.</strong></span> <span class='ocrx_word' id='word_1_493' title='bbox 3100 3134 3314 3205; x_wconf 88' lang='lat' dir='ltr'><strong>Perque</strong></span> <span class='ocrx_word' id='word_1_494' title='bbox 3346 3136 3490 3194; x_wconf 79' lang='lat' dir='ltr'><strong>hunc</strong></span> <span class='ocrx_word' id='word_1_495' title='bbox 3527 3154 3623 3194; x_wconf 77' lang='grc' dir='ltr'><strong>οιι..</strong></span> 
     </span>
    </p>
   </div>
   <div class='ocr_carea' id='block_1_64' title="bbox 339 3218 1218 3289">
    <p class='ocr_par' dir='ltr' id='par_1_64' title="bbox 339 3218 1218 3289">
     <span class='ocr_line' id='line_1_64' title="bbox 339 3218 1218 3289; baseline -0.001 -16"><span class='ocrx_word' id='word_1_496' title='bbox 339 3234 502 3289; x_wconf 81' lang='lat' dir='ltr'><strong>quam</strong></span> <span class='ocrx_word' id='word_1_497' title='bbox 531 3234 635 3285; x_wconf 90' lang='lat' dir='ltr'><strong>me,</strong></span> <span class='ocrx_word' id='word_1_498' title='bbox 666 3235 768 3273; x_wconf 84' lang='lat' dir='ltr'><strong>non</strong></span> <span class='ocrx_word' id='word_1_499' title='bbox 791 3226 867 3272; x_wconf 90' lang='lat' dir='ltr'><strong>est</strong></span> <span class='ocrx_word' id='word_1_500' title='bbox 896 3234 977 3273; x_wconf 88' lang='lat' dir='ltr'><strong>me</strong></span> <span class='ocrx_word' id='word_1_501' title='bbox 1008 3218 1218 3288; x_wconf 85' lang='lat' dir='ltr'><strong>dignus.</strong></span> 
     </span>
    </p>
   </div>
   <div class='ocr_carea' id='block_1_65' title="bbox 418 3310 1929 3383">
    <p class='ocr_par' dir='ltr' id='par_1_65' title="bbox 418 3310 1929 3383">
     <span class='ocr_line' id='line_1_65' title="bbox 418 3310 1929 3383; baseline -0.002 -17"><span class='ocrx_word' id='word_1_502' title='bbox 418 3310 489 3366; x_wconf 80' lang='lat' dir='ltr'><strong>Et</strong></span> <span class='ocrx_word' id='word_1_503' title='bbox 507 3313 598 3383; x_wconf 91' lang='lat' dir='ltr'><strong>qui</strong></span> <span class='ocrx_word' id='word_1_504' title='bbox 636 3327 740 3365; x_wconf 84' lang='lat' dir='ltr'><strong>non</strong></span> <span class='ocrx_word' id='word_1_505' title='bbox 784 3311 971 3381; x_wconf 89' lang='lat' dir='ltr'><strong>accipit</strong></span> <span class='ocrx_word' id='word_1_506' title='bbox 1012 3324 1218 3363; x_wconf 87' lang='lat' dir='ltr'><strong>crucem</strong></span> <span class='ocrx_word' id='word_1_507' title='bbox 1253 3325 1438 3375; x_wconf 87' lang='lat' dir='ltr'><strong>suam,</strong></span> <span class='ocrx_word' id='word_1_508' title='bbox 1477 3319 1524 3363; x_wconf 91' lang='lat' dir='ltr'><strong>et</strong></span> <span class='ocrx_word' id='word_1_509' title='bbox 1562 3310 1794 3379; x_wconf 80' lang='lat' dir='ltr'><strong>sequitur</strong></span> <span class='ocrx_word' id='word_1_510' title='bbox 1828 3324 1929 3376; x_wconf 87' lang='lat' dir='ltr'><strong>me,</strong></span> 
     </span>
    </p>
   </div>
   <div class='ocr_carea' id='block_1_66' title="bbox 341 3398 1927 3472">
    <p class='ocr_par' dir='ltr' id='par_1_66' title="bbox 341 3398 1927 3472">
     <span class='ocr_line' id='line_1_66' title="bbox 341 3398 1927 3472; baseline -0.003 -15"><span class='ocrx_word' id='word_1_511' title='bbox 341 3417 451 3457; x_wconf 82' lang='lat' dir='ltr'><strong>non</strong></span> <span class='ocrx_word' id='word_1_512' title='bbox 475 3410 553 3457; x_wconf 89' lang='lat' dir='ltr'><strong>est</strong></span> <span class='ocrx_word' id='word_1_513' title='bbox 586 3416 671 3455; x_wconf 89' lang='lat' dir='ltr'><strong>me</strong></span> <span class='ocrx_word' id='word_1_514' title='bbox 695 3400 906 3472; x_wconf 83' lang='lat' dir='ltr'><strong>dignus.</strong></span> <span class='ocrx_word' id='word_1_515' title='bbox 944 3399 1003 3454; x_wconf 92' lang='lat' dir='ltr'><strong>ln</strong></span> <span class='ocrx_word' id='word_1_516' title='bbox 1033 3399 1140 3455; x_wconf 90' lang='lat' dir='ltr'><strong>alio</strong></span> <span class='ocrx_word' id='word_1_517' title='bbox 1179 3399 1470 3469; x_wconf 86' lang='lat' dir='ltr'><strong>Evangelio</strong></span> <span class='ocrx_word' id='word_1_518' title='bbox 1496 3399 1752 3454; x_wconf 90' lang='lat' dir='ltr'><strong>scribitur</strong></span> <span class='ocrx_word' id='word_1_519' title='bbox 1778 3398 1927 3471; x_wconf 88' lang='lat' dir='ltr'><strong>(Luc.</strong></span> 
     </span>
    </p>
   </div>
   <div class='ocr_carea' id='block_1_67' title="bbox 342 3488 1935 3564">
    <p class='ocr_par' dir='ltr' id='par_1_67' title="bbox 342 3488 1935 3564">
     <span class='ocr_line' id='line_1_67' title="bbox 342 3488 1935 3564; baseline -0.002 -18"><span class='ocrx_word' id='word_1_520' title='bbox 342 3492 425 3564; x_wconf 70' lang='grc' dir='ltr'><strong>ιχ)</strong></span> <span class='ocrx_word' id='word_1_521' title='bbox 449 3509 462 3545; x_wconf 93' lang='lat'><strong>:</strong></span> <span class='ocrx_word' id='word_1_522' title='bbox 490 3489 595 3556; x_wconf 89' lang='lat' dir='ltr'><strong>Qui</strong></span> <span class='ocrx_word' id='word_1_523' title='bbox 621 3507 725 3544; x_wconf 84' lang='lat' dir='ltr'><strong>non</strong></span> <span class='ocrx_word' id='word_1_524' title='bbox 749 3491 937 3562; x_wconf 89' lang='lat' dir='ltr'><strong>accipit</strong></span> <span class='ocrx_word' id='word_1_525' title='bbox 964 3506 1169 3545; x_wconf 89' lang='lat' dir='ltr'><strong>crucem</strong></span> <span class='ocrx_word' id='word_1_526' title='bbox 1200 3507 1353 3545; x_wconf 86' lang='lat' dir='ltr'><strong>suam</strong></span> <span class='ocrx_word' id='word_1_527' title='bbox 1384 3491 1637 3562; x_wconf 87' lang='lat' dir='ltr'><strong>quotidie.</strong></span> <span class='ocrx_word' id='word_1_528' title='bbox 1663 3489 1740 3545; x_wconf 89' lang='lat' dir='ltr'><strong>Ne</strong></span> <span class='ocrx_word' id='word_1_529' title='bbox 1767 3488 1935 3546; x_wconf 90' lang='lat' dir='ltr'><strong>semel</strong></span> 
     </span>
    </p>
   </div>
   <div class='ocr_carea' id='block_1_68' title="bbox 343 3580 1935 3654">
    <p class='ocr_par' dir='ltr' id='par_1_68' title="bbox 343 3580 1935 3654">
     <span class='ocr_line' id='line_1_68' title="bbox 343 3580 1935 3654; baseline -0.002 -17"><span class='ocrx_word' id='word_1_530' title='bbox 343 3591 597 3654; x_wconf 86' lang='lat' dir='ltr'><strong>putemus</strong></span> <span class='ocrx_word' id='word_1_531' title='bbox 624 3581 875 3637; x_wconf 90' lang='lat' dir='ltr'><strong>ardorem</strong></span> <span class='ocrx_word' id='word_1_532' title='bbox 902 3580 1025 3635; x_wconf 88' lang='lat' dir='ltr'><strong>ﬁdei</strong></span> <span class='ocrx_word' id='word_1_533' title='bbox 1058 3596 1217 3652; x_wconf 92' lang='lat' dir='ltr'><strong>posse</strong></span> <span class='ocrx_word' id='word_1_534' title='bbox 1255 3580 1524 3647; x_wconf 83' lang='lat' dir='ltr'><strong>sullicere,</strong></span> <span class='ocrx_word' id='word_1_535' title='bbox 1548 3595 1761 3650; x_wconf 88' lang='lat' dir='ltr'><strong>semper</strong></span> <span class='ocrx_word' id='word_1_536' title='bbox 1801 3596 1935 3635; x_wconf 81' lang='lat' dir='ltr'><strong>crux</strong></span> 
     </span>
    </p>
   </div>
   <div class='ocr_carea' id='block_1_69' title="bbox 345 3670 1938 3745">
    <p class='ocr_par' dir='ltr' id='par_1_69' title="bbox 345 3670 1938 3745">
     <span class='ocr_line' id='line_1_69' title="bbox 345 3670 1938 3745; baseline -0.003 -18"><span class='ocrx_word' id='word_1_537' title='bbox 345 3673 608 3745; x_wconf 89' lang='lat' dir='ltr'><strong>portanda</strong></span> <span class='ocrx_word' id='word_1_538' title='bbox 636 3680 739 3738; x_wconf 91' lang='lat' dir='ltr'><strong>est,</strong></span> <span class='ocrx_word' id='word_1_539' title='bbox 764 3680 827 3726; x_wconf 93' lang='lat' dir='ltr'><strong>ut</strong></span> <span class='ocrx_word' id='word_1_540' title='bbox 851 3686 1067 3742; x_wconf 89' lang='lat' dir='ltr'><strong>semper</strong></span> <span class='ocrx_word' id='word_1_541' title='bbox 1094 3687 1193 3726; x_wconf 93' lang='lat' dir='ltr'><strong>nos</strong></span> <span class='ocrx_word' id='word_1_542' title='bbox 1225 3670 1502 3727; x_wconf 89' lang='lat' dir='ltr'><strong>Christum</strong></span> <span class='ocrx_word' id='word_1_543' title='bbox 1531 3687 1715 3727; x_wconf 87' lang='lat' dir='ltr'><strong>amare</strong></span> <span class='ocrx_word' id='word_1_544' title='bbox 1746 3671 1938 3726; x_wconf 89' lang='lat' dir='ltr'><strong>docea-</strong></span> 
     </span>
    </p>
   </div>
   <div class='ocr_carea' id='block_1_70' title="bbox 347 3758 1940 3835">
    <p class='ocr_par' dir='ltr' id='par_1_70' title="bbox 347 3758 1940 3835">
     <span class='ocr_line' id='line_1_70' title="bbox 347 3758 1940 3835; baseline -0.004 -17"><span class='ocrx_word' id='word_1_545' title='bbox 347 3778 491 3818; x_wconf 86' lang='lat' dir='ltr'><strong>mur.</strong></span> <span class='ocrx_word' id='word_1_546' title='bbox 519 3760 731 3835; x_wconf 86' lang='lat' dir='ltr'><strong>(Beda.)</strong></span> <span class='ocrx_word' id='word_1_547' title='bbox 761 3760 904 3817; x_wconf 82' lang='lat' dir='ltr'><strong>Crux</strong></span> <span class='ocrx_word' id='word_1_548' title='bbox 933 3761 1132 3831; x_wconf 90' lang='lat' dir='ltr'><strong>quippe</strong></span> <span class='ocrx_word' id='word_1_549' title='bbox 1158 3776 1188 3814; x_wconf 90' lang='lat' dir='ltr'><strong>a</strong></span> <span class='ocrx_word' id='word_1_550' title='bbox 1212 3760 1460 3815; x_wconf 91' lang='lat' dir='ltr'><strong>cruciatu</strong></span> <span class='ocrx_word' id='word_1_551' title='bbox 1484 3759 1699 3825; x_wconf 88' lang='lat' dir='ltr'><strong>dicitur,</strong></span> <span class='ocrx_word' id='word_1_552' title='bbox 1727 3768 1783 3812; x_wconf 89' lang='lat' dir='ltr'><strong>et</strong></span> <span class='ocrx_word' id='word_1_553' title='bbox 1812 3758 1940 3835; x_wconf 36' lang='lat' dir='ltr'><strong>duo:</strong></span> 
     </span>
    </p>
   </div>
   <div class='ocr_carea' id='block_1_71' title="bbox 347 3831 1948 3920">
    <p class='ocr_par' dir='ltr' id='par_1_71' title="bbox 347 3831 1948 3920">
     <span class='ocr_line' id='line_1_71' title="bbox 347 3831 1948 3920; baseline -0.004 -10"><span class='ocrx_word' id='word_1_554' title='bbox 347 3853 453 3910; x_wconf 91' lang='lat' dir='ltr'><strong>bus</strong></span> <span class='ocrx_word' id='word_1_555' title='bbox 484 3831 658 3908; x_wconf 82' lang='lat' dir='ltr'><strong>modis</strong></span> <span class='ocrx_word' id='word_1_556' title='bbox 682 3831 899 3908; x_wconf 83' lang='lat' dir='ltr'><strong>erucem</strong></span> <span class='ocrx_word' id='word_1_557' title='bbox 934 3851 1147 3907; x_wconf 89' lang='lat' dir='ltr'><strong>Domini</strong></span> <span class='ocrx_word' id='word_1_558' title='bbox 1183 3850 1484 3920; x_wconf 87' lang='lat' dir='ltr'><strong>bajulamus</strong></span> <span class='ocrx_word' id='word_1_559' title='bbox 1509 3866 1522 3902; x_wconf 93' lang='lat'><strong>:</strong></span> <span class='ocrx_word' id='word_1_560' title='bbox 1553 3864 1676 3903; x_wconf 90' lang='lat' dir='ltr'><strong>cum</strong></span> <span class='ocrx_word' id='word_1_561' title='bbox 1706 3856 1801 3902; x_wconf 89' lang='lat' dir='ltr'><strong>aut</strong></span> <span class='ocrx_word' id='word_1_562' title='bbox 1842 3831 1948 3918; x_wconf 38' lang='lat' dir='ltr'><strong>per.</strong></span> 
     </span>
    </p>
   </div>
   <div class='ocr_carea' id='block_1_72' title="bbox 332 3939 1940 4009">
    <p class='ocr_par' dir='ltr' id='par_1_72' title="bbox 332 3939 1940 4009">
     <span class='ocr_line' id='line_1_72' title="bbox 332 3939 1940 4009; baseline -0.004 -8"><span class='ocrx_word' id='word_1_563' title='bbox 332 3943 733 4004; x_wconf 68' lang='lat' dir='ltr'><strong>abstinentiam</strong></span> <span class='ocrx_word' id='word_1_564' title='bbox 766 3957 984 3997; x_wconf 90' lang='lat' dir='ltr'><strong>carnem</strong></span> <span class='ocrx_word' id='word_1_565' title='bbox 1029 3939 1312 4006; x_wconf 84' lang='lat' dir='ltr'><strong>allicimus,</strong></span> <span class='ocrx_word' id='word_1_566' title='bbox 1339 3947 1433 3994; x_wconf 89' lang='lat' dir='ltr'><strong>aut</strong></span> <span class='ocrx_word' id='word_1_567' title='bbox 1468 3953 1568 4009; x_wconf 89' lang='lat' dir='ltr'><strong>per</strong></span> <span class='ocrx_word' id='word_1_568' title='bbox 1605 3939 1940 4009; x_wconf 89' lang='lat' dir='ltr'><strong>compassio-</strong></span> 
     </span>
    </p>
   </div>
   <div class='ocr_carea' id='block_1_73' title="bbox 347 4029 1936 4104">
    <p class='ocr_par' dir='ltr' id='par_1_73' title="bbox 347 4029 1936 4104">
     <span class='ocr_line' id='line_1_73' title="bbox 347 4029 1936 4104; baseline -0.004 -14"><span class='ocrx_word' id='word_1_569' title='bbox 347 4049 477 4090; x_wconf 88' lang='lat' dir='ltr'><strong>nem</strong></span> <span class='ocrx_word' id='word_1_570' title='bbox 503 4032 736 4104; x_wconf 77' lang='lat' dir='ltr'><strong>proximi</strong></span> <span class='ocrx_word' id='word_1_571' title='bbox 773 4031 1154 4087; x_wconf 88' lang='lat' dir='ltr'><strong>necessitatem</strong></span> <span class='ocrx_word' id='word_1_572' title='bbox 1182 4029 1328 4084; x_wconf 89' lang='lat' dir='ltr'><strong>illius</strong></span> <span class='ocrx_word' id='word_1_573' title='bbox 1371 4035 1614 4083; x_wconf 90' lang='lat' dir='ltr'><strong>nostram</strong></span> <span class='ocrx_word' id='word_1_574' title='bbox 1653 4036 1936 4096; x_wconf 87' lang='lat' dir='ltr'><strong>putamus;</strong></span> 
     </span>
    </p>
   </div>
   <div class='ocr_carea' id='block_1_74' title="bbox 348 4120 1942 4195">
    <p class='ocr_par' dir='ltr' id='par_1_74' title="bbox 348 4120 1942 4195">
     <span class='ocr_line' id='line_1_74' title="bbox 348 4120 1942 4195; baseline -0.003 -16"><span class='ocrx_word' id='word_1_575' title='bbox 348 4126 444 4195; x_wconf 90' lang='lat' dir='ltr'><strong>qui</strong></span> <span class='ocrx_word' id='word_1_576' title='bbox 471 4125 616 4178; x_wconf 88' lang='lat' dir='ltr'><strong>enim</strong></span> <span class='ocrx_word' id='word_1_577' title='bbox 641 4124 885 4179; x_wconf 87' lang='lat' dir='ltr'><strong>dolorem</strong></span> <span class='ocrx_word' id='word_1_578' title='bbox 917 4122 1139 4178; x_wconf 79' lang='lat' dir='ltr'><strong>exhibet</strong></span> <span class='ocrx_word' id='word_1_579' title='bbox 1165 4122 1221 4176; x_wconf 94' lang='lat' dir='ltr'><strong>in</strong></span> <span class='ocrx_word' id='word_1_580' title='bbox 1247 4121 1423 4177; x_wconf 90' lang='lat' dir='ltr'><strong>aliena</strong></span> <span class='ocrx_word' id='word_1_581' title='bbox 1446 4120 1789 4186; x_wconf 85' lang='lat' dir='ltr'><strong>necessitate,</strong></span> <span class='ocrx_word' id='word_1_582' title='bbox 1817 4136 1942 4176; x_wconf 90' lang='lat' dir='ltr'><strong>cru-</strong></span> 
     </span>
    </p>
   </div>
   <div class='ocr_carea' id='block_1_75' title="bbox 344 4211 1942 4284">
    <p class='ocr_par' dir='ltr' id='par_1_75' title="bbox 344 4211 1942 4284">
     <span class='ocr_line' id='line_1_75' title="bbox 344 4211 1942 4284; baseline -0.003 -14"><span class='ocrx_word' id='word_1_583' title='bbox 344 4229 472 4281; x_wconf 87' lang='lat' dir='ltr'><strong>cem</strong></span> <span class='ocrx_word' id='word_1_584' title='bbox 512 4222 691 4284; x_wconf 89' lang='lat' dir='ltr'><strong>portat</strong></span> <span class='ocrx_word' id='word_1_585' title='bbox 716 4214 773 4268; x_wconf 91' lang='lat' dir='ltr'><strong>in</strong></span> <span class='ocrx_word' id='word_1_586' title='bbox 803 4221 1003 4269; x_wconf 89' lang='lat' dir='ltr'><strong>mente.</strong></span> <span class='ocrx_word' id='word_1_587' title='bbox 1038 4211 1328 4268; x_wconf 88' lang='lat' dir='ltr'><strong>Sciendum</strong></span> <span class='ocrx_word' id='word_1_588' title='bbox 1358 4225 1490 4267; x_wconf 88' lang='lat' dir='ltr'><strong>vero</strong></span> <span class='ocrx_word' id='word_1_589' title='bbox 1519 4219 1603 4267; x_wconf 87' lang='lat' dir='ltr'><strong>est</strong></span> <span class='ocrx_word' id='word_1_590' title='bbox 1629 4212 1772 4281; x_wconf 87' lang='lat' dir='ltr'><strong>quod</strong></span> <span class='ocrx_word' id='word_1_591' title='bbox 1815 4221 1942 4266; x_wconf 90' lang='lat' dir='ltr'><strong>sunt</strong></span> 
     </span>
    </p>
   </div>
   <div class='ocr_carea' id='block_1_76' title="bbox 349 4305 1944 4378">
    <p class='ocr_par' dir='ltr' id='par_1_76' title="bbox 349 4305 1944 4378">
     <span class='ocr_line' id='line_1_76' title="bbox 349 4305 1944 4378; baseline -0.003 -14"><span class='ocrx_word' id='word_1_592' title='bbox 349 4309 595 4364; x_wconf 87' lang='lat' dir='ltr'><strong>nonnulli</strong></span> <span class='ocrx_word' id='word_1_593' title='bbox 640 4309 733 4378; x_wconf 92' lang='lat' dir='ltr'><strong>qui</strong></span> <span class='ocrx_word' id='word_1_594' title='bbox 777 4308 958 4364; x_wconf 87' lang='lat' dir='ltr'><strong>carnis</strong></span> <span class='ocrx_word' id='word_1_595' title='bbox 1008 4306 1391 4364; x_wconf 86' lang='lat' dir='ltr'><strong>abstinentiam</strong></span> <span class='ocrx_word' id='word_1_596' title='bbox 1422 4320 1528 4360; x_wconf 93' lang='lat' dir='ltr'><strong>non</strong></span> <span class='ocrx_word' id='word_1_597' title='bbox 1558 4320 1657 4375; x_wconf 91' lang='lat' dir='ltr'><strong>pro</strong></span> <span class='ocrx_word' id='word_1_598' title='bbox 1685 4305 1820 4370; x_wconf 92' lang='lat' dir='ltr'><strong>Deo,</strong></span> <span class='ocrx_word' id='word_1_599' title='bbox 1848 4305 1944 4360; x_wconf 87' lang='lat' dir='ltr'><strong>sed</strong></span> 
     </span>
    </p>
   </div>
   <div class='ocr_carea' id='block_1_77' title="bbox 351 4395 1944 4470">
    <p class='ocr_par' dir='ltr' id='par_1_77' title="bbox 351 4395 1944 4470">
     <span class='ocr_line' id='line_1_77' title="bbox 351 4395 1944 4470; baseline -0.003 -16"><span class='ocrx_word' id='word_1_600' title='bbox 351 4414 452 4470; x_wconf 91' lang='lat' dir='ltr'><strong>pro</strong></span> <span class='ocrx_word' id='word_1_601' title='bbox 478 4399 626 4454; x_wconf 89' lang='lat' dir='ltr'><strong>inani</strong></span> <span class='ocrx_word' id='word_1_602' title='bbox 661 4398 830 4469; x_wconf 85' lang='lat' dir='ltr'><strong>gloria</strong></span> <span class='ocrx_word' id='word_1_603' title='bbox 863 4397 1139 4452; x_wconf 81' lang='lat' dir='ltr'><strong>exhibent.</strong></span> <span class='ocrx_word' id='word_1_604' title='bbox 1167 4397 1235 4451; x_wconf 87' lang='lat' dir='ltr'><strong>Et</strong></span> <span class='ocrx_word' id='word_1_605' title='bbox 1260 4403 1387 4451; x_wconf 91' lang='lat' dir='ltr'><strong>sunt</strong></span> <span class='ocrx_word' id='word_1_606' title='bbox 1412 4395 1657 4466; x_wconf 91' lang='lat' dir='ltr'><strong>plerique</strong></span> <span class='ocrx_word' id='word_1_607' title='bbox 1679 4396 1768 4466; x_wconf 90' lang='lat' dir='ltr'><strong>qui</strong></span> <span class='ocrx_word' id='word_1_608' title='bbox 1795 4411 1944 4451; x_wconf 90' lang='lat' dir='ltr'><strong>com-</strong></span> 
     </span>
    </p>
   </div>
   <div class='ocr_carea' id='block_1_78' title="bbox 347 4469 2019 4564">
    <p class='ocr_par' dir='ltr' id='par_1_78' title="bbox 347 4469 2019 4564">
     <span class='ocr_line' id='line_1_78' title="bbox 347 4469 2019 4564; baseline -0.001 -18"><span class='ocrx_word' id='word_1_609' title='bbox 347 4469 661 4564; x_wconf 83' lang='lat' dir='ltr'><strong>passionem</strong></span> <span class='ocrx_word' id='word_1_610' title='bbox 691 4491 939 4561; x_wconf 88' lang='lat' dir='ltr'><strong>proximo</strong></span> <span class='ocrx_word' id='word_1_611' title='bbox 967 4505 1076 4545; x_wconf 88' lang='lat' dir='ltr'><strong>non</strong></span> <span class='ocrx_word' id='word_1_612' title='bbox 1125 4488 1440 4561; x_wconf 89' lang='lat' dir='ltr'><strong>spiritaliter</strong></span> <span class='ocrx_word' id='word_1_613' title='bbox 1487 4489 1833 4558; x_wconf 87' lang='lat' dir='ltr'><strong>impendunt,</strong></span> <span class='ocrx_word' id='word_1_614' title='bbox 1882 4500 1941 4544; x_wconf 92' lang='lat' dir='ltr'><strong>ut</strong></span> <span class='ocrx_word' id='word_1_615' title='bbox 1971 4469 2019 4527; x_wconf 79' lang='lat' dir='ltr'><strong>D</strong></span> 
     </span>
    </p>
   </div>
   <div class='ocr_carea' id='block_1_79' title="bbox 348 4582 1941 4653">
    <p class='ocr_par' dir='ltr' id='par_1_79' title="bbox 348 4582 1941 4653">
     <span class='ocr_line' id='line_1_79' title="bbox 348 4582 1941 4653; baseline -0.001 -13"><span class='ocrx_word' id='word_1_616' title='bbox 348 4585 403 4641; x_wconf 88' lang='lat' dir='ltr'><strong>ei</strong></span> <span class='ocrx_word' id='word_1_617' title='bbox 447 4598 555 4638; x_wconf 91' lang='lat' dir='ltr'><strong>non</strong></span> <span class='ocrx_word' id='word_1_618' title='bbox 598 4584 665 4638; x_wconf 90' lang='lat' dir='ltr'><strong>ad</strong></span> <span class='ocrx_word' id='word_1_619' title='bbox 692 4584 948 4639; x_wconf 88' lang='lat' dir='ltr'><strong>virtutem</strong></span> <span class='ocrx_word' id='word_1_620' title='bbox 976 4584 1070 4638; x_wconf 89' lang='lat' dir='ltr'><strong>sed</strong></span> <span class='ocrx_word' id='word_1_621' title='bbox 1114 4583 1267 4653; x_wconf 86' lang='lat' dir='ltr'><strong>quasi</strong></span> <span class='ocrx_word' id='word_1_622' title='bbox 1315 4582 1621 4638; x_wconf 88' lang='lat' dir='ltr'><strong>miserando</strong></span> <span class='ocrx_word' id='word_1_623' title='bbox 1649 4583 1715 4637; x_wconf 89' lang='lat' dir='ltr'><strong>ad</strong></span> <span class='ocrx_word' id='word_1_624' title='bbox 1758 4583 1941 4652; x_wconf 91' lang='lat' dir='ltr'><strong>culpas</strong></span> 
     </span>
    </p>
   </div>
   <div class='ocr_carea' id='block_1_80' title="bbox 346 4671 1938 4743">
    <p class='ocr_par' dir='ltr' id='par_1_80' title="bbox 346 4671 1938 4743">
     <span class='ocr_line' id='line_1_80' title="bbox 346 4671 1938 4743; baseline -0.002 -13"><span class='ocrx_word' id='word_1_625' title='bbox 346 4674 609 4730; x_wconf 78' lang='lat' dir='ltr'><strong>faveant:</strong></span> <span class='ocrx_word' id='word_1_626' title='bbox 641 4673 697 4728; x_wconf 92' lang='lat' dir='ltr'><strong>hi</strong></span> <span class='ocrx_word' id='word_1_627' title='bbox 741 4674 922 4742; x_wconf 88' lang='lat' dir='ltr'><strong>itaque</strong></span> <span class='ocrx_word' id='word_1_628' title='bbox 964 4686 1185 4728; x_wconf 91' lang='lat' dir='ltr'><strong>crucem</strong></span> <span class='ocrx_word' id='word_1_629' title='bbox 1225 4672 1441 4743; x_wconf 87' lang='lat' dir='ltr'><strong>quidem</strong></span> <span class='ocrx_word' id='word_1_630' title='bbox 1490 4672 1742 4727; x_wconf 87' lang='lat' dir='ltr'><strong>videntur</strong></span> <span class='ocrx_word' id='word_1_631' title='bbox 1775 4671 1938 4738; x_wconf 78' lang='lat' dir='ltr'><strong>ferre,</strong></span> 
     </span>
    </p>
   </div>
   <div class='ocr_carea' id='block_1_81' title="bbox 348 4762 1938 4835">
    <p class='ocr_par' dir='ltr' id='par_1_81' title="bbox 348 4762 1938 4835">
     <span class='ocr_line' id='line_1_81' title="bbox 348 4762 1938 4835; baseline 0 -17"><span class='ocrx_word' id='word_1_632' title='bbox 348 4765 450 4835; x_wconf 77' lang='lat' dir='ltr'><strong>sed</strong></span> <span class='ocrx_word' id='word_1_633' title='bbox 474 4764 763 4818; x_wconf 89' lang='lat' dir='ltr'><strong>Dominum</strong></span> <span class='ocrx_word' id='word_1_634' title='bbox 786 4779 891 4818; x_wconf 90' lang='lat' dir='ltr'><strong>nou</strong></span> <span class='ocrx_word' id='word_1_635' title='bbox 918 4772 1235 4832; x_wconf 87' lang='lat' dir='ltr'><strong>sequuntur.</strong></span> <span class='ocrx_word' id='word_1_636' title='bbox 1265 4762 1415 4819; x_wconf 83' lang='lat' dir='ltr'><strong>Unde</strong></span> <span class='ocrx_word' id='word_1_637' title='bbox 1443 4774 1588 4818; x_wconf 88' lang='lat' dir='ltr'><strong>recte</strong></span> <span class='ocrx_word' id='word_1_638' title='bbox 1613 4764 1727 4818; x_wconf 71' lang='lat' dir='ltr'><strong>tunc</strong></span> <span class='ocrx_word' id='word_1_639' title='bbox 1751 4764 1938 4818; x_wconf 87' lang='lat' dir='ltr'><strong>eadem</strong></span> 
     </span>
    </p>
   </div>
   <div class='ocr_carea' id='block_1_82' title="bbox 349 4852 1937 4923">
    <p class='ocr_par' dir='ltr' id='par_1_82' title="bbox 349 4852 1937 4923">
     <span class='ocr_line' id='line_1_82' title="bbox 349 4852 1937 4923; baseline -0.001 -11"><span class='ocrx_word' id='word_1_640' title='bbox 349 4854 573 4917; x_wconf 74' lang='lat' dir='ltr'><strong>Veritas</strong></span> <span class='ocrx_word' id='word_1_641' title='bbox 599 4855 771 4910; x_wconf 91' lang='lat' dir='ltr'><strong>dicit:</strong></span> <span class='ocrx_word' id='word_1_642' title='bbox 810 4852 914 4919; x_wconf 84' lang='lat' dir='ltr'><strong>Qui</strong></span> <span class='ocrx_word' id='word_1_643' title='bbox 957 4870 1063 4908; x_wconf 85' lang='lat' dir='ltr'><strong>non</strong></span> <span class='ocrx_word' id='word_1_644' title='bbox 1100 4854 1289 4923; x_wconf 88' lang='lat' dir='ltr'><strong>accipit</strong></span> <span class='ocrx_word' id='word_1_645' title='bbox 1326 4870 1531 4908; x_wconf 86' lang='lat' dir='ltr'><strong>crucem</strong></span> <span class='ocrx_word' id='word_1_646' title='bbox 1556 4870 1740 4922; x_wconf 83' lang='lat' dir='ltr'><strong>suam,</strong></span> <span class='ocrx_word' id='word_1_647' title='bbox 1779 4867 1825 4911; x_wconf 91' lang='lat' dir='ltr'><strong>et</strong></span> <span class='ocrx_word' id='word_1_648' title='bbox 1853 4873 1937 4912; x_wconf 88' lang='lat' dir='ltr'><strong>se-</strong></span> 
     </span>
    </p>
   </div>
   <div class='ocr_carea' id='block_1_83' title="bbox 348 4946 1944 5021">
    <p class='ocr_par' dir='ltr' id='par_1_83' title="bbox 348 4946 1944 5021">
     <span class='ocr_line' id='line_1_83' title="bbox 348 4946 1944 5021; baseline 0.002 -19"><span class='ocrx_word' id='word_1_649' title='bbox 348 4948 536 5021; x_wconf 88' lang='lat' dir='ltr'><strong>quitur</strong></span> <span class='ocrx_word' id='word_1_650' title='bbox 564 4965 664 5015; x_wconf 89' lang='lat' dir='ltr'><strong>me,</strong></span> <span class='ocrx_word' id='word_1_651' title='bbox 690 4964 797 5003; x_wconf 81' lang='lat' dir='ltr'><strong>non</strong></span> <span class='ocrx_word' id='word_1_652' title='bbox 824 4957 901 5002; x_wconf 84' lang='lat' dir='ltr'><strong>est</strong></span> <span class='ocrx_word' id='word_1_653' title='bbox 935 4964 1016 5002; x_wconf 91' lang='lat' dir='ltr'><strong>me</strong></span> <span class='ocrx_word' id='word_1_654' title='bbox 1049 4946 1273 5017; x_wconf 84' lang='lat' dir='ltr'><strong>dignus;</strong></span> <span class='ocrx_word' id='word_1_655' title='bbox 1318 4948 1566 5018; x_wconf 81' lang='lat' dir='ltr'><strong>accipere</strong></span> <span class='ocrx_word' id='word_1_656' title='bbox 1591 4950 1789 5004; x_wconf 86' lang='lat' dir='ltr'><strong>etenim</strong></span> <span class='ocrx_word' id='word_1_657' title='bbox 1821 4966 1944 5005; x_wconf 92' lang='lat' dir='ltr'><strong>cru-</strong></span> 
     </span>
    </p>
   </div>
   <div class='ocr_carea' id='block_1_84' title="bbox 353 5041 1939 5115">
    <p class='ocr_par' dir='ltr' id='par_1_84' title="bbox 353 5041 1939 5115">
     <span class='ocr_line' id='line_1_84' title="bbox 353 5041 1939 5115; baseline 0 -16"><span class='ocrx_word' id='word_1_658' title='bbox 353 5057 497 5110; x_wconf 87' lang='lat' dir='ltr'><strong>cem,</strong></span> <span class='ocrx_word' id='word_1_659' title='bbox 528 5051 585 5100; x_wconf 90' lang='lat' dir='ltr'><strong>et</strong></span> <span class='ocrx_word' id='word_1_660' title='bbox 609 5052 735 5115; x_wconf 88' lang='lat' dir='ltr'><strong>post</strong></span> <span class='ocrx_word' id='word_1_661' title='bbox 759 5043 929 5099; x_wconf 89' lang='lat' dir='ltr'><strong>Deum</strong></span> <span class='ocrx_word' id='word_1_662' title='bbox 956 5044 1055 5107; x_wconf 91' lang='lat' dir='ltr'><strong>ire,</strong></span> <span class='ocrx_word' id='word_1_663' title='bbox 1094 5052 1178 5097; x_wconf 92' lang='lat' dir='ltr'><strong>est</strong></span> <span class='ocrx_word' id='word_1_664' title='bbox 1205 5041 1289 5097; x_wconf 91' lang='lat' dir='ltr'><strong>vel</strong></span> <span class='ocrx_word' id='word_1_665' title='bbox 1324 5044 1507 5099; x_wconf 87' lang='lat' dir='ltr'><strong>carnis</strong></span> <span class='ocrx_word' id='word_1_666' title='bbox 1534 5045 1939 5111; x_wconf 88' lang='lat' dir='ltr'><strong>abstinentiam,</strong></span> 
     </span>
    </p>
   </div>
   <div class='ocr_carea' id='block_1_85' title="bbox 354 5134 1944 5206">
    <p class='ocr_par' dir='ltr' id='par_1_85' title="bbox 354 5134 1944 5206">
     <span class='ocr_line' id='line_1_85' title="bbox 354 5134 1944 5206; baseline -0.001 -15"><span class='ocrx_word' id='word_1_667' title='bbox 354 5136 445 5192; x_wconf 85' lang='lat' dir='ltr'><strong>vel</strong></span> <span class='ocrx_word' id='word_1_668' title='bbox 466 5137 896 5206; x_wconf 88' lang='lat' dir='ltr'><strong>compassionem</strong></span> <span class='ocrx_word' id='word_1_669' title='bbox 919 5136 1166 5206; x_wconf 82' lang='lat' dir='ltr'><strong>proximo</strong></span> <span class='ocrx_word' id='word_1_670' title='bbox 1188 5134 1366 5190; x_wconf 91' lang='lat' dir='ltr'><strong>studio</strong></span> <span class='ocrx_word' id='word_1_671' title='bbox 1387 5141 1604 5192; x_wconf 65' lang='lat' dir='ltr'><strong>aiternae</strong></span> <span class='ocrx_word' id='word_1_672' title='bbox 1628 5136 1944 5193; x_wconf 92' lang='lat' dir='ltr'><strong>intentionis</strong></span> 
     </span>
    </p>
   </div>
   <div class='ocr_carea' id='block_1_86' title="bbox 354 5227 1944 5300">
    <p class='ocr_par' dir='ltr' id='par_1_86' title="bbox 354 5227 1944 5300">
     <span class='ocr_line' id='line_1_86' title="bbox 354 5227 1944 5300; baseline -0.004 -12"><span class='ocrx_word' id='word_1_673' title='bbox 354 5232 618 5290; x_wconf 70' lang='lat' dir='ltr'><strong>exhibere</strong></span> <span class='ocrx_word' id='word_1_674' title='bbox 639 5250 654 5287; x_wconf 96' lang='lat'><strong>:</strong></span> <span class='ocrx_word' id='word_1_675' title='bbox 678 5247 802 5287; x_wconf 90' lang='lat' dir='ltr'><strong>nam</strong></span> <span class='ocrx_word' id='word_1_676' title='bbox 822 5229 1067 5300; x_wconf 86' lang='lat' dir='ltr'><strong>quisquis</strong></span> <span class='ocrx_word' id='word_1_677' title='bbox 1087 5228 1203 5283; x_wconf 72' lang='lat' dir='ltr'><strong>haec</strong></span> <span class='ocrx_word' id='word_1_678' title='bbox 1222 5242 1323 5298; x_wconf 91' lang='lat' dir='ltr'><strong>pro</strong></span> <span class='ocrx_word' id='word_1_679' title='bbox 1344 5227 1623 5297; x_wconf 88' lang='lat' dir='ltr'><strong>temporali</strong></span> <span class='ocrx_word' id='word_1_680' title='bbox 1646 5228 1944 5283; x_wconf 90' lang='lat' dir='ltr'><strong>intentione</strong></span> 
     </span>
    </p>
   </div>
   <div class='ocr_carea' id='block_1_87' title="bbox 356 5317 1943 5390">
    <p class='ocr_par' dir='ltr' id='par_1_87' title="bbox 356 5317 1943 5390">
     <span class='ocr_line' id='line_1_87' title="bbox 356 5317 1943 5390; baseline -0.003 -12"><span class='ocrx_word' id='word_1_681' title='bbox 356 5322 599 5389; x_wconf 80' lang='lat' dir='ltr'><strong>exhibet,</strong></span> <span class='ocrx_word' id='word_1_682' title='bbox 636 5335 855 5378; x_wconf 89' lang='lat' dir='ltr'><strong>crucem</strong></span> <span class='ocrx_word' id='word_1_683' title='bbox 880 5318 1096 5390; x_wconf 89' lang='lat' dir='ltr'><strong>quidem</strong></span> <span class='ocrx_word' id='word_1_684' title='bbox 1125 5317 1344 5387; x_wconf 73' lang='lat' dir='ltr'><strong>baiulat,</strong></span> <span class='ocrx_word' id='word_1_685' title='bbox 1385 5319 1481 5373; x_wconf 89' lang='lat' dir='ltr'><strong>sed</strong></span> <span class='ocrx_word' id='word_1_686' title='bbox 1517 5319 1597 5374; x_wconf 89' lang='lat' dir='ltr'><strong>ire</strong></span> <span class='ocrx_word' id='word_1_687' title='bbox 1625 5328 1746 5389; x_wconf 91' lang='lat' dir='ltr'><strong>post</strong></span> <span class='ocrx_word' id='word_1_688' title='bbox 1773 5319 1943 5374; x_wconf 91' lang='lat' dir='ltr'><strong>Deum</strong></span> 
     </span>
    </p>
   </div>
   <div class='ocr_carea' id='block_1_88' title="bbox 358 5412 1945 5488">
    <p class='ocr_par' dir='ltr' id='par_1_88' title="bbox 358 5412 1945 5488">
     <span class='ocr_line' id='line_1_88' title="bbox 358 5412 1945 5488; baseline -0.002 -18"><span class='ocrx_word' id='word_1_689' title='bbox 358 5422 594 5470; x_wconf 76' lang='lat' dir='ltr'><strong>recusat.</strong></span> <span class='ocrx_word' id='word_1_690' title='bbox 623 5414 850 5488; x_wconf 65' lang='grc' dir='ltr'><strong>(Μλυιι.)</strong></span> <span class='ocrx_word' id='word_1_691' title='bbox 894 5413 1045 5481; x_wconf 85' lang='lat' dir='ltr'><strong>Quod</strong></span> <span class='ocrx_word' id='word_1_692' title='bbox 1091 5420 1271 5467; x_wconf 88' lang='lat' dir='ltr'><strong>autem</strong></span> <span class='ocrx_word' id='word_1_693' title='bbox 1314 5412 1404 5467; x_wconf 89' lang='lat' dir='ltr'><strong>hic</strong></span> <span class='ocrx_word' id='word_1_694' title='bbox 1433 5419 1490 5467; x_wconf 91' lang='lat' dir='ltr'><strong>et</strong></span> <span class='ocrx_word' id='word_1_695' title='bbox 1531 5414 1799 5481; x_wconf 89' lang='lat' dir='ltr'><strong>superius,</strong></span> <span class='ocrx_word' id='word_1_696' title='bbox 1840 5429 1945 5467; x_wconf 80' lang='lat' dir='ltr'><strong>non</strong></span> 
     </span>
    </p>
   </div>
   <div class='ocr_carea' id='block_1_89' title="bbox 358 5502 1944 5578">
    <p class='ocr_par' dir='ltr' id='par_1_89' title="bbox 358 5502 1944 5578">
     <span class='ocr_line' id='line_1_89' title="bbox 358 5502 1944 5578; baseline -0.001 -16"><span class='ocrx_word' id='word_1_697' title='bbox 358 5516 440 5562; x_wconf 82' lang='lat' dir='ltr'><strong>est</strong></span> <span class='ocrx_word' id='word_1_698' title='bbox 468 5522 551 5562; x_wconf 87' lang='lat' dir='ltr'><strong>me</strong></span> <span class='ocrx_word' id='word_1_699' title='bbox 577 5506 787 5578; x_wconf 71' lang='lat' dir='ltr'><strong>dignus,</strong></span> <span class='ocrx_word' id='word_1_700' title='bbox 815 5505 966 5569; x_wconf 89' lang='lat' dir='ltr'><strong>dicit,</strong></span> <span class='ocrx_word' id='word_1_701' title='bbox 996 5503 1267 5575; x_wconf 88' lang='lat' dir='ltr'><strong>signiﬁcat</strong></span> <span class='ocrx_word' id='word_1_702' title='bbox 1312 5502 1528 5573; x_wconf 84' lang='lat' dir='ltr'><strong>quidem</strong></span> <span class='ocrx_word' id='word_1_703' title='bbox 1565 5503 1713 5558; x_wconf 89' lang='lat' dir='ltr'><strong>illum</strong></span> <span class='ocrx_word' id='word_1_704' title='bbox 1761 5505 1944 5560; x_wconf 87' lang='lat' dir='ltr'><strong>divino</strong></span> 
     </span>
    </p>
   </div>
   <div class='ocr_carea' id='block_1_90' title="bbox 356 5594 1945 5668">
    <p class='ocr_par' dir='ltr' id='par_1_90' title="bbox 356 5594 1945 5668">
     <span class='ocr_line' id='line_1_90' title="bbox 356 5594 1945 5668; baseline -0.003 -12"><span class='ocrx_word' id='word_1_705' title='bbox 356 5601 640 5656; x_wconf 85' lang='lat' dir='ltr'><strong>consortio</strong></span> <span class='ocrx_word' id='word_1_706' title='bbox 668 5614 789 5656; x_wconf 88' lang='lat' dir='ltr'><strong>esse</strong></span> <span class='ocrx_word' id='word_1_707' title='bbox 818 5597 1118 5668; x_wconf 84' lang='lat' dir='ltr'><strong>indignum,</strong></span> <span class='ocrx_word' id='word_1_708' title='bbox 1148 5595 1241 5665; x_wconf 87' lang='lat' dir='ltr'><strong>qui</strong></span> <span class='ocrx_word' id='word_1_709' title='bbox 1267 5594 1491 5650; x_wconf 89' lang='lat' dir='ltr'><strong>delicias</strong></span> <span class='ocrx_word' id='word_1_710' title='bbox 1517 5596 1702 5651; x_wconf 89' lang='lat' dir='ltr'><strong>mundi</strong></span> <span class='ocrx_word' id='word_1_711' title='bbox 1731 5604 1788 5650; x_wconf 91' lang='lat' dir='ltr'><strong>et</strong></span> <span class='ocrx_word' id='word_1_712' title='bbox 1815 5611 1945 5652; x_wconf 91' lang='lat' dir='ltr'><strong>eon-</strong></span> 
     </span>
    </p>
   </div>
   <div class='ocr_carea' id='block_1_91' title="bbox 358 5685 1943 5765">
    <p class='ocr_par' dir='ltr' id='par_1_91' title="bbox 358 5685 1943 5765">
     <span class='ocr_line' id='line_1_91' title="bbox 358 5685 1943 5765; baseline -0.005 -15"><span class='ocrx_word' id='word_1_713' title='bbox 358 5691 744 5765; x_wconf 78' lang='lat' dir='ltr'><strong>sanguinitatis</strong></span> <span class='ocrx_word' id='word_1_714' title='bbox 789 5687 1060 5746; x_wconf 84' lang='lat' dir='ltr'><strong>carnalem</strong></span> <span class='ocrx_word' id='word_1_715' title='bbox 1108 5701 1348 5741; x_wconf 89' lang='lat' dir='ltr'><strong>amorem</strong></span> <span class='ocrx_word' id='word_1_716' title='bbox 1400 5685 1663 5756; x_wconf 68' lang='lat' dir='ltr'><strong>prteponit</strong></span> <span class='ocrx_word' id='word_1_717' title='bbox 1713 5687 1943 5757; x_wconf 85' lang='lat' dir='ltr'><strong>spiritali</strong></span> 
     </span>
    </p>
   </div>
   <div class='ocr_carea' id='block_1_92' title="bbox 849 5776 1357 5843">
    <p class='ocr_par' dir='ltr' id='par_1_92' title="bbox 849 5776 1357 5843">
     <span class='ocr_line' id='line_1_92' title="bbox 849 5776 1357 5843; baseline -0.014 0"><span class='ocrx_word' id='word_1_718' title='bbox 849 5782 1125 5843; x_wconf 69' lang='lat' dir='ltr'><strong>Parnm.</strong></span> <span class='ocrx_word' id='word_1_719' title='bbox 1171 5776 1357 5841; x_wconf 84' lang='lat' dir='ltr'><strong>CVII.</strong></span> 
     </span>
    </p>
   </div>
   <div class='ocr_carea' id='block_1_93' title="bbox 2036 3226 3625 3300">
    <p class='ocr_par' dir='ltr' id='par_1_93' title="bbox 2036 3226 3625 3300">
     <span class='ocr_line' id='line_1_93' title="bbox 2036 3226 3625 3300; baseline 0.003 -17"><span class='ocrx_word' id='word_1_720' title='bbox 2036 3226 2218 3283; x_wconf 91' lang='lat' dir='ltr'><strong>dinem</strong></span> <span class='ocrx_word' id='word_1_721' title='bbox 2254 3228 2688 3299; x_wconf 83' lang='lat' dir='ltr'><strong>gratiarumnon</strong></span> <span class='ocrx_word' id='word_1_722' title='bbox 2720 3227 2866 3283; x_wconf 91' lang='lat' dir='ltr'><strong>aliud</strong></span> <span class='ocrx_word' id='word_1_723' title='bbox 2900 3235 2985 3284; x_wconf 89' lang='lat' dir='ltr'><strong>est</strong></span> <span class='ocrx_word' id='word_1_724' title='bbox 3011 3226 3287 3297; x_wconf 89' lang='lat' dir='ltr'><strong>apostolos</strong></span> <span class='ocrx_word' id='word_1_725' title='bbox 3328 3231 3625 3300; x_wconf 86' lang='lat' dir='ltr'><strong>recepisse,</strong></span> 
     </span>
    </p>
   </div>
   <div class='ocr_carea' id='block_1_94' title="bbox 2035 3316 3629 3388">
    <p class='ocr_par' dir='ltr' id='par_1_94' title="bbox 2035 3316 3629 3388">
     <span class='ocr_line' id='line_1_94' title="bbox 2035 3316 3629 3388; baseline 0.004 -18"><span class='ocrx_word' id='word_1_726' title='bbox 2035 3332 2198 3388; x_wconf 90' lang='lat' dir='ltr'><strong>quam</strong></span> <span class='ocrx_word' id='word_1_727' title='bbox 2226 3317 2418 3384; x_wconf 91' lang='lat' dir='ltr'><strong>Deum,</strong></span> <span class='ocrx_word' id='word_1_728' title='bbox 2456 3318 2584 3387; x_wconf 91' lang='lat' dir='ltr'><strong>quia</strong></span> <span class='ocrx_word' id='word_1_729' title='bbox 2618 3326 2672 3372; x_wconf 90' lang='lat' dir='ltr'><strong>et</strong></span> <span class='ocrx_word' id='word_1_730' title='bbox 2716 3318 2772 3372; x_wconf 90' lang='lat' dir='ltr'><strong>in</strong></span> <span class='ocrx_word' id='word_1_731' title='bbox 2811 3316 2917 3371; x_wconf 91' lang='lat' dir='ltr'><strong>illis</strong></span> <span class='ocrx_word' id='word_1_732' title='bbox 2941 3316 3212 3384; x_wconf 89' lang='lat' dir='ltr'><strong>Christus,</strong></span> <span class='ocrx_word' id='word_1_733' title='bbox 3240 3325 3296 3374; x_wconf 89' lang='lat' dir='ltr'><strong>et</strong></span> <span class='ocrx_word' id='word_1_734' title='bbox 3325 3318 3381 3374; x_wconf 94' lang='lat' dir='ltr'><strong>in</strong></span> <span class='ocrx_word' id='word_1_735' title='bbox 3410 3318 3629 3377; x_wconf 91' lang='lat' dir='ltr'><strong>Christo</strong></span> 
     </span>
    </p>
   </div>
   <div class='ocr_carea' id='block_1_95' title="bbox 2036 3408 3630 3483">
    <p class='ocr_par' dir='ltr' id='par_1_95' title="bbox 2036 3408 3630 3483">
     <span class='ocr_line' id='line_1_95' title="bbox 2036 3408 3630 3483; baseline 0.003 -19"><span class='ocrx_word' id='word_1_736' title='bbox 2036 3410 2179 3465; x_wconf 92' lang='lat' dir='ltr'><strong>Deus</strong></span> <span class='ocrx_word' id='word_1_737' title='bbox 2206 3409 2428 3465; x_wconf 86' lang='lat' dir='ltr'><strong>habitet.</strong></span> <span class='ocrx_word' id='word_1_738' title='bbox 2458 3409 2597 3465; x_wconf 86' lang='lat' dir='ltr'><strong>Ecce</strong></span> <span class='ocrx_word' id='word_1_739' title='bbox 2623 3409 2758 3465; x_wconf 90' lang='lat' dir='ltr'><strong>ordo</strong></span> <span class='ocrx_word' id='word_1_740' title='bbox 2780 3408 3196 3479; x_wconf 90' lang='lat' dir='ltr'><strong>pulcherrimus,</strong></span> <span class='ocrx_word' id='word_1_741' title='bbox 3225 3426 3350 3465; x_wconf 90' lang='lat' dir='ltr'><strong>cum</strong></span> <span class='ocrx_word' id='word_1_742' title='bbox 3382 3411 3452 3467; x_wconf 89' lang='lat' dir='ltr'><strong>ad</strong></span> <span class='ocrx_word' id='word_1_743' title='bbox 3489 3414 3630 3483; x_wconf 51' lang='lat' dir='ltr'><strong>prae;</strong></span> 
     </span>
    </p>
   </div>
   <div class='ocr_carea' id='block_1_96' title="bbox 2039 3499 3630 3571">
    <p class='ocr_par' dir='ltr' id='par_1_96' title="bbox 2039 3499 3630 3571">
     <span class='ocr_line' id='line_1_96' title="bbox 2039 3499 3630 3571; baseline 0.002 -15"><span class='ocrx_word' id='word_1_744' title='bbox 2039 3500 2362 3556; x_wconf 88' lang='lat' dir='ltr'><strong>dieationem</strong></span> <span class='ocrx_word' id='word_1_745' title='bbox 2399 3500 2584 3565; x_wconf 91' lang='lat' dir='ltr'><strong>mittit,</strong></span> <span class='ocrx_word' id='word_1_746' title='bbox 2618 3501 2776 3556; x_wconf 90' lang='lat' dir='ltr'><strong>docet</strong></span> <span class='ocrx_word' id='word_1_747' title='bbox 2805 3499 3044 3571; x_wconf 86' lang='lat' dir='ltr'><strong>pericula</strong></span> <span class='ocrx_word' id='word_1_748' title='bbox 3083 3516 3194 3557; x_wconf 90' lang='lat' dir='ltr'><strong>non</strong></span> <span class='ocrx_word' id='word_1_749' title='bbox 3236 3502 3502 3571; x_wconf 80' lang='lat' dir='ltr'><strong>timenda,</strong></span> <span class='ocrx_word' id='word_1_750' title='bbox 3547 3502 3630 3559; x_wconf 79' lang='lat' dir='ltr'><strong>af-</strong></span> 
     </span>
    </p>
   </div>
   <div class='ocr_carea' id='block_1_97' title="bbox 2038 3590 3627 3664">
    <p class='ocr_par' dir='ltr' id='par_1_97' title="bbox 2038 3590 3627 3664">
     <span class='ocr_line' id='line_1_97' title="bbox 2038 3590 3627 3664; baseline 0.004 -19"><span class='ocrx_word' id='word_1_751' title='bbox 2038 3590 2239 3648; x_wconf 85' lang='lat' dir='ltr'><strong>fectum</strong></span> <span class='ocrx_word' id='word_1_752' title='bbox 2284 3591 2505 3661; x_wconf 79' lang='lat' dir='ltr'><strong>subjieit</strong></span> <span class='ocrx_word' id='word_1_753' title='bbox 2546 3592 2710 3647; x_wconf 87' lang='lat' dir='ltr'><strong>statui</strong></span> <span class='ocrx_word' id='word_1_754' title='bbox 2738 3590 3034 3661; x_wconf 89' lang='lat' dir='ltr'><strong>religionis,</strong></span> <span class='ocrx_word' id='word_1_755' title='bbox 3076 3607 3270 3648; x_wconf 88' lang='lat' dir='ltr'><strong>aurum</strong></span> <span class='ocrx_word' id='word_1_756' title='bbox 3299 3609 3460 3664; x_wconf 87' lang='lat' dir='ltr'><strong>supra</strong></span> <span class='ocrx_word' id='word_1_757' title='bbox 3490 3595 3627 3652; x_wconf 86' lang='lat' dir='ltr'><strong>tule-</strong></span> 
     </span>
    </p>
   </div>
   <div class='ocr_carea' id='block_1_98' title="bbox 2041 3681 3632 3753">
    <p class='ocr_par' dir='ltr' id='par_1_98' title="bbox 2041 3681 3632 3753">
     <span class='ocr_line' id='line_1_98' title="bbox 2041 3681 3632 3753; baseline 0.002 -15"><span class='ocrx_word' id='word_1_758' title='bbox 2041 3692 2156 3749; x_wconf 83' lang='lat' dir='ltr'><strong>rat,</strong></span> <span class='ocrx_word' id='word_1_759' title='bbox 2191 3698 2267 3739; x_wconf 64' lang='grc' dir='ltr'><strong>ωε</strong></span> <span class='ocrx_word' id='word_1_760' title='bbox 2311 3684 2378 3739; x_wconf 91' lang='lat' dir='ltr'><strong>de</strong></span> <span class='ocrx_word' id='word_1_761' title='bbox 2421 3698 2558 3739; x_wconf 82' lang='lat' dir='ltr'><strong>zona</strong></span> <span class='ocrx_word' id='word_1_762' title='bbox 2603 3688 2953 3747; x_wconf 81' lang='lat' dir='ltr'><strong>excusserat,</strong></span> <span class='ocrx_word' id='word_1_763' title='bbox 2998 3681 3133 3737; x_wconf 89' lang='lat' dir='ltr'><strong>dura</strong></span> <span class='ocrx_word' id='word_1_764' title='bbox 3175 3682 3632 3753; x_wconf 86' lang='lat' dir='ltr'><strong>evangelistarum</strong></span> 
     </span>
    </p>
   </div>
   <div class='ocr_carea' id='block_1_99' title="bbox 2042 3778 2301 3833">
    <p class='ocr_par' dir='ltr' id='par_1_99' title="bbox 2042 3778 2301 3833">
     <span class='ocr_line' id='line_1_99' title="bbox 2042 3778 2301 3833; baseline -0.012 -1"><span class='ocrx_word' id='word_1_765' title='bbox 2042 3778 2301 3833; x_wconf 81' lang='lat' dir='ltr'><strong>conditio.</strong></span> 
     </span>
    </p>
   </div>
   <div class='ocr_carea' id='block_1_100' title="bbox 2041 3862 3635 3936">
    <p class='ocr_par' dir='ltr' id='par_1_100' title="bbox 2041 3862 3635 3936">
     <span class='ocr_line' id='line_1_100' title="bbox 2041 3862 3635 3936; baseline 0.002 -16"><span class='ocrx_word' id='word_1_766' title='bbox 2041 3895 2044 3899; x_wconf 60' lang='grc' dir='ltr'><strong><em>η</em></strong></span> <span class='ocrx_word' id='word_1_767' title='bbox 2118 3866 2269 3922; x_wconf 89' lang='lat' dir='ltr'><strong>Unde</strong></span> <span class='ocrx_word' id='word_1_768' title='bbox 2318 3878 2449 3936; x_wconf 90' lang='lat' dir='ltr'><strong>ergo</strong></span> <span class='ocrx_word' id='word_1_769' title='bbox 2508 3870 2785 3934; x_wconf 90' lang='lat' dir='ltr'><strong>sumptus,</strong></span> <span class='ocrx_word' id='word_1_770' title='bbox 2832 3862 2977 3918; x_wconf 85' lang='lat' dir='ltr'><strong>unde</strong></span> <span class='ocrx_word' id='word_1_771' title='bbox 3031 3862 3209 3919; x_wconf 92' lang='lat' dir='ltr'><strong>victus</strong></span> <span class='ocrx_word' id='word_1_772' title='bbox 3278 3866 3635 3923; x_wconf 74' lang='lat' dir='ltr'><strong>necessaria?</strong></span> 
     </span>
    </p>
   </div>
   <div class='ocr_carea' id='block_1_101' title="bbox 2040 3953 3633 4027">
    <p class='ocr_par' dir='ltr' id='par_1_101' title="bbox 2040 3953 3633 4027">
     <span class='ocr_line' id='line_1_101' title="bbox 2040 3953 3633 4027; baseline -0.006 -16"><span class='ocrx_word' id='word_1_773' title='bbox 2040 3954 2427 4010; x_wconf 83' lang='lat' dir='ltr'><strong>Austeritatem</strong></span> <span class='ocrx_word' id='word_1_774' title='bbox 2491 3953 2869 4007; x_wconf 88' lang='lat' dir='ltr'><strong>mandatorum</strong></span> <span class='ocrx_word' id='word_1_775' title='bbox 2927 3967 3025 4024; x_wconf 91' lang='lat' dir='ltr'><strong>spe</strong></span> <span class='ocrx_word' id='word_1_776' title='bbox 3073 3960 3343 4025; x_wconf 89' lang='lat' dir='ltr'><strong>temperat</strong></span> <span class='ocrx_word' id='word_1_777' title='bbox 3393 3958 3633 4027; x_wconf 69' lang='lat' dir='ltr'><strong>promis-</strong></span> 
     </span>
    </p>
   </div>
   <div class='ocr_carea' id='block_1_102' title="bbox 2045 4044 3634 4117">
    <p class='ocr_par' dir='ltr' id='par_1_102' title="bbox 2045 4044 3634 4117">
     <span class='ocr_line' id='line_1_102' title="bbox 2045 4044 3634 4117; baseline 0.001 -14"><span class='ocrx_word' id='word_1_778' title='bbox 2045 4062 2267 4104; x_wconf 85' lang='lat' dir='ltr'><strong>serum:</strong></span> <span class='ocrx_word' id='word_1_779' title='bbox 2302 4045 2407 4111; x_wconf 91' lang='lat' dir='ltr'><strong>Qui</strong></span> <span class='ocrx_word' id='word_1_780' title='bbox 2447 4044 2655 4115; x_wconf 83' lang='lat' dir='ltr'><strong>recipit,</strong></span> <span class='ocrx_word' id='word_1_781' title='bbox 2716 4044 2992 4115; x_wconf 90' lang='lat' dir='ltr'><strong>inquiens,</strong></span> <span class='ocrx_word' id='word_1_782' title='bbox 3041 4060 3150 4111; x_wconf 80' lang='lat' dir='ltr'><strong>vos,</strong></span> <span class='ocrx_word' id='word_1_783' title='bbox 3198 4061 3282 4100; x_wconf 87' lang='lat' dir='ltr'><strong>me</strong></span> <span class='ocrx_word' id='word_1_784' title='bbox 3326 4046 3545 4117; x_wconf 82' lang='lat' dir='ltr'><strong>recipit;</strong></span> <span class='ocrx_word' id='word_1_785' title='bbox 3582 4059 3634 4104; x_wconf 86' lang='lat' dir='ltr'><strong>et</strong></span> 
     </span>
    </p>
   </div>
   <div class='ocr_carea' id='block_1_103' title="bbox 2043 4136 3635 4212">
    <p class='ocr_par' dir='ltr' id='par_1_103' title="bbox 2043 4136 3635 4212">
     <span class='ocr_line' id='line_1_103' title="bbox 2043 4136 3635 4212; baseline 0.002 -19"><span class='ocrx_word' id='word_1_786' title='bbox 2043 4140 2134 4212; x_wconf 87' lang='lat' dir='ltr'><strong>qui</strong></span> <span class='ocrx_word' id='word_1_787' title='bbox 2162 4139 2339 4209; x_wconf 84' lang='lat' dir='ltr'><strong>recipit</strong></span> <span class='ocrx_word' id='word_1_788' title='bbox 2377 4153 2481 4202; x_wconf 89' lang='lat' dir='ltr'><strong>me,</strong></span> <span class='ocrx_word' id='word_1_789' title='bbox 2508 4136 2685 4207; x_wconf 83' lang='lat' dir='ltr'><strong>recipit</strong></span> <span class='ocrx_word' id='word_1_790' title='bbox 2717 4152 2836 4192; x_wconf 88' lang='lat' dir='ltr'><strong>eum</strong></span> <span class='ocrx_word' id='word_1_791' title='bbox 2864 4136 2953 4208; x_wconf 89' lang='lat' dir='ltr'><strong>qui</strong></span> <span class='ocrx_word' id='word_1_792' title='bbox 2983 4153 3064 4192; x_wconf 90' lang='lat' dir='ltr'><strong>me</strong></span> <span class='ocrx_word' id='word_1_793' title='bbox 3094 4137 3253 4192; x_wconf 88' lang='lat' dir='ltr'><strong>misit.</strong></span> <span class='ocrx_word' id='word_1_794' title='bbox 3282 4137 3351 4194; x_wconf 89' lang='lat' dir='ltr'><strong>Ut</strong></span> <span class='ocrx_word' id='word_1_795' title='bbox 3380 4138 3436 4194; x_wconf 83' lang='lat' dir='ltr'><strong>in</strong></span> <span class='ocrx_word' id='word_1_796' title='bbox 3460 4140 3635 4196; x_wconf 87' lang='lat' dir='ltr'><strong>susci-</strong></span> 
     </span>
    </p>
   </div>
   <div class='ocr_carea' id='block_1_104' title="bbox 2044 4218 3636 4303">
    <p class='ocr_par' dir='ltr' id='par_1_104' title="bbox 2044 4218 3636 4303">
     <span class='ocr_line' id='line_1_104' title="bbox 2044 4218 3636 4303; baseline 0.002 -17"><span class='ocrx_word' id='word_1_797' title='bbox 2044 4230 2254 4303; x_wconf 86' lang='lat' dir='ltr'><strong>piendis</strong></span> <span class='ocrx_word' id='word_1_798' title='bbox 2299 4228 2558 4300; x_wconf 89' lang='lat' dir='ltr'><strong>apostolis</strong></span> <span class='ocrx_word' id='word_1_799' title='bbox 2604 4228 2976 4299; x_wconf 88' lang='lat' dir='ltr'><strong>unusquisque</strong></span> <span class='ocrx_word' id='word_1_800' title='bbox 3019 4227 3352 4286; x_wconf 89' lang='lat' dir='ltr'><strong>credentium</strong></span> <span class='ocrx_word' id='word_1_801' title='bbox 3408 4218 3468 4288; x_wconf 84' lang='lat' dir='ltr'><strong>se</strong></span> <span class='ocrx_word' id='word_1_802' title='bbox 3514 4248 3636 4289; x_wconf 85' lang='lat' dir='ltr'><strong>sus-</strong></span> 
     </span>
    </p>
   </div>
   <div class='ocr_carea' id='block_1_105' title="bbox 2046 4320 3636 4394">
    <p class='ocr_par' dir='ltr' id='par_1_105' title="bbox 2046 4320 3636 4394">
     <span class='ocr_line' id='line_1_105' title="bbox 2046 4320 3636 4394; baseline 0.001 -15"><span class='ocrx_word' id='word_1_803' title='bbox 2046 4324 2254 4394; x_wconf 88' lang='lat' dir='ltr'><strong>cepisse</strong></span> <span class='ocrx_word' id='word_1_804' title='bbox 2309 4322 2585 4378; x_wconf 85' lang='lat' dir='ltr'><strong>Christum</strong></span> <span class='ocrx_word' id='word_1_805' title='bbox 2659 4320 2973 4387; x_wconf 89' lang='lat' dir='ltr'><strong>arbitretur,</strong></span> <span class='ocrx_word' id='word_1_806' title='bbox 3019 4329 3075 4377; x_wconf 90' lang='lat' dir='ltr'><strong>et</strong></span> <span class='ocrx_word' id='word_1_807' title='bbox 3121 4321 3178 4376; x_wconf 92' lang='lat' dir='ltr'><strong>in</strong></span> <span class='ocrx_word' id='word_1_808' title='bbox 3232 4325 3636 4382; x_wconf 89' lang='lat' dir='ltr'><strong>resurrectione</strong></span> 
     </span>
    </p>
   </div>
   <div class='ocr_carea' id='block_1_106' title="bbox 2046 4409 3635 4483">
    <p class='ocr_par' dir='ltr' id='par_1_106' title="bbox 2046 4409 3635 4483">
     <span class='ocr_line' id='line_1_106' title="bbox 2046 4409 3635 4483; baseline 0.002 -13"><span class='ocrx_word' id='word_1_809' title='bbox 2046 4413 2251 4470; x_wconf 89' lang='lat' dir='ltr'><strong>Christi</strong></span> <span class='ocrx_word' id='word_1_810' title='bbox 2280 4413 2467 4468; x_wconf 90' lang='lat' dir='ltr'><strong>credat</strong></span> <span class='ocrx_word' id='word_1_811' title='bbox 2498 4427 2558 4468; x_wconf 91' lang='lat' dir='ltr'><strong>se</strong></span> <span class='ocrx_word' id='word_1_812' title='bbox 2588 4412 2756 4467; x_wconf 90' lang='lat' dir='ltr'><strong>Deum</strong></span> <span class='ocrx_word' id='word_1_813' title='bbox 2795 4409 3013 4466; x_wconf 87' lang='lat' dir='ltr'><strong>Patrem</strong></span> <span class='ocrx_word' id='word_1_814' title='bbox 3047 4412 3341 4483; x_wconf 85' lang='lat' dir='ltr'><strong>accepisse,</strong></span> <span class='ocrx_word' id='word_1_815' title='bbox 3379 4414 3541 4471; x_wconf 89' lang='lat' dir='ltr'><strong>talem</strong></span> <span class='ocrx_word' id='word_1_816' title='bbox 3572 4431 3635 4473; x_wconf 89' lang='lat' dir='ltr'><strong>se</strong></span> 
     </span>
    </p>
   </div>
   <div class='ocr_carea' id='block_1_107' title="bbox 2044 4501 3637 4576">
    <p class='ocr_par' dir='ltr' id='par_1_107' title="bbox 2044 4501 3637 4576">
     <span class='ocr_line' id='line_1_107' title="bbox 2044 4501 3637 4576; baseline 0.003 -18"><span class='ocrx_word' id='word_1_817' title='bbox 2044 4504 2232 4574; x_wconf 90' lang='lat' dir='ltr'><strong>utique</strong></span> <span class='ocrx_word' id='word_1_818' title='bbox 2260 4520 2324 4560; x_wconf 89' lang='lat' dir='ltr'><strong>ac</strong></span> <span class='ocrx_word' id='word_1_819' title='bbox 2354 4512 2564 4558; x_wconf 87' lang='lat' dir='ltr'><strong>tantum</strong></span> <span class='ocrx_word' id='word_1_820' title='bbox 2606 4501 2722 4557; x_wconf 91' lang='lat' dir='ltr'><strong>vult</strong></span> <span class='ocrx_word' id='word_1_821' title='bbox 2765 4502 2936 4568; x_wconf 90' lang='lat' dir='ltr'><strong>credi,</strong></span> <span class='ocrx_word' id='word_1_822' title='bbox 2978 4502 3156 4574; x_wconf 90' lang='lat' dir='ltr'><strong>qualis</strong></span> <span class='ocrx_word' id='word_1_823' title='bbox 3182 4513 3239 4559; x_wconf 87' lang='lat' dir='ltr'><strong>et</strong></span> <span class='ocrx_word' id='word_1_824' title='bbox 3270 4515 3509 4576; x_wconf 89' lang='lat' dir='ltr'><strong>quantus</strong></span> <span class='ocrx_word' id='word_1_825' title='bbox 3550 4516 3637 4564; x_wconf 89' lang='lat' dir='ltr'><strong>est</strong></span> 
     </span>
    </p>
   </div>
   <div class='ocr_carea' id='block_1_108' title="bbox 2046 4593 3636 4665">
    <p class='ocr_par' dir='ltr' id='par_1_108' title="bbox 2046 4593 3636 4665">
     <span class='ocr_line' id='line_1_108' title="bbox 2046 4593 3636 4665; baseline 0.004 -15"><span class='ocrx_word' id='word_1_826' title='bbox 2046 4596 2245 4651; x_wconf 88' lang='lat' dir='ltr'><strong>Pater:</strong></span> <span class='ocrx_word' id='word_1_827' title='bbox 2273 4595 2457 4665; x_wconf 88' lang='lat' dir='ltr'><strong>Usque</strong></span> <span class='ocrx_word' id='word_1_828' title='bbox 2483 4593 2619 4649; x_wconf 88' lang='lat' dir='ltr'><strong>adeo</strong></span> <span class='ocrx_word' id='word_1_829' title='bbox 2645 4593 2812 4656; x_wconf 90' lang='lat' dir='ltr'><strong>enim,</strong></span> <span class='ocrx_word' id='word_1_830' title='bbox 2856 4593 3050 4664; x_wconf 83' lang='lat' dir='ltr'><strong>inquit,</strong></span> <span class='ocrx_word' id='word_1_831' title='bbox 3103 4595 3237 4650; x_wconf 93' lang='lat' dir='ltr'><strong>nihil</strong></span> <span class='ocrx_word' id='word_1_832' title='bbox 3283 4599 3448 4654; x_wconf 88' lang='lat' dir='ltr'><strong>distat</strong></span> <span class='ocrx_word' id='word_1_833' title='bbox 3489 4599 3636 4656; x_wconf 91' lang='lat' dir='ltr'><strong>inter</strong></span> 
     </span>
    </p>
   </div>
   <div class='ocr_carea' id='block_1_109' title="bbox 2045 4685 3633 4760">
    <p class='ocr_par' dir='ltr' id='par_1_109' title="bbox 2045 4685 3633 4760">
     <span class='ocr_line' id='line_1_109' title="bbox 2045 4685 3633 4760; baseline 0.004 -21"><span class='ocrx_word' id='word_1_834' title='bbox 2045 4702 2133 4740; x_wconf 88' lang='lat' dir='ltr'><strong>me</strong></span> <span class='ocrx_word' id='word_1_835' title='bbox 2175 4696 2230 4741; x_wconf 84' lang='lat' dir='ltr'><strong>et</strong></span> <span class='ocrx_word' id='word_1_836' title='bbox 2258 4702 2402 4752; x_wconf 89' lang='lat' dir='ltr'><strong>eum,</strong></span> <span class='ocrx_word' id='word_1_837' title='bbox 2435 4694 2494 4739; x_wconf 91' lang='lat' dir='ltr'><strong>ut</strong></span> <span class='ocrx_word' id='word_1_838' title='bbox 2522 4686 2611 4756; x_wconf 93' lang='lat' dir='ltr'><strong>qui</strong></span> <span class='ocrx_word' id='word_1_839' title='bbox 2644 4700 2728 4739; x_wconf 93' lang='lat' dir='ltr'><strong>me</strong></span> <span class='ocrx_word' id='word_1_840' title='bbox 2765 4685 2975 4754; x_wconf 77' lang='lat' dir='ltr'><strong>recipit,</strong></span> <span class='ocrx_word' id='word_1_841' title='bbox 3005 4686 3231 4757; x_wconf 89' lang='lat' dir='ltr'><strong>recipiat</strong></span> <span class='ocrx_word' id='word_1_842' title='bbox 3255 4703 3379 4744; x_wconf 90' lang='lat' dir='ltr'><strong>eum</strong></span> <span class='ocrx_word' id='word_1_843' title='bbox 3420 4690 3513 4760; x_wconf 93' lang='lat' dir='ltr'><strong>qui</strong></span> <span class='ocrx_word' id='word_1_844' title='bbox 3545 4706 3633 4746; x_wconf 89' lang='lat' dir='ltr'><strong>me</strong></span> 
     </span>
    </p>
   </div>
   <div class='ocr_carea' id='block_1_110' title="bbox 2043 4780 2209 4834">
    <p class='ocr_par' dir='ltr' id='par_1_110' title="bbox 2043 4780 2209 4834">
     <span class='ocr_line' id='line_1_110' title="bbox 2043 4780 2209 4834; baseline 0.006 -1"><span class='ocrx_word' id='word_1_845' title='bbox 2043 4780 2209 4834; x_wconf 85' lang='lat' dir='ltr'><strong>misit.</strong></span> 
     </span>
    </p>
   </div>
   <div class='ocr_carea' id='block_1_111' title="bbox 2118 4867 3629 4941">
    <p class='ocr_par' dir='ltr' id='par_1_111' title="bbox 2118 4867 3629 4941">
     <span class='ocr_line' id='line_1_111' title="bbox 2118 4867 3629 4941; baseline 0.003 -19"><span class='ocrx_word' id='word_1_846' title='bbox 2118 4869 2223 4935; x_wconf 89' lang='lat' dir='ltr'><strong>Qui</strong></span> <span class='ocrx_word' id='word_1_847' title='bbox 2254 4869 2432 4936; x_wconf 86' lang='lat' dir='ltr'><strong>recipit</strong></span> <span class='ocrx_word' id='word_1_848' title='bbox 2455 4868 2759 4938; x_wconf 84' lang='lat' dir='ltr'><strong>prophetam</strong></span> <span class='ocrx_word' id='word_1_849' title='bbox 2794 4867 2849 4922; x_wconf 85' lang='lat' dir='ltr'><strong>in</strong></span> <span class='ocrx_word' id='word_1_850' title='bbox 2874 4869 3081 4924; x_wconf 81' lang='lat' dir='ltr'><strong>nomine</strong></span> <span class='ocrx_word' id='word_1_851' title='bbox 3117 4872 3404 4941; x_wconf 73' lang='lat' dir='ltr'><strong>prophetae,</strong></span> <span class='ocrx_word' id='word_1_852' title='bbox 3432 4889 3629 4927; x_wconf 87' lang='lat' dir='ltr'><strong>merce-</strong></span> 
     </span>
    </p>
   </div>
   <div class='ocr_carea' id='block_1_112' title="bbox 2045 4959 3631 5031">
    <p class='ocr_par' dir='ltr' id='par_1_112' title="bbox 2045 4959 3631 5031">
     <span class='ocr_line' id='line_1_112' title="bbox 2045 4959 3631 5031; baseline 0.001 -16"><span class='ocrx_word' id='word_1_853' title='bbox 2045 4961 2162 5015; x_wconf 85' lang='lat' dir='ltr'><strong>dem</strong></span> <span class='ocrx_word' id='word_1_854' title='bbox 2190 4959 2451 5030; x_wconf 75' lang='lat' dir='ltr'><strong>propheta:</strong></span> <span class='ocrx_word' id='word_1_855' title='bbox 2479 4959 2699 5027; x_wconf 86' lang='lat' dir='ltr'><strong>accipiet</strong></span> <span class='ocrx_word' id='word_1_856' title='bbox 2724 4975 2743 5023; x_wconf 88' lang='lat'><strong><em>;</em></strong></span> <span class='ocrx_word' id='word_1_857' title='bbox 2787 4967 2836 5012; x_wconf 89' lang='lat' dir='ltr'><strong>et</strong></span> <span class='ocrx_word' id='word_1_858' title='bbox 2864 4960 2953 5029; x_wconf 89' lang='lat' dir='ltr'><strong>qui</strong></span> <span class='ocrx_word' id='word_1_859' title='bbox 2980 4960 3161 5031; x_wconf 88' lang='lat' dir='ltr'><strong>recipit</strong></span> <span class='ocrx_word' id='word_1_860' title='bbox 3199 4962 3407 5031; x_wconf 87' lang='lat' dir='ltr'><strong>justum</strong></span> <span class='ocrx_word' id='word_1_861' title='bbox 3436 4963 3492 5016; x_wconf 84' lang='lat' dir='ltr'><strong>in</strong></span> <span class='ocrx_word' id='word_1_862' title='bbox 3533 4980 3631 5017; x_wconf 81' lang='lat' dir='ltr'><strong>tro-</strong></span> 
     </span>
    </p>
   </div>
   <div class='ocr_carea' id='block_1_113' title="bbox 2045 5049 3635 5122">
    <p class='ocr_par' dir='ltr' id='par_1_113' title="bbox 2045 5049 3635 5122">
     <span class='ocr_line' id='line_1_113' title="bbox 2045 5049 3635 5122; baseline 0.001 -16"><span class='ocrx_word' id='word_1_863' title='bbox 2045 5052 2183 5106; x_wconf 84' lang='lat' dir='ltr'><strong>mine</strong></span> <span class='ocrx_word' id='word_1_864' title='bbox 2203 5050 2358 5121; x_wconf 84' lang='lat' dir='ltr'><strong>justi,</strong></span> <span class='ocrx_word' id='word_1_865' title='bbox 2411 5049 2698 5102; x_wconf 86' lang='lat' dir='ltr'><strong>mercedem</strong></span> <span class='ocrx_word' id='word_1_866' title='bbox 2729 5050 2867 5119; x_wconf 85' lang='lat' dir='ltr'><strong>justi</strong></span> <span class='ocrx_word' id='word_1_867' title='bbox 2901 5052 3140 5122; x_wconf 85' lang='lat' dir='ltr'><strong>accipiet.</strong></span> <span class='ocrx_word' id='word_1_868' title='bbox 3187 5049 3391 5122; x_wconf 80' lang='lat' dir='ltr'><strong>(Greg.)</strong></span> <span class='ocrx_word' id='word_1_869' title='bbox 3428 5052 3485 5105; x_wconf 85' lang='lat' dir='ltr'><strong>In</strong></span> <span class='ocrx_word' id='word_1_870' title='bbox 3513 5052 3635 5122; x_wconf 74' lang='lat' dir='ltr'><strong>qui—</strong></span> 
     </span>
    </p>
   </div>
   <div class='ocr_carea' id='block_1_114' title="bbox 2044 5140 3636 5212">
    <p class='ocr_par' dir='ltr' id='par_1_114' title="bbox 2044 5140 3636 5212">
     <span class='ocr_line' id='line_1_114' title="bbox 2044 5140 3636 5212; baseline 0.001 -14"><span class='ocrx_word' id='word_1_871' title='bbox 2044 5144 2146 5198; x_wconf 87' lang='lat' dir='ltr'><strong>bus</strong></span> <span class='ocrx_word' id='word_1_872' title='bbox 2172 5141 2350 5197; x_wconf 89' lang='lat' dir='ltr'><strong>verbis</strong></span> <span class='ocrx_word' id='word_1_873' title='bbox 2385 5140 2680 5195; x_wconf 81' lang='lat' dir='ltr'><strong>nctandum</strong></span> <span class='ocrx_word' id='word_1_874' title='bbox 2703 5151 2785 5195; x_wconf 90' lang='lat' dir='ltr'><strong>est</strong></span> <span class='ocrx_word' id='word_1_875' title='bbox 2808 5142 2935 5212; x_wconf 90' lang='lat' dir='ltr'><strong>quia</strong></span> <span class='ocrx_word' id='word_1_876' title='bbox 2969 5157 3075 5197; x_wconf 93' lang='lat' dir='ltr'><strong>non</strong></span> <span class='ocrx_word' id='word_1_877' title='bbox 3105 5141 3201 5203; x_wconf 77' lang='lat' dir='ltr'><strong>ait,</strong></span> <span class='ocrx_word' id='word_1_878' title='bbox 3232 5141 3531 5197; x_wconf 76' lang='lat' dir='ltr'><strong>Mercedem</strong></span> <span class='ocrx_word' id='word_1_879' title='bbox 3565 5145 3636 5200; x_wconf 86' lang='lat' dir='ltr'><strong>de</strong></span> 
     </span>
    </p>
   </div>
   <div class='ocr_carea' id='block_1_115' title="bbox 2045 5228 3634 5303">
    <p class='ocr_par' dir='ltr' id='par_1_115' title="bbox 2045 5228 3634 5303">
     <span class='ocr_line' id='line_1_115' title="bbox 2045 5228 3634 5303; baseline -0.001 -15"><span class='ocrx_word' id='word_1_880' title='bbox 2045 5233 2328 5303; x_wconf 86' lang='lat' dir='ltr'><strong>propheta,</strong></span> <span class='ocrx_word' id='word_1_881' title='bbox 2370 5229 2478 5295; x_wconf 85' lang='lat' dir='ltr'><strong>vel,</strong></span> <span class='ocrx_word' id='word_1_882' title='bbox 2531 5229 2833 5286; x_wconf 82' lang='lat' dir='ltr'><strong>Mercedem</strong></span> <span class='ocrx_word' id='word_1_883' title='bbox 2880 5231 2945 5286; x_wconf 93' lang='lat' dir='ltr'><strong>de</strong></span> <span class='ocrx_word' id='word_1_884' title='bbox 2963 5228 3131 5298; x_wconf 85' lang='lat' dir='ltr'><strong>justo,</strong></span> <span class='ocrx_word' id='word_1_885' title='bbox 3178 5230 3296 5296; x_wconf 93' lang='lat' dir='ltr'><strong>sed,</strong></span> <span class='ocrx_word' id='word_1_886' title='bbox 3339 5229 3634 5287; x_wconf 79' lang='lat' dir='ltr'><strong>Mercedem</strong></span> 
     </span>
    </p>
   </div>
   <div class='ocr_carea' id='block_1_116' title="bbox 2046 5317 3634 5396">
    <p class='ocr_par' dir='ltr' id='par_1_116' title="bbox 2046 5317 3634 5396">
     <span class='ocr_line' id='line_1_116' title="bbox 2046 5317 3634 5396; baseline 0.001 -20"><span class='ocrx_word' id='word_1_887' title='bbox 2046 5322 2331 5396; x_wconf 65' lang='lat' dir='ltr'><strong>prophetia,</strong></span> <span class='ocrx_word' id='word_1_888' title='bbox 2371 5327 2446 5383; x_wconf 83' lang='lat' dir='ltr'><strong>et,</strong></span> <span class='ocrx_word' id='word_1_889' title='bbox 2479 5319 2771 5375; x_wconf 82' lang='lat' dir='ltr'><strong>Mercedem</strong></span> <span class='ocrx_word' id='word_1_890' title='bbox 2788 5321 2945 5390; x_wconf 85' lang='lat' dir='ltr'><strong>justi.</strong></span> <span class='ocrx_word' id='word_1_891' title='bbox 2996 5319 3159 5374; x_wconf 84' lang='lat' dir='ltr'><strong>Aliud</strong></span> <span class='ocrx_word' id='word_1_892' title='bbox 3196 5327 3281 5373; x_wconf 87' lang='lat' dir='ltr'><strong>est</strong></span> <span class='ocrx_word' id='word_1_893' title='bbox 3316 5317 3461 5375; x_wconf 91' lang='lat' dir='ltr'><strong>enim</strong></span> <span class='ocrx_word' id='word_1_894' title='bbox 3490 5337 3634 5377; x_wconf 90' lang='lat' dir='ltr'><strong>mer-</strong></span> 
     </span>
    </p>
   </div>
   <div class='ocr_carea' id='block_1_117' title="bbox 2047 5410 3631 5483">
    <p class='ocr_par' dir='ltr' id='par_1_117' title="bbox 2047 5410 3631 5483">
     <span class='ocr_line' id='line_1_117' title="bbox 2047 5410 3631 5483; baseline -0.001 -13"><span class='ocrx_word' id='word_1_895' title='bbox 2047 5430 2138 5471; x_wconf 89' lang='lat' dir='ltr'><strong>ces</strong></span> <span class='ocrx_word' id='word_1_896' title='bbox 2168 5414 2235 5468; x_wconf 92' lang='lat' dir='ltr'><strong>de</strong></span> <span class='ocrx_word' id='word_1_897' title='bbox 2255 5412 2540 5483; x_wconf 88' lang='lat' dir='ltr'><strong>propheta,</strong></span> <span class='ocrx_word' id='word_1_898' title='bbox 2562 5410 2706 5466; x_wconf 86' lang='lat' dir='ltr'><strong>aliud</strong></span> <span class='ocrx_word' id='word_1_899' title='bbox 2727 5425 2935 5466; x_wconf 88' lang='lat' dir='ltr'><strong>merces</strong></span> <span class='ocrx_word' id='word_1_900' title='bbox 2954 5411 3229 5481; x_wconf 74' lang='lat' dir='ltr'><strong>propheta:</strong></span> <span class='ocrx_word' id='word_1_901' title='bbox 3251 5427 3265 5477; x_wconf 92' lang='lat'><strong>;</strong></span> <span class='ocrx_word' id='word_1_902' title='bbox 3291 5419 3457 5481; x_wconf 91' lang='lat' dir='ltr'><strong>atque</strong></span> <span class='ocrx_word' id='word_1_903' title='bbox 3485 5412 3631 5468; x_wconf 85' lang='lat' dir='ltr'><strong>aliud</strong></span> 
     </span>
    </p>
   </div>
   <div class='ocr_carea' id='block_1_118' title="bbox 2048 5499 3631 5572">
    <p class='ocr_par' dir='ltr' id='par_1_118' title="bbox 2048 5499 3631 5572">
     <span class='ocr_line' id='line_1_118' title="bbox 2048 5499 3631 5572; baseline 0 -12"><span class='ocrx_word' id='word_1_904' title='bbox 2048 5520 2261 5560; x_wconf 89' lang='lat' dir='ltr'><strong>merces</strong></span> <span class='ocrx_word' id='word_1_905' title='bbox 2299 5504 2366 5560; x_wconf 90' lang='lat' dir='ltr'><strong>de</strong></span> <span class='ocrx_word' id='word_1_906' title='bbox 2386 5501 2554 5572; x_wconf 84' lang='lat' dir='ltr'><strong>justo,</strong></span> <span class='ocrx_word' id='word_1_907' title='bbox 2606 5503 2753 5558; x_wconf 86' lang='lat' dir='ltr'><strong>aliud</strong></span> <span class='ocrx_word' id='word_1_908' title='bbox 2775 5516 2982 5557; x_wconf 86' lang='lat' dir='ltr'><strong>merces</strong></span> <span class='ocrx_word' id='word_1_909' title='bbox 3014 5499 3170 5571; x_wconf 88' lang='lat' dir='ltr'><strong>justi.</strong></span> <span class='ocrx_word' id='word_1_910' title='bbox 3205 5501 3345 5569; x_wconf 88' lang='lat' dir='ltr'><strong>Quid</strong></span> <span class='ocrx_word' id='word_1_911' title='bbox 3370 5509 3455 5558; x_wconf 86' lang='lat' dir='ltr'><strong>est</strong></span> <span class='ocrx_word' id='word_1_912' title='bbox 3484 5502 3631 5560; x_wconf 90' lang='lat' dir='ltr'><strong>enim</strong></span> 
     </span>
    </p>
   </div>
   <div class='ocr_carea' id='block_1_119' title="bbox 2045 5593 3634 5669">
    <p class='ocr_par' dir='ltr' id='par_1_119' title="bbox 2045 5593 3634 5669">
     <span class='ocr_line' id='line_1_119' title="bbox 2045 5593 3634 5669; baseline -0.007 -17"><span class='ocrx_word' id='word_1_913' title='bbox 2045 5597 2333 5652; x_wconf 85' lang='lat' dir='ltr'><strong>mercedem</strong></span> <span class='ocrx_word' id='word_1_914' title='bbox 2366 5596 2627 5669; x_wconf 73' lang='lat' dir='ltr'><strong>prophetce</strong></span> <span class='ocrx_word' id='word_1_915' title='bbox 2656 5594 2891 5665; x_wconf 82' lang='lat' dir='ltr'><strong>accipiet,</strong></span> <span class='ocrx_word' id='word_1_916' title='bbox 2925 5593 3024 5650; x_wconf 85' lang='lat' dir='ltr'><strong>nisi</strong></span> <span class='ocrx_word' id='word_1_917' title='bbox 3056 5593 3183 5664; x_wconf 90' lang='lat' dir='ltr'><strong>quia</strong></span> <span class='ocrx_word' id='word_1_918' title='bbox 3208 5594 3255 5649; x_wconf 89' lang='lat' dir='ltr'><strong>is</strong></span> <span class='ocrx_word' id='word_1_919' title='bbox 3286 5593 3378 5665; x_wconf 91' lang='lat' dir='ltr'><strong>qui</strong></span> <span class='ocrx_word' id='word_1_920' title='bbox 3400 5594 3634 5665; x_wconf 74' lang='lat' dir='ltr'><strong>prophe;</strong></span> 
     </span>
    </p>
   </div>
   <div class='ocr_carea' id='block_1_120' title="bbox 2048 5684 3630 5759">
    <p class='ocr_par' dir='ltr' id='par_1_120' title="bbox 2048 5684 3630 5759">
     <span class='ocr_line' id='line_1_120' title="bbox 2048 5684 3630 5759; baseline 0 -15"><span class='ocrx_word' id='word_1_921' title='bbox 2048 5700 2157 5745; x_wconf 87' lang='lat' dir='ltr'><strong>tam</strong></span> <span class='ocrx_word' id='word_1_922' title='bbox 2184 5704 2280 5744; x_wconf 86' lang='lat' dir='ltr'><strong>sua</strong></span> <span class='ocrx_word' id='word_1_923' title='bbox 2299 5688 2550 5759; x_wconf 72' lang='lat' dir='ltr'><strong>largitate</strong></span> <span class='ocrx_word' id='word_1_924' title='bbox 2570 5693 2856 5753; x_wconf 89' lang='lat' dir='ltr'><strong>sustentat,</strong></span> <span class='ocrx_word' id='word_1_925' title='bbox 2882 5685 3268 5757; x_wconf 71' lang='lat' dir='ltr'><strong>quamvisipse</strong></span> <span class='ocrx_word' id='word_1_926' title='bbox 3291 5684 3630 5758; x_wconf 84' lang='lat' dir='ltr'><strong>prophetiam</strong></span> 
     </span>
    </p>
   </div>
  </div>
