3978 6190
365 286 466 339 907-

1017 277 1079 330 Il.
1113 275 1370 331 RABANI
1409 275 1623 330 MAURI
1663 272 1978 330 ARCHIEP.
2022 269 2328 326 MOGUNT.
2368 266 2652 324 OPERUM
2690 266 2869 322 PARS
2908 266 2948 321 1.

3530 271 3632 327 908

356 415 470 464 non
510 397 705 450 habeat
731 435 744 457 ,
780 393 920 462 apud
959 391 1382 460 omnipotentem
1435 398 1615 444 tamen
1657 387 1942 443 Dominum
1971 391 2024 448 Α
2048 399 2198 437 amen
2245 382 2363 435 dico
2403 381 2545 434 vobis
2591 394 2694 433 non
2739 377 2917 446 perdet
2950 377 3235 432 mercedem
3273 393 3446 433 suam.
3479 379 3638 452 Legi.

351 487 658 561 prophetiae
680 485 900 556 praemia
928 482 1180 538 habebit:
1208 481 1310 536 iste
1335 481 1480 537 enim
1514 481 1743 537 fortasse
1766 480 1947 550 justus

362 585 466 646 est,
490 586 546 633 et
572 585 774 647 quanto
799 576 852 629 in
898 574 1002 629 hoc
1034 573 1233 628 mundo
1262 572 1397 628 nihil
1421 571 1680 644 possidet,
1705 580 1854 627 tanto
1875 571 1950 626 lo-

363 668 563 740 quendi
604 682 703 736 pro
731 664 940 734 justitia
977 663 1230 718 fiduciam
1279 664 1540 734 majorem
1584 662 1763 719 habet.
1794 661 1951 718 llunc

365 763 492 818 dum
522 762 611 817 ille
641 766 910 816 sustentat
951 758 1044 828 qui
1087 758 1143 812 in
1173 759 1275 813 hoc
1305 759 1502 813 mundo
1545 757 1747 827 aliquid
1771 758 1950 827 possi—

357 854 477 919 det,
520 860 576 906 et
601 850 848 905 fortassis
895 845 1101 918 aliquid
1129 849 1302 904 adhuc
1327 864 1426 918 pro
1467 848 1676 917 justitia
1711 847 1857 917 loqui
1888 847 1954 901 li-

365 945 499 998 bere
529 957 635 997 non
682 939 961 1012 praesumit
986 979 1002 1005 ,
1045 937 1274 1006 iustitiae
1316 938 1461 994 illius
1500 938 1810 993 libertatem
1849 935 1953 990 sibi

350 1033 686 1104 participem
715 1031 870 1095 facit,
898 1038 954 1084 ut
984 1044 1106 1084 cum
1133 1043 1200 1083 eo
1227 1029 1436 1099 pariter
1468 1027 1694 1096 jnstitiae
1731 1029 1955 1097 praemia

367 1125 615 1195 recipiat,
648 1137 812 1194 quem
837 1121 1190 1178 sustentando
1211 1121 1372 1191 juvit,
1406 1129 1676 1190 quatenus
1705 1121 1956 1176 eamdem

361 1217 629 1286 justitiam
656 1215 828 1270 libere
857 1213 1002 1284 loqui
1030 1213 1314 1284 potuisset.
1364 1210 1456 1266 Ille
1503 1211 1695 1282 spiritu
1722 1210 1956 1281 prophe-

367 1307 459 1362 tiae
496 1306 688 1376 plenus
711 1313 824 1369 est,
871 1304 968 1358 sed
1011 1312 1189 1358 tamen
1213 1315 1478 1371 corporeo
1507 1308 1632 1372 eget
1675 1300 1953 1355 alimento.

366 1404 439 1457 Et
457 1402 502 1458 si
531 1416 728 1470 corpus
753 1415 859 1454 non
891 1397 1156 1463 reﬁcitur,
1186 1406 1396 1452 certum
1431 1403 1517 1451 est
1544 1394 1688 1466 quod
1711 1409 1810 1449 vox
1840 1393 1955 1463 ipsa

369 1495 741 1551 subtrahatur.
775 1491 876 1559 Qui
906 1491 1070 1564 igitur
1097 1491 1412 1546 alimentum
1435 1489 1711 1561 prophetae
1737 1495 1960 1559 propter

371 1585 475 1639 hoc
495 1583 635 1653 quod
660 1583 921 1653 propheta
948 1589 1058 1646 est,
1090 1581 1300 1647 tribuit,
1327 1580 1627 1651 prophetiae
1648 1578 1790 1633 illius
1813 1578 1959 1632 vires

363 1677 442 1731 ad
465 1676 793 1745 loquendum
825 1675 992 1730 dedit.
1032 1673 1167 1729 Cum
1205 1674 1471 1743 propheta
1497 1686 1626 1744 ergo
1649 1670 1959 1725 mercedem

2051 489 2171 528 mus
2207 474 2261 527 in
2287 471 2545 542 propheta
2570 469 2738 524 David
2763 486 2778 522 :
2820 467 2902 522 Ad
2926 468 3258 528 excusandas
3279 469 3642 526 excusationes

2049 562 2105 616 in
2124 563 2347 632 peccatis
2373 559 2547 633 (Psal.
2583 559 2730 630 cn),
2757 558 2902 628 quod
2929 557 3082 612 multi
3121 565 3468 628 peccatorum
3516 575 3645 615 suo-

2053 667 2173 708 rum
2203 651 2358 722 quasi
2405 651 2583 722 justas
2625 649 2966 720 praetendant
3014 649 3330 708 occasiones
3354 689 3371 717 ,
3411 660 3472 704 ut
3497 652 3647 720 quod

2054 747 2329 817 voluptate
2358 743 2466 817 [AL
2486 785 2499 808 ,
2547 740 2848 814 voluntate]
2877 741 3196 812 delinquunt
3235 741 3521 797 videantur
3548 757 3649 799 ne—

2054 837 2308 894 cessitate
2335 849 2597 906 peccare;
2651 833 2747 890 sed
2793 833 3054 890 Dominus
3085 840 3355 888 scrutator
3377 833 3559 888 cordis
3584 843 3646 889 et

2055 941 2268 994 renum,
2309 927 2402 996 qui
2428 925 2637 980 futuras
2685 924 3044 996 cogitationes
3069 924 3125 978 in
3169 923 3394 994 singulis
3423 933 3649 979 contue-

2057 1027 2169 1084 tur,
2211 1016 2463 1072 dixerat:
2495 1014 2599 1081 Qui
2626 1015 2804 1084 recipit
2849 1030 2956 1079 eos,
3001 1029 3086 1067 me
3134 1013 3334 1082 rwipit.
3390 1011 3495 1068 Sed
3517 1015 3647 1083 quia

2057 1107 2162 1162 hoc
2190 1113 2518 1176 praeceptum
2543 1103 2698 1159 multi
2719 1103 3202 1174 pseudOprophetae
3223 1111 3276 1158 et
3305 1102 3424 1158 falsi
3453 1105 3650 1174 pracdi-

2059 1207 2270 1254 catores
2296 1205 2551 1268 poterant
2587 1197 2872 1266 impedire,
2901 1196 3202 1251 medicatus
3230 1205 3315 1250 est
3355 1196 3481 1251 huic
3507 1212 3646 1265 quo-

2059 1303 2165 1357 que
2194 1287 2471 1351 seandalo,
2509 1286 2695 1342 dicens
2723 1304 2738 1341 :
2773 1285 2879 1352 Qui
2911 1286 3090 1356 recipit
3109 1285 3316 1355 justum
3346 1286 3402 1339 in
3442 1286 3650 1340 nomine

2050 1383 2208 1453 justi,
2239 1381 2525 1436 mercedem
2567 1379 2696 1448 iusti
2725 1381 2964 1450 accipiet.
3012 1379 3224 1434 Rursus
3266 1386 3480 1448 poterat
3508 1378 3650 1432 alius

2060 1471 2276 1528 causari
2323 1480 2380 1526 et
2426 1471 2636 1527 dicere:
2678 1469 3005 1540 Paupertate
3034 1469 3366 1540 prohibeor,
3417 1469 3653 1523 tenuitas

2062 1580 2150 1622 me
2177 1564 2377 1620 retinet
2406 1574 2466 1619 ut
2508 1563 2791 1634 hospitalis
2827 1578 2950 1619 esse
2979 1578 3086 1619 non
3133 1562 3354 1632 possim.
3421 1561 3490 1615 Et
3514 1561 3653 1615 hanc

2061 1654 2467 1710 excusationem
2493 1653 2768 1710 levissimo
2793 1661 3065 1724 praecepto
3091 1651 3309 1718 delevit,
3347 1659 3408 1706 ut
3425 1651 3653 1706 calicem

365 1742 651 1835 prophetae
687 1765 937 1834 recipiet,
989 1765 1115 1834 quia
1155 1742 1258 1818 etsi
1294 1742 1485 1832 spiritu
1515 1742 1811 1832 prophetiae
1837 1758 1952 1829 ple-

2072 1761 2211 1816 iquae
2231 1743 2440 1816 frigidae
2465 1753 2578 1800 toto
2597 1745 2780 1800 animo
2803 1745 3160 1832 porrigamus.
3183 1742 3437 1815 Frigida,
3453 1743 3651 1812 inquit,

373 1870 475 1908 nus
521 1870 626 1909 non
646 1852 774 1918 fuit,
826 1855 930 1908 hoc
980 1861 1160 1908 tamen
1191 1863 1318 1906 ante
1345 1852 1437 1906 Dei
1487 1851 1671 1906 oculos
1715 1849 1961 1904 exhibuit

373 1945 519 2014 quod
548 1945 753 2000 audivit
776 1943 1047 2016 [adjuvit].
1077 1942 1346 2016 (Ηὶενοη.)
1372 1942 1498 1998 Sive
1528 1941 1722 1997 aliter:
1750 1940 1850 2008 Qui
1881 1953 1964 1994 re-

368 2036 506 2106 cipit
548 2036 867 2105 prophetam
893 2042 954 2089 ut
979 2035 1299 2105 prophetam
1319 2074 1332 2097 ,
1360 2042 1416 2088 et
1456 2031 1708 2104 intelligit
1751 2046 1876 2086 eum
1898 2031 1964 2086 de

371 2126 572 2182 futuris
595 2125 924 2195 loquentem,
960 2125 1051 2180 hic
1078 2123 1384 2178 mercedem
1410 2122 1687 2192 prophetae
1715 2120 1959 2190 accipiet.

376 2217 743 2289 lgiturJudaei,
771 2214 1064 2271 carnaliter
1087 2214 1447 2285 intelligente!»
1476 2214 1788 2283 prophetas,
1822 2226 1965 2265 mer-

377 2307 562 2361 cedem
611 2321 718 2360 non
768 2306 1037 2375 accipient
1065 2306 1472 2374 prophetarum.
1514 2303 1648 2358 ltcm
1676 2303 1870 2358 aliter:
1906 2302 1964 2357 In

375 2399 521 2453 omni
550 2397 886 2468 professione
915 2398 1183 2452 zizanium
1225 2397 1444 2452 mistum
1472 2404 1558 2451 est
1583 2395 1783 2451 tritico.
1821 2395 1967 2451 Prae-

369 2488 604 2542 miscrat
629 2506 640 2541 :
677 2487 780 2554 Qui
806 2489 984 2558 recipit
1013 2505 1120 2554 vos,
1141 2505 1224 2542 me
1247 2488 1456 2558 recipit;
1481 2497 1529 2540 et
1551 2488 1640 2558 qui
1667 2505 1744 2542 me
1765 2489 1964 2559 recipit,

377 2581 559 2648 recipit
579 2595 696 2632 eum
717 2579 805 2649 qui
830 2596 908 2633 me
938 2580 1100 2632 misit.
1133 2579 1215 2632 Ad
1259 2578 1655 2648 susceptionem
1685 2581 1968 2648 magistro—

380 2687 498 2725 rum
548 2671 840 2740 discipulos
883 2680 1290 2741 provocaverat.
1330 2669 1550 2725 Poterat
1590 2685 1712 2726 esse
1755 2671 1967 2726 occulta

378 2764 716 2820 credentium
748 2763 1063 2834 responsio:
1095 2763 1235 2833 Ergo
1275 2771 1330 2817 et
1371 2762 1868 2832 pseudopmphetas
1913 2773 1970 2817 et

377 2857 570 2916 Judam
591 2857 923 2928 proditorem
953 2856 1210 2910 debemus
1239 2855 1514 2926 suscipere
1554 2863 1610 2911 et
1650 2855 1756 2910 illis
1783 2855 1971 2910 alimo-

381 2946 525 3000 niam
555 2945 885 2999 miuistrare.
927 2943 1044 2999 Hoc
1082 2945 1343 3000 Dominus
1385 2952 1512 2999 ante
1557 2959 1858 3014 procurans
1891 2945 1971 3000 di-

377 3039 455 3092 cit
481 3054 586 3092 non
625 3052 889 3108 personas
918 3035 1293 3106 suscipiendas
1323 3051 1474 3101 esse,
1507 3037 1600 3092 sed
1629 3037 1870 3102 nomina,
1917 3045 1970 3091 et

2063 1853 2240 1909 aquae,
2270 1843 2328 1894 et
2352 1835 2694 1902 non'calidae,
2737 1850 2807 1890 ne
2848 1842 2904 1890 et
2938 1835 2994 1888 in
3025 1830 3203 1891 calida
3226 1833 3568 1904 paupertatis
3594 1841 3653 1888 et

2064 1929 2254 1999 inopiae
2303 1927 2572 2000 lignorum
2618 1925 2834 1980 occasio
2875 1930 3229 1994 quaereretur.
3279 1923 3414 1978 Tale
3436 1922 3567 1992 quid
3594 1931 3656 1978 et

2061 2015 2368 2088 Apostolus,
2411 2015 2551 2071 sicut
2578 2023 2705 2069 ante
2739 2014 2854 2084 jam
2889 2014 3148 2078 diximus,
3176 2013 3244 2068 ad
3272 2012 3489 2069 Galatas
3513 2027 3654 2082 prae-

2063 2109 2207 2179 cepit
2241 2125 2253 2160 :
2287 2105 2643 2162 Communicet
2673 2114 2872 2170 autem,
2902 2104 3112 2174 inquit,
3151 2103 3197 2158 is
3243 2102 3334 2174 qui
3361 2102 3657 2156 catecltisa-

2066 2208 2152 2252 tur
2179 2199 2226 2252 ei
2255 2199 2345 2268 qui
2389 2213 2442 2251 se
2477 2195 2764 2250 catecliizat
2810 2195 2866 2248 in
2905 2193 3144 2248 omnibus
3194 2192 3340 2246 bonis
3372 2188 3517 2260 (Cal.
3556 2191 3655 2259 vr),

2065 2296 2121 2344 et
2155 2287 2448 2358 discipulos
2475 2288 2541 2340 ad
2573 2286 2966 2356 magistrorum.
3001 2283 3286 2355 refrigeria
3314 2283 3657 2339 cohortatur.

2066 2379 2135 2433 Et
2161 2378 2288 2449 quia
2327 2385 2539 2448 poterat
2567 2377 2795 2446 quilibet
2841 2376 3136 2431 obtendere
3173 2383 3568 2446 paupertatem,
3600 2381 3662 2427 et

2066 2480 2392 2542 praeceptum
2422 2469 2658 2531 eludere,
2691 2467 3008 2537 priusquam
3033 2466 3122 2521 ille
3153 2474 3438 2536 proponat,
3472 2465 3662 2519 immi—

2068 2570 2284 2616 nentem
2333 2559 2494 2613 solvit
2543 2558 2916 2628 quaestionem,
2968 2557 3200 2612 dicens:
3254 2555 3431 2610 Nolite
3455 2571 3664 2620 errare,

2067 2650 2211 2704 Deus
2238 2666 2341 2702 non
2368 2648 2640 2701 irridetur.
2699 2646 2830 2712 Qua:
2853 2656 3024 2700 autem
3054 2646 3381 2700 seminaverit
3401 2645 3578 2709 homo,
3608 2655 3662 2697 et

2067 2750 2219 2794 metet
2264 2737 2473 2808 (Ibid.).
2511 2738 2578 2791 Et
2608 2747 2694 2792 est
2737 2751 2930 2792 sensus
2973 2754 2986 2789 :
3025 2736 3251 2791 Frustra
3287 2735 3530 2790 causaris
3575 2735 3664 2788 in-

2068 2831 2273 2902 opiam,
2303 2846 2427 2885 cum
2465 2830 2611 2885 aliud
2660 2831 2857 2885 habeat
2889 2829 3219 2886 conscientia
3250 2847 3262 2882 :
3294 2836 3351 2884 et
3376 2841 3462 2882 me
3503 2837 3666 2898 potes

2071 2922 2260 2980 fallere
2287 2923 2686 2987 cohortantem,
2724 2921 2821 2976 sed
2850 2922 2964 2978 scio
2997 2921 3140 2991 quod
3184 2928 3666 2991 quantumcunque

2073 3014 2448 3078 scmiuaveris,
2479 3022 2688 3068 tantum
2733 3023 2790 3068 et
2819 3028 3098 3069 messurus
3125 3028 3202 3069 es.

383 3095 687 3182 mercedem
728 3143 833 3181 non
859 3095 1088 3196 perdere
1132 3095 1524 3198 suscipientes,
1568 3127 1694 3182 licet
1721 3095 1971 3198 indignus
1999 3095 2042 3157 α
2083 3197 2096 3198 7
2145 3105 2288 3198 Nai?
2307 3105 2430 3174 (Ιιιίίι
2458 3103 2635 3158 Πιιίνίι
2661 3105 3007 3198 Evangelista
3026 3104 3205 3198 hocin
3236 3103 3356 3198 loco
3382 3115 3670 3198 sermones

375 3217 548 3272 luerit
577 3217 670 3286 qui
706 3227 989 3286 susceptus
1025 3218 1121 3274 sit.

455 3306 526 3360 Et
558 3306 852 3377 quicunque
883 3316 1060 3376 potum
1104 3305 1302 3360 dederit
1354 3308 1446 3361 uni
1475 3324 1540 3362 ea:
1584 3309 1812 3362 minimis
1837 3309 1970 3372 istis,

375 3395 599 3450 calicem
627 3411 777 3465 aqua?
820 3395 1031 3466 frigida:
1063 3404 1266 3449 tantum
1289 3436 1304 3462 ,
1359 3395 1415 3450 in
1461 3398 1668 3472 nomine
1705 3396 1970 3464 discipuli,

2079 3196 2325 3262 Domini,
2373 3210 2508 3264 quos
2531 3210 2654 3250 cum
2703 3195 2962 3266 apostolis
2994 3195 3220 3258 habuit,
3259 3194 3418 3249 simul
3459 3201 3516 3248 et
3565 3207 3672 3247 nos

2080 3286 2225 3340 hunc
2252 3285 2450 3339 librum
2483 3285 2732 3341 finientes
2753 3301 2875 3341 cum
2900 3286 3010 3352 illo,
3055 3286 3201 3342 aliud
3226 3285 3434 3339 initium
3456 3299 3662 3339 sermo-

2082 3391 2212 3432 num
2249 3386 2304 3431 et
2340 3375 2606 3432 factorum
2633 3376 2749 3447 ejus
2785 3377 2837 3432 in
2867 3379 3112 3446 sequenti
3135 3376 3272 3432 libro
3294 3391 3592 3433 sumamus.

3397 3537 3660 3558 ———~

1568 3659 1863 3738 LIBER
1938 3660 2441 3753 QUARTUS.

1838 3841 2254 3855 *—

1004 3941 1232 3998 CAPUT
1267 3942 1353 3997 Χι.

389 4058 517 4114 Iesu
538 4057 723 4128 legatis
755 4055 820 4128 ali
843 4054 1050 4109 Joanne
1075 4055 1247 4128 missis
1271 4056 1564 4128 respondet,
1585 4056 1650 4109 de
1678 4073 1838 4128 eoque
1867 4069 1980 4112 tur-

461 4131 550 4182 bas
577 4125 723 4181 docet
748 4144 765 4180 :
793 4127 1022 4194 increpat
1034 4126 1281 4194 _civitates
1302 4141 1420 4194 qua:
1445 4125 1653 4179 credere
1674 4125 1974 4184 noluerunt.

461 4197 732 4266 Confessio
779 4196 895 4267 ejus
925 4192 994 4248 ad
1023 4192 1258 4259 Patrem,
1307 4192 1441 4249 etde
1479 4195 1594 4264 ejus
1625 4197 1760 4267 jugo
1804 4199 1975 4266 suavi,

455 4277 565 4322 etc.

2085 3956 2252 4003 strum
2284 3947 2522 4016 implere,
2577 3951 2720 4018 quod
2747 3964 2868 4004 eum
2900 3959 3108 4007 constat
3145 3951 3324 4010 verbis
3357 3962 3482 4010 ante
3509 3970 3674 4011 man-

2083 4039 2258 4092 dasse.
2298 4037 2534 4094 Transiit
2562 4055 2692 4112 ergo
2719 4049 2773 4095 et
2804 4043 3116 4111 praedicavit
3162 4045 3214 4098 in
3242 4045 3551 4102 civitatibus
3573 4047 3675 4103 Ju-

2083 4129 2342 4194 daeorum,
2385 4137 2446 4183 ut
2497 4129 2577 4184 eis
2610 4131 2948 4187 occasionem
2993 4134 3325 4190 credulitatis
3355 4136 3670 4202 tribueret;

2079 4219 2204 4274 etsi
2247 4218 2484 4273 oblatum
2521 4232 2717 4276 munus
2741 4237 2987 4292 supernae
3020 4225 3206 4294 gratiae
3242 4226 3489 4295 nequiter
3513 4241 3678 4295 sper-

2081 4315 2290 4372 nerent,
2316 4307 2710 4364 inexcusabiles
2739 4309 2936 4375 forent,
2984 4311 3108 4380 quia
3135 4314 3277 4381 quod
3302 4313 3444 4368 Deus
3468 4328 3669 4369 eorum

461 4401 597 4457 Cum
645 4410 827 4455 autem
880 4414 1158 4455 sermones
1201 4399 1413 4455 Βοωῑηί
1473 4401 1540 4456 de
1590 4374 2056 4459 convocationeD
2081 4397 2345 4466 promisit,
2374 4397 2643 4453 veraciter
2665 4399 2922 4468 implevit,
2972 4401 3193 4456 mittens
3213 4401 3293 4456 eis
3315 4400 3672 4472 Unigenitum

391 4493 758 4563 apostolorum
785 4499 840 4546 et
864 4489 932 4545 de
960 4489 1319 4545 instructione
1354 4504 1541 4546 eorum
1569 4491 1852 4548 Matthaeus
1882 4509 1980 4549 ex,-

391 4581 689 4652 plicuisset,
727 4581 880 4650 quasi
908 4580 975 4636 ad
999 4579 1104 4634 alia
1132 4580 1527 4652 transmigrans
1556 4581 1635 4637 sic
1657 4582 1980 4640 subsecutus

391 4681 496 4738 est,
529 4672 716 4726 dicens
740 4688 752 4724 :

466 4761 557 4834 [1.]
593 4761 656 4816 Et
678 4762 876 4831 factum
916 4769 991 4815 est
1017 4777 1135 4815 cum
1163 4773 1565 4816 consummasset
1601 4761 1983 4835 Jesus,prarci-

391 4855 541 4926 piens
569 4853 842 4907 duodecim
870 4853 1140 4924 discipulis
1172 4853 1303 4918 suis,
1331 4854 1538 4908 transiit
1556 4853 1676 4908 inde
1702 4863 1756 4908 ut
1776 4854 1981 4908 doceret

395 4947 450 4998 in
473 4943 763 4999 civitatibus
785 4959 984 4996 eorum.
1036 4943 1424 4998 Dememorans
1451 4944 1614 5014 igitur
1651 4943 1982 5012 evangelista

398 5035 565 5089 illlum
595 5034 770 5088 locum
802 5033 855 5088 in
906 5049 1013 5103 quo
1041 5033 1302 5088 Dominus
1331 5034 1400 5087 ad
1441 5033 1733 5102 discipulos
1753 5047 1880 5085 suos
1902 5030 1983 5084 di-

398 5128 476 5181 xit
508 5145 520 5179 :
559 5125 743 5181 Messis
778 5125 988 5196 quidem
1015 5124 1206 5188 multa,
1257 5124 1487 5195 operarii
1511 5139 1626 5178 vero
1671 5123 1846 5192 pauci.
1875 5119 1983 5174 Ro-

396 5225 515 5286 gate
558 5215 838 5270 Dominum
867 5217 1050 5270 messis
1090 5224 1146 5268 ut
1180 5214 1350 5267 mittat
1375 5214 1643 5284 operarios
1685 5214 1741 5266 in
1770 5228 1986 5267 messem

396 5321 573 5373 suam,
621 5322 788 5375 usque
818 5305 885 5360 ad
928 5305 1056 5361 illud
1089 5306 1176 5360 ubi
1213 5305 1326 5360 ait:
1374 5303 1488 5358 llos
1521 5304 1798 5358 duodecim
1845 5306 1986 5359 misit

356 5473 360 5478 Ι
395 5399 576 5459 Jesus.
610 5399 912 5470 prccipiens
935 5399 1009 5452 eis
1049 5406 1097 5452 et
1137 5397 1315 5451 dicens
1342 5411 1360 5449 :
1410 5397 1478 5450 In
1510 5398 1643 5451 viam
1668 5399 1900 5468 gentium
1925 5414 1988 5452 ne

353 5481 372 5510 ”
397 5493 632 5548 abieritis
657 5503 705 5546 et
742 5493 797 5546 in
827 5491 1062 5546 civitates
1118 5489 1580 5546 Samaritanorum
1611 5508 1674 5544 ne
1715 5491 1989 5545 intraveri—

402 5584 468 5637 tis
497 5597 514 5634 :
539 5583 628 5636 sed
648 5585 819 5653 potius
844 5583 912 5637 ite
935 5582 1004 5636 ad
1024 5599 1138 5636 oves
1163 5597 1280 5652 qua:
1299 5580 1562 5651 perierunt
1589 5581 1773 5636 domus
1789 5581 1984 5649 Israel,

405 5675 634 5728 ostendit
680 5674 852 5742 ipsum
897 5672 1180 5727 Dominum
1228 5672 1282 5727 id
1310 5671 1467 5726 factis
1499 5681 1555 5727 ut
1596 5674 1795 5729 bonum
1823 5676 1990 5746 magi-

2081 4505 2237 4546 suum
2281 4489 2605 4546 salvatorem
2642 4498 2698 4545 et
2735 4500 3211 4562 propugnatorem,
3264 4494 3357 4563 qui
3409 4493 3674 4548 liberaret

2081 4596 2213 4637 eos:
2259 4581 2590 4652 Prophetam,
2621 4581 2890 4648 videlicet,
2913 4585 2987 4637 eis
3009 4585 3290 4651 suscitans,
3327 4585 3392 4638 de
3411 4585 3673 4654 fratribus

2081 4674 2189 4727 suis
2215 4687 2375 4742 quem
2406 4671 2680 4744 legislator
2705 4675 2786 4730 eis
2814 4676 3061 4745 promisit
3094 4675 3272 4747 (Deut.
3300 4676 3476 4746 xvni).
3505 4675 3578 4729 Et
3598 4677 3671 4731 ob

2082 4765 2187 4820 hoc
2241 4764 2443 4819 eisdem
2503 4764 2684 4820 evenit
2741 4768 2883 4834 quod
2936 4767 3076 4822 idem
3139 4765 3326 4837 legifer
3376 4766 3670 4836 praedixit:

2083 4853 2228 4924 quod
2253 4853 2344 4923 qui
2371 4854 2690 4924 prophetam
2713 4854 2866 4910 illum
2900 4857 3088 4911 audire
3131 4867 3186 4912 et
3211 4857 3451 4926 recipere
3477 4857 3668 4922 nollet,

2084 4946 2539 5000 exter-minaretur
2579 4947 2757 5000 anima
2804 4947 2925 5017 ejus
2951 4949 3016 5001 de
3041 4947 3252 5017 populis
3281 4949 3413 5002 suis.
3456 4947 3671 5018 ipsique

2085 5046 2332 5092 auctores
2357 5046 2412 5092 et
2455 5046 2616 5092 testes
2669 5040 2984 5107 perditionis
3025 5055 3137 5094 sua:
3179 5040 3302 5111 jure
3324 5041 3670 5101 exstiterant,

2086 5129 2212 5198 quia
2242 5139 2453 5198 tempus
2479 5129 2809 5184 visitatiouis
2848 5145 2959 5183 suae
2991 5130 3271 5184 attendere
3297 5129 3667 5200 neglexerant.

2087 5220 2343 5290 Sequitur
2365 5230 2482 5291 post
2512 5222 2627 5276 haec
2651 5221 2979 5292 evangelista
3002 5231 3056 5276 et
3079 5221 3212 5276 dicit
3241 5238 3254 5274 :

2157 5311 2392 5366 Joannes
2413 5322 2586 5366 autent
2611 5329 2731 5367 cum
2755 5313 2984 5367 audisset
3021 5315 3078 5366 in
3103 5312 3324 5366 uinculis
3343 5328 3502 5380 opera
3522 5310 3673 5364 Clari-

2089 5405 2181 5470 sti,
2205 5405 2410 5457 mittens
2437 5402 2569 5457 duos
2599 5404 2664 5456 de
2686 5403 2958 5473 discipulis
2984 5405 3117 5468 suis,
3145 5404 3219 5456 ait
3247 5402 3327 5455 illi
3348 5415 3368 5452 :
3404 5400 3484 5453 Tu
3503 5416 3560 5452 es
3581 5401 3669 5469 qui

2093 5507 2338 5551 uenturus
2364 5513 2450 5561 es,
2484 5512 2552 5550 an
2583 5495 2746 5549 alium
2788 5504 3148 5565 exspectamus
3170 5495 3195 5547 3
3231 5490 3504 5565 (Hieran)
3553 5489 3669 5544 Non

2091 5588 2242 5657 quasi
2273 5588 2526 5656 ignorans
2558 5587 2880 5656 interrogat;
2927 5586 3040 5654 ipse
3075 5585 3220 5638 enim
3263 5583 3474 5639 caeteris
3519 5581 3672 5650 igno—

2093 5677 2335 5730 rantihus
2366 5676 2718 5740 demonstrat,
2755 5677 2979 5730 dicens:
3017 5673 3152 5727 Ecce
3175 5675 3353 5741 Agnus
3381 5671 3510 5735 Dei,
3551 5684 3671 5724 erce
