3978 6190
288 291 387 346 909

1285 283 1635 340 conamur.
1675 284 1739 339 lN
1781 284 2215 342 MATTHIEUM.
2256 318 2327 327 —
2362 254 2489 345 LIB.
2531 286 2609 343 1v.
2635 271 2666 290 ί

3437 291 3539 344 910

285 399 374 470 qui
413 386 544 450 tollit
568 401 779 464 peccata
801 391 983 446 mundi
1019 391 1199 462 (Joan.
1226 401 1264 463 ι)
1298 409 1313 457 ;
1365 401 1421 447 et
1455 391 1634 448 Patris
1670 408 1855 447 vocem
1885 397 1937 456 Α
1961 395 2275 461 veritatem,
2319 397 2533 467 quando
2560 397 2737 451 omnis
2772 397 2912 467 apud
2937 411 3061 478 eum
3097 396 3186 466 qui
3214 397 3407 454 salvari
3441 417 3539 470 po-

288 489 582 548 intonantis
611 486 896 542 addierat:
930 484 1031 539 Hic
1057 494 1130 538 est
1161 482 1332 538 Fifius
1365 501 1509 539 meus
1538 484 1777 551 dilectus,
1807 484 1864 537 in

285 598 384 654 qua
413 579 541 632 mihi
575 575 864 647 complacui
896 574 1110 647 (.llattlt.
1141 573 1222 644 ιιι)
1252 590 1266 640 ;
1321 575 1417 630 sed
1438 575 1707 644 quomodo
1746 573 1865 628 Salo

287 681 443 727 vator
466 671 764 740 interrogat
795 667 887 723 ubi
925 669 996 723 sit
1019 668 1226 738 positus
1259 666 1519 732 Lazarus,
1568 676 1627 720 ut
1659 665 1750 736 qui
1787 665 1865 721 lo-

288 783 411 822 cum
459 763 691 834 sepulcri
721 763 1068 828 indicabant,
1117 763 1305 818 saltem
1333 763 1411 819 sic
1437 771 1761 833 pararentur
1797 763 1864 818 ad

290 857 470 919 fidem,
521 861 575 909 et
619 852 870 908 viderent
897 860 1169 907 mortuum
1215 860 1637 921 resurgentem:
1685 850 1765 906 sic
1811 857 1866 906 et

288 949 522 1006 Joannes
571 946 968 1002 interficiendus
1019 949 1089 1002 ab
1121 947 1369 1012 Herode,
1403 947 1692 1017 discipulos
1741 962 1866 1003 suos

289 1041 456 1096 mittit
483 1039 548 1094 ad
583 1036 877 1103 Christum,
927 1046 988 1092 ut
1015 1053 1114 1108 per
1140 1039 1278 1092 hanc
1304 1037 1644 1092 occasionem
1679 1037 1867 1093 viden-

289 1143 368 1188 tes
395 1134 547 1205 signa
572 1142 734 1203 atque
763 1132 1010 1197 virtutes,
1042 1132 1325 1188 crederent
1349 1131 1403 1186 in
1434 1145 1576 1193 eum,
1606 1139 1662 1184 et
1699 1131 1869 1200 magi-

291 1233 404 1279 stro
420 1224 804 1294 interrogante,
822 1221 920 1276 sibi
937 1222 1227 1277 discerent.
1245 1219 1474 1292 (Hilar.)
1492 1220 1634 1274 Misit
1653 1235 1866 1290 quoque

289 1314 356 1368 ad
377 1313 686 1379 Dominum,
727 1321 787 1366 ut
809 1312 1182 1367 auctoritatem
1205 1311 1375 1378 dictis.
1398 1311 1513 1367 suis
1532 1311 1674 1366 illius
1703 1325 1868 1380 opera

289 1402 623 1469 conferrent,
661 1417 729 1458 ne
757 1401 1004 1459 Christus
1033 1402 1169 1458 alius
1215 1411 1657 1473 exspectaretur,
1706 1416 1868 1470 quam

289 1494 376 1548 cui
404 1493 768 1549 testimonium
797 1509 962 1564 opera
1001 1493 1397 1563 prmSIitissent.
1454 1491 1561 1548 Sed
1597 1490 1871 1561 prtebetur

291 1584 342 1638 in
372 1583 458 1638 his
485 1597 607 1652 quae
630 1597 660 1636 a
683 1580 891 1637 Joanne
911 1591 1060 1654 gesta
1082 1590 1208 1638 sunt
1228 1581 1582 1653 intelligentia
1607 1579 1864 1650 amplior;

288 1686 344 1729 et
379 1690 500 1729 cum
534 1673 658 1729 facti
686 1673 987 1738 efﬁcientia,
1022 1674 1196 1743 gratia
1220 1674 1276 1728 in
1314 1689 1379 1729 eo
1406 1688 1663 1744 expressa
1699 1672 1868 1728 senti-
1897 1742 1904 1746 _

1969 493 2073 539 test
2093 484 2314 554 {aqualis
2342 495 2442 540 est.
2471 486 2621 553 Quod
2652 496 2831 542 autem
2863 487 2937 540 ait
2963 503 2980 541 :
3012 485 3081 541 Et
3113 487 3291 541 beatus
3321 488 3412 558 qui
3440 507 3543 544 non

1968 575 2126 644 fuerit
2176 576 2567 630 scandalizatus
2605 578 2661 632 in
2710 594 2808 642 me,
2853 578 3066 633 interim
3103 579 3318 634 nuntios
3355 577 3548 651 [inter-

1969 665 2206 739 nuntios]
2253 667 2532 736 percutit,
2573 667 2710 722 sicut
2745 668 2798 722 in
2842 669 3294 740 consequentibus
3323 670 3546 726 demon—

1969 760 2246 816 strabitur.

2038 851 2358 906 Abeuntibus
2385 859 2559 906 autem
2592 851 2720 917 illis,
2769 853 2914 922 ctepit
2945 852 3099 908 Jesus
3139 854 3309 909 dicere
3337 855 3406 910 ad
3429 863 3547 910 tur-

1969 943 2060 997 bas
2111 944 2174 998 de
2215 944 2421 998 loanne
2448 957 2468 996 :
2521 943 2661 1010 Quid
2708 946 2886 998 existis
2925 945 2979 998 in
3027 945 3286 999 desertum
3330 946 3555 1004 ridere?

1969 1033 2279 1088 arundinem
2312 1045 2458 1088 vento
2497 1035 2798 1105 agitatam?
2825 1034 2932 1090 Sed
2963 1036 3088 1106 quid
3131 1037 3308 1090 existis
3333 1037 3504 1093 ridere
3529 1039 3558 1094 7

1970 1123 2226 1176 hominem
2272 1122 2515 1177 mollibus
2548 1125 2832 1178 vestitum?
2880 1123 3014 1179 Ecce
3059 1125 3150 1196 qui
3190 1125 3434 1181 mollibus
3465 1144 3551 1183 ve-

1969 1215 2202 1268 stiuntur
2224 1215 2280 1269 in
2312 1214 2551 1268 domibus
2581 1231 2756 1285 regum
2789 1224 2930 1270 sunt.
2965 1215 3021 1270 Si
3058 1217 3304 1285 superior
3333 1227 3552 1272 senten-

1971 1305 2045 1358 tia
2080 1314 2269 1360 contra
2307 1303 2572 1360 Joannem
2618 1305 2822 1374 prolata
2860 1304 3052 1373 fuerat,
3097 1315 3158 1361 ut
3182 1307 3422 1377 plerique
3467 1324 3554 1362 ar-

1970 1396 2264 1462 bitrantur,
2293 1397 2345 1451 in
2383 1412 2448 1451 eo
2475 1397 2617 1467 quod
2651 1398 2726 1451 ait
2757 1415 2770 1451 :
2803 1396 2997 1453 Beatus
3035 1409 3110 1453 est
3137 1399 3226 1467 qui
3265 1415 3368 1452 non
3397 1399 3555 1468 fuerit

1971 1485 2364 1543 scandalizatus
2407 1489 2460 1543 in
2487 1505 2566 1543 me
2590 1529 2604 1553 ,
2643 1490 2910 1560 quomodo
2943 1505 3086 1544 nunc
3129 1487 3364 1545 Joannes
3393 1490 3570 1564 tantis.

1973 1577 2221 1634 laudibus
2265 1579 2629 1648 praedicatur?
2682 1579 2786 1635 Sed
2836 1580 2961 1649 quia
3004 1580 3160 1635 turba
3199 1581 3558 1634 circumstans

1974 1668 2412 1740 interrogationis
2452 1669 2768 1741 mysterium
2821 1669 3116 1734 nesciebat,
3152 1670 3224 1723 ita
3259 1677 3319 1723 ut
3343 1677 3560 1739 putaret

290 1774 411 1818 tur:
445 1772 506 1818 ut
524 1763 783 1833 prepbeta
815 1763 950 1834 ipse,
1001 1763 1117 1834 ipso
1139 1778 1353 1833 quoque
1393 1761 1718 1818 conditionis
1761 1776 1874 1816 sua:
1900 1752 1948 1811 Β
1974 1758 2237 1814 Joannem
2259 1760 2505 1814 dubitare
2531 1759 2597 1813 de
2622 1759 2856 1823 Christo,
2883 1774 3042 1829 quem
3075 1761 3187 1830 ipse
3229 1768 3560 1814 monstrave-

289 1870 487 1925 genere
511 1855 882 1925 prophetaret,
922 1854 1048 1924 quia
1078 1853 1133 1908 in
1159 1868 1224 1920 eo
1249 1851 1421 1908 forma
1442 1851 1578 1924 legis
1600 1851 1740 1907 elata
1769 1857 1872 1905 est.

289 1946 564 2001 Christum
585 1945 728 2000 enim
763 1945 847 1999 lex
870 1944 1230 2010 annuntiavit,
1263 1951 1318 1998 et
1349 1942 1721 1997 remissionem
1746 1955 1874 2010 pec-

290 2043 537 2089 catorum
559 2034 890 2104 prmdicavit,
921 2043 978 2088 et
1002 2047 1226 2104 regnum
1257 2031 1516 2088 caelorum
1546 2030 1830 2100 spopondit
1858 2048 1871 2083 :

288 2135 344 2179 et
372 2124 610 2179 Joannes
635 2125 739 2179 hoc
761 2139 897 2194 opus
920 2130 1090 2178 totum
1116 2121 1250 2193 legis
1279 2121 1534 2191 explevit.
1572 2119 1740 2192 Igitur
1759 2134 1876 2174 ces-

291 2224 449 2270 sante
470 2215 584 2284 jam
618 2214 754 2284 lege,
792 2227 913 2284 quae
940 2213 1180 2283 peccatis
1204 2211 1375 2282 plebis
1408 2211 1638 2277 inclusa,
1691 2218 1745 2264 et
1784 2223 1880 2278 po-

291 2306 406 2376 puli
435 2306 611 2360 vincta
630 2305 798 2369 vitiis,
843 2318 909 2358 ne
930 2302 1176 2358 Christus
1201 2308 1384 2371 posset
1407 2300 1652 2372 intelligi,
1683 2299 1873 2352 vincu-

291 2399 359 2453 lis
389 2405 442 2453 et
466 2410 684 2453 carcere
714 2394 1114 2450 continebatur.
1153 2391 1296 2461 Ergo
1326 2391 1394 2446 ad
1415 2388 1704 2459 Evangelia
1746 2402 1877 2441 con-

293 2488 493 2543 tuenda
517 2487 603 2542 lex
637 2485 824 2548 mittit,
858 2491 918 2538 ut
951 2481 1240 2538 infidelitas
1269 2481 1430 2535 fidem
1450 2479 1716 2534 dictorum
1752 2493 1882 2532 con-

292 2578 586 2648 templetur
619 2577 671 2630 in
699 2573 892 2629 factis:
946 2581 1001 2628 et
1028 2571 1170 2642 quod
1199 2556 1338 2626 intra
1384 2585 1502 2624 eam
1531 2577 1879 2640 peccatorum

292 2668 488 2722 fraude
551 2667 622 2721 sit
672 2665 957 2728 vinctum,
1007 2678 1103 2733 per
1151 2661 1562 2731 intelligentiam
1614 2659 1881 2715 libertatis

289 2757 626 2828 evangelica:
653 2755 903 2810 abluatur
930 2753 1062 2825 [Al.,
1095 2751 1444 2824 absolvatur].

369 2845 645 2921 [llieron.]
675 2843 828 2912 Quod
854 2852 1032 2898 autem
1061 2841 1405 2912 superbirent
1443 2840 1690 2912 discipuli
1722 2837 1884 2894 Joan-

289 2942 384 2995 nis
425 2940 683 2994 adversus
709 2937 994 2991 Dominum
1012 2975 1028 3002 ,
1079 2944 1133 2990 et
1161 2934 1422 2990 haberent
1447 2933 1651 3003 aliquid
1675 2933 1886 2987 morda-

288 3031 484 3086 citatis
522 3046 590 3085 ex
632 3029 801 3084 livore
825 3035 881 3082 et
922 3026 1144 3093 invidia,
1189 3025 1436 3096 superior
1463 3038 1676 3094 quoque
1712 3025 1879 3078 inter-

1978 1859 2091 1924 rat,
2115 1860 2175 1906 ut
2218 1850 2576 1920 intelligerent
2613 1849 2875 1905 Joannem
2907 1866 3014 1905 non
3046 1850 3147 1906 sibi
3181 1851 3559 1923 interrogasse,

1969 1945 2072 2001 .sed
2099 1943 2377 2014 discipulis
2401 1945 2536 2000 suis.
2570 1944 2710 2010 Quid
2732 1944 2933 2010 existis,
2964 1945 3160 2014 inquit,
3186 1945 3240 1998 in
3265 1944 3522 1999 desertum
3541 1958 3560 1995 :

1978 2037 2218 2106 nunquid
2246 2037 2314 2092 ob
2340 2037 2444 2092 hoc
2469 2045 2530 2091 ut
2573 2036 2848 2092 hominem
2884 2035 3141 2091 videretis
3170 2035 3380 2091 calamo
3411 2036 3564 2091 sitni-

1979 2127 2106 2194 lem,
2151 2129 2241 2198 qui
2263 2129 2408 2183 omni
2433 2137 2593 2183 vento
2625 2128 3026 2195 circumfertur,
3064 2136 3124 2182 ut
3158 2128 3376 2183 levitate
3411 2144 3562 2183 men-

1981 2219 2051 2272 tis
2087 2217 2151 2272 de
2177 2233 2241 2273 eo
2265 2217 2582 2288 ambigeret,
2619 2232 2778 2286 quem
2807 2225 2965 2272 antea
3014 2217 3441 2288 przedicaverat?
3480 2219 3561 2271 An

1980 2306 2208 2363 forsitan
2237 2307 2470 2364 stimulis
2499 2308 2712 2364 invidia:
2736 2315 2923 2364 contra
2950 2322 3038 2363 me
3064 2309 3307 2380 cogitur,
3335 2319 3392 2364 et
3428 2325 3563 2380 pra?-

1982 2398 2182 2454 dicatio
2211 2397 2327 2467 ejus
2351 2413 2544 2453 vanam
2583 2407 2826 2455 sectatur
2848 2399 3098 2471 gloriam,
3135 2409 3194 2456 ut
3220 2417 3284 2457 ex
3329 2416 3395 2457 eo
3420 2417 3552 2472 quac-

1984 2497 2069 2543 rat
2109 2489 2302 2544 lucra?
2341 2488 2452 2545 Cur
2497 2490 2714 2546 divitias
2762 2492 2964 2562 cupiat,
3011 2502 3071 2548 ut
3101 2492 3283 2548 allluat
3316 2493 3562 2564 dapibus.

1983 2579 2231 2635 Locustis
2250 2581 2489 2636 vescitur
2529 2589 2584 2636 et
2609 2581 2765 2636 melle
2794 2581 3049 2638 silvestri.
3107 2583 3192 2639 An
3233 2592 3289 2638 ut
3311 2584 3563 2640 mollibus

1983 2669 2286 2724 vestiatur?
2323 2669 2421 2724 Pili
2444 2669 2772 2726 camelorum
2809 2679 3024 2742 tegmen
3053 2670 3170 2740 ejus
3199 2682 3342 2728 sunt.
3379 2673 3564 2728 Istius-

1985 2759 2128 2814 modi
2154 2758 2306 2814 cibus
2331 2766 2387 2814 et
2411 2759 2576 2814 vestis
2608 2761 2842 2816 carceris
2872 2761 3106 2831 hospitio
3133 2763 3482 2832 recipiuntur,
3511 2773 3566 2818 et

1983 2851 2296 2922 praedicatio
2325 2851 2566 2906 veritatis
2591 2852 2698 2907 tale
2730 2853 2894 2908 habet
2919 2853 3304 2908 habitaculum.
3346 2853 3449 2921 Qui
3470 2869 3566 2908 au-

1989 2949 2095 2995 tem
2125 2939 2259 2995 falso
2277 2940 2572 3009 praedicant
2593 2940 2898 2996 adulatores
2924 2949 3070 3006 sunt,
3095 2949 3374 2997 sectantur
3391 2939 3562 3004 lucra,

1985 3042 2234 3103 quaerunt
2256 3032 2490 3099 divitias,
2514 3039 2570 3088 et
2596 3032 2801 3089 deliciis
2827 3032 3069 3099 allluunt,
3117 3041 3171 3088 et
3206 3033 3458 3088 mollibus
3481 3048 3570 3086 ve-

290 3122 534 3194 pretatio
565 3119 974 3184 demonstravit,
1016 3117 1342 3189 evangelista
1380 3115 1650 3172 referente
1685 3133 1698 3170 :
1735 3114 1879 3168 Tunc

1990 3097 2244 3190 stiuntur,
2290 3125 2378 3180 isti
2406 3125 2458 3179 in
2478 3097 2729 3180 domibus
2750 3140 2938 3194 regum
2959 3097 3102 3180 sunt.
3135 3125 3214 3179 Ex
3243 3139 3350 3194 quo
3385 3132 3571 3180 osten—

289 3222 634 3268 accesserunt
663 3209 906 3280 discipuli
930 3210 1153 3264 Joannis
1193 3208 1419 3263 dicentes
1445 3221 1463 3260 :
1513 3206 1689 3274 Quare
1717 3223 1810 3260 nos
1836 3215 1885 3260 et

296 3305 570 3359 Pharistei
601 3305 907 3373 jejunamus
946 3302 1271 3373 frequenter,
1324 3298 1566 3369 discipuli
1595 3306 1770 3352 autem
1809 3298 1888 3351 tui

294 3412 408 3450 non
427 3394 676 3465 jejunant
694 3393 720 3446 ?
743 3392 808 3446 Et
833 3391 962 3445 alibi
990 3409 1002 3444 :
1029 3389 1310 3460 Magister,
1337 3390 1423 3442 cui
1456 3398 1511 3442 tu
1538 3388 1885 3441 testimonium

294 3483 573 3555 praebuisti
611 3482 679 3535 ad
707 3482 1016 3547 Jordanem,
1047 3498 1161 3536 ecce
1185 3479 1428 3550 discipuli
1454 3481 1567 3550 ejus
1597 3480 1884 3550 baptizant,

297 3585 348 3629 et
381 3574 556 3644 plures
581 3574 787 3627 veniunt
814 3573 882 3626 ad
903 3589 1042 3626 eum.
1087 3572 1250 3639 Quasi
1291 3573 1565 3627 dixerint:
1600 3572 1709 3628 Nos
1734 3573 1889 3626 desc—

301 3667 500 3730 rimur,
544 3666 632 3719 hic
667 3664 882 3730 raritas,
912 3672 969 3720 et
1001 3667 1070 3719 ad
1100 3664 1251 3718 illum
1281 3664 1440 3719 turba
1471 3665 1762 3720 concurrit.
1809 3663 1887 3716 Tu

296 3773 380 3822 es,
419 3756 611 3825 inquit,
642 3756 732 3826 qui
774 3764 1020 3810 venturus
1063 3771 1136 3819 es,
1184 3772 1255 3808 an
1291 3755 1456 3809 alium
1492 3754 1890 3825 exspectamus?

298 3846 423 3900 Non
456 3846 530 3899 ait
561 3864 573 3898 :
606 3846 683 3900 Tu
714 3861 773 3901 es
801 3846 892 3916 qui
918 3845 1134 3911 venisti,
1166 3847 1284 3911 sed,
1314 3845 1392 3899 Tu
1432 3863 1485 3900 es
1519 3848 1609 3917 qui
1638 3855 1887 3900 uenturus

296 3954 379 3991 es.
413 3935 576 4004 Cujus
605 3937 885 3991 sententia:
917 3936 1036 3990 talis
1061 3951 1181 3991 esse
1209 3943 1386 4006 potest
1411 3950 1602 3991 sensus
1627 3953 1638 3988 :
1675 3935 1887 3999 Manda,

299 4029 506 4096 inquit,
563 4027 716 4091 mihi,
761 4027 890 4096 quia
943 4025 1010 4079 ad
1055 4024 1267 4078 inferna
1329 4023 1690 4079 descensurus
1745 4037 1886 4086 sum,

299 4127 490 4172 utrum
535 4128 584 4172 te
613 4126 668 4172 et
705 4117 892 4172 inferis
922 4116 1146 4170 debeam
1197 4115 1468 4179 nuntiare,
1513 4114 1605 4184 qui
1647 4112 1889 4167 nuntiavi

301 4209 519 4280 superis
546 4226 563 4266 :
597 4225 666 4264 an
695 4225 803 4265 non
833 4209 1118 4265 conveniat
1145 4207 1282 4264 Filio
1310 4207 1403 4262 Dei
1433 4214 1495 4261 ut
1521 4213 1704 4274 gustet
1748 4219 1892 4258 mor-

305 4312 441 4368 tem,
473 4311 528 4358 et
559 4302 722 4358 alium
751 4304 819 4358 ad
847 4305 961 4358 huic
982 4309 1320 4358 sacramenta
1346 4300 1613 4354 missurus
1646 4314 1726 4354 es.

379 4393 449 4446 Et
480 4392 790 4463 respondens
822 4391 978 4448 Iesus
1007 4393 1080 4446 ait
1126 4391 1234 4446 illis
1271 4408 1291 4446 :
1341 4389 1651 4445 Renuntiate
1694 4386 1892 4442 Joanni

1991 3217 2137 3271 ditur
2161 3216 2388 3285 rigidam
2420 3216 2584 3270 vitam
2609 3224 2664 3271 et
2701 3224 2973 3271 austeram
3015 3215 3457 3284 pradicationem
3485 3216 3566 3270 vi-

1991 3315 2108 3360 tare
2131 3306 2330 3362 debere
2355 3307 2508 3362 aulas
2555 3321 2764 3376 regum,
2809 3315 2866 3361 et
2891 3306 3135 3362 mollium
3164 3307 3443 3362 hominum
3472 3321 3570 3376 pa-

1989 3394 2118 3450 latia
2145 3395 2436 3462 declinare,
2470 3411 2591 3465 quae
2613 3395 2956 3466 frequentant
2975 3397 3066 3467 qui
3097 3395 3279 3468 bysso,
3316 3394 3494 3453 serico
3517 3406 3574 3450 et

1991 3485 2242 3541 mollibus
2270 3486 2593 3541 vestiuntur.

2064 3576 2169 3632 Sed
2218 3577 2344 3646 quid
2381 3578 2558 3632 existis
2597 3577 2813 3631 videre?
2838 3579 3138 3648 prophetam
3164 3579 3190 3632 7
3234 3577 3414 3633 Etiam
3456 3579 3574 3632 dico

1992 3667 2132 3721 vobis
2173 3677 2221 3721 et
2266 3666 2542 3736 plusquam
2593 3667 2916 3735 prophetam.
2964 3666 3063 3720 llic
3091 3676 3165 3720 est
3204 3667 3340 3720 enim
3375 3667 3440 3720 de
3467 3684 3572 3735 quo

1991 3759 2241 3825 scriptum
2280 3764 2354 3809 est
2377 3769 2395 3805 :
2449 3754 2583 3808 Ecce
2620 3771 2712 3824 ego
2761 3755 2910 3808 mitto
2941 3753 3183 3824 angelum
3243 3771 3416 3808 meum
3454 3766 3575 3808 ante

1993 3845 2182 3915 faciem
2208 3853 2373 3909 tuam,
2396 3845 2485 3916 qui
2505 3844 2820 3914 preparabit
2849 3845 2985 3899 viam
3010 3855 3155 3899 tuam
3178 3855 3299 3900 ante
3322 3855 3386 3900 te.
3412 3844 3468 3901 In
3507 3861 3572 3901 eo

1993 3933 2228 3989 Joannes
2247 3933 2525 4004 prophetis
2548 3935 2759 3989 caeteris
2785 3933 2957 4004 major
2977 3944 3079 4000 est,
3134 3937 3274 4006 quod
3304 3953 3464 4007 quem
3499 3938 3573 3994 illi

1993 4025 2416 4096 praedicavcrant
2454 4040 2573 4080 esse
2591 4033 2897 4090 venturum,
2941 4027 3030 4082 hic
3054 4027 3268 4083 venisse
3294 4029 3461 4098 digito
3491 4030 3575 4085 de-

1995 4113 2314 4167 monstravit
2345 4113 2564 4169 dicens:
2611 4113 2745 4168 Ecce
2789 4115 2967 4184 Agnus
3014 4115 3127 4180 Dei,
3170 4133 3284 4171 ecce
3319 4118 3409 4189 qui
3439 4117 3574 4172 tollit

1991 4212 2204 4274 peccata
2231 4203 2431 4257 mundi.
2470 4203 2536 4260 Et
2560 4205 2646 4259 cui
2685 4204 2752 4259 ad
2783 4203 3053 4276 fastigium
3074 4207 3389 4275 prophetale
3411 4209 3573 4262 etiam

1995 4295 2249 4364 Baptistae
2292 4295 2522 4351 accessit
2554 4295 2928 4367 privilegium,
2981 4305 3039 4351 ut
3083 4311 3239 4352 suum
3286 4297 3569 4353 Dominum

1997 4388 2312 4457 baptizaret,
2348 4387 2489 4442 unde
2523 4387 2685 4442 infert
2711 4387 3024 4442 meritorum
3060 4386 3316 4462 [αὔξησιν]
3349 4390 3579 4444 mentio-

299 4498 426 4552 crta:
447 4457 669 4536 audistis
695 4491 743 4536 et
781 4482 1000 4536 vidistis.
1051 4479 1190 4536 Cruci
1223 4480 1393 4536 uident
1419 4519 1433 4542 ,
1490 4476 1665 4532 claudi
1703 4475 1889 4530 ambu—
1919 4457 1970 4516 Β
1995 4497 2118 4536 nem
2142 4480 2304 4553 [Del.,
2351 4479 2701 4553 mentionem]
2729 4478 2934 4535 faciens
2962 4481 3027 4536 de
3050 4457 3316 4536 liialachia
3339 4482 3578 4538 testimo—
3619 4499 3622 4504 '

303 4573 444 4638 lant,
465 4573 653 4642 leprosi
677 4572 1018 4638 mandantur,
1050 4571 1198 4626 surdi
1226 4570 1469 4636 audiunt,
1498 4567 1690 4621 mortui
1715 4581 1891 4619 resur-

302 4670 466 4733 gunt,
514 4672 562 4717 et
599 4677 850 4732 pauperes
886 4660 1338 4732 euangelizantur,
1392 4667 1439 4712 et
1480 4658 1657 4712 beatus
1687 4665 1761 4711 est
1806 4655 1893 4726 qui

309 4769 418 4806 non
457 4752 614 4820 fuerit
643 4751 1033 4806 scandalizatus
1087 4751 1144 4805 in
1187 4767 1286 4805 me.
1337 4748 1604 4824 (Hierom)
1661 4748 1894 4803 Joannes

309 4845 742 4914 interrogaverat
786 4859 884 4916 per
936 4842 1265 4913 discipulos:
1313 4841 1391 4896 Tu
1422 4858 1474 4895 es
1502 4842 1591 4912 qui
1645 4849 1891 4895 uenturus

307 4952 388 4996 es,
449 4953 518 4989 an
556 4936 720 4988 alium
769 4933 1171 5005 exspectamus?
1204 4931 1451 4988 Christus
1488 4933 1639 5003 signa
1673 4931 1893 4986 demon-

312 5033 474 5090 strat,
503 5041 608 5080 non
631 5026 697 5080 ad
719 5041 782 5080 ea
815 5025 1145 5095 respondens
1165 5039 1284 5093 qua:
1305 5025 1672 5094 interrogatus
1691 5023 1889 5089 fuerat,

312 5117 411 5172 sed
431 5117 500 5172 ad
529 5117 839 5172 scandalum
871 5117 1201 5172 nuntiorum.
1251 5115 1362 5179 Ite,
1411 5116 1604 5185 inquit,
1642 5125 1690 5169 et
1740 5117 1895 5170 dicite

307 5204 513 5260 Juauni
538 5208 690 5277 signa
733 5224 850 5278 qute
879 5208 1120 5269 cernitis,
1154 5220 1326 5261 caecos
1353 5206 1620 5270 videntes,
1675 5205 1896 5261 claudos

311 5296 674 5363 ambulantes,
710 5306 842 5360 etc.,
868 5305 944 5361 et,
973 5297 1117 5366 quod
1151 5297 1237 5351 his
1265 5311 1372 5351 non
1419 5297 1596 5350 minus
1629 5306 1732 5359 est,
1764 5312 1897 5366 pau-

311 5399 474 5454 peres
506 5387 923 5458 evangelizatos.
958 5387 1055 5443 Vel
1092 5401 1356 5457 pauperes
1383 5385 1597 5456 Spiritu,
1639 5387 1722 5442 vel
1748 5397 1897 5442 certe

309 5478 510 5548 Opibus
537 5495 819 5550 pauperes,
851 5488 914 5534 ut
940 5479 1083 5534 nulla
1115 5480 1258 5536 inter
1285 5478 1493 5534 nobiles
1527 5486 1583 5532 et
1613 5478 1895 5549 ignobiles,

313 5579 462 5625 Inter
491 5570 686 5626 divites
714 5580 767 5625 et
793 5585 988 5641 aegros,
1019 5569 1070 5624 in
1101 5569 1484 5640 praedicatione
1525 5569 1776 5624 distantia
1805 5572 1896 5625 sit.

315 5662 446 5717 Haec
475 5662 718 5731 magistri
744 5663 996 5732 rigorem,
1029 5663 1142 5716 haec
1167 5660 1514 5730 prmceptoris
1543 5662 1901 5730 comprobant

1996 4572 2167 4636 nium,
2192 4572 2246 4626 in
2274 4587 2381 4641 quo
2409 4571 2570 4626 etiam
2597 4570 2817 4642 angelus
2839 4572 3164 4641 praedicatur
3191 4572 3449 4644 (Malach.
3487 4573 3571 4646 ιι).

1995 4661 2258 4733 Angelnm
2294 4671 2472 4717 autem
2499 4663 2588 4717 hic
2615 4663 2719 4717 dici
2764 4661 3026 4718 Joannem
3075 4677 3183 4718 non
3212 4673 3462 4733 putemus
3487 4680 3578 4720 na-

1996 4761 2131 4806 turae
2155 4751 2430 4812 societate,
2463 4751 2556 4805 sed
2579 4751 2740 4806 officii
2771 4750 3051 4822 dignitate,
3100 4752 3153 4808 id
3193 4759 3276 4807 est
3302 4753 3567 4814 nuntium,

1999 4844 2141 4914 quod
2179 4850 2464 4896 venturum
2510 4843 2680 4897 Deum
2733 4844 3097 4897 nuntiaverat.
3152 4839 3356 4914 (Greg.)
3405 4843 3571 4899 Recte

1997 4952 2127 5006 ergo
2150 4936 2241 5005 qui
2268 4934 2515 4989 nuntiare
2544 4949 2832 5003 supernum
2856 4932 3093 5002 judicem
3129 4935 3380 4998 mittitur,
3412 4949 3576 5004 ange-

2002 5027 2083 5081 lus
2108 5035 2348 5089 vocatur,
2390 5033 2449 5078 ut
2477 5024 2790 5094 dignitatem
2827 5034 3007 5080 servet
3056 5027 3109 5080 in
3157 5024 3374 5079 nomine
3411 5039 3575 5094 quam

1986 5117 2180 5189 explet
2198 5115 2528 5187 operatione.
2559 5115 2740 5170 Altum
2767 5116 2982 5185 quidem
3006 5131 3200 5170 nomen
3220 5124 3328 5185 est,
3349 5114 3445 5173 sed
3465 5113 3576 5172 vita

2002 5207 2221 5262 nomine
2244 5205 2468 5262 inferior
2494 5221 2599 5259 non
2625 5213 2724 5261 est.

2069 5298 2232 5351 Amen
2257 5297 2373 5350 dico
2400 5297 2558 5360 vobis,
2588 5313 2690 5352 non
2710 5298 2935 5351 surrexit
2962 5297 3096 5350 ituer
3117 5304 3268 5351 natos
3289 5295 3574 5351 mulierum

2000 5391 2174 5461 major
2191 5390 2397 5444 Joanne
2419 5390 2674 5460 Baptista.
2698 5389 3158 5453 lntermulierum,
3177 5390 3371 5460 inquit,
3395 5397 3572 5444 natos.

2002 5480 2097 5536 llis
2140 5495 2270 5549 ergo
2311 5479 2593 5550 przefertur
2645 5480 2950 5535 hominibus
2993 5479 3084 5548 qui
3150 5479 3218 5535 de
3257 5479 3576 5535 mulieribus

2004 5571 2112 5624 nati
2157 5579 2301 5633 sunt,
2334 5579 2389 5623 et
2417 5571 2484 5626 de
2516 5571 2804 5625 concubitu
2849 5569 2973 5632 viri,
3001 5577 3058 5624 et
3097 5585 3206 5626 non
3254 5570 3310 5625 ei
3351 5570 3442 5640 qui
3491 5580 3577 5625 est

2003 5670 2160 5716 natus
2183 5677 2251 5717 ex
2278 5662 2499 5731 Virgine
2529 5670 2585 5715 et
2610 5659 2814 5729 Spiritu
2840 5670 3047 5715 sancto.
3079 5661 3397 5731 Quanquam
3428 5661 3481 5716 in
3510 5677 3578 5716 eo
