3978 6190
448 258 507 313 91
526 260 555 325 ι,

1086 258 1145 311 Β.
1186 256 1437 312 BABANJ
1477 258 1693 314 suum:
1732 261 2005 315 ARCHIEI

2110 260 2392 316 dOCUNT.
2433 259 2715 316 OPERUM
2753 256 2930 312 PARS
2968 257 3006 311 1.

3571 261 3675 315 91?.

445 370 585 439 quod
648 368 833 437 dixit:
884 365 1000 420 Non
1054 368 1277 421 surrexit
1347 368 1479 421 inter
1535 378 1683 424 natos
1733 368 2007 423 mulierum
2036 373 2366 432 Amternam
2408 367 2655 436 percipit,
2694 366 2847 434 quasi
2897 366 2951 419 in
3003 364 3180 420 locum
3223 372 3474 438 peccator
3518 368 3680 423 intrat

444 463 618 533 major
663 462 865 514 Joanne
917 460 1150 530 Baptista
1178 499 1193 524 ,
1249 475 1353 513 non
1424 461 1638 515 caeteris
1687 461 2007 531 prophetis,

443 554 764 625 patriarchis
793 552 1105 621 cunctisque
1135 551 1439 607 hominibus
1466 550 1731 606 Joannem
1755 551 2007 622 praetulit,

444 644 538 698 sed
584 641 774 697 Joanni
831 649 1054 695 caeteros
1100 641 1398 710 exmquavit
1442 659 1454 693 :
1496 656 1601 695 non
1642 641 1787 695 enim
1830 638 2023 695 statim

445 734 706 803 sequitur,
735 730 859 786 utsi
884 730 971 784 alii
1019 729 1251 798 majores
1277 744 1342 784 eo
1369 722 1475 786 non
1525 739 1672 796 sunt,
1704 730 1792 784 ille
1830 730 2010 799 ‘major

444 821 669 875 aliorum
699 821 771 875 sit
808 828 1143 884 cunctorum,
1171 826 1230 871 ut
1261 818 1621 888 aequalitatem
1646 832 1768 873 cum
1797 815 2008 872 caeteris

444 913 645 968 sanctis
675 912 886 965 habeat.

511 1001 618 1067 'Qui
653 1010 823 1054 autem
865 1000 1035 1053 minor
1058 1007 1130 1053 est
1169 1001 1221 1052 in
1257 1008 1412 1069 regno
1447 997 1689 1051 cazlorum
1714 998 1887 1067 major
1928 1009 2006 1054 est

440 1091 552 1144 illo.
591 1089 738 1144 Multi
780 1089 846 1143 de
893 1087 1172 1144 Salvatore
1214 1088 1317 1142 huc
1356 1085 1583 1159 intelligi
1629 1087 1832 1154 volunt,
1864 1089 2008 1158 quod

441 1172 532 1251 qui
585 1181 761 1235 minor
794 1187 878 1233 est
936 1187 1200 1248 tempore,
1233 1177 1404 1247 major
1447 1177 1517 1231 sit
1564 1176 1843 1248 dignitate.
1896 1176 2007 1234 Nos

440 1281 619 1326 autem
650 1269 967 1340 simpliciter
994 1267 1351 1338 intelligamus
1395 1266 1535 1336 quod
1562 1266 1738 1322 omnis
1787 1276 2009 1323 sanctus

439 1363 530 1433 qui
566 1363 676 1432 jam
726 1376 845 1416 cum
902 1360 1013 1413 Deo
1067 1366 1171 1423 est,
1206 1356 1378 1425 major
1434 1356 1505 1409 sit
1559 1355 1649 1411 illo
1692 1357 1783 1426 qui
1832 1356 2007 1412 adhuc

436 1452 681 1510 consistit
709 1452 760 1505 in
785 1449 983 1521 prmlio.
1014 1447 1171 1504 Aliud
1192 1458 1278 1503 est
1303 1446 1448 1501 enim
1481 1460 1737 1501 coronam
1765 1446 2007 1502 victoriae

435 1542 734 1615 possidere,
776 1539 918 1595 aliud
947 1539 1122 1594 adhuc
1151 1538 1205 1593 in
1247 1537 1362 1592 acie
1410 1537 1690 1603 dimicare,
1717 1538 1840 1606 quia
1870 1537 2004 1611 [Al.,

438 1628 681 1702 quidam]
734 1628 1083 1684 novissimum
1138 1626 1387 1697 angelum
1452 1625 1508 1680 in
1567 1625 1722 1681 caelis
1779 1625 2006 1680 Domino

2112 456 2363 510 alienum.
2388 453 2657 527 (Hierom)
2682 453 2837 510 Unde
2858 455 2900 510 si
2929 454 3135 524 primus
3160 453 3416 519 Joannes,
3444 464 3505 509 ut
3518 469 3680 526 supra

2111 544 2376 609 diximus,
2424 544 2798 614 pmnitentiam
2843 542 3055 613 populis
3099 544 3395 609 nuntiavit,
3447 544 3681 600 dicens:

2111 634 2476 691 Paenitentiam
2519 637 2676 707 agite,
2703 638 3083 708 appropinquat
3105 643 3241 690 enim
3273 653 3485 707 regnum
3530 636 3682 693 caio-

2110 742 2251 791 rum,
2308 737 2701 797 consequenter
2737 743 2768 781 a
2814 728 3005 782 diebus
3032 726 3137 781 illis
3175 743 3388 797 regnum
3435 727 3683 784 calorum

2106 815 2210 870 vim
2237 816 2456 885 patitur,
2483 826 2530 869 et
2578 816 2783 871 violenti
2838 815 3093 887 diripiunt
3144 816 3296 871 illud.
3326 816 3557 874 Grandis
3598 829 3682 875 est

2107 907 2251 962 enim
2299 908 2551 962 violentia
2576 948 2592 974 ,
2646 908 2702 962 in
2753 917 2897 962 terra
2943 923 3043 962 nos
3095 922 3216 964 esse
3267 916 3586 979 generatos,
3626 917 3685 965 et

2108 996 2369 1052 oculorum
2414 997 2597 1052 sedem
2639 1012 2916 1068 quaerere;
2959 1012 3058 1068 per
3104 997 3360 1051 virtutem
3408 997 3685 1068 possidere

2107 1087 2253 1160 quod
2278 1103 2387 1143 non
2415 1089 2687 1159 potuimus
2715 1089 2992 1157 possidere
3015 1103 3116 1158 per
3139 1097 3410 1143 naturam.

2179 1175 2371 1233 Omnes
2400 1178 2536 1232 enim
2585 1178 2870 1247 prophetae,
2895 1189 2941 1231 et
2971 1177 3056 1232 lex
3097 1195 3259 1248 usque
3305 1178 3377 1233 ad
3420 1179 3684 1234 Joannem

2106 1266 2561 1338 prophetauerunt.
2614 1264 2730 1321 Non
2769 1266 2910 1336 quod
2958 1274 3081 1336 post
3124 1265 3387 1322 Joannem
3430 1268 3683 1322 excludat

2105 1357 2414 1426 pr0phetas.
2434 1355 2684 1426 Legimus
2710 1356 2762 1409 in
2782 1355 3006 1412 Actibus
3029 1356 3391 1427 apostolorum
3415 1356 3555 1428 (Aet.
3580 1357 3681 1428 ιι),

2106 1458 2162 1503 et
2196 1448 2441 1519 Agabum
2483 1449 2872 1519 prophetasse,
2897 1456 2953 1503 et
2976 1456 3208 1518 quatuor
3250 1449 3487 1519 virgines
3540 1448 3684 1505 ﬁlias

2104 1535 2367 1607 Philippi;
2416 1536 2509 1591 sed
2549 1552 2657 1607 quo
2700 1536 2789 1592 lex
2844 1544 2901 1592 et
2944 1537 3218 1607 prophetae
3267 1551 3404 1607 quos
3445 1538 3680 1608 scriptos

2105 1624 2350 1697 legimus,
2382 1627 2641 1696 quidquid
2667 1625 3123 1697 prophetaverunt
3144 1627 3208 1682 de
3236 1627 3464 1682 Domino
3489 1629 3681 1684 vatici-

440 1720 833 1775 ministrantem
883 1717 1070 1771 volunt
1126 1716 1404 1770 meliorem
1466 1715 1713 1789 accipere
1765 1714 2008 1785 quolibet
2035 1705 2080 1765 B
2108 1714 2217 1768 nati
2247 1722 2392 1769 sunt.
2420 1713 2645 1781 Quando
2681 1730 2808 1786 ergo
2853 1714 3071 1780 dicitur,
3096 1731 3273 1769 omnes
3324 1716 3589 1786 propheta:
3631 1726 3681 1771 et

439 1810 613 1879 primo
646 1807 864 1861 homine
890 1806 978 1874 qui
1005 1812 1253 1859 versatur
1284 1805 1339 1858 in
1371 1804 1552 1858 terris.

511 1901 553 1953 Α
609 1899 789 1953 diebus
842 1907 1014 1951 autem
1065 1896 1287 1950 Joannis
1350 1895 1601 1967 Baptista:
1653 1914 1814 1969 usque
1868 1913 2006 1952 nunc

440 2008 652 2061 regnum
699 1988 941 2044 caelorum
990 1990 1092 2043 vim
1147 1988 1360 2060 patitur,
1394 1997 1441 2041 et
1496 1987 1704 2043 violenti
1750 1989 2006 2059 diripiunt

435 2080 589 2134 illud.
617 2077 840 2151 (Ililar.)
863 2078 945 2132 lre
968 2076 1223 2131 Dominus
1242 2076 1511 2147 apostolos
1530 2078 1596 2132 ad
1617 2092 1746 2133 oves
1762 2078 2004 2149 perditas

434 2170 603 2225 Israel
624 2168 907 2237 iusserat:
947 2168 1090 2239 ipsos
1129 2167 1381 2221 constitui
1426 2168 1710 2237 oportebat
1735 2168 1789 2221 in
1815 2182 2004 2239 regno,

443 2268 498 2313 et
530 2260 585 2313 in
613 2257 865 2321 Abrahae,
897 2265 951 2313 et
996 2257 1049 2310 in
1096 2255 1263 2321 Isaac,
1293 2264 1349 2311 et
1387 2253 1554 2310 Jacob
1594 2255 1817 2323 familia,
1845 2267 2006 2327 atque

443 2334 726 2421 agnatione
756 2347 996 2403 retineri.
1027 2344 1134 2402 Sed
1151 2346 1326 2401 omnis
1352 2346 1467 2401 haec
1491 2345 1799 2417 praedicatio
1824 2346 2004 2417 profe-

435 2447 579 2492 ctum
609 2436 912 2508 publicanis
958 2445 1011 2491 et
1048 2435 1425 2507 peccatoribus
1469 2432 1745 2491 aﬁ‘erehat.
1797 2436 1878 2491 Ex
1922 2436 2007 2492 his

439 2531 581 2585 cnim
605 2530 714 2600 jam
745 2526 1043 2595 credentes,
1070 2536 1123 2583 et
1147 2526 1227 2585 ex'
1255 2530 1340 2584 his
1375 2528 1488 2598 jam
1534 2530 1780 2600 apostoli,
1816 2545 1883 2585 ex
1921 2529 2008 2587 his

429 2622 542 2691 jam
591 2635 813 2692 regnum
852 2619 1135 2674 caelorum.
1207 2618 1470 2675 Cmterum
1521 2617 1715 2675 Joanni
1780 2634 1811 2673 a
1854 2620 2009 2690 plebe

438 2727 544 2767 non
574 2711 830 2777 creditur,
855 2711 1229 2767 auctoritatem
1251 2704 1452 2766 Christi
1474 2725 1636 2782 opera
1660 2726 1769 2766 non
1794 2725 2009 2766 meren-

436 2811 546 2868 tur,
594 2817 726 2857 crux
785 2800 961 2856 futura
1022 2809 1139 2856 erat
1204 2800 1476 2855 seandalo.
1534 2798 1653 2855 Jam
1719 2800 2005 2872 prophetia

434 2898 628 2955 cessat,
684 2890 796 2958 jam
838 2888 921 2945 lex
968 2889 1251 2960 erpletur,
1299 2889 1415 2956 jam
1469 2890 1777 2959 praedicatio
1832 2891 2007 2946 omnis

433 2981 775 3047 excluditur,
832 2980 946 3052 jam
1007 2980 1137 3034 Eliae
1203 2980 1422 3050 spiritus
1474 2980 1531 3034 in
1587 2979 1807 3035 Joannis
1871 2995 2003 3036 voce

432 3071 795 3141 prtemittitur.
818 3070 953 3125 Aliis
973 3070 1220 3125 Christus
1239 3071 1580 3141 praedicatur,
1604 3069 1672 3124 ab
1699 3071 1819 3125 aliis
1839 3085 2001 3142 agno-

436 3161 636 3224 scitur;
671 3160 791 3215 aliis
845 3160 1104 3224 nascitur,
1133 3160 1201 3213 ab
1249 3158 1368 3214 aliis
1422 3157 1678 3230 diligitur.
1726 3157 1821 3213 Sui
1878 3173 2001 3214 eum

423 3258 694 3321 .respuuut
724 3294 741 3318 ,
778 3247 936 3304 alieni
991 3249 1319 3320 suscipiunt;
1371 3249 1572 3318 proprii
1629 3248 2000 3315 insectantur,

428 3342 868 3414 complectuntur
891 3339 1115 3394 inimici.
1147 3338 1524 3393 Haereditetem
1548 3339 1763 3408 adoptio
1780 3338 2001 3407 expetit,

434 3431 641 3509 familia
696 3428 886 3498 rejicit.
932 3428 1336 3485 Testamentum
1381 3427 1477 3482 filii
1529 3429 1828 3497 repudiant,
1861 3426 2002 3482 servi

435 3529 847 3594 recognoscunt.
873 3519 1059 3590 Itaque
1097 3519 1203 3573 vim
1247 3533 1469 3589 regnum
1497 3517 1756 3572 cmlorum
1779 3518 2003 3588 patitur,

438 3614 837 3683 inferentesque
863 3610 1121 3682 diripiunt
1148 3628 1162 3665 :
1188 3611 1314 3681 quia
1334 3609 1500 3680 gloria
1524 3608 1687 3664 Israel
1711 3624 1743 3664 a
1761 3611 2006 3681 patribus

438 3704 639 3769 debita,
671 3718 701 3757 a
721 3701 1002 3772 praphetis
1023 3700 1293 3766 nuntiata,
1323 3715 1355 3755 a
1400 3698 1617 3755 Christo
1671 3698 1873 3766 oblata,
1900 3700 2007 3756 ﬁde

437 3797 674 3867 gentium
689 3801 1048 3865 occupatur‘et
1068 3792 1290 3863 rapitur.
1306 3791 1435 3847 Item
1451 3784 1633 3846 aliter:
1658 3790 2007 3860 quaerendum

430 3896 514 3943 est
539 3884 804 3956 quomodo
830 3883 1034 3953 perpeti
1078 3881 1187 3936 vim
1230 3894 1456 3953 regnum
1495 3880 1755 3935 caelorum
1804 3879 2008 3948 possit?

436 3979 568 4046 Quis
596 3976 739 4031 enim
764 3975 903 4030 ccelo
928 3974 1239 4029 violentiam
1273 3971 1513 4043 irrogat?
1534 3972 1602 4026 Et
1624 3986 1812 4027 rursus
1855 3986 2004 4042 qua:-

432 4069 660 4126 rendum
688 4076 792 4133 est,
826 4067 873 4121 si
924 4067 1033 4138 pati
1078 4065 1187 4121 vim
1234 4079 1461 4135 regnum
1506 4063 1765 4118 caalorum
1807 4071 2004 4134 potest,

435 4177 534 4216 cur
557 4159 801 4215 eamdem
827 4158 937 4214 vim
976 4173 1006 4211 a
1033 4156 1221 4212 diebus
1243 4153 1464 4210 Joannis
1502 4154 1773 4223 Baptistae,
1798 4165 1852 4209 et
1897 4171 2004 4210 non

435 4240 600 4304 etiam
631 4257 775 4314 ante,
806 4246 1110 4319 pertulerit.
1149 4244 1255 4301 Sed
1281 4259 1405 4301 cum
1452 4234 1538 4299 lex
1588 4244 1753 4310 dicat,
1784 4243 1843 4300 Si
1886 4245 2008 4314 quis

432 4342 545 4395 haec
573 4340 655 4395 vel
681 4339 768 4394 illa
802 4337 1011 4403 fecerit,
1042 4346 1217 4392 morte
1240 4336 1522 4401 moriatur,
1549 4336 1756 4391 cunctis
1785 4336 2005 4407 legenti-

426 4432 531 4484 bus
560 4430 726 4499 liquet
750 4430 876 4499 quia
913 4437 1228 4500 peccatores
1263 4442 1503 4498 quosque
1526 4442 1688 4498 pmna
1710 4442 1820 4481 suae
1845 4441 1999 4483 seve-

416 4521 614 4573 'ritatis
641 4519 894 4590 perculit,
915 4533 1022 4574 non
1042 4527 1220 4573 autem
1242 4532 1339 4589 per
1353 4517 1726 4588 paenitentiam
1746 4516 1814 4572 ad
1836 4518 1999 4572 vitam

434 4610 675 4667 reduxit.

476 4693 638 4754 ‘Cum
659 4713 787 4754 vero
813 4696 1049 4754 Joannes
1076 4697 1338 4769 Baptista,
1371 4697 1743 4769 Redemptoris
1769 4699 1998 4771 gratiam

430 4802 785 4858 praecurrens,
816 4790 1186 4858 paenitentiam
1230 4789 1505 4858 praedicat,
1531 4797 1590 4844 ut
1609 4798 1879 4859 peccator,
1907 4790 2001 4860 qui

420 4878 500 4934 ‘ex
534 4880 686 4950 culpa
719 4887 801 4935 est
823 4888 1085 4945 mortuus,
1121 4894 1224 4950 per
1251 4880 1653 4936 conversionem
1680 4882 1843 4946 vivat,
1874 4895 2002 4951 pro-

420 4969 573 5026 fecto
599 4986 629 5024 a
671 4970 859 5025 diebus
902 4967 1125 5024 Joannis
1173 4967 1427 5039 Baptista:
1472 4984 1695 5040 regnum
1743 4970 2002 5025 caelorum

431 5062 540 5117 vim
569 5061 793 5133 patitur.
827 5059 965 5127 Quid
994 5068 1075 5114 est
1107 5069 1285 5114 autem
1316 5073 1541 5130 regnum
1590 5058 1871 5124 caelorum,
1901 5059 2005 5113 nisi

415 5152 582 5210 1ueus
616 5151 923 5222 iustorum?
963 5149 1092 5207 solis
1135 5152 1279 5206 enim
1327 5149 1490 5219 justis
1533 5151 1773 5206 caelestis
1817 5150 2006 5221 patria:

430 5247 649 5320 praemia
709 5246 995 5309 debentur,
1023 5252 1083 5298 ut
1136 5243 1388 5309 humiles,
1431 5242 1587 5305 casti,
1641 5243 1800 5297 mites
1845 5251 2005 5310 atque

431 5336 831 5399 misericordes,
871 5335 939 5389 ad
980 5333 1173 5404 gaudia
1227 5348 1455 5402 superna
1503 5332 1838 5401 perveniant.
1869 5331 2003 5386 Cum

416 5442 559 5483 vero
578 5426 706 5496 quis
732 5425 816 5480 vel
847 5423 1097 5493 superbia
1124 5422 1383 5487 tumidus,
1410 5421 1495 5475 vel
1542 5421 1725 5477 carnis
1768 5420 2009 5476 facinore

429 5515 684 5584 pollutus,
733 5511 819 5567 vel
865 5512 1143 5566 iracundia
1197 5524 1458 5565 accensus
1489 5549 1502 5572 ,
1558 5509 1642 5563 vel
1689 5509 2006 5565 crudelitate

424 5602 646 5670 impius,
679 5608 799 5669 post
829 5599 1015 5668 culpas
1048 5600 1115 5652 ad
1138 5597 1513 5673 paenitentiam
1546 5597 1703 5657 redit.
1734 5606 1811 5657 et.
1838 5599 2005 5653 vitam

2106 1802 2190 1857 lex
2215 1819 2378 1875 usque
2397 1803 2466 1857 ad
2490 1802 2749 1857 Joannem
2769 1803 3221 1874 praphetaverunt,
3245 1804 3447 1859 Christi
3471 1813 3680 1875 tempus

2106 1897 2432 1964 ostenditur,
2461 1905 2521 1952 ut
2573 1912 2733 1967 quem
2783 1895 2860 1951 illi
2911 1897 3166 1952 dixerunt
3190 1907 3478 1953 venturum
3537 1912 3673 1963 esse,

2104 1992 2339 2048 Joannes
2367 1990 2579 2047 venisse
2619 1989 2934 2045 ostenderit.

2177 2080 2246 2135 Et
2283 2082 2331 2137 si
2360 2080 2512 2137 vultis
2558 2081 2801 2151 recipere,
2828 2080 2934 2149 ipse
2980 2089 3057 2133 est
3105 2078 3254 2132 Elius
3297 2079 3387 2148 qui
3435 2087 3680 2132 venturus

2105 2181 2202 2226 est.
2252 2171 2356 2238 Qui
2409 2171 2561 2225 liabet
2607 2186 2760 2225 aures
2809 2169 3080 2234 audiendi,
3128 2170 3331 2223 audiat.
3381 2168 3497 2224 Hoc
3539 2171 3681 2238 quod

2106 2265 2308 2320 dictum
2339 2270 2422 2318 est
2448 2280 2461 2317 :
2495 2258 2554 2318 Si
2596 2263 2749 2317 uultis
2777 2262 3019 2333 recipere,
3047 2262 3156 2332 ipse
3179 2270 3253 2316 est
3287 2260 3462 2326 Elius,
3492 2260 3681 2331 mysti-

2106 2369 2228 2409 cum
2291 2368 2432 2419 esse,
2475 2360 2531 2408 et
2582 2366 2741 2423 egere
2801 2351 3154 2423 intelligentia
3208 2367 3439 2421 sequens
3487 2366 3671 2408 sermo

2106 2442 2320 2496 Domini
2387 2443 2763 2507 demonstrat,
2836 2442 3021 2497 dicens
3070 2460 3083 2494 :
3138 2440 3241 2506 Qui
3301 2441 3454 2496 habet
3524 2458 3679 2495 aures

2106 2531 2376 2596 audiendi,
2404 2532 2608 2585 audiat.
2656 2529 2715 2585 Si
2760 2531 2904 2586 enim
2953 2530 3145 2601 planus
3186 2540 3333 2586 esset
3375 2547 3595 2596 sensus,
3625 2540 3684 2585 et

2108 2623 2394 2678 manifesta
2424 2621 2710 2688 sententia,
2737 2622 2864 2690 quid
2891 2637 3112 2677 necesse
3138 2620 3242 2676 fuit
3290 2636 3392 2677 nos
3437 2623 3503 2675 ad
3540 2622 3684 2677 illius

2106 2711 2511 2782 intelligentiam
2537 2711 2862 2789 praeparari?
2887 2711 3030 2766 Elias
3053 2726 3181 2782 ergo
3199 2709 3438 2766 Joannes
3465 2711 3680 2776 dicitur,

2107 2818 2213 2858 non
2274 2802 2568 2858 secundum
2632 2803 2825 2857 stultos
2890 2802 3236 2872 philosophos
3299 2810 3356 2856 et
3419 2801 3679 2870 quosdam

2106 2894 2410 2959 hmreticos,
2452 2893 2546 2963 qui
2588 2892 2934 2947 introducunt
2980 2892 3188 2947 animas
3216 2893 3270 2946 in
3296 2907 3529 2961 corpora
3574 2891 3679 2945 alia

2106 2983 2304 3040 reverti
2331 3002 2342 3036 :
2367 2983 2461 3037 sed
2486 2983 2625 3053 quod
2643 2980 2798 3051 juxta
2823 2983 2968 3038 aliud
2990 2984 3358 3039 testimonium
3381 2984 3679 3055 Evangelii,

2103 3076 2311 3131 venerit
2334 3076 2390 3129 in
2414 3076 2599 3145 spiritu
2621 3085 2668 3129 et
2702 3077 2890 3131 virtute
2932 3076 3090 3143 Elite,
3115 3086 3171 3133 et
3218 3080 3466 3134 eamdem
3499 3082 3675 3135 sancti

2105 3164 2339 3235 Spiritus
2376 3164 2460 3218 vel
2497 3165 2747 3221 habuerit
2791 3166 3019 3236 gratiam
3053 3166 3138 3221 vel
3186 3182 3523 3223 mensuram.
3571 3168 3678 3223 Sed

2104 3262 2159 3309 et
2184 3253 2306 3309 vita:
2336 3252 2623 3308 austeritas
2666 3253 2916 3324 rigorque
2965 3254 3159 3309 mentis
3187 3254 3318 3310 Elite
3359 3263 3415 3311 et
3459 3253 3681 3311 Joannis

2105 3345 2258 3416 paria
2306 3343 2510 3417 [pares]
2557 3353 2684 3400 sunt
2738 3362 2751 3398 :
2820 3345 2909 3400 ille
2975 3345 3029 3399 in
3094 3360 3296 3411 eremo,
3349 3357 3405 3401 et
3474 3349 3575 3401 iste
3620 3348 3679 3401 in

2103 3451 2318 3502 eremo;
2345 3436 2432 3491 ille
2463 3451 2598 3491 zona
2644 3436 2868 3506 pellicea
2901 3436 3237 3504 cingebatur,
3269 3445 3325 3491 et
3358 3436 3461 3492 iste
3504 3437 3682 3491 simile

2106 3526 2295 3581 habuit
2348 3524 2644 3596 cingulum.
2698 3523 2790 3579 llle
2836 3525 3091 3593 quoniam
3154 3538 3333 3594 regem
3381 3524 3569 3579 Achab
3623 3534 3683 3578 et

2104 3615 2404 3673 Jesabelem
2432 3615 2723 3687 impietatis
2746 3615 2952 3685 arguit,
2987 3614 3173 3686 fugere
3221 3615 3530 3685 compulsus
3556 3623 3675 3679 est;

2106 3704 2211 3760 iste
2257 3704 2384 3774 quia
2430 3703 2659 3760 Herodis
2711 3711 2767 3757 et
2820 3703 3141 3760 Herodiadis
3197 3704 3411 3760 illicitas
3465 3704 3680 3775 nuptias

2105 3794 2303 3865 arguit,
2330 3793 2503 3864 capite
2538 3802 2834 3849 truncatur.
2866 3792 3003 3849 Sunt
3023 3793 3241 3863 quidam
3264 3795 3358 3865 qui
3385 3802 3674 3864 propterea

2105 3883 2364 3940 Joannem
2386 3885 2558 3939 Eliam
2580 3884 2759 3940 vocari
2776 3893 2981 3955 putent,
3006 3886 3273 3954 quomodo
3300 3886 3354 3939 in
3380 3884 3682 3940 Salvatoris

2106 3978 2341 4031 adventu
2397 3978 2672 4043 secundo,
2715 3975 2867 4046 juxta
2919 3977 3232 4033 Malachiam
3265 3976 3525 4049 (Halaeh.
3573 3976 3681 4045 ιι),

2105 4082 2469 4139 praecessurus
2519 4076 2604 4123 est
2647 4068 2816 4133 Elias,
2848 4075 2903 4123 et
2927 4076 3215 4124 venturum
3256 4067 3494 4137 iudicem
3546 4084 3683 4122 nun-

2107 4157 2365 4223 tiaturus;
2397 4156 2476 4212 sic
2513 4156 2748 4212 Joannes
2773 4157 2826 4211 in
2875 4158 3051 4227 primo
3087 4158 3321 4212 adventu
3363 4156 3587 4222 fecerit;
3624 4164 3683 4212 et

2106 4256 2335 4318 uterque
2360 4248 2430 4303 sit
2454 4247 2677 4303 nuntius
2705 4247 2788 4302 vel
2829 4247 2991 4319 primi
3045 4247 3307 4303 adventus
3335 4246 3572 4312 Domini,
3597 4245 3683 4301 vel

2109 4336 2353 4392 secundi.
2998 4397 3017 4409 κ

2179 4431 2278 4485 Cui
2305 4440 2478 4485 autem
2516 4430 2735 4485 similent
2776 4432 3044 4485 wstimabo
3073 4432 3452 4502 generationem
3486 4432 3685 4487 istam?

2108 4520 2309 4576 Similis
2333 4532 2406 4575 est
2432 4520 2607 4591 pueris
2646 4520 2941 4575 sedentibus
2978 4523 3031 4575 in
3074 4521 3189 4591 foro
3209 4562 3224 4587 ,
3251 4523 3342 4593 qui
3394 4522 3682 4595 clamantes

2107 4608 2459 4681 coa’qualibus
2482 4610 2660 4664 dicunt
2682 4623 2701 4660 :
2730 4607 3021 4664 Cecinimus
3043 4610 3201 4675 vobis,
3222 4620 3394 4665 etnon
3414 4610 3647 4665 sanasti:
3660 4629 3682 4675 ,-

2108 4702 2501 4757 lamentavimus
2528 4742 2543 4769 ,
2583 4713 2632 4756 et
2686 4718 2790 4755 non
2838 4701 3133 4773 planxistis.
3170 4699 3350 4774 (Δίῳ.)
3392 4702 3681 4757 Generatio

2106 4791 2413 4849 Judaeorum
2453 4799 2800 4863 comparatur
2846 4791 3031 4860 pueris
3076 4791 3383 4847 sedentibus
3410 4791 3468 4845 in
3520 4790 3677 4845 foro:

2106 4882 2233 4953 quia
2257 4881 2507 4938 doctores
2528 4881 2656 4937 olim
2679 4889 2734 4936 et
2752 4881 3044 4951 prophetas
3069 4880 3465 4950 accipiebat,de
3487 4881 3681 4949 quibus

2106 4971 2303 5026 dicitur
2331 4990 2344 5025 :
2374 4970 2462 5025 Ex
2499 4986 2589 5025 ore
2631 4970 2916 5040 infantium
2963 4981 3011 5025 et
3063 4970 3362 5026 lactentium
3420 4971 3677 5041 perfecistt

2104 5059 2311 5114 laudem
2343 5056 2512 5129 (Psal.
2565 5057 2723 5130 vin);
2757 5067 2812 5114 et
2841 5059 2968 5115 alibi
2998 5078 3012 5113 :
3041 5059 3341 5114 Declaratio
3384 5075 3679 5114 mortem

2107 5159 2315 5205 tuorum
2344 5149 2609 5205 illuminat
2632 5163 2738 5216 me,
2755 5158 2804 5202 et
2832 5148 3143 5203 intellectum
3159 5149 3249 5202 dat
3262 5144 3678 5218 parvulislPsal.

2107 5240 2303 5313 cxvm)
2332 5282 2346 5306 ,
2382 5234 2437 5295 id
2490 5248 2593 5305 est,
2647 5238 2940 5294 humilibus
2989 5238 3201 5309 spiritu.
3252 5236 3453 5291 Forum
3501 5244 3679 5290 autem

2107 5332 2444 5386 Dominicum
2474 5329 2561 5385 vel
2586 5328 2869 5400 Synagoga
2893 5328 2981 5383 vel
3018 5328 3131 5398 ipsa
3160 5336 3243 5383 est
3270 5326 3594 5390 Jerusalem,
3625 5325 3679 5379 in

2106 5434 2210 5489 qua
2260 5425 2651 5489 praeceptorum
2701 5416 3004 5472 caelestium
3049 5415 3173 5485 jura
3222 5414 3675 5472 recondebantur.

2104 5508 2197 5563 ubi
2255 5508 2322 5562 ad
2374 5507 2603 5561 invicem
2659 5504 2817 5573 juxta
2876 5503 3101 5569 Lucam,
3148 5504 3261 5559 sive
3311 5503 3470 5573 juxta
3540 5502 3681 5557 hunc

2109 5597 2437 5663 Matthaeum,
2471 5598 2536 5652 ad
2587 5595 2890 5664 coaequales
2938 5611 3065 5650 suos
3125 5594 3485 5666 loquebantur
3513 5611 3527 5647 :
3555 5592 3681 5662 quia
