3978 6190
465 346 572 404 915

1116 351 1178 404 υ.
1219 351 1469 406 ιιςωλκι
1507 351 1728 408 usum
1763 350 2082 407 AnClllEP.
2122 350 2430 406 uocum.
2469 314 2755 408 omnum
2792 351 2973 408 PARS
3003 351 3045 406 ι.

3615 361 3732 414 θιῡ

459 477 674 536 quoque
697 465 826 520 urbs
861 473 941 519 est
978 462 1250 520 thnicis
1295 465 1554 535 insignis.
1596 464 1724 521 olim
1776 464 2036 520 terminus
2064 470 2111 528 Α
2140 462 2408 537 (Ηὲενοη.)
2431 464 2764 522 Blandientis
2786 464 2986 522 εσωω
3015 465 3257 539 loquitur
3289 468 3357 522 ad
3394 467 3636 538 Patrem,
3665 484 3734 529 ut

458 555 916 617 Chananzeorum,
965 555 1031 610 ad
1057 556 1361 626 aquilonem
1391 557 1709 628 respiciens,
1765 565 1823 611 et
1847 565 2034 627 postea

456 647 695 722 regionis
750 644 963 705 Judmaa.
1014 646 1224 703 Cecidit
1274 658 1457 703 autem
1509 649 1563 703 in
1615 658 1818 705 sortem
1860 649 2034 704 tribus

455 738 613 805 Aser,
636 737 731 793 sed
762 752 869 792 non
899 753 1019 793 eam
1043 737 1300 808 possedit,
1327 740 1451 810 quia
1480 741 1665 796 hostes
1690 752 2032 810 nequaquam

457 827 624 883 valuit
637 828 925 899 expellere.
943 828 1371 899 lnterpretantur
1388 840 1569 885 autem
1582 831 1755 902 Tyrus
1766 831 2030 901 angustia,

456 929 511 976 et
541 918 707 976 Sidon
736 920 960 985 venatio,
990 927 1044 973 et
1076 919 1382 991 signiﬁcant
1410 929 1597 990 gentes
1633 936 1770 991 quas
1809 929 2033 975 venator

456 1009 702 1066 diabolus
751 1010 806 1065 in
868 1010 1114 1081 angustia
1172 1011 1379 1080 peccati
1440 1011 1888 1079 comprehendit,
1938 1009 2033 1065 sed

456 1100 708 1155 Salvator
729 1101 888 1156 Jesus
913 1116 1011 1171 per
1035 1100 1383 1171 Evangelium
1412 1099 1674 1156 absolvit.

524 1190 595 1244 Et
644 1200 721 1254 tu,
768 1188 1174 1260 Capharnaum,
1223 1189 1456 1260 nunquid
1513 1205 1675 1260 usque
1722 1188 1792 1242 ad
1849 1188 2032 1241 caelum

453 1280 812 1334 exaltaberis?
854 1297 926 1333 an
976 1296 1137 1351 usque
1174 1282 1229 1334 in
1290 1280 1553 1348 infernum
1607 1278 1925 1334 descendes?
1975 1278 2033 1332 In

453 1370 625 1426 altero
678 1371 975 1442 exemplari
1031 1373 1331 1443 reperimus
1368 1390 1381 1426 :
1413 1371 1481 1425 Et
1528 1382 1607 1437 tu,
1634 1370 2032 1442 Capharnaum,

453 1479 571 1533 qua:
595 1478 757 1534 usque
800 1462 869 1517 ad
912 1462 1096 1517 celem
1147 1462 1380 1517 exaltata
1405 1479 1480 1529 es,
1504 1478 1665 1533 usque
1706 1461 1775 1515 ad
1827 1460 2033 1531 inferna

453 1552 784 1609 descendisti.
813 1553 882 1607 Et
906 1561 993 1608 est
1028 1552 1225 1622 duplex
1276 1551 1664 1623 intelligentia:
1690 1551 1775 1606 vel
1801 1551 1919 1605 ideo
1964 1548 2033 1603 ad

452 1640 665 1698 inferna
695 1641 1014 1708 descendas,
1036 1642 1163 1711 quia
1184 1648 1371 1696 contra
1393 1639 1833 1710 praedicationem
1857 1652 2032 1692 meam

453 1731 840 1801 superbissime
888 1732 1170 1798 restitisti,
1222 1732 1302 1787 vel
1352 1732 1472 1787 ideo
1515 1732 1642 1801 quia
1691 1730 1927 1787 exaltata
1974 1744 2034 1785 es

2134 563 2369 624 emptum
2400 556 2453 610 in
2493 557 2763 626 apostolos
2785 558 3112 614 beneﬁcium
3135 558 3493 630 compleatur.
3520 561 3735 636 (Greg.)

2135 641 2231 698 His
2251 642 2461 699 Domini
2487 644 2668 700 verbis
2694 647 2942 718 exempla
2972 647 3293 704 humilitatis
3328 651 3626 722 accipimus
3653 669 3734 709 ne

2137 739 2343 788 temere
2367 734 2638 790 discutere
2667 750 2902 806 superna
2937 739 3165 794 consilia
3195 739 3261 795 de
3290 740 3522 797 aliorum
3561 758 3733 800 voca-

2134 823 2280 879 tione
2303 824 2599 881 aliorumve
2625 826 2933 898 repulsionc
2959 843 3371 897 prtesumamus.
3415 829 3549 888 Cum
3576 835 3734 891 enim

2134 914 2405 971 intulisset
2456 925 2771 987 utrumque,
2825 936 2932 975 non
2981 936 3109 976 mox
3142 924 3415 979 rationem
3462 926 3726 994 reddidit,

2134 1005 2230 1060 sed
2254 1006 2332 1061 sic
2373 1005 2485 1061 Deo
2509 1004 2767 1078 placitum
2794 1009 2929 1065 dixit
2955 1025 2969 1065 :
3015 1012 3118 1068 hoc
3146 1013 3733 1091 videlicet'ostendens

2133 1099 2258 1169 quia
2286 1099 2543 1170 injustam
2588 1115 2713 1157 esse
2762 1118 2870 1158 non
2898 1112 3080 1175 potest
3124 1106 3268 1177 quod
3321 1107 3523 1177 placuit
3554 1107 3727 1179 justo.

2138 1186 2290 1243 Unde
2319 1197 2375 1244 et
2412 1188 2466 1243 in
2492 1189 2651 1244 vinea
2700 1193 3009 1247 mercedem
3054 1193 3419 1252 laborantibus
3466 1200 3729 1267 reddens,

2135 1294 2257 1333 cum
2282 1280 2544 1349 quosdam
2571 1283 2849 1352 operarios
2878 1283 3171 1353 inmqualcs
3199 1285 3253 1340 in
3278 1302 3445 1359 opere
3484 1300 3730 1359 aequaret

2136 1369 2189 1423 in
2212 1369 2452 1439 przetnio,
2482 1377 2539 1424 et
2580 1369 2700 1440 plus
2751 1370 2804 1427 in
2854 1372 3106 1427 mercede
3132 1382 3407 1444 quaereret
3434 1377 3528 1446 qui
3556 1376 3728 1431 labori

2136 1458 2365 1529 amplius
2408 1459 2735 1522 insudasset,
2771 1462 2885 1516 ait:
2940 1462 3129 1518 Nonne
3167 1480 3233 1518 ea:
3273 1465 3494 1520 denario
3542 1485 3728 1523 conve-

2136 1548 2260 1602 nisti
2283 1565 2480 1603 mecum
2508 1550 2534 1602 ?
2552 1548 2665 1603 volo
2693 1560 2867 1605 autem
2891 1561 2939 1606 et
2968 1552 3089 1607 huic
3120 1554 3403 1609 novissimo
3442 1556 3572 1610 dare
3593 1558 3726 1611 sicut

2135 1650 2183 1693 et
2202 1640 2317 1694 tibi.
2344 1640 2447 1694 Aut
2480 1657 2585 1694 non
2608 1640 2726 1694 licet
2754 1642 2883 1695 mitti
2918 1642 3059 1713 quod
3098 1643 3212 1698 volo
3247 1644 3423 1713 facere
3445 1646 3471 1700 ?
3509 1644 3721 1717 (Matth.

2137 1731 2252 1804 xx).
2273 1732 2331 1786 ln
2369 1733 2577 1788 cunctis
2600 1747 2728 1806 ergo
2751 1747 2871 1803 quas
2891 1734 3134 1790 exterius
3158 1735 3520 1805 disponuntur
3542 1746 3725 1806 aperte

456 1837 625 1892 usque
644 1823 714 1878 ad
742 1822 940 1878 cmlum
962 1836 1084 1877 meo
1108 1822 1343 1893 hospitio
1366 1831 1420 1877 et
1447 1824 1583 1877 meis
1605 1824 1794 1891 signis,
1824 1830 2030 1876 tantum
2062 1835 2109 1894 Β
2136 1837 2298 1877 causa
2322 1822 2548 1878 rationis
2584 1832 2689 1890 est,
2718 1822 2941 1879 occultae
2956 1822 3169 1893 justitia
3200 1825 3513 1881 voluntatis.

457 1918 660 1975 habens
682 1916 1021 1988 privilegium
1047 1957 1063 1983 ,
1090 1915 1389 1985 majoribus
1435 1917 1688 1987 plecteris
1731 1916 2030 1986 suppliciis,

455 2005 595 2077 quod
630 2006 717 2062 his
745 2020 960 2075 quoque
985 2005 1208 2061 credere
1257 2006 1498 2061 noluisti.
1548 2006 1607 2060 In
1652 2004 2030 2075 Capharnaum

455 2104 657 2162 autem,
700 2110 820 2166 qua:
867 2096 1258 2166 interpretatur
1305 2095 1429 2150 villa
1471 2096 1847 2169 pulcherrima,
1899 2111 2029 2151 con-

455 2188 740 2263 demnatur
785 2186 1062 2242 incredula
1127 2185 1463 2242 Hierusalem
1493 2228 1508 2252 ,
1553 2186 1640 2243 cui
1688 2187 1888 2243 dicitur
1934 2201 2033 2257 per

452 2277 790 2334 Ezechielem
816 2295 830 2332 :
859 2276 1162 2346 Justiﬁcata
1185 2286 1259 2331 est
1285 2276 1540 2343 Sodoma,
1564 2293 1715 2331 soror
1732 2286 1846 2344 tua,
1869 2292 1934 2332 ea:
1957 2285 2025 2331 te.

453 2369 669 2443 (Ezech.
693 2367 826 2440 ιη).
859 2367 1010 2425 Unde
1038 2377 1095 2424 et
1120 2376 1516 2438 consequenter
1537 2367 1784 2423 subditur
1812 2385 1826 2421 :

523 2458 662 2526 Quia
701 2459 749 2513 si
800 2459 855 2512 in
903 2457 1148 2531 Sodomis
1199 2457 1355 2527 {astte
1412 2457 1637 2527 fuissent
1676 2457 1889 2511 virtutes
1912 2473 2028 2527 ante

455 2551 610 2621 {astte
631 2559 753 2606 sunt
777 2551 832 2604 in
861 2559 929 2614 te,
956 2549 1090 2620 forte
1112 2550 1420 2611 mansissent
1438 2550 1493 2606 in
1522 2549 1661 2602 hunc
1683 2564 1844 2619 usque
1865 2548 2024 2602 diem.

452 2640 742 2712 (Mannum)
774 2638 994 2695 Minoris
1016 2654 1144 2712 ergo
1190 2638 1465 2710 injustitiae
1512 2636 1745 2692 Sodoma
1790 2645 1844 2693 et
1873 2636 2026 2707 quasi

448 2734 591 2802 iusta
616 2747 741 2788 esse
770 2731 968 2787 dicitur
997 2730 1051 2784 in
1075 2730 1480 2800 comparatione
1500 2728 1729 2800 majoris
1749 2726 2027 2796 injustitiae

453 2823 809 2887 Hierusalem,
838 2837 961 2877 cum
992 2820 1082 2876 illa
1108 2820 1371 2890 exemplis
1400 2819 1499 2875 Lot
1522 2835 1627 2874 non
1659 2819 1819 2873 fuerit
1846 2829 2028 2873 corre-

452 2924 559 2979 cta,
591 2922 647 2968 et
670 2914 775 2968 ista
814 2911 935 2966 Filii
984 2911 1080 2966 Dei
1138 2911 1318 2966 verbis
1378 2917 1435 2965 et
1479 2909 1758 2965 miraculis
1810 2924 2026 2979 semper

450 3003 722 3059 exstiterit
754 3002 983 3073 ingrata.
1012 2999 1124 3055 lmo
1156 3000 1450 3070 prophetas
1479 3013 1580 3053 nec
1608 3014 1716 3053 non
1765 3006 1819 3052 et
1846 2998 2025 3069 ipsum

453 3091 792 3147 Salvatorem
847 3090 1083 3155 occidit,
1140 3098 1197 3144 et
1249 3087 1522 3158 apostolos
1569 3085 1688 3154 ejus
1737 3095 2022 3157 persecuta

451 3190 554 3238 est.

530 3268 900 3327 Verumtamen
947 3269 1065 3323 dico
1116 3268 1256 3323 vobis
1291 3268 1417 3339 quia
1472 3277 1626 3321 terra:
1680 3260 2027 3322 Sodomorum

452 3361 721 3417 remissius
745 3361 841 3417 erit
871 3376 1028 3433 quam
1059 3359 1172 3415 tibi.
1202 3358 1504 3413 Remissior
1543 3373 1673 3428 ergo
1705 3370 1893 3412 eorum
1924 3357 2031 3411 erit

453 3468 633 3524 poena,
655 3467 887 3523 quorum
932 3452 1107 3506 minor
1147 3458 1232 3506 est
1270 3450 1457 3520 culpa;
1487 3459 1541 3505 et
1588 3450 1642 3504 in
1688 3465 1782 3505 eos
1837 3449 2030 3505 fortior

452 3544 769 3615 procederet
797 3543 1052 3610 vindicta,
1081 3557 1311 3612 quorum
1341 3540 1514 3611 major
1542 3548 1626 3597 est
1653 3548 1810 3595 noxa.

525 3654 657 3730 [ιιι]
694 3654 764 3710 1η
787 3655 878 3710 illo
906 3665 1134 3726 tempore
1161 3654 1476 3725 respondens
1500 3654 1657 3709 Iesus
1686 3654 1818 3708 dicit
1848 3667 1867 3706 :
1892 3617 2029 3708 (ion-

451 3749 602 3817 ﬁteor
622 3745 736 3812 tibi,
760 3744 942 3811 Pater,
968 3744 1189 3800 Domine
1209 3742 1323 3800 coeli
1347 3752 1395 3800 et
1424 3754 1595 3800 terra'.
1619 3743 1901 3800 Confessio
1921 3760 2028 3801 non

453 3851 667 3908 semper
715 3835 1111 3906 penitentiam,
1143 3835 1238 3891 sed
1286 3842 1344 3890 et
1400 3836 1702 3905 gratiarum
1756 3836 2028 3892 actionem

2209 1910 2400 1968 Omnia
2429 1915 2558 1969 mihi
2598 1914 2794 1969 tradita
2833 1926 2954 1970 sunt
2981 1932 3014 1969 a
3056 1915 3220 1971 Patre
3245 1933 3379 1972 meo.
3415 1918 3484 1972 Et
3510 1919 3722 1973 traden-

2136 2013 2243 2059 tem
2269 2004 2507 2070 Patrem,
2548 2010 2605 2058 et
2633 2003 2985 2073 accipientem
3030 2004 3249 2071 Filium,
3299 2008 3530 2079 mystice
3565 2010 3717 2064 intel-

2130 2090 2256 2164 lige.
2286 2093 2562 2164 Alioquin,
2585 2094 2633 2148 si
2672 2091 2829 2162 juxta
2874 2092 3220 2165 fragilitatem
3250 2105 3495 2151 nostram
3525 2100 3722 2153 sentire

2132 2186 2397 2249 volumus,
2432 2201 2554 2241 cum
2584 2178 2809 2256 cce'perit
2842 2186 3045 2242 habere
3094 2187 3188 2257 qui
3234 2187 3454 2259 accipit,
3504 2189 3720 2259 incipiet

2133 2294 2240 2333 non
2267 2277 2467 2334 habere
2512 2278 2603 2348 qui
2634 2278 2861 2333 dederit.
2907 2277 3041 2333 Cum
3084 2280 3261 2334 omnia
3292 2279 3448 2352 legis,
3480 2283 3722 2353 omnipo-

2135 2378 2335 2425 tentem
2386 2369 2658 2441 agnoscis,
2713 2385 2820 2424 non
2857 2369 3180 2436 decolorem,
3236 2385 3344 2425 non
3397 2371 3718 2441 degenerem

2129 2459 2317 2526 Patri;
2344 2475 2466 2516 cum
2512 2459 2710 2513 tradita
2753 2459 2910 2531 legis,
2956 2459 3152 2515 Filium
3177 2459 3475 2524 conﬁteris,
3513 2463 3597 2517 eui
3625 2477 3719 2532 per

2130 2557 2379 2604 naturam
2404 2549 2583 2604 omnia
2611 2549 2770 2604 unius
2818 2547 3134 2604 substantiae
3172 2548 3298 2620 jure
3325 2558 3453 2604 sunt
3479 2553 3714 2621 propria,

2129 2658 2237 2698 non
2264 2643 2405 2698 dono
2430 2641 2624 2697 collata
2675 2655 2774 2711 per
2822 2640 3076 2712 gratiam.
3125 2641 3346 2696 Tradita
3396 2650 3577 2697 autem
3617 2644 3717 2699 sibi

2129 2735 2328 2801 omnia,
2360 2750 2467 2790 non
2490 2733 2711 2800 caelum,
2736 2742 2792 2788 et
2814 2744 2982 2800 terra,
3008 2742 3066 2788 et
3082 2733 3348 2789 elementa
3377 2734 3715 2806 intelligenda

2128 2834 2273 2890 sunt,
2301 2833 2356 2879 et
2375 2832 2573 2880 caetera
2600 2838 2721 2894 qua:
2744 2824 2858 2894 ipse
2885 2821 3017 2878 fecit
3035 2831 3091 2879 et
3115 2823 3380 2889 condidit,
3422 2825 3520 2880 sed
3546 2826 3599 2879 hi
3625 2825 3715 2895 qui

2126 2931 2225 2986 per
2252 2916 2443 2971 Filium
2491 2931 2769 2972 accessum
2799 2917 3003 2973 habent
3026 2918 3096 2972 ad
3141 2916 3380 2985 Patrem,
3404 2928 3462 2974 et
3488 2928 3611 2975 ante
3634 2935 3716 2975 ne-

2125 3006 2314 3072 belles,
2343 3006 2510 3062 Deum
2538 3016 2726 3078 postea
2749 3008 2953 3063 sentire
2968 3015 3275 3078 coeperunt.

2199 3100 2425 3172 (Hilar.)
2455 3100 2674 3155 Tradita
2697 3109 2877 3156 autem
2902 3116 3009 3156 non
3037 3100 3141 3155 alia
3166 3108 3295 3155 sunt
3317 3116 3488 3171 quam
3512 3118 3631 3173 quae
3655 3103 3708 3159 in

2054 3183 2100 3246 C
2130 3190 2268 3247 Filio
2290 3190 2388 3247 soli
2411 3199 2538 3246 nota
2580 3199 2706 3247 sunt
2732 3191 2884 3246 Patri
2909 3208 2923 3257 ;
2976 3200 3103 3246 nota
3127 3206 3261 3247 vero
3280 3190 3445 3248 ,Filio
3472 3193 3573 3248 soli
3596 3207 3713 3249 esse

2129 3295 2250 3352 quae
2274 3279 2453 3336 Patris
2477 3288 2640 3336 sunt:
2669 3288 2832 3350 atque
2860 3279 2937 3334 ita
2962 3279 3019 3335 in
3048 3280 3154 3335 hoc
3177 3287 3378 3336 mutua:
3397 3282 3714 3351 cognitionis

2128 3378 2339 3426 secreto
2364 3369 2679 3441 intelligitur
2718 3383 2827 3424 non
2864 3367 3009 3424 aliud
3049 3368 3106 3423 in
3131 3367 3269 3424 Filio
3293 3383 3458 3440 quam
3483 3370 3541 3425 in
3561 3370 3714 3428 Patre

2130 3459 2435 3529 ignorabile
2461 3459 2755 3515 exstitisse.

2199 3549 2265 3605 Et
2297 3567 2447 3606 nemo
2472 3552 2609 3606 nouit
2653 3549 2855 3605 Filium
2900 3551 3003 3607 nisi
3050 3549 3252 3618 Pater;
3303 3569 3465 3624 neque
3504 3551 3712 3608 Patrem

2126 3646 2243 3716 quis
2267 3646 2405 3700 novit
2436 3645 2537 3698 nisi
2566 3642 2763 3711 Filius,
2793 3655 2843 3700 et
2867 3646 2954 3700 cui
2995 3644 3217 3701 voluerit
3262 3644 3437 3703 Filius
3464 3648 3707 3715 reuelare.

2126 3732 2246 3791 Non
2277 3736 2350 3790 ita
2393 3734 2799 3807 intelligendum
2825 3744 2911 3793 est
2936 3737 3093 3808 quasi
3114 3736 3288 3793 Filius
3309 3753 3341 3793 a
3375 3737 3527 3794 nullo
3549 3738 3713 3809 possit

2124 3828 2254 3883 sciri
2284 3828 2388 3883 nisi
2413 3843 2446 3883 a
2469 3827 2629 3884 Patre
2657 3830 2793 3895 solo,
2826 3829 2996 3899 Pater
3021 3840 3203 3887 autem
3226 3849 3334 3888 non
3374 3832 3548 3889 solum
3576 3849 3606 3888 a
3629 3832 3711 3888 Fi—

453 3928 741 3998 signiﬁcat,
762 3938 822 3984 ut
848 3928 904 3984 in
934 3928 1163 3984 Psalmis
1188 3928 1489 3999 saepissime
1511 3928 1759 3998 legimus.
1790 3928 2029 3985 Audiant
2122 3918 2219 3985 lio.
2251 3920 2347 3976 sed
2385 3920 2549 3976 etiam
2575 3920 2645 3975 ab
2669 3921 2748 3976 eis
2789 3922 2986 3993 quibus
3013 3922 3340 3979 revelaverit
3387 3924 3597 3981 Filius:
3624 3924 3711 3980 sed

453 4020 546 4090 qui
569 4019 908 4076 Salvatorem
939 4033 1049 4075 non
1077 4028 1265 4075 natum
1292 4019 1387 4075 sed
1417 4029 1661 4075 creatum
1690 4018 2028 4075 calumnian-

454 4123 559 4178 tur,
583 4111 728 4182 quod
756 4110 975 4168 Patrem
998 4126 1153 4167 suum
1179 4119 1357 4179 vocet,
1381 4111 1505 4169 caeli
1531 4120 1711 4168 autem
1740 4112 2028 4168 Dominum

432 4214 508 4259 ‘et
533 4213 710 4260 terrm.
743 4202 803 4258 Si
824 4202 967 4258 enim
997 4212 1055 4259 et
1083 4203 1199 4274 ipse
1245 4211 1496 4261 creatura
1538 4211 1646 4270 est,
1675 4212 1733 4260 et
1778 4211 2029 4260 creatura

417 4296 788 4366 ,ronditorem
814 4309 972 4351 suum
997 4294 1216 4352 Patrem
1245 4294 1496 4352 similiter
1528 4295 1799 4367 appellare
1825 4302 2025 4366 potest,

453 4386 677 4443 stultum
701 4384 802 4441 fuit
824 4401 932 4443 non
976 4394 1039 4443 et
1059 4387 1141 4443 sui
1171 4395 1227 4443 et
1251 4387 1397 4455 cmli,
1427 4396 1484 4444 et
1533 4398 1693 4445 terra:
1737 4387 2026 4443 Dominum

446 4475 536 4530 vel
568 4474 785 4530 Patrem
808 4474 1057 4531 similiter
1082 4474 1372 4546 appellare.

2124 4011 2194 4065 ad
2228 4018 2519 4080 utrumque
2546 4010 2887 4068 referendum
2936 4022 3022 4068 est
3061 4013 3204 4083 quod
3241 4014 3358 4070 ait:
3395 4014 3465 4073 Et
3493 4016 3581 4070 cui
3626 4032 3709 4069 oo-

2127 4101 2283 4165 luerit
2315 4099 2489 4156 Filius
2518 4101 2764 4168 revelare,
2813 4111 2874 4157 ut
2899 4111 2955 4159 et
3004 4102 3220 4160 Patrem
3271 4104 3636 4176 intelligamus
3659 4113 3713 4160 et

2128 4191 2302 4262 ipsum
2340 4190 2535 4247 Filium
2580 4206 2677 4263 per
2720 4191 2917 4247 Filium
2966 4193 3234 4249 revelari:
3293 4194 3422 4265 quia
3467 4195 3585 4265 ipse
3629 4201 3711 4249 est

2126 4283 2323 4338 mentis
2346 4290 2547 4339 nostra:
2580 4282 2784 4339 lumen.
2818 4282 2996 4341 Verbo
3034 4285 3181 4341 enim
3218 4299 3318 4341 suo
3345 4300 3404 4342 se
3431 4284 3596 4341 Pater
3619 4287 3710 4341 dc-

2125 4374 2322 4441 clarat,
2343 4375 2589 4430 Verbum
2615 4385 2797 4431 autem
2839 4391 2947 4431 non
2992 4376 3166 4432 solum
3190 4377 3246 4433 id
3268 4376 3415 4448 quod
3448 4391 3547 4448 per
3579 4378 3708 4433 Ver-

2125 4464 2253 4519 bum
2279 4463 2602 4528 declaratur,
2633 4465 2728 4527 sed
2749 4464 2913 4520 etiam
2947 4466 3180 4536 seipsum
3218 4465 3475 4523 declarat.
3510 4466 3712 4524 Erube

521 4564 661 4632 Quia
686 4563 1006 4620 abscondis“
1019 4528 1141 4622 ha;
1153 4528 1473 4635 :apiemibug
1502 4575 1550 4619 et
1578 4564 1942 4635 prudentibus,
1972 4572 2021 4618 et
2047 4528 2101 4588 Β
2126 4562 2243 4609 δοίη
2271 4553 2588 4621 Eunomius,
2619 4564 2821 4611 tantam
2869 4556 2970 4611 Sibi
2996 4556 3242 4611 notitiam
3273 4555 3453 4612 Patris
3489 4565 3544 4612 et
3568 4556 3706 4621 Filii,

451 4653 692 4710 revelasti
718 4669 780 4709 ea
804 4653 1057 4724 parvulis.
1085 4651 1302 4709 Gratias
1319 4654 1431 4724 agit
1451 4662 1506 4709 et
1526 4652 1760 4710 exsultat
1783 4653 1840 4709 in
1860 4652 2023 4708 Patre

448 4743 592 4813 quod
625 4741 885 4813 apostolis
923 4742 1183 4798 adventus
1211 4742 1294 4797 sui
1344 4742 1617 4812 aperuerit
1657 4751 2020 4809 sacramenta,

447 4847 567 4901 quae
610 4833 997 4905 ignoraverunt
1040 4833 1234 4890 scribae
1285 4843 1343 4889 et
1405 4833 1706 4902 Pharisaei,
1762 4836 1856 4907 qui
1917 4837 2020 4894 sibi

444 4923 720 4994 sapientes
746 4921 997 4979 videntur
1019 4931 1074 4980 et
1116 4914 1172 4980 in
1218 4934 1513 4996 conspectu
1553 4940 1651 4981 suo
1704 4927 2017 4996 prudentes.

441 5012 747 5085 Justiﬁcata
773 5014 1034 5085 sapientia
1061 5031 1094 5069 a
1120 5014 1247 5085 ﬁliis
1272 5016 1402 5071 suis.
1428 5014 1530 5071 Ubi
1554 5015 1780 5085 pulchre
1799 5017 2018 5088 sapien-

445 5104 589 5158 tibus
615 5112 672 5159 et
696 5101 1051 5175 prudentibus
1072 5117 1180 5160 non
1205 5104 1523 5176 insipientes
1552 5111 1607 5160 et
1633 5104 1879 5171 hebetes,
1924 5108 2020 5163 sed

445 5195 717 5263 parvulos,
742 5196 793 5251 id
833 5205 917 5253 est
960 5197 1214 5263 humiles,
1237 5198 1509 5270 opposuit,
1545 5207 1605 5253 ut
1654 5199 1913 5271 probaret
1960 5214 2020 5255 se

430 5296 715 5365 tumorem,
737 5287 1024 5344 damnasse
1046 5304 1153 5346 non
1178 5304 1403 5344 acumen
1435 5307 1448 5343 :
1480 5289 1607 5359 quia
1632 5289 1749 5345 haec
1794 5298 1879 5346 est
1902 5272 2016 5346 cla;

442 5378 526 5433 vis
548 5376 617 5433 de
643 5392 752 5449 qua
779 5377 907 5433 alibi
932 5378 1064 5434 dicit
1094 5396 1106 5432 :
1143 5376 1356 5432 Tulistis
1377 5376 1574 5432 clauem
1602 5378 1833 5432 scientia:
1861 5376 2013 5450 (Luc.

442 5468 544 5541 tu),
572 5468 626 5523 id
652 5476 754 5534 est,
779 5467 1143 5524 humilitatem
1181 5466 1303 5522 ﬁdei
1327 5465 1552 5532 Christi,
1582 5483 1689 5539 qua
1732 5466 1800 5522 ad
1825 5467 2017 5525 divini-

443 5558 574 5629 tatis
593 5558 711 5630 ejus
756 5559 1088 5631 agnitionem
1125 5558 1411 5629 pervenire
1448 5560 1730 5629 poteratis,
1755 5576 2016 5633 spernen-

446 5654 552 5712 tes,
576 5648 815 5719 abjicere
848 5647 1136 5704 maluistis.

516 5730 625 5801 Ita,
672 5733 854 5803 Pater,
906 5738 1153 5807 quoniam
1199 5726 1295 5795 sic
1329 5739 1426 5811 fuit
1478 5738 1730 5812 placitum
1780 5753 1898 5797 ante
1947 5752 2013 5798 te.

2125 4650 2382 4711 quantam
2416 4641 2737 4697 alterutrum
2768 4642 2910 4698 inter
2934 4658 2994 4699 se
3034 4643 3255 4710 habent,
3290 4641 3528 4713 jactans.
3557 4644 3709 4712 Quod

2126 4733 2173 4789 si
2202 4733 2326 4789 inde
2352 4733 2631 4790 contendit
2653 4742 2711 4789 et
2734 4749 2891 4790 suam
2933 4734 3243 4790 consolatur
3277 4734 3545 4790 insaniam
3585 4737 3707 4806 quia

2124 4826 2404 4896 sequitur:
2438 4824 2507 4879 Et
2542 4826 2628 4880 cui
2658 4823 2875 4882 uoluerit
2925 4823 3101 4881 Filius
3144 4824 3391 4889 revelare,
3442 4825 3589 4881 aliud
3628 4835 3707 4881 est

2116 4924 2331 4991 natura:
2359 4915 2664 4988 aequalitate
2702 4930 2864 4991 nosse
2901 4916 3045 4987 quod
3082 4923 3327 4982 noverat,
3369 4914 3518 4970 aliud
3559 4928 3707 4971 reve-

2126 5005 2290 5062 lantis
2316 5005 2652 5077 dignatione.

2198 5097 2335 5171 [ιν]
2370 5095 2549 5152 Venite
2575 5098 2645 5151 ad
2672 5113 2773 5163 me,
2813 5112 2988 5151 omnes
3013 5095 3103 5168 qui
3140 5093 3392 5149 laboratis
3431 5103 3482 5149 et
3509 5091 3706 5148 onerati

2122 5192 2265 5255 estis,
2293 5200 2341 5244 et
2379 5206 2471 5261 ego
2498 5189 2727 5258 reﬁciam
2770 5205 2878 5244 vos.
2928 5187 3125 5243 Gravia
3149 5196 3317 5242 (mera
3350 5200 3473 5242 esse
3501 5184 3702 5254 peccati

2122 5287 2177 5333 et
2213 5278 2507 5333 Zacharias
2548 5279 2809 5348 propheta
2851 5284 3104 5342 testatur,
3146 5276 3333 5333 dicens
3377 5276 3701 5347 iniquitates:

2122 5369 2300 5424 sedere
2323 5385 2479 5439 super
2510 5368 2762 5422 talentum
2795 5351 3005 5439 plumbi
3022 5366 3208 5441 (Zach.
3231 5368 3288 5440 v)
3315 5384 3328 5422 :
3380 5367 3449 5422 Et
3483 5365 3701 5423 Psalmi-

2119 5471 2199 5517 sta
2230 5460 2561 5531 complorat:
2594 5458 2905 5533 Iniquitates
2928 5477 3057 5516 mea:
3084 5468 3383 5533 aggravata:
3407 5469 3532 5515 sunt
3552 5472 3702 5529 super

2120 5569 2199 5606 me
2228 5549 2399 5623 (Psal.
2427 5551 2655 5624 xxxvii).
2701 5551 2797 5607 Vel
2829 5559 2978 5609 certe
3006 5566 3101 5608 eos
3134 5551 3225 5622 qui
3253 5552 3386 5623 jugo
3426 5550 3562 5622 legis
3582 5565 3705 5621 gra-

2118 5644 2340 5699 vissimo
2382 5644 2765 5723 premebantur
2807 5645 2877 5702 ad
2910 5644 3183 5717 Evangelii
3234 5644 3425 5700 invitat
3451 5642 3702 5715 gratiam.

2124 5735 2275 5794 Unde
2304 5742 2357 5790 et
2383 5737 2625 5806 sequitur
2653 5756 2664 5767 -
