3978 6190
307 395 408 453 917

1302 388 1658 447 COMMENT.
1701 388 1768 443 IN
1809 389 2247 447 MATTII/EUM.
2289 423 2356 432 —
2398 389 2523 445 LIB.
2567 391 2654 447 IV.

3480 406 3608 459 918·-

374 511 560 568 Tollite
577 511 770 581 jugum
800 525 970 563 meum
995 525 1149 579 super
1172 526 1277 572 vos,
1313 519 1362 563 et
1389 509 1572 564 discite
1597 527 1630 562 a
1658 526 1738 563 me
1763 509 1889 579 quia
1918 523 1969 582 Α
1994 510 2110 566 hate
2135 513 2404 567 sententia
2427 528 2535 583 qua
2557 513 2816 570 Dominus
2840 514 2972 570 dicit
2998 534 3010 570 :
3035 515 3239 586 J‘ugum
3255 519 3391 571 cnim
3414 535 3583 576 meum

304 605 443 658 ruitis
488 617 605 655 sum
652 609 700 654 et
749 597 961 653 humilis
1009 601 1184 654 corde.
1236 599 1430 672 Iugum
1486 601 1632 656 enim
1683 600 1886 656 Christi

303 691 649 764 Evangelium
691 698 774 744 est
803 689 1028 756 Christi,
1073 691 1216 760 quod
1261 691 1473 746 ,Ιιιᾱωοε
1518 700 1574 745 et
1617 699 1805 760 gentes
1834 690 1889 745 in

301 785 507 838 unitate
539 781 660 836 ﬁdei
684 779 962 853 eonjungit
987 790 1041 838 et
1068 783 1239 837 sociat
1263 802 1274 836 :
1302 784 1403 837 hoc
1429 781 1572 837 enim
1602 797 1764 851 super
1793 796 1891 836 nos

295 874 550 944 jubemur
576 887 810 938 sumere,
841 873 893 928 id
917 882 1021 940 est,
1056 873 1110 928 in
1139 875 1346 929 honore
1372 874 1592 937 habere,
1639 889 1707 928 ne
1751 871 1890 928 forte

299 968 487 1021 subtus
513 972 796 1036 ponentes,
830 965 884 1020 id
919 975 1020 1029 est,
1069 955 1235 1036 prave
1281 965 1411 1019 illud
1456 970 1886 1026 contemnentes,

300 1058 575 1112 lutulentis
623 1057 850 1126 pedibus
907 1057 1160 1112 vitiorum
1210 1055 1610 1111 concuICemus.
1670 1054 1890 1109 Discere

299 1149 425 1202 item
474 1145 730 1218 jubcmur
777 1146 846 1200 ab
901 1144 1016 1216 ipso
1071 1146 1198 1216 quia
1247 1144 1388 1199 mitis
1427 1153 1525 1209 est,
1573 1153 1620 1197 et
1675 1141 1888 1195 humilis

295 1237 471 1292 corde.
687 1249 690 1252 ‘

364 1349 479 1405 Hoc
519 1350 682 1405 etiam
735 1349 789 1403 in
827 1347 1096 1420 baptismo
1138 1347 1255 1417 ejus
1303 1347 1540 1419 Spiritus
1581 1353 1800 1402 sanctus
1835 1345 1889 1400 in

293 1442 558 1497 columbas
583 1440 764 1512 specie
787 1456 948 1510 super
970 1439 1142 1509 ipsum
1165 1439 1500 1495 descendens
1527 1437 1888 1510 signiﬁcabat,

291 1532 418 1600 quia
445 1539 767 1601 potestatem
789 1528 907 1599 ejus
927 1530 1281 1585 mansuetudo
1306 1529 1659 1600 temperabat.
1688 1529 1762 1582 De
1783 1543 1890 1598 quo

293 1624 554 1692 propheta
583 1622 744 1677 dicit:
787 1621 911 1676 Non
941 1619 1212 1686 clamabit,
1258 1636 1423 1691 neque
1447 1620 1666 1691 accipiet
1709 1635 1889 1692 perso-

292 1733 436 1780 nam,
475 1732 637 1787 neque
664 1715 910 1787 audietur
948 1714 1079 1784 foris
1114 1731 1212 1769 vos:
1239 1715 1372 1784 ejus.
1413 1713 1691 1769 Calamam
1730 1730 1886 1785 quas-

291 1816 468 1860 satum
511 1822 614 1859 non
647 1785 874 1859 conteret
905 1815 953 1859 et
984 1803 1182 1874 lignum
1233 1804 1499 1876 fumigans
1544 1821 1646 1858 non
1693 1805 1887 1858 exstin-

1995 615 2154 654 saave
2175 608 2269 664 est,
2296 610 2344 654 et
2368 617 2500 655 onus
2529 619 2698 657 meum
2723 602 2828 659 leve
2868 616 2964 671 est,
2993 606 3124 661 satis
3157 606 3478 676 quibusdam
3505 613 3586 664 vi-

1991 690 2149 745 detur
2170 693 2456 748 adversum
2503 693 2575 748 illi
2625 698 2905 750 sentcntiae
2934 711 3096 766 quam
3144 699 3330 752 eadem
3372 699 3586 754 Veritas

1991 781 2114 836 alibi
2141 783 2400 852 protulit:
2427 783 2682 853 Angusta,
2728 786 2926 854 inquit,
2968 787 3047 841 via
3087 799 3162 841 est
3194 805 3312 858 quw
3343 789 3487 843 ducit
3515 791 3604 842 ad.

1990 871 2168 925 vitam.
2201 871 2268 926 Et
2312 871 2584 944 Propheta
2630 875 2859 929 Domino
2903 877 3014 931 ait:
3060 877 3281 947 Propter
3325 880 3478 933 verba
3507 881 3584 934 la-

1991 960 2194 1016 biorum
2221 971 2446 1018 tuorum
2478 979 2570 1034 ego
2616 965 2870 1020 custodiri
2898 967 3005 1021 vias
3051 968 3212 1022 duras
3246 967 3419 1040 (Psal.
3447 972 3582 1040 xvr).

1991 1052 2198 1124 Quippe
2226 1070 2350 1110 cum
2379 1055 2668 1125 Apostolus
2697 1057 2842 1113 dicat
2870 1077 2881 1111 :
2933 1057 3124 1114 Omnes
3165 1064 3254 1131 qui
3298 1063 3473 1116 volunt
3501 1065 3610 1133 pie-

1991 1145 2156 1199 vivere
2187 1145 2240 1199 in
2261 1146 2489 1214 Christo,
2515 1153 2895 1218 persecutiones
2915 1153 3179 1220 patientur
3203 1153 3288 1224 (II
3315 1153 3448 1209 Tim.
3476 1157 3581 1226 ιιι).

1991 1236 2262 1308 Quidquid
2301 1247 2480 1294 autem
2513 1240 2707 1295 durum
2729 1251 2784 1296 et
2810 1244 3278 1310 perseeutionibus
3303 1245 3584 1312 refertum,

1991 1341 2092 1382 nec
2120 1327 2236 1382 leve
2265 1337 2444 1399 potest
2471 1345 2590 1385 esse
2620 1346 2720 1386 nec
2750 1346 2934 1386 suave.
2963 1331 3068 1387 Sed
3101 1334 3437 1388 verissimam
3476 1335 3583 1390 Do—

1991 1416 2121 1471 mini
2153 1432 2218 1472 ac
2259 1417 2558 1479 Salvatoris
2585 1421 2756 1476 nostri
2783 1435 2904 1476 esse
2930 1423 3276 1489 sententiam,
3303 1426 3584 1494 espericm

1992 1506 2079 1560 tice
2124 1508 2295 1578 ipsius
2340 1509 2689 1580 probabimus
2741 1511 3085 1566 documento.
3129 1512 3188 1566 Si
3238 1513 3586 1582 perfectionis

1989 1598 2132 1651 viam
2157 1598 2397 1670 legitime
2424 1609 2480 1654 et
2507 1601 2800 1656 secundum
2844 1601 3178 1662 voluntatem
3211 1602 3414 1659 Christi
3460 1605 3580 1660 fue-

1993 1686 2162 1743 rimus
2209 1689 2470 1758 aggressi,
2525 1698 2580 1744 et
2638 1690 3030 1747 mortificantes
3081 1693 3265 1746 omnia
3319 1693 3588 1750 desideria-

1991 1787 2176 1832 nostra
2223 1794 2287 1834 ac
2324 1779 2632 1835 voluntates
2669 1781 2860 1836 noxias
2903 1782 3308 1849 abscindentes,
3354 1800 3460 1838 non
3499 1800 3586 1843 so-

287 1908 410 1967 guet
433 1911 451 1948 :
497 1897 550 1950 in
590 1897 776 1950 virtute
829 1895 1009 1949 educet
1024 1869 1336 1965 'judicium.
1369 1869 1516 1948 'Non
1554 1895 1650 1948 erit
1694 1894 1881 1960 tristis,
1914 1883 1960 1942 Β
1991 1869 2099 1967 ¹ξ¹¹¹¹
2129 1869 2262 1967 Ρίὴίι
2306 1870 2545 1925 “Sidere
2588 1871 2744 1967 "om?
2771 1871 2838 1926 de
2872 1870 3246 1967 δυὶυεξῖιξιηάί
3291 1875 3588 1967 (ξυυίάίιθίθ

289 2005 452 2058 neque
479 1985 829 2052 turbulentus,
860 1986 1023 2040 donec
1057 1995 1217 2055 ponat
1257 1986 1311 2039 in
1337 1993 1478 2039 terra
1513 1985 1803 2056 judicium,
1831 1993 1878 2040 et

289 2081 456 2149 legem
483 2077 596 2148 ejus
625 2075 814 2131 insula:
842 2075 1211 2146 exspectabant
1239 2075 1374 2148 (Isa.
1405 2075 1561 2148 xui).

355 2188 683 2244 Discendum
725 2202 855 2258 ergo
883 2186 1036 2242 nobis
1077 2195 1162 2242 est
1209 2202 1241 2243 a
1293 2185 1574 2244 Salvatore
1608 2195 1796 2244 nostro
1824 2196 1884 2242 ut

285 2281 458 2357 simus
484 2281 646 2336 mites
691 2281 935 2336 moribus
963 2289 1018 2335 et
1045 2279 1280 2336 humiles
1307 2280 1598 2346 mentibus,
1628 2289 1687 2334 ut
1711 2280 1884 2335 nemi-

284 2388 412 2425 nem
462 2371 740 2437 laedamus,
794 2371 1068 2426 neminem
1116 2381 1552 2436 contemnamus,
1610 2371 1883 2426 neminem

284 2464 492 2516 frustra
519 2463 821 2527 irriternus,
866 2476 964 2532 per
1009 2460 1208 2516 fastum
1252 2461 1525 2515 neminem
1569 2471 1882 2516 contemna-

283 2568 443 2607 mus:
473 2561 528 2606 et
571 2553 798 2607 virtutes
849 2565 985 2620 quas
1037 2549 1170 2606 foris
1218 2550 1555 2606 ostendimus
1593 2550 1647 2604 in
1697 2565 1882 2620 opere,

281 2645 433 2698 intus
463 2643 732 2700 veraciter
758 2651 1038 2698 teneamus
1068 2643 1123 2698 in
1172 2642 1353 2698 corde.
1399 2641 1502 2710 Qui
1545 2643 1690 2697 enim
1731 2643 1884 2714 ﬁngit

279 2749 341 2788 se
372 2748 495 2788 esse
537 2741 632 2787 aut
674 2733 883 2799 mitem,
939 2742 1034 2788 aut
1075 2733 1353 2800 humilem,
1401 2741 1459 2790 et
1510 2749 1617 2788 non
1647 2750 1712 2790 ex
1748 2749 1882 2804 pura

276 2827 606 2892 intentione,
638 2825 738 2881 sub
760 2826 918 2880 ovina
939 2825 1079 2894 pelle
1105 2825 1288 2896 lupum
1311 2825 1463 2896 tegit,
1493 2834 1549 2880 et
1582 2827 1681 2881 sub
1703 2827 1882 2894 specie

274 2915 545 2970 colume
570 2915 643 2970 fel
689 2917 1060 2986 serpentinum
1098 2916 1256 2972 celat.
1310 2915 1428 2973 Non
1476 2917 1623 2972 enim
1664 2927 1751 2972 est
1779 2917 1884 2973 iste

274 3006 580 3077 discipulus
610 3007 836 3074 Christi,
871 3008 967 3064 sed
1013 3007 1252 3064 imitator
1290 3007 1509 3064 diaboli.
1564 3009 1632 3063 Et
1679 3007 1880 3065 frustra

273 3098 494 3154 laborat
545 3098 672 3168 quia
721 3114 830 3154 non
875 3099 944 3153 ad
991 3110 1250 3154 aeternam
1297 3100 1560 3169 requiem,
1617 3101 1712 3156 sed
1753 3116 1879 3172 per-

271 3200 502 3263 petuum
536 3191 710 3246 tendit
750 3191 820 3247 ad
863 3191 1065 3262 ignem,
1114 3207 1244 3246 vera
1301 3193 1447 3248 enim
1507 3193 1724 3262 requies
1771 3202 1876 3258 cst,

271 3277 444 3353 quam
491 3281 742 3338 Salvator
783 3283 1032 3353 sequenti
1080 3297 1333 3339 sermone
1387 3283 1725 3340 demonstrat
1795 3284 1878 3339 di-

273 3390 410 3432 cens
437 3389 453 3429 2

347 3490 422 3544 Et
452 3489 720 3545 invenietis
761 3491 989 3562 requiem
1033 3490 1310 3544 animabus
1355 3491 1556 3544 vestris.
1603 3488 1704 3555 Qui
1731 3489 1879 3544 enim

272 3581 480 3636 Christi
507 3581 752 3650 sequitur
781 3581 1027 3652 vestigia,
1059 3588 1114 3635 et
1147 3580 1617 3636 mansuetudinem
1660 3577 1797 3649 ejus,
1825 3587 1882 3634 et

275 3671 660 3738 humilitatem,
685 3671 1146 3742 longanimitatem
1177 3681 1230 3727 et
1263 3671 1580 3742 patientiam
1613 3679 1878 3740 quantum

275 3764 537 3834 prmvalet
564 3761 829 3830 imitatur,
854 3763 943 3818 hic
973 3763 1154 3817 anima
1179 3763 1296 3832 ejus
1315 3762 1426 3832 jam
1450 3761 1664 3816 ltetatur
1689 3761 1742 3814 in
1763 3772 1876 3828 spe,

273 3865 330 3910 et
381 3855 436 3910 in
489 3854 669 3910 futuro
727 3855 780 3910 in
839 3863 1100 3925 perpetua
1157 3853 1410 3924 gaudebit
1456 3852 1666 3921 requie,
1719 3858 1883 3920 atque

274 3957 486 4002 aeterna
513 3962 635 4002 cum
672 3946 874 4001 sanctis
928 3944 1134 4016 angelis
1166 3942 1475 4014 perfruetur
1522 3941 1880 4007 beatitudine,

277 4039 420 4092 sicut
455 4052 552 4107 per
583 4035 875 4091 Jeremiam
906 4033 1225 4105 prophetam
1256 4033 1370 4103 ipse
1407 4039 1638 4088 testatur
1658 4031 1877 4088 dicens:

279 4129 434 4182 State
462 4143 618 4198 super
646 4127 775 4191 vias,
815 4137 864 4180 et
910 4124 1080 4179 videte
1129 4131 1178 4177 et
1221 4122 1537 4192 interrogate
1582 4121 1646 4175 de
1686 4120 1881 4176 semitis

277 4221 536 4293 antiquis,
562 4236 679 4292 qua:
704 4219 770 4273 sit
796 4218 881 4272 via
907 4215 1065 4282 bona,
1105 4225 1154 4270 et
1177 4214 1441 4270 ambulate
1464 4215 1519 4268 in
1548 4231 1631 4281 ea,
1671 4224 1719 4268 et
1744 4214 1883 4269 inve-

280 4313 433 4366 nietis
459 4309 791 4380 refrigerium
811 4307 1088 4362 animabus
1113 4305 1300 4362 vestris
1330 4305 1465 4378 (Jer.
1495 4303 1594 4377 v1).

347 4424 556 4495 Iugum
603 4423 739 4477 enim
787 4437 959 4476 meum
1002 4437 1161 4475 suave
1201 4429 1302 4485 est,
1329 4428 1376 4473 et
1405 4435 1547 4474 onus
1568 4435 1742 4473 meum
1772 4419 1881 4474 leve

281 4530 376 4572 est.
417 4515 692 4589 (Ηὶενοη.)
724 4513 1002 4583 Quomodo
1024 4513 1195 4569 levius
1216 4513 1333 4585 lege
1359 4513 1729 4584 Evangelium,
1754 4527 1876 4567 cum

284 4612 336 4664 in
368 4609 487 4679 lege
509 4607 877 4670 homicidium,
905 4605 960 4660 in
990 4604 1280 4675 Evangelio
1322 4603 1396 4658 ita
1426 4602 1731 4658 damnetur.
1765 4602 1881 4670 Qua
1910 4584 1961 4644 D

284 4702 495 4755 ratione
527 4699 800 4768 Evangelii
833 4697 1007 4769 gratia
1053 4695 1287 4763 facilior,
1333 4712 1458 4753 cum
1508 4696 1563 4750 in
1593 4696 1708 4767 lege
1735 4696 1885 4751 adul-

287 4794 506 4858 terium,
553 4793 606 4847 in
654 4791 944 4863 Evangelio
995 4790 1428 4861 concupiscentia
1477 4790 1770 4860 puniatur?
1829 4789 1884 4844 In

287 4884 404 4955 l.~ge
435 4883 602 4939 multa
627 4891 896 4954 prtecepta
943 4889 1068 4938 sunt
1095 4896 1216 4951 quae
1262 4881 1550 4951 Apostolus
1590 4897 1695 4936 non
1726 4896 1886 4950 posse

286 4974 546 5046 compleri
589 4974 904 5046 plenissime
939 4974 1114 5029 docet.
1167 4973 1224 5028 ln
1254 4973 1370 5043 lege
1411 4989 1577 5044 Opera
1607 4974 1888 5044 req'nirun-

290 5075 399 5131 tur,
429 5081 550 5136 quae
593 5066 686 5136 qui
718 5065 909 5122 fecerit
954 5065 1100 5120 vivet
1145 5064 1199 5118 in
1247 5065 1346 5120 eis.
1387 5065 1443 5119 In
1475 5066 1766 5137 Evangelio
1793 5082 1887 5121 vo-

290 5155 469 5211 luntas
491 5155 781 5226 quaeritur:
814 5171 933 5225 qua:
956 5156 1001 5210 si
1023 5154 1185 5210 etiam
1206 5153 1456 5209 effectum
1481 5171 1586 5210 non
1614 5156 1884 5220 habuerit,

292 5259 474 5303 tamen
510 5246 792 5316 praemium
841 5262 948 5302 non
989 5245 1207 5300 amittit.
1250 5245 1594 5316 Evangelium
1639 5261 1701 5300 ea
1748 5263 1884 5317 pra:-

292 5337 426 5408 cipit
478 5352 600 5407 qua:
645 5353 972 5406 possumus:
1023 5351 1091 5392 ne
1140 5336 1348 5392 scilicet
1389 5337 1876 5406 concupiscamus;

292 5428 397 5482 hoc
432 5428 484 5482 in
511 5427 743 5483 arbitrio
758 5436 948 5482 nostro
975 5437 1078 5483 est.
1106 5426 1237 5490 Lex,
1265 5442 1389 5482 cum
1416 5427 1746 5482 voluntatem
1771 5443 1876 5483 non

293 5518 502 5587 puniat,
534 5519 689 5589 punit
709 5517 995 5574 effectum:
1030 5534 1098 5574 ne
1135 5518 1460 5574 adulterium
1498 5517 1684 5574 facias.
1717 5518 1884 5591 Finge

295 5607 348 5660 in
376 5609 750 5678 persecutione
777 5609 1010 5680 aliquam
1059 5610 1321 5681 virginem
1357 5609 1699 5680 prostitutam
1727 5628 1739 5665 :
1769 5612 1886 5666 haec

294 5699 435 5766 apud
461 5701 830 5770 Evangelium,
859 5702 984 5772 quia
1013 5702 1284 5758 voluntate
1311 5719 1416 5758 non
1448 5704 1712 5772 peccavit,
1741 5703 1888 5774 virgo

295 5790 620 5860 suscipitur:
656 5794 709 5849 in
754 5794 871 5866 lege
913 5795 1065 5866 quasi
1110 5808 1362 5866 corrupta
1396 5796 1726 5866 repudiatur.
1757 5795 1886 5851 ltcm

1985 1959 2291 2026 siverimus,
2317 1975 2416 2030 per
2443 1976 2608 2030 quam
2643 1961 2830 2032 utique
2873 1978 2997 2018 cum
3046 1962 3256 2018 libitum
3296 1964 3459 2020 fuerit
3488 1983 3582 2022 va-

1983 2051 2163 2105 standi
2194 2066 2293 2106 nos
2318 2066 2383 2106 ac
2425 2051 2754 2107 dilacerandi
2780 2061 3107 2122 potestatem
3157 2055 3411 2112 inimicus
3435 2058 3585 2114 inve-

1983 2138 2116 2206 niet,
2144 2139 2241 2195 sed
2289 2141 2453 2197 etiam
2497 2141 2673 2196 nostri
2715 2142 2818 2210 ipsi
2873 2157 2979 2197 non
3019 2157 3142 2199 esse
3187 2159 3288 2200 nos
3327 2145 3580 2204 dominos

1987 2229 2362 2284 senserimus:
2390 2230 2522 2285 illud
2563 2231 2923 2302 apostolicum
2965 2233 3017 2287 in
3051 2235 3281 2291 veritate
3309 2238 3586 2307 complen-

1984 2331 2085 2385 tes,
2124 2321 2252 2377 Vivo
2278 2332 2455 2377 autem
2509 2340 2613 2377 non
2641 2340 2757 2394 ego,
2791 2324 2911 2378 uicit
2954 2341 3074 2381 vero
3120 2328 3175 2380 in
3220 2320 3302 2382 me
3343 2327 3584 2386 Christus

1987 2412 2137 2485 (Gal.
2163 2413 2246 2485 ιι).
2292 2415 2430 2481 Quid
2460 2416 2605 2470 enim
2636 2430 2798 2486 grave
2823 2431 2943 2472 esse
2966 2419 3186 2488 poterit,
3216 2421 3346 2491 quid
3387 2422 3582 2478 durum

1983 2505 2034 2560 ei
2060 2505 2152 2575 qui
2170 2503 2359 2576 jugum
2389 2505 2591 2562 Christi
2616 2514 2726 2563 tota
2749 2519 2933 2565 mente
2975 2513 3299 2582 susceperit,
3323 2513 3415 2583 qui
3456 2530 3605 2574 vera.

1985 2594 2288 2650 humilitate
2335 2593 2613 2663 fundatus,
2663 2611 2983 2668 semperque
3026 2599 3092 2654 ad
3139 2602 3354 2657 Domini
3411 2607 3585 2675 respi-

1983 2685 2131 2741 ciens
2159 2687 2461 2755 passiones,
2493 2686 2548 2741 in
2584 2687 2836 2743 omnibus
2872 2703 2992 2758 qua:
3035 2689 3138 2744 sibi
3188 2689 3390 2747 fuerint
3436 2696 3580 2750 irro.

1983 2782 2122 2845 gata:
2141 2773 2357 2829 laetatur
2376 2773 2608 2844 injuriis,
2633 2775 2819 2832 dicens
2844 2795 2857 2831 :
2885 2775 3110 2849 Propter
3127 2781 3266 2851 quod
3288 2781 3586 2853 complaceo

1983 2867 2111 2921 mihi
2139 2867 2194 2921 in
2235 2854 2656 2936 inﬁrmitatibus,
2701 2870 2757 2923 in
2801 2870 3154 2935 contumeliis,
3200 2873 3256 2926 in
3308 2876 3584 2930 necessita-

1981 2958 2137 3022 tibus,
2177 2960 2232 3012 in
2280 2959 2750 3029 persecutionibus,
2798 2963 2854 3014 in
2903 2963 3161 3032 angustiis
3206 2980 3300 3033 pro
3351 2961 3582 3020 Christo.

1982 3047 2114 3103 Cum
2141 3051 2280 3104 enim
2323 3050 2584 3120 infirmor,
2633 3062 2757 3107 tunc
2802 3061 2982 3124 potem
3027 3071 3146 3109 sum
3195 3055 3278 3127 (Il
3310 3055 3433 3111 Cor.
3461 3058 3580 3128 xu).

1980 3139 2080 3194 Via
2107 3154 2237 3210 ergo
2285 3140 2476 3197 salutis
2525 3153 2754 3213 angusta
2795 3143 3017 3210 dicitur,
3050 3145 3201 3214 quia,
3228 3145 3368 3200 sicut
3396 3147 3588 3202 beatus

1907 3232 1952 3294 C
1986 3230 2147 3286 Pater
2171 3237 2357 3285 noster
2375 3228 2702 3287 Benedictus
2724 3233 2819 3298 ait,
2848 3249 2955 3288 non
2982 3241 3067 3288 est
3095 3233 3199 3288 nisi
3228 3243 3459 3305 angusto
3484 3236 3586 3290 ini-

1986 3321 2063 3374 tio
2093 3319 2422 3390 incipienda,
2465 3336 2726 3391 processu
2751 3336 2883 3377 vero
2910 3323 3344 3379 conversationis
3377 3333 3432 3380 et
3459 3325 3585 3380 fidei

1983 3409 2210 3464 dilatato
2239 3409 2422 3475 corde,
2450 3409 2802 3466 inenarrabili
2824 3410 3129 3468 dilectionis
3153 3413 3438 3469 dulcedine
3463 3429 3585 3470 cur-

1983 3497 2123 3552 ritur
2143 3497 2229 3552 via
2258 3500 2639 3555 mandatorum
2678 3500 2796 3557 Dei.

2055 3590 2286 3664 (llilar.)
2334 3591 2474 3660 Quid
2525 3595 2676 3649 enim
2717 3594 2849 3667 jugo
2899 3596 3104 3653 Christi
3156 3600 3403 3664 suavius,
3455 3600 3604 3670 quid'

1981 3697 2148 3738 onere
2199 3683 2417 3739 levius?
2463 3686 2802 3754 probabilem
2849 3687 2992 3750 fieri,
3039 3688 3108 3741 ab
3154 3687 3360 3743 scelere
3411 3689 3583 3744 absti—

1983 3789 2134 3837 nere,
2174 3774 2376 3828 bonum
2431 3774 2594 3838 velle,
2648 3775 2852 3828 malum
2908 3775 3083 3840 nolle,
3144 3791 3333 3830 amare
3369 3791 3584 3840 omnes,

1983 3863 2163 3918 odisse
2216 3862 2445 3928 nullum,
2484 3872 2684 3918 aeterna
2724 3865 2982 3935 consequi
3009 3905 3024 3930 ,
3079 3867 3438 3936 praesentibus
3476 3885 3604 3926 non.

1983 3956 2124 4025 capi,
2165 3956 2309 4012 nolle
2348 3955 2550 4010 inferre
2588 3955 2745 4013 alteri
2783 3958 2930 4028 quod
2985 3958 3086 4015 sibi
3128 3958 3226 4028 ipsi
3266 3961 3472 4031 perpeti
3515 3963 3592 4016 sit

1984 4047 2292 4104 molestum.

2591 4141 2819 4199 CAPUT
2861 4143 2972 4198 XII.

1982 4251 2240 4326 Discipuli
2262 4255 2434 4326 spicas
2472 4254 2688 4309 vellunt.
2726 4253 2882 4309 Jesus
2914 4266 3074 4309 sanat
3106 4273 3318 4326 manum
3355 4259 3600 4326 aridam”

2053 4333 2102 4377 et
2130 4322 2519 4378 dwmo’niacum
2545 4341 2740 4378 circum
2779 4336 2826 4380 et
2873 4337 3075 4380 mutum
3110 4341 3128 4380 :
3170 4323 3460 4384 Pliariswis
3503 4322 3581 4384 si;

2052 4409 2213 4465 gnum
2236 4393 2392 4450 lente
2423 4394 2540 4461 dat,
2578 4403 2685 4450 etc.

2052 4507 2141 4582 [1.]
2170 4508 2238 4563 In
2279 4508 2371 4563 illo
2412 4519 2640 4580 tempore
2683 4511 2810 4564 abiit
2856 4511 3012 4566 Jcsus
3053 4513 3270 4568 sabbato
3304 4531 3398 4585 per
3441 4526 3583 4582 sata,

1990 4601 2235 4671 discipuli
2261 4612 2435 4657 autem
2463 4602 2578 4672 ejus
2598 4603 2880 4658 esurientes
2912 4616 3172 4674 coeperunt
3213 4607 3395 4662 uellere
3413 4609 3586 4678 spicas

1991 4701 2041 4746 ct
2066 4693 2405 4749 manducare.
2426 4692 2693 4766 (Hieron.)
2723 4693 2793 4752 Ut
2820 4697 2872 4750 in
2897 4696 3002 4752 alio
3018 4714 3232 4769 quoque
3253 4702 3586 4772 evangelista

1989 4784 2238 4856 legimus,
2277 4794 2497 4855 propter
2531 4787 2750 4842 nimiam
2788 4787 3250 4858 importunitatem
3282 4791 3399 4861 ejus
3442 4793 3584 4866 lbet.

1990 4877 2152 4950 ejus],
2189 4894 2290 4933 nec
2322 4879 2570 4934 vescendi
2598 4881 2815 4948 quidem
2851 4881 3122 4937 habebant
3151 4884 3352 4950 locum,
3383 4894 3439 4940 et
3466 4886 3586 4940 ideo

1990 4973 2146 5044 quasi
2192 4971 2439 5028 homines
2467 4974 2802 5029 esuriebant.
2855 4975 3007 5042 Quod
3051 4985 3232 5031 autem
3279 4979 3458 5046 spicas
3502 4993 3582 5031 se-

1990 5074 2171 5136 getum
2225 5063 2475 5119 manibus
2513 5063 2949 5136 confringcliant,
2995 5077 3048 5122 et
3106 5068 3336 5121 inediam
3392 5084 3584 5122 conso-
3625 5053 3644 5068 χ

1987 5154 2189 5221 lantur,
2235 5155 2358 5210 vita:
2409 5158 2728 5213 austerioris
2774 5159 3028 5213 indicium
3065 5166 3165 5222 est,
3223 5173 3327 5212 non
3373 5173 3581 5228 pra-pa-

1985 5257 2132 5301 ratas
2160 5245 2372 5315 epulas,
2411 5246 2506 5301 sed
2556 5247 2708 5302 cibos
2750 5247 3066 5317 simpliciter
3095 5246 3411 5319 [simplices]
3438 5264 3583 5318 qum-

1984 5339 2238 5392 rentium.

2057 5427 2320 5481 Pharisa'i
2359 5437 2536 5483 autent
2564 5430 2788 5484 videntes
2833 5429 3076 5482 dixerunt
3103 5427 3152 5480 ei
3175 5441 3193 5478 :
3240 5426 3378 5482 Ecce
3419 5428 3578 5482 disci-

1987 5517 2096 5590 puli
2128 5519 2203 5572 tui
2225 5518 2426 5588 faciunt
2453 5521 2594 5593 quod
2619 5537 2719 5574 non
2765 5519 2882 5573 licet
2924 5517 3094 5588 facere
3137 5517 3388 5573 sabbatis.
3441 5519 3582 5577 Nota

1989 5610 2134 5680 quod
2160 5611 2319 5680 primi
2370 5613 2598 5683 apostoli
2643 5611 2937 5666 Salvatoris
2970 5611 3205 5666 litteram
3248 5612 3460 5667 sabbati
3489 5613 3581 5666 de-

1988 5710 2224 5765 struunt,
2265 5703 2548 5757 adversum
2584 5704 2882 5770 Ebionitas,
2918 5704 3030 5774 qui,
3075 5721 3198 5759 cum
3235 5714 3461 5761 caeteros
3502 5723 3581 5761 re-

1990 5796 2192 5870 cipiant
2225 5799 2516 5866 apostolos,
2548 5797 2766 5853 Paulum
2794 5802 2945 5869 quasi
2971 5810 3420 5873 transgrcsserem
3452 5801 3582 5869 legi»
