3978 6190
418 314 522 367 sna
590 351 599 382 ,

1084 314 1144 366 Β.
1192 313 1437 367 [MBAN]
1481 312 1693 368 MAURI
1732 313 2048 368 ARCHIEP.
2092 316 2398 372 MOGUNT.
2440 317 2720 374 OPERUM
2761 317 2937 372 PARS
2974 318 3010 372 Ι.

3541 323 3658 379 -Θθαῦ

421 425 716 493 repudiaut.
743 424 961 494 .‘dysticc
982 432 1158 478 autem
1182 423 1404 493 apostoli
1427 440 1522 494 per
1543 435 1656 479 sata
1680 434 1979 492 transeunt,
2008 433 2058 492 Α
2087 430 2236 484 haut.
2269 430 2420 486 Sicut
2439 431 2580 485 enim
2602 432 2892 500 asperitate
2915 431 3233 498 aristarum,
3268 449 3387 503 quae
3413 435 3660 501 horrent,

418 521 504 572 illa
535 518 778 573 videlicet
803 518 869 573 de
913 518 1105 588 quibus
1143 518 1400 572 Dominus
1437 518 1547 571 ait:
1596 517 1781 572 Levate
1809 518 1986 574 oculos

418 619 630 673 uestros,
677 619 725 663 et
772 610 938 662 videte
975 609 1226 678 regiones,
1267 609 1390 678 quia
1438 607 1570 662 alba:
1609 619 1730 662 sunt
1771 609 1888 677 jam
1916 609 1986 662 ad

415 716 644 763 messem,
665 710 711 754 et
741 701 828 769 qui
849 701 1014 765 metit,
1036 701 1316 774 mercedem
1342 700 1575 768 accipiet,
1599 715 1719 754 cum
1740 699 1988 756 doctores

383 775 583 844 isancti
610 806 702 845 cos
735 807 870 860 quos
909 792 960 844 in
999 791 1102 845 ﬁde
1131 792 1374 845 veritatis
1400 791 1677 845 instituere
1719 800 1984 860 qumrunt,

413 895 541 934 cura
576 881 679 949 piae
720 881 1091 935 sollicitudinis
1118 881 1424 950 inspiciunt,
1455 891 1506 935 et
1534 881 1765 949 qualiter
1792 897 1986 934 unum—

411 985 679 1040 quemque
705 987 876 1040 quove
909 972 1094 1026 ordine
1129 971 1196 1024 ad
1247 971 1471 1025 salutem
1512 971 1785 1025 attrahere
1832 971 1988 1026 debe-

411 1072 527 1126 ant,
558 1061 739 1116 sedula
766 1061 1189 1115 consideratione
1235 1060 1609 1129 pet-pendunt:
1658 1069 1818 1129 atque
1867 1061 1986 1115 ideo

409 1151 543 1205 nihil
573 1152 763 1206 melius
791 1152 1015 1215 esurire,
1064 1166 1225 1220 quam
1266 1151 1489 1205 salutem
1537 1151 1839 1221 intelligunt
1885 1153 1985 1206 ho-

409 1242 633 1295 minum.
664 1241 835 1307 Quam
863 1241 975 1309 ipse
997 1255 1294 1294 messorum
1321 1240 1527 1308 primus
1548 1241 1816 1308 quondam
1846 1241 1986 1295 inter

407 1346 597 1402 preces
624 1331 888 1396 esuriens,
924 1346 1045 1384 mox
1083 1330 1277 1384 oblatis
1314 1331 1412 1384 sibi
1460 1330 1558 1395 eis,
1604 1345 1740 1399 quas
1779 1331 1986 1385 deside-

406 1422 578 1485 rabat,
607 1422 849 1492 dapibus,
873 1422 1095 1486 audivit,
1127 1421 1312 1491 Surge,
1359 1419 1534 1483 Petre,
1565 1422 1738 1475 occide
1763 1431 1811 1475 et
1837 1439 1986 1475 man-

405 1513 539 1564 duca
569 1512 702 1582 (Act.
749 1511 825 1583 x).
863 1511 930 1565 Et
973 1511 1108 1564 mira
1149 1511 1469 1564 sacramenti
1507 1512 1812 1566 concordia.
1846 1512 1983 1579 Quia

403 1610 459 1655 et
486 1602 558 1656 ibi
587 1602 812 1656 mactari
842 1617 907 1655 ac
936 1601 1246 1654 manducari
1286 1601 1543 1670 jubentur
1581 1599 1833 1654 animalia
1873 1613 1983 1654 c03-

404 1692 534 1747 litus
576 1692 762 1757 missa,
793 1701 848 1746 et
875 1693 964 1746 hic
1006 1693 1181 1762 spicas
1218 1693 1442 1747 Domino
1486 1693 1746 1747 lustrante
1786 1708 1979 1748 conse-

2090 520 2335 575 velantur
2375 537 2541 591 grana
2590 521 2753 576 tritici
2794 537 2914 592 quae
2953 522 3224 588 reﬁciunt,
3267 523 3341 578 ita
3395 541 3537 595 stepe
3565 529 3662 581 sub

2088 622 2152 661 ea
2181 623 2299 676 quae
2324 608 2604 663 videbatur
2627 609 2831 664 vilitate
2873 611 3086 676 litterae,
3129 619 3384 682 teguntur
3423 615 3558 668 dona
3584 617 3666 669 di-

2087 699 2226 753 vina:
2268 700 2603 766 dilectionis,
2654 716 2773 770 quae
2819 710 3027 756 mentes
3075 702 3312 758 ﬁdelium
3367 706 3666 762 esurientes

2088 787 2435 858 sitientesque
2455 789 2718 860 justitiam
2749 792 3029 846 suavitatis
3074 795 3300 849 internae
3328 796 3550 866 dapibus
3569 816 3661 868 pa-

2087 887 2259 933 scant.
2293 880 2488 934 Verum
2519 881 2634 934 haec
2674 882 2933 935 mentium
2979 881 3201 938 refectio
3229 885 3407 941 stultis
3447 889 3660 958 quidem

2087 969 2294 1023 sabbati
2324 969 2692 1026 defensoribus
2715 971 2980 1041 displicet,
3011 975 3104 1029 sed
3129 990 3160 1028 a
3188 976 3414 1033 Domino
3447 980 3658 1035 sabbati

2085 1059 2382 1127 probatur:
2429 1060 2555 1129 quia
2605 1060 2698 1130 qui
2737 1061 2907 1116 solam
2958 1063 3150 1120 litterae
3187 1067 3525 1136 superficiem
3569 1088 3660 1127 se-

2087 1158 2346 1216 quuntur,
2375 1165 2475 1205 nec
2500 1165 2684 1205 veram
2706 1153 2964 1206 mentium
2991 1154 3339 1211 refectionem
3362 1174 3537 1226 nosse,
3563 1177 3661 1218 nec

2085 1241 2153 1296 ad
2179 1241 2445 1295 iuternam
2491 1243 2772 1311 pervenire
2803 1245 3106 1298 animarum
3155 1249 3396 1316 requiem
3441 1247 3657 1307 norunt.

2086 1332 2237 1387 Unde
2271 1333 2545 1386 temeritas
2582 1348 2764 1388 eorum
2793 1334 2984 1389 merito
3026 1335 3280 1392 Veritatis
3308 1353 3404 1394 ore
3432 1339 3658 1397 confun-

2084 1424 2250 1488 ditur,
2275 1423 2400 1476 dum
2428 1423 2671 1478 subditur
2699 1442 2712 1478 :

2153 1511 2330 1566 Atille
2353 1512 2485 1566 dixit
2509 1514 2583 1567 eis
2615 1529 2632 1567 :
2679 1513 2803 1568 Non
2845 1513 3042 1586 legistis
3086 1516 3212 1586 quid
3239 1516 3419 1586 fecerit
3466 1519 3657 1587 David,

2080 1603 2288 1674 quando
2309 1604 2511 1669 esuriit,
2537 1614 2586 1658 et
2614 1605 2702 1674 qui
2725 1621 2842 1658 cum
2863 1622 2922 1659 eo
2948 1611 3137 1660 erant:
3165 1608 3425 1676 quomodo
3447 1610 3656 1665 intrarit

2079 1695 2135 1747 in
2164 1695 2372 1748 domum
2403 1695 2518 1758 Dei,
2550 1705 2600 1748 et
2641 1712 2799 1766 panes
2839 1698 3206 1766 propositionis
3251 1701 3490 1767 comedit,
3533 1720 3656 1773 quos

403 1795 584 1841 cratas
605 1785 864 1840 evulsisse
889 1785 1152 1854 discipuli,
1184 1784 1508 1853 atquejuxta
1537 1786 1759 1840 aliorum
1786 1803 1976 1840 narra-
2004 1797 2052 1856 B
2081 1801 2182 1839 non
2211 1785 2397 1839 licebat
2424 1787 2472 1840 ei
2493 1786 2826 1851 manducare,
2866 1805 3026 1858 neque
3050 1790 3131 1844 his
3155 1792 3244 1862 qui
3269 1808 3386 1845 cum
3409 1811 3467 1846 eo
3488 1806 3654 1858 erant,

404 1881 604 1934 tionem
628 1878 1095 1949 evangelistarum,
1132 1879 1474 1948 confricantes
1497 1879 1734 1932 manibus
1759 1879 1983 1933 mandu-

401 1987 554 2026 casse
579 1971 944 2040 perhibentur.

476 2063 588 2117 lloc
638 2071 720 2117 est
763 2062 906 2116 enim
961 2064 1102 2131 quod
1147 2064 1224 2115 ait
1276 2061 1601 2132 Apostolus:
1666 2062 1981 2130 Mortiﬁcate

401 2154 630 2207 membra
659 2162 827 2206 vestra
864 2168 981 2222 quw
1009 2160 1128 2206 sunt
1170 2169 1324 2222 super
1356 2163 1570 2216 terram,
1605 2162 1653 2206 et
1695 2153 1867 2206 exuite
1895 2167 1980 2205 vos

399 2253 618 2298 veterem
646 2243 904 2298 hominem
929 2260 1045 2298 cum
1074 2244 1273 2298 actibus
1299 2243 1412 2313 ejus
1441 2243 1663 2314 (Coloss.
1692 2243 1797 2313 ιιι).
1843 2243 1980 2310 Quia

401 2349 508 2387 non
557 2333 714 2387 aliter
751 2333 940 2387 transit
985 2332 1211 2402 quisque
1258 2333 1316 2386 in
1365 2348 1558 2401 corpus
1601 2333 1820 2398 Christi,
1871 2348 1979 2387 non

400 2424 555 2478 aliter
582 2424 855 2479 doctorem
894 2422 1163 2493 profectus
1187 2422 1268 2476 sui
1311 2421 1789 2491 fructibus'pascit,
1817 2435 1978 2490 quam

401 2514 468 2576 si,
518 2513 792 2568 veteribus
838 2513 1286 2583 concupiscentiis
1333 2511 1616 2576 abdicatis,
1666 2527 1803 2566 novo
1849 2511 1979 2566 dile-

399 2603 593 2658 ctionis
620 2604 873 2658 mandato
903 2620 1074 2658 novus
1114 2604 1276 2658 homo
1318 2601 1478 2657 fuerit
1525 2601 1717 2656 factus.
1770 2600 1978 2656 Vellere

397 2696 578 2764 itaque
605 2696 780 2765 spicas
813 2704 898 2749 est
927 2695 1168 2750 homines
1195 2711 1225 2748 a
1265 2703 1477 2748 terrena
1527 2692 1845 2757 intentione,
1871 2707 1977 2762 qua

399 2784 572 2839 solum
617 2785 814 2839 mentis
853 2784 1007 2852 quasi
1046 2785 1280 2839 radicem
1328 2784 1576 2847 ﬁxerant,
1613 2797 1820 2836 eruere.
1856 2781 1975 2836 Fri-

397 2891 524 2931 care
561 2885 742 2930 autem
793 2875 1061 2940 manibus,
1119 2875 1376 2945 exemplis
1428 2875 1684 2928 virtutum
1739 2874 1806 2926 ab
1860 2873 1975 2940 ipsa

396 2966 560 3020 etiam
603 2965 782 3020 carnis
828 2965 1282 3034 concupiscentia,
1332 2964 1482 3033 quasi
1533 2961 1781 3016 folliculis
1816 2969 1977 3029 atque

394 3069 463 3108 ex
501 3053 824 3123 tegumentis
853 3054 1137 3108 aristarum
1179 3055 1466 3123 puritatem
1514 3053 1711 3107 mentis
1752 3066 1969 3106 exuere.

2085 1875 2186 1929 nisi
2233 1875 2358 1929 solis
2409 1877 3090 1951 sacerdotibus?(Hieron.)
3144 1882 3224 1936 Ad
3263 1883 3653 1951 _confutandam

2083 1964 2405 2019 calumniam
2451 1965 2868 2033 Pharisaeorum,
2910 1969 3108 2024 veteris
3144 1973 3460 2028 recordatur
3490 1976 3654 2030 histo-

2081 2058 2175 2113 rire
2205 2077 2217 2112 :
2253 2059 2466 2128 quando
2491 2058 2659 2114 David
2698 2059 2909 2131 fugiens
2952 2060 3168 2116 Saulem
3197 2065 3345 2119 venit
3387 2066 3441 2120 in
3487 2066 3651 2134 Nobe,

2083 2159 2137 2206 ct
2177 2150 2245 2206 ab
2289 2150 2638 2206 Aebimelecb
2689 2151 2968 2208 sacerdote
3010 2161 3316 2223 susceptus,
3369 2159 3654 2226 postulavit

2081 2240 2229 2294 cibos
2256 2257 2270 2305 ;
2304 2241 2395 2310 qui
2428 2257 2549 2296 cum
2577 2256 2742 2312 panes
2788 2241 2960 2299 laicos
3001 2258 3109 2298 non
3155 2244 3401 2311 haberet,
3430 2248 3576 2302 dedit
3603 2250 3652 2304 ei

2079 2338 2440 2395 consecratos,
2462 2332 2654 2399 quibus
2675 2347 2782 2386 non
2801 2331 2997 2387 licebat
3024 2330 3170 2387 vesci
3191 2332 3294 2388 nisi
3325 2333 3454 2388 solis
3477 2350 3655 2390 sacer-

2078 2422 2290 2477 dotibus
2312 2430 2364 2477 et
2390 2422 2588 2476 Levitis
2615 2421 2666 2493 (Ι
2699 2422 2822 2494 Reg.
2848 2423 2985 2494 xxI).
3035 2423 3101 2478 Et
3126 2424 3230 2479 hoc
3257 2420 3466 2480 tantum
3493 2427 3655 2480 inter-

2079 2512 2306 2581 rogavit,
2339 2513 2384 2566 si
2425 2512 2605 2566 mundi
2652 2521 2818 2566 essent
2848 2514 2995 2583 pueri
3035 2530 3068 2566 a
3110 2512 3434 2579 mulieribus,
3482 2525 3539 2570 et
3567 2516 3654 2569 illo

2079 2603 2434 2672 respondente
2464 2604 2527 2656 ab
2567 2604 2680 2657 heri
2718 2613 2766 2657 et
2803 2603 2993 2658 nudius
3034 2605 3239 2671 tertius,
3287 2621 3393 2661 non
3437 2607 3649 2661 dubita-

2076 2696 2213 2748 verit
2257 2709 2423 2763 panes
2474 2695 2624 2758 dare,
2670 2693 2864 2749 melius
2909 2694 3220 2759 arbitratus,
3267 2695 3530 2765 propheta
3576 2697 3652 2750 di-

2074 2793 2232 2839 cente
2261 2799 2274 2838 :
2307 2783 2719 2838 Misericordiam
2763 2783 2895 2849 rolo,
2927 2795 3103 2839 etnon
3137 2787 3456 2855 sacrificium
3497 2787 3640 2857 (Ose.

2074 2873 2264 2941 vi),de
2293 2872 2450 2928 famis
2502 2872 2740 2942 periculo
2787 2873 3034 2927 homines
3076 2871 3309 2928 liberare
3352 2889 3514 2942 quam
3549 2877 3651 2929 Deo

2074 2964 2267 3019 offerre
2292 2963 2635 3019 sacriﬁcium.
2681 2962 2865 3018 Hostia
2907 2965 3049 3017 enim
3086 2963 3197 3018 Deo
3246 2963 3529 3034 placabilis
3554 2966 3649 3019 ho-

2074 3058 2276 3111 minum
2323 3055 2466 3110 salus
2501 3065 2603 3110 est.
2649 3054 2879 3126 Opponit
2903 3069 3031 3125 ergo
3076 3056 3352 3120 Dominus,
3397 3064 3455 3111 et
3483 3057 3646 3111 dicit:

395 3145 574 3199 Grana
603 3158 731 3199 vero
764 3145 1088 3199 manducare
1133 3153 1214 3200 est
1261 3145 1607 3199 emundatum
1651 3159 1918 3215 quemque
1946 3158 1978 3197 a
2006 3137 2050 3199 C
2085 3147 2140 3202 Si
2168 3155 2222 3202 ct
2269 3147 2436 3201 David
2476 3153 2695 3202 sanctus
2722 3157 2824 3210 est,
2859 3154 2913 3200 et
2953 3145 3296 3201 Acbimelech
3343 3146 3586 3215 pontifex
3620 3161 3650 3197 a

395 3237 646 3292 sordibus
687 3235 942 3290 vitiorum
997 3251 1094 3306 per
1137 3251 1231 3290 ora
1278 3236 1680 3304 praedicantium
1722 3234 1974 3289 Ecclesia:

396 3328 655 3384 membris
701 3328 1052 3396 incorporari.
1082 3327 1148 3380 Et
1176 3327 1312 3381 bene
1339 3327 1454 3382 haec
1475 3325 1717 3395 discipuli
1741 3339 1974 3394 prie-gre-

395 3420 606 3476 dientes
626 3427 750 3476 ante
781 3417 1061 3472 Dominum
1088 3416 1279 3471 fecisse
1307 3422 1812 3471 commemorantur.
1838 3413 1973 3478 Quia

395 3515 634 3570 doctoris
659 3527 880 3568 necesse
921 3521 1004 3567 est
1031 3525 1208 3566 sermo
1251 3509 1536 3580 praecedat,
1567 3516 1622 3562 et
1650 3507 1728 3560 sic
1753 3521 1848 3560 cor
1873 3521 1972 3558 au-

396 3605 586 3661 ditoris
627 3603 961 3672 subsequens
1002 3601 1174 3673 gratia
1217 3614 1462 3670 superna:
1496 3596 1818 3652 visitationis
1851 3594 1973 3650 illu-

394 3706 548 3754 stret.
583 3696 727 3752 Bene
749 3694 1006 3757 sabbatis,
1037 3693 1161 3762 quia
1202 3691 1372 3747 sancti
1404 3690 1651 3746 doctores
1694 3689 1748 3743 in
1773 3688 1970 3759 praedi-

393 3789 566 3843 cando
607 3795 662 3842 et
703 3786 804 3856 ipsi
850 3800 947 3856 pro
992 3799 1087 3853 spe
1136 3783 1330 3838 futurae
1376 3783 1575 3852 quietis
1617 3781 1881 3846 laborant,
1915 3787 1972 3835 et

393 3879 671 3934 auditores
688 3892 838 3946 atque
871 3891 998 3931 suos
1024 3875 1312 3931 admonent
1337 3888 1443 3928 non
1488 3881 1708 3943 propter
1728 3887 1969 3928 amorem

394 3969 576 4025 szeculi
602 3967 945 4039 supervacuis
974 3967 1222 4020 insistere
1263 3964 1508 4035 negotiis,
1539 3963 1630 4019 sed
1663 3964 1839 4034 potius
1873 3980 1969 4034 pro

393 4069 595 4115 :eterna
620 4057 807 4127 requie
829 4056 984 4111 bonis
1021 4055 1272 4110 insudare
1301 4055 1592 4110 laboribus.

461 4149 594 4203 Item
633 4162 730 4217 per
767 4156 884 4201 sata
914 4144 1188 4199 ambulant
1226 4159 1349 4197 cum
1379 4143 1604 4198 Domino
1633 4143 1745 4213 qui,
1772 4143 1968 4198 divinis

390 4241 766 4308 obtemperare
815 4236 1092 4290 studentes
1140 4233 1411 4304 imperiis,
1467 4232 1697 4288 solerter
1749 4232 1966 4303 eloquia

391 4345 548 4384 sacra
576 4326 822 4382 meditari
859 4325 1211 4380 delectantur.
1261 4322 1518 4376 Esuriunt
1559 4323 1613 4375 in
1663 4321 1814 4384 satis,
1843 4335 1965 4377 cum

393 4425 446 4478 in
475 4423 678 4478 eisdem
702 4420 871 4476 sacris
899 4417 1146 4488 eloquiis,
1169 4430 1287 4485 quae
1314 4415 1536 4485 legendo
1563 4421 1960 4483 pertranseunt,

2080 3240 2230 3294 vobis
2256 3253 2360 3292 non
2389 3236 2818 3307 reprehenditur,
2857 3237 2952 3292 sed
2996 3235 3125 3306 legis
3164 3241 3391 3305 uterque
3422 3236 3644 3288 manda-

2075 3341 2186 3386 tnm
2219 3330 2478 3401 probabili
2505 3327 2851 3384 excusatione
2879 3327 3194 3396 transgressi
3221 3333 3366 3389 sunt,
3392 3333 3449 3380 et
3479 3324 3651 3379 fauies

2076 3424 2128 3477 iu
2151 3438 2310 3478 causa
2338 3431 2437 3485 est,
2489 3438 2587 3477 cur
2636 3421 2882 3477 eamdem
2930 3417 3127 3474 famem
3173 3433 3281 3473 non
3327 3418 3574 3488 probatis
3598 3418 3648 3470 iu

2073 3512 2351 3582 apostolis,
2373 3528 2534 3583 quam
2553 3511 2791 3581 probatis
2812 3510 2866 3564 in
2892 3509 3101 3564 creteris
3123 3509 3147 3562 ?
3172 3507 3488 3576 Quanquam
3515 3517 3572 3561 et
3599 3508 3649 3560 in

2073 3603 2176 3658 hoc
2205 3602 2373 3657 multa
2400 3602 2652 3656 distantia
2679 3600 2768 3656 sit.
2797 3599 2888 3654 Isti
2933 3599 3109 3668 spicas
3139 3598 3192 3652 in
3236 3598 3458 3652 sabbato
3484 3612 3648 3650 manu

2072 3691 2394 3757 confricant,
2433 3692 2509 3745 illi
2537 3705 2704 3762 panes
2731 3689 3082 3745 comederunt
3107 3687 3395 3743 Leviticos.

2143 3781 2352 3853 (Beda.)
2404 3781 2782 3852 (loquebantur
2845 3781 2989 3836 enim
3046 3795 3213 3849 panes
3259 3779 3646 3850 propositionis

2071 3883 2195 3930 ante
2237 3872 2539 3938 sabbatum,
2582 3880 2638 3928 et
2673 3871 2898 3927 sabbato
2942 3885 3097 3924 mane
3146 3869 3310 3925 oblati
3342 3885 3506 3938 super
3550 3884 3642 3923 sa-

2070 3981 2219 4021 cram
2275 3980 2514 4021 mensam
2567 3964 2927 4035 ponebantur,
2978 3962 3181 4018 bisseni
3239 3963 3304 4018 ad
3357 3962 3647 4017 alterutros

2069 4057 2336 4120 conversi,
2379 4056 2585 4110 duabus
2630 4053 2827 4125 patinis
2865 4053 3043 4109 aureis
3085 4052 3456 4123 superpositis,
3492 4053 3649 4106 thure

2068 4146 2260 4217 plenis,
2290 4162 2410 4216 quae
2447 4146 2833 4215 permanebant
2861 4159 3031 4213 usque
3072 4144 3140 4198 ad
3167 4143 3311 4198 aliud
3338 4144 3646 4206 sabbatum,

2068 4245 2123 4290 et
2151 4243 2277 4290 tunc
2313 4249 2410 4304 pro
2433 4234 2536 4289 illis
2562 4233 2653 4288 alii
2686 4233 3139 4304 deportabantur:
3184 4232 3260 4286 illi
3299 4247 3430 4286 vero
3459 4247 3642 4287 sacer-

2069 4324 2278 4380 dotibus
2300 4324 2710 4388 exhibebantur,
2743 4331 2798 4378 et
2825 4323 2983 4376 thure
3003 4322 3223 4377 incenso
3262 4323 3315 4376 in
3345 4323 3466 4392 igne
3489 4337 3647 4377 sacro

2070 4413 2122 4467 in
2149 4428 2254 4482 quo
2283 4413 2461 4467 omnia
2508 4412 2820 4467 holocausta
2865 4410 2978 4466 ﬁeri
3029 4410 3294 4476 solebant,
3345 4411 3488 4464 aliud
3524 4411 3645 4464 thus

389 4530 586 4587 panem
637 4513 761 4566 vitae
817 4474 1058 4564 invenire
1102 4474 1429 4569 desiderant,
1484 4507 1586 4560 hoc
1634 4513 1718 4559 est
1764 4505 1830 4559 ad
1879 4474 2231 4576 illaDsuper
2255 4505 2388 4560 alios
2416 4504 2694 4560 duodecim
2725 4518 2892 4573 panes
2938 4499 3326 4569 adjiciebatur;
3374 4517 3479 4569 qua
3511 4502 3642 4554 hora

389 4613 584 4662 curant
618 4603 781 4658 verba
821 4599 1102 4669 pervenire
1128 4595 1322 4667 quibus
1362 4595 1672 4664 ampliorem
1705 4595 1759 4649 in
1792 4609 1850 4650 se
1882 4597 1965 4649 sui

389 4692 694 4752 Conditoris
736 4703 972 4745 amorem
1020 4687 1325 4742 incendant.
1373 4684 1440 4738 Et
1469 4685 1572 4738 hoc
1607 4684 1659 4738 in
1706 4683 1963 4750 sabbatis,

389 4801 536 4852 cum,
564 4782 737 4854 sopita
764 4788 946 4836 mente
975 4793 1006 4832 a
1049 4776 1370 4832 turbulentis
1396 4774 1828 4846 cogitationibus,
1870 4789 1965 4829 va-

387 4892 515 4935 care
556 4875 791 4948 gaudent
820 4880 875 4928 et
917 4873 1100 4927 videre
1143 4884 1301 4940 quam
1342 4867 1516 4923 suavis
1557 4877 1633 4921 est
1682 4866 1958 4932 Dominus,

386 4983 656 5041 quamque
680 4966 859 5021 beatus
899 4965 980 5018 vir
1019 4963 1107 5034 qui
1137 4971 1307 5032 sperat
1340 4961 1395 5014 in
1433 4975 1490 5014 eo
1537 4956 1709 5030 (Psal.
1739 4957 1958 5028 xxxm),

384 5069 767 5133 assumptoque
811 5057 1029 5130 pietatis
1075 5067 1129 5110 et
1178 5052 1496 5109 humilitatis
1526 5051 1733 5116 habitu,
1780 5050 1847 5103 ad
1877 5063 1962 5103 re-

383 5157 566 5230 quiem
619 5153 926 5210 animarum
976 5161 1197 5204 suarum
1253 5143 1519 5214 attingere
1583 5139 1955 5195 contendunt:

381 5227 586 5304 vellunt
612 5244 789 5316 spicas
818 5256 937 5312 qua:
966 5237 1104 5294 forte
1124 5240 1436 5296 occurrunt,
1462 5238 1517 5284 et
1541 5227 1722 5282 tandiu
1746 5233 1962 5280 versant

381 5341 631 5397 manibus
659 5336 1024 5402 contritasque
1050 5333 1301 5400 purgant,
1330 5323 1500 5378 donec
1538 5319 1604 5373 ad
1634 5332 1813 5372 escam
1836 5331 1960 5385 per-

379 5431 632 5485 veniant:
673 5441 795 5481 cum
837 5421 1142 5480 testimonia
1182 5417 1604 5485 Scripturarum,
1632 5410 1697 5464 ad
1730 5424 1848 5478 qua:
1885 5407 1962 5461 le-

381 5531 569 5590 gentes
610 5516 949 5588 perveniunt,
999 5508 1308 5567 meditando
1346 5510 1650 5566 assumunt,
1691 5509 1746 5555 et
1775 5497 1956 5590 tandiu

384 5588 712 5663 scrutatione
738 5605 922 5662 sedula
943 5601 1254 5662 discutiunt,
1285 5597 1454 5652 donec
1483 5593 1537 5649 in
1575 5592 1654 5647 eis
1675 5588 1955 5647 medullam

391 5695 716 5759 dilectionis,
742 5709 862 5764 qua:
909 5693 1076 5747 latere
1099 5689 1396 5754 videbatur,
1430 5683 1760 5741 invenientes
1783 5689 1960 5736 extra-

2067 4597 2449 4667 superveniens
2474 4595 2640 4649 David
2683 4608 2850 4664 panes
2877 4600 3218 4647 consecratos
3261 4595 3486 4660 accepit.
3533 4591 3646 4646 Nec

2067 4702 2172 4741 non
2193 4685 2257 4741 ad
2282 4683 2489 4742 sabbati
2525 4683 2926 4740 solemnitatem.
2951 4680 3276 4735 accedebant
3327 4679 3647 4734 Neomenia-

2066 4792 2185 4831 rum
2208 4777 2342 4842 dies,
2367 4774 2561 4846 quibus
2598 4773 2655 4828 in
2695 4772 2942 4829 convivio
2980 4771 3268 4842 requisitos
3293 4769 3394 4824 fuit
3422 4786 3488 4825 ex
3519 4771 3639 4822 aula

2065 4867 2231 4938 regia.

2130 4952 2312 5026 (Aug.)
2343 4953 2598 5022 Figurate
2626 4958 2826 5015 autem,
2855 4948 3209 5020 quod‘David
3248 4955 3304 5002 et
3328 4949 3482 5018 pueri
3521 4948 3640 5016 ejus

2056 5057 2221 5116 panes
2241 5057 2498 5112 accepere
2541 5041 2930 5107 sanctiﬁcatos,
2971 5039 3208 5095 ostendit
3252 5038 3640 5093 sacerdotalem

2056 5137 2235 5191 cibum
2275 5135 2342 5189 ad
2369 5149 2525 5189 usum
2567 5133 2918 5188 transiturum
2965 5146 3084 5186 esse
3115 5129 3473 5200 populorum:
3522 5129 3643 5182 sive

2057 5225 2199 5294 quod
2236 5237 2421 5278 omnes
2461 5223 2624 5276 vitam
2679 5220 3067 5276 sacerdotalem
3113 5219 3370 5273 debemus
3416 5217 3640 5279 imitari,

2061 5316 2173 5371 sive
2193 5315 2333 5384 quod
2354 5327 2542 5370 omnes
2563 5311 2656 5366 ﬁlii
2685 5311 2935 5366 Ecclesizc
2961 5310 3272 5365 sacerdotes
3296 5316 3440 5363 sunt.
3472 5307 3640 5376 Ungi-

2061 5421 2182 5459 mur
2207 5404 2351 5459 enim
2386 5403 2441 5457 in
2470 5401 2830 5456 sacerdotium
2875 5407 3142 5462 sanctum,
3192 5396 3478 5452 offerentes
3512 5410 3641 5448 nos-

2061 5494 2318 5562 metipsos
2340 5491 2451 5547 Deo
2473 5490 2678 5546 hostias
2715 5487 2986 5559 spiritales

2130 5584 2233 5636 Aut
2260 5598 2363 5635 non
2392 5579 2585 5650 legistis
2612 5579 2669 5632 in
2711 5578 2821 5647 lege
2855 5577 2980 5646 quia
3009 5575 3245 5630 sabbatis
3261 5573 3554 5626 sacerdotes
3584 5574 3638 5624 iu

2059 5674 2246 5745 templo
2259 5673 2527 5728 sabbatum
2553 5670 2742 5726 riolant
2763 5679 2810 5724 et
2830 5669 2940 5723 sine
2959 5667 3172 5722 crimine
3193 5675 3311 5720 sunt
3329 5665 3356 5720 7
3371 5662 3638 5734 (llic-ron.)
