3978 6190
327 308 455 437 est

1311 366 1662 424 COMMENT.
1702 370 1768 425 IN
1808 371 2243 432 ΜΑΤΤΗᾹΞυΜ.
2280 407 2350 421 -
2385 378 2513 435 LIB.
2542 379 2635 437 ιν.

3455 383 3561 443 929

326 473 764 543 Calumniamini,
801 477 995 548 inquit,
1024 478 1315 550 discipulos
1357 497 1508 538 meos
1539 498 1639 538 cur
1679 498 1777 552 per
1800 499 1889 540 se-
1917 487 1966 544 Α
1993 502 2122 542 num
2155 489 2383 545 habebat
2412 492 2619 547 aridam
2646 533 2661 558 ,
2706 493 2996 548 humanum
3034 509 3205 566 genus
3252 495 3452 552 indicat
3503 498 3558 552 in

324 573 475 633 getes
496 571 837 621 transeuntes
860 567 1039 637 spicas
1068 568 1333 636 triverint,
1356 573 1535 627 ethoc
1569 571 1795 628 fecerint
1818 573 1897 628 fa-

326 652 428 706 mis
455 654 779 709 necessitate
801 667 1046 726 cogente,
1094 674 1217 714 cum
1256 660 1357 729 ipsi
1383 662 1662 717 sabbatum
1687 662 1898 718 violetis

325 744 378 799 in
403 744 601 813 templo
628 745 968 802 immolantes
993 749 1258 816 victimas,
1284 751 1549 806 caedentes
1574 760 1778 815 tauros,
1800 753 1899 807 ho-

323 833 565 888 locausta
618 849 782 904 super
832 837 1095 908 lignorum
1133 848 1334 895 struem
1379 841 1626 897 incendio
1671 857 1895 897 concre-

322 932 552 991 mantes,
572 932 648 987 et,
670 923 825 993 juxta
851 926 1068 982 alterius
1100 930 1369 999 Evangelii
1397 930 1577 995 ﬁdem,
1621 932 1894 987 circumci-

322 1014 500 1068 dentes
529 1013 772 1084 parvulos
799 1017 852 1070 in
880 1018 1129 1073 sabbato:
1159 1028 1218 1075 ut
1244 1021 1368 1076 dum
1398 1022 1557 1076 aliam
1580 1022 1752 1093 legem
1783 1038 1897 1078 ser-

321 1120 448 1160 vare
489 1106 702 1177 cupitis,
748 1109 1029 1163 sabbatum
1058 1112 1365 1168 destruatis.
1402 1112 1686 1184 Nunquam
1712 1124 1894 1169 autem

321 1199 465 1269 leges
492 1200 587 1254 Dei
612 1201 714 1255 sibi
738 1203 1023 1258 contrariae
1054 1212 1196 1259 sunt.
1221 1205 1287 1259 Et
1308 1204 1598 1274 prudenter
1617 1206 1708 1260 ubi
1730 1206 1894 1261 disci-

319 1290 428 1361 puli
458 1291 541 1345 sni
571 1293 991 1363 transgressione
1011 1294 1161 1365 argui
1183 1302 1449 1365 poterant,
1478 1296 1642 1351 David
1665 1296 1897 1351 etAchi-

319 1379 528 1434 melech
552 1379 683 1435 dicit
704 1381 946 1451 exempla
971 1393 1224 1448 secutos;
1252 1399 1436 1439 verum
1476 1393 1659 1440 autem
1684 1392 1740 1439 et
1768 1385 1896 1440 abs-

318 1485 427 1539 que
452 1471 790 1527 necessitatis
813 1473 1035 1533 obtentu
1079 1473 1286 1531 sabbati
1317 1476 1813 1543 praevaricationem
1840 1475 1895 1531 in

317 1559 466 1631 ipsos
494 1560 681 1627 refert,
707 1564 798 1632 qui
825 1565 1148 1622 calumniam
1174 1567 1433 1626 fecerant.

396 1650 523 1705 Dico
553 1660 727 1706 autem
755 1654 894 1709 vobis
914 1656 1039 1726 quia
1064 1658 1253 1728 templo
1282 1660 1456 1729 major
1472 1668 1548 1713 est
1559 1655 1895 1729 hic.(Mson.)

316 1738 375 1794 ln
402 1742 504 1797 hac
527 1744 792 1799 sententia
822 1745 1097 1817 Evangelii
1130 1748 1391 1817 particula
1417 1749 1501 1803 hic
1523 1764 1630 1803 non
1653 1756 1740 1802 est
1764 1762 1894 1816 pro-

1996 578 2322 636 fecunditate
2348 582 2472 637 boni
2494 584 2675 651 operis
2698 584 3015 651 arefactum,
3041 587 3134 640 sed
3161 585 3374 641 Domini
3402 586 3560 642 misc-

1996 672 2205 727 ratione
2232 682 2503 730 curatum.
2536 676 2700 746 Cujus
2725 678 2966 744 dextera,
2997 694 3117 750 qua:
3163 682 3217 734 in
3260 682 3435 752 primo
3466 696 3561 751 pa-

1994 776 2148 824 rente
2167 771 2293 825 dum
2317 772 2496 828 vetitae
2522 774 2732 828 arboris
2752 789 2907 843 poma
2944 777 3285 845 decerperet,
3318 786 3558 840 arnerat,

1994 872 2091 927 per
2134 858 2511 932 Redemptoris
2551 863 2803 933 gratiam,
2835 864 2961 917 dum
3004 863 3245 918 insontes
3278 880 3469 919 manus
3504 865 3560 918 in

1995 948 2188 1001 arbore
2216 950 2394 1005 crucis
2419 952 2679 1015 tenderet,
2711 952 2974 1007 bonorum
3014 968 3233 1022 operum
3276 955 3451 1009 succis
3476 964 3560 1009 cst

1995 1037 2241 1092 restituta
2263 1038 2441 1093 saluti.
2491 1039 2557 1094 Et
2600 1042 2735 1096 bene
2784 1042 2836 1096 in
2888 1057 3154 1113 synagoga
3204 1058 3395 1096 manus
3442 1053 3560 1099 erat

1993 1126 2143 1181 arida
2175 1129 2336 1198 :quia
2369 1130 2458 1184 ubi
2492 1130 2729 1185 scientia:
2755 1131 2950 1186 donum
2984 1131 3160 1201 majus
3185 1173 3200 1198 ,
3231 1133 3302 1186 ibi
3340 1134 3558 1205 gravius

1992 1223 2078 1272 est
2100 1218 2477 1274 inexcusabilis
2498 1235 2651 1274 nosce
2681 1221 2994 1291 periculum.

2065 1305 2133 1359 Et
2176 1307 2562 1378 interrogabant
2594 1326 2711 1364 eum
2742 1311 2968 1365 dicentes
3005 1327 3024 1366 :
3067 1311 3125 1366 Si
3179 1312 3296 1367 licet
3331 1313 3558 1367 sabbatis

1993 1411 2182 1451 curare
2200 1397 2226 1451 ἲ
2259 1409 2314 1452 ut
2339 1409 2644 1454 accusarent
2667 1417 2805 1455 eum.
2834 1401 2970 1469 Quia
2993 1402 3408 1460 destructionem
3436 1406 3559 1460 sal)-

1995 1484 2138 1549 bati,
2159 1500 2321 1555 quam
2350 1485 2605 1542 Pharisaei
2649 1489 2703 1543 in
2730 1489 3009 1559 discipulis
3050 1495 3382 1562 arguebant,
3434 1511 3558 1563 prn-

1995 1573 2157 1629 babili
2182 1577 2430 1646 exemplo
2457 1588 2849 1645 excusaverat,
2897 1580 3069 1650 ipsum
3112 1583 3427 1638 calumniari
3465 1601 3557 1640 vo-

1998 1664 2145 1731 lunt;
2192 1673 2249 1720 et
2291 1666 2696 1738 interrogabant
2719 1677 2900 1724 utrum
2925 1670 3082 1725 liceat
3110 1686 3300 1727 curare
3336 1674 3389 1727 in
3437 1677 3559 1729 sal:-

1997 1757 2138 1811 batis
2165 1773 2180 1810 :
2205 1765 2263 1811 ut
2300 1758 2344 1812 si
2397 1774 2504 1812 non
2544 1761 2855 1825 curaverit,
2898 1762 3232 1815 crudelitatis
3266 1770 3360 1816 aut
3389 1763 3557 1819 imbe—

314 1845 535 1896 nomen,
563 1833 656 1888 scd
685 1834 997 1891 adverbium
1024 1836 1146 1902 loci,
1172 1845 1228 1892 et
1264 1837 1532 1909 signiﬁcat
1557 1836 1701 1906 Quod
1749 1843 1884 1889 tem-
1917 1833 1964 1890 B
1991 1846 2263 1913 eillitatis;
2326 1847 2373 1901 si
2419 1849 2720 1912 curaverit,
2774 1857 3227 1919 transgressorem
3280 1865 3554 1908 accusent.

311 1919 406 1988 plo
449 1921 621 1991 major
650 1923 721 1978 sit
753 1924 907 1980 locus
931 1925 1021 1994 qui
1049 1926 1332 1982 Dominum
1367 1927 1551 1996 templi
1583 1934 1792 1993 teneat;
1824 1941 1891 1981 ac

310 2009 360 2065 si
414 2010 621 2067 diceret
664 2031 678 2067 :
721 2012 778 2069 Si
812 2015 1034 2084 ligni-ale
1071 2016 1328 2087 templum
1376 2018 1552 2087 potuit
1599 2016 1888 2074 defendere

311 2100 628 2157 sacerdotes
670 2102 772 2157 sibi
818 2105 1136 2171 servientes,
1167 2120 1265 2160 cur
1299 2106 1541 2175 spiritale
1570 2120 1677 2160 non
1707 2111 1887 2175 potest

307 2188 601 2246 defendere
648 2192 938 2262 discipulos
963 2195 1066 2251 sibi
1091 2196 1407 2252 credentes?
1445 2194 1670 2268 (Hilar.)
1697 2195 1888 2250 Osten-

310 2277 393 2332 dit
420 2279 565 2334 enim
588 2281 713 2350 quia
742 2298 840 2352 per
870 2299 931 2339 se
969 2283 1143 2355 ipsum
1176 2285 1231 2340 in
1274 2285 1565 2355 apostolica
1592 2285 1839 2340 doctrina
1867 2323 1884 2350 ,

307 2368 511 2438 populo
537 2370 672 2441 legis
694 2371 983 2428 inﬁdeliter
1002 2375 1225 2441 otiante,
1247 2375 1392 2431 salus
1415 2375 1667 2445 gentibus
1694 2374 1882 2429 datur:

309 2458 441 2527 quia
468 2460 639 2530 majo’r
670 2462 786 2532 ipse
815 2464 886 2518 sit
906 2465 1130 2519 sabbato
1154 2504 1169 2529 ,
1197 2473 1253 2521 et
1285 2465 1487 2535 absque
1514 2465 1728 2520 violatae
1753 2464 1887 2536 legis

306 2549 499 2620 culpa,
543 2554 851 2624 evangelica
893 2554 1027 2610 ﬁdes
1052 2563 1309 2625 operetur
1349 2556 1403 2610 in
1431 2555 1668 2611 Christo.
1707 2555 1886 2625 Atque

305 2650 369 2695 ut
403 2644 712 2699 ostenderet
755 2644 969 2699 omnem
1023 2661 1204 2702 rerum
1257 2645 1603 2702 eliicientiam
1650 2647 1883 2719 speciem

304 2730 479 2785 futuri
511 2733 689 2802 operis
714 2734 1009 2801 continere,
1034 2737 1256 2807 adjecit:

384 2820 453 2876 Si
473 2832 644 2877 autem
675 2824 879 2880 sciretis
919 2828 1044 2896 quid
1080 2839 1177 2893 est,
1220 2827 1637 2884 Mtsericordiam
1664 2846 1798 2897 υοιο,
1835 2840 1885 2885 ct

303 2927 417 2965 non
440 2912 782 2980 sacriﬁcium,
808 2920 1072 2986 nunquam
1100 2918 1538 2974 condemnassetis
1563 2921 1880 2976 innocentes.

302 3000 579 3072 (Hierom)
607 3002 746 3069 Quid
772 3005 842 3060 sit
863 3004 1277 3065 Misericordiam
1309 3008 1452 3076 volo,
1477 3020 1523 3064 et
1547 3026 1651 3065 non
1669 3012 1883 3080 sacri/i-

297 3095 448 3149 cium
470 3135 487 3160 ,
534 3111 697 3166 supra
722 3097 976 3153 diximus.
1005 3098 1157 3167 Quod
1182 3108 1361 3156 autem
1395 3101 1640 3172 sequitur
1662 3142 1677 3167 ,
1724 3102 1882 3157 Nun-

296 3202 468 3253 quam
510 3187 949 3243 condemnassetis
986 3190 1307 3255 innocentes,
1332 3191 1400 3246 de
1419 3191 1678 3263 apostolis
1696 3201 1780 3248 est
1800 3193 1882 3247 in-

297 3274 675 3345 telligendum,
703 3285 760 3332 et
783 3290 868 3333 est
906 3295 1095 3335 sensus
1125 3300 1139 3311 ·
1172 3280 1595 3337 Misericordiam
1635 3297 1884 3352 compro-

298 3366 449 3421 batis
473 3366 819 3424 Achimelech
854 3385 920 3426 eo
945 3372 1087 3440 quod
1112 3371 1257 3426 fame
1287 3372 1683 3441 periclitantem
1712 3373 1882 3428 David

301 3455 635 3512 refocillaret
664 3466 722 3513 et
748 3473 944 3528 pueros
980 3460 1098 3530 ejus
1142 3460 1194 3528 (I
1219 3459 1346 3530 Reg.
1370 3460 1450 3532 xl)
1469 3501 1485 3525 ,
1533 3477 1702 3531 quare
1731 3480 1882 3522 meos

299 3547 596 3616 discipulos
636 3549 1047 3614 condemnatis,
1097 3551 1189 3621 qui
1232 3551 1368 3606 nihil
1419 3552 1529 3607 tale
1590 3552 1881 3611 fecerunt?

379 3630 640 3690 Dominus
656 3636 792 3690 enim
813 3646 888 3691 est
914 3637 1058 3705 ﬁlius
1081 3639 1306 3694 hominis
1328 3640 1487 3695 etiam
1509 3642 1730 3698 sabbati.
1776 3642 1835 3699 Si
1860 3685 1876 3708 ,

301 3725 505 3795 inquit,
533 3728 703 3782 David
734 3743 829 3784 rex
867 3730 1187 3786 sacerdotali
1225 3731 1348 3787 cibo
1390 3741 1577 3801 pastus
1602 3735 1882 3790 excusabi-

300 3817 378 3873 lis
400 3827 503 3884 est,
534 3829 589 3875 et
611 3818 765 3889 juxta
810 3821 1031 3878 alterius
1076 3823 1424 3894 evangelista;
1460 3826 1826 3881 narrationem
1861 3868 1877 3893 ,

299 3910 621 3971 sacerdotes
662 3911 946 3968 sabbatum
983 3928 1080 3983 per
1122 3914 1307 3983 templi
1350 3916 1720 3971 ministerium
1766 3918 1882 3973 vio-

299 4003 480 4058 lantes
522 4013 711 4060 carent
756 4006 1003 4072 crimine,
1031 4015 1237 4076 quanto
1264 4007 1435 4079 magis
1462 4006 1603 4064 ﬁlius
1621 4009 1878 4076 hominis,

301 4098 400 4169 qui
424 4113 588 4154 verus
624 4114 719 4154 rex
747 4109 849 4166 est,
872 4107 927 4156 et
949 4115 1112 4156 verus
1155 4101 1427 4166 sacerdos,
1452 4109 1509 4157 et
1545 4102 1668 4158 ideo
1700 4103 1881 4159 Domi-

299 4206 406 4246 nus
440 4198 526 4246 est
550 4192 782 4257 sabbati,
831 4193 1139 4248 evulsarum
1167 4195 1392 4250 sabbato
1423 4196 1696 4265 spicarum
1738 4213 1880 4253 noxa

299 4293 411 4337 non
455 4280 702 4335 tenetur?
760 4282 997 4338 maxime
1045 4298 1170 4339 cum
1231 4283 1373 4339 idem
1413 4284 1580 4340 Filius
1619 4285 1715 4341 Dei
1755 4302 1879 4342 cum

297 4366 467 4425 Patre
502 4377 560 4425 et
606 4370 811 4442 Spiritu
839 4383 1028 4430 sancto
1050 4390 1157 4431 non
1191 4375 1363 4431 solum
1391 4386 1606 4433 creator
1643 4378 1713 4433 sit
1753 4379 1881 4435 sab-

1948 2010 1953 2015 ‘
1991 1934 2243 1992 Sabbatis
2272 1937 2539 2007 praecipue
2568 1938 2826 1993 Dominus
2854 1938 2909 1993 in
2940 1954 3207 2011 synagoga
3237 1941 3391 1996 docet
3426 1958 3554 2013 0pc-

1987 2035 2247 2098 raturque
2271 2027 2501 2082 virtutes
2533 2043 2639 2083 non
2677 2028 2851 2083 solum
2898 2037 3121 2100 propter
3174 2031 3551 2088 insinuandum

1988 2120 2233 2190 spiritale
2256 2120 2540 2175 sabbatum
2568 2161 2583 2187 ,
2627 2122 2720 2177 sed
2765 2129 2821 2177 et
2863 2131 3083 2192 propter
3115 2123 3464 2179 celebriorem
3491 2140 3555 2181 eo

1986 2211 2074 2265 die
2100 2210 2278 2280 pepuli
2311 2219 2652 2266 conventum.
2681 2210 2779 2266 Cui
2809 2222 2937 2267 tunc
2963 2227 3030 2268 ex
3074 2213 3293 2284 antiqua
3340 2224 3553 2284 patrum

1986 2302 2327 2358 institutione
2355 2303 2524 2358 moris
2547 2310 2685 2366 erat,
2713 2303 2840 2373 quia
2868 2318 3062 2359 vacare
3094 2320 3125 2358 a
3153 2305 3334 2360 labore
3358 2322 3455 2376 per
3480 2308 3554 2361 le-

1985 2407 2106 2463 gem
2146 2390 2479 2463 jubebatur,
2530 2392 2768 2464 legendis
2818 2394 3203 2464 andiendisqne
3260 2394 3554 2467 Scripturis

1983 2497 2205 2552 cperam
2250 2484 2398 2537 dare.
2449 2480 2610 2538 Juxta
2651 2483 2793 2552 quod
2824 2483 2880 2537 in
2927 2482 3152 2538 Actibus
3192 2486 3554 2554 apostolorum

1983 2571 2216 2628 Iacobus
2265 2573 2546 2643 loquitur:
2583 2573 2788 2643 Moyses
2837 2576 2972 2628 enim
3015 2592 3047 2628 a
3088 2575 3268 2629 diebus
3323 2576 3549 2647 antiquis

1960 2666 2154 2734 ‘Itabct,
2190 2668 2281 2738 qui
2304 2684 2421 2721 eum
2450 2667 2730 2738 prwdicent
2758 2667 2810 2720 in
2839 2668 3116 2737 synagogis
3141 2708 3156 2733 ,
3184 2668 3270 2721 ubi
3290 2684 3382 2737 per
3402 2685 3551 2722 omne

1981 2755 2253 2810 sabbatum
2276 2754 2466 2825 legitur
2488 2754 2628 2825 (Act.
2663 2754 2774 2825 xv).
2804 2753 2935 2809 Nam
2975 2755 3115 2810 sicut
3150 2756 3204 2809 hi
3242 2756 3433 2824 quibus
3464 2771 3554 2813 ve-

1984 2845 2144 2900 nandi
2191 2861 2280 2899 ars
2329 2854 2450 2907 est,
2493 2844 2584 2899 ubi
2619 2844 2798 2909 feras,
2852 2846 3031 2914 pisces
3060 2852 3115 2899 et
3151 2844 3394 2899 volucres
3432 2844 3553 2914 plus

1984 2935 2259 2990 abundare
2285 2935 2610 3001 didicerint,
2641 2935 2715 2989 ibi
2742 2950 2838 2989 sua
2866 2936 3099 2989 maxime
3121 2936 3255 2989 retia
3284 2937 3508 2989 tendunt
3535 2953 3548 2988 :

1968 3026 2058 3082 ita
2086 3032 2141 3081 et
2180 3024 2441 3081 Dominus
2487 3039 2705 3095 semper
2735 3024 2917 3080 docuit
2966 3026 3021 3078 in
3074 3040 3343 3095 synagoga
3396 3031 3453 3078 et
3497 3024 3551 3077 in

1985 3116 2186 3187 templo
2244 3131 2352 3186 quo
2417 3130 2608 3170 omnes
2656 3114 2826 3170 Judaei
2882 3114 3316 3177 conveniebant,
3366 3113 3552 3167 volens

1985 3222 2174 3263 omnes
2194 3207 2368 3263 salvos
2380 3206 2520 3271 ﬁeri,
2537 3213 2594 3261 et
2623 3206 2691 3260 ad
2715 3204 3045 3275 agnitionem
3068 3202 3312 3257 veritatis
3336 3202 3548 3255 venire.

2062 3298 2178 3369 Ipse
2210 3306 2383 3352 autem
2427 3296 2559 3350 dixit
2597 3295 2703 3349 illis
2740 3310 2758 3348 :
2799 3293 2934 3360 Quis
2972 3294 3069 3347 erit
3103 3307 3168 3346 ex
3189 3288 3509 3346 vobis‘homo
3536 3330 3551 3355 ,

1981 3388 2072 3457 qui
2102 3386 2289 3442 habeat
2319 3401 2481 3440 unam
2523 3400 2685 3450 ovem,
2721 3393 2770 3438 et
2815 3384 2862 3439 si
2898 3382 3136 3437 ceciderit
3180 3382 3291 3435 lucc
3328 3381 3553 3458 sabba_tis

1981 3476 2038 3530 in
2069 3474 2292 3544 foveam,
2315 3489 2484 3528 nonne
2511 3482 2688 3527 tenens
2719 3471 2906 3527 levabit
2939 3471 3101 3526 eam?
3131 3470 3341 3534 Quanto
3383 3471 3547 3540 magis

1981 3562 2165 3618 melior
2190 3571 2266 3618 est
2287 3564 2443 3617 homo
2467 3564 2597 3617 ove!
2622 3561 2810 3633 Itaque
2839 3562 2954 3616 licet
2979 3562 3206 3617 sabbatis
3233 3561 3549 3630 benefacere.

1982 3651 2251 3723 (Hicron.)
2287 3651 2380 3707 Sic
2405 3651 2567 3707 solvit
2613 3652 2942 3721 propositam
2971 3650 3345 3719 quaestionem,
3377 3657 3436 3702 ut
3474 3651 3551 3702 in-

1982 3751 2316 3814 terrogantes
2332 3741 2571 3796 avaritiae
2598 3742 3001 3795 condemnaret.
3037 3739 3092 3792 Si
3116 3754 3233 3802 vos,
3256 3739 3450 3807 inquit,
3497 3739 3550 3791 in

1981 3836 2206 3889 sabbato
2236 3847 2393 3888 ovem
2422 3840 2478 3886 et
2511 3830 2654 3884 aliud
2682 3829 2958 3900 quodlibet
2998 3828 3197 3882 animal
3241 3829 3295 3882 in
3340 3828 3549 3882 foveam

1981 3923 2236 3980 decidens
2256 3922 2469 3991 eripere
2495 3919 2765 3975 festinatis
2784 3958 2800 3985 ,
2824 3934 2933 3974 non
2961 3918 3195 3982 animali,
3230 3920 3327 3974 sed
3360 3928 3552 3973 vestra:

1979 4011 2219 4067 avaritiae
2260 4009 2608 4067 consulentes
2632 4048 2647 4074 ,
2677 4018 2878 4079 quanto
2911 4009 3203 4079 magisego
3229 4009 3501 4062 hominem
3534 4049 3549 4070 ,

1972 4103 2071 4172 qui
2101 4101 2269 4155 multo
2301 4100 2492 4155 melior
2519 4108 2601 4155 est
2640 4115 2741 4155 ove
2768 4140 2783 4166 ,
2814 4100 2984 4155 debeo
3027 4100 3260 4155 liberare
3286 4101 3298 4153 ε
3344 4099 3552 4153 Praeve-

1978 4191 2133 4246 niens
2167 4190 2429 4245 Dominus
2461 4190 2787 4245 calumniam
2835 4189 3141 4245 Judaeum
3169 4231 3184 4256 ,
3228 4204 3391 4260 quam
3448 4190 3551 4243 sibi

1976 4283 2182 4354 perfida
2231 4291 2414 4337 mente
2463 4290 2827 4352 paraverant,
2879 4282 3059 4353 arguit
3090 4296 3201 4342 eos,
3239 4281 3364 4350 quia
3411 4280 3545 4350 legis

1975 4382 2244 4443 pneccpta
2273 4388 2440 4443 prava
2469 4374 2917 4443 interpretatione
2957 4373 3241 4437 violarent,
3273 4374 3549 4443 aestimati-7

3533 4441 3559 4459 ἦ

300 4460 442 4525 bati,
464 4460 559 4516 sed
580 4462 742 4517 etiam
766 4464 1007 4519 omnium
1032 4474 1333 4536 temporum
1354 4474 1410 4522 et
1445 4468 1611 4523 totius
1633 4469 1838 4523 mundi.
1902 4504 1955 4564 Β
1979 4464 2049 4518 do
2086 4464 2140 4564 in
2184 4464 2428 4564 sabbato"
2458 4464 2621 4564 etiam
2662 4479 2694 4517 a
2741 4463 2897 4564 bon-is
2922 4462 3177 4564 operibus
3199 4461 3500 4564 feriandum
3533 4502 3549 4526 ,

372 4550 487 4623 [IL]
517 4550 585 4605 Et
608 4569 727 4607 cum
748 4556 1017 4610 transisset
1039 4557 1182 4619 inde,
1198 4558 1330 4611 venit
1355 4558 1409 4612 in
1439 4556 1768 4629 Synagogam
1792 4575 1879 4614 eo—

299 4659 441 4709 rum,
476 4651 527 4697 et
569 4659 683 4698 ecce
701 4645 854 4700 homo
888 4663 1099 4701 manum
1121 4648 1313 4703 habens
1338 4649 1564 4704 aridam.
1591 4649 1773 4720 (Aug.)
1800 4650 1877 4706 De

300 4733 408 4789 isto
439 4733 657 4789 homine
683 4736 778 4805 qui
808 4752 1027 4791 manum
1051 4739 1286 4794 habebat
1307 4740 1513 4795 aridam
1542 4741 1704 4795 etiam
1736 4739 1877 4796 Mar-

300 4840 399 4880 eus
426 4833 481 4880 et
504 4823 682 4880 Lucas
711 4841 817 4881 non
852 4835 1031 4881 tacent
1059 4826 1252 4898 (Marc.
1282 4845 1372 4891 Ill;
1405 4828 1532 4883 Luc.
1558 4829 1656 4899 vr).
1688 4829 1877 4887 Posset

301 4923 483 4970 autem
518 4917 697 4986 putari
726 4931 791 4971 eo
831 4917 918 4972 die
959 4915 1163 4972 factum
1204 4919 1352 4973 etde
1392 4919 1553 4989 spicis
1591 4928 1648 4975 et
1674 4920 1876 4990 deipso

302 5014 518 5072 sanato,
559 5006 814 5077 quoniam
857 5008 1140 5063 sabbatum
1174 5014 1231 5061 et
1262 5007 1352 5062 hic
1398 5017 1874 5074 commemoratur,

302 5095 409 5152 nisi
444 5095 621 5153 Lucas
657 5097 960 5168 aperuisset
999 5096 1105 5151 alio
1162 5097 1386 5151 sabbato
1421 5096 1619 5152 factum
1654 5111 1776 5152 esse
1809 5096 1878 5153 de

302 5188 538 5243 sanitate
574 5188 740 5244 aridas
783 5204 994 5243 manus.
1044 5187 1282 5244 Proinde
1339 5187 1485 5258 quod
1551 5187 1874 5256 Dlatthteus,

301 5286 355 5330 et
380 5293 501 5332 cum
530 5278 651 5332 inde
685 5277 955 5332 transisset
982 5317 998 5343 ,
1049 5278 1184 5331 venit
1225 5277 1279 5331 in
1322 5292 1641 5347 synagogam
1673 5293 1874 5344 eorum,

303 5383 415 5423 non
463 5369 682 5439 quidem
716 5368 868 5424 venit
919 5366 1023 5422 nisi
1072 5382 1195 5421 cum
1237 5366 1363 5420 inde
1410 5366 1734 5431 transisset;
1783 5367 1879 5421 sed

306 5466 430 5528 post
462 5468 595 5529 quot
619 5458 737 5514 dies
764 5460 817 5513 in
847 5472 1176 5530 synagogam
1202 5471 1390 5512 eorum
1436 5454 1651 5510 venerit
1686 5464 1907 5525 postea-

298 5563 469 5620 quam
504 5564 536 5604 a
577 5557 759 5620 segete
804 5549 893 5604 illa
936 5547 1149 5603 transiit
1187 5562 1295 5602 non
1331 5561 1646 5617 expressum
1670 5555 1771 5601 est.
1799 5547 1880 5603 Ac

304 5653 405 5708 per
431 5639 534 5695 hoc
563 5640 713 5696 locus
738 5640 896 5694 datur
938 5639 1234 5695 narrationi
1279 5638 1457 5704 Lucze,
1487 5638 1577 5708 qui
1613 5638 1745 5693 dicit
1772 5639 1877 5694 alio

306 5729 535 5787 sabbato
564 5729 726 5803 hujus
750 5746 968 5786 manum
987 5737 1251 5787 sanatam.
1286 5729 1459 5786 Homo
1486 5742 1618 5786 sane
1643 5729 1733 5798 qui
1761 5745 1875 5785 ma-

1981 4568 2103 4608 cum
2129 4553 2212 4608 lex
2240 4567 2271 4606 a
2304 4552 2459 4607 malis
2484 4551 2757 4607 abstinere
2777 4551 2987 4621 jubeat,
3015 4552 3221 4617 dicens,
3241 4550 3404 4606 Omne
3423 4568 3550 4621 opus

1980 4644 2164 4698 servile
2189 4661 2292 4699 non
2314 4644 2518 4716 facietis
2541 4644 2596 4697 in
2614 4659 2673 4698 eo
2697 4642 2881 4715 (Leuit.
2913 4644 3072 4712 mu)
3099 4682 3114 4707 ,
3155 4643 3209 4697 id
3235 4652 3336 4708 est,
3365 4657 3553 4713 pecca-

1981 4744 2093 4789 tum
2124 4752 2138 4788 :
2175 4733 2356 4789 Omnis
2425 4735 2570 4789 enim
2624 4733 2715 4805 qui
2764 4732 2891 4803 facit
2944 4742 3211 4804 peccatum
3249 4749 3426 4787 servus
3476 4741 3551 4786 est

1978 4826 2172 4895 peccati
2197 4825 2375 4895 (Joan.
2407 4824 2523 4896 vm)
2556 4825 2781 4879 :eodem
2819 4834 3090 4895 praecepto
3114 4823 3348 4880 simulet
3383 4823 3548 4878 futuri

1980 4914 2162 4970 saeculi
2202 4912 2434 4969 formam
2458 4914 2512 4967 in
2536 4912 2892 4981 praesentibus
2933 4913 3281 4978 adumbrans,
3322 4912 3412 4967 ubi
3458 4913 3551 4983 qui

1979 5024 2081 5080 per
2107 5017 2219 5063 tres
2244 5006 2425 5063 saeculi
2447 5004 2605 5073 huius
2625 5012 2814 5061 :etates
2839 5005 2980 5060 bona
3005 5003 3264 5067 fecerunt,
3298 5004 3353 5057 in
3389 5005 3554 5072 septi-

1982 5113 2070 5152 ma
2098 5097 2280 5168 quiete
2308 5095 2571 5149 malorum
2600 5094 2989 5156 tantummodo,
3023 5108 3131 5146 non
3160 5101 3337 5144 autem
3378 5090 3550 5143 bono-

1980 5204 2126 5255 rum,
2148 5188 2259 5243 sint
2284 5185 2448 5241 ferias
2478 5186 2745 5251 habituri;
2772 5201 2895 5240 nam
2924 5185 3052 5240 licet
3079 5183 3355 5238 smcularia
3385 5198 3548 5251 opera

1983 5278 2392 5348 conquiescant,
2437 5290 2545 5331 non
2593 5276 2812 5337 otiosus
2828 5284 3008 5329 tamen
3036 5274 3163 5328 boni
3193 5273 3372 5342 operis
3402 5283 3552 5329 actus

1979 5379 2064 5426 est
2092 5370 2145 5424 in
2173 5368 2267 5423 Dei
2296 5367 2454 5422 laude
2476 5367 2753 5436 quiescere

2053 5459 2196 5514 Tunc
2225 5448 2307 5511 ait
2321 5458 2521 5512 homini
2558 5470 2577 5510 :
2622 5456 2861 5511 Extende
2899 5470 3113 5508 manum
3162 5464 3328 5518 tuam,
3367 5464 3415 5507 et
3456 5471 3549 5508 ea:-

1977 5548 2163 5603 tendit.
2194 5547 2443 5602 Sananda
2481 5561 2672 5601 manus
2698 5545 2849 5598 arida
2887 5542 3108 5611 jnbetur
3148 5543 3400 5609 extendi,
3428 5544 3549 5613 quia

1980 5637 2327 5694 infructuosae
2372 5636 2622 5693 debilitas
2678 5634 2872 5688 animae
2921 5631 3069 5688 nullo
3124 5632 3319 5688 melius
3364 5635 3550 5691 ordine

1976 5746 2139 5803 quam
2160 5729 2623 5801 elecmosyuarum
2653 5726 2902 5799 largitate
2937 5733 3182 5783 curatur.
3206 5722 3363 5783 Unde
3388 5722 3543 5782 Joan~
