3978 6190
1737 228 1772 251 \

331 301 436 358 925

1308 323 1660 381 COMMENT.
1701 326 1767 381 1N
1803 325 2237 384 MATTIUEUM.
2278 359 2349 369 —
2384 329 2511 384 LIB.
2549 329 2636 385 IV.

3471 333 3572 387 99.6

383 438 451 493 l't
481 439 854 513 adimpleretur
879 438 1024 512 quod
1052 438 1252 493 dictum
1280 450 1355 494 est
1403 457 1496 512 per
1523 440 1725 495 Isaiam
1775 459 1896 512 pro—
1923 448 1971 506 Α
1999 441 2132 496 mini
2181 440 2477 498 Salvatoris
2500 484 2514 507 ,
2559 459 2720 514 quem
2748 444 2894 499 venit
2917 445 3131 498 mittere
3169 458 3332 512 super
3371 453 3571 500 terram

313 532 522 599 pltetam
549 571 566 598 ,
601 531 856 588 dicentem
904 545 928 584 :
969 531 1108 586 Ecce
1132 548 1263 602 puer
1290 549 1434 586 meus
1456 549 1609 604 quem
1633 532 1782 604 elegi,
1811 535 1897 587 di-

319 622 478 678 lectus
513 639 695 689 meus,
751 625 808 677 in
856 640 966 694 quo
1015 623 1142 678 bene
1179 622 1492 693 complacuit
1534 625 1726 678 animle
1772 641 1901 680 mete

318 708 472 782 (lsai.
506 710 661 782 xui).
703 710 856 778 Quod
908 712 1058 766 enim
1110 712 1371 782 propheta
1401 712 1468 766 de
1516 712 1606 767 illo
1657 711 1899 767 futurum

316 801 585 872 praedixit,
614 817 838 858 necesse
860 812 978 858 erat
1017 803 1072 856 in
1105 803 1221 872 ipso
1252 803 1482 873 impleri,
1507 813 1567 858 ut
1594 803 1900 859 innocentia

317 900 370 946 et
391 893 747 948 mansuetudo
768 895 885 966 ejus
911 910 1100 950 verum
1123 897 1500 966 comprobaret
1517 897 1901 965 prophetarum

316 982 612 1038 oraculum.
639 983 784 1038 Puer
809 1000 940 1056 ergo
968 985 1180 1039 Domini
1208 993 1291 1039 est
1323 983 1496 1048 Jesus,
1526 985 1650 1054 quia
1677 985 1901 1052 fonnem

297 1074 448 1126 ~servi
472 1075 752 1144 accepit,et
777 1075 959 1129 habitu
983 1087 1057 1130 est
1083 1075 1324 1129 inventus
1344 1084 1402 1128 ut
1421 1076 1576 1130 homo
1597 1073 1764 1146 (Phil.
1783 1075 1898 1147 In);

315 1166 411 1221 sed
443 1173 624 1222 tamen
653 1166 856 1222 electus
885 1185 898 1221 :
928 1168 1054 1236 quia
1089 1169 1228 1238 ipse,
1259 1167 1399 1222 sicut
1422 1165 1700 1237 Scriptura
1731 1167 1899 1233 dicit,

317 1255 508 1310 electus
535 1264 611 1309 est
637 1271 703 1310 ea:
723 1255 956 1312 millibus
981 1257 1159 1329 (Cant.
1183 1255 1236 1328 v)
1254 1299 1267 1322 ,
1297 1272 1457 1312 verus
1476 1257 1682 1312 scilicet
1709 1256 1901 1318 David,

315 1345 395 1402 vir
426 1346 715 1401 secundum
756 1364 847 1401 cor
887 1347 1100 1402 Domini
1128 1349 1392 1414 inventus,
1443 1349 1532 1420 qui
1575 1349 1696 1418 fecit
1727 1365 1904 1403 omnes

319 1436 607 1493 voluntates
637 1437 752 1512 ejus
774 1435 948 1508 (Psal.
979 1437 1266 1510 Lxxxvm).
1301 1438 1516 1493 Electus
1543 1445 1628 1494 est
1659 1437 1804 1492 enim
1848 1437 1904 1491 in

317 1541 452 1594 opus
474 1525 616 1594 quod
647 1511 806 1579 nemo
833 1525 970 1580 alius
998 1525 1126 1581 fecit
1149 1566 1165 1590 ,
1200 1537 1263 1582 ut
1296 1527 1588 1582 redimeret
1613 1541 1782 1598 genus
1808 1526 1906 1580 hu-

303 1624 538 1671 manum
569 1625 624 1671 et
672 1617 988 1687 paciﬁcaret
1037 1621 1299 1674 mundum
1335 1635 1457 1674 cum
1495 1618 1606 1673 Deo
1642 1636 1654 1672 :
1689 1618 1906 1687 quando

318 1708 460 1762 enim
485 1707 598 1776 ipse
617 1703 853 1777 eligitur,
880 1709 1044 1764 homo
1069 1718 1148 1764 est
1167 1726 1182 1775 ;
1209 1709 1426 1780 quando
1446 1710 1615 1779 eligit,
1641 1710 1779 1763 Deus
1799 1715 1912 1793 est._

2002 530 2154 601 (Luc.
2187 532 2308 598 xu).
2342 533 2468 588 Sive
2490 535 2688 590 aliter:
2727 536 2818 605 qui
2868 535 3140 606 peccatori
3197 549 3304 590 non
3349 536 3614 604 porrigit’

2000 638 2244 688 manum,
2285 638 2386 678 nec
2413 633 2596 693 portat
2615 641 2753 681 onus
2780 626 2964 682 fratris
2994 627 3099 692 sui,
3135 626 3238 681 iste
3264 634 3575 696 quassatum

2001 713 2268 768 calamum
2301 713 2625 785 confringit:
2653 725 2707 770 et
2733 718 2822 785 qui
2855 717 3121 772 modicam
3143 717 3429 772 scintillam
3453 731 3576 771 con-

2003 802 2197 856 temnit
2229 802 2280 856 in
2313 804 2572 873 parvulis,
2598 805 2689 860 hic
2723 805 2893 859 linum
2941 807 3236 876 exstinguit
3263 804 3537 873 fumigans
3561 843 3578 870 ,

2002 893 2145 962 quod
2174 892 2421 948 Christus
2447 904 2738 965 utrumque
2767 911 2873 951 non
2901 895 3061 960 fecit;
3093 897 3160 950 ad
3195 897 3299 951 hoc
3323 896 3468 950 enim
3495 909 3582 948 ve-

2004 995 2160 1040 nerat
2211 993 2271 1041 ut
2317 988 2527 1042 salvum
2575 989 2780 1046 laceret
2817 992 2958 1060 quod
3014 992 3253 1061 perierat
3281 1029 3298 1056 ,
3335 1000 3390 1044 et
3425 1006 3580 1046 ovem

2002 1090 2285 1136 erroneam
2315 1079 2381 1133 ad
2409 1094 2626 1151 gregem
2656 1081 2709 1135 in
2737 1083 2851 1136 suis
2880 1083 3052 1136 sacris
3103 1082 3348 1136 humeris
3403 1095 3586 1151 repor-

2003 1175 2144 1222 taret
2177 1168 2329 1239 (Luc.
2352 1171 2488 1242 xix).
2536 1171 2686 1228 Unde
2711 1182 2765 1227 et
2794 1174 3040 1243 sequitur
3072 1192 3084 1226 :

2075 1259 2252 1314 Donec
2284 1261 2461 1330 ejiciat
2505 1264 2574 1316 ad
2612 1265 2882 1318 uictoriam
2920 1265 3207 1334 judicium.
3267 1263 3372 1318 Iste
3403 1271 3583 1316 autem

2005 1350 2100 1419 qui
2148 1352 2470 1406 arundinem
2499 1362 2813 1422 quassatam
2843 1370 2951 1408 non
2979 1353 3274 1419 contrivit,
3314 1364 3370 1408 et
3418 1351 3586 1405 linum

2005 1440 2276 1513 fumigans
2313 1458 2420 1498 non
2471 1443 2766 1509 exstinxit,
2795 1444 3057 1514 judicium
3083 1457 3298 1514 quoque
3337 1442 3590 1513 perduxit

2008 1531 2075 1585 ad
2109 1532 2416 1586 victoriam.
2449 1531 2617 1603 Cujus
2656 1533 2859 1599 iudicia
2904 1549 3022 1588 vera
3057 1542 3183 1588 sunt
3209 1533 3504 1603 justi/icata
3534 1532 3594 1584 in

2006 1621 2292 1691 semetipsis
2325 1621 2498 1692 (Psal.
2528 1623 2683 1690 xvu.)
2711 1661 2727 1688 ,
2759 1623 2945 1676 tandiu
2982 1623 3161 1677 lumen
3191 1621 3588 1692 praedicationis

2008 1708 2126 1777 ejus
2161 1710 2215 1764 in
2251 1711 2452 1764 mundo
2479 1710 2807 1778 resplendet,
2828 1711 3134 1780 nulliusque
3162 1716 3472 1764 conteretur
3493 1722 3594 1762 nec

319 1797 375 1851 in
402 1797 613 1851 duabus
634 1797 854 1866 quidem
888 1799 1103 1852 naturis
1130 1815 1234 1852 una
1262 1812 1493 1868 persona
1523 1805 1604 1852 est
1632 1797 1901 1853 Christus.
1934 1812 1982 1872 Β
2010 1801 2358 1870 superabitur
2386 1801 2621 1865 insidiis,
2657 1802 2829 1855 donec
2854 1810 3019 1869 ponat
3062 1801 3116 1853 in
3155 1809 3296 1853 terra
3327 1798 3592 1868 judicium

319 1886 371 1940 In
417 1887 538 1956 ipso
571 1885 708 1941 bene
743 1887 1070 1958 complacuit
1105 1889 1207 1944 sibi
1257 1889 1439 1942 anima
1478 1887 1592 1950 Dei,
1626 1887 1751 1956 quia
1790 1886 1905 1956 ipse

319 1975 470 2031 solus
513 1983 598 2032 est
625 1991 796 2046 agnus
826 1977 946 2033 sine
970 1979 1178 2048 peccati
1208 1979 1452 2044 macula,
1483 1979 1546 2032 de
1574 1993 1682 2047 quo
1708 1987 1764 2033 et
1808 1994 1906 2047 pa-

319 2078 475 2122 terna
500 2083 603 2124 vox
624 2067 757 2124 dicit
784 2083 799 2122 :
829 2068 934 2124 Hic
962 2080 1037 2126 est
1073 2070 1241 2126 Filius
1271 2088 1414 2125 meus
1451 2069 1694 2124 dilectus.
1719 2070 1774 2124 in
1802 2087 1905 2134 quo

319 2159 445 2213 mihi
480 2159 605 2213 bene
628 2159 940 2230 complacui.

391 2250 600 2304 Ponam
651 2248 910 2320 Spiritum
958 2267 1131 2306 meum
1172 2268 1328 2320 super
1361 2268 1512 2316 eum,
1553 2259 1603 2303 et
1641 2250 1907 2319 judicium

319 2337 558 2407 gentibus
583 2338 865 2392 nuntiabit.
896 2338 1167 2410 (Hier-om)
1207 2341 1283 2392 Ex
1321 2354 1553 2409 persona
1592 2337 1771 2391 Patris
1806 2338 1908 2390 hoc

322 2442 418 2496 per
464 2428 785 2498 prophetam
814 2427 1035 2482 dicitur.
1070 2427 1304 2495 Spiritus
1331 2429 1530 2497 quippe
1554 2428 1777 2497 ponitur
1799 2441 1908 2480 non

321 2537 486 2592 super
512 2522 608 2577 Dei
634 2522 868 2577 Verbum
900 2529 954 2576 et
983 2535 1144 2591 super
1174 2519 1544 2590 Unigenitum,
1574 2517 1666 2587 qui
1696 2517 1763 2572 de
1788 2517 1910 2572 sinu

323 2615 505 2671 Patris
532 2615 836 2686 processit,
868 2612 960 2668 sed
992 2629 1153 2682 super
1179 2628 1304 2668 eum
1339 2611 1406 2666 de
1432 2625 1538 2681 quo
1567 2609 1771 2666 dictum
1805 2617 1908 2674 est,

322 2706 465 2762 Ecce
492 2721 623 2777 puer
646 2721 789 2760 meus
812 2704 947 2776 (Isa.
974 2702 1140 2773 ml);
1186 2711 1240 2758 et
1265 2703 1396 2757 item
1423 2743 1437 2767 ,
1465 2701 1770 2772 Requiescet
1789 2741 1804 2765 ,
1831 2700 1913 2754 in-

321 2798 468 2868 quit,
515 2813 672 2869 super
709 2813 830 2851 eum
878 2796 1094 2866 spiritus
1123 2794 1359 2859 Domini,
1397 2793 1615 2863 spiritus
1641 2791 1926 2862 sapientiae.

322 2901 373 2945 et
401 2888 714 2954 intellectus,
740 2889 958 2959 spiritus
986 2887 1192 2942 consilii
1219 2897 1268 2941 et
1300 2885 1628 2957 fortitudinis
1653 2924 1667 2948 ,
1695 2883 1912 2952 spiritus

323 2980 558 3035 scientiae
587 2987 638 3033 et
670 2979 879 3049 pietatis
900 3019 912 3041 ,
947 2987 996 3032 et
1038 2977 1252 3048 replebit
1303 2993 1423 3031 eum
1455 2977 1670 3047 spiritus
1710 2974 1914 3028 timoris

325 3069 542 3123 Domini
573 3068 708 3142 (Isa.
738 3070 871 3141 in).
897 3068 1166 3126 Iudicium
1191 3083 1323 3140 ergo
1349 3067 1446 3122 Dei
1473 3066 1736 3122 Dominus
1757 3063 1915 3120 Jesus

2006 1899 2061 1945 et
2090 1890 2380 1960 impleatur
2401 1890 2530 1944 illud
2562 1890 2708 1960 quod
2746 1892 3012 1961 scriptum
3041 1898 3125 1944 est
3156 1909 3169 1944 :
3198 1889 3325 1943 Fiat
3355 1888 3594 1943 voluntas

2004 1992 2120 2048 tua,
2161 1983 2295 2037 sicut
2324 1984 2380 2036 in
2406 1981 2534 2036 caelo
2560 1991 2608 2036 et
2644 1982 2699 2036 in
2732 1992 2874 2036 terra
2915 1981 3131 2053 (Matth.
3160 1981 3258 2052 γι).
3287 1981 3478 2044 Aliter,
3509 1980 3596 2033 hic

2005 2073 2322 2140 patientiam
2386 2080 2444 2126 et
2516 2073 2990 2127 mansuetudinem
3060 2087 3211 2126 suam
3270 2071 3598 2140 Redemptor

2008 2171 2193 2217 noster
2216 2177 2387 2232 usque
2425 2161 2492 2216 ad
2522 2169 2755 2216 mortem
2799 2161 3058 2225 servavit,
3088 2161 3260 2215 donec
3303 2160 3432 2214 illud
3454 2160 3596 2226 judi-

2009 2253 2154 2307 cium
2181 2253 2326 2321 quod
2357 2252 2410 2305 in
2446 2266 2512 2306 eo
2546 2252 2807 2322 agebatur
2831 2252 2900 2306 ad
2934 2251 3221 2305 victoriam
3261 2250 3592 2319 perveniret.

2008 2341 2146 2409 Quia
2173 2350 2458 2410 postquam
2489 2350 2720 2396 mortem
2755 2341 2938 2397 carnis
2965 2357 3100 2407 suae,
3129 2356 3289 2411 quam
3321 2355 3418 2410 pro
3442 2341 3598 2394 nobis

2009 2434 2306 2489 clementer
2352 2434 2610 2503 suscepit,
2640 2442 2893 2510 potenter
2927 2435 3258 2502 resurgendo
3286 2433 3594 2503 superavit,

2009 2526 2234 2596 expulso
2273 2526 2514 2595 principe
2565 2525 2724 2595 hujus
2755 2527 2939 2580 mundi
2970 2527 3144 2580 victor
3169 2527 3234 2579 ad
3265 2540 3491 2594 regnum
3522 2539 3600 2578 re-

2012 2617 2147 2680 diit,
2189 2617 2372 2686 ibique
2416 2617 2470 2670 in
2501 2616 2682 2672 Patris
2711 2619 2935 2672 dextera
2971 2618 3165 2672 sedens
3212 2617 3600 2687 regnabit,.do-

2013 2723 2114 2764 nec
2153 2717 2318 2779 ponat
2362 2724 2550 2765 omnes
2579 2709 2831 2765 inimicos
2877 2724 3007 2766 suos
3060 2711 3162 2765 sub
3208 2710 3434 2779 pedibus
3481 2708 3600 2778 ejus

2015 2798 2188 2870 (Psal.
2219 2799 2350 2872 CIX).

2089 2888 2157 2942 Et
2184 2889 2237 2942 in
2260 2889 2466 2943 nomine
2493 2889 2607 2957 eius
2631 2899 2808 2960 gentes
2845 2890 3148 2961 sperabunt.
3179 2889 3370 2944 Merito
3393 2904 3523 2960 ergo
3547 2891 3608 2945 in

1994 2980 2236 3034 'nomine
2257 2979 2375 3050 ejus
2397 2988 2585 3049 gentes
2612 2981 2944 3050 sperabunt,
2987 2982 3114 3050 quia
3151 2983 3264 3052 ipse
3289 2989 3373 3036 est
3417 2995 3602 3036 semen

2019 3070 2086 3126 de
2108 3084 2215 3139 quo
2236 3069 2565 3140 promissum
2593 3077 2676 3124 est
2709 3069 2942 3125 Abrahae
2975 3070 3117 3139 quod
3162 3071 3216 3124 in
3257 3069 3462 3124 semine
3488 3068 3604 3138 ejus

323 3159 579 3232 gentibus
603 3160 871 3214 nuntiavit
900 3200 916 3226 ,
969 3161 1097 3230 quia
1140 3159 1381 3214 futurum
1414 3156 1681 3227 judicium
1709 3170 1864 3211 suum
1893 3195 1909 3220 ,
1939 3161 1984 3223 C
2015 3147 2408 3216 benedic'entur
2443 3173 2634 3214 omnes
2678 3171 2866 3230 gentes
2914 3168 3093 3214 terrae.
3135 3159 3212 3214 De
3250 3175 3357 3228 quo
3390 3167 3445 3214 et
3473 3173 3607 3230 prte-

324 3250 474 3321 quod
501 3237 606 3304 illae
622 3250 844 3305 minime
864 3251 1229 3317 crediderunt,
1259 3263 1356 3320 per
1381 3247 1732 3318 Evangelium
1754 3260 1913 3302 suum

325 3349 382 3396 et
407 3341 794 3411 pradicatores
820 3339 955 3396 Novi
978 3340 1309 3396 Testamenti
1333 3335 1916 3409 patelecit,doeuitque

325 3447 424 3488 eas
447 3432 608 3490 modo
632 3447 794 3503 agere
812 3431 1017 3504 judicia
1051 3432 1199 3502 justa
1241 3438 1297 3486 et
1326 3430 1568 3486 devitarc
1587 3427 1792 3499 judicia
1831 3427 1916 3481 in-

321 3520 492 3590 justa.
527 3519 816 3592 Sequitur:

402 3609 532 3666 Non
556 3612 829 3668 contendet
852 3652 868 3679 ,
896 3628 1063 3685 neque
1087 3611 1334 3668 clamabit
1361 3653 1377 3678 ,
1407 3628 1572 3683 neque
1601 3611 1782 3666 audiet
1814 3608 1916 3664 ali-

329 3703 447 3772 quis
479 3701 534 3757 in
566 3701 752 3773 plateis
802 3720 978 3759 vocem
1024 3705 1140 3774 ejus
1189 3702 1427 3775 (ltum)
1483 3702 1602 3758 Non
1639 3701 1919 3758 contendit

331 3808 466 3865 ergo
493 3792 741 3850 Christus
764 3835 780 3862 ,
817 3810 992 3865 neque
1019 3795 1273 3850 clamavit
1297 3834 1313 3859 ,
1348 3807 1525 3863 neque
1545 3792 1728 3847 audita
1752 3799 1837 3845 est
1861 3790 1916 3844 in

331 3883 528 3953 plateis
552 3898 652 3939 vox
681 3882 831 3953 ejus,
861 3884 989 3953 quia
1016 3897 1141 3938 cum
1166 3881 1579 3938 malediceretur
1603 3895 1712 3936 non
1743 3894 1919 3934 rema-

332 3974 618 4039 ledieebat,
657 3991 781 4032 cum
806 3983 1086 4047 pateretur
1126 3989 1236 4030 non
1288 3973 1742 4029 comminabatur.
1785 3969 1919 4024 Tra-

332 4064 490 4118 debat
512 4073 690 4119 autem
730 4080 787 4120 se
820 4063 1090 4135 judicanti
1116 4063 1346 4133 injuste,
1377 4077 1564 4131 corpus
1594 4076 1748 4115 suum
1777 4058 1919 4114 dedit

331 4153 760 4225 percutientibus,
806 4163 856 4210 et
902 4170 1061 4225 genas
1103 4168 1229 4208 suas
1267 4151 1610 4216 vellentibus;
1647 4151 1781 4204 sicut
1809 4149 1918 4202 ovis

335 4246 403 4301 ad
456 4247 766 4302 occisionem
805 4247 994 4300 ductus
1037 4254 1112 4300 est
1135 4286 1150 4308 ,
1187 4253 1236 4300 et
1273 4260 1378 4298 non
1428 4244 1633 4313 aperuit
1672 4258 1729 4296 os
1761 4257 1919 4294 suum

336 4335 478 4408 (Isa.
501 4335 577 4408 ι).
613 4335 914 4408 Allegorice
945 4343 1124 4390 autem
1165 4348 1269 4388 non
1311 4333 1516 4388 audivit
1548 4332 1835 4404 quisquam
1863 4330 1917 4384 in

337 4427 535 4498 plateis
559 4441 750 4482 vocem
802 4425 1026 4491 Christi,
1067 4427 1193 4496 quia
1245 4424 1355 4480 lata
1390 4431 1474 4479 est
1505 4424 1589 4479 via
1619 4438 1740 4492 quae
1772 4421 1920 4477 ducit

2019 3251 2197 3307 dictus
2225 3251 2392 3306 Isaias
2426 3250 2504 3304 ait
2537 3264 2552 3304 :
2599 3248 2774 3304 Radix
2809 3249 2962 3304 Iesse
2985 3290 3000 3314 ,
3026 3249 3116 3321 qui
3157 3258 3398 3320 exsurget
3432 3265 3605 3319 regere

2014 3348 2213 3410 gentes,
2259 3340 2316 3392 in
2352 3355 2472 3394 cum
2499 3338 2782 3408 sperabunt
2816 3337 2950 3410 (Isa.
2976 3342 3054 3409 xl)
3100 3339 3387 3410 ipsumque
3415 3338 3603 3408 deprc-

2019 3433 2336 3487 cabunturk

2088 3523 2146 3577 ln
2181 3523 2401 3578 nomine
2430 3523 2630 3594 quippe
2672 3521 2792 3591 ejus
2838 3536 3032 3577 omnes
3062 3531 3257 3592 gentes
3286 3521 3603 3590 sperabunt,

2016 3615 2164 3685 quia,
2193 3623 2254 3670 ut
2277 3615 2473 3671 Petrus
2511 3617 2607 3682 ait,
2651 3631 2755 3668 non
2803 3628 2878 3668 est
2920 3613 3068 3667 aliud
3113 3630 3300 3666 nomen
3343 3614 3437 3666 sub
3479 3613 3606 3667 coelo

2017 3704 2198 3757 datum
2237 3704 2555 3769 hominibus,
2601 3721 2694 3772 per
2713 3703 2852 3774 quod
2891 3703 3088 3774 possint
3114 3703 3312 3757 salvari
3338 3703 3472 3774 (Act.
3505 3703 3604 3770 tv).

2017 3791 2128 3847 Sed
2154 3793 2210 3845 in
2235 3793 2444 3846 nomine
2479 3791 2631 3858 Iesu,
2667 3790 2824 3860 juxta
2872 3791 3024 3846 Pauli
3057 3807 3268 3857 vocem,
3297 3809 3446 3847 omne
3472 3810 3609 3864 genu

2016 3881 2256 3952 ﬂectetur
2279 3880 2586 3947 caelestium,
2621 3881 2945 3935 terrestrium
2970 3889 3016 3935 et
3039 3881 3400 3950 infernarum;
3422 3891 3470 3936 et
3496 3897 3610 3936 om-

2017 3974 2098 4028 nis
2133 3972 2312 4044 lingua
2342 3973 2670 4042 conﬁtebitur
2709 3972 2835 4044 quia
2885 3971 3139 4027 Dominus
3172 3971 3328 4027 Iesus
3359 3973 3414 4027 in
3439 3972 3610 4044 gloria

2017 4075 2092 4119 est
2123 4064 2220 4119 Dei
2253 4063 2427 4120 Patris
2456 4063 2623 4138 (Phil.
2653 4063 2739 4136 ll).

2091 4152 2226 4228 [ιιι]
2259 4153 2408 4217 Tunc
2434 4153 2638 4209 oblatus
2664 4165 2738 4209 est
2761 4156 2809 4209 ei
2837 4154 3154 4208 dwmonium
3181 4153 3398 4220 habens,
3439 4169 3608 4208 circus

2018 4255 2066 4300 et
2091 4255 2286 4309 mutus,
2329 4253 2377 4298 et
2417 4246 2619 4299 curavit
2647 4261 2787 4311 eum,
2822 4246 2898 4300 ita
2926 4253 2982 4298 ut
3004 4243 3300 4314 loqueretur
3321 4251 3370 4297 et
3393 4243 3608 4297 videret.

2020 4339 2147 4394 Tria
2189 4353 2319 4410 ergo
2364 4337 2515 4409 signa
2561 4338 2722 4396 simul
2772 4339 2826 4393 in
2875 4353 2982 4394 uno
3030 4339 3248 4392 homine
3297 4344 3610 4408 perpetrata

2021 4437 2187 4484 sunt:
2221 4444 2397 4484 caicus
2441 4428 2608 4496 videt,
2640 4437 2825 4483 mutus
2869 4428 3125 4498 loquitur,
3173 4444 3456 4498 possessus
3495 4428 3609 4484 dae-

338 4518 406 4572 ad
433 4517 794 4588 perditionem
821 4556 836 4583 ,
866 4522 923 4571 et
953 4515 1107 4570 multi
1150 4515 1243 4584 qui
1269 4514 1645 4592 ingrediuntur
1677 4527 1776 4583 per
1800 4525 1914 4564 eam

2025 4538 2186 4578 mone
2235 4522 2529 4589 liberatur;
2584 4522 2729 4593 quod
2769 4530 2826 4577 et
2873 4531 2999 4578 tunc
3048 4523 3266 4593 quidem
3320 4522 3613 4579 carnaliter

339 4624 450 4664 non
477 4607 704 4663 audiunt
725 4620 912 4663 vocem
933 4604 1248 4671 Salvatoris,
1263 4606 1388 4676 quia
1411 4619 1516 4660 non
1545 4612 1672 4660 sunt
1689 4604 1745 4660 in
1771 4609 1923 4659 arcta

340 4701 450 4767 via,
481 4701 577 4756 sed
605 4700 660 4754 in
689 4699 950 4771 spatiosa.

411 4791 743 4846 Arundinem
780 4801 1086 4864 quassatam
1114 4808 1219 4847 non
1248 4791 1539 4862 confringet
1565 4799 1615 4844 et
1645 4789 1811 4844 linum
1839 4789 1924 4859 fu-

343 4884 549 4954 migans
573 4899 678 4937 non
699 4884 1014 4954 exstinguet.
1041 4880 1224 4956 (Aug.)
1265 4882 1592 4936 Arundinem
1623 4890 1926 4953 quassatam

345 4969 560 5030 Iudaeos
599 4974 770 5040 dicit,
807 4981 1029 5045 propter
1068 4975 1214 5044 quod
1253 4983 1310 5029 et
1352 4989 1492 5028 unus
1531 4972 1759 5043 populus
1809 4979 1927 5027 erat

347 5069 500 5125 etab
528 5068 758 5124 invicem
812 5067 1209 5139 discrepabant.
1264 5065 1457 5121 Linum
1507 5065 1772 5136 fumigans
1822 5079 1926 5117 non

350 5158 638 5230 exstinguet
669 5199 684 5225 ,
732 5158 989 5229 populum
1019 5157 1268 5214 videlicet
1297 5173 1326 5211 a
1355 5157 1601 5227 gentibus
1632 5169 1927 5226 congrega-

353 5257 464 5305 tum
491 5290 507 5316 ,
557 5249 682 5320 qui,
735 5250 1006 5305 exstincto
1059 5248 1194 5321 legis
1241 5249 1504 5303 naturalis
1538 5248 1765 5311 ardore,
1794 5245 1927 5300 fumi

355 5342 678 5398 amarissimi
722 5350 779 5397 et
817 5343 911 5413 qui
952 5341 1145 5397 noxius
1179 5340 1349 5396 oculis
1371 5350 1492 5406 est,
1526 5340 1930 5408 tenebrosaque

356 5435 602 5506 caliginis
648 5435 1024 5490 involvebatur
1053 5434 1358 5497 erroribus;
1391 5447 1552 5502 quem
1595 5447 1701 5486 non
1752 5431 1928 5486 solum

359 5542 467 5579 non
489 5526 748 5582 exstinxit
791 5535 846 5581 et
883 5526 1090 5597 redegit
1119 5525 1170 5580 in
1207 5526 1479 5590 cinerem,
1504 5524 1596 5578 sed
1638 5539 1669 5577 e
1718 5533 1934 5578 contra-

359 5614 443 5668 rio
469 5615 533 5669 de
554 5631 720 5686 parva
749 5616 979 5672 scintilla
1006 5626 1060 5672 et
1096 5630 1232 5686 pene
1260 5616 1524 5670 moriente
1552 5613 1784 5670 maxima
1815 5629 1934 5668 sus-

362 5701 548 5762 citavit
572 5706 840 5775 incendia,
870 5707 944 5763 ita
981 5715 1040 5761 ut
1078 5713 1220 5764 totus
1261 5705 1408 5762 orbis
1449 5705 1664 5762 arderet
1690 5704 1812 5777 igne
1837 5704 1935 5760 Do-

2028 4612 2230 4668 l‘actum
2258 4622 2362 4679 est,
2391 4613 2490 4668 sed
2519 4621 2574 4668 et
2600 4613 2840 4682 quotidie
2871 4613 3172 4683 completur
3200 4614 3612 4669 conversatione

2027 4706 2390 4768 credentium,
2437 4714 2517 4772 ut,
2556 4705 2781 4774 expulso
2818 4705 3050 4774 primum
3080 4705 3342 4770 daemone,
3375 4704 3497 4758 ﬁdei
3529 4703 3610 4758 lu-

2026 4813 2154 4852 men
2178 4797 2440 4866 aspiciant
2467 4814 2480 4850 :
2511 4797 2709 4852 deinde
2751 4797 2819 4850 ad
2847 4796 3034 4850 laudes
3063 4795 3160 4850 Dei
3192 4796 3426 4851 tacentia
3461 4794 3612 4866 prius

2028 4903 2123 4942 ora
2148 4886 2414 4942 laxentur.

2102 4977 2170 5032 Et
2195 4979 2465 5049 stupebant
2515 4994 2690 5032 omnes
2731 4982 2918 5045 turbae,
2958 4988 3006 5033 et
3044 4978 3323 5032 dicebant:
3355 4975 3612 5046 Nunquid

2031 5069 2115 5123 hic
2145 5079 2218 5123 est
2244 5069 2387 5138 ﬁlius
2414 5067 2626 5122 David?
2646 5065 2908 5123 Pharisaei
2947 5078 3122 5121 autem
3157 5065 3426 5120 audientes
3460 5064 3609 5118 dixe-

2034 5169 2198 5214 runt:
2223 5158 2324 5212 llic
2355 5174 2456 5212 non
2503 5158 2642 5228 ejicit
2674 5159 2936 5214 dwmones
2975 5157 3073 5212 nisi
3099 5157 3153 5210 in
3181 5154 3434 5212 Belzebub
3467 5155 3614 5225 prin-

2034 5250 2145 5319 cipe
2194 5248 2592 5302 dazmoniorum.
2621 5249 2818 5305 Turbis
2863 5250 3058 5320 quippe
3090 5262 3212 5318 qua:
3259 5247 3437 5301 minus
3487 5262 3612 5302 eru-

2035 5339 2160 5394 ditze
2187 5337 2507 5392 videbantur
2535 5339 2748 5394 Domini
2775 5353 2989 5409 semper
3020 5337 3159 5392 facta
3187 5337 3528 5400 mirantibus,
3559 5343 3615 5391 et
3656 5410 3671 5416 η

2032 5429 2200 5485 ﬁlium
2230 5430 2397 5484 David
2418 5430 2487 5485 ob
2523 5430 2949 5485 misericordiam
2970 5438 3025 5484 et
3051 5428 3312 5485 beneﬁcia
3334 5443 3454 5497 qua:
3477 5427 3617 5482 indi-

2032 5521 2282 5591 gentibus
2305 5520 2579 5591 przebebat
2601 5521 3034 5592 przedicantibus,
3058 5519 3315 5576 Phariszei
3339 5527 3392 5573 et
3414 5516 3618 5574 Scriba:

2033 5620 2220 5668 contra
2257 5611 2338 5667 vel
2369 5627 2568 5684 negare
2608 5613 2744 5679 huic,
2785 5611 2869 5666 vel
2910 5626 3031 5682 qua:
3068 5625 3268 5682 negare
3297 5606 3617 5678 nequierant

2033 5705 2252 5760 sinistra
2281 5703 2722 5775 interpretatione
2750 5709 3059 5774 pervertere
3093 5699 3432 5766 laborabant,
3462 5697 3613 5768 quasi
