3978 6190
427 383 526 441 927

1055 379 1116 434 Β.
1157 376 1404 431 RABANI
1446 373 1662 428 MAURI
1703 367 2010 426 ARClllEP.
2062 365 2370 433 MOGUNT.
2415 365 2697 422 OPERUM
2737 364 2914 420 PARS
2952 367 2992 421 l.

3547 336 3656 431 loss

424 515 531 555 non
577 499 692 552 haec
738 494 1060 557 divinitatis,
1112 491 1205 546 sed
1257 488 1515 543 immundi
1562 486 1782 556 spiritus
1829 495 1990 552 opera
2019 478 2070 538 A
2097 476 2276 547 (.4ug.)
2319 476 2431 531 Hoc
2473 477 2657 532 dicens
2700 491 2767 531 ex
2805 477 3042 546 ipsorum
3084 474 3423 532 confessione
3451 479 3663 536 volebat

424 590 685 650 fuissent,
731 585 782 640 id
829 593 911 640 est
951 581 1236 645 Belzehub,
1273 580 1362 648 qui
1392 580 1522 633 deus
1556 585 1675 630 erat
1703 576 1946 628 Acearon
1975 585 1990 624 :

425 696 549 735 nam
576 678 788 746 quidem
821 674 915 728 Bel
945 676 1057 743 ipse
1103 683 1184 727 est
1212 671 1361 733 Baal,
1395 670 1576 724 Zebub
1607 674 1783 721 autem
1815 681 1993 718 musca

425 779 679 834 vocatur;
727 783 825 821 nec
856 767 1004 836 juxta
1041 765 1281 834 quaedam
1329 762 1580 817 mendosa
1613 757 1936 826 exemplaria
1975 756 1993 808 ι

425 862 622 925 littera,
665 859 750 915 vel
785 860 819 911 ά
851 863 902 912 in
934 858 1038 911 ﬁne
1063 867 1145 910 est
1186 855 1416 909 nominis
1460 853 1702 922 legenda,
1733 852 1825 904 sed
1851 852 1896 909 b,
1935 858 1994 903 ut

411 947 692 1004 Belzebub
721 964 732 998 :
763 961 892 1016 ergo
921 943 1054 998 Baal
1094 959 1424 1004 muscarum,
1469 941 1520 994 id
1549 949 1652 1002 est,
1689 940 1766 992 vir
1793 955 1996 990 musca-

428 1057 565 1103 rum,
611 1039 724 1093 sive
765 1037 957 1090 habens
998 1051 1200 1088 muscas
1251 1034 1653 1101 interpretatur,
1697 1031 1764 1083 ob
1811 1028 1995 1082 sordes

425 1130 673 1184 videlicet
713 1126 1034 1182 immolatitii
1081 1126 1308 1184 cruoris,
1357 1140 1419 1178 ex
1461 1123 1613 1190 cujus
1646 1120 1994 1190 spurcissimo

424 1221 535 1274 ritu
564 1219 648 1273 vel
679 1218 892 1272 nomine
916 1216 1212 1287 principem
1241 1214 1623 1268 dmntoniorum
1651 1211 1994 1281 cognomina-

428 1309 582 1365 bant.

492 1396 648 1451 Jesus
686 1404 877 1460 autem,
903 1395 1068 1450 sciens
1105 1394 1436 1463 cogitationes
1480 1407 1678 1456 eorum,
1715 1391 1847 1444 dixit
1875 1391 1991 1444 eis:

426 1485 592 1540 Omne
616 1502 826 1555 regnum
851 1485 1070 1538 divisum
1092 1493 1272 1537 contra
1294 1499 1348 1536 se
1365 1481 1702 1536 desolabitur.
1723 1479 1992 1552 (Ilieron.)

423 1574 541 1630 Non
571 1576 636 1630 ad
667 1576 830 1641 dicta,
881 1575 974 1629 sed
1016 1575 1082 1628 ad
1116 1574 1346 1644 cogitata
1379 1573 1673 1641 respondit,
1703 1582 1763 1625 ut
1807 1571 1888 1625 vel
1917 1572 1997 1626 sic

424 1667 872 1737 compellerentur
895 1666 1119 1720 credere
1161 1663 1412 1733 potentiae
1435 1662 1568 1730 ejus,
1598 1664 1687 1731 qui
1713 1663 1890 1717 cordis
1916 1661 1998 1714 vi-

425 1758 583 1812 debat
611 1757 835 1810 occulta.
878 1756 934 1810 Si
974 1763 1152 1809 autem
1188 1769 1346 1808 omne
1396 1769 1616 1824 regnum
1659 1754 1713 1807 in
1761 1754 1994 1822 seipsum

2093 565 2331 636 intelligi,
2375 567 2520 636 quod
2557 567 2610 620 in
2655 583 2779 622 eum
2806 582 2911 621 non
2943 567 3211 622 credendo
3249 568 3304 622 in
3344 584 3510 640 regno
3551 572 3664 625 dia-

2091 653 2200 708 boli
2233 669 2352 708 esse
2381 655 2701 725 delegissent
2729 675 2742 708 :
2775 656 2918 726 quod
2960 656 3146 726 utique
3181 657 3464 712 adversum
3493 676 3550 716 se
3577 663 3659 718 di-

2091 742 2264 796 visum
2289 751 2434 798 stare
2457 759 2561 798 non
2586 752 2780 814 potest.
2809 745 3018 815 Eligant
3042 761 3171 814 ergo
3191 748 3336 816 quod
3358 750 3619 804 voluerint
3643 771 3656 804 :

2043 846 2054 854 ‘
2091 833 2135 886 si
2168 831 2396 890 Satanas
2432 833 2688 889 Satanam
2720 851 2824 889 non
2856 845 3033 904 potest
3072 836 3287 904 ejicere,
3315 839 3448 893 nihil
3477 850 3660 896 contra

2093 924 2375 978 Dominum
2404 927 2546 995 quod
2575 927 2810 982 dicerent
2856 929 3096 983 invenire
3130 938 3450 999 potuerunt;
3487 933 3535 987 si
3564 951 3658 988 au-

2095 1019 2200 1066 tem
2239 1022 2432 1081 potest,
2485 1015 2651 1069 multo
2685 1017 2855 1086 magis
2885 1017 2986 1072 sibi
3033 1020 3380 1087 prospiciam,
3427 1031 3483 1074 ct
3518 1036 3664 1077 rece-

2093 1101 2221 1155 dant
2247 1104 2310 1156 de
2335 1119 2501 1174 regno
2529 1105 2660 1174 ejus,
2687 1107 2829 1175 quod
2859 1108 3140 1162 adversum
3173 1125 3230 1164 se
3260 1120 3407 1166 stare
3436 1112 3662 1170 divisum

2093 1210 2199 1247 non
2226 1203 2420 1264 potest.
2465 1196 2522 1250 ln
2567 1212 2674 1265 quo
2701 1207 2880 1252 autem
2913 1199 3170 1254 Dominus
3204 1201 3450 1257 Christus
3488 1205 3668 1274 ejicth

2093 1285 2393 1350 daemones,
2443 1302 2510 1340 ne
2554 1287 2938 1342 daemoniorum
2977 1290 3272 1360 principem
3318 1294 3661 1364 existiment,

2091 1373 2371 1429 attendant
2411 1375 2552 1445 quod
2583 1377 2825 1444 sequitur
2851 1394 2864 1430 :

2163 1463 2232 1516 Et
2255 1465 2300 1518 si
2325 1481 2417 1534 ego
2439 1466 2494 1518 in
2516 1465 2800 1520 Beelzebub
2823 1468 2976 1537 ejicio
2998 1469 3278 1536 dwmones,
3308 1472 3409 1540 ﬁlii
3437 1476 3592 1528 vestri
3611 1477 3664 1530 in

2093 1569 2193 1623 quo
2237 1555 2490 1624 ejiciunt?
2528 1557 2643 1610 ideo
2667 1557 2766 1626 ipsi
2785 1558 2993 1627 judices
3020 1571 3168 1626 erunt
3195 1565 3368 1617 vestri.
3395 1566 3539 1620 Dixit
3566 1569 3667 1624 hoc

2094 1643 2279 1711 utique
2303 1643 2371 1698 de
2394 1644 2668 1714 discipulis
2697 1647 2828 1710 suis,
2860 1647 3002 1701 illius
3027 1650 3205 1719 populi
3232 1651 3373 1714 ﬁliis,
3400 1655 3490 1722 qui
3520 1666 3665 1711 certe

2096 1732 2338 1802 discipuli
2363 1733 2573 1787 Domini
2599 1736 2767 1789 nostri
2801 1734 2925 1790 Iesu
2948 1737 3142 1792 Christi
3173 1739 3307 1794 bene
3338 1741 3436 1795 sibi
3465 1745 3663 1800 conscii

424 1847 652 1900 divisum
695 1845 984 1908 desolatur,
1034 1859 1161 1914 ergo
1189 1845 1384 1906 Patris,
1417 1819 1482 1898 et
1509 1844 1644 1905 Filii,
1678 1851 1734 1898 et
1762 1819 1995 1912 Spiritus
2023 1824 2067 1882 Β
2095 1819 2310 1914 (Ψέΐίῖηι
2351 1821 2502 1914 "ib",
2531 1837 2588 1876 se
2635 1823 2894 1878 malarum
2932 1826 3127 1879 aruum
3161 1841 3192 1880 ³
3238 1828 3379 1883 bono
3410 1832 3665 1902 ωθέίεῑτο

422 1933 592 1990 sancti
621 1948 840 2002 regnum
873 1947 976 1986 non
1001 1939 1082 1985 est
1106 1931 1334 1985 divisum
1365 1949 1377 1982 :
1404 1932 1544 1999 quod
1579 1932 1696 1986 sine
1733 1931 1838 1985 ulla
1869 1947 1994 1986 con-

423 2025 760 2086 tradictione,
810 2038 915 2075 non
964 2021 1141 2090 aliquo
1190 2021 1416 2090 impulsu
1468 2021 1848 2085 desolandum,
1899 2021 1992 2076 sed

420 2124 619 2170 aeterna
648 2122 732 2168 est
757 2111 1050 2167 stabilitate
1091 2126 1423 2165 mansurum.
1474 2109 1530 2165 Si
1560 2126 1688 2166 vero
1719 2119 1917 2166 sanctae
1939 2119 1994 2166 et

421 2208 704 2263 individua:
752 2205 1029 2259 Trinitatis
1077 2204 1426 2267 individuum,
1478 2203 1584 2257 imo
1624 2202 1754 2271 quia
1797 2203 1992 2257 indivi-

419 2299 606 2360 duum,
651 2303 832 2350 manet
880 2309 1140 2364 regnum,
1189 2294 1448 2348 desistant
1496 2293 1681 2346 Ariani
1728 2292 1992 2347 minorem

419 2389 577 2444 Patre
605 2388 818 2453 Filium,
855 2387 1116 2440 minorem
1156 2384 1292 2439 Filio
1335 2392 1579 2438 sanctum
1614 2383 1794 2437 dicere
1823 2381 1994 2452 Spiri-

419 2488 552 2542 tum,
583 2477 708 2546 quia
739 2492 965 2544 quorum
997 2490 1158 2530 unum
1199 2484 1280 2530 est
1310 2489 1554 2544 regnum,
1591 2473 1786 2528 horum
1817 2479 1901 2528 est
1938 2483 1994 2530 et

419 2587 525 2625 una
556 2567 833 2637 majestas.

489 2662 558 2716 Et
604 2662 772 2715 omnis
802 2661 1001 2725 civitas,
1033 2659 1109 2713 vel
1147 2658 1331 2712 domus
1369 2658 1535 2713 divisa
1577 2667 1758 2712 contra
1797 2674 1852 2713 se
1889 2674 1991 2712 non

415 2754 594 2807 stabit.
624 2751 737 2806 Non
766 2757 939 2821 potest
965 2765 1188 2819 regnum
1216 2757 1270 2802 et
1297 2747 1489 2802 civitas
1517 2756 1704 2802 contra
1736 2763 1793 2801 se
1822 2746 1988 2801 divisa

415 2852 688 2913 perstare;
737 2841 831 2896 sed
881 2840 1147 2908 quomodo
1183 2837 1465 2892 concordia
1511 2851 1690 2906 parvae
1737 2851 1824 2889 res
1870 2850 1990 2890 ere-

416 2940 596 2996 scunt,
646 2931 723 2986 sic
766 2929 1028 2984 discordia
1075 2928 1324 2982 maximae
1373 2925 1702 2980 dilabuntur.
1750 2924 1806 2980 Si
1859 2940 1989 2996 ergo

417 3021 648 3076 Satanas
694 3028 892 3090 pugnat
933 3026 1118 3073 contra
1149 3033 1226 3082 se,
1273 3023 1328 3072 et
1370 3017 1575 3070 daemon
1624 3014 1874 3069 inimicus
1907 3024 1992 3070 est

416 3111 692 3174 daemonis,
733 3110 948 3163 deberet
967 3109 1078 3175 jam
1103 3107 1286 3162 mundi
1313 3107 1523 3162 venisse
1545 3103 1937 3159 consummatio
1969 3121 1982 3157 :

2095 1909 2366 1977 didicisse,
2409 1918 2466 1966 ut
2492 1913 2544 1966 in
2581 1914 2824 1984 principe
2849 1916 3231 1972 daemoniorum
3275 1918 3530 1988 ejicerent
3558 1923 3663 1978 da-

2095 2017 2302 2058 mones.
2349 2003 2500 2068 Ideo,
2549 2005 2742 2074 inquit,
2778 2007 2876 2076 ipsi
2907 2008 3111 2076 judices
3143 2020 3293 2064 erunt
3333 2014 3507 2066 vestri.
3541 2013 3659 2083 Ipsi,

2094 2091 2287 2160 inquit,
2319 2092 2419 2162 ipsi
2449 2093 2700 2164 ignobilia
2731 2103 2784 2149 et
2810 2099 3228 2166 contemptibilia
3267 2099 3424 2170 hujus
3460 2106 3660 2163 muniti,

2094 2183 2146 2238 in
2173 2184 2368 2252 quibus
2392 2199 2497 2239 non
2523 2185 2813 2241 artiﬁciosa
2841 2187 3169 2258 malignitas,
3208 2191 3300 2244 sed
3325 2202 3510 2246 sancta
3542 2195 3666 2246 Situ-

2091 2277 2303 2346 plicitas
2330 2292 2462 2333 mete
2494 2279 2710 2334 virtutis
2737 2290 2976 2350 apparet,
3025 2282 3122 2350 ipsi
3175 2292 3338 2338 testes
3377 2285 3502 2346 mei,
3527 2284 3666 2351 judi-

2093 2384 2184 2424 ces
2225 2379 2383 2424 erunt
2413 2371 2599 2426 vestri.
2631 2371 2897 2442 (llieron.)
2939 2372 3132 2437 Aliter,
3182 2374 3316 2428 ﬁlios
3362 2373 3664 2429 Judmorum

2093 2459 2385 2516 exorcistas
2412 2462 2588 2532 gentis
2622 2462 2760 2517 illius
2786 2477 2852 2517 ex
2890 2464 3353 2534 moresigniﬁcat,
3378 2466 3470 2534 qui
3493 2467 3557 2519 ad
3588 2467 3666 2518 in-

2090 2552 2427 2607 vocationem
2483 2551 2770 2620 ejiciebant
2825 2555 3112 2610 daemones.
3159 2557 3226 2610 Et
3277 2567 3519 2612 coarctat
3569 2575 3664 2614 eos

2093 2639 2516 2712 interrogatione
2577 2643 2859 2711 prudenti,
2918 2652 2978 2698 ut
3032 2645 3390 2701 conﬁteantur
3435 2647 3666 2718 Spiritus

2091 2736 2264 2790 sancti
2289 2751 2424 2805 opus
2454 2751 2590 2791 esse.
2620 2736 2771 2802 Quod
2793 2737 2836 2790 si
2858 2737 3118 2807 expulsio,
3149 2739 3342 2807 inquit,
3365 2740 3662 2796 daemonum

2091 2825 2146 2880 in
2205 2825 2329 2881 ﬁliis
2375 2827 2569 2881 vestris
2615 2827 2764 2891 Deo,
2815 2843 2923 2883 non
2978 2828 3308 2883 daemonibus
3357 2830 3658 2900 deputatur,

2089 2929 2258 2985 quare
2280 2916 2334 2970 in
2357 2931 2441 2972 me
2468 2918 2609 2972 idem
2635 2935 2770 2989 opus
2798 2935 2902 2975 non
2929 2921 3170 2976 eamdem
3202 2922 3399 2976 haheat
3417 2927 3661 2978 causam‘

2089 3004 2231 3075 Ergo
2249 3005 2350 3075 ipsi
2373 3008 2524 3060 vestri
2539 3007 2744 3076 judices
2764 3020 2937 3075 erunt,
2964 3025 3069 3065 non
3093 3019 3375 3079 potestate,
3401 3016 3495 3068 sed
3519 3030 3659 3069 com-

2089 3095 2385 3162 paratione,
2413 3094 2541 3149 dum
2566 3095 2641 3149 illi
2670 3098 3036 3167 expulsionem
3060 3099 3363 3155 dzemonnm
3391 3102 3500 3158 Deo
3528 3104 3664 3158 assi-

413 3213 516 3254 nec
564 3197 824 3251 haberent
868 3197 920 3249 in
965 3211 1029 3250 eo
1077 3196 1252 3250 locum
1297 3194 1619 3250 adversariae
1659 3200 1979 3262 potestates,

2089 3193 2273 3252 gnant,
2301 3200 2396 3240 vos
2433 3185 2699 3243 Belzebub
2724 3164 2952 3259 principi
2977 3190 3384 3246 daamoniorum.

417 3303 646 3356 quarum
687 3287 827 3340 inter
867 3301 926 3340 se
971 3285 1188 3348 bellum,
1217 3299 1320 3353 pax
1348 3284 1622 3339 hominum
1657 3291 1758 3338 est.
1793 3283 1851 3337 Si
1887 3297 1984 3337 au-

413 3391 523 3436 tem
550 3379 751 3451 putatis
783 3379 851 3433 ob
888 3379 1007 3440 hoc,
1033 3392 1066 3431 ο
1102 3375 1302 3429 Scribae
1321 3385 1376 3430 et
1406 3374 1683 3437 Phariszei,
1715 3371 1858 3443 quod
1896 3387 1987 3427 re-

413 3473 588 3528 cessio
627 3471 925 3524 daemonum
953 3465 1256 3520 obedientia
1294 3465 1363 3518 sit
1390 3464 1442 3516 in
1484 3463 1783 3532 principem
1807 3475 1984 3526 suum,

413 3569 470 3615 ut
501 3559 747 3614 homines
779 3557 1086 3627 ignorantes
1134 3553 1470 3608 fraudulenta
1512 3550 1851 3606 simulatione
1892 3551 1985 3606 de-

411 3648 619 3711 ludant,
650 3645 775 3716 quid
802 3645 1026 3715 potestis
1059 3643 1235 3697 dicere
1261 3642 1328 3695 de
1356 3654 1639 3709 corporum
1668 3639 1987 3695 sanitatibus

413 3753 548 3808 quas
575 3736 834 3790 Dominus
864 3733 1229 3804 perpetravit?
1260 3731 1418 3786 Aliud
1443 3739 1528 3786 est
1552 3731 1598 3786 si
1623 3733 1987 3786 membrorum

412 3844 625 3900 quoque
651 3826 960 3882 debilitates
994 3834 1048 3881 et
1094 3823 1415 3893 spiritalium
1453 3823 1711 3878 virtutum
1756 3823 1987 3894 insignia

412 3919 742 3976 daemonibus
783 3915 1085 3972 ascribatis.
1125 3912 1347 3985 (Hilar.)
1377 3913 1561 3968 Potest
1603 3925 1659 3969 et
1697 3913 1799 3968 hoc
1828 3914 1988 3970 aliter

409 4009 652 4076 intelligi.
700 4009 898 4062 Domus
919 4019 1132 4075 quoque
1170 4011 1226 4060 et
1261 4003 1492 4058 civitatis
1517 4003 1704 4058 eadem
1732 4011 1818 4058 est
1848 4005 1986 4059 ratio

408 4115 528 4168 quae
556 4096 726 4166 regni.
753 4094 858 4149 Sed
883 4094 1072 4148 civitas
1102 4093 1190 4146 hic
1221 4090 1517 4147 Jerusalem
1545 4091 1832 4158 indicatur,
1860 4107 1987 4163 gen-

409 4190 540 4244 tium
583 4203 796 4258 semper
840 4185 1072 4257 gloriosa
1111 4184 1406 4240 dominatu.
1451 4183 1604 4238 Nunc
1632 4191 1982 4253 posteaquam

408 4277 463 4331 in
506 4276 732 4329 Domino
754 4290 907 4329 suum
937 4273 1172 4328 furorem
1207 4272 1357 4342 plebs
1383 4272 1606 4338 exarsit,
1636 4280 1690 4326 et
1715 4273 1983 4342 apostolos

407 4365 524 4433 ejus
563 4381 685 4420 cum
711 4363 1044 4418 credentium
1088 4361 1244 4417 turba
1281 4361 1552 4429 eﬁ‘ugavit,
1593 4361 1982 4417 discedentium

409 4454 552 4508 illinc
584 4453 843 4507 divisione
873 4468 979 4506 non
1004 4450 1201 4505 stabit:
1229 4458 1389 4518 atque
1418 4451 1514 4514 ita,
1537 4450 1682 4519 quod
1706 4465 1827 4504 mox
1853 4467 1983 4506 con—

2004 4499 2058 4560 D

2156 3273 2214 3330 Si
2237 3284 2410 3330 autem
2439 3293 2532 3346 ego
2561 3279 2614 3332 in
2645 3277 2850 3349 Spiritu
2891 3280 2988 3335 Dei
3010 3282 3162 3351 ejicio
3188 3283 3470 3347 (immania,
3507 3284 3662 3353 igitur

2084 3369 2308 3438 pervenit
2339 3370 2393 3423 in
2416 3385 2502 3422 vos
2526 3387 2740 3441 regnum
2777 3372 2892 3426 Dei.
2933 3373 2989 3427 ln
3032 3373 3174 3429 Luca
3204 3374 3363 3429 istum
3385 3375 3557 3428 locum
3585 3375 3657 3428 ita

2086 3458 2344 3527 scriptum
2387 3459 2652 3532 legimus:
2687 3460 2748 3516 Si
2777 3471 2950 3535 autem
2974 3480 3066 3534 ego
3098 3465 3154 3518 in
3181 3465 3342 3534 digito
3383 3464 3480 3518 Dei
3509 3466 3657 3534 ejicio

2085 3553 2345 3631 diemones
2367 3555 2520 3627 (Luc.
2556 3558 2654 3630 ιι).
2680 3558 2784 3614 Iste
2813 3559 3010 3629 digitus
3052 3558 3177 3632 [est]
3209 3575 3366 3630 quem
3396 3561 3658 3614 conﬁten-

2086 3653 2175 3699 tur
2201 3652 2256 3700 et
2297 3645 2454 3719 Magi,
2482 3648 2574 3718 qui
2620 3657 2807 3704 contra
2851 3649 3032 3704 Mosen
3070 3658 3126 3705 et
3172 3650 3349 3704 Aaron
3383 3649 3535 3717 signa
3577 3649 3657 3703 fa-

2085 3735 2318 3801 ciebant,
2367 3736 2627 3804 dicentes,
2680 3738 2886 3809 Digitus
2931 3748 3006 3794 est
3051 3741 3146 3793 iste
3179 3739 3276 3793 Dei
3309 3737 3506 3810 (Exod.
3558 3739 3653 3808 tv),

2082 3839 2192 3895 quo
2230 3835 2286 3883 et
2318 3827 2509 3883 tabulae
2546 3828 2770 3899 lapidem
2793 3829 3006 3900 scripta:
3055 3838 3182 3884 sunt
3224 3830 3278 3884 in
3319 3839 3500 3885 monte
3529 3829 3653 3884 Sina

2085 3916 2264 3989 (Deut.
2303 3917 2403 3990 ιι).
2440 3918 2607 3990 Igitur
2632 3920 2677 3975 si
2703 3935 2894 3976 manus
2927 3931 2980 3975 et
3025 3919 3304 3976 brachium
3350 3921 3445 3976 Dei
3493 3920 3656 3975 Filius

2083 4016 2188 4072 est,
2229 4015 2285 4062 et
2314 4008 2511 4079 digitus
2550 4010 2666 4080 ejus
2690 4009 2925 4080 Spiritus
2949 4019 3188 4082 sanctus,
3217 4011 3417 4076 Patris,
3453 4020 3508 4065 et
3538 4013 3654 4065 Filii

2082 4105 2137 4154 et
2163 4096 2395 4168 Spiritus
2437 4100 2608 4155 sancti
2647 4115 2752 4153 una
2790 4101 3088 4155 substantia
3131 4109 3235 4165 est,
3275 4116 3380 4155 non
3423 4110 3475 4154 te
3503 4117 3658 4154 scan-

2082 4185 2279 4242 dalizet
2303 4187 2667 4243 membrorum
2695 4188 3045 4258 inaequalitas,
3071 4204 3195 4243 eum
3218 4189 3446 4244 aediﬁcet
3477 4189 3656 4243 unitas

2081 4277 2341 4345 corporis.
2373 4276 2553 4348 (Aug.)
2584 4277 2770 4343 Aliter,
2811 4279 3008 4348 digitus
3037 4279 3132 4334 Dei
3162 4287 3382 4333 vocatur
3423 4279 3662 4349 Spiritus

2081 4373 2319 4430 sanctus,
2359 4375 2579 4435 propter
2617 4368 2959 4438 partitionem
2999 4368 3281 4431 donorum,
3318 4384 3437 4438 qure
3487 4369 3540 4422 in
3587 4383 3654 4423 eo

2087 4452 2278 4507 dantur
2309 4452 2596 4520 unicuique
2637 4453 2874 4522 propria,
2905 4453 3018 4507 sive
3055 4453 3362 4516 hominum,
3403 4453 3517 4507 sive
3556 4469 3652 4507 an-

406 4554 650 4600 secutum
678 4553 761 4599 est
793 4560 889 4613 per
916 4544 1054 4597 hanc
1085 4541 1418 4606 divisionem,
1461 4541 1694 4596 civitatis
1721 4542 1861 4596 illius
1887 4543 1982 4598 de-
2004 4539 2057 4560 ”
2084 4539 2321 4611 gelorum
2358 4558 2370 4592 :
2402 4540 2456 4594 in
2482 4540 2642 4595 nullis
2678 4541 2822 4596 enim
2864 4541 3119 4597 membris
3142 4542 3342 4596 nostris
3364 4544 3536 4612 magis
3557 4560 3654 4613 ap—

405 4633 687 4688 nuntiatur
714 4632 1003 4685 excidium.

475 4723 547 4776 Et
573 4723 618 4776 si
658 4721 887 4776 Satanas
927 4720 1182 4776 Satanam
1216 4721 1378 4790 ejicit,
1419 4721 1667 4777 adversus
1705 4740 1759 4778 se
1782 4725 1977 4780 divisus

401 4822 497 4878 est,
525 4812 782 4884 quomodo
817 4828 938 4882 ergo
966 4811 1118 4864 stabit
1151 4827 1362 4881 regnum
1385 4812 1538 4882 ejus?
1568 4812 1705 4868 Dicti
1736 4817 1978 4886 superio-

402 4911 479 4965 ris
508 4907 960 4972 malevolentiam,
990 4921 1096 4975 quo
1141 4921 1263 4960 eum
1299 4906 1352 4960 in
1379 4906 1646 4962 Belzebub
1677 4909 1790 4964 haec
1815 4924 1975 4978 agere

401 5000 778 5071 loquebantur,
801 5012 866 5052 eo
896 4997 1010 5068 ipso
1032 5012 1138 5066 quo
1167 4996 1327 5050 locuti
1357 5005 1482 5051 sunt
1503 5012 1697 5066 genere
1720 4999 1974 5052 condem-

398 5100 612 5156 nantur,
648 5106 754 5146 non
801 5087 1158 5158 intelligentes
1190 5088 1465 5143 confessos
1510 5103 1569 5142 se
1593 5086 1759 5144 fuisse
1784 5088 1970 5144 Belze-

396 5183 504 5237 bub
535 5197 653 5237 esse
682 5181 908 5235 divisum
936 5197 949 5232 :
981 5188 1035 5232 et
1066 5179 1109 5233 si
1138 5177 1205 5232 ad
1230 5177 1543 5234 divisionem
1572 5193 1721 5233 suam
1752 5188 1970 5236 coactus

395 5278 500 5336 est,
545 5276 605 5324 ut
633 5270 841 5324 daemon
871 5269 1166 5325 daemonem
1206 5269 1563 5338 perturbaret,
1611 5275 1666 5322 et
1712 5269 1969 5325 adversus

395 5378 453 5418 se
481 5362 684 5416 divisus
709 5361 820 5430 ipse
849 5362 1186 5424 consisteret,
1216 5354 1342 5416 hinc
1366 5375 1576 5429 quoque
1595 5361 1964 5417 aestimandum

394 5466 512 5506 esse
537 5451 657 5520 plus
685 5450 740 5504 in
784 5465 850 5504 eo
878 5451 969 5520 qui
1007 5450 1251 5504 diviserit
1283 5465 1442 5517 quam
1479 5449 1532 5503 in
1563 5450 1646 5505 his
1673 5451 1765 5520 qui
1809 5453 1963 5508 divisi

394 5544 501 5597 sint
544 5543 720 5598 inesse
749 5542 983 5597 virtutis.
1012 5541 1156 5613 Ergo
1179 5541 1290 5611 jam
1334 5542 1537 5596 divisus
1563 5551 1668 5606 est,
1695 5551 1749 5597 et
1777 5545 1966 5599 adver-

395 5646 514 5686 sum
544 5647 605 5687 se
641 5640 858 5687 coactus
887 5640 990 5696 est,
1039 5647 1371 5705 regnumque
1413 5631 1527 5701 ejus
1572 5633 1665 5688 tali
1703 5635 1963 5693 divisione

396 5730 481 5775 est
508 5721 762 5789 solutum,
789 5731 976 5780 etnon
1018 5725 1217 5794 poterit
1256 5731 1422 5793 stare,
1452 5724 1542 5782 sed
1582 5725 1743 5782 ﬁnem
1779 5726 1958 5784 habet.

2080 4637 2234 4700 paret
2254 4631 2473 4699 partitio
2509 4645 2668 4700 quam
2696 4632 2748 4684 in
2778 4631 2979 4700 digitis.

2150 4722 2418 4797 (Hierom)
2452 4724 2603 4791 Quod
2630 4733 2808 4779 autem
2843 4726 2972 4780 dicit
3000 4739 3014 4778 :
3045 4721 3283 4779 Peruenit
3324 4725 3380 4778 in
3427 4741 3516 4779 vos
3561 4743 3644 4778 re-

2077 4829 2236 4882 gnum
2264 4813 2381 4879 Dei,
2402 4816 2486 4870 vel
2508 4816 2680 4885 ipsum
2701 4830 2760 4870 se
2781 4814 3068 4883 signiﬁcat,
3093 4814 3160 4869 de
3183 4829 3291 4883 quo
3317 4813 3424 4868 alio
3441 4815 3503 4868 in
3529 4816 3645 4870 loco

2075 4906 2334 4976 scriptum
2377 4915 2501 4962 est:
2534 4905 2769 4977 Regnum
2803 4907 2901 4960 Dei
2938 4907 3077 4962 intra
3120 4924 3207 4962 vos
3233 4915 3329 4972 est,
3363 4917 3412 4961 et
3443 4910 3642 4963 medius

2076 5003 2177 5048 stat
2216 4994 2352 5048 inter
2391 5011 2476 5048 vos
2513 5011 2663 5064 quem
2707 5011 2793 5048 vos
2833 4993 3073 5058 nescitis;
3114 4993 3200 5058 vel
3232 5001 3380 5048 certe
3401 4994 3528 5049 illud
3558 5012 3641 5051 re-

2075 5103 2236 5164 gnum
2263 5088 2405 5156 quod
2449 5097 2504 5142 et
2546 5085 2779 5142 Joannes
2811 5095 2865 5142 et
2888 5087 3003 5157 ipse
3033 5087 3292 5142 Dominus
3320 5089 3642 5157 praedicave-

2074 5189 2200 5234 runt
2227 5197 2240 5232 :
2275 5177 2639 5234 Paenitentiam
2663 5181 2818 5249 agite,
2850 5178 3224 5248 appropinquat
3254 5180 3392 5233 enim
3429 5197 3637 5250 regnum

2071 5270 2316 5325 caelorum
2358 5270 2538 5342 (Joan.
2585 5270 2645 5341 l).
2703 5271 2768 5324 Et
2805 5271 3021 5324 tertium
3074 5283 3298 5340 regnum
3350 5269 3636 5340 Scriptura:

2072 5371 2291 5428 sanctte,
2321 5363 2461 5433 quod
2488 5361 2728 5416 aufertur
2755 5377 2782 5414 a
2809 5359 3021 5424 Iudaeis,
3055 5369 3101 5414 et
3128 5361 3368 5416 tradetur
3390 5364 3526 5432 genti
3554 5363 3636 5430 fa-

2070 5453 2223 5506 cienti
2253 5453 2478 5522 fructum
2502 5451 2614 5521 ejus
2641 5449 2853 5520 (Matth.
2881 5450 2994 5520 ιιι)

2139 5542 2240 5596 Aut
2275 5542 2534 5614 quomodo
2574 5550 2738 5612 potest
2782 5542 3056 5611 quisquam
3094 5540 3292 5595 intrare
3329 5557 3385 5594 in
3428 5541 3630 5594 domum

2069 5635 2238 5704 fortis,
2264 5644 2310 5688 et
2341 5652 2463 5689 vasa
2499 5634 2612 5704 ejus
2651 5633 2894 5703 diripere,
2919 5633 3018 5687 nisi
3045 5633 3191 5702 prius
3213 5631 3499 5702 alligaverit
3518 5631 3628 5700 [or-

2068 5736 2188 5795 tem,
2206 5736 2253 5781 et
2275 5736 2396 5781 tunc
2417 5726 2625 5784 domum
2651 5725 2790 5781 illius
2811 5725 3038 5797 diripiet.
3071 5723 3253 5797 (.4ug.)
3285 5723 3500 5780 Fortem
3520 5722 3634 5778 dia-
