4006 6194
301 314 457 373 9Ξ9.

1267 307 1618 364 connssr.
1660 288 1726 363 lN
1767 306 2204 363 nummum.
2245 338 2313 348 -
2352 305 2481 362 Lm.
2524 310 2612 363 tv.

3465 318 3572 374 950

297 427 471 483 bolum
526 424 680 491 dicit,
724 424 849 494 quia
887 424 999 494 ipse
1027 423 1262 495 tenebat,
1311 438 1380 478 ne
1413 438 1487 499 se
1533 432 1755 494 possent
1810 422 1880 477 ab
1905 427 1958 487 Α
1983 422 2382 494 blaSpheuiutn,
2410 425 2752 497 exigentibus
2774 426 3001 491 meritis,
3032 428 3172 484 sicut
3199 444 3475 501 nunquam
3503 434 3572 490 ad

295 517 384 572 illo
423 514 630 572 viribus
671 515 781 570 suis
829 514 1076 569 homines
1108 528 1326 580 eruere,
1371 514 1468 569 sed
1508 528 1608 583 per
1649 514 1879 585 gratiam

294 607 413 670 Dei;
446 620 574 660 vasa
625 606 762 675 ejus,
813 604 1060 660 homines
1107 604 1175 658 ab
1218 619 1284 659 eo
1332 604 1617 674 deceptos;
1659 604 1878 659 domum

295 698 423 767 ejus,
454 696 731 760 mundum,
768 695 860 765 qui
909 696 963 749 in
1012 694 1248 766 maligno
1275 695 1486 763 positus
1525 702 1647 748 est:
1685 693 1739 748 in
1768 708 1879 763 quo

296 802 457 857 usque
482 786 550 842 ad
580 786 880 842 Salvatoris
906 786 1193 841 adventum
1230 784 1371 838 male
1411 792 1606 854 pacato
1634 784 1879 853 potieba-

296 889 379 935 tur
402 880 650 948 imperio,
688 894 812 934 eum
864 878 917 932 in
959 878 1213 932 cordibus
1262 876 1562 931 inﬁdelium
1603 877 1724 933 sine
1767 877 1877 931 ulla

292 972 710 1028 contradictione
773 971 1106 1041 quiescebat.
1158 969 1411 1041 Alligavit
1449 976 1630 1024 autem
1680 968 1903 1026 fortem.

291 1061 564 1126 Dominus,
616 1062 670 1117 id
711 1068 817 1127 est,
866 1062 935 1116 ab
984 1060 1282 1116 electorum
1323 1060 1635 1115 seductione
1661 1074 1878 1129 compe-

288 1153 423 1208 scuit
448 1152 742 1209 diabolum.
767 1153 835 1208 Et
862 1163 997 1221 tunc
1035 1154 1256 1208 domum
1301 1150 1418 1220 ejus
1458 1151 1701 1222 diripuit,
1748 1151 1876 1221 quia

286 1252 500 1314 ereptos
524 1259 557 1299 a
589 1245 789 1301 diaboli
816 1245 1022 1316 laqueis
1046 1259 1140 1302 eos
1169 1259 1308 1316 quos
1331 1260 1459 1301 suos
1480 1258 1601 1300 esse
1625 1243 1878 1315 praevidit

286 1336 536 1391 Ecclesiae
563 1352 673 1393 sua:
698 1338 956 1393 membris
985 1337 1263 1404 adunavit,
1291 1352 1357 1392 ac
1381 1352 1481 1408 per
1505 1337 1793 1394 distinctas
1816 1335 1873 1394 in

284 1441 344 1481 ea
365 1427 640 1482 variorum
661 1429 925 1500 graduum
948 1428 1239 1499 dignitates
1263 1428 1555 1483 ordinavit.
1583 1429 1676 1484 Vel
1700 1438 1870 1496 certe,

283 1516 499 1571 domum
527 1519 646 1589 ejus
675 1518 922 1589 diripuit,
944 1519 1070 1589 quia
1095 1533 1284 1574 omnes
1307 1518 1490 1573 mundi
1519 1526 1723 1590 partes,
1748 1520 1873 1590 qui-

280 1606 380 1660 bus
424 1606 556 1662 olim
606 1608 781 1664 hostis
830 1609 1211 1664 dominabatur
1267 1608 1552 1678 antiquus,
1613 1608 1874 1680 apostolis

281 1700 751 1771 apostolorumque
801 1701 1237 1768 successoribus,
1285 1710 1346 1756 ut
1395 1701 1448 1756 in
1500 1715 1598 1756 sua
1641 1702 1871 1772 quisque

1984 514 2383 581 remissionem,
2411 515 2484 569 ita
2512 530 2612 571 nec
2637 516 2705 570 ad
2727 516 2873 586 ipsos
2902 508 3076 589 dignae
3106 519 3437 589 poenitentia:
3462 522 3575 578 fru-

1980 613 2105 661 etus
2150 620 2270 661 esse
2314 615 2702 675 perventurum
2748 625 2761 661 :
2799 608 2955 676 juxta
3004 611 3106 665 hoc
3147 611 3292 677 quod
3330 610 3576 669 Joannes

1980 696 2309 766 evangelista
2353 697 2421 751 de
2457 697 2779 766 quibusdam
2828 698 3176 769 blasphemiae
3219 718 3331 760 sua:
3374 705 3575 762 merito

1978 787 2267 842 excaecatis
2291 788 2644 845 veracissime
2679 790 2936 860 scripsit:
2969 790 3256 863 Propterea
3282 810 3388 848 non
3431 806 3579 865 pote-

1979 885 2100 928 rant
2145 877 2376 944 credere,
2407 879 2532 948 quia
2580 879 2769 932 iterum
2819 880 2952 934 dixit
2997 880 3173 936 Isaias
3207 897 3226 935 :
3276 884 3577 941 Eacwcavit

1979 964 2158 1022 oculos
2202 984 2407 1034 eorum,
2453 979 2499 1023 et
2540 970 2804 1025 induravit
2855 989 2947 1025 cor
2990 989 3214 1028 eorum:
3246 985 3303 1030 ut
3350 994 3455 1032 non
3506 980 3578 1033 ri-

1977 1053 2135 1110 deant
2169 1056 2357 1123 oculis,
2383 1068 2432 1112 et
2456 1058 2745 1132 intelligant
2772 1062 2947 1127 corde,
2977 1072 3025 1117 et
3050 1079 3154 1117 non
3182 1077 3571 1136 convertantur,

1977 1155 2026 1199 et
2061 1162 2242 1200 sanem
2288 1146 2407 1202 illos
2452 1147 2589 1221 (Isa.
2634 1149 2730 1220 vi).
2783 1150 2909 1206 Sola
2953 1168 3083 1224 ergo
3135 1154 3470 1227 blasphemia
3515 1160 3572 1214 in

1979 1235 2239 1306 Spiritum
2271 1248 2537 1307 sanctum,
2563 1242 2690 1312 quia
2718 1243 2950 1314 quisque
2983 1246 3038 1300 in
3065 1246 3416 1305 similitudine
3452 1251 3571 1306 dia-

1975 1325 2089 1383 boli
2134 1337 2191 1383 et
2229 1330 2544 1400 angelorum
2589 1332 2707 1403 ejus
2753 1344 2941 1391 contra
2985 1338 3373 1394 conscientiam
3413 1357 3570 1397 suam

1976 1416 2317 1487 maiestatem
2353 1421 2580 1478 Deitatis
2624 1440 2938 1497 oppugnare
2986 1444 3095 1483 non
3137 1432 3400 1501 trepidat,
3460 1448 3570 1488 non

1977 1508 2141 1564 habet
2177 1512 2555 1569 remissionem
2587 1516 2641 1570 in
2670 1525 2954 1584 aeternum,
2984 1521 3078 1575 sed
3107 1535 3231 1577 reus
3254 1525 3360 1578 erit
3380 1526 3571 1582 :eterni

1977 1599 2157 1657 delicti
2198 1621 2212 1657 :
2256 1604 2398 1660 sicut
2435 1608 2768 1679 evangelista
2816 1610 3028 1668 Marcus
3078 1623 3264 1683 aperte
3305 1616 3567 1686 declarat,

1976 1691 2092 1761 qui,
2126 1693 2304 1762 posito
2334 1695 2439 1750 hoc
2476 1696 2689 1752 Domini
2723 1701 3050 1768 testimonio,
3092 1705 3369 1774 subjunxit
3398 1716 3568 1778 atque

278 1788 558 1857 provincia
591 1799 873 1848 revocatos
913 1793 982 1848 ab
1016 1806 1204 1848 οτι-ονε
1230 1791 1454 1863 populos
1480 1791 1549 1847 ad
1576 1791 1721 1848 viam
1746 1793 1874 1847 vim
1900 1776 1950 1836 B
1976 1781 2075 1848 ait,
2118 1783 2382 1849 Quoniam
2408 1787 2669 1853 dicebant,
2716 1788 2974 1859 Spiritum
3020 1793 3348 1848 immundum
3391 1776 3568 1854 habet.

278 1888 644 1948 converteret,
668 1882 961 1939 distribuit.
988 1882 1239 1939 Ostendit
1263 1897 1392 1954 ergo
1417 1898 1514 1953 per
1534 1883 1867 1954 parabolam,

277 1970 368 2025 sed
388 1968 508 2039 jam
538 1972 1062 2041 manifestissimam,
1101 1974 1360 2029 Dominus
1390 1976 1532 2045 quod
1570 1989 1677 2029 non
1708 1974 1872 2031 corde

276 2058 464 2126 fallax,
498 2063 815 2131 operatione
841 2078 961 2118 cum
994 2061 1344 2127 daemonibus,
1379 2070 1439 2118 ut
1467 2062 1873 2120 ealumniaban-

275 2155 385 2215 tur,
425 2151 523 2207 sed
565 2151 773 2207 diversa
804 2168 1028 2223 prorsus
1062 2160 1226 2223 atque
1262 2153 1490 2208 adversa
1513 2153 1714 2210 virtute
1735 2155 1873 2211 divi-

273 2241 493 2308 uitatis,
549 2242 795 2299 homines
842 2258 873 2297 a
918 2244 1255 2299 daemonibus
1301 2242 1591 2309 liberaret,
1641 2244 1871 2315 ideoque

273 2335 478 2403 grande
507 2335 683 2391 scelus
714 2336 1137 2402 committerent,
1177 2336 1269 2407 qui
1310 2337 1416 2392 hoc
1454 2323 1599 2408 qu'od
1626 2337 1720 2393 Dei
1750 2352 1872 2394 esse

273 2437 666 2497 cognoverant,
701 2428 897 2484 diaboli
924 2443 1048 2484 esse
1074 2428 1401 2484 clamabant.

342 2518 449 2585 Qui
472 2537 576 2574 non
606 2529 683 2575 est
708 2536 934 2585 mecum,
952 2517 1151 2573 contra
1177 2536 1258 2573 me
1284 2530 1397 2585 est;
1424 2528 1470 2573 et
1490 2520 1581 2591 qui
1618 2536 1723 2575 non
1746 2537 1872 2575 con-

270 2619 447 2681 gregat
489 2626 712 2676 mecum,
749 2612 970 2681 spargit.
1002 2608 1118 2665 Non
1148 2617 1303 2679 putet
1330 2610 1619 2680 quisquam
1662 2608 1731 2663 de
1759 2608 1871 2663 ha:-

271 2701 457 2756 reticis
503 2701 707 2758 dictum
737 2708 792 2756 et
827 2700 1208 2767 schismaticis,
1240 2714 1550 2770 quanquam
1599 2706 1656 2754 et
1695 2699 1771 2753 ita
1799 2714 1868 2754 ex

270 2790 546 2861 superﬂuo
601 2793 771 2862 possit
816 2790 1082 2863 intelligi;
1137 2791 1233 2846 sed
1288 2806 1357 2846 ex
1412 2790 1868 2859 consequentibus

271 2887 530 2951 textaque
579 2881 847 2936 sermonis
898 2881 967 2935 ad
1012 2880 1285 2935 diabolum
1328 2878 1584 2945 refertur,
1629 2888 1686 2935 et
1723 2881 1867 2950 quod

264 2982 377 3024 nou
442 2971 652 3041 possint
711 2985 876 3041 opera
933 2970 1202 3025 Belzebub
1262 2969 1562 3025 Salvatoris
1610 2970 1867 3040 operibus

267 3061 596 3131 comparari.
626 3060 720 3117 Ille
745 3061 894 3131 cupit
921 3060 1130 3116 animas
1157 3061 1437 3116 hominum
1464 3068 1650 3114 tenere
1694 3059 1867 3130 capti-

264 3165 383 3215 vas,
409 3150 671 3205 Dominus
694 3149 965 3217 liberare;
1000 3150 1089 3206 ille
1114 3151 1372 3222 praedicat
1396 3150 1559 3215 idola,
1587 3150 1677 3205 hic
1703 3150 1864 3206 unius

266 3242 362 3298 Dei
384 3242 670 3309 notitiam;
704 3242 794 3297 ille
822 3243 989 3298 trahit
1017 3243 1086 3299 ad
1129 3243 1282 3309 vitia,
1312 3244 1402 3298 hic
1424 3243 1493 3298 ad
1519 3242 1752 3298 virtutes
1778 3258 1865 3298 re-

266 3338 471 3388 vocat:
505 3333 779 3402 quomodo
825 3347 955 3403 ergo
1001 3341 1227 3404 possunt
1275 3332 1478 3388 habere
1520 3331 1864 3388 concordiam

267 3421 412 3477 inter
442 3436 525 3487 se,
548 3436 778 3491 quorum
807 3435 972 3491 opera
998 3422 1167 3477 divisa
1197 3423 1355 3477 sunt?

332 3512 467 3567 Ideo
504 3512 624 3567 dico
670 3512 833 3578 vobis,
868 3529 1020 3567 omne
1052 3522 1319 3582 peccatum
1345 3522 1395 3568 et
1425 3512 1744 3584 blasphemia
1781 3530 1866 3569 re-

269 3604 502 3659 mittetur
536 3603 854 3657 hominibus.
899 3601 1095 3659 Omnia
1138 3610 1360 3673 peccata
1411 3612 1467 3660 et
1516 3604 1864 3673 blasphemiae

266 3710 373 3750 non
398 3694 600 3766 passim
631 3694 973 3749 dimittuntur
1010 3694 1261 3750 omnibus
1295 3694 1624 3763 hominibus,
1657 3696 1750 3751 sed
1778 3696 1865 3752 his

267 3788 356 3857 qui
376 3788 595 3859 dignam
622 3801 722 3857 pro
762 3786 962 3841 erratis
991 3786 1104 3842 suis
1134 3786 1189 3840 in
1219 3786 1325 3841 hac
1350 3786 1460 3840 vita
1485 3787 1863 3856 paenitentiam

265 3879 496 3949 egerint.
528 3876 716 3947 Neque
746 3877 919 3932 ullum
954 3877 1119 3932 habet
1155 3875 1333 3931 locum
1374 3891 1557 3946 pravae
1605 3875 1864 3931 assertio-

266 3970 348 4024 nis
381 3969 466 4025 vel
513 3968 869 4034 Novatianus,
899 3975 961 4021 ut
989 3965 1377 4036 paenitentibus
1398 3967 1477 4021 eis
1504 3966 1597 4036 qui
1633 3967 1687 4020 iu
1717 3981 1864 4020 mar-

267 4060 405 4130 tyrio
437 4076 540 4116 suo
570 4059 707 4130 lapsi
738 4067 867 4114 sunt
904 4057 1117 4112 veniam
1146 4064 1305 4126 neget
1330 4071 1450 4112 csse
1486 4056 1859 4123 tribuendam;

265 4150 350 4206 vel
391 4151 675 4224 Origenes,
705 4158 765 4205 ut
801 4156 1013 4204 asserat
1049 4155 1172 4219 post
1218 4147 1484 4218 judicium
1531 4145 1860 4213 universale,

267 4245 559 4299 transactis
596 4243 725 4298 licet
773 4240 1093 4297 saeculorum
1133 4238 1499 4295 voluminibus
1537 4239 1860 4306 innumeris,

267 4340 485 4391 cunctos
528 4342 841 4405 peccatores
879 4345 942 4386 ac
988 4329 1332 4401 blasphemos
1357 4330 1571 4387 veniam
1612 4338 1860 4401 peccato-

268 4438 383 4478 rum
432 4440 559 4480 esse
591 4432 999 4488 consecuturos,
1042 4430 1207 4493 atque
1252 4422 1321 4477 ad
1370 4437 1597 4493 regnum
1638 4421 1864 4479 caeleste“

266 4514 669 4586 perducendos:
706 4514 858 4585 cujus
895 4528 1135 4568 errorem
1170 4513 1452 4583 sequentia
1491 4529 1708 4585 quoque
1748 4514 1855 4570 Do-

268 4604 396 4658 mini
431 4605 596 4660 verba
621 4612 872 4675 arguunt.

338 4697 570 4768 Spiritus
622 4707 796 4751 autem
851 4697 1172 4768 blasphemia
1229 4713 1335 4751 non
1391 4698 1698 4753 remittetur.
1753 4698 1856 4767 Qui

267 4804 393 4862 ergo
432 4787 721 4845 manifeste
743 4788 1048 4860 intelligens
1066 4802 1230 4858 opera
1261 4788 1380 4854 Dei,
1411 4804 1533 4843 cum
1564 4788 1630 4844 de
1658 4790 1857 4845 virtute

268 4896 462 4953 negare
500 4898 606 4937 non
634 4881 827 4950 possit,
864 4880 1171 4935 stimulatus
1199 4880 1424 4947 invidia,
1454 4882 1851 4957 calumniatur;

268 4981 320 5028 et
344 4972 618 5028 Christum
651 4972 855 5043 Deique
881 4972 1138 5039 Verbum,
1170 4979 1225 5026 et
1256 4987 1421 5042 opera
1461 4972 1696 5044 Spiritus
1727 4989 1852 5029 san-

270 5067 340 5122 cti
368 5068 498 5125 dicit
520 5081 639 5122 esse
667 5065 972 5132 Belzebub;
997 5065 1085 5120 isti
1124 5079 1230 5119 non
1273 5065 1573 5121 dimittetur
1602 5081 1776 5137 neque
1799 5067 1853 5121 in

269 5158 516 5225 praesenti
541 5156 757 5223 sazculo,
780 5171 955 5227 neque
981 5155 1034 5210 in
1060 5153 1262 5210 futuro.
1288 5153 1404 5211 Non
1429 5157 1571 5225 quod
1596 5172 1857 5227 negemus

269 5249 417 5315 etei,
445 5248 488 5304 si
511 5249 892 5320 paenitentiam
923 5263 1083 5318 agere
1106 5247 1354 5312 valuerit,
1379 5263 1537 5318 posse
1560 5249 1756 5304 dimitti
1785 5249 1854 5304 ab

272 5354 336 5395 eo
371 5341 461 5411 qui
491 5342 601 5396 vult
635 5360 811 5399 omnes
837 5342 1069 5397 homines
1096 5340 1268 5395 salvos
1296 5341 1433 5410 fieri,
1471 5349 1519 5394 et
1547 5342 1602 5396 in
1627 5341 1856 5411 agnitio-

271 5446 384 5489 nem
424 5435 655 5490 veritatis
703 5436 875 5491 venire
926 5434 1052 5506 (Tit.
1086 5434 1148 5504 ι),
1181 5433 1274 5489 sed
1300 5432 1442 5503 quod
1482 5432 1584 5502 ipsi
1606 5431 1774 5502 judici
1803 5440 1860 5489 et

272 5510 511 5593 largitori
537 5526 706 5581 veniae
735 5526 1036 5592 credentes,
1055 5523 1146 5593 qui
1172 5538 1231 5579 se
1251 5531 1305 5599 et
1325 5522 1700 5593 paenitentiam
1718 5538 1860 5580 sem-

273 5626 365 5684 per
389 5627 760 5687 accepturum,
792 5625 847 5673 et
878 5617 1020 5673 hanc
1062 5614 1453 5687 blasphemiam
1478 5629 1743 5686 nusquam
1779 5616 1860 5671 di-

282 5704 353 5760 cit
390 5720 511 5763 esse
553 5710 939 5781 poenitendam,
984 5707 1270 5765 credamus
1313 5705 1859 5777 hunc.blasphemia:

1974 1872 2113 1929 Nam
2149 1891 2326 1946 neque
2356 1878 2411 1933 hi
2441 1878 2533 1947 qui
2565 1878 2827 1949 Spiritum
2870 1891 3119 1939 sanctum
3160 1901 3267 1941 non
3286 1901 3440 1955 esse,
3474 1905 3572 1947 ne-

1971 1979 2081 2036 que
2103 1967 2199 2038 qui
2237 1969 2383 2024 hunc
2407 1983 2527 2026 esse
2554 1971 2796 2041 quidem,
2822 1974 2915 2029 sed
2956 1974 3127 2031 Deum
3170 1991 3281 2032 non
3300 1993 3443 2045 esse,
3472 1995 3571 2037 ne-

1970 2068 2079 2126 que
2095 2056 2189 2127 qui
2209 2057 2355 2113 hunc
2378 2058 2548 2114 Deum
2573 2061 2788 2130 quidem
2824 2078 2966 2130 esse,
3004 2066 3098 2121 sed
3136 2065 3301 2122 Patre
3324 2067 3570 2141 Filioque

1970 2146 2260 2215 minorem,
2298 2150 2529 2205 credunt
2562 2158 2619 2206 et
2640 2151 2995 2220 conﬁtentur,
3025 2156 3154 2225 quia
3178 2173 3288 2215 non
3321 2159 3571 2219 inviden-

1970 2236 2048 2291 tia
2076 2237 2365 2305 diabolica,
2414 2240 2512 2295 sed
2537 2240 2776 2297 humana
2810 2242 3119 2312 ignorantia
3150 2245 3300 2302 ducti
3335 2247 3568 2319 faciunt,

1970 2329 2077 2384 hoc
2133 2329 2522 2391 irremissibilis
2595 2331 2945 2404 blasphemiae
2992 2336 3223 2394 crimine
3294 2347 3564 2398 tenentur.

1971 2420 2087 2486 Qua
2111 2421 2333 2491 proprie
2362 2422 2635 2493 principes
2661 2423 2997 2493 Judaaorum,
3018 2434 3077 2483 et
3092 2428 3323 2500 quisque
3349 2431 3567 2501 similis,

1971 2512 2186 2568 invidiae
2205 2522 2359 2584 peste
2389 2516 2631 2585 corrupti
2657 2517 2999 2589 majestatem
3020 2519 3423 2597 blasphemant,
3447 2524 3567 2581 sine

1970 2600 2079 2657 tine
2107 2604 2381 2674 peribunt.

2040 2692 2113 2747 Et
2138 2695 2434 2766 quicunque
2459 2695 2651 2752 dixerit
2679 2698 2890 2756 verbum
2922 2711 3106 2757 contra
3130 2704 3310 2773 'ﬁlium
3338 2706 3567 2764 hominis

1938 2770 2260 2857 'remittetur
2285 2786 2353 2840 ei.
2396 2786 2477 2842 Ac
2512 2787 2559 2842 si
2602 2787 2723 2844 aliis
2748 2789 2932 2847 verbis
2969 2770 3174 2848 diceret
3202 2808 3217 2848 :
3245 2794 3564 2867 Quicunque

1968 2876 2214 2971 convicia
2265 2879 2469 2934 dixerit
2510 2888 2701 2937 contra
2755 2897 2874 2951 me,
2920 2885 3329 2943 scandalizatus.
3366 2889 3565 2959 quippe

1968 2981 2135 3023 carne
2159 2983 2300 3035 mea,
2332 2978 2390 3025 et
2424 2984 2512 3024 me
2540 2971 2813 3039 hominem
2846 2981 3055 3032 tantum
3090 2976 3385 3045 arbitrans,
3411 2979 3559 3049 quod

1969 3058 2113 3115 ﬁlius
2148 3060 2250 3115 sim
2293 3060 2431 3116 fabri
2460 3071 2517 3117 et
2551 3062 2747 3120 fratres
2786 3064 3019 3121 habeam
3055 3064 3339 3133 Jacobum,
3376 3076 3433 3124 et
3458 3066 3556 3124 Jo-

1890 3125 1938 3190 C
1968 3149 2124 3219 seph,
2168 3158 2223 3204 et
2272 3147 2489 3218 Judam,
2525 3160 2581 3207 et
2615 3153 2780 3209 homo
2810 3163 3049 3222 vorator,
3102 3163 3158 3209 et
3199 3125 3565 3226 vini'potator

1967 3237 2090 3306 sim,
2123 3238 2245 3294 talis
2269 3240 2452 3310 opinio
2478 3249 2642 3312 atque
2679 3242 3038 3313 blasphemia,
3066 3260 3379 3315 quanquam
3402 3246 3563 3317 culpa

1964 3346 2073 3385 non
2098 3340 2285 3387 careat
2310 3333 2531 3397 erroris,
2559 3343 2739 3390 tamen
2767 3334 2934 3391 habet
2951 3336 3166 3391 veniam
3188 3343 3413 3408 propter
3439 3353 3563 3395 cor-

1964 3421 2112 3490 poris
2137 3421 2422 3478 vilitatem.
2452 3422 2587 3480 Nam
2616 3424 2671 3479 in
2699 3440 2764 3480 eo
2800 3425 2943 3495 quod
2969 3427 3231 3495 sequitur.

2037 3510 2141 3577 Qui
2188 3522 2362 3567 autent
2389 3513 2582 3569 dixerit
2628 3525 2814 3570 contra
2858 3514 3116 3587 Spiritum
3158 3529 3421 3588 sanctum,
3454 3536 3559 3576 non

1963 3604 2256 3658 remittetur
2282 3605 2346 3667 ei,
2375 3623 2538 3677 neque
2579 3609 2635 3662 in
2677 3608 2776 3662 hoc
2802 3607 3017 3675 seculo,
3056 3627 3218 3680 neque
3263 3612 3320 3665 in
3355 3612 3555 3682 futuro.

1965 3692 2170 3767 (Greg.)
2205 3695 2285 3749 Ex
2328 3697 2413 3752 his
2445 3699 2627 3752 verbis
2664 3698 2873 3752 Domini
2915 3699 3077 3753 datur
3116 3699 3340 3771 intelligi
3387 3717 3554 3771 quas-

1963 3784 2087 3838 dam
2112 3784 2298 3853 culpas
2330 3784 2385 3838 in
2430 3786 2536 3839 hoc
2577 3785 2794 3853 saeculo,
2824 3788 3087 3856 quasdam
3122 3803 3254 3844 vero
3284 3789 3337 3844 in
3374 3789 3557 3848 futuro

1962 3872 2155 3927 laxari.
2203 3872 2355 3940 Quod
2381 3874 2526 3929 enim
2564 3875 2631 3930 de
2671 3890 2778 3930 uno
2806 3884 3057 3946 negatur,
3104 3893 3444 3951 consequens
3474 3881 3557 3936 in-

1962 3962 2208 4019 tellectus
2236 3971 2384 4033 patet
2422 3964 2549 4034 quia
2590 3965 2656 4021 de
2690 3965 3013 4036 quibusdam
3066 3969 3397 4026 conceditur.
3447 3970 3557 4028 Sed

1963 4061 2143 4108 tamen
2172 4053 2277 4109 hoc
2300 4054 2575 4126 deparvis
2604 4056 2951 4128 minimisque
2985 4060 3221 4129 peccatis
3255 4059 3371 4116 fieri
3393 4077 3557 4132 posse

1961 4146 2290 4202 credendum
2334 4154 2420 4202 est
2452 4164 2465 4200 :
2501 4147 2643 4203 sicut
2680 4157 2766 4204 est
2810 4148 3060 4206 assiduus
3100 4151 3307 4208 otiosus
3348 4169 3552 4222 sermo,

1961 4237 2351 4293 immoderatus
2379 4238 2540 4305 risus,
2563 4247 2618 4294 et
2644 4247 2924 4310 peccatum
2953 4255 3097 4297 curae
3125 4243 3202 4297 rei
3231 4242 3510 4301 familiaris
3535 4262 3551 4301 :

1959 4343 2082 4399 qua:
2118 4328 2210 4383 vix
2238 4329 2355 4385 sine
2379 4329 2537 4401 culpa
2577 4331 2661 4387 vel
2704 4332 2773 4387 ab
2812 4331 2944 4402 ipsis
2970 4332 3151 4404 agitur
3196 4336 3287 4403 qui
3335 4335 3553 4406 culpam

1960 4419 2194 4489 qualiter
2235 4420 2498 4476 declinari
2544 4422 2738 4477 debeat
2765 4423 2981 4478 sciunt:
3016 4432 3110 4479 aut
3145 4418 3199 4480 in
3239 4442 3345 4481 non
3375 4428 3553 4496 gravi-

1958 4510 2060 4566 bus
2100 4511 2273 4581 culpis
2320 4526 2506 4567 errore
2564 4512 2925 4582 ignorantiae;
2975 4530 3097 4585 qua:
3145 4524 3341 4570 cuncta
3387 4517 3553 4573 etiam

1956 4608 2089 4671 post
2132 4610 2363 4658 mortem
2394 4612 2638 4673 gravant,
2686 4604 2731 4658 si
2774 4605 2949 4660 adhuc
2998 4606 3049 4659 in
3099 4606 3203 4662 hac
3223 4607 3335 4662 vita
3360 4607 3554 4679 positis

1957 4694 2181 4749 minime
2225 4694 2428 4750 fuerint
2476 4695 2736 4750 relaxata.
2778 4695 2891 4751 Hoc
2933 4705 3111 4751 tamen
3160 4697 3440 4754 sciendum
3470 4707 3555 4755 est

1959 4785 2086 4857 quia
2114 4784 2240 4850 illic,
2278 4786 2469 4841 saltem
2499 4787 2564 4841 de
2593 4787 2852 4854 minimis,
2898 4787 2973 4843 nil
3021 4788 3248 4860 quisque
3276 4791 3554 4862 purgatio-

1960 4879 2045 4933 nis
2073 4876 2359 4943 obtinebit,
2406 4878 2510 4932 nisi
2542 4879 2698 4934 bonis
2738 4880 2841 4935 hoc
2884 4881 3093 4936 actibus
3131 4882 3185 4936 in
3225 4882 3328 4938 hac
3374 4883 3552 4940 adhuc

1959 4970 2071 5025 vita
2109 4970 2338 5040 positus,
2366 4977 2429 5023 ut
2456 4970 2565 5025 illic
2596 4972 2861 5039 obtineat,
2887 4982 3282 5042 promereatur.

2031 5062 2137 5116 Aut
2167 5061 2325 5133 facite
2352 5062 2590 5115 arborem
2619 5063 2807 5117 bonam
2837 5073 2887 5118 et
2923 5065 3150 5135 fructum
3190 5065 3306 5134 ejus
3336 5064 3548 5120 bonum.

1960 5152 2066 5204 Aut
2087 5150 2246 5221 facite
2284 5149 2523 5204 arborem
2561 5150 2758 5206 malam
2807 5158 2856 5207 et
2895 5153 3124 5221 fructum
3166 5153 3281 5223 ejus
3326 5153 3547 5208 malum.

1960 5240 2049 5296 Ea:
2093 5241 2349 5312 fructibus
2387 5243 2642 5314 siquidem
2680 5244 2841 5299 arbor
2869 5244 3189 5316 agnoscitur.
3220 5243 3554 5317 Constringit

1961 5349 2057 5390 eos
2100 5334 2443 5406 syllogismo,
2489 5349 2651 5404 quem
2693 5333 2870 5393 Graeci
2914 5344 3109 5390 vocant
3135 5332 3363 5408 δίλημμα
3414 5334 3548 5408 [ΑΙ.,

1955 5428 2245 5501 deuictae],
2292 5445 2392 5485 nos
2457 5428 2825 5484 inevitabilem
2881 5444 3171 5498 possumus
3230 5427 3547 5501 appellare:

1957 5521 2049 5590 qui
2097 5521 2456 5591 interrogatos
2506 5521 2635 5576 hinc
2685 5520 2813 5576 inde
2871 5519 3175 5584 concludit,
3218 5527 3272 5575 et
3321 5526 3550 5588 utroque

1956 5627 2127 5669 cornu
2170 5612 2385 5682 premit.
2417 5611 2499 5680 Si,
2549 5610 2744 5681 inquit.
2777 5610 3026 5666 diabolus
3054 5610 3229 5667 malus
3264 5618 3369 5676 est,
3408 5611 3551 5666 bona

1956 5720 2120 5774 opera
2170 5702 2348 5761 facere
2375 5719 2482 5760 non
2512 5712 2717 5774 potest;
2748 5703 2795 5758 si
2829 5710 3007 5757 autem
3051 5702 3189 5757 bona
3212 5716 3374 5772 opera
3401 5706 3551 5767 sunt,
