4006 6194
369 326 462 378 QII

367 452 489 508 qua:
531 432 671 486 facta

367 501 430 582 ea
463 523 590 580 facit
620 539 633 575 :
659 534 832 588 neque
853 516 996 572 enim
1029 511 1146 566 ﬁeri
1173 517 1350 580 potest
1369 515 1428 560 ut
1459 521 1526 560 ex
1552 502 1693 560 malo
1715 501 1937 564 bonum,

369 628 458 673 aut
487 632 555 672 ex
593 616 734 669 bono
760 610 966 665 oriatur
995 603 1214 659 malum.
1250 595 1475 671 (Mitem)
1503 594 1724 665 Mystice
1762 598 1943 644 autem

371 708 534 763 arbor
555 706 694 760 bona
721 698 966 754 Christus
992 702 1095 757 est,
1119 693 1184 746 de
1210 705 1316 760 quo
1344 685 1628 742 Psalmista
1669 681 1744 736 ait
1779 697 1791 732 :
1827 677 1944 732 Erit

371 808 621 867 tanquam
660 792 852 861 lignum
880 784 1018 856 quod
1055 781 1345 853 plantatum
1393 786 1466 832 est
1505 789 1652 830 secus
1697 771 1946 826 decursus

373 901 650 959 aquarum,
701 879 839 952 quod
875 878 1100 946 fructum
1130 888 1283 926 suum
1321 869 1462 923 dabit
1496 869 1552 922 in
1596 878 1822 934 tempore
1852 875 1948 914 suo

375 955 550 1051 (Psal.
582 973 646 1045 ι).
671 971 828 1038 Dedit
846 982 974 1038 ergo
1006 966 1106 1019 hoc
1127 963 1330 1033 lignum
1367 959 1598 1012 fructum
1629 955 1683 1008 in
1709 960 1952 1020 tempore

375 1042 491 1132 suo,
520 1066 574 1120 id
607 1042 722 1129 est,
768 1062 824 1116 in
867 1068 1104 1128 tempore
1152 1049 1539 1108 incarnationis
1578 1061 1708 1108 suae,
1738 1042 1953 1112 quando

379 1155 728 1227 Evangelium
765 1147 1092 1222 praedicavit,
1123 1141 1382 1198 miracula
1428 1137 1596 1193 multa
1633 1134 1780 1199 fecit,
1811 1131 1955 1188 sani-

380 1259 516 1303 tates
537 1223 942 1301 infirmantibus
979 1236 1268 1308 impendit,
1309 1233 1709 1302 Scripturarum
1756 1223 1956 1280 intelli-

380 1338 616 1409 gentiam
657 1333 862 1397 tribuit,
913 1329 1145 1384 tenebris
1177 1321 1506 1380 infidelitatis
1529 1329 1586 1375 et
1610 1324 1957 1389 peccatorum

379 1404 682 1484 obcaecatos
727 1423 850 1479 ﬁdei
895 1430 950 1476 et
995 1418 1238 1474 veritatis
1279 1414 1480 1469 lumine
1521 1409 1842 1472 illustravit;
1873 1404 1959 1459 ul-

383 1519 514 1572 time
545 1530 698 1580 vero,
725 1517 1030 1584 perpetrata
1055 1507 1305 1578 passione
1328 1519 1393 1558 ac
1419 1499 1815 1557 resurrectione
1840 1509 1960 1559 sua,

329 1620 331 1622 '
385 1610 679 1661 humanum
717 1617 905 1673 genus,
931 1604 1070 1669 quod
1098 1612 1194 1667 per
1238 1607 1458 1665 pomum
1483 1591 1708 1645 vetitum
1735 1589 1790 1642 in
1819 1599 1965 1640 mor-

386 1707 493 1750 tem
540 1693 794 1758 concidit,
828 1705 923 1745 sua
957 1689 1128 1760 gratia
1170 1685 1237 1740 ad
1286 1685 1454 1739 vitam
1491 1680 1681 1737 erexit.
1737 1679 1781 1733 E
1833 1691 1964 1732 con-

1032 315 1092 370 B.
1135 309 1384 366 RABA‘NI
1425 303 1643 361 MAURI
1683 295 1996 354 ARClllEP.
2041 287 2346 348 MOGUNT.
2385 283 2668 342 OPERUM
2706 280 2884 337 PARS
2921 282 2962 335 l.

715 425 955 489 cernitis,
985 421 1226 491 sequitur
1251 429 1312 473 ut
1337 431 1444 471 non
1479 415 1550 470 sit
1574 409 1817 467 diabolus
1843 407 1934 478 qui
1962 411 2014 470 Α
2041 403 2165 491 licat
2207 400 2510 491 audientes,
2567 412 2675 451 non
2710 395 2916 491 absque
2961 390 3217 491 periculo
3259 391 3385 491 ‘ej‘us
3408 391 3500 459 qui
3526 389 3610 446 lo-

3503 276 3606 333 952

2045 490 2248 560 quitur,
2298 486 2589 558 profertur,
2638 491 2695 538 et
2739 483 2795 537 in
2827 481 2915 535 die
2958 477 3142 548 iudicii
3181 478 3486 532 redditurus
3528 485 3615 533 est

2035 577 2414 649 unusquisque
2466 574 2732 628 rationem
2762 583 3072 625 sermonum
3120 582 3364 631 suorum,
3412 575 3617 636 quanto

2045 671 2219 740 magis
2239 683 2337 722 vos
2360 666 2451 736 qui
2477 679 2642 734 opera
2695 661 2929 732 Spiritus
2957 658 3131 714 sancti
3184 657 3614 723 calumniamini,

2048 769 2106 815 et
2126 759 2303 815 dicitis
2330 773 2417 812 me
2439 756 2492 810 in
2520 753 2791 809 Belzebub
2837 750 3078 822 principe
3105 749 3490 804 daamoniorum
3515 747 3617 816 eji-

2049 861 2174 902 cere
2206 845 2490 908 dazmonia,
2537 841 2801 898 reddituri
2848 829 2988 895 estis
3036 838 3303 893 rationem
3337 836 3620 891 calumnia:

2049 947 2263 994 vestrae.
2295 936 2537 992 Otiosum
2587 934 2812 990 verbum
2864 939 2949 987 est
2971 931 3113 1000 quod
3158 930 3276 984 sine
3303 929 3536 983 utilitate
3563 937 3623 982 et

2053 1028 2320 1098 loquentis
2346 1027 2543 1082 dicitur
2579 1033 2636 1081 et
2664 1022 2954 1100 audientis,
2995 1022 3049 1075 id
3074 1028 3158 1075 est
3201 1020 3268 1081 si,
3297 1019 3500 1074 omissa
3529 1035 3622 1073 ra-

2054 1121 2223 1186 tione,
2253 1120 2318 1174 de
2364 1119 2528 1173 rebus
2556 1115 2763 1170 frivolis
2783 1114 3086 1184 loquamur,
3109 1122 3165 1166 et
3191 1110 3403 1166 fabulas
3432 1125 3625 1166 narre-

2055 1224 2177 1264 mus
2203 1208 2471 1277 antiquas.
2519 1203 2786 1260 Caeterum
2836 1202 2928 1271 qui
2955 1199 3338 1255 scurrilitatem
3377 1198 3622 1268 replicat,

2056 1297 2336 1353 cachinnis
2386 1310 2482 1350 ora
2511 1292 2774 1356 dissolvit,
2802 1299 2858 1346 et
2905 1289 3106 1359 aliquid
3155 1286 3366 1358 profert
3393 1289 3630 1358 turpitu-

2059 1389 2202 1444 dinis
2231 1405 2243 1441 :
2280 1386 2370 1441 hic
2392 1401 2502 1444 non
2531 1382 2688 1439 otiosi
2715 1380 3003 1441 sermonis,
3051 1378 3147 1433 sed
3167 1377 3447 1434 criminosi
3476 1385 3630 1432 tene-

2060 1477 2208 1532 bitur
2233 1489 2376 1532 reus.

2133 1564 2219 1618 Ea:
2245 1563 2406 1618 verbis
2431 1563 2568 1617 enim
2596 1561 2700 1614 tuis
2716 1557 3114 1630 justiﬁcaberis,
3142 1567 3192 1611 et
3227 1572 3294 1611 ea:
3336 1555 3505 1610 verbis
3529 1556 3636 1609 tuis

2067 1651 2510 1706 condemnaberis.
2533 1649 2612 1704 Ex
2638 1647 3069 1719 praecedentibus
3089 1645 3264 1701 adhuc
3290 1647 3486 1715 pendet
3514 1661 3638 1701 sen-

390 1735 931 1840 Knight-iri);
957 1735 1128 1832 ξῖᾇιῖ
1142 1735 1608 1830 diabolus—estet
1644 1782 1833 1823 omnes
1875 1767 1967 1836 qui
1995 1747 2043 1806 Β
2071 1739 2391 1840 ξξδίηίεινηυδί
2421 1739 2498 1840 ἢίξ
2698 1735 3024 1840 “undam?”
3059 1735 3230 1840 δοξάξδ
3275 1751 3334 1788 0⁸
3383 1735 3636 1840 (“itm”-

389 1879 456 1932 ad
509 1890 630 1930 eum
676 1871 964 1943 pertinent,
1016 1869 1120 1922 hoc
1164 1873 1248 1920 est
1277 1863 1468 1918 scribae
1504 1870 1560 1916 et
1603 1857 1880 1920 Pharisaei,
1913 1864 1971 1910 et

393 1965 655 2030 haeretici,
687 1974 741 2018 et
769 1959 1120 2023 schismatici,
1146 1966 1201 2012 et
1226 1955 1408 2011 caeteri
1451 1952 1620 2023 iniqui
1649 1951 1740 2021 qui
1779 1965 1846 2005 ex
1881 1949 1969 2004 illa

392 2059 624 2131 pessima
670 2055 852 2110 radice
894 2050 1175 2121 pullulant.
1222 2048 1427 2103 Horum
1472 2058 1600 2113 ergo
1644 2040 1852 2096 fructus
1889 2048 1973 2095 est

397 2129 615 2210 invidia,
649 2142 933 2206 detractio,
967 2137 1292 2210 persecutio,
1326 2133 1681 2203 blasphemia,
1725 2129 1970 2194 hazresis,

397 2240 747 2313 praecipitium
797 2234 988 2290 mortis
1040 2239 1094 2286 et
1142 2243 1342 2299 vorago
1389 2233 1757 2297 peccatorum.
1823 2222 1977 2277 Sicut

396 2333 539 2387 enim
571 2331 686 2383 istae
710 2327 830 2381 duae
867 2323 1088 2378 arbores
1116 2321 1318 2376 distant
1347 2330 1562 2388 genere,
1596 2315 1668 2369 ita
1698 2313 1900 2369 distant
1921 2319 1978 2366 et

399 2419 659 2490 germine.
686 2415 840 2470 Unde
861 2422 916 2467 et
938 2411 1181 2480 sequitur
1206 2426 1218 2461 :

472 2525 754 2596 Progenies
785 2523 1102 2592 viperarum,
1139 2515 1397 2589 quomodo
1438 2515 1649 2586 potestis
1677 2513 1812 2567 bona
1837 2510 1978 2581 loqui

401 2635 518 2673 cum
548 2617 663 2671 sitis
706 2613 873 2666 mali?
902 2610 1081 2682 (Aug.)
1109 2608 1399 2678 Progenies
1435 2607 1739 2675 viperarum
1769 2619 1862 2659 eos
1899 2602 1980 2657 di-

402 2713 494 2776 cit,
525 2709 650 2780 quia
680 2706 878 2764 diaboli
906 2704 1040 2758 ﬁlios
1068 2717 1160 2767 eos
1189 2699 1437 2770 appellat.
1467 2695 1734 2769 (Ηὶενοη.)
1775 2696 1831 2750 ln
1864 2703 1979 2748 tan-

404 2812 517 2855 tum
542 2799 685 2852 enim
717 2797 839 2868 quis
880 2792 1021 2847 ﬁlius
1060 2790 1175 2859 ejus
1203 2797 1305 2855 est,
1343 2789 1398 2842 in
1425 2798 1684 2857 quantum
1709 2800 1831 2841 eum
1855 2797 1979 2854 pec-

406 2892 580 2948 cando
623 2890 881 2944 imitatur.
911 2885 1062 2953 Quod
1100 2883 1244 2939 enim
1271 2882 1436 2938 dicit:
1471 2879 1743 2945 Quomodo
1769 2877 1980 2948 potestis

405 2983 539 3036 bona
588 2979 729 3050 loqui
775 2993 892 3030 cum
938 2976 1053 3029 sitis
1099 2973 1262 3038 mali,
1303 2970 1539 3027 ostendit
1578 2969 1698 3024 illos
1733 2969 1980 3022 arborem

407 3071 626 3134 malam,
657 3077 711 3123 et
750 3067 886 3121 tales
919 3063 1110 3119 all‘errc
1149 3061 1357 3118 fructus
1408 3059 1747 3130 blasphemia:
1777 3058 1978 3113 redun-
2007 3079 2051 3142 ρ
2081 3058 2233 3154 ζώω
2253 3058 2298 3152 ':’
2318 3058 2422 3162 Qui

405 3163 620 3225 dantes,
651 3158 826 3229 qualia
862 3157 1096 3211 habeant
1123 3154 1328 3209 semina
1359 3151 1578 3208 diaboli.

483 3273 570 3327 Ex
582 3271 904 3326 abundantia
916 3269 1050 3322 enim
1064 3267 1235 3322 cordis
1250 3283 1306 3320 os
1320 3265 1566 3337 loquitur.
1585 3261 1765 3335 (Aug)
1785 3262 1983 3316 [fuma-

415 3379 540 3416 num
560 3361 771 3430 quidem
794 3357 1055 3428 judicium
1073 3371 1214 3426 saepe
1225 3355 1521 3423 fallit,quia
1543 3369 1637 3409 cor
1648 3350 1877 3422 proximi
1892 3365 1984 3404 ne-

412 3455 515 3509 scit
541 3453 646 3508 nisi
691 3467 756 3506 ex
809 3465 905 3505 ore
932 3457 987 3504 et
1015 3460 1177 3516 opere
1220 3459 1468 3514 pensare.
1501 3441 1758 3496 Dominus
1804 3449 1984 3493 autem

418 3547 596 3616 ipsum
630 3556 784 3613 opus,
816 3547 873 3594 et
899 3551 1177 3592 sermones
1205 3542 1419 3589 nostros
1445 3547 1577 3602 quos
1603 3531 1782 3587 cordis
1811 3545 1872 3584 os
1903 3529 1985 3584 lo-

415 3634 619 3710 quitur,
666 3630 896 3700 judicat,
925 3627 1017 3697 qui
1067 3641 1135 3680 ex
1182 3640 1289 3694 qua
1342 3623 1639 3710 intentione
1673 3626 1988 3690 promantur

413 3697 580 3778 verba
615 3737 722 3776 non
752 3721 985 3791 ignorat.
1393 3689 1420 3717 ‘

484 3831 664 3885 Bonus
685 3830 838 3884 homo
860 3828 924 3882 de
946 3827 1076 3880 bona
1111 3825 1355 3878 thesauro
1391 3819 1588 3894 profert
1625 3818 1778 3880 bona,
1803 3826 1852 3871 et
1875 3833 1990 3871 ma-

415 3925 497 3979 lus
531 3925 684 3977 homo
719 3922 782 3974 de
833 3917 973 3973 malo
1035 3918 1277 3971 thesauro
1337 3913 1533 3983 profert
1591 3909 1752 3963 mala.
1807 3906 1988 3979 (Aug.)

419 4013 730 4068 Thesaurus
777 4008 958 4064 cordis
1008 4004 1234 4060 intentio
1284 4008 1367 4057 est
1399 3997 1762 4070 cogitationis,
1791 4010 1859 4050 ex
1887 4011 2009 4076 qua

421 4110 737 4172 proventum
771 4098 951 4169 operis
973 4105 1207 4151 asternus
1251 4092 1456 4147 arbiter
1493 4089 1719 4157 judicat.
1749 4086 1902 4142 Unde
1933 4086 1994 4139 fit

419 4195 739 4262 plerumque
769 4199 825 4244 ut
872 4188 1083 4242 minora
1128 4185 1269 4240 bona
1295 4180 1548 4236 nonnulla
1597 4177 1801 4247 majora
1825 4178 1994 4233 caele-

422 4283 522 4338 stis
574 4282 762 4352 gratite
801 4277 1055 4334 mercede
1091 4281 1424 4346 operentur:
1473 4270 1745 4336 videlicet,
1775 4277 1996 4339 propter

421 4375 778 4430 intentionem
823 4372 1004 4428 cordis
1038 4385 1144 4440 qua
1195 4369 1400 4439 majora
1445 4364 1726 4420 voluerant
1776 4371 1991 4434 patrare

421 4465 562 4521 bona
613 4464 658 4517 si
685 4470 940 4532 possent;
972 4458 1238 4532 (Hieron.)
1279 4467 1335 4512 et
1375 4455 1468 4510 alii
1493 4455 1700 4524 majora
1728 4454 1988 4508 virtutum

419 4567 586 4623 opera
607 4559 964 4617 ostentantes,
994 4551 1063 4605 ob
1090 4547 1356 4602 incuriam
1385 4545 1567 4600 cordis
1594 4542 1754 4612 tepidi
1781 4543 1992 4596 minora

423 4659 454 4696 a
484 4641 708 4696 Domino
757 4639 980 4708 praemia
1013 4638 1326 4692 sortiantur.
1377 4633 1485 4688 Sed
1531 4634 1634 4687 hoc
1683 4631 1738 4686 in
1767 4631 1884 4686 loco
1909 4631 1996 4686 vel

423 4733 568 4802 ipsos
590 4729 801 4784 Judaeos
837 4727 1124 4782 Dominum
1156 4725 1598 4794 blasphemantes
1644 4722 1898 4787 ostendit,
1927 4722 1995 4775 de

423 4823 569 4893 quali
616 4823 895 4884 thesauro,
947 4819 999 4873 id
1027 4825 1128 4882 est,
1165 4816 1232 4870 de
1262 4813 1577 4870 abscondito
1605 4812 1814 4877 cordis,
1845 4811 1993 4865 blas-

421 4913 694 4984 phemiam
748 4908 1069 4981 proferant;
1119 4906 1206 4960 vel
1232 4920 1355 4960 cum
1383 4904 1663 4973 superiore
1692 4901 1991 4973 quzestione

425 4983 596 5062 lueret
623 5002 916 5067 sententia,
961 4983 1103 5070 quod
1150 4996 1419 5068 quomodo
1466 5012 1572 5051 non
1618 4994 1790 5064 possit
1819 4995 1994 5048 bonus

425 5097 586 5149 homo
619 5091 863 5163 proferre
897 5089 1057 5154 mala,
1085 5103 1185 5144 nec
1211 5087 1381 5141 malus
1425 5086 1567 5140 bona
1595 5099 1761 5154 opera
1791 5082 1992 5146 facere,

427 5187 505 5242 sic
540 5201 645 5240 non
682 5183 856 5255 possit
906 5181 1157 5236 Christus
1184 5178 1344 5244 mala,
1375 5176 1619 5232 diabolus
1647 5175 1786 5230 bona
1827 5189 1992 5243 opera

428 5277 630 5331 facere.

497 5389 628 5458 Dico
675 5396 849 5440 autem
885 5383 1131 5454 quoniam
1179 5394 1328 5434 omne
1357 5376 1561 5430 verbum
1600 5375 1821 5428 otiosum
1856 5373 1994 5445 quod

429 5479 588 5533 locuti
627 5477 820 5546 fuerint
847 5474 1101 5536 homines,
1138 5469 1349 5524 reddent
1379 5465 1634 5519 rationem
1678 5464 1741 5518 de
1762 5480 1819 5518 eo
1837 5465 1889 5517 in
1910 5465 1994 5516 die

422 5569 634 5640 judicii.
667 5566 779 5622 Hoc
803 5577 1016 5633 quoque
1043 5563 1213 5616 haeret
1237 5573 1361 5613 cum
1407 5555 1798 5624 superioribus,
1828 5561 1884 5608 et
1911 5562 1996 5608 est

431 5672 656 5713 sensus:
695 5655 754 5710 Si
773 5656 1005 5710 otiosum.
1030 5652 1252 5706 verbum
1281 5647 1422 5717 quod
1472 5661 1811 5716 nequaquam
1860 5645 1991 5701 aedi-

2070 1830 2150 1884 Ex
2177 1828 2332 1884 malis
2350 1826 2528 1882 verbis
2543 1825 2762 1881 dubium
2785 1839 2891 1879 non
2903 1824 3148 1893 estquod
3173 1823 3458 1878 damnetur
3477 1824 3640 1878 homo

2071 1935 2102 1974 a
2130 1921 2260 1984 Deo,
2291 1933 2410 1988 quae
2461 1914 2781 1987 protulerit;
2815 1913 3098 1983 justiﬁcari
3147 1922 3330 1968 autem
3372 1928 3438 1967 ex
3483 1913 3641 1967 bouis

2069 2011 2252 2066 verbis
2285 2007 2432 2063 nullo
2469 2007 2628 2062 modo
2655 2006 2875 2076 poterit,
2905 2005 3012 2060 nisi
3059 2004 3126 2060 de
3153 2005 3343 2060 intimo
3369 2005 3548 2060 cordis
3573 2018 3640 2057 ea

2071 2109 2222 2158 recta
2253 2099 2547 2156 intentione
2567 2098 2826 2168 proferat.
2862 2095 3009 2151 Bona
3058 2103 3236 2150 autem
3265 2095 3483 2150 etiamsi
3511 2094 3641 2158 sint,

2072 2201 2128 2248 et
2153 2207 2260 2247 non
2307 2198 2458 2246 recto
2485 2189 2664 2245 studio
2710 2187 2911 2242 fuerint
2936 2186 3170 2256 prolata,
3202 2185 3505 2254 justificare
3532 2200 3641 2240 non

2073 2289 2328 2352 poterunt
2351 2280 2679 2350 loquentem.
2740 2277 2893 2334 Sicut
2917 2293 3018 2334 nec
3045 2277 3276 2349 Caipbas
3318 2278 3372 2332 in
3407 2278 3644 2346 prophe-

2075 2373 2238 2427 tando
2278 2371 2457 2440 justus
2494 2370 2744 2425 inventus
2795 2377 2903 2435 est,
2958 2369 3050 2439 qui
3097 2369 3251 2434 dixit,
3309 2368 3534 2439 Expedit
3583 2379 3644 2421 ut

2076 2484 2209 2521 unus
2238 2465 2494 2521 moriatur
2538 2465 2691 2518 homo
2719 2479 2813 2534 pro
2855 2462 3065 2534 populo,
3118 2470 3168 2517 et
3224 2477 3328 2516 non
3375 2471 3483 2516 tota
3521 2478 3647 2531 gens

2075 2565 2251 2627 pereat
2302 2555 2482 2626 (Joan.
2508 2552 2572 2624 ι).
2601 2552 2694 2607 llla
2723 2565 2851 2623 ergo
2882 2551 3045 2606 verba
3065 2550 3366 2620 justilicant
3413 2550 3643 2620 loquen-

2080 2657 2208 2712 tem,
2236 2645 2328 2715 qui
2357 2645 2554 2700 bonum
2578 2643 2722 2714 quod
2751 2657 2844 2698 ore
2891 2640 3118 2713 profert,
3147 2641 3455 2696 medullitus
3481 2641 3646 2696 corde

2080 2736 2296 2801 retinet,
2351 2743 2407 2790 et
2459 2732 2752 2788 intentione
2807 2746 2937 2786 sana
2986 2730 3210 2800 profert.
3249 2729 3307 2784 ln
3355 2731 3646 2785 verborum

2078 2824 2223 2880 enim
2250 2823 2486 2892 pondere
2507 2821 2752 2892 probatio
2782 2820 3035 2876 consistit
3050 2821 3174 2875 vitae
3201 2819 3471 2884 humanas,
3498 2819 3647 2888 quia,

2082 2922 2142 2969 ut
2169 2913 2420 2968 Salomon
2448 2912 2558 2966 ait:
2591 2909 2738 2964 Mors
2759 2918 2807 2963 et
2832 2911 2936 2964 vita
2977 2910 3033 2962 in
3072 2909 3312 2962 manibus
3362 2908 3578 2979 linguae,
3599 2918 3651 2962 et

2081 3007 2171 3078 qui
2217 3005 2442 3060 custodit
2485 3020 2540 3057 os
2581 3018 2756 3066 suum,
2785 3000 3010 3054 custodit
3039 2999 3103 3052 ab
3131 3000 3386 3069 angustiis
3416 3001 3649 3054 animam

2450 3103 2624 3149 autem
2675 3092 3085 3146 inconsideratus
3111 3099 3188 3145 est
3217 3091 3287 3144 ad
3314 3091 3654 3167 loquendum,

2081 3190 2264 3244 sentiet
2289 3186 2485 3241 malum
2526 3183 2708 3257 (Prov.
2738 3183 2916 3252 xv-m).
2973 3180 3123 3258 Unde
3163 3189 3219 3236 et
3266 3180 3502 3236 Jacobus
3538 3182 3652 3235 ait:

2084 3281 2287 3351 Lingua
2311 3279 2516 3350 quidem
2542 3277 2802 3332 modicum
2829 3275 3113 3330 membrum
3133 3285 3227 3341 est,
3249 3285 3298 3331 et
3326 3292 3519 3346 magna.
3558 3291 3656 3328 ca:-

2085 3370 2235 3434 altat,
2268 3369 2448 3438 lingua
2475 3369 2610 3438 ignis
2655 3377 2751 3431 est,
2783 3367 3089 3422 universitas
3112 3366 3417 3438 iniquitatis.
3450 3366 3659 3436 Lingua

2087 3458 2422 3513 constituitur
2468 3457 2524 3510 in
2553 3456 2796 3511 membris
2831 3456 3044 3521 nostris,
3092 3473 3208 3528 qua:
3236 3455 3466 3510 maculat
3491 3467 3658 3510 totum

2087 3565 2295 3620 corpus,
2319 3557 2367 3602 et
2396 3548 2688 3618 inﬂammat
2730 3555 2899 3600 rotam
2923 3547 3208 3601 nativitatis
3233 3556 3428 3600 nostra
3446 3547 3660 3616 inflant-

2087 3655 2231 3698 mata
2256 3659 2288 3696 a
2321 3642 2574 3713 gehenna.
2629 3639 2698 3694 In
2725 3641 2840 3710 ipsa
2887 3639 3235 3694 benedicintus
3278 3641 3583 3703 Dominum,
3615 3651 3662 3695 et

2091 3733 2326 3799 Patrem,
2349 3743 2395 3787 et
2423 3734 2477 3786 in
2502 3729 2998 3799 ipsamaledicimus
3023 3729 3277 3796 homines,
3301 3730 3390 3800 qui
3418 3729 3487 3782 ad
3517 3730 3667 3783 simi-

2089 3825 2364 3878 litudinem
2389 3821 2487 3876 Dei
2510 3821 2639 3892 facti
2673 3829 2793 3875 sunt
2819 3833 2838 3871 :
2863 3835 2926 3873 ea:
2968 3819 3080 3888 ipso
3112 3835 3200 3873 ore
3238 3818 3466 3888 procedit
3497 3820 3665 3873 male-

2091 3921 2252 3974 dictio
2278 3928 2324 3972 et
2357 3916 2640 3972 benedictio
2663 3914 2804 3986 (Jac.
2832 3918 2937 3986 ιιι).
2967 3914 3035 3968 Et
3056 3913 3184 3968 item
3213 3930 3226 3966 :
3256 3911 3323 3965 In
3351 3912 3550 3977 multis,
3576 3912 3666 3966 in-

2091 4011 2228 4080 quit,
2252 4008 2564 4078 o/fendimus
2589 4021 2786 4070 omnes,
2809 4005 2855 4058 si
2893 4004 3007 4076 quis
3035 4004 3092 4057 in
3121 4002 3268 4058 uerbo
3291 4019 3394 4056 non
3425 4003 3667 4071 oﬂendit,

2093 4103 2176 4156 hic
2201 4101 2458 4172 perfectus
2499 4107 2574 4154 est
2603 4099 2680 4152 vir
2717 4095 2927 4168 (Ibid.).
2974 4095 3089 4152 Hoc
3131 4095 3275 4150 enim
3315 4094 3539 4148 verbum
3587 4093 3668 4148 si-

2094 4192 2372 4262 gnificavit
2399 4189 2553 4260 cujus
2599 4187 2950 4244 offensionem
3001 4188 3236 4241 humana
3282 4194 3462 4255 potest
3491 4185 3670 4240 vitare

2095 4282 2380 4352 fragilitas,
2410 4287 2472 4335 ut
2495 4286 2580 4334 est
2617 4279 2842 4335 verbum
2889 4277 3255 4347 blasphemiae,
3311 4275 3440 4340 doli,
3477 4275 3668 4329 detra-

2095 4373 2309 4437 ctionis,
2357 4369 2777 4433 maledictionis,
2817 4367 3104 4436 superbiae,
3144 4364 3448 4434 jactantiae,
3499 4379 3670 4419 excu-

2097 4461 2323 4516 sationis
2351 4461 2405 4514 in
2430 4459 2687 4530 peccatis,
2717 4457 3097 4522 temulatiouis,
3143 4455 3518 4520 dissensionis,
3553 4455 3671 4509 ha:-

2099 4553 2253 4616 resis,
2296 4551 2582 4616 mendacii,
2638 4549 2881 4619 perjurii,
2931 4547 3027 4602 sed
3080 4555 3136 4602 et
3181 4547 3386 4610 otiosm,
3431 4560 3532 4600 nec
3560 4560 3672 4599 non

2098 4643 2259 4699 etiam
2287 4641 2572 4711 superﬂua:
2598 4637 2883 4694 locutionis
2909 4637 2962 4691 in
2990 4637 3076 4690 his
3104 4650 3223 4706 qua:
3249 4634 3558 4690 necessaria
3579 4634 3668 4686 vi-

2097 4732 2312 4786 dentur.
2345 4730 2403 4784 ln
2431 4725 2796 4795 hujuscemodi
2843 4741 2972 4796 ergo
2999 4725 3164 4780 verbo
3215 4725 3442 4794 quisque
3471 4737 3531 4777 se
3553 4723 3675 4778 sine

2098 4820 2396 4878 offensione
2425 4817 2677 4879 custodit,
2703 4817 2791 4871 hic
2817 4815 3086 4886 perfectus
3109 4822 3193 4869 est
3218 4814 3336 4867 vir:
3368 4813 3461 4883 qui
3487 4821 3676 4867 autem

2097 4914 2263 4967 verba
2303 4910 2578 4966 catholicae
2607 4909 2729 4963 ﬁdei
2778 4915 2833 4961 et
2860 4908 2961 4976 pia:
3017 4903 3369 4961 confessionis
3407 4904 3462 4957 in
3491 4903 3676 4958 Domi-

2097 5022 2251 5070 num,
2281 5012 2337 5058 et
2375 5018 2496 5072 qua:
2526 5001 2592 5056 ad
2641 4999 3010 5070 proximorum
3064 4996 3470 5051 instructionem
3509 5002 3677 5063 atque

2098 5098 2384 5153 utilitatem
2412 5093 2706 5165 pertinent,
2741 5088 2964 5160 profert,
3000 5088 3143 5143 bona
3189 5085 3436 5140 mercede
3479 5085 3676 5154 dignus

2101 5189 2154 5242 in
2185 5195 2442 5240 aeternum
2469 5181 2872 5251 juStilicabitur.

2173 5277 2311 5351 [IV.]
2345 5275 2488 5329 Tunc
2527 5273 2901 5344 responderunt
2953 5273 3001 5325 ei
3053 5270 3265 5342 quidam
3318 5267 3381 5322 de
3410 5264 3596 5321 scribis
3625 5274 3677 5318 et

2104 5369 2391 5427 Phariswis
2425 5368 2693 5420 dicentes:
2726 5362 2997 5434 Magister,
3026 5361 3266 5416 volumus
3293 5377 3326 5411 a
3369 5366 3417 5412 te
3463 5358 3675 5428 signum

2101 5462 2291 5517 videre.
2325 5458 2593 5531 (Hierom)
2627 5455 2720 5510 Sic
2757 5455 2906 5524 signa
2930 5452 3223 5524 postulant,
3259 5449 3414 5520 quasi
3439 5463 3563 5517 quae
3592 5447 3676 5500 vi-
3697 5447 3716 5464 ‘

2101 5551 2293 5605 derant
2341 5549 2494 5618 signa
2529 5560 2636 5600 non
2679 5541 2904 5597 fuerint.
2962 5540 3069 5596 Sed
3102 5541 3156 5595 in
3189 5539 3296 5594 alio
3321 5536 3669 5609 evangelista,

2100 5640 2229 5711 quid
2255 5648 2461 5709 petunt,
2489 5637 2698 5709 plenius
2717 5634 3032 5705 explicatur.
3067 5630 3313 5687 Volumus
3334 5640 3434 5685 ate
3463 5630 3674 5699 signum
