3978 6190
244 321 344 377 933

1234 312 1587 368 COMMENT.
1630 312 1696 367 IN
1734 309 2166 368 MATTHEUM.
2207 343 2278 352 —
2315 311 2441 368 LIB.
2480 313 2562 370 IV.

3387 313 3490 370 9M

245 436 415 491 videre
461 431 524 483 de
571 427 719 481 caelo.
746 424 846 480 Vel
873 427 924 480 in
959 439 1109 481 more
1145 424 1274 480 Eliso
1307 427 1483 496 ignem
1510 427 1574 481 de
1601 423 1817 480 sublimi
1848 427 1892 484 Α
1923 424 2052 478 illud
2078 425 2376 494 quaestione
2405 442 2510 481 non
2545 425 2820 498 indignum
2850 441 2968 482 esse
2996 426 3229 493 videtur,
3260 441 3486 496 quomo-

245 525 427 579 venire
475 518 762 589 cupiebant
806 516 912 588 (ιγ
938 516 1068 588 Reg.
1109 516 1172 589 ι),
1200 517 1283 571 vel
1327 519 1378 572 in
1409 517 1844 572 similitudinem-

245 609 509 668 Samuelis
539 614 777 678 tempore
805 607 992 661 restivo
1033 608 1240 678 mugire
1283 608 1539 672 tonitrua,
1567 622 1819 663 corusca-

151 762 158 772 _
246 719 303 758 re
327 703 558 772 fulgura,
587 699 789 753 imbres
819 712 977 752 ruere
1004 683 1057 769 (Ι
1090 698 1219 769 Reg.
1242 698 1362 771 xu).
1387 699 1550 766 Quasi
1569 715 1674 755 non
1696 714 1822 769 pos-

245 793 353 846 sint
385 800 438 845 et
473 790 562 844 illa
615 787 956 853 calumniari,
987 796 1043 843 et
1070 788 1250 842 dicere
1287 805 1351 842 ex
1381 789 1606 845 occultis
1635 799 1688 844 et
1720 804 1820 843 va-

247 885 340 939 riis
370 883 512 938 aeris
557 881 900 951 passionlbus
955 880 1236 934 accidisse.
1268 880 1338 934 At
1382 879 1560 953 [Nam]
1598 881 1688 950 qui
1728 895 1819 938 ca-

247 971 528 1026 lumniaris
554 985 618 1024 ea
647 985 768 1039 quae
791 968 962 1023 oculis
988 969 1159 1032 vides,
1192 970 1244 1022 in
1276 984 1438 1023 manu
1471 977 1640 1035 tenes,
1669 972 1818 1026 utili-

248 1071 354 1116 tate
408 1059 598 1122 sentis,
629 1057 758 1128 quid
803 1055 970 1111 facies
1000 1057 1066 1111 de
1100 1057 1186 1111 bis
1214 1072 1334 1126 quae
1377 1056 1446 1112 de
1494 1059 1632 1113 coelo
1655 1074 1819 1115 vene-

245 1149 416 1204 runt?
474 1145 670 1215 Utique
719 1147 1067 1215 respondebis
1121 1155 1177 1201 et
1227 1163 1410 1217 magos
1466 1149 1522 1203 in
1587 1148 1818 1220 ,Ἕω-μω

247 1238 408 1292 multa
438 1237 589 1306 signa
618 1235 810 1291 fecisse
833 1238 898 1292 de
928 1236 1086 1290 caelo.

316 1326 421 1392 Qui
472 1325 786 1395 respondens
814 1325 887 1379 ait
909 1325 1016 1380 illis
1043 1343 1062 1381 :
1091 1323 1367 1380 Generatio
1410 1327 1551 1382 mala
1581 1336 1629 1383 et
1659 1327 1818 1382 adul-

247 1430 353 1472 tera
377 1419 584 1488 signum
616 1419 824 1487 quaerit.
858 1418 1081 1489 Egregie
1108 1418 1244 1474 dixit
1272 1420 1536 1487 adultera,
1566 1423 1694 1492 quia
1739 1423 1819 1478 di-

248 1507 467 1561 miserat
493 1506 687 1571 virum,
714 1515 786 1571 et,
803 1505 958 1574 juxta
991 1508 1348 1575 Ezechielem,
1374 1510 1556 1566 multis
1583 1526 1641 1566 se
1670 1526 1819 1567 ama-

249 1596 452 1649 toribus
476 1595 820 1664 copulaverat
850 1596 1065 1667 (Ezech.
1095 1596 1225 1669 xvi).

313 1683 382 1739 Et
403 1692 609 1755 stqnum
640 1701 743 1739 non
770 1685 982 1739 dabitur
1013 1689 1080 1753 ei,
1114 1689 1215 1742 nisi
1242 1689 1447 1759 signum
1495 1689 1651 1746 Jona:
1690 1709 1817 1761 pro-

1921 518 1989 573 do
2014 516 2265 573 Salvator
2292 520 2465 574 tribus
2493 519 2680 575 diebus
2709 528 2763 575 et
2787 521 2959 576 tribus
2982 519 3230 575 noctibus
3255 519 3308 573 in
3331 521 3492 574 corde

1919 614 2078 662 terra:
2122 607 2306 672 fuerit,
2362 623 2484 662 cum
2541 610 2653 679 ipse
2699 609 2752 663 in
2802 610 3099 666 Parascevc
3147 608 3286 664 hora
3337 609 3490 678 quasi

1918 704 2070 751 sexta
2097 696 2168 752 sit
2193 696 2504 761 cruciﬁxus,
2548 707 2605 753 et
2632 699 2688 752 in
2717 715 2823 753 una
2853 700 3199 755 sabbatorum
3227 699 3383 754 valde
3409 699 3492 753 di-

1918 784 2100 840 Iuculo
2146 788 2448 841 resurrexit
2494 803 2523 840 a
2555 791 2799 845 mortuis.
2854 790 3038 860 Itaque
3088 792 3490 862 intelligendum

1919 881 2004 930 est
2032 874 2163 931 illud
2205 877 2594 948 s’ynecdochioe
2648 880 2872 945 dictum,
2923 882 3024 936 hoc
3052 891 3156 946 est,
3187 884 3230 936 si
3259 883 3361 937 diei
3392 881 3492 935 Pa-

1919 980 2169 1025 rasceves
2190 976 2424 1040 partem,
2477 984 2583 1038 qua
2612 971 2851 1040 sepultus
2903 978 3006 1036 est,
3052 988 3172 1026 cum
3219 974 3492 1041 praeterita

1919 1067 2080 1114 nocte
2129 1074 2229 1129 pro
2276 1067 2437 1114 nocte
2481 1067 2538 1114 et
2565 1060 2652 1115 die
2679 1061 2932 1129 accipias,
2990 1061 3094 1116 hoc
3117 1071 3222 1125 est,
3253 1078 3351 1132 pro
3378 1071 3490 1116 toto

1919 1145 2007 1201 die
2061 1148 2271 1203 sabbati
2316 1157 2527 1204 noctem
2555 1159 2610 1204 et
2655 1150 2796 1206 diem
2849 1150 3138 1220 integrum,
3191 1160 3245 1205 et
3273 1161 3487 1205 noctem

1926 1235 2257 1294 Dominicam
2310 1255 2433 1294 cum
2488 1241 2680 1296 eodem
2735 1242 2822 1296 die
2872 1241 3246 1311 illuscescente
3283 1258 3346 1296 ac
3395 1258 3492 1310 per

1919 1326 2023 1380 hoc
2054 1327 2365 1398 incipiente,
2391 1338 2598 1400 partem
2625 1347 2725 1400 pro
2759 1339 2888 1396 toto,
2921 1332 3089 1386 habes
3115 1331 3355 1401 profecto
3389 1330 3491 1384 tri-

1919 1415 2084 1470 duum
2112 1424 2168 1471 et
2202 1424 2312 1472 tres
2341 1427 2545 1474 noctes.
2580 1418 2763 1490 (Λαίς.)
2811 1418 2921 1473 Nec
2968 1420 3095 1472 illud
3124 1420 3286 1474 etiam
3315 1420 3492 1473 minus

1921 1506 2370 1562 considerandum
2409 1516 2496 1562 est
2525 1510 2666 1578 quod
2713 1508 2903 1578 simpla
2946 1523 3089 1562 mors
3117 1506 3493 1578 Redemptoris

1921 1597 2091 1652 nostri
2119 1597 2320 1666 profuit
2347 1598 2524 1669 duplae
2551 1589 2768 1663 nostra},
2797 1607 2853 1653 et
2876 1599 3064 1667 simpla
3102 1599 3218 1669 ejus
3248 1614 3491 1653 resurre-

1920 1690 2028 1744 ctio
2076 1689 2279 1759 profuit
2327 1691 2500 1761 dupla:
2553 1700 2774 1745 nostrm.
2808 1691 2952 1745 Mors
2977 1691 3157 1745 carnis
3180 1691 3294 1760 ejus
3324 1701 3378 1746 et
3405 1707 3492 1746 re-

244 1776 426 1846 ρΙιεισε.
463 1775 666 1846 Duplici
717 1774 891 1830 fuerat
943 1779 1244 1846 quastione
1281 1780 1525 1849 pulsatus
1554 1799 1567 1834 :
1599 1779 1817 1850 quidam
1849 1775 1897 1835 B
1925 1782 2187 1836 surrectio
2235 1782 2352 1852 ejus
2399 1796 2547 1835 mors
2591 1781 2770 1835 carnis
2806 1790 3024 1845 nostrae,
3061 1789 3116 1835 et
3170 1781 3493 1835 resurreCIio

243 1867 387 1919 enim
426 1865 892 1920 calumniabantur
919 1882 1040 1922 eum
1066 1869 1118 1921 in
1142 1868 1439 1924 Beelzebub
1464 1870 1685 1940 ejecisse
1710 1871 1817 1925 ὀξε-

246 1959 422 2012 monia
457 1976 470 2012 :
499 1961 694 2029 quibus
714 1961 975 2016 hactenus
998 1970 1082 2016 est
1110 1977 1425 2032 responsum
1451 1979 1465 2028 ;
1497 1973 1550 2017 et
1575 1963 1664 2018 alii
1696 1973 1815 2018 ten-

248 2058 449 2114 tantes,
505 2051 715 2119 signum
767 2051 832 2105 de
860 2051 998 2106 coelo
1027 2053 1341 2121 quaerebant
1390 2055 1458 2109 ab
1481 2070 1544 2109 eo
1574 2071 1589 2109 :
1620 2055 1816 2126 quibus

245 2137 311 2190 ab
339 2137 466 2192 hinc
486 2138 811 2208 respondere
842 2139 1029 2210 incipit
1053 2157 1067 2206 ;
1102 2157 1205 2196 non
1228 2142 1306 2197 eis
1328 2143 1538 2214 signum
1567 2146 1633 2200 de
1655 2145 1814 2212 caelo,

244 2229 385 2296 quod
414 2230 615 2298 indigni
641 2238 796 2284 erant
821 2231 1020 2295 videre,
1073 2248 1262 2287 verum
1318 2235 1384 2288 de
1438 2235 1703 2305 profundo
1733 2236 1817 2290 in-

247 2319 382 2373 ferni
409 2319 668 2385 tribuens,
701 2320 860 2390 quale
887 2320 1052 2376 Jonas
1106 2323 1368 2393 propheta
1402 2324 1700 2395 naufragus
1723 2341 1816 2381 cem

176 2399 179 2401 ’
246 2416 407 2479 tuque
458 2410 710 2466 sorbente
761 2420 995 2475 voratus,
1055 2413 1148 2466 sed
1196 2413 1260 2466 de
1305 2414 1502 2485 abysso
1530 2430 1595 2468 ac
1627 2416 1818 2470 mortis

245 2500 398 2556 fauce
426 2501 705 2567 liberatus,
735 2511 790 2556 et
818 2503 1026 2571 accepit
1049 2511 1105 2555 et
1133 2503 1279 2557 dedit
1307 2503 1539 2572 signum,
1569 2503 1818 2559 videlicet

244 2593 651 2658 incarnationis,
683 2607 790 2648 non
834 2592 1152 2654 divinitatis,
1184 2592 1474 2661 passionis,
1504 2609 1611 2646 non
1651 2593 1818 2663 glori-

244 2684 510 2739 ficationis
535 2683 680 2754 (Jon.
713 2699 773 2747 ιι,
803 2681 908 2753 ιιι).
953 2681 1236 2751 Discipulis
1261 2691 1439 2736 autem
1468 2683 1580 2737 suis
1606 2684 1815 2754 signum

241 2775 307 2831 de
336 2775 479 2831 coelo
531 2774 694 2838 dedit,
726 2774 921 2843 quibus
945 2783 1158 2827 aeterna:
1210 2775 1556 2829 beatitudinis
1590 2775 1816 2846 gloriam

240 2875 293 2921 et
321 2867 476 2936 prius
502 2865 795 2937 figuraliter
822 2866 877 2920 in
924 2875 1107 2919 monte
1153 2865 1587 2934 trausformatus,
1617 2875 1672 2922 et
1699 2875 1819 2937 post

244 2958 516 3012 veraciter
577 2957 630 3011 in
683 2957 878 3011 coelum
938 2956 1266 3021 sublevatus,
1331 2958 1582 3012 ostendit.
1635 2958 1816 3032 (Aug.)

242 3047 495 3103 Ostendit
521 3048 736 3117 quidem
763 3046 976 3102 Judazos
999 3048 1170 3101 instar
1199 3047 1554 3101 Ninivitarum
1581 3052 1819 3118 peccatis

1919 1871 2036 1940 ejus
2090 1886 2238 1925 mors
2286 1872 2476 1926 animae
2505 1879 2705 1927 nostra:
2753 1879 2809 1926 et
2859 1872 3186 1927 resurrectio
3214 1881 3317 1926 est.
3353 1872 3494 1928 Duas

1919 1971 2124 2017 mortes
2152 1971 2388 2029 nostras,
2428 1971 2482 2017 ct
2510 1964 2644 2018 duas
2673 1963 3097 2018 resurrectioncs
3124 1971 3356 2027 nostras,
3387 1964 3494 2018 duo

1918 2062 1972 2107 et
2022 2053 2128 2108 duo
2175 2063 2408 2123 quatuor
2458 2064 2628 2110 sunt:
2671 2071 2836 2110 unam
2888 2065 3115 2110 mortem
3168 2056 3380 2111 Domini
3437 2065 3493 2110 et

1918 2159 2082 2198 unam
2114 2147 2563 2201 resurrectionem
2595 2147 2710 2216 ejus
2736 2147 2871 2201 adde
2899 2147 2965 2200 ad
2994 2155 3226 2216 quatuor
3274 2156 3489 2201 nostras

1918 2241 1973 2288 et
1994 2249 2086 2289 sex
2119 2232 2342 2289 faciunt.
2392 2235 2560 2304 Igitur
2609 2235 2859 2305 simplum
2911 2235 3120 2290 Domini
3168 2244 3222 2289 ct
3269 2236 3486 2305 duplum

1918 2331 2164 2375 nostrum
2195 2331 2307 2378 tres
2336 2333 2481 2387 sunt,
2513 2331 2569 2378 et
2595 2332 2703 2379 tres
2731 2332 2914 2394 partes
2938 2324 3101 2378 habet
3150 2323 3348 2379 senarii
3385 2340 3490 2378 nu-

1919 2411 2076 2473 meri,
2113 2411 2254 2480 quod
2311 2411 2748 2482 signitlcaverunt
2782 2413 2997 2482 triginta
3030 2421 3140 2466 tres
3175 2413 3341 2478 horae,
3370 2414 3491 2482 qui-
3571 2477 3592 2485 φ

1918 2499 2018 2554 bus
2046 2498 2148 2554 fuit
2174 2501 2430 2556 Dominus
2457 2503 2510 2555 in
2542 2502 2774 2558 inferno.
2806 2501 2941 2557 Huic
2967 2502 3160 2573 sltiiplo
3182 2512 3486 2574 congruunt

1917 2587 2197 2644 duodecim
2219 2591 2368 2645 horze
2396 2591 2616 2655 diurnae,
2641 2599 2697 2646 et.
2724 2592 2912 2662 viginti
2942 2601 3172 2662 quatuor
3188 2601 3483 2648 nocturnae.

1919 2681 2050 2738 Item
2080 2683 2268 2752 viginti
2313 2692 2544 2753 quatuor
2587 2685 2653 2739 ad
2708 2683 2926 2754 duplam
2983 2693 3212 2740 mortem
3245 2695 3486 2740 nostram

1918 2775 2267 2839 conveniunt,
2302 2784 2356 2829 et
2386 2775 2486 2829 illae
2534 2775 2812 2829 duodecim
2841 2774 2986 2829 horae
3014 2775 3081 2828 ad
3129 2783 3357 2829 mortem
3385 2775 3490 2828 Do-

1920 2864 2052 2918 mini
2083 2864 2350 2934 simplam.
2383 2864 2499 2918 Non
2532 2872 2713 2918 autem
2756 2864 3027 2918 Immerito
3079 2879 3187 2919 uno
3211 2865 3296 2919 die
3320 2865 3372 2918 in
3404 2880 3489 2919 se-

1919 2956 2108 3023 pulcro
2135 2962 2190 3008 et
2217 2956 2424 3010 duabus
2471 2955 2718 3009 noctibus
2748 2953 2938 3024 jacuit,
2971 2954 3093 3023 quia
3130 2953 3378 3008 videlicet
3406 2954 3486 3007 lu-

1923 3062 2038 3100 cem
2068 3062 2178 3102 suac
2205 3047 2411 3116 simpr
2435 3047 2626 3102 mortis
2648 3047 2885 3101 tenebris
2915 3045 3088 3116 dupla:
3118 3055 3315 3099 nostra:
3344 3061 3488 3099 mor-

245 3139 504 3208 gravibus
539 3116 827 3201 involutos,
857 3145 910 3191 et
954 3136 1313 3202 subversioni,
1348 3139 1393 3191 si
1416 3153 1521 3191 non
1547 3116 1816 3206 poenitue-
1846 3116 1890 3179 Ο
1927 3139 1994 3193 tis
2020 3139 2262 3208 adjunxit
2287 3157 2298 3190 :
2332 3139 2400 3192 ad
2425 3153 2524 3192 nos
2545 3137 2739 3207 quippe
2764 3137 2934 3201 venit,
2983 3137 3075 3206 qui
3105 3137 3157 3190 in
3181 3144 3353 3191 morte
3376 3135 3484 3205 spi-

246 3231 377 3295 rint,
437 3243 555 3283 esse
584 3229 876 3298 proximos.
933 3227 1132 3281 Verum
1174 3228 1312 3283 sicut
1339 3226 1590 3284 Ninivitis
1615 3231 1818 3285 denun-

248 3318 416 3370 tiatur
441 3316 784 3386 supplicium,
837 3323 892 3370 et
913 3317 1208 3370 remedium
1263 3318 1684 3385 demonstratur,
1741 3321 1817 3375 ita

245 3409 408 3463 etiam
439 3407 610 3461 Judaii
648 3421 755 3460 non
775 3404 976 3460 debent
1003 3406 1290 3475 desperare
1332 3408 1740 3478 indulgentiam,
1768 3411 1816 3466 si

246 3500 418 3554 velint
449 3513 608 3569 agere
652 3497 1044 3569 pmnitentiam,
1075 3498 1197 3566 quia
1235 3513 1381 3552 mors
1412 3497 1706 3555 Salvatoris
1733 3516 1820 3556 re-

247 3589 554 3645 conciliatio
581 3597 665 3643 est
691 3587 893 3641 mundi.
925 3586 1075 3640 Unde
1102 3595 1156 3640 et
1179 3587 1419 3657 sequitur
1446 3605 1459 3638 :

321 3680 475 3735 Sicut
507 3680 607 3750 fuit
635 3677 804 3732 Jonas
836 3678 891 3729 in
912 3685 1086 3731 ventre
1114 3678 1209 3731 ceti
1237 3678 1402 3732 tribus
1430 3677 1610 3733 diebus
1644 3689 1692 3735 et
1718 3684 1818 3734 tri-

249 3769 341 3822 bus
374 3769 636 3834 noctibus,
686 3767 762 3821 sic
811 3766 908 3820 erit
942 3765 1086 3834 ﬁlius
1137 3766 1362 3819 hominis
1407 3767 1461 3819 in
1488 3767 1643 3820 corde
1668 3777 1820 3822 terra:

249 3862 416 3916 tribus
446 3860 624 3914 diebus
673 3868 720 3913 et
750 3860 913 3913 tribus
960 3858 1213 3912 noctibus.
1239 3856 1463 3928 (MAUR.)
1492 3858 1644 3925 Quod
1683 3839 1820 3929 [ergo

249 3954 416 4010 Jonas
449 3962 628 4027 typum
657 3951 953 4008 Salvatoris
985 3950 1241 4013 tenuerit,
1276 3964 1339 4002 ex
1371 3949 1473 4003 hoc
1501 3949 1617 4004 loco
1647 3951 1821 4005 maui-

253 4047 450 4103 festum
476 4055 560 4101 est
585 4063 599 4099 :
632 4045 757 4114 quia
808 4043 946 4098 sicut
974 4041 1062 4096 ille
1108 4041 1175 4096 ad
1202 4041 1640 4111 praidicationem
1669 4041 1822 4097 Nini-

251 4154 360 4202 ves,
393 4152 514 4207 quae
551 4137 936 4204 interpretatur
962 4137 1213 4203 speciosa,
1245 4131 1318 4185 ita
1367 4130 1613 4185 Salvator
1641 4132 1708 4186 ad
1729 4147 1819 4187 sa-

255 4237 418 4283 lutem
467 4227 707 4298 gentium
752 4225 949 4278 missus
976 4229 1077 4278 est.
1123 4221 1510 4291 Interpretatur
1556 4222 1822 4291 siquidem

255 4319 423 4373 Jonas
452 4315 690 4371 columba
740 4316 852 4369 sive
905 4313 1122 4379 dolens;
1155 4321 1208 4367 et
1243 4313 1438 4367 merito
1467 4313 1580 4368 haec
1604 4311 1822 4367 nomina

256 4415 563 4479 competunt
602 4403 945 4475 Redemptori
987 4413 1193 4469 nostro,
1222 4417 1384 4473 super
1407 4416 1567 4471 quem
1595 4403 1822 4458 descen—

1923 3230 2060 3284 ritus
2102 3229 2388 3298 carnisque
2416 3229 2752 3293 tenebamur,
2782 3243 2945 3281 unam
2977 3227 3044 3281 ad
3072 3242 3170 3282 nos
3222 3242 3397 3292 suam,
3425 3228 3480 3281 id

1923 3329 2022 3382 est.
2080 3319 2264 3374 carnis
2293 3327 2525 3373 mortem
2578 3317 2787 3383 detulit,
2838 3328 2894 3372 et
2925 3319 3057 3372 duas
3109 3326 3323 3372 nostras
3357 3333 3490 3386 quas

1921 3408 2144 3478 recepit,
2199 3407 2376 3463 solvit.
2416 3407 2474 3462 Si
2525 3407 2667 3462 enim
2715 3406 2830 3475 ipse
2855 3414 3138 3475 utramque
3173 3406 3490 3474 susciperet,

1921 3513 2022 3554 nos
2051 3514 2080 3552 a
2118 3497 2263 3553 nulla
2293 3497 2589 3562 liberaret,
2620 3498 2715 3552 sed
2762 3511 2925 3550 unam
2955 3495 3376 3550 misericorditer
3397 3510 3492 3548 ac-

1927 3593 2082 3663 cepit,
2115 3602 2169 3648 et
2210 3589 2356 3660 juste
2388 3599 2676 3659 utramque
2715 3588 3011 3646 damnavit.
3063 3586 3308 3656 simplam
3339 3601 3492 3641 suam

1921 3684 2097 3752 dupla:
2125 3691 2326 3737 nostra;
2352 3681 2604 3745 contulit,
2654 3686 2709 3732 et
2735 3677 2951 3747 duplam
2987 3685 3225 3732 nostram
3255 3676 3492 3730 moriens

1923 3774 2154 3842 subegit.

2005 3864 2113 3917 Viri
2144 3862 2392 3917 Ninivin
2435 3871 2647 3932 surgent
2673 3862 2728 3915 in
2756 3860 2962 3930 judicio
3007 3875 3125 3913 cum
3157 3858 3490 3929 generatione

1920 3963 2042 4016 ista,
2072 3961 2118 4006 et
2139 3951 2552 4006 condemnabam
2578 3967 2713 4016 eam,
2734 3951 2863 4019 quia
2901 3949 3253 4020 paenitentiam
3279 3960 3493 4020 egerunt

1922 4058 1978 4096 m
2017 4040 2387 4110 praedicatione
2419 4038 2594 4103 Jonte,
2635 4049 2685 4094 et
2705 4056 2820 4094 ecce
2842 4039 3135 4110 plusquam
3176 4039 3343 4094 Jonas
3387 4040 3492 4094 hic.

1926 4128 2155 4202 (Meum)
2191 4128 2638 4186 Condemnabunt
2685 4143 2814 4198 ergo
2859 4126 3108 4182 Ninivitte
3154 4137 3365 4198 gentem
3392 4126 3492 4182 Ju-

1925 4221 2188 4286 daeorum,
2219 4235 2326 4274 non
2379 4219 2660 4275 sententiae
2703 4225 2985 4288 potestate,
3032 4219 3124 4273 sed
3151 4219 3274 4272 vitm
3304 4233 3494 4274 corre-

1925 4310 2102 4366 ctione
2133 4328 2146 4362 :
2175 4308 2321 4378 quod
2346 4308 2472 4377 quia
2500 4307 2670 4362 Judaei
2693 4321 2799 4362 non
2825 4305 3087 4372 fecerunt,
3113 4307 3304 4361 merito
3332 4322 3361 4361 a
3382 4307 3493 4362 Do-

1927 4415 2074 4456 mino
2101 4407 2418 4470 arguuntur.
2469 4397 2739 4470 (Hieron)
2767 4396 2845 4453 Ac
2889 4397 2934 4453 si
2962 4397 3081 4452 aliis
3107 4398 3283 4452 verbis
3307 4398 3386 4452 eis
3411 4397 3495 4452 di-

258 4503 334 4557 dit
364 4463 600 4571 Spiritus
620 4463 837 4553 sanctus
864 4496 920 4550 in
945 4495 1126 4565 Specie
1150 4495 1432 4560 columbae,
1456 4503 1511 4548 et
1529 4495 1821 4549 secundum
1846 4463 1900 4523 Β
1927 4507 2076 4554 ceret
2105 4514 2118 4550 :
2167 4496 2334 4551 Jonas
2361 4494 2550 4565 paucis
2599 4493 2791 4549 diebus
2835 4492 3170 4562 praedicavit,
3217 4507 3315 4564 ego
3344 4500 3496 4546 tanto

259 4597 398 4665 quod
423 4594 682 4665 propheta
717 4590 780 4644 de
809 4603 872 4643 eo
894 4588 1003 4641 ait:
1035 4585 1162 4640 Vere
1184 4586 1459 4656 languores
1488 4596 1690 4640 nostros
1715 4588 1824 4656 ipse

261 4687 400 4750 tulit,
431 4693 478 4738 et
508 4681 710 4736 dolores
737 4687 938 4733 nostros
964 4677 1070 4747 ipse
1117 4678 1340 4748 portavit
1392 4675 1524 4749 (Iso.
1563 4676 1702 4747 Litt).
1735 4675 1825 4729 Pi-

263 4779 365 4832 scis
393 4783 574 4831 autem
601 4771 692 4843 qui
716 4769 906 4824 Jonam
936 4767 1211 4822 devoravit
1259 4767 1313 4821 in
1338 4767 1528 4838 pelago
1555 4767 1824 4839 signiﬁcat

264 4879 487 4925 mortem
519 4881 678 4937 quam
708 4863 953 4919 Christus
981 4874 1265 4928 perpessus
1313 4870 1396 4916 est
1435 4861 1488 4915 in
1518 4861 1735 4915 mundo.
1762 4859 1823 4914 In

267 4970 448 5014 ventre
473 4974 602 5030 ergo
625 4957 729 5013 ceti
754 4955 917 5012 Jonas
951 4965 1070 5011 erat
1115 4954 1285 5007 tribus
1330 4953 1518 5007 diebus
1555 4959 1610 5007 et
1652 4953 1824 5006 tribus

267 5052 533 5116 noctibus,
562 5057 618 5104 et
666 5046 912 5103 Salvator
959 5054 1140 5100 noster
1167 5043 1220 5096 in
1273 5050 1448 5095 morte
1493 5041 1546 5094 in
1576 5041 1823 5110 sepulcro

270 5140 366 5194 fuit
391 5141 562 5195 tribus
589 5139 779 5193 diebus
818 5144 871 5191 et
897 5135 1066 5189 tribus
1091 5132 1357 5187 noctibus.
1387 5127 1644 5199 Tuncque
1671 5145 1820 5184 com-

267 5231 464 5300 pletum
518 5236 599 5283 est
653 5227 781 5280 illud
805 5225 951 5295 quod
1000 5223 1196 5295 legitur
1249 5222 1303 5275 in
1337 5220 1472 5276 Osca
1504 5238 1517 5273 :
1550 5219 1658 5274 Ero
1687 5237 1825 5277 mors

270 5335 378 5390 tua,
434 5341 462 5378 ο
512 5338 698 5386 mors;
744 5336 832 5374 ero
882 5333 1082 5371 morsus
1124 5325 1264 5381 tuus,
1301 5331 1330 5368 ο
1360 5313 1612 5383 inferne?
1675 5313 1823 5385 (Ose.

271 5417 409 5486 xm).
441 5415 507 5470 Et
536 5415 677 5470 sicut
732 5411 894 5467 Jonas
938 5411 991 5464 in
1035 5417 1223 5464 ventre
1250 5407 1414 5478 piscis
1442 5421 1548 5460 non
1576 5421 1832 5476 perman-

269 5506 356 5569 sit,
383 5505 475 5558 scd
504 5496 710 5573 ejectus'
730 5510 816 5556 est
843 5502 896 5555 in
949 5501 1174 5564 aridam,
1210 5499 1283 5552 ita
1341 5495 1633 5552 Salvatoris
1661 5497 1830 5551 nostri

273 5593 446 5647 anima
477 5609 580 5646 non
614 5593 798 5646 relicta
845 5599 928 5646 est
979 5591 1030 5644 in
1083 5587 1312 5651 inferno,
1355 5603 1527 5655 nequc
1556 5602 1683 5642 caro
1713 5589 1832 5660 ejus

273 5683 404 5738 vidit
455 5684 874 5752 corruptionem.
907 5682 1000 5736 sed
1054 5681 1348 5736 resurrexit
1376 5681 1426 5733 in
1459 5679 1646 5749 gloria.
1696 5679 1828 5734 Nam

1925 4595 2189 4656 tempore.
2221 4584 2316 4641 Ille
2342 4584 2599 4655 Assyriis,
2626 4583 2772 4654 genti
2798 4581 3123 4648 incredulae;
3149 4597 3248 4653 ego
3269 4581 3489 4649 Judzris,

1923 4677 2119 4749 pupulo
2143 4675 2278 4742 Dei;
2331 4674 2418 4730 ille
2453 4673 2769 4745 peregrinis,
2819 4687 2918 4744 ego
2961 4671 3204 4739 civibus;
3249 4672 3337 4727 ille
3365 4688 3495 4728 voce

1924 4769 2137 4824 loeutus
2163 4766 2419 4836 simplici,
2448 4765 2687 4836 nihilque
2708 4765 2981 4836 signorum
3007 4762 3211 4818 faciens
3240 4772 3495 4833 acceptus

1924 4868 2028 4926 cst,
2057 4876 2159 4932 ego
2187 4867 2337 4914 tanta
2360 4859 2513 4928 signa
2560 4857 2783 4922 faciens,
2836 4855 3133 4911 Beelzebub
3163 4855 3490 4911 calumniam

1928 4953 2188 5009 sustineo.
2222 4949 2348 5004 Plus
2389 4963 2517 5017 ergo
2551 4947 2686 5002 Jona
2733 4947 2841 5012 hic,
2871 4946 2923 5000 id
2968 4953 3071 5012 est,
3103 4945 3157 4998 in
3202 4945 3380 4999 medio
3407 4961 3498 4999 ve-

1928 5051 2102 5098 strum
2139 5039 2456 5110 prmdicans,
2510 5043 2566 5091 et
2611 5045 2896 5105 propterea
2945 5034 3046 5088 viri
3080 5048 3295 5102 quoque
3341 5032 3493 5085 Nini-

1928 5134 2054 5188 vitaa
2083 5129 2483 5204 generationem
2536 5127 2971 5181 condemnabam
3015 5122 3342 5186 Judzcornm,
3392 5122 3494 5176 hoc

1929 5230 2012 5278 est
2041 5218 2372 5276 infidelitatis
2396 5223 2642 5286 arguont.

2000 5310 2198 5380 Regina
2244 5307 2424 5362 Austri
2467 5314 2643 5374 surget
2679 5305 2734 5358 in
2765 5302 2969 5372 judicio
3017 5315 3134 5354 cum
3169 5300 3493 5368 generatione

1929 5413 2052 5468 ista,
2083 5411 2128 5454 et
2187 5397 2548 5453 condemnabit
2575 5412 2709 5450 eam.
2768 5391 2946 5464 (ΒΑιι.)
2977 5390 3363 5445 Condemnabit
3389 5391 3495 5444 uti-

1931 5511 2035 5568 que
2059 5509 2165 5549 non
2190 5499 2459 5561 potestate
2511 5487 2719 5558 judicii,
2773 5484 2866 5538 sed
2917 5481 3316 5551 comparatione
3369 5480 3493 5536 facti

1932 5584 2189 5644 melioris.
2225 5580 2282 5637 Si
2313 5589 2490 5635 autem
2542 5577 2722 5647 regina
2775 5573 2980 5638 Austri,
3032 5587 3150 5642 quae
3181 5571 3347 5627 electa
3376 5586 3496 5628 esse

1935 5696 2040 5734 nun
2063 5676 2358 5740 dubitatur,
2380 5678 2564 5738 surget
2590 5669 2640 5721 in
2660 5664 2865 5732 judicio
2887 5680 3007 5718 cum
3033 5664 3292 5734 reprobis,
3316 5674 3494 5719 osten-
