3978 6190
286 253 396 310 937

1280 251 1632 308 COMMENT.
1675 253 1739 308 ΙΝ
1782 251 2214 308 ΜΑΤΤΗΑΞΠΜ.
2254 283 2325 294 -
2363 254 2490 309 LIB.
2534 253 2618 307 IV.

363 360 678 436 {VJAdlttw
697 377 756 415 eo
770 360 1006 425 loquente
1030 363 1100 416 ad
1124 367 1325 426 turbas,
1354 373 1648 417 secernat-er
1667 364 1782 433 ejus
1813 375 1861 418 et
1895 373 1940 429 Α
1967 373 2093 417 sunt
2140 362 2338 420 fratres
2391 365 2518 428 mei,
2563 365 2654 434 qui
2707 362 2917 419 faciunt
2957 379 3121 436 opera
3174 366 3352 427 Patris
3410 370 3539 428 mei.

289 453 483 524 fratres
504 451 712 506 stabant
737 451 867 520 foris
891 461 1177 522 querentes
1211 452 1350 523 loqui
1397 454 1466 506 ei.
1518 453 1662 508 Dixit
1691 465 1864 509 autem

288 547 338 600 ei
361 544 576 615 quidam
601 556 620 594 :
650 540 786 596 Ecce
831 554 1000 597 mater
1024 553 1142 608 tua,
1167 554 1216 597 et
1245 543 1434 613 fratres
1463 545 1541 598 tui
1571 544 1700 614 foris
1725 554 1866 601 stant

287 644 575 707 querentes
603 643 675 688 te.
719 633 1174 704 Occupatus-erat
1196 636 1456 690 Dominus
1485 635 1538 690 in
1557 651 1722 705 opere
1744 650 1862 690 ser-

287 725 466 783 monis
497 725 550 779 in
579 723 827 780 doctrina
863 725 1204 796 populorum,
1233 726 1288 780 in
1311 725 1487 781 ofﬁcio
1515 727 1862 796 praedicandi.

288 815 461 870 Mater
495 822 550 868 et
580 812 778 868 fratres
807 811 941 867 foris
977 821 1125 868 stant
1166 822 1221 867 et
1259 814 1310 868 ei
1339 814 1648 869 desiderant
1696 814 1862 884 loqui.

288 904 441 958 Tunc
467 902 689 972 quidam
718 903 932 957 nuntiat
969 901 1234 957 Salvatori
1260 903 1403 973 quod
1423 903 1624 958 fratres
1651 913 1707 958 et
1751 918 1866 958 ma-

286 1002 370 1048 ter
390 1007 490 1048 sua
519 999 665 1047 stant
680 990 813 1047 foris
833 999 1135 1060 quaerentes
1153 1005 1300 1046 eum.
1329 991 1551 1046 Videtur
1589 990 1721 1046 mihi
1763 990 1866 1045 iste

285 1085 377 1156 qui
402 1082 614 1138 nuntiat
652 1095 759 1134 non
789 1079 1014 1135 fortuito
1051 1087 1106 1135 et
1129 1080 1446 1150 simpliciter
1471 1080 1742 1144 nuntiare,
1769 1078 1864 1134 sed

287 1176 511 1231 insidias
534 1174 772 1238 tendere,
803 1183 984 1228 utrum
1010 1175 1234 1244 spiritali
1255 1174 1406 1244 operi
1433 1188 1651 1229 carnem
1667 1181 1722 1228 ct.
1741 1188 1866 1228 san-

284 1267 499 1336 guinem
525 1263 806 1335 praeferat;
829 1271 884 1318 et
918 1263 1042 1320 ideo
1065 1273 1294 1320 matrem
1326 1279 1386 1320 se
1423 1278 1586 1319 nosse
1611 1263 1864 1318 dissimu-

285 1357 383 1422 lat,
415 1365 474 1411 ut
493 1370 612 1425 quas
639 1355 688 1411 ei
724 1361 899 1409 mater
925 1354 1015 1420 sit,
1039 1354 1131 1424 qui
1161 1354 1467 1424 propinqui,
1495 1368 1602 1408 non
1625 1367 1722 1422 per
1767 1366 1860 1408 co—

285 1447 596 1518 gnationem
627 1444 828 1509 carnis,
860 1444 956 1499 sed
998 1457 1094 1513 per
1139 1442 1573 1512 eonjunctionem
1615 1442 1860 1511 spiritus,

285 1539 551 1610 designet.
578 1536 733 1593 Unde
752 1543 807 1591 et
834 1535 1116 1604 sequitur:

358 1628 429 1682 Et
451 1629 560 1699 ipse
587 1625 900 1696 respondens
928 1626 1119 1679 dicenti
1143 1625 1260 1689 sibi,
1287 1626 1363 1677 ait
1391 1640 1410 1679 :
1443 1626 1575 1689 Qute
1595 1634 1673 1679 est
1693 1633 1862 1678 mater

1967 453 2084 508 Non
2141 469 2271 524 ergo
2309 453 2462 522 juxta
2524 454 2851 511 Marcionem
2908 463 2964 512 et
3009 456 3385 526 Manichaeum,
3422 477 3535 517 tua.

1967 550 2104 596 trem
2156 543 2412 612 negavit,
2454 551 2514 598 ut
2567 552 2727 597 natus
2775 544 2842 598 de
2907 545 3282 615 phantasmate
3325 557 3550 618 putare-

1967 637 2087 694 tur;
2114 629 2210 685 sed
2253 639 2310 686 et
2346 631 2618 704 apostolos
2657 635 2960 702 cognationi
2987 637 3236 706 praetulit,
3275 648 3334 694 ut
3364 649 3420 696 et
3443 655 3562 698 nos

1965 717 2022 773 in
2070 720 2477 790 comparatione
2505 721 2807 778 dilectionis
2849 726 3002 780 carni
3046 728 3296 799 spiritum
3349 731 3545 802 priete—

1967 824 2169 866 ramus.
3261 875 3264 878 ,

2037 900 2344 974 Quicunque
2368 904 2504 958 enim
2531 903 2710 972 fecerit
2745 905 3062 962 voluntatem
3092 907 3271 965 Patris
3328 913 3429 966 mei
3453 914 3544 983 qui

1965 993 2022 1048 in
2050 993 2188 1048 caelis
2211 1004 2302 1058 est,
2328 996 2436 1065 ipse
2459 1011 2604 1050 meus
2619 994 2806 1063 frater,
2833 1015 2985 1052 soror
3005 1009 3053 1053 et
3089 1010 3256 1054 mater
3283 1013 3377 1056 est.
3405 1001 3542 1057 Cum

1966 1081 2012 1136 is
2049 1082 2140 1152 qui
2191 1082 2516 1138 voluntatem
2556 1085 2651 1139 Dei
2682 1083 2894 1152 fecerit,
2924 1103 3082 1143 soror
3121 1097 3175 1142 et
3213 1087 3386 1146 frater
3437 1091 3543 1147 Do-

1964 1172 2095 1226 mini
2123 1172 2320 1227 dicitur
2339 1182 2558 1242 propter
2588 1183 2878 1245 utrumque
2900 1192 3111 1244 sexum,
3157 1180 3248 1251 qui
3280 1181 3346 1236 ad
3384 1181 3542 1239 ﬁdem

1964 1261 2254 1332 colligitur,
2290 1264 2636 1322 mirum-non
2685 1274 2802 1333 est;
2846 1269 3151 1324 mirandum
3208 1287 3338 1328 vero
3387 1274 3544 1330 valde

1965 1361 2069 1416 est,
2099 1356 2369 1423 quomodo
2413 1355 2578 1411 etiam
2621 1367 2796 1412 mater
2822 1359 3050 1414 dicatur.
3091 1360 3305 1418 Fideles
3340 1364 3542 1422 etenim

1965 1441 2254 1511 discipulos
2298 1442 2497 1499 fratres
2545 1460 2739 1500 vocare
2767 1447 3016 1518 dignatus
3039 1457 3141 1515 est,
3175 1451 3357 1506 dicens
3393 1466 3408 1506 :
3438 1451 3542 1518 Ite,

1964 1532 2201 1586 nuntiate
2239 1532 2489 1602 fratribus
2512 1535 2660 1590 meis.
2693 1536 2794 1603 Qui
2829 1551 2960 1608 ergo
2989 1540 3158 1594 frater
3187 1541 3398 1598 Domini
3425 1543 3542 1602 ﬁeri

1964 1625 2032 1680 ad
2080 1625 2237 1680 fidem
2275 1627 2540 1683 veniendo
2577 1630 2833 1698 potuerit,
2883 1633 3231 1700 quaerendum
3279 1643 3362 1689 est
3411 1649 3544 1704 quo-

285 1737 424 1784 mea,
470 1729 520 1774 et
569 1720 659 1790 qui
685 1728 805 1773 sunt
825 1718 1018 1788 fratres
1055 1719 1197 1772 mei?
1226 1717 1406 1789 (8η.)
1431 1719 1572 1773 Sane
1593 1719 1734 1788 quod
1765 1719 1865 1774 Do-
1893 1727 1937 1786 B
1964 1717 2124 1774 modo
2165 1718 2307 1773 idem
2353 1733 2476 1774 esse
2524 1729 2699 1774 mater
2731 1719 2848 1788 ejus
2897 1723 3090 1791 possit.
3124 1722 3230 1777 Sed
3265 1725 3542 1785 sciendum

286 1814 468 1867 minus
505 1812 572 1866 ad
591 1820 819 1866 matrem
848 1809 1152 1880 fratresque
1181 1819 1398 1880 rogatus
1419 1811 1488 1865 ab
1510 1809 1684 1865 oﬁicio
1707 1810 1859 1865 verbi

283 1902 595 1961 dissimulat
625 1901 830 1973 egredi,
887 1915 996 1955 non
1043 1907 1303 1955 maternae
1359 1899 1560 1954 refutat
1598 1900 1860 1971 obsequia

175 2043 183 2050 .
283 1995 529 2068 pietatis,
559 1992 712 2063 cujus
741 1999 1166 2062 pratceptum-est
1198 2009 1212 2045 :
1242 1989 1460 2045 Honora
1488 2000 1688 2060 patrem
1712 2001 1861 2044 tuum

285 2101 333 2144 et
366 2097 587 2142 matrem
615 2093 804 2149 tuam;
844 2083 936 2138 sed
971 2083 1211 2153 paternis
1235 2096 1293 2137 se
1320 2081 1594 2152 mysteriis
1631 2082 1863 2152 amplius

285 2190 450 2246 quam
498 2173 756 2229 maternis
805 2172 1003 2228 debere
1054 2179 1324 2228 monstrat
1361 2171 1664 2237 aﬁ‘ectlbus,
1721 2171 1860 2227 idem

283 2267 447 2323 nobis
473 2265 739 2336 exemplo,
787 2264 930 2334 quod
953 2263 1119 2319 verbo
1144 2263 1545 2328 commendans,
1593 2277 1716 2318 cum
1743 2261 1820 2316 ait
1845 2278 1860 2315 :

287 2356 396 2422 Qui
436 2363 578 2408 amat
605 2363 828 2424 patrem,
857 2361 949 2404 aut
973 2361 1193 2405 matrem
1217 2350 1334 2420 plus
1361 2365 1520 2421 quam
1542 2365 1765 2414 me,non
1789 2357 1864 2403 est

284 2461 370 2500 me
397 2445 619 2515 dignus;
642 2458 747 2498 non
778 2440 1036 2512 iniuriose
1057 2438 1254 2494 fratres
1271 2438 1588 2502 contemnit,
1611 2438 1704 2492 sed
1730 2451 1864 2506 opus

285 2535 534 2606 spiritale
559 2533 738 2590 carnis
759 2530 1068 2602 cognationi
1107 2529 1420 2600 praeferens,
1473 2529 1861 2600 religiosiorem

284 2626 533 2681 cordinm
565 2623 812 2694 copulam
849 2622 1006 2676 docet
1025 2635 1145 2675 esse
1180 2635 1340 2691 quam
1390 2635 1698 2689 corporum.
1753 2619 1865 2691 My-

282 2715 424 2769 stice
465 2721 646 2767 autem
690 2720 864 2767 mater
911 2718 966 2766 et
993 2710 1190 2764 fratres
1215 2707 1342 2765 Jesu
1381 2725 1648 2782 synagoga
1675 2725 1742 2766 ex
1765 2724 1862 2765 cu-

277 2806 370 2874 jus
400 2819 564 2860 carne
596 2811 674 2859 est
701 2802 899 2868 editus,
941 2809 997 2858 et
1020 2803 1242 2874 populus
1266 2813 1349 2858 est
1383 2801 1711 2858 Judteorum.
1760 2802 1864 2870 Qui

283 2896 573 2952 Salvatore
601 2896 748 2949 intus
780 2895 1008 2950 docente
1037 2895 1314 2950 venientes
1340 2894 1544 2950 intrare
1569 2901 1861 2966 nequeunt,

283 2984 442 3054 cujus
478 2983 794 3055 spiritaliter
825 2982 1126 3052 intelligere
1151 2982 1298 3038 dicta
1328 2982 1622 3055 negligant.
1655 2983 1865 3040 Pramo-

1963 1815 2051 1862 est
2090 1807 2266 1873 nobis,
2323 1807 2452 1877 quia
2491 1808 2583 1876 qui
2637 1805 2765 1863 Jesu
2814 1808 3002 1874 frater,
3032 1819 3087 1864 et
3114 1825 3268 1868 soror
3317 1824 3402 1868 est
3426 1829 3546 1869 crc~

1965 1897 2158 1959 dendo,
2229 1905 2404 1951 mater
2465 1895 2682 1952 efﬁcitur
2761 1897 3137 1966 praedicando,
3198 1900 3338 1956 sicut
3385 1917 3546 1972 supra

1964 1986 2166 2042 dictum
2229 1994 2332 2042 est.
2401 1987 2566 2054 Quasi
2627 1986 2771 2041 enim
2836 1987 2977 2058 parit
3034 1987 3320 2045 Dominum
3383 2007 3542 2062 quem

1963 2076 2113 2132 cordi
2157 2075 2426 2132 audientis
2458 2075 2734 2133 infuderit.
2766 2075 2831 2130 Et
2858 2084 3036 2133 mater
3059 2076 3175 2145 ejus
3200 2078 3450 2148 efficitur,
3497 2083 3543 2142 si

1963 2180 2061 2235 per
2086 2165 2203 2237 ejus
2229 2180 2414 2222 vocem
2435 2179 2589 2221 amor
2610 2164 2822 2220 Domini
2843 2164 2897 2221 in
2921 2166 3154 2234 proximi
3181 2178 3358 2225 mente
3382 2187 3545 2243 gene-

1965 2263 2137 2311 ratur.

2575 2345 2803 2402 CAPUT
2837 2345 2974 2402 XIII.

1967 2456 2044 2511 De
2096 2457 2335 2530 navicula
2372 2458 2521 2512 docet
2575 2457 2773 2530 turbas
2800 2458 2856 2512 in
2898 2457 3192 2530 parabolis,
3236 2476 3369 2530 quas
3404 2461 3548 2516 domi

2036 2527 2282 2599 apostolis
2319 2529 2561 2596 exponit;
2587 2527 2734 2583 docet
2756 2528 2812 2580 in
2839 2531 3107 2598 synagoga
3138 2527 3430 2599 Nasaretlt,
3456 2532 3547 2590 ubi

2037 2597 2149 2650 sine
2163 2597 2359 2650 Itonore
2381 2607 2475 2652 est.

2037 2707 2128 2781 [1.]
2152 2707 2219 2762 In
2255 2707 2346 2764 illo
2368 2709 2452 2763 die
2474 2710 2649 2764 exiens
2669 2708 2826 2764 Iesus
2859 2709 2924 2762 de
2952 2709 3132 2776 domo,
3163 2711 3372 2766 sedebat
3399 2730 3548 2771 secus

1962 2815 2130 2854 mare.
2173 2798 2354 2871 (Aug.)
2395 2798 2460 2853 In
2491 2799 2581 2854 illo
2604 2799 2708 2865 die,
2748 2799 2855 2856 nisi
2881 2798 3023 2856 forte
3043 2800 3160 2857 dies
3212 2815 3364 2857 more
3397 2801 3545 2858 Scri-

1965 2898 2246 2961 pturarum
2275 2899 2485 2961 tempus
2514 2891 2804 2962 signiﬁcet,
2831 2891 2964 2947 satis
2996 2891 3200 2948 indicat
3219 2893 3324 2950 hoc
3349 2907 3543 2952 conse-

1968 2987 2197 3051 quenter
2219 2989 2449 3050 gcstum,
2477 2987 2571 3034 aut
2593 2994 2697 3035 non
2747 2979 2916 3036 multa
2951 2981 3219 3052 interponi
3261 2983 3542 3054 potuisse;

285 3089 494 3144 cupans
538 3075 682 3130 enim
735 3074 892 3128 turba
937 3071 1054 3142 ejus
1101 3073 1402 3145 ingreditur
1445 3074 1682 3139 domum,
1749 3075 1867 3147 ejus
1895 3072 1940 3136 C
1973 3067 2208 3126 maxime
2244 3069 2368 3139 quia
2401 3078 2457 3125 et
2485 3069 2697 3126 Marcus
2721 3085 2844 3126 eum
2871 3071 3115 3128 ordinem
3145 3081 3295 3130 tenet
3344 3073 3540 3146 (Marc.

283 3162 565 3218 auscultat
602 3162 960 3224 sermonibus,
1002 3162 1127 3234 quia
1170 3161 1453 3220 diﬁ‘erente
1479 3162 1662 3220 Judma
1693 3165 1864 3237 genti-

280 3255 412 3310 litas
442 3251 699 3308 conduxit
725 3252 793 3306 ad
823 3251 1124 3318 Christum,
1165 3261 1328 3322 atque
1363 3254 1576 3308 interna
1600 3254 1723 3309 vita:
1743 3269 1863 3324 my-

282 3341 450 3397 steria
477 3348 680 3410 quanto
735 3339 841 3395 ﬁde
882 3339 1148 3406 vicinior,
1187 3349 1340 3396 tanto
1386 3350 1567 3397 mente
1613 3344 1864 3411 capacior

280 3433 484 3491 hausit.
512 3431 670 3487 Juxta
717 3433 859 3502 quod
886 3432 1127 3504 psalmus
1156 3433 1272 3488 ait:
1302 3433 1544 3489 Accedite
1570 3435 1640 3490 ad
1667 3452 1785 3490 eum
1811 3445 1862 3491 et

281 3522 657 3578 illuminamini
683 3519 855 3594 (Psal.
887 3521 1292 3592 xxxm);intus
1313 3523 1560 3585 verbum,
1610 3523 1755 3580 intus
1777 3532 1862 3579 est

283 3613 490 3668 lumen.
521 3610 706 3683 (Aug.)
765 3610 917 3667 Unde
947 3611 1075 3666 alibi
1109 3630 1121 3665 :
1155 3611 1226 3668 Ut
1249 3613 1523 3678 intrantes,
1560 3614 1756 3684 inquit,
1785 3613 1862 3668 vi—

283 3704 442 3756 deant
475 3701 666 3755 lumen.
711 3700 802 3756 Sic
830 3716 960 3770 ergo
990 3701 1124 3762 foris
1172 3710 1385 3758 stantes
1414 3719 1515 3759 nec
1562 3705 1663 3775 ipsi
1691 3721 1858 3775 agno-

283 3800 511 3847 scuntur
559 3800 834 3862 parentes,
879 3799 936 3847 θι
961 3799 1185 3861 propter
1210 3800 1456 3848 nostrum
1483 3792 1714 3848 fortasse
1749 3809 1856 3849 non

282 3889 650 3954 agnoscuntur
687 3880 1014 3958 exemplum,
1069 3881 1522 3950 quemadmodum
1554 3895 1653 3936 nos
1691 3897 1858 3952 agno-

284 3988 526 4038 scemur,
553 3971 599 4028 si
642 3973 774 4028 foris
798 3981 1028 4028 stamus.
1075 3970 1233 4027 Foris
1260 3971 1404 4027 enim
1433 3979 1639 4028 stantes
1672 3972 1860 4029 volunt

284 4065 572 4122 Dominum
615 4063 798 4120 videre
839 4063 1050 4136 cognati
1089 4063 1276 4134 ipsius,
1324 4078 1447 4120 cum
1484 4062 1650 4120 Judaei
1702 4063 1858 4134 spiri-

283 4157 450 4214 talem
481 4157 534 4212 in
557 4157 674 4228 lege
698 4171 916 4212 sensum
942 4171 1048 4211 non
1075 4164 1378 4225 quaerentes
1414 4169 1534 4211 sese
1572 4155 1640 4210 ad
1679 4163 1858 4211 custo-

281 4247 428 4303 diam
453 4249 644 4303 litterte
667 4247 797 4302 foris
826 4246 1082 4310 ﬁxerunt,
1117 4253 1173 4299 et
1195 4245 1350 4316 quasi
1375 4243 1651 4300 Christum
1675 4243 1858 4315 potius

284 4337 348 4392 ad
377 4336 616 4392 carnalia
665 4334 905 4390 docenda
943 4341 1144 4403 cogunt
1170 4333 1340 4397 exire,
1382 4348 1544 4403 quam
1577 4349 1635 4390 se
1679 4335 1748 4390 ad
1777 4335 1858 4390 di-

1968 3157 2074 3230 tv);
2118 3158 2294 3214 Lucas
2333 3167 2516 3214 autem
2541 3168 2664 3230 post
2696 3159 2825 3215 illud
2855 3161 2998 3231 quod
3045 3170 3236 3217 narrat
3261 3163 3332 3218 de
3367 3173 3544 3222 matre

1964 3258 2020 3304 et
2066 3248 2326 3306 fratribus
2371 3250 2603 3316 Domini,
2662 3251 2716 3306 in
2754 3251 2900 3307 aliud
2939 3253 3136 3308 transit
3189 3251 3341 3324 (Luc.
3401 3255 3546 3328 vui),

1964 3353 2064 3394 nec
2102 3354 2168 3394 eo
2208 3339 2437 3395 transitu
2485 3341 2874 3396 connexionem
2913 3341 3149 3412 aliquam
3208 3342 3364 3410 facit,
3420 3359 3543 3415 qua

1963 3429 2089 3484 huic
2137 3430 2313 3486 ordini
2343 3444 2644 3502 repugnare
2688 3433 2956 3488 videatur.
2990 3433 3174 3506 (lum)
3224 3434 3341 3490 Non
3368 3437 3544 3495 solum

1962 3527 2142 3574 autem
2171 3517 2313 3574 facta
2342 3528 2399 3574 et
2441 3520 2608 3576 verba
2643 3521 2878 3586 Domini,
2925 3537 3112 3578 verum
3154 3523 3318 3579 etiam
3347 3525 3546 3582 itinera

1961 3624 2026 3666 ac
2063 3609 2180 3664 loca
2208 3610 2263 3664 in
2294 3610 2490 3681 quibus
2513 3611 2745 3668 virtutes
2792 3623 3049 3682 operatur
3087 3621 3144 3668 et
3189 3616 3543 3685 prmdicabat,

1960 3698 2271 3754 caelestibus
2295 3709 2422 3754 sunt
2442 3699 2599 3770 plena
2627 3700 3002 3755 sacramentis.
3055 3700 3186 3756 Post
3232 3718 3543 3761 sermonem

1959 3793 2158 3863 quippe
2214 3793 2269 3846 in
2323 3793 2484 3848 domo
2514 3793 2782 3859 habitum,
2810 3793 2903 3848 ubi
2953 3792 3182 3850 nefanda
3208 3795 3543 3866 blasphemia

1959 3881 2282 3939 daemonium
2338 3882 2539 3937 habere
2576 3881 2754 3938 dictus
2781 3890 2886 3949 est,
2913 3884 3198 3955 egrediens
3228 3885 3456 3943 docebat
3477 3886 3547 3943 ad

1959 3986 2132 4038 mare,
2164 3980 2226 4027 ut
2261 3972 2573 4029 ostenderet
2601 3988 2679 4039 se,
2711 3974 2899 4030 relicta
2958 3976 3030 4032 ob
3072 3976 3283 4046 culpam
3308 3978 3547 4050 perﬁdiae

1960 4061 2164 4129 Iudaea,
2220 4063 2287 4119 ad
2311 4070 2500 4133 gentes
2521 4063 2807 4120 salvandas
2834 4079 2954 4120 esse
2986 4067 3363 4123 transiturum.
3394 4066 3541 4123 Gen~

1960 4151 2135 4208 tilium
2163 4167 2396 4223 namque
2440 4151 2670 4222 superba
2719 4161 2776 4208 et
2803 4153 3078 4209 incredula
3108 4154 3199 4208 diu
3230 4155 3391 4210 corda
3430 4171 3542 4212 me-

1960 4243 2067 4298 rito
2108 4243 2331 4299 tumidis
2368 4243 2677 4312 amarisque
2706 4241 2957 4300 fluctibus
3023 4243 3190 4300 maris
3238 4245 3541 4301 assimilan-

1961 4341 2070 4389 tur.
2109 4333 2336 4390 Domum
2376 4348 2506 4389 vero
2529 4333 2738 4390 Domini
2765 4350 2862 4405 per
2891 4333 3052 4391 ﬁdem
3081 4333 3248 4392 fuisse
3276 4334 3540 4403 Judzeam,

285 4427 485 4482 scenda
512 4424 772 4494 spiritalia
806 4424 1152 4480 consentiunt
1176 4423 1402 4494 ingredi.
1426 4422 1698 4496 (Hierom)
1728 4423 1858 4493 Qui-
1883 4419 1935 4479 D
1960 4428 2086 4500 quis
2133 4427 2381 4483 nesciat?
2419 4425 2528 4484 Sed
2570 4427 2758 4483 relicta
2811 4427 2992 4494 domo,
3039 4428 3095 4483 in
3143 4445 3249 4498 qua
3288 4429 3540 4504 blasphe-

289 4515 416 4570 dam
469 4513 670 4569 fratres
697 4513 916 4569 Domini
942 4513 1011 4567 de
1049 4512 1154 4568 alia
1182 4527 1354 4569 uxore
1378 4511 1576 4584 Joseph
1603 4513 1742 4568 ﬁlios
1770 4529 1860 4570 su-

285 4606 584 4674 spicantur,
621 4610 908 4673 sequentes
931 4602 1284 4658 deliramenta
1310 4605 1762 4674 apocryphorum,
1806 4613 1864 4662 et

285 4695 572 4763 quamdam
633 4693 864 4747 Escham
901 4690 1275 4746 mulierculam
1304 4691 1690 4764 contingentes.
1752 4692 1864 4752 Nos

288 4791 470 4836 autem
502 4781 701 4836 fratres
725 4781 934 4836 Domini
962 4795 1070 4835 non
1103 4780 1241 4836 ﬁlios
1287 4777 1506 4851 Joseph,
1545 4783 1641 4837 sed
1670 4796 1863 4838 conso-

300 4870 488 4926 brinos
537 4870 835 4927 Salvatoris
892 4870 1094 4926 liberos
1147 4869 1329 4925 Mariae
1375 4872 1724 4944 intelligimus
1752 4889 1866 4930 ma-

277 5012 280 5015 .
307 4972 524 5019 terterae
553 4962 786 5027 Domini,
826 4977 945 5032 quae
971 4977 1092 5017 esse
1111 4961 1309 5017 dicitur
1351 4971 1528 5018 mater
1549 4963 1737 5020 Jacobi
1759 4965 1865 5021 mi-

303 5053 471 5118 noris,
509 5062 565 5107 et
617 5052 838 5124 Ioseph,
878 5060 935 5106 et
964 5051 1136 5115 Judte,
1181 5067 1321 5124 quos
1363 5053 1417 5106 in
1445 5053 1552 5109 alio
1590 5054 1864 5126 Evangelii

291 5137 408 5194 loco
458 5138 658 5194 fratres
709 5139 921 5195 Domini
980 5139 1208 5209 legimus
1268 5140 1582 5210 appellatos.
1643 5142 1863 5197 Fratres

291 5236 468 5283 autem
522 5229 874 5285 consobrinos
921 5229 1027 5284 dici
1079 5229 1260 5284 omnis
1295 5230 1578 5303 Scriptura
1628 5231 1859 5289 demou-

292 5325 446 5372 stt-at.

363 5405 432 5460 Et
479 5405 756 5460 extendens
819 5423 1030 5464 manum
1075 5409 1132 5462 in
1192 5408 1493 5480 discipulos,
1539 5411 1664 5465 dicit
1687 5411 1862 5468 :Ecce

293 5503 460 5549 utcter
490 5510 628 5561 mea,
657 5504 705 5548 et
731 5494 921 5564 fratres
946 5497 1067 5550 mei.
1109 5495 1200 5551 Isti
1223 5507 1350 5552 sunt
1377 5508 1551 5554 mater
1597 5513 1739 5565 mea,
1769 5500 1864 5568 qui

297 5599 382 5640 tne
424 5585 662 5656 quotidie
708 5585 762 5640 in
813 5587 1146 5642 credentium
1178 5590 1374 5645 animis
1436 5600 1717 5663 generant.
1768 5591 1861 5648 Isti

696 5680 970 5742 Ρηιιυι.
1009 5680 1194 5742 CVII.

1965 4518 2104 4574 mias
2143 4532 2432 4589 perpessus
2479 4525 2564 4574 est
2623 4517 2932 4587 impiorum,
3006 4519 3172 4589 cmpit
3227 4520 3422 4576 docere
3474 4520 3544 4579 ad

1965 4624 2134 4666 mare.
2178 4608 2315 4677 Quia
2365 4608 2624 4666 derelicta
2661 4607 2732 4664 ob
2784 4609 3216 4666 lncredulitatem
3269 4623 3541 4682 synagoga

1966 4700 2035 4755 ad
2064 4699 2418 4771 colligendam
2442 4715 2541 4770 per
2595 4699 2867 4770 apostolos
2908 4699 3090 4771 populi
3115 4700 3332 4768 gentilis
3359 4701 3542 4763 multi-

1968 4789 2209 4845 tudinem
2243 4789 2410 4846 venit.
2441 4789 2594 4846 Unde
2628 4798 2816 4859 aperte
2835 4790 3182 4859 permittitur
3207 4791 3371 4861 quod,
3396 4805 3461 4848 eo
3486 4791 3541 4850 in

1970 4880 2132 4936 domo
2157 4879 2504 4950 praedicante,
2533 4887 2706 4934 mater
2739 4888 2796 4934 et
2833 4879 3030 4936 fratres
3068 4879 3199 4936 foris
3252 4889 3542 4946 steterunt,

1969 4977 2027 5023 et
2053 4965 2208 5039 quasi
2234 4967 2402 5038 agniti
2437 4967 2506 5022 ab
2532 4966 2624 5024 illo
2645 4983 2754 5025 non
2785 4975 2936 5034 sunt;
2979 4983 3042 5024 ac
3064 4969 3143 5023 sic
3171 4969 3238 5024 de
3266 4968 3426 5024 ἀοιιιο
3449 4984 3543 5023 es-

1971 5057 2090 5112 iens
2135 5057 2204 5112 ad
2262 5070 2413 5110 mare
2460 5055 2716 5112 docturus
2791 5057 3024 5122 transiit,
3078 5056 3205 5125 quia
3253 5064 3539 5126 postquam

1969 5161 2239 5217 synagoga
2288 5145 2354 5198 ad
2413 5145 2710 5202 custodiam
2755 5160 2814 5200 se
2852 5146 3045 5201 littera:
3103 5145 3235 5199 foris
3279 5143 3420 5210 ﬁxit,
3465 5145 3548 5200 in-

1968 5237 2244 5305 ternisque
2273 5234 2564 5289 Dominicze
2601 5234 2723 5290 ﬁdei
2773 5234 2989 5290 arcanis
3040 5234 3241 5303 ﬁguras
3278 5233 3416 5304 legis
3443 5250 3542 5288 an-

1967 5333 2222 5396 teponere
2284 5324 2510 5390 maluit,
2577 5323 2836 5379 Dominus
2909 5333 3250 5379 sacramenta
3309 5323 3539 5387 salutis,

1963 5426 2084 5482 qua
2115 5411 2202 5466 illa
2251 5422 2550 5484 spreverat,
2573 5414 2814 5469 externis
2850 5428 2950 5484 per
2987 5413 3176 5469 orbem
3231 5413 3543 5470 nationibus

1966 5501 2211 5557 contulit.

2039 5592 2108 5648 Et
2129 5605 2458 5667 congregata!
2478 5604 2599 5648 sunt
2629 5595 2697 5649 ad
2721 5611 2840 5649 eum
2875 5599 3042 5650 turbte
3065 5595 3269 5662 multa,
3290 5598 3366 5650 ita
3405 5605 3460 5651 ut
3483 5611 3539 5655 ut

3068 5687 3147 5751 30
