3978 6190
436 287 542 344 959

1079 285 1142 341 Β.
1178 283 1430 341 RABANI
1471 281 1692 340 MAURI
1730 278 2050 337 ARCHIEP.
2093 277 2399 336 MOGUNT.
2441 275 2727 334 OPERUM
2766 273 2944 329 PARS
2985 271 3030 327 Ι.

3581 271 3679 328 θα

436 401 732 457 naviculam
779 399 1063 455 ascendens
1095 399 1314 464 sederet,
1362 408 1408 452 et
1445 398 1614 452 omnis
1643 398 1796 451 turba
1839 395 2012 449 stabat
2040 397 2092 455 Α
2187 391 2256 445 Et
2300 389 2420 443 dum
2447 399 2690 452 seminat,
2715 387 2957 458 quadam
2997 385 3294 440 ceciderunt
3319 400 3467 440 secus
3525 386 3693 454 vim,

436 498 493 546 in
540 493 735 546 littore.
783 489 936 558 Quod
969 489 1123 544 turba
1163 488 1330 542 multa
1386 489 1454 542 ad
1489 487 1777 542 Dominum
1817 487 2016 541 docen-
2115 493 2164 538 et
2225 489 2470 536 venerunt
2529 479 2781 542 volucres,
2837 487 2886 532 et
2927 477 3261 530 comederunt
3304 493 3388 531 ea.
3427 475 3701 550 (Hierom)

443 591 548 636 tem
581 581 648 635 ad
684 595 833 635 mare
850 587 1181 649 congregata
1225 585 1326 639 est,
1354 576 1620 648 signiﬁcat
1657 575 2016 647 frequentiam

440 671 760 741 populorum
806 667 1224 740 praedicantibus
1279 666 1536 737 apostolis
1582 667 1650 721 ad
1689 667 1848 721 ﬁdem
1878 667 2020 722 veri-

443 761 572 817 tatis
621 758 1080 814 concurrentium.
1133 756 1286 824 Quod
1335 771 1463 811 vero
1510 757 1624 826 ipse
1682 773 1873 812 navem
1933 772 2022 811 as-

443 852 680 907 cendens
711 848 934 904 sedebat
985 847 1040 901 in
1093 847 1253 911 mari,
1301 847 1680 916 prmﬁgurabat
1723 845 2019 900 Ecclesium

447 944 499 998 in
543 942 726 996 medio
781 941 1058 995 nationum
1089 955 1194 994 non
1246 939 1605 1003 credentium,
1659 945 1714 992 et
1748 937 2021 993 contradi-

444 1033 680 1088 centium
733 1029 1124 1085 mdiﬁcandam.
1186 1027 1349 1094 Quasi
1393 1028 1540 1082 enim
1574 1027 1832 1080 Dominus
1869 1027 2022 1080 sedet

447 1129 501 1182 in
548 1123 691 1186 navi,
725 1121 900 1176 medio
943 1121 996 1174 in
1046 1119 1184 1173 mari
1233 1119 1430 1188 posita,
1477 1133 1598 1172 cum
1633 1125 1845 1171 mentes
1893 1115 2020 1170 ﬁde-

442 1217 576 1270 lium
621 1213 762 1265 inter
791 1209 1033 1264 inﬁdeles
1082 1209 1530 1263 commorantium
1558 1207 1730 1278 gratia
1765 1222 1873 1261 sua:
1895 1206 2024 1260 visi-

447 1299 667 1354 tationis
713 1299 979 1363 illustrat,
1027 1298 1386 1368 dilectumque
1421 1298 1524 1352 sibi
1574 1299 1627 1351 in
1659 1298 1748 1352 his
1787 1297 2022 1351 mansio-

449 1408 571 1448 nem
619 1400 917 1447 consecrat.
965 1391 1136 1446 Porro
1160 1392 1314 1444 turba
1342 1407 1464 1460 qua:
1493 1391 1636 1445 circa
1679 1405 1828 1444 mare
1861 1403 2024 1457 super

447 1492 649 1537 terram
677 1483 872 1552 posita,
911 1480 1073 1536 verba
1121 1480 1331 1534 Domini
1361 1480 1717 1544 auscultabat,
1745 1480 1814 1532 ita
1843 1487 2021 1533 utnec

446 1571 693 1626 ﬂuctibus
721 1571 888 1625 maris
913 1577 1244 1640 tangeretur,
1261 1584 1362 1623 nec
1382 1584 1502 1623 cum
1518 1568 1607 1622 illo
1632 1569 1682 1622 in
1702 1569 1823 1621 navi
1847 1576 2022 1621 trans-

450 1663 629 1716 rensis
655 1659 906 1715 ﬂuctibus
948 1661 1180 1723 sederet,
1244 1659 1456 1712 illorum
1520 1659 1797 1727 aptissime
1844 1665 2021 1725 gestat

2117 576 2174 629 In
2204 572 2498 644 Evangelio
2523 572 2683 626 Luca:
2710 571 2782 626 ita
2822 571 2889 624 de
2911 571 3015 624 hoc
3050 570 3258 624 semine
3281 571 3543 640 scriptum
3565 580 3651 625 est
3682 589 3703 626 :

2118 666 2276 726 Aliud
2303 663 2490 719 cecidit
2514 680 2660 718 secus
2687 665 2845 726 viam,
2873 671 2921 715 et
2970 661 3334 716 conculcatum
3362 671 3457 724 est,
3480 673 3528 716 et
3553 662 3704 716 uolat-

2117 772 2228 809 cres
2269 754 2383 809 coeli
2429 753 2761 809 comederunt
2812 751 2946 805 illud
2984 751 3136 822 (Luc.
3175 751 3320 821 vni).
3356 751 3706 821 Quaecunque

2119 859 2246 914 ergo
2293 843 2554 897 Dominus
2599 843 2650 895 in
2702 842 2804 894 hac
2845 840 3098 910 parabola
3130 855 3404 909 exponere
3449 841 3564 910 ipse
3617 843 3704 897 di-

2121 944 2314 1004 gnatus
2354 944 2457 998 est,
2534 936 2620 1003 pia
2665 933 2769 988 ﬁde
2809 933 3148 1002 suscipienda
3203 941 3350 987 sunt.
3398 933 3528 1000 Quae
3571 950 3706 991 vero

2123 1025 2286 1077 tacita
2328 1032 2523 1078 nostrae
2564 1023 2928 1092 intelligentia:
2973 1022 3288 1091 dereliquit,
3311 1037 3461 1091 atque
3485 1024 3572 1093 pia
3621 1026 3703 1078 in-

2123 1115 2361 1167 tentione
2400 1113 2782 1182 perquirenda,
2841 1127 2906 1165 ac
2953 1112 3365 1182 perstringenda
3410 1121 3535 1165 sunt
3583 1114 3705 1168 bre-

2122 1202 2280 1256 riter.
2322 1200 2520 1256 Semen
2566 1201 2708 1271 quod
2755 1200 2901 1255 circa
2947 1201 3091 1254 viam
3135 1202 3330 1256 cecidit
3378 1203 3573 1273 duplici
3614 1203 3704 1257 la:-

2121 1307 2247 1347 sura
2295 1291 2560 1361 disperiit,
2603 1304 2660 1346 et
2701 1292 2769 1346 ab
2809 1292 3190 1348 itinerantibns
3225 1293 3435 1348 scilicet
3479 1295 3700 1350 concul-

2121 1391 2324 1448 catum,
2362 1390 2419 1438 et
2449 1397 2482 1437 a
2521 1383 2835 1440 volucribus
2864 1394 3100 1454 raptum.
3132 1385 3230 1440 Via
3260 1399 3390 1456 ergo
3437 1394 3520 1441 est
3550 1402 3704 1442 mens

2121 1473 2312 1530 sedulo
2368 1473 2635 1528 malarum
2684 1475 3072 1546 cogitationum
3125 1484 3303 1529 meatu
3366 1476 3490 1529 trita
3542 1485 3704 1546 atque

2121 1561 2382 1628 arefacta,
2404 1577 2475 1616 ne
2497 1563 2647 1618 verbi
2668 1577 2851 1618 semen
2873 1564 3120 1633 excipere
3143 1577 3208 1617 ac
3227 1563 3533 1634 germinare
3555 1565 3702 1618 suill-

2121 1650 2249 1705 ciat.
2292 1649 2470 1721 Atque
2511 1652 2633 1706 ideo
2661 1652 2920 1722 quidquid
2952 1653 3076 1707 boni
3099 1654 3321 1708 seminis
3355 1653 3552 1707 vicinia
3581 1655 3705 1709 talis

448 1752 698 1822 ﬁguram,
731 1752 823 1821 qui
879 1768 1050 1821 nuper
1079 1752 1146 1805 ad
1188 1752 1511 1806 audiendum
1566 1752 1788 1804 verbum
1832 1764 2024 1803 conve-
2052 1740 2097 1799 Β
2127 1741 2225 1796 Viae
2248 1741 2561 1813 contigerit,
2600 1743 2781 1812 periit,
2807 1743 2933 1813 quia
2961 1743 3206 1813 improbo
3227 1745 3478 1813 pessimae
3502 1747 3698 1815 cogita.

451 1851 649 1897 nerant
686 1850 738 1897 et
759 1843 976 1912 quidem
1007 1844 1206 1913 pietate
1233 1843 1400 1896 animi
1429 1858 1457 1896 a
1491 1842 1842 1911 reproborum
1875 1857 2022 1894 ama-

446 1931 701 1996 ritudine,
747 1931 1080 1986 obscuritate
1118 1941 1172 1986 et
1219 1931 1572 1986 instabilitate
1629 1931 1822 1986 secreti
1873 1939 2019 1997 sunt,

449 2022 544 2076 sed
574 2021 804 2076 necdum
860 2021 1172 2077 coelestibus
1213 2022 1505 2091 mysteriis,
1564 2036 1688 2091 quae
1713 2021 2022 2076 desiderant

446 2109 656 2164 imbuti.
685 2108 912 2180 (Μλυιι.)
935 2110 1002 2162 Et
1029 2110 1229 2163 locutus
1251 2121 1324 2164 est
1347 2111 1420 2164 eis
1459 2110 1622 2164 multa
1656 2111 1706 2164 in
1735 2111 2018 2181 parabolis,

444 2200 639 2254 dicem.
666 2199 927 2254 Parabola
951 2199 1095 2253 enim
1119 2197 1306 2254 Graece
1337 2206 1520 2269 tmpus
1547 2206 1650 2263 est,
1678 2210 1731 2252 et
1762 2199 2022 2267 interpre-

446 2298 590 2344 tatur
633 2291 949 2346 similitudo.
978 2289 1072 2344 Est
1114 2298 1293 2344 autem
1323 2304 1504 2343 rerum
1545 2303 1742 2358 genere
1780 2289 2019 2344 dissimi-

443 2382 572 2436 lium
603 2382 955 2452 comparatio.
997 2381 1128 2447 Qute
1157 2396 1286 2451 ergo
1311 2380 1515 2434 distant
1564 2395 1760 2450 genere
1807 2395 2022 2449 compa-

442 2480 631 2527 rantur
659 2472 712 2526 in
743 2487 807 2526 ea
833 2471 1138 2541 Specierum
1175 2469 1544 2534 similitudine,
1600 2469 1665 2522 ad
1712 2470 2022 2538 exprimeno

440 2551 568 2617 dum
602 2561 729 2616 illud
783 2562 929 2631 quod
968 2560 1275 2632 signiﬁcare
1297 2560 1409 2614 vult
1446 2561 1560 2630 ipse
1587 2561 1677 2630 qui
1720 2575 1838 2614 eam
1891 2575 2018 2629 pro-

440 2651 563 2707 fert.
617 2652 888 2724 (Ηίενοη.)
945 2652 1126 2707 Turba
1157 2652 1354 2723 quippe
1379 2668 1484 2708 non
1531 2653 1690 2707 unius
1735 2654 2022 2708 sententia:

440 2753 542 2808 est,
585 2746 679 2800 sed
715 2745 1054 2799 diversarum
1093 2743 1149 2797 in
1202 2743 1426 2814 singulis
1476 2742 1832 2797 voluntatum.
1873 2742 2022 2798 Unde

440 2834 679 2905 loquitur
709 2835 775 2890 ad
833 2849 954 2890 eam
987 2833 1173 2888 multis
1211 2834 1505 2904 parabolis,
1561 2844 1620 2888 ut
1648 2843 1703 2888 et
1726 2832 1882 2902 juxta
1930 2850 2022 2889 va—

439 2927 550 2982 rias
602 2927 908 2982 voluntates
951 2927 1198 2982 diversas
1257 2928 1520 2998 recipiant
1570 2929 1898 2998 disciplinas.
1955 2930 2026 2985 Et

441 3018 735 3072 notandum
776 3018 920 3087 quod
957 3033 1061 3072 non
1094 3018 1274 3072 omnia
1305 3018 1517 3073 locutus
1547 3029 1630 3072 est
1661 3020 1742 3074 eis
1769 3021 1821 3074 in
1857 3036 2016 3090 para-

437 3108 595 3170 bolis,
629 3109 721 3162 sed
752 3108 937 3161 multa.
979 3109 1035 3163 Si
1067 3109 1210 3164 enim
1254 3109 1480 3163 dixisset
1521 3119 1716 3163 cuncta
1749 3112 1802 3164 in
1853 3078 2015 3181 para-
2047 3078 2090 3139 C

438 3195 596 3261 bolis,
643 3196 844 3265 absque
881 3195 1240 3250 emolumento
1271 3196 1451 3265 pepuli
1481 3199 1850 3253 recessissent.
1891 3199 2021 3255 Per-

440 3288 626 3357 spicua
692 3287 883 3341 miscet
920 3288 1185 3353 obscuris,
1229 3295 1287 3340 ut
1318 3302 1414 3356 per
1439 3303 1502 3343 ea
1527 3305 1646 3358 quae
1697 3291 2017 3362 intelligunt,

445 3383 810 3446 provocentur
871 3377 939 3432 ad
984 3394 1171 3432 eorum
1232 3379 1477 3434 notitiam
1531 3395 1650 3449 quae
1696 3398 1802 3436 non
1858 3384 2017 3438 intel-

438 3469 633 3538 ligunt.

512 3558 649 3612 Ecce
675 3559 798 3611 exiit
823 3560 912 3629 qui
937 3561 1158 3614 seminat
1200 3563 1472 3617 seminare.
1506 3565 1618 3634 ipse
1661 3566 1918 3620 Dominus
1964 3567 2018 3622 in

439 3650 792 3719 sequentibus
833 3650 975 3704 hanc
1009 3650 1322 3719 parabolam
1347 3668 1639 3723 exponens,
1674 3672 1854 3710 semen
1901 3672 2021 3712 esse

439 3740 665 3794 verbum
703 3739 819 3804 Dei,
874 3740 1230 3794 seminantem
1286 3757 1414 3796 vero
1448 3743 1682 3813 seipsum
1722 3755 2017 3800 asseverat.

439 3829 592 3896 Quod
634 3845 765 3885 vero
791 3829 942 3895 dicit,
987 3829 1123 3885 Ecce
1167 3833 1292 3885 exiit
1341 3835 1431 3902 qui
1470 3835 1688 3888 seminat
1741 3836 2019 3901 seminare,

438 3919 594 3972 nobis
636 3919 984 3989 qumrettdum
1017 3919 1254 3989 reliquit.
1282 3920 1428 3974 Exiit
1455 3936 1585 3992 ergo
1636 3924 1910 3978 seminans
1951 3925 2020 3979 ad

437 4009 837 4065 seminandum.
887 4009 1024 4076 Quia
1068 4012 1329 4065 Dominus
1379 4013 1445 4067 de
1484 4013 1604 4068 sinu
1646 4014 1822 4070 Patris
1868 4031 2020 4086 egre-

438 4099 592 4152 diens
652 4099 803 4152 venit
876 4099 931 4152 in
995 4099 1251 4153 mundum
1284 4139 1298 4164 ,
1360 4114 1425 4153 ac
1479 4102 1699 4156 verbum
1751 4104 2016 4170 veritatis,

439 4191 581 4258 quod
631 4191 772 4260 apud
828 4190 1044 4244 Patrem
1094 4191 1247 4256 vidit,
1290 4191 1526 4246 humano
1573 4193 1756 4264 generi
1801 4195 1883 4249 vel
1920 4211 2019 4264 per

433 4294 496 4334 se
540 4279 734 4348 ipsum,
785 4279 866 4334 vel
920 4294 1020 4351 per
1070 4294 1164 4335 eos
1225 4296 1362 4350 quos
1418 4282 1650 4337 instituit
1695 4283 1808 4353 ipse
1851 4286 2013 4338 semi-

437 4371 605 4424 navit.
652 4369 813 4424 Juxta
862 4371 1003 4440 quod
1039 4372 1091 4425 in
1123 4370 1240 4440 ejus
1271 4372 1519 4429 laudibus
1557 4376 1686 4431 dicit
1721 4375 2010 4431 Habacuc:

436 4458 611 4512 ﬁxisti
645 4460 698 4512 in
727 4458 947 4512 salutem
977 4459 1155 4529 populi
1180 4463 1278 4527 tui,
1311 4472 1367 4516 ut
1409 4463 1578 4518 salvos
1598 4464 1766 4534 facias
1794 4466 2010 4521 cltristos

431 4558 572 4611 tuos,
627 4548 809 4612 idest,
855 4563 948 4602 eos
973 4563 1109 4617 quos
1143 4552 1397 4606 unctione
1437 4553 1670 4622 Spiritus
1702 4555 1778 4608 tui
1823 4570 2013 4610 conse-

435 4652 613 4701 crare,
654 4653 718 4692 ac
753 4637 827 4691 tui
861 4641 1034 4693 sancti
1061 4642 1293 4695 nominis
1324 4643 1615 4711 participes
1638 4645 1812 4700 facere
1833 4647 2015 4714 digna-

437 4728 541 4793 ris;
590 4727 672 4781 vel
727 4737 872 4782 certe
908 4729 1034 4782 exi-it
1085 4730 1152 4783 ad
1178 4731 1574 4797 seminandum,
1616 4749 1735 4788 cum
1766 4743 1887 4804 post
1922 4751 2014 4792 vo-

437 4828 614 4873 catam
653 4819 720 4873 ad
782 4817 940 4872 ﬁdem
982 4833 1134 4873 suam
1183 4828 1390 4890 partem
1437 4835 1718 4892 synagoga:
1763 4825 2009 4890 electam,

435 4910 506 4964 ad
551 4908 923 4965 collectionem
965 4925 1179 4979 quoque
1209 4912 1449 4982 gentium
1502 4914 1688 4982 gratiae
1717 4929 1826 4968 suae
1873 4916 2012 4970 dona

436 5002 646 5058 diffudit
673 5021 686 5057 :
711 5002 853 5073 quod
896 5002 1071 5070 ipsum
1128 5003 1289 5056 etiam
1339 5018 1438 5058 suo
1469 5003 1658 5058 itinere
1692 5005 2011 5075 designavit,

431 5107 558 5148 cum
610 5100 732 5162 post
779 5092 1217 5162 prtedicationem
1277 5093 1419 5147 domi
1468 5093 1704 5147 habitam
1751 5096 1817 5148 ad
1866 5111 2013 5150 mare

434 5185 585 5239 exiit.
641 5183 880 5253 Denique
948 5184 1001 5238 in
1062 5184 1221 5239 domo
1283 5185 1587 5254 praedicans
1631 5186 1891 5254 quosdam
1941 5188 2011 5242 ob

435 5277 785 5346 blasphemia:
810 5292 919 5330 sum
943 5276 1118 5332 scelus
1147 5276 1518 5332 irremissibile
1544 5278 1802 5340 deseruit,
1847 5292 2011 5346 quos—

435 5368 557 5422 dam
588 5367 658 5422 ob
689 5367 1024 5421 devotionem
1060 5369 1274 5438 pietatis
1292 5378 1516 5422 matrem
1548 5383 1698 5422 suam
1723 5369 2012 5439 appellavit

435 5464 489 5510 et
503 5457 698 5510 l'ratres
729 5475 740 5510 :
769 5458 906 5525 quod
930 5457 1285 5510 differentiam
1312 5455 1591 5510 manifeste
1613 5455 1808 5512 Iudaea:
1832 5459 2007 5527 gentis

436 5547 709 5616 exprimit.
729 5548 900 5615 lnqua
918 5548 1068 5600 multi
1093 5547 1318 5600 Domino
1341 5547 1586 5612 rebelles,
1612 5549 1850 5604 nonnulli
1877 5559 2003 5604 sunt

441 5635 617 5689 divina
632 5635 916 5704 adoptione
938 5636 1206 5705 condigni.

2043 4417 2090 4475 D

2123 1830 2285 1888 tionis
2334 1833 2566 1886 transitu
2610 1833 2982 1888 conculcatum
3028 1849 3060 1888 a
3095 1834 3431 1891 daemonibus
3471 1837 3697 1906 rapitur,

2120 1923 2209 1990 qui
2257 1930 2400 1977 recte
2424 1923 2672 1978 volucres
2713 1923 2854 1987 caali,
2889 1924 3003 1980 sive
3051 1925 3178 1994 quia
3200 1925 3441 1982 caelestis
3484 1927 3701 1996 spirita-

2122 2013 2291 2082 lisque
2319 2023 2446 2069 sunt
2476 2023 2707 2080 naturae,
2736 2016 2850 2071 sive
2901 2015 3029 2086 quia
3057 2031 3154 2086 per
3180 2031 3306 2073 aera
3330 2018 3580 2083 volitant,
3608 2033 3700 2089 ap.

2120 2104 2404 2174 pellantur.

2189 2195 2309 2249 Alia
2333 2207 2504 2250 autent
2534 2196 2827 2251 ceciderunt
2852 2197 2907 2250 in
2933 2207 3161 2268 petrosa,
3203 2199 3290 2253 ubi
3317 2215 3420 2253 non
3442 2199 3696 2254 habebant

2119 2296 2314 2341 terram
2359 2289 2606 2353 multam,
2663 2301 2711 2343 et
2754 2291 3002 2344 continuo
3033 2302 3214 2346 exorta
3256 2302 3400 2358 sunt,
3441 2293 3566 2362 quia
3597 2309 3701 2346 non

2118 2375 2371 2430 habebant
2405 2377 2736 2432 altitudinem
2763 2388 2938 2434 teme.
2989 2379 3112 2435 Sole
3149 2391 3323 2436 autem
3365 2392 3478 2436 orto
3509 2393 3702 2437 mtua-

2117 2475 2322 2531 verunt,
2372 2477 2419 2520 et
2449 2469 2572 2536 quia
2599 2486 2704 2522 non
2751 2469 3006 2523 habebant
3054 2472 3284 2524 radicem
3312 2484 3587 2526 aruerunt.
3635 2473 3703 2527 Et

2120 2554 2280 2623 hujus
2319 2561 2631 2628 mysterium
2658 2562 2879 2616 seminis
2916 2563 3182 2618 Dominus
3201 2565 3471 2633 exposuit.
3499 2564 3556 2618 in
3595 2581 3701 2634 qua

2119 2646 2370 2703 videlicet
2424 2652 2760 2720 expositione
2818 2653 3104 2717 discimus,
3167 2655 3294 2724 quia
3355 2670 3698 2726 nequaquam

2120 2738 2252 2809 ipsa:
2314 2756 2400 2796 res
2446 2743 2498 2796 in
2546 2759 2650 2797 una
2688 2745 2982 2814 eademque
3029 2746 3428 2814 signiﬁcatione
3490 2763 3703 2818 semper

2121 2831 2405 2902 allegorice
2441 2842 2731 2902 ponantur.
2789 2833 3030 2905 Namque
3055 2845 3265 2906 petram
3295 2838 3552 2892 duritiam
3576 2854 3700 2908 pro-

2123 2929 2287 2978 terva:
2331 2923 2548 2982 mentis.
2601 2932 2801 2978 terram
2823 2925 3099 2982 lenitatem
3143 2929 3338 2983 animae
3378 2929 3701 2990 obedientis.

2122 3013 2292 3070 solem
2317 3013 2447 3069 dicit
2493 3013 2762 3071 fervorem
2810 3020 3202 3087 persecutionis
3230 3022 3524 3087 srevientis,
3575 3038 3700 3077 cun.

2122 3101 2236 3174 ipse
2257 3103 2385 3159 alibi
2423 3105 2590 3160 solem
2616 3105 2670 3160 in
2693 3107 2834 3164 bono
2873 3117 3056 3176 ponat,
3089 3109 3276 3165 dicens
3306 3108 3510 3180 fulgere
3527 3111 3702 3180 justus

2121 3190 2176 3246 in
2219 3190 2426 3258 futuro,
2460 3194 2616 3263 quasi
2644 3194 2810 3250 solem
2838 3196 2892 3250 in
2919 3211 3090 3267 regno
3110 3196 3288 3252 Patris
3317 3213 3525 3253 eorum.
3564 3200 3625 3252 Et
3647 3200 3701 3252 in

2121 3288 2393 3336 structura
2421 3283 2612 3337 domus
2653 3283 2910 3352 spiritalis
2940 3283 3249 3339 fodiendum
3287 3285 3341 3339 in
3365 3285 3554 3348 altum,
3589 3295 3701 3339 ter-

2122 3386 2238 3425 ram
2279 3371 2620 3444 ejiciendam,
2664 3382 2720 3427 et
2747 3381 2957 3443 petram
3008 3375 3061 3428 in
3112 3373 3474 3430 fundamento
3511 3378 3703 3430 doceat

2121 3478 2241 3518 esse
2269 3463 2548 3519 locandam
2580 3483 2592 3518 :
2633 3465 2734 3520 hoc
2761 3475 2846 3520 est
2892 3465 2961 3520 ab
2986 3467 3094 3522 imo
3133 3467 3320 3522 cordis
3343 3468 3463 3520 sinu
3495 3469 3699 3538 cogita-

2123 3555 2301 3610 tiones
2331 3564 2577 3610 terrenas
2622 3572 2742 3612 esse
2790 3559 3188 3628 expurgandus,
3236 3568 3292 3613 et
3327 3558 3697 3614 fortitudinem

2121 3645 2244 3700 ﬁdei
2273 3645 2512 3710 invictae,
2540 3662 2638 3716 pro
2664 3647 2749 3702 bis
2794 3648 2848 3702 in
2879 3647 3231 3702 fundamento
3259 3649 3518 3704 bonorum
3572 3668 3698 3719 Οριῐθ

2122 3750 2242 3789 rum
2270 3735 2612 3791 inserendam
2641 3746 2878 3792 moneat.
2927 3739 2983 3792 In
3019 3741 3117 3793 hoc
3143 3754 3273 3809 ergo
3312 3739 3431 3794 loco
3473 3739 3700 3794 altitudo

2122 3835 2304 3892 terrae,
2331 3843 2452 3897 qua:
2473 3837 2839 3899 competenter
2863 3831 3076 3885 exculta
3110 3847 3292 3886 semen
3325 3833 3477 3886 verbi
3503 3833 3699 3886 debue-

2121 3924 2207 3970 rat
2243 3917 2518 3987 excipere,
2543 3918 2782 3988 probitas
2815 3929 2897 3974 est
2928 3921 3109 3982 animi,
3137 3921 3432 3991 disciplinis
3461 3921 3696 3978 caelesti-

2119 4005 2223 4062 bus
2247 4008 2493 4072 exerciti,
2539 4017 2701 4078 atque
2749 4009 2816 4064 ad
2867 4009 3273 4064 auscultandum
3317 4012 3696 4066 obediendum-

2119 4114 2226 4169 que
2285 4099 2481 4154 divinis
2526 4100 2757 4170 eloquiis
2811 4101 3128 4171 regulariter
3178 4101 3426 4156 instituti.
3475 4102 3696 4158 Petrosa

2119 4205 2248 4245 vero
2305 4190 2442 4256 loca,
2496 4207 2617 4260 quae
2661 4191 2809 4245 tenui
2859 4191 3064 4260 cespite
3104 4200 3348 4247 contecta
3386 4202 3695 4262 susceptum

2117 4299 2303 4338 semen
2362 4285 2472 4338 cito
2517 4285 2823 4354 germinare
2887 4294 3112 4355 queunt,
3180 4285 3276 4339 sed
3337 4286 3448 4339 vim
3499 4285 3696 4341 radicis

2117 4375 2343 4444 ﬁgenda)
2401 4391 2504 4430 non
2558 4378 2781 4442 habent,
2812 4377 2899 4431 illa
2940 4377 3195 4431 nimirum
3245 4387 3371 4431 sunt
3398 4379 3697 4447 prmcordia

2118 4486 2237 4538 quae
2267 4469 2427 4525 nullis
2480 4470 2777 4540 disciplinze
2818 4472 3010 4525 studiis
3053 4472 3284 4535 erudita,
3331 4471 3494 4526 nullis
3526 4481 3692 4527 tenta-

2118 4560 2323 4614 tionum
2373 4561 2783 4630 probationibus
2831 4562 3092 4627 emollita,
3157 4563 3440 4618 dulcedine
3487 4571 3690 4617 tantum

2118 4650 2286 4704 auditi
2333 4651 2617 4714 sermonis,
2664 4667 2726 4703 ae
2753 4652 3031 4721 promissis
3057 4653 3365 4708 coelestibus
3407 4653 3475 4706 ad
3507 4654 3689 4707 liora

2119 4739 2478 4805 delectantur,
2531 4741 2625 4794 sed
2672 4742 2724 4794 in
2777 4734 3014 4811 tempore
3066 4744 3377 4798 tentationis
3415 4745 3689 4808 recedunt,

2119 4831 2247 4901 quia
2304 4847 2426 4886 cum
2471 4841 2901 4886 momentancam
2969 4833 3204 4888 cmlestis
3263 4833 3469 4888 oraculi
3513 4834 3689 4888 dulce-

2120 4922 2299 4976 dinem
2354 4922 2528 4974 insita:
2582 4921 2682 4975 sibi
2744 4924 3047 4976 austeritati
3101 4924 3484 4993 praetendunt,
3542 4921 3688 4992 quasi

2119 5012 2250 5068 locis
2270 5013 2462 5067 semini
2499 5021 2687 5067 sancto
2719 5013 2988 5082 deputatis
3035 5029 3282 5084 magnam
3307 5014 3544 5083 lapidum
3567 5030 3686 5070 con-

2116 5106 2316 5176 geriem
2340 5120 2514 5175 pauco
2538 5115 2698 5160 terra:
2729 5107 2892 5160 immo
2913 5105 3169 5175 cooperit.
3192 5105 3321 5173 Quae
3336 5106 3455 5160 ideo
3483 5106 3549 5160 ad
3582 5105 3685 5159 lru-

2116 5206 2260 5251 ctum
2277 5199 2561 5266 pervenire
2580 5195 2804 5264 iustitiae
2820 5211 2923 5250 non
2937 5196 3135 5261 valent,
3157 5197 3280 5264 quia
3297 5211 3488 5266 parum
3514 5197 3593 5251 eis
3615 5197 3682 5250 in-

2117 5285 2464 5339 estdesiderii
2495 5285 2768 5350 salutaris,
2790 5285 2932 5354 quod
2955 5300 3137 5339 semen
3165 5286 3600 5356 vitatconeipiat;
3631 5296 3686 5342 et

2117 5373 2344 5428 multum
2371 5374 2510 5429 inest
2542 5374 2754 5429 duritiae
2783 5375 3048 5438 nocentis,
3097 5390 3218 5444 qua:
3269 5375 3466 5431 fructui
3497 5377 3683 5432 salutis

2113 5463 2362 5517 obsistat.

2185 5553 2303 5607 Alia
2333 5563 2506 5606 autem
2555 5554 2849 5607 ceciderunt
2879 5555 2931 5607 in
2976 5554 3173 5624 spinas,
3214 5566 3262 5610 et
3292 5565 3555 5610 creverunt
3579 5569 3678 5628 spi-

2113 5659 2215 5708 ηαξ,
2263 5653 2312 5696 et
2337 5645 2723 5713 suﬂocauerunt
2775 5663 2856 5698 ea.
2894 5645 3119 5719 (Μλιτκ.)
3166 5647 3359 5717 Spinas
3382 5655 3556 5702 autem
3598 5645 3680 5700 di-
