3978 6190
336 226 434 283 941

1286 215 1640 277 COMMENT.
1680 214 1748 270 1N
1786 208 2224 270 ΜΔΤΤΗᾹΞΟΜ.
2263 237 2329 250 -
2369 208 2498 266 LlD.
2539 207 2624 266 IV.

3500 210 3606 268 042

334 347 496 402 vittas
545 301 943 412 interpretatur
977 337 1116 392 idem
1153 336 1422 390 Salvator.
1455 333 1564 390 Nec
1587 333 1785 388 mirum
1833 330 1912 384 vi-
1945 334 1996 392 Α
2023 325 2250 390 intrare,
2304 337 2481 393 neque
2513 330 2706 377 curant
2747 335 3072 392 cognoscere
3109 323 3414 392 veritatem,
3444 323 3598 386 obliti

343 435 462 492 deri
493 434 656 488 debet
694 411 864 500 quare
903 429 1074 500 spinis
1100 428 1317 482 divitias
1354 425 1768 496 comparaverit,
1795 437 1918 478 cum

2051 414 2315 469 iominicaz
2365 412 2766 485 praeceptionis,
2795 413 2886 484 qui
2927 411 3079 467 habet
3122 429 3277 468 aures
3319 418 3595 486 audiendi,

339 528 443 583 illac
465 531 728 594 pangant,
772 521 891 576 istze
923 519 1209 575 delectent.
1240 519 1404 573 Recte
1433 517 1580 573 enim
1607 516 1775 588 spinae
1821 528 1919 568 vo-

339 627 556 682 cantur,
622 616 750 684 quia
812 613 1198 685 cogitationum
1265 625 1488 665 suarum
1543 604 1922 678 punctionibus

2022 503 2229 557 audiat.

2096 591 2200 658 Qui
2229 593 2366 646 enim
2419 593 2571 646 habet
2613 593 2826 646 dabitur
2871 593 2940 658 ei,
2972 601 3020 647 et
3041 592 3347 648 abundabit.
3381 593 3486 658 Qui
3506 613 3604 650 au-

339 719 576 766 meutem
617 707 877 761 lacerant.
907 705 974 760 Et
1000 719 1126 760 cum
1175 717 1344 772 usque
1374 701 1442 755 ad
1492 707 1772 770 peccatum
1797 710 1923 766 prov
2024 697 2125 740 lem
2166 701 2269 738 ηυη
2300 685 2475 748 habet.
2509 694 2557 738 ετ
2585 685 2723 755 quod
2759 685 2910 738 Ιιαῦθι
2938 686 3210 755 auferetur
3248 686 3313 741 ab
3335 703 3414 741 εο·
3444 686 3602 753 Tota.

342 802 582 865 trahunt,
632 797 788 868 quasi
835 796 1038 851 inﬂicto
1093 795 1316 849 vulnere
1373 798 1680 851 cruentam,
1738 785 1926 842 simul-

339 905 447 961 que
483 898 792 946 crescentes
843 887 1011 956 spinae
1038 893 1334 940 sementem
1382 881 1694 936 sull‘ocando
1721 879 1787 934 ad
1814 877 1926 931 fru—

339 996 488 1039 ctum
538 979 825 1050 pervenire
862 993 968 1032 non
1018 976 1225 1040 sinunt,
1270 974 1396 1044 quia
1442 970 1788 1042 exaggeratio
1847 968 1928 1024 di-

341 1072 602 1126 vitiarum
659 1075 896 1122 mentem
943 1063 1326 1134 strangulando
1352 1059 1626 1132 spiritales
1667 1059 1926 1113 virtutum

341 1163 552 1216 fructus
594 1158 814 1228 gignere
851 1170 957 1209 non
1006 1153 1302 1222 permittit;
1331 1153 1457 1220 quin
1487 1150 1687 1221 potius,
1726 1147 1770 1202 si
1797 1146 1929 1217 quid

340 1249 638 1306 viriditatis
659 1248 857 1302 habere
882 1245 1076 1314 potuit,
1107 1243 1355 1314 squalore
1384 1241 1690 1312 asperitatis
1725 1254 1835 1294 sure
1866 1237 1930 1292 il-

341 1343 436 1398 lud
455 1336 883 1396 transcendendo
903 1334 1178 1405 opprimit,
1201 1341 1254 1387 et
1279 1331 1490 1387 vitalem
1513 1346 1730 1386 succum
1754 1327 1930 1382 fundi-

342 1442 433 1488 tus
457 1433 508 1486 in
536 1445 602 1486 eo
629 1427 913 1483 interimit.
1915 1415 1918 1418 ί

412 1523 535 1576 Alia
556 1536 672 1576 vero
704 1519 1001 1573 ceciderunt
1022 1518 1077 1571 in
1096 1526 1288 1570 terram
1309 1515 1517 1576 bonam,
1539 1523 1587 1568 et
1609 1511 1803 1566 dabant
1825 1509 1936 1580 fru-

341 1620 506 1676 ctum,
523 1609 668 1664 aliud
683 1608 1034 1668 centesimum,
1054 1605 1200 1660 aliud
1213 1608 1608 1674 sexagesimum,
1625 1602 1771 1656 aliud
1786 1603 1934 1655 trice-

2027 775 2224 844 inquit,
2269 775 2569 829 intentione
2596 775 2760 829 verbo
2787 777 2926 845 quod
2974 778 3170 831 auditis
3214 794 3434 848 operam
3456 779 3600 844 date,

2029 867 2153 936 quia
2204 866 2294 935 qui
2335 881 2575 921 amorem
2611 866 2773 919 habet
2816 867 2967 919 verbi
3018 867 3234 922 dabitur
3265 869 3364 934 illi,
3403 878 3457 924 et
3488 886 3604 925 scn-

2028 971 2122 1011 sus
2153 955 2482 1026 intelligendi
2533 955 2676 1024 quod
2723 963 2889 1008 amat.
2939 956 3128 1026 Atqui
3165 957 3316 1013 verbi
3363 975 3604 1016 amorem

2030 1062 2138 1102 non
2175 1046 2339 1099 habet
2385 1045 2657 1110 audiendi,
2701 1047 2912 1101 etiamsi
2958 1048 3038 1102 vel
3103 1050 3332 1104 naturali
3367 1052 3600 1123 ingenio,

2030 1137 2115 1191 vel
2143 1136 2406 1192 litterario
2432 1152 2491 1191 se
2517 1136 2713 1191 callere
2741 1137 2942 1205 putarit
2980 1139 3264 1204 exercitio,
3291 1141 3434 1196 nulla
3459 1158 3606 1200 vera:

2031 1227 2306 1298 sapientiae
2353 1227 2635 1282 dulcedine
2661 1229 2932 1297 gaudebit.
2968 1228 3119 1296 Quod
3151 1238 3206 1284 et
3229 1233 3273 1286 si
3305 1235 3612 1302 specialiter

2032 1321 2099 1374 de
2122 1321 2380 1390 apostolis
2414 1323 2612 1390 quibus
2666 1323 2930 1378 cbaritate
2960 1324 3170 1394 ﬁdeque
3210 1327 3394 1395 potitis
3424 1328 3609 1382 datum

2033 1420 2119 1466 est
2160 1427 2319 1465 nosse
2367 1412 2685 1482 mysterium
2728 1413 2882 1482 regni
2914 1413 3027 1478 Dei,
3062 1423 3119 1468 et
3169 1415 3236 1470 de
3281 1416 3504 1486 perﬁdis
3522 1417 3613 1473 Ju-

2035 1502 2164 1556 daeis
2206 1503 2292 1570 qui
2321 1502 2373 1556 in
2424 1503 2696 1572 parabolis
2731 1504 2974 1559 videntes
3020 1521 3129 1560 non
3155 1507 3412 1562 videbant
3445 1519 3498 1564 et
3523 1526 3610 1564 an-

2035 1591 2243 1647 dientes
2268 1608 2370 1646 non
2399 1593 2784 1665 iutelligebant,
2822 1596 2967 1665 quod
3005 1598 3250 1654 videlicet
3281 1600 3515 1656 litteram
3537 1604 3616 1658 le-

342 1701 560 1755 simum.
581 1698 1023 1772 (Hieron.)llanc
1046 1697 1357 1768 parabolam
1389 1697 1454 1749 ad
1475 1695 1931 1765 comprobandum
1962 1685 2008 1744 B
2036 1681 2117 1750 833
2157 1683 2211 1736 in
2235 1699 2398 1753 quam
2446 1683 2816 1753 gloriabantur
2863 1688 3112 1742 amiSSuri
3151 1699 3352 1752 essent,
3408 1692 3610 1747 dictum

344 1791 577 1850 heresin
618 1805 770 1845 suam
802 1788 1117 1844 Valentinus
1153 1786 1401 1850 assumit,
1458 1795 1566 1839 tres
1602 1785 1930 1839 inducendus

341 1896 470 1940 esse
491 1892 731 1946 naturas,
761 1881 1083 1952 spiritalem,
1109 1879 1418 1943 animalem,
1447 1887 1609 1947 atque
1637 1886 1928 1942 terrenam,

345 1992 476 2034 cum
503 1977 591 2032 hic
619 1983 854 2046 quatuor
894 1975 1026 2039 sint,
1048 1989 1154 2028 una
1178 1973 1339 2050 juxta,
1364 1971 1528 2034 viam,
1565 1969 1670 2023 alia
1696 1977 1929 2038 petrosa,

344 2067 507 2123 tertia
528 2065 682 2137 plena
708 2065 898 2134 spinis,
925 2071 1118 2132 quarta
1147 2071 1305 2118 terrae
1325 2061 1499 2115 bonae.
1531 2058 1742 2130 (Beda.)
1767 2057 1933 2112 Terra

344 2161 512 2225 bona,
543 2159 645 2214 hoc
671 2165 778 2222 est,
803 2156 976 2212 fidelis
1002 2156 1298 2210 electorum
1316 2151 1664 2214 conscientia,
1685 2150 1936 2205 omnibus

344 2250 526 2304 tribus
564 2255 722 2302 terra:
778 2260 1007 2315 nequam
1051 2243 1405 2313 proventibus
1454 2241 1724 2296 contraria
1782 2239 1931 2302 facit,

347 2339 478 2409 quia
500 2345 554 2393 et
581 2335 1015 2391 commendatum
1041 2333 1143 2388 sibi
1173 2347 1357 2386 semen
1395 2329 1544 2384 verbi
1584 2329 1814 2384 libenter
1838 2343 1936 2382 ex-

347 2427 504 2498 cipit,
549 2435 606 2480 et
656 2433 940 2493 exceptum
977 2423 1117 2477 inter
1147 2421 1376 2475 adversa
1424 2434 1486 2473 ac
1521 2432 1780 2487 prospera
1809 2431 1940 2470 cou—

349 2528 404 2574 st
441 2527 561 2573 nter
608 2517 677 2571 ad
727 2515 935 2570 fructus
984 2528 1154 2582 usque
1191 2522 1431 2580 tempora
1457 2520 1760 2566 conservat.
1805 2508 1943 2562 Fru-

299 2637 301 2639 -
349 2607 556 2664 ctificat
603 2615 784 2660 autem
829 2614 886 2660 ct
952 2604 1082 2659 facit
1131 2619 1299 2657 unum
1359 2603 1614 2672 triginta,
1666 2611 1722 2656 ct
1775 2616 1941 2656 unum

351 2698 669 2768 sexaginta,
717 2702 772 2750 et
829 2710 996 2748 unum
1050 2701 1268 2748 centum
1317 2711 1330 2746 :
1390 2692 1612 2763 triginta
1673 2690 1940 2756 videlicet,

353 2801 480 2840 cum
543 2784 700 2838 ﬁdem
775 2791 976 2839 sancta:
1044 2781 1323 2837 Trinitatis
1397 2783 1691 2838 electorum
1770 2782 1945 2836 cordi-

351 2877 457 2932 bus
497 2876 769 2942 insinuat;
828 2874 1139 2945 sexaginta,
1186 2890 1309 2930 cum
1348 2873 1734 2944 perfectionem
1786 2874 1944 2947 docet

350 2968 508 3023 bonae
566 2967 948 3038 operationis:
999 2983 1122 3022 nam
1168 2967 1294 3038 quia
1347 2966 1402 3021 in
1461 2967 1674 3022 senario
1716 2981 1942 3022 numero

2034 1773 2298 1837 videatur,
2349 1783 2530 1843 potest
2579 1785 2759 1830 tamen
2809 1785 2864 1831 et
2893 1778 3219 1847 generaliter
3266 1780 3460 1849 accipi,
3492 1784 3616 1850 quia

2033 1864 2285 1918 nimirum
2316 1880 2458 1934 saepe
2483 1865 2790 1935 ingeniosus
2817 1866 2984 1921 lector
3024 1867 3341 1938 uegligendo
3363 1885 3423 1926 se
3443 1873 3620 1942 privat

2035 1960 2320 2029 sapientia,
2376 1975 2536 2029 quam
2583 1961 2809 2030 simplex
2839 1963 2936 2016 sed
2984 1964 3257 2021 studiosus
3289 1967 3620 2026 elaboraudu

2035 2051 2309 2121 degustat.
2365 2049 2566 2122 (Greg.)
2609 2051 2813 2108 Idcirco
2839 2062 3018 2108 autem
3048 2071 3189 2125 saepe
3235 2066 3292 2112 et
3318 2059 3620 2117 desidiosus

2039 2140 2313 2209 ingenium
2339 2141 2556 2210 accipit,
2575 2151 2634 2196 ut
2662 2141 2730 2196 de
2759 2143 3085 2213 negligentia
3109 2144 3312 2211 justius
3335 2152 3615 2218 puniatur,

2038 2229 2163 2298 quia
2193 2229 2336 2298 quod
2366 2230 2485 2284 sine
2520 2229 2704 2284 labore
2733 2233 2944 2300 assequi
2996 2235 3172 2303 potuit
3216 2237 3357 2292 scire
3384 2249 3620 2297 contem-

2040 2318 2138 2372 nit.
2170 2319 2235 2372 Et
2263 2319 2463 2374 idcirco
2502 2335 2888 2391 nonnunquam
2921 2324 3194 2381 studiosus
3241 2329 3498 2386 tarditate
3538 2333 3620 2388 in-

2042 2409 2348 2478 telligentiae
2389 2412 2681 2479 premitur;
2738 2421 2798 2468 ut
2844 2429 2910 2469 eo
2945 2413 3148 2483 majora
3197 2421 3418 2487 praemia
3462 2425 3622 2478 retri-

2043 2497 2280 2554 butionis
2313 2501 2570 2567 inveniat,
2603 2517 2709 2571 quo
2739 2504 2910 2575 magis
2959 2506 3135 2561 studio
3164 2507 3491 2567 inventionis
3509 2514 3621 2568 ela-

2045 2589 2225 2644 borat.

2115 2681 2245 2736 Ideo
2275 2698 2328 2734 m
2355 2683 2621 2752 parabolis
2649 2683 2834 2755 loquor
2865 2686 2960 2750 eis,
3001 2686 3125 2756 quia
3155 2688 3384 2744 videntes
3411 2707 3516 2746 non
3544 2694 3624 2748 ei-

2045 2773 2207 2838 dent,
2262 2783 2309 2828 et
2357 2775 2625 2829 audientes
2663 2792 2766 2829 non
2809 2777 3032 2830 audiunt
3084 2794 3247 2848 neque
3302 2781 3622 2853 intelligunt.

2049 2866 2297 2938 (ΜΑυει.)
2333 2867 2485 2923 Nunc
2515 2868 2770 2938 apostolis
2796 2869 2973 2924 reddit
3008 2885 3224 2937 causam
3255 2888 3424 2942 quare
3455 2877 3624 2933 turbis

2050 2957 2302 3028 loquatur
2337 2960 2390 3013 in
2423 2960 2716 3028 parabolis,
2761 2961 2928 3030 utqui
2959 2963 3192 3032 superba
3241 2965 3541 3023 intentione
3567 2985 3628 3026 se

352 3058 544 3114 mundi
566 3067 794 3129 ornatus
813 3059 1060 3128 expletus
1076 3068 1179 3122 est,
1203 3066 1349 3113 recte
1373 3059 1630 3128 perhunc
1653 3057 1793 3112 bona
1816 3073 1939 3126 ope-
1969 3035 2014 3097 C
2046 3051 2313 3115 videntes,
2344 3052 2458 3106 sive
2485 3052 2763 3108 audientes
2790 3053 3150 3119 :estimabant,
3193 3065 3251 3109 et
3281 3071 3377 3111 suo
3407 3057 3627 3129 ingenio

352 3151 496 3203 ratio
523 3149 866 3220 designatur;
901 3157 1118 3204 centum
1142 3163 1265 3203 cum
1296 3148 1348 3202 in
1374 3147 1646 3202 universis
1674 3161 1793 3215 quae
1817 3146 1930 3217 agi-

355 3255 497 3304 mus,
537 3243 826 3318 quaerenda
869 3242 1026 3296 nobis
1051 3242 1106 3296 in
1135 3255 1303 3312 regno
1344 3239 1550 3295 caelesti
1574 3239 1795 3310 praemia
1851 3239 1942 3294 de-

353 3338 644 3386 monstrat.

429 3417 533 3484 Qui
558 3419 709 3472 habet
750 3432 904 3473 aures
929 3418 1201 3482 audiendi,
1232 3417 1439 3470 audiat.
1465 3416 1687 3488 Quoties
1708 3418 1824 3472 litec
1849 3419 1944 3473 ad-

360 3507 776 3572 monitiuncula,
831 3507 916 3561 vel
957 3507 1011 3561 in
1062 3505 1371 3576 Evangelio,
1421 3504 1500 3558 vel
1541 3505 1594 3558 in
1619 3506 1944 3577 Apocalypsi

355 3598 581 3654 Joannis
603 3599 983 3669 interponitur,
1003 3599 1286 3669 mysticum
1309 3612 1429 3652 esse
1451 3598 1553 3652 hoc
1567 3599 1709 3667 quod
1726 3599 1942 3663 dicitur,

358 3699 527 3760 atque.
555 3691 621 3744 ad
651 3690 975 3744 audiendum
1002 3691 1428 3758 discendumque
1458 3689 1675 3744 salubre
1701 3691 1944 3745 insinua-

362 3791 472 3837 tur.
530 3782 704 3836 Aures
754 3782 899 3837 euim
956 3781 1230 3845 audiendi,
1274 3794 1434 3833 aures
1463 3787 1592 3833 sunt
1639 3781 1840 3843 cordis,
1892 3788 1950 3833 et

356 3892 554 3933 sensus
601 3877 873 3932 interioris
929 3891 1058 3931 aure
1114 3873 1398 3931 obediendi
1448 3883 1504 3928 et
1557 3873 1790 3930 faciendi
1828 3890 1949 3944 qua:

352 3968 506 4039 jussa
533 3977 679 4024 sunt.

435 4061 504 4116 Et
525 4061 826 4115 accedentes
848 4057 1093 4130 discipuli
1116 4059 1362 4114 dixerunt
1383 4061 1428 4114 ei
1451 4074 1470 4112 :
1498 4059 1674 4125 Quare
1709 4058 1764 4112 in
1787 4074 1949 4128 para-

361 4155 496 4210 bolis
545 4154 773 4225 loqueris
796 4153 913 4207 eis?
949 4151 1220 4224 (Ηίενοη.)
1265 4151 1627 4219 Quterendum
1681 4151 1952 4220 quomodo

362 4247 633 4302 accedunt
655 4245 722 4300 ad
751 4259 878 4300 eum
933 4243 1182 4313 discipuli
1208 4241 1346 4313 ejus,
1397 4257 1520 4296 cum
1543 4241 1702 4298 Jesus
1743 4241 1796 4295 in
1827 4240 1952 4293 navi

361 4339 624 4396 sedebat?
652 4337 768 4392 Nisi
793 4337 932 4392 forte
961 4335 1366 4406 intelligendum
1383 4335 1565 4402 detur,
1584 4332 1727 4404 quod
1749 4331 1951 4386 dudum

364 4447 492 4488 cum
525 4431 642 4500 ipSo
677 4429 859 4484 navim
915 4427 1364 4492 conscenderint,
1410 4434 1466 4481 et
1513 4425 1590 4482 ibi
1636 4432 1841 4479 stantes
1869 4423 1952 4477 in-

367 4525 640 4579 trinsecus
707 4535 871 4590 super
926 4520 1373 4590 interpretatione
1441 4517 1710 4590 parabola:
1759 4514 1950 4572 scisci-

370 4616 466 4672 tati
486 4615 614 4670 sint.

442 4706 546 4774 Qui
569 4705 882 4775 respondens
904 4705 977 4757 ait
1001 4702 1108 4757 illis
1133 4717 1152 4755 :
1181 4702 1319 4768 Quia
1346 4703 1486 4757 vobis
1507 4701 1691 4755 datum
1705 4708 1780 4754 est
1804 4715 1954 4752 nosse

373 4799 618 4869 mysteria
653 4797 797 4866 regni
817 4793 1087 4858 calorum,
1135 4793 1241 4849 illis
1275 4803 1450 4848 autem
1487 4811 1590 4848 non
1631 4802 1707 4847 est
1747 4795 1951 4846 datum.

374 4887 587 4942 Marcus
611 4886 685 4941 ita
711 4886 844 4941 dicit
867 4899 882 4937 :
905 4883 1012 4938 illis
1034 4894 1206 4937 autem
1233 4886 1322 4949 qui
1343 4884 1472 4954 foris
1492 4895 1637 4948 sunt,
1658 4883 1710 4937 in
1733 4881 1958 4952 parabo-

374 4982 439 5036 lis
461 4982 638 5036 omnia
663 4980 798 5051 ﬁunt
817 4977 1009 5050 (Marc.
1043 4976 1140 5048 tv).
1171 4977 1353 5049 (ΚΑΒ.)
1379 4978 1607 5047 Ideoque
1636 4985 1690 5032 et
1716 4993 1813 5032 nos
1835 4991 1958 5031 cum

376 5073 656 5142 discipulis
703 5070 908 5126 Christi
949 5069 1214 5122 intremus
1257 5069 1310 5122 in
1350 5069 1714 5123 sanctuarium
1745 5067 1862 5131 Dei,
1898 5074 1958 5121 ut

377 5164 742 5234 intelligamus
783 5161 838 5215 in
870 5159 1163 5215 novissima
1213 5159 1595 5229 mysteriorum
1627 5159 1777 5229 regni
1836 5157 1952 5212 Dei.

377 5255 511 5309 Nam
535 5255 627 5324 qui
673 5251 1106 5322 apprOpinquant
1131 5251 1358 5320 pedibus
1391 5249 1532 5318 ejus,
1563 5235 1845 5318 accipient
1889 5249 1956 5303 de

385 5344 629 5400 doctrina
659 5342 822 5408 illius,
855 5340 1097 5396 dicentes
1118 5356 1239 5392 cum
1262 5338 1548 5392 Psalmista
1574 5355 1587 5391 :
1616 5337 1804 5390 Revela
1837 5352 1962 5389 ocu-

382 5439 459 5492 los
500 5443 728 5499 nostros,
768 5441 820 5488 et
847 5430 1294 5487 considerabimus
1335 5427 1602 5481 mirabilia
1642 5427 1706 5480 de
1732 5425 1840 5496 lege
1869 5435 1960 5478 tua

381 5520 555 5595 (Psal.
601 5519 811 5592 cxvm).
854 5520 1019 5575 Recte
1066 5519 1247 5588 itaque
1299 5517 1351 5571 in
1401 5515 1676 5586 parabolis
1715 5516 1958 5579 audiunt,

381 5621 436 5665 et
487 5614 541 5667 in
581 5612 886 5683 aenigmate,
917 5609 1010 5679 qui
1049 5607 1248 5664 clausis
1278 5605 1542 5667 sensibus
1589 5604 1769 5660 cordis
1791 5617 1964 5672 neque

2043 3142 2382 3198 confidentes
2411 3144 2590 3198 omnia
2633 3154 2840 3199 secreta
2877 3145 3073 3200 divinae
3113 3147 3436 3203 eruditionis
3459 3165 3629 3218 pene-

2044 3246 2190 3292 trare
2217 3253 2274 3292 se
2310 3252 2472 3306 posse
2509 3237 2938 3302 arbitrabantur,
2985 3245 3042 3292 et
3077 3239 3146 3292 ob
3177 3239 3279 3294 hoc
3314 3243 3628 3312 magisterio

2045 3328 2253 3383 caelesti
2282 3343 2339 3384 se
2365 3330 2596 3385 subdere
2626 3329 2916 3394 nolebant,
2956 3331 3291 3400 simplicibus
3316 3339 3371 3387 et
3409 3333 3628 3390 humili-

2044 3420 2146 3474 bus
2176 3402 2440 3491 mysteria
2461 3421 2700 3476 cmlestia
2727 3423 3169 3493 agnoscentibus,
3212 3425 3312 3494 ipsi
3345 3427 3499 3481 vacui
3544 3429 3630 3482 in-

2047 3513 2258 3567 tellectu
2285 3511 2511 3583 spiritali
2541 3522 2901 3568 remanerent.
2936 3514 2956 3588 (
2972 3514 3229 3585 Hieron.)
3277 3515 3350 3570 De
3381 3517 3464 3572 his
3485 3519 3630 3573 enim

2047 3604 2164 3658 inec
2186 3603 2462 3672 loquitur,
2495 3606 2588 3674 qui
2621 3612 2768 3659 stant
2803 3605 2856 3658 in
2893 3605 3094 3670 littore,
3139 3614 3198 3660 ut
3225 3606 3534 3661 dividantur
3561 3607 3630 3662 ab

2045 3691 2197 3753 Jesu,
2243 3700 2298 3746 et
2326 3693 2504 3746 sonitu
2545 3692 2822 3747 ﬂuctuum.
2847 3702 3222 3762 perstrepente
3258 3711 3364 3749 non
3408 3697 3634 3751 audiant

2047 3784 2251 3855 aliquid
2278 3800 2466 3839 eorum
2491 3799 2611 3853 qua:
2633 3785 2901 3839 dicuntur.

2121 3873 2190 3926 Et
2219 3873 2592 3944 adirnplebitur
2620 3874 2675 3928 in
2719 3875 2794 3929 eis
2823 3874 2984 3929 Isaia
3015 3879 3320 3946 prophetia,
3367 3877 3586 3932 dicentis
3613 3891 3634 3931 :

2050 3963 2250 4018 Audita
2276 3964 2532 4028 audietis,
2561 3974 2608 4018 et
2644 3981 2746 4019 non
2777 3965 3108 4036 intelligetis;
3143 3979 3191 4020 et
3218 3968 3450 4023 videntes
3487 3970 3634 4023 vide-

2053 4055 2191 4119 bitis,
2239 4063 2286 4107 et
2331 4071 2435 4108 non
2462 4055 2699 4109 videbitis
2722 4055 2855 4127 (lsa.
2888 4056 2985 4118 v1).
3028 4056 3153 4111 Hrec
3195 4059 3262 4112 de
3306 4039 3480 4115 turbis
3502 4076 3636 4130 pro-

2053 4146 2272 4216 phetata
2309 4154 2454 4210 sunt,
2486 4161 2606 4216 quae
2637 4155 2781 4201 stant
2824 4149 2879 4201 in
2922 4146 3103 4202 littore
3141 4156 3195 4202 et
3234 4149 3326 4203 Dei
3370 4165 3476 4204 non
3513 4166 3633 4206 me-

2057 4244 2245 4291 rentur
2267 4237 2453 4291 audire
2484 4251 2822 4302 sermonem;
2859 4251 2980 4306 quae
3005 4237 3204 4292 habent
3230 4239 3422 4303 visum,
3458 4247 3513 4294 et
3540 4254 3638 4294 au-

2056 4326 2225 4380 ditum
2256 4325 2500 4394 corporis
2537 4324 2906 4388 extrinsecus,
2939 4333 2996 4378 et
3029 4324 3351 4395 semetipsos
3391 4325 3637 4396 privave-

2057 4427 2183 4472 runt
2223 4418 2342 4472 visu
2388 4426 2442 4472 et
2477 4417 2662 4473 auditu
2706 4419 2884 4473 cordis
2926 4418 3270 4474 intrinsecus.
3321 4419 3400 4475 De
3442 4420 3638 4491 quibus

2056 4509 2235 4564 adhuc
2273 4509 2521 4564 subditur
2541 4527 2555 4564 :

2129 4597 2490 4653 lncrassatum
2523 4607 2598 4652 est
2633 4599 2770 4653 enim
2809 4615 2901 4652 cor
2928 4598 3108 4669 populi
3139 4599 3299 4670 hujus
3329 4610 3377 4654 et
3422 4601 3640 4658 auribus

2057 4691 2286 4758 graviter
2330 4689 2648 4753 audierunt,
2699 4699 2747 4742 et
2788 4688 2966 4742 oculos
3019 4707 3142 4743 suos
3188 4689 3523 4756 clauserunt,
3576 4709 3641 4747 ne

2056 4780 2268 4850 quando
2296 4779 2460 4834 oculis
2507 4780 2736 4844 videant,
2775 4790 2823 4834 et
2859 4780 3076 4834 auribus
3109 4782 3353 4847 audiant,
3395 4793 3444 4836 et
3485 4784 3642 4838 corde

2056 4869 2375 4939 intelligant,
2417 4879 2466 4923 et
2501 4881 2896 4934 convertantur,
2948 4881 2996 4924 et
3039 4889 3220 4926 sanem
3256 4890 3343 4927 eos
3391 4873 3640 4945 (ΜΑυιι.)

2062 4957 2422 5014 lncrassatum
2453 4967 2537 5014 est
2557 4974 2651 5014 cor
2670 4958 2977 5017 Judzeorum
3009 4963 3370 5017 crassitudine
3399 4963 3640 5026 malitiaa,

2061 5057 2118 5104 et
2162 5048 2489 5104 abundantia
2538 5059 2902 5117 peccatorum,
2952 5051 3077 5120 quia
3133 5051 3251 5104 duri
3299 5065 3365 5104 ac
3412 5051 3642 5108 rebelles

2061 5139 2295 5203 fuerunt,
2315 5149 2371 5194 et
2395 5155 2610 5209 semper
2629 5143 2964 5196 contentiose
2982 5148 3209 5211 egerunt
3234 5149 3421 5194 contra
3444 5140 3635 5196 Deum.

2059 5231 2142 5286 Ad
2163 5245 2298 5299 quos
2327 5231 2442 5300 ipse
2465 5230 2726 5286 Dominus
2755 5247 2853 5302 per
2871 5231 3194 5300 Prophetam
3215 5231 3345 5285 dicit
3368 5247 3382 5283 :
3416 5229 3640 5287 Peccata

2061 5328 2234 5374 vestra
2261 5330 2508 5389 separant
2539 5321 2676 5375 inter
2703 5338 2782 5374 me
2805 5331 2855 5374 et
2886 5337 2972 5374 vos
3004 5320 3156 5393 (Jer.
3190 5337 3279 5374 ιιι
3298 5323 3337 5389 ).
3390 5321 3642 5379 Graviter

2061 5410 2206 5464 enim
2241 5410 2340 5480 ipsi
2365 5411 2531 5466 verba
2557 5412 2768 5465 Domini
2799 5411 3103 5476 audierunt,
3125 5412 3250 5481 quia
3282 5403 3493 5482 ingrate
3517 5428 3641 5469 sus-

2063 5509 2342 5570 ceperunt.
2381 5501 2686 5571 Oculosque
2714 5517 2840 5556 suos
2867 5502 3195 5565 clauserunt,
3222 5503 3346 5571 quia
3386 5503 3637 5558 intuitum

2066 5595 2266 5649 mentis
2292 5609 2401 5649 sua:
2433 5593 2696 5648 velamine
2736 5592 2949 5648 invidia:
2978 5601 3032 5647 et
3083 5594 3401 5662 ignorantiae
3427 5597 3643 5649 obtexe‘
