3978 6190
409 253 518 314 963

378 334 401 369 1

404 466 608 529 terunt,
633 465 757 533 quia
800 481 903 520 non
944 474 1173 531 natura,
1213 465 1308 522 sed
1353 467 1628 523 voluntate
1667 469 1794 524 caeci
1834 477 1980 523 sunt.

407 552 658 611 Ostendit
697 556 839 609 enim
863 556 1073 625 culpam
1109 570 1228 611 esse
1261 572 1449 613 eorum
1490 558 1720 615 arbitrii.
1754 553 1820 614 Et
1859 559 1982 615 ideo

407 644 634 701 salutem
683 660 788 700 non
833 615 1166 712 uicruerunt,
1197 647 1323 718 quia
1352 648 1539 726 oculos
1569 659 1623 707 et
1659 667 1819 707 aures
1853 666 1982 707 suas

408 737 474 792 ad
517 736 860 809 percipienda
912 737 1076 792 verba
1118 739 1244 794 vita:
1290 742 1501 811 aperire
1554 743 1859 798 noluerunt.
1921 741 1980 797 Si

406 827 549 881 enim
595 827 696 898 ipsi
725 826 972 883 conversi
1013 838 1197 883 essent
1226 831 1291 884 ad
1319 831 1691 901 paenitentiam
1711 872 1724 895 ,
1754 831 1980 888 conver-

406 920 611 972 teretur
639 916 780 977 Deus
809 916 877 971 ad
911 917 1210 972 sanandum
1245 918 1383 984 illos,
1415 921 1504 989 qui
1536 936 1632 991 per
1653 920 1979 992 Prophetam

404 1006 484 1061 eis
519 1003 685 1059 dicit:
715 1003 1090 1060 Convertimini
1137 1005 1206 1059 ad
1239 1024 1350 1072 me,
1392 1020 1440 1063 et
1478 1026 1570 1080 ego
1610 1022 1883 1065 convertar
1908 1010 1978 1065 ad

405 1109 512 1156 vos,
564 1094 638 1147 ait
678 1092 933 1148 Dominus
970 1093 1112 1149 Deus
1147 1093 1333 1168 (Zaclt.
1380 1095 1440 1165 ι).
1494 1097 1858 1154 Incrassatum
1899 1110 1977 1155 est

402 1183 538 1236 enim
559 1199 650 1237 cor
673 1183 852 1254 populi
877 1185 1059 1257 hujus,
1089 1195 1142 1241 et
1175 1187 1401 1258 reliqua.
1434 1188 1631 1263 (Aug.)
1658 1191 1808 1246 Alius
1835 1193 1979 1249 enim

402 1271 726 1343 evangelista
772 1273 957 1328 dicit:
1000 1273 1296 1329 Excwcauit
1362 1276 1541 1332 oculos
1606 1295 1807 1333 eorum.
1875 1279 1982 1336 Sed

401 1370 586 1416 utrum
629 1369 686 1417 ut
730 1378 1005 1433 nunquam
1033 1363 1268 1432 videant,
1311 1381 1379 1421 an
1407 1382 1535 1424 vero
1565 1385 1631 1424 ne
1657 1370 1742 1425 vel
1772 1371 1850 1426 sic
1878 1372 1980 1427 ali-

403 1452 620 1519 quando
666 1451 903 1520 videant,
948 1455 1191 1510 caecitate
1231 1464 1327 1510 sua
1377 1457 1479 1513 sibi
1514 1457 1900 1528 diSpIicentes,
1928 1471 1985 1516 et

401 1556 460 1595 se
486 1541 745 1608 dolentes,
776 1550 832 1597 et
853 1558 919 1597 ex
950 1544 1054 1599 hoc
1078 1543 1370 1612 liumiliati,
1398 1554 1563 1618 atque
1593 1549 1872 1617 commoti,
1913 1552 1982 1606 ad

400 1631 700 1687 conﬁtenda
731 1643 953 1703 peccata
1002 1648 1120 1699 sua,
1160 1645 1216 1691 et
1251 1637 1338 1707 pie
1382 1641 1728 1708 quaerendum
1773 1641 1981 1698 Deum?

1045 254 1108 315 Β.
1151 254 1402 311 RABANl
1441 250 1658 313 MAURI
1694 254 2013 315 ARCHlEP.
2050 257 2363 316 MOGIINT.
2405 261 2689 319 OPERUM
2732 264 2908 319 PARS
2941 267 2981 320 l.

407 375 555 426 runt.
592 367 870 439 Simulque
898 368 1116 430 attende
1138 370 1281 438 quod
1313 370 1465 434 dicit,
1492 369 1670 426 oculos
1696 387 1817 427 suos
1839 371 1982 425 clau-
2012 373 2060 432 Δ
2086 385 2126 424 u
2148 367 2191 442 ).
2220 371 2370 427 Beati
2401 373 2544 429 oculi
2566 375 2933 445 parvulorum,
2963 378 3161 448 quibus
3180 389 3234 434 et
3262 395 3343 446 se,
3368 393 3421 436 et
3447 381 3659 440 Patrem

3551 271 3651 325 9η

2084 454 2256 517 Filius
2282 463 2524 518 revelare
2552 465 2820 536 dignatur.

2153 553 2320 608 Amen
2348 554 2484 608 enim
2512 554 2631 609 dico
2654 556 2814 622 vobis,
2840 559 2969 628 quia
2992 556 3144 612 multi
3166 561 3431 630 propheta,-
3461 572 3508 615 et
3525 563 3665 633 justi

2082 641 2355 713 cupierunt
2381 643 2557 698 uidere
2576 661 2694 715 quae
2724 647 2937 714 videtis,
2968 658 3014 701 et
3058 665 3161 703 non
3184 648 3451 717 viderunt,
3480 664 3528 707 et
3558 671 3659 711 au-

2082 730 2196 785 dire
2220 747 2338 803 qua:
2359 732 2579 798 auditis,
2607 744 2654 788 et
2678 751 2780 790 non
2804 737 3104 792 audierunt.
3128 738 3402 794 Abraham
3429 743 3661 798 exsulta-

2081 817 2158 872 vit
2186 827 2245 874 ut
2270 819 2481 877 videret
2522 822 2663 877 diem
2694 824 2922 891 Christi,
2950 833 3006 880 et
3029 827 3183 892 vidit,
3203 839 3259 883 et
3296 831 3511 899 gavisus
3539 841 3619 886 est
3643 849 3660 887 :

2081 908 2246 965 Isaias
2278 926 2495 982 quoque
2520 921 2576 968 et
2611 913 2846 970 Micheas
2871 923 2927 971 et
2964 916 3129 972 multi
3157 918 3246 972 alii
3277 920 3552 988 prophette
3583 923 3662 977 vi-

2081 1000 2280 1057 derunt
2326 1003 2553 1075 gloriam
2596 1004 2829 1060 Domini.
2870 1007 2970 1074 Qui
3002 1015 3056 1063 et
3096 1018 3381 1079 propterea
3421 1012 3662 1067 videntes

2082 1101 2209 1147 sunt
2236 1093 2487 1163 appellati
2514 1112 2529 1161 ;
2561 1096 2654 1151 sed
2677 1096 2730 1151 hi
2760 1111 2951 1153 omnes
2980 1113 3009 1152 a
3049 1098 3207 1168 longe
3232 1101 3575 1170 aspicientes.
3606 1108 3663 1160 et

2081 1181 2399 1251 salutantes,
2416 1201 2518 1255 per
2537 1186 2801 1256 speculum
2827 1189 2880 1242 in
2902 1190 3180 1261 terrigtnate
3201 1192 3439 1247 viderunt
3456 1194 3481 1264 '(
3490 1193 3513 1246 1
3533 1192 3655 1252 Cor.

2082 1283 2181 1324 xui
2208 1269 2251 1343 ).
2308 1270 2551 1343 Apostoli
2606 1284 2788 1330 autem
2857 1277 3344 1347 imprzeseutiarum
3403 1282 3666 1341 habentes

2081 1361 2278 1431 Deum,
2326 1377 2815 1438 convescentesque
2856 1371 2906 1424 ei
2929 1410 2945 1435 ,
2991 1380 3059 1426 et-
3093 1386 3425 1443 quascunque
3459 1373 3661 1433 voluit.

2082 1460 2206 1507 seut
2233 1453 2619 1525 interrogando
2645 1459 2914 1515 discentes
2940 1500 2956 1526 ,
2998 1476 3340 1532 nequaquam
3370 1478 3469 1533 per
3493 1480 3663 1536 auges

2082 1541 2165 1597 los
2207 1552 2301 1598 aut
2326 1545 2504 1601 varias
2531 1546 2800 1602 visionum
2844 1551 3055 1622 species
3098 1568 3234 1622 opus
3268 1551 3539 1609 habebant
3565 1556 3658 1611 do-

2083 1632 2216 1687 ceri.
2268 1633 2416 1701 Quos
2444 1643 2623 1691 autem
2666 1636 2951 1696 Matthazus
2981 1641 3271 1711 prephetas
3296 1650 3352 1697 et
3380 1641 3563 1711 justas
3583 1646 3663 1700 die

398 1718 491 1774 Sic
511 1720 661 1774 enim
685 1720 895 1777 Marcus
937 1722 1071 1777 dicit
1094 1725 1197 1779 hoc
1214 1765 1229 1789 ,
1258 1740 1321 1780 ne
1342 1728 1555 1797 quando
1585 1743 1976 1799 convertamur,
2006 1715 2053 1775 Β
2080 1723 2174 1789 Cll.
2199 1722 2374 1781 Lucas
2401 1742 2495 1782 eos
2523 1729 2817 1797 prophetas
2840 1739 2896 1785 et
2928 1746 3085 1801 reges
3111 1732 3360 1802 appellat.
3407 1732 3509 1803 ipsi
3537 1743 3662 1789 sunt

397 1818 446 1862 et
470 1808 802 1863 dimittantur
827 1811 901 1865 eis
927 1821 1159 1880 peccata.
1203 1813 1303 1868 Ubi
1341 1816 1713 1887 intelliguntur
1739 1823 1978 1889 peccatis

398 1896 513 1951 suis
549 1897 833 1964 memisse,
879 1907 939 1953 ut
981 1915 1086 1954 non
1131 1901 1509 1974 intelligerent.
1558 1907 1623 1961 Et
1668 1916 1844 1963 tamen
1876 1910 1979 1965 hoc

398 1986 575 2055 ipsum
605 1987 1028 2044 misericorditer
1053 1990 1131 2045 eis
1170 1991 1389 2059 factum,
1426 2003 1483 2048 ut
1514 2005 1733 2065 peccata
1765 2014 1859 2053 sua
1888 2015 1979 2056 co-

397 2085 738 2146 gnoscerent,
790 2087 847 2135 et
884 2082 1130 2136 conversi
1158 2083 1371 2138 veniam
1411 2098 1769 2142 mererentur.
1823 2089 1977 2157 Quod

390 2174 576 2221 autem
598 2165 833 2223 Joannes
858 2169 1003 2224 hunc
1038 2170 1214 2226 locum
1245 2173 1317 2228 ita
1348 2175 1477 2230 dicit
1506 2193 1519 2229 :
1563 2175 1846 2248 Propterea
1873 2198 1974 2236 non

394 2264 636 2325 poterant
675 2258 903 2324 credere,
932 2259 1057 2330 quia
1086 2260 1275 2316 iterum
1300 2264 1432 2318 dixit
1456 2264 1660 2320 Isaias:
1678 2266 1976 2325 Excwcaoit

392 2344 574 2399 oculos
600 2360 779 2399 eorum
798 2385 814 2411 ,
840 2356 889 2401 et
908 2348 1174 2404 induravit
1202 2368 1292 2406 cor
1312 2370 1513 2421 eorum,
1555 2367 1611 2411 ut
1643 2373 1745 2412 non
1767 2359 1975 2415 uideant

394 2433 585 2500 oculis,
611 2445 659 2489 et
680 2434 970 2506 intelligant
1001 2438 1174 2504 corde,
1208 2451 1256 2495 et
1290 2454 1675 2511 convertantur,
1710 2457 1758 2501 et
1793 2464 1975 2503 sanem
2009 2492 2014 2501 .

395 2537 485 2575 eos
507 2520 689 2593 (Joan.
711 2523 835 2597 xu),
882 2525 1160 2582 adversari
1198 2529 1410 2585 videtur
1434 2532 1560 2588 huic
1589 2535 1889 2601 sententiae,
1919 2546 1974 2593 et

392 2614 616 2668 omnino
654 2628 875 2685 cogere,
903 2624 961 2671 ut
985 2619 1128 2688 quod
1151 2619 1352 2676 dictum
1389 2631 1490 2685 est.
1524 2641 1587 2679 ne
1609 2627 1820 2696 quando
1850 2644 1975 2683 ocu-

392 2702 458 2758 lis
490 2703 702 2759 rideant
719 2744 735 2772 ,
757 2716 862 2761 non
891 2707 1206 2779 accipiatur,
1239 2727 1308 2767 ne
1325 2713 1409 2767 vel
1434 2714 1513 2770 sic
1543 2714 1829 2787 aliquando
1845 2734 1974 2774 ocu-

393 2793 460 2849 lis
479 2795 716 2862 videant,
748 2797 844 2853 sed
874 2813 1098 2869 prorsus
1125 2809 1184 2856 ut
1210 2817 1317 2858 non
1360 2805 1598 2872 videant,
1628 2809 1972 2878 quandoqui-

390 2884 512 2939 dem
539 2895 726 2956 aperte
759 2887 831 2942 ita
860 2888 1015 2957 dicit,
1056 2902 1115 2945 ut
1142 2893 1305 2948 oculis
1326 2910 1429 2949 non
1452 2896 1689 2962 videant;
1729 2906 1785 2954 et
1824 2900 1967 2969 quod

2081 1814 2226 1869 enim
2251 1828 2406 1886 reges
2437 1818 2652 1886 magni.
2682 1820 2812 1889 quia
2856 1822 3209 1876 tentationum
3236 1838 3460 1877 suarum
3502 1827 3661 1880 moti-

2080 1901 2185 1982 bus
2237 1918 2345 1957 non
2398 1907 2787 1962 consentiendo
2839 1911 3224 1975 succumbere,
3278 1912 3373 1965 sed
3426 1914 3660 1982 regendo

2080 1972 2314 2060 praeesse
2345 2005 2630 2050 noverunt.

2152 2082 2370 2153 (Maus.
2399 2087 2417 2156 )
2478 2083 2581 2141 Vos
2617 2103 2741 2157 ergo
2779 2088 2959 2142 audite
2994 2088 3301 2159 parabolant
3332 2091 3654 2145 seminantis.

2079 2171 2234 2228 Nunc
2258 2175 2324 2229 ad
2346 2190 2440 2231 eos
2458 2177 2622 2232 verba
2645 2180 2935 2244 convertit,
2959 2180 3155 2249 quibus
3184 2181 3371 2236 datum
3398 2193 3482 2238 est
3502 2199 3659 2240 nosse

2078 2264 2395 2332 mysterium
2439 2267 2612 2338 regni.
2648 2266 2820 2323 Simul
2849 2284 2971 2323 cum
3004 2271 3085 2325 eis
3119 2281 3173 2325 et
3197 2284 3296 2328 uos
3336 2274 3657 2340 admonens,

2079 2348 2348 2417 hortatur,
2380 2361 2439 2407 ut
2464 2369 2585 2424 quae
2610 2356 2864 2411 dicuntur
2887 2358 3197 2430 diligentius
3220 2362 3521 2418 audiamus.
3551 2364 3659 2420 Ob-

2075 2453 2232 2495 serva
2271 2444 2416 2512 quod
2456 2444 2595 2501 hanc
2618 2447 2848 2518 primam
2876 2451 3186 2519 parabolam
3214 2467 3369 2507 suam
3400 2453 3657 2511 Dominus

2073 2543 2172 2598 per
2204 2534 2549 2607 semetipsum
2577 2539 2819 2607 exponit,
2851 2549 2911 2593 ut
2938 2540 2991 2593 in
3030 2544 3240 2597 ueteris
3272 2560 3393 2613 quae
3421 2561 3652 2616 sequun-

2074 2625 2194 2684 tur,
2240 2620 2399 2677 nobis
2441 2623 2598 2694 juxta
2652 2627 2792 2683 hanc
2859 2630 3099 2701 regulam
3148 2633 3400 2691 fiduciam
3454 2640 3655 2696 tribuat

2072 2715 2402 2772 exsolvendi.
2440 2718 2522 2774 Ad
2567 2716 2972 2779 similitudinem
3006 2726 3192 2795 utique
3234 2727 3367 2785 facit
3409 2734 3653 2801 nutricis,

2069 2815 2195 2871 qua;
2217 2818 2318 2861 vas
2343 2806 2565 2876 plenum
2585 2811 2832 2878 nucibus,
2855 2822 3075 2883 portans
3093 2816 3324 2873 alumnis
3339 2820 3453 2875 suis
3470 2821 3653 2889 aﬂ'ert;

2073 2893 2181 2949 illis
2230 2905 2410 2952 autem
2461 2900 2805 2969 mirantibus,
2835 2913 2891 2958 et
2931 2917 3152 2975 propter
3195 2909 3487 2965 novitatem
3527 2914 3656 2981 quid

391 2974 488 3039 ait,
535 2974 820 3047 Propterea
857 2994 960 3034 non
989 2989 1228 3048 poterant
1274 2984 1502 3051 credere,
1552 2987 1687 3043 satis
1731 2990 1969 3044 ostendit
2000 2983 2325 3071 “utilitatis
2371 2987 2568 3045 habeat
2618 2974 3045 3063 ignorantibusp
3076 2997 3209 3053 tollit
3254 3000 3369 3070 ipsa
3421 2974 3655 3071 primum

382 3079 497 3119 non
541 3064 661 3120 ideo
704 3064 903 3122 factam
951 3068 1094 3124 illam
1145 3075 1580 3141 exca‘cationem,
1632 3086 1691 3131 ut
1718 3092 1782 3133 ea
1825 3094 1972 3134 com-
1997 3051 2044 3115 (ἶ
2075 3086 2292 3144 nucem,
2323 3086 2379 3132 et
2409 3051 2669 3150 frangens
2690 3085 2955 3151 enucleat,
2984 3051 3326 3160 ostenditqde
3350 3051 3508 3161 quam
3540 3096 3655 3148 dul-

391 3153 522 3207 moti
562 3159 617 3209 et
644 3154 884 3211 dolentes
912 3171 971 3213 se
1011 3173 1115 3214 non
1157 3160 1472 3230 intelligere,
1520 3175 1969 3222 converterentur

392 3241 686 3310 aliquando
709 3257 808 3318 per
831 3246 1206 3313 pmnilentiam
1240 3268 1253 3303 :
1280 3266 1385 3306 non
1430 3254 1575 3309 enim
1618 3268 1837 3326 possent
1867 3260 1970 3315 hoc

393 3327 572 3386 facere
619 3330 722 3386 nisi
748 3332 900 3403 prius
927 3335 1232 3403 crederent,
1280 3350 1340 3394 ut
1375 3343 1644 3399 credendo
1688 3356 1971 3403 converte-

394 3425 600 3483 rentur,
642 3423 996 3479 conversione
1031 3439 1374 3495 sanarentur,
1429 3432 1663 3489 sanitate
1706 3435 1973 3507 intellige-

393 3516 517 3562 rent
548 3527 561 3562 :
590 3511 686 3564 sed
711 3511 833 3568 ideo
865 3514 1043 3584 potius
1075 3529 1394 3588 exeascatos,
1437 3533 1498 3578 ut
1527 3539 1633 3579 non
1662 3527 1966 3583 crederent.

391 3597 533 3652 Dicit
558 3598 703 3655 enim
725 3602 1082 3672 apertissime,
1128 3604 1418 3677 Propterea
1460 3627 1566 3666 non
1594 3622 1832 3683 poterant
1859 3632 1970 3671 cre-

388 3689 531 3743 dere.
560 3688 711 3756 Quod
742 3690 789 3745 si
833 3692 909 3747 ita
941 3701 1048 3759 est,
1087 3696 1210 3766 quis
1252 3712 1358 3753 non
1391 3711 1649 3773 exsurgat
1695 3703 1750 3758 in
1784 3703 1971 3760 delen-

389 3781 597 3836 sionem
634 3780 972 3850 Judteorum,
1019 3796 1074 3841 et
1107 3802 1201 3844 eos
1226 3793 1621 3866 estra'culpam
1649 3795 1817 3853 fuisse
1839 3814 1969 3870 pro-

388 3869 588 3926 clamet
612 3871 756 3941 quod
782 3887 890 3929 non
922 3875 1303 3934 crediderunt?
1347 3880 1638 3953 Propterea
1675 3887 1820 3942 enim
1851 3869 1967 3945 non

387 3969 644 4033 poterant
673 3965 915 4033 credere,
948 3968 1073 4038 quia
1099 3973 1393 4028 excaecavit
1417 3977 1607 4033 oculos
1626 3993 1834 4034 eorum.
1861 3979 1968 4036 Sed

387 4054 642 4122 quoniam
684 4053 827 4111 Deus
869 4057 1049 4126 potius
1075 4068 1228 4117 extra
1269 4062 1481 4133 culpam
1521 4066 1681 4122 debet
1719 4068 1966 4139 intelligi,

386 4143 633 4215 cogimur
662 4143 818 4202 fateri
864 4146 986 4209 aliis
1020 4149 1342 4219 quibusdam
1371 4157 1609 4225 peccatis
1632 4173 1728 4214 eos
1762 4159 1837 4214 ita
1872 4176 1968 4215 ex-

384 4233 574 4288 caecari
605 4235 884 4301 meruisse,
917 4252 1021 4308 qua
1050 4247 1225 4297 tamen
1250 4247 1611 4304 excaecatione
1639 4264 1745 4304 non
1774 4260 1964 4323 potue-

383 4336 511 4383 runt
547 4330 798 4397 credere;
849 4333 1012 4389 verba
1042 4335 1186 4391 enim
1221 4334 1446 4395 Joannis
1483 4340 1585 4396 ista
1624 4353 1750 4399 sunt
1781 4362 1796 4400 :
1828 4343 1965 4400 Pro-

382 4429 553 4489 pterea
584 4434 686 4477 non
706 4432 946 4492 poterant
972 4426 1201 4493 credere,
1223 4430 1345 4500 quia
1371 4431 1557 4487 iterum
1580 4435 1713 4489 dixit
1744 4435 1918 4492 Isaias
1940 4458 1960 4497 :
1986 4396 2042 4458 Β

382 4507 681 4565 Excrrcavit
706 4512 884 4568 oculos
908 4531 1105 4571 eorum.
1142 4518 1367 4577 Frustra
1391 4522 1577 4594 itaque
1594 4540 1858 4582 conamur
1878 4530 1962 4584 iu-

380 4598 621 4666 telligere
652 4601 773 4656 ideo
809 4602 976 4661 fuisse
1004 4617 1334 4677 excaecatus,
1385 4620 1444 4667 ut
1489 4624 1957 4687 converterentur,

380 4704 504 4751 cum
554 4690 679 4746 ideo
726 4697 969 4752 converti
1016 4713 1126 4753 non
1179 4709 1470 4772 poterant,
1521 4708 1645 4776 quia
1700 4713 1957 4769 excwcati

378 4787 556 4875 erant.
603 4780 941 4875 (iumentem
967 4787 1167 4845 dicitur
1202 4794 1345 4861 quod
1376 4797 1645 4862 credatur,
1678 4802 1780 4857 nisi
1810 4804 1956 4875 quod

374 4866 581 4923 dicitur
621 4870 981 4944 intelligatur,
1032 4880 1182 4935 credi
1214 4897 1320 4939 non
1360 4896 1558 4956 potest.
1606 4866 1953 4963 intelligenda

379 4966 507 5050 sunt
543 4974 676 5030 ergo
702 4962 879 5033 dicta,
909 4974 971 5022 ut
1011 4971 1308 5029 credantur
1334 4991 1469 5047 quae.
1492 4978 1597 5035 dici
1626 4962 1953 5050 potuerunt;

377 5048 650 5146 credenda
683 5061 870 5146 autem
915 5072 1037 5128 qua:
1081 5060 1185 5118 dici
1214 5074 1522 5136 potuerunt,
1566 5048 1956 5146 utintelligam

379 5144 487 5205 tur,
514 5154 637 5210 quae
663 5142 768 5201 diei
796 5161 905 5203 non
930 5160 1178 5219 possunt.

456 5228 627 5326 {astri
651 5244 824 5326 autem
849 5238 986 5296 beati
1006 5242 1166 5309 oculi,
1186 5246 1309 5309 quia
1334 5247 1545 5314 uident;
1570 5260 1621 5305 et
1641 5267 1819 5319 aures,
1835 5256 1960 5326 quia

376 5318 619 5381 audiunt.
652 5322 865 5402 (Betim)
910 5329 1028 5388 Non
1058 5335 1202 5392 oculi
1232 5338 1534 5394 scribarum
1574 5318 1958 5400 etPltarlsaso-

375 5421 518 5495 rum,
564 5412 659 5483 qui
702 5429 900 5487 corpus
952 5426 1158 5479 tantum
1206 5422 1418 5480 Domini
1462 5427 1685 5495 videre;
1737 5431 1832 5487 sed
1882 5432 1957 5489 illi

374 5492 523 5586 beati
542 5500 706 5570 oculi,
726 5504 820 5574 qui
845 5505 963 5575 ejus
986 5520 1212 5579 possunt
1237 5529 1565 5586 cognoscere
1590 5492 1954 5577 sacramenta.

379 5579 670 5660 Dequibus
711 5592 943 5652 dicitur:
974 5596 1044 5653 Et
1079 5579 1332 5659 ναρκισσιῖ
1342 5622 1405 5659 ea
1430 5607 1684 5676 parvulis.
1727 5610 1953 5683 (Matth.

2072 3179 2194 3221 cem
2224 3166 2461 3224 fructum
2489 3172 2633 3227 intus
2665 3173 2880 3239 habeat,
2926 3187 2983 3231 et
3010 3193 3171 3248 quam
3208 3195 3428 3237 suavem
3474 3183 3652 3238 cibum

2073 3259 2416 3327 gustantibus
2446 3263 2656 3328 reddat,
2677 3264 2721 3318 si
2747 3266 2867 3334 quis
2890 3270 3147 3324 corticem
3180 3271 3323 3328 illius
3348 3272 3480 3328 foris
3506 3292 3648 3329 rum-

2072 3358 2184 3417 pat.
2218 3349 2296 3404 Ita
2325 3358 2381 3405 et
2418 3351 2679 3408 Dominus
2712 3366 2898 3411 noster
2926 3359 3101 3413 adhuc
3132 3363 3361 3418 rudibus
3378 3364 3652 3435 discipulis

2072 3442 2382 3512 parabolam
2424 3461 2574 3502 suam
2618 3449 2849 3516 primum
2887 3451 2999 3520 ipse
3036 3455 3274 3523 exponit,
3305 3464 3361 3511 et
3395 3459 3521 3525 quid
3552 3462 3654 3513 sub

2074 3531 2339 3587 velamine
2376 3534 2676 3590 litterarum
2717 3537 3014 3596 dulcedinis
3050 3541 3247 3601 habeat
3278 3546 3530 3600 ostendit.
3588 3548 3654 3603 Ut

2070 3637 2191 3677 cum
2223 3624 2419 3679 similia
2451 3627 2718 3682 audierint
2743 3639 3023 3699 gratanter
3043 3635 3333 3704 accipiant,
3360 3645 3416 3690 et
3438 3638 3565 3706 quid
3597 3639 3650 3692 iu

2070 3713 2149 3768 eis
2176 3716 2414 3784 mysterii
2448 3716 2612 3773 lateat
2640 3722 2907 3791 sagaciter
2933 3739 3029 3794 per
3059 3741 3119 3780 se
3150 3727 3267 3796 ejus
3291 3728 3462 3798 gratia
3486 3732 3654 3784 comi-

2072 3815 2220 3861 tante
2248 3807 2573 3881 investigare
2610 3815 2957 3870 contendant.
2991 3815 3082 3872 Sic
3109 3833 3238 3891 ergo
3268 3820 3529 3875 Dominus
3555 3836 3652 3876 ex-

2070 3901 2222 3968 ponit
2249 3918 2262 3954 :

2141 3989 2324 4045 Omnis
2351 3995 2441 4063 qui
2468 3996 2615 4049 audit
2638 3996 2844 4051 verbum
2872 4000 3034 4068 regni,
3063 4010 3113 4054 et
3143 4019 3245 4055 non
3274 4002 3541 4073 intelligit,
3564 4020 3653 4058 ee-

2070 4079 2147 4131 nit
2191 4079 2385 4145 nicius,
2429 4092 2478 4137 et
2530 4086 2667 4155 rapit
2725 4087 2864 4157 quod
2908 4090 3219 4144 seminatum
3268 4102 3345 4146 est
3394 4094 3448 4147 in
3495 4098 3652 4148 corde

2067 4169 2181 4239 ejus
2198 4185 2218 4222 :
2239 4173 2322 4226 hic
2342 4183 2418 4228 est
2451 4176 2540 4246 qui
2565 4192 2712 4232 secus
2743 4178 2878 4232 viam
2903 4182 3193 4237 seminatus
3219 4194 3313 4237 est.
3346 4184 3365 4256 (
3380 4185 3549 4257 Rau.)
3579 4188 3650 4242 De

2068 4262 2172 4318 hoc
2212 4266 2419 4321 semine
2449 4266 2663 4324 Marcus
2706 4269 2780 4324 ita
2814 4272 3004 4348 scribit
3032 4290 3045 4326 :
3072 4271 3146 4327 Hi
3186 4283 3361 4330 autem
3399 4286 3523 4331 sunt
3559 4280 3649 4348 qui

2066 4351 2207 4406 circa
2241 4353 2378 4408 viain
2406 4356 2495 4409 ubi
2531 4358 2823 4413 seminatur
2847 4346 3088 4426 verbum,
3124 4372 3175 4417 et
3207 4379 3328 4417 cum
3357 4346 3645 4427 audierint.

2067 4442 2339 4514 confestim
2366 4447 2498 4501 venit
2538 4448 2766 4505 Satanas
2791 4461 2841 4505 et
2860 4453 3054 4522 aufert.
3092 4454 3171 4510 Ex
3209 4471 3318 4527 quo
3361 4458 3646 4514 manifeste
3722 4498 3727 4503 ς

2067 4534 2295 4594 docetur
2320 4554 2415 4596 eos
2442 4541 2586 4601 circa
2615 4544 2758 4598 viam
2783 4546 3098 4613 semiustos,
3131 4549 3221 4618 qui
3255 4551 3480 4606 verbum
3503 4552 3643 4621 quod

2065 4629 2292 4685 audiunt
2318 4630 2461 4686 nulla
2494 4632 2615 4699 lide,
2646 4635 2792 4690 nullo
2820 4636 3118 4703 intellectu,
3150 4640 3293 4694 nulla
3315 4640 3507 4697 saltem
3528 4649 3645 4697 ten-

2062 4718 2238 4773 tanda:
2256 4720 2506 4777 utilitatis
2532 4725 2817 4781 occasione
2841 4728 3121 4797 percipere
3149 4729 3459 4800 dignantur.
3490 4730 3646 4803 (Hie-

2062 4808 2203 4882 ron.)
2226 4809 2292 4865 Et
2308 4811 2466 4867 simul
2488 4813 2724 4885 intelligo
2745 4818 2890 4886 quod
2908 4818 2960 4873 in
2982 4820 3144 4876 corde
3162 4820 3280 4892 ejus
3298 4821 3460 4879 fuerit
3478 4825 3647 4882 semi-

2062 4909 2273 4967 ustum,
2304 4911 2357 4958 et
2387 4904 2672 4963 diversitas
2693 4916 2874 4976 tet-rte,
2898 4912 3091 4967 animae
3128 4924 3261 4968 sunt
3281 4916 3640 4974 credentium.

2136 4990 2241 5057 Qui
2271 5003 2443 5049 autem
2470 5012 2628 5066 super
2648 5008 2862 5068 petrosa
2887 5002 3175 5058 continens
3202 5013 3298 5070 est,
3322 5005 3409 5058 hic
3428 5015 3525 5060 °est
3551 5006 3643 5076 qui

2061 5081 2212 5135 audit
2249 5082 2479 5150 verbum,
2508 5096 2558 5140 et
2593 5087 2843 5143 continuo
2876 5105 2996 5144 cunt
3027 5092 3222 5161 gaudio
3256 5094 3445 5163 accipit
3482 5094 3635 5161 illud,

2062 5176 2111 5222 et
2138 5185 2242 5224 non
2268 5171 2418 5226 habet
2440 5174 2496 5228 in
2521 5192 2576 5228 se
2601 5177 2851 5242 radicem,
2881 5180 2974 5234 sed
3003 5190 3081 5235 est
3122 5183 3461 5252 temporalis;
3499 5185 3639 5254 facta

2059 5271 2236 5314 autem
2282 5261 2619 5321 tribulatione
2655 5277 2703 5321 et
2766 5273 3123 5339 pereuntium
3153 5283 3367 5345 propter
3408 5274 3637 5339 uerbum.

2060 5350 2307 5405 continuo
2347 5353 2764 5412 scandalizatur.
2804 5357 2909 5425 Qui
2935 5371 3110 5415 autem
3148 5362 3439 5417 seminata
3472 5372 3548 5417 est
3582 5363 3636 5417 in

2061 5440 2253 5510 spinis,
2277 5443 2363 5497 hic
2386 5454 2461 5498 est
2485 5446 2576 5516 qui
2603 5447 2812 5502 verbum
2835 5451 3005 5515 audit,
3045 5461 3094 5505 et
3135 5451 3439 5506 sollicitudo
3463 5448 3636 5506 seculi

2059 5528 2240 5598 huius,
2272 5540 2325 5586 et
2352 5532 2568 5602 fallacia
2594 5535 2897 5592 diuitiarum
2928 5540 3156 5609 saturat
3180 5528 3416 5606 verbum,
3446 5548 3497 5594 et
3529 5540 3639 5592 sine

2058 5617 2236 5690 fructu
2260 5622 2491 5692 edicitur.
2531 5622 2673 5680 Ecce
2696 5635 2935 5695 petrosa
2955 5636 3113 5693 terra:
3133 5636 3190 5684 et
3214 5628 3448 5699 spinosa:
3472 5625 3631 5697 signi-
