3978 6190
261 386 359 446 945

1200 382 1551 444 ΟΟΜΜΕΝΤ.
1594 386 1661 442 ιΝ
1704 384 2137 442 ΜᾹΤἹῊΑΑΕΠΜ.
2178 416 2247 426 --
2285 385 2411 440 LIB.
2452 385 2536 440 IV.

3397 382 3499 439 946

260 504 558 563 ﬂcationem
601 499 837 558 caelestis
869 476 1010 573 iuris
1042 503 1252 571 peritus
1286 501 1541 560 ostendit.
1587 502 1698 558 Nec
1731 502 1826 556 ali-
1853 502 1898 569 Α
1920 497 2150 569 iunctio,
2178 511 2234 556 et
2258 500 2412 570 quasi
2438 497 2584 555 molli
2610 513 2668 554 se
2697 496 2885 553 osculo
2904 490 3290 566 complectens,
3315 506 3371 552 et
3396 495 3501 553 fte-

257 595 380 667 quid
408 609 475 648 eo
497 593 724 660 melius,
761 610 859 648 nec
888 593 1090 664 aliquid
1115 596 1507 664 competentius
1535 596 1821 665 quisquam

260 684 592 752 interpretari
637 692 833 755 potest.
862 683 1032 756 Igitur
1079 700 1240 756 super
1269 696 1507 756 petrosa,
1554 694 1609 740 et
1633 686 1687 740 in
1716 686 1826 756 spi-

258 775 359 839 nis,
388 782 448 827 ut
474 773 734 829 Dominus
757 766 1012 841 ostendit,
1044 775 1379 831 seminantur
1407 775 1459 829 hi
1483 815 1498 839 ,
1538 777 1628 845 qui
1656 777 1824 831 auditi

255 863 467 933 quidem
495 862 646 918 verbi
682 870 739 918 et
774 862 1062 919 utilitatem
1101 864 1360 933 probant,
1406 872 1461 918 et
1497 863 1823 919 desiderium

254 960 487 1027 gustant,
517 954 611 1009 sed
640 968 708 1008 ne
737 953 803 1009 ad
835 953 886 1008 id
916 954 1056 1023 quod
1090 955 1321 1024 probant
1351 954 1698 1024 perveniant,
1726 955 1824 1009 hu-

251 1044 333 1114 ius
375 1043 501 1098 vitae
543 1058 637 1099 eos
667 1042 751 1099 vel
791 1044 1051 1108 adversa,
1100 1043 1370 1108 terrendo,
1415 1043 1500 1098 vel
1545 1059 1822 1115 prospera,

252 1132 590 1195 blandiendo,
637 1134 933 1187 retardant.
966 1132 1166 1188 Contra
1208 1147 1327 1202 quae
1356 1141 1586 1204 utraque
1630 1136 1825 1190 damna

251 1233 434 1275 semen
462 1218 605 1289 quod
635 1227 919 1289 acceperat
953 1220 1115 1275 tutari
1150 1220 1409 1286 curabat,
1446 1221 1537 1290 qui
1569 1225 1648 1276 ait
1676 1241 1687 1275 :
1720 1221 1827 1276 Per

214 1312 217 1313 ⁷
250 1327 396 1375 invia
429 1310 655 1382 justiliw
689 1327 722 1364 a
761 1309 958 1365 dextris
999 1321 1049 1366 et
1092 1312 1341 1378 sinistris,
1378 1328 1470 1383 per
1507 1312 1730 1384 gloriam
1775 1323 1827 1368 et

248 1399 621 1471 ignobilitatem
646 1429 675 1467 ,-
713 1416 805 1471 per
849 1400 1147 1470 infamiam,
1191 1410 1241 1456 et
1285 1402 1474 1456 bonam
1503 1402 1724 1473 famam,
1769 1414 1825 1457 ut

247 1491 545 1546 seductores
579 1501 629 1546 et
680 1508 889 1546 veraces
915 1501 933 1561 t
964 1491 1025 1545 II
1061 1490 1185 1548 Cor.
1216 1508 1270 1548 vt
1297 1493 1338 1565 ).
1379 1494 1472 1549 His
1501 1508 1629 1566 ergo
1656 1495 1826 1551 tribus

247 1591 410 1635 terra:
442 1580 736 1653 generibus
769 1581 907 1637 scito
934 1596 1154 1648 omnes,
1190 1582 1282 1652 qui
1318 1581 1554 1638 Verbum
1583 1583 1826 1638 auditum

244 1684 350 1724 non
384 1668 590 1725 l‘aciunt
630 1685 751 1726 esse
780 1670 1036 1742 signatos.
1072 1670 1301 1729 Attende
1337 1672 1467 1742 quid
1504 1672 1705 1729 dictum
1733 1674 1822 1738 sit,

242 1761 493 1813 continuo
514 1759 932 1814 scandalizatur.
964 1761 1059 1815 Est
1086 1776 1216 1831 ergo
1237 1761 1415 1832 aliqua
1455 1762 1708 1817 distantia
1743 1762 1820 1817 in-

1927 592 2122 647 derans
2157 590 2409 645 maritum
2448 590 2621 662 pingit
2653 596 2710 645 et
2736 587 3044 659 coniugem.
3091 586 3383 659 Sexaginta
3429 589 3501 644 ad

1929 681 2138 745 viduas,
2169 695 2235 735 eo
2255 679 2400 751 quod
2427 679 2486 733 in
2520 679 2767 750 angustia
2801 687 2858 735 et
2888 677 3235 734 tribulatione
3260 679 3370 734 sint
3398 691 3497 750 po-

1925 772 2044 827 sitae
2093 791 2107 825 :
2147 770 2289 825 unde
2335 778 2393 825 et
2437 770 2491 824 in
2545 769 2825 839 superiore
2871 767 3040 839 digito
3089 768 3493 839 deprimuntur;

1926 871 2235 932 quantoque
2276 856 2448 928 maior
2493 866 2579 915 est
2613 858 2897 914 dililcultas
2937 865 3176 927 experta!
3221 857 3496 927 quendam

1926 953 2216 1022 voluptatis
2259 949 2527 1007 illecebris
2562 950 2852 1015 abstinere,
2888 956 3038 1005 tanto
3075 948 3249 1020 maius
3279 958 3334 1004 et
3361 963 3502 1019 pm-

1927 1032 2135 1097 miumg
2148 1040 2318 1096 Porro
2343 1039 2669 1095 centesimus
2695 1052 2954 1093 numerus
2984 1053 3165 1108 quaeso
3192 1037 3505 1109 diligentes,

1926 1129 2115 1197 lector,
2145 1131 2383 1193 attende,
2423 1145 2452 1185 a
2481 1130 2701 1184 sinistra
2742 1127 3067 1183 transfertur
3093 1129 3161 1183 ad
3192 1127 3495 1194 dexteram,

1926 1228 1982 1277 et
2021 1222 2224 1276 eisdem
2270 1221 2486 1289 quidem
2539 1219 2750 1289 digitis,
2786 1218 2881 1273 sed
2926 1213 3034 1272 non
3082 1218 3270 1273 eadem
3314 1234 3496 1281 manu,

1925 1310 2122 1380 quibus
2152 1310 2204 1362 in
2240 1309 2368 1362 laeva
2399 1322 2558 1361 manu
2589 1314 2767 1376 nuptae
2799 1304 3189 1375 signiﬁcantur,
3230 1314 3284 1360 et
3324 1307 3519 1362 vidumt

1926 1401 2184 1457 circulum
2223 1400 2426 1455 faciens
2450 1399 2705 1470 exprimit
2730 1398 3057 1470 virginitatis
3078 1414 3359 1455 coronam.
3390 1401 3500 1455 Ali-

1926 1498 2029 1556 ter,
2059 1499 2297 1553 ceutum.
2347 1491 2440 1560 qui
2468 1491 2827 1559 computando
2851 1505 2882 1544 a
2918 1490 3141 1544 sinistra
3168 1490 3506 1545 transierun-

1928 1588 2018 1635 tur
2055 1582 2121 1636 ad
2146 1581 2460 1646 dexteram,
2496 1588 2644 1635 recte
2684 1580 2737 1634 in
2786 1579 3183 1651 signiﬁcatione
3224 1588 3522 1650 ponuntur:

1925 1681 2196 1741 perpetuae
2242 1671 2613 1736 beatitudinis,
2656 1671 2925 1741 siquidem
2966 1671 3208 1742 triginta,
3245 1680 3302 1727 et
3346 1686 3524 1727 sexa-~

1927 1761 2074 1834 ginta
2120 1762 2174 1814 in
2220 1760 2350 1816 laeva
2397 1760 2575 1816 adhuc
2627 1775 2790 1814 manu
2842 1760 3247 1826 continentur,
3282 1766 3517 1817 centunr

244 1855 328 1903 ter
360 1862 488 1902 eum
532 1848 622 1917 qui
668 1848 849 1904 multis
890 1850 1326 1906 tribulationibus
1360 1851 1639 1922 parnisque
1671 1866 1821 1907 com-
1852 1862 1900 1922 Β
1928 1857 2208 1906 transeunt
2232 1850 2301 1904 ad
2333 1849 2631 1904 dexteram.
2672 1848 3319 1921 Quamvisienim-rmagua
3348 1851 3519 1917 ﬁdes,-

240 1937 464 2006 pellitur
491 1937 764 1993 Christum
787 1952 1004 2010 negare,
1026 1950 1082 1995 et
1101 1954 1223 1995 eum
1246 1941 1337 2010 qui
1369 1940 1438 1995 ad
1465 1942 1821 2012 propinquam

240 2024 585 2095 primamque
623 2027 1055 2096 persecutionem
1097 2030 1278 2084 statim
1310 2029 1714 2085 scandalizatur
1771 2038 1828 2086 et

238 2115 471 2170 corruit.
514 2110 643 2170 Item
690 2116 847 2187 hujus
873 2119 1058 2174 mundi
1092 2118 1310 2175 divitias
1344 2136 1684 2191 nequaquam
1714 2122 1824 2177 Do-

235 2204 425 2259 minus
452 2204 687 2270 divitias,
720 2207 814 2261 sed
841 2206 1061 2263 fallaces
1091 2209 1306 2265 divitias
1335 2211 1588 2282 appellat.
1618 2209 1824 2284 (σι-ες.)

238 2291 490 2350 Fallaces
513 2296 656 2350 enim
701 2303 845 2360 sunt,
894 2312 1015 2367 quae
1057 2299 1337 2355 nobiscum
1376 2302 1469 2367 diu
1507 2317 1827 2371 permanere

236 2399 348 2440 non
370 2393 636 2454 possunt;
677 2385 896 2442 fallaces
922 2380 1070 2452 sunt,
1101 2403 1220 2457 qum
1249 2390 1447 2444 mentis
1481 2399 1677 2445 nostrae
1709 2392 1826 2445 ino-

237 2472 392 2541 piam
426 2488 530 2527 non
556 2474 850 2545 expellunt.
888 2475 1042 2530 'Sola':
1076 2484 1257 2531 autem
1285 2477 1484 2532 divitia1
1510 2492 1652 2534 verae
1678 2489 1823 2545 sunt,

235 2576 364 2631 qua:
395 2578 494 2618 nos
539 2563 825 2619 virtutibus
864 2564 1058 2621 divites
1096 2564 1320 2621 faciunt.
1358 2566 1661 2624 Notandum
1694 2586 1827 2626 vero

234 2662 360 2720 est,
395 2653 537 2723 quod
564 2668 837 2724 exponens
874 2657 1131 2713 Dominus
1161 2658 1312 2723 dicit,
1359 2660 1483 2729 quia
1515 2660 1829 2717 sollicitudi-

234 2761 360 2811 nes,
416 2754 472 2801 et
521 2746 841 2817 voluptates,
881 2757 937 2803 et
977 2749 1178 2805 divitias
1219 2749 1500 2806 suffocant.
1549 2751 1828 2810 Sull'ocant

229 2835 389 2889 enim
416 2874 432 2899 ,
481 2835 608 2904 quia
649 2836 971 2906 importunis
1025 2839 1442 2909 cogitationibus
1487 2842 1601 2897 suis
1647 2850 1829 2914 guttur

229 2928 449 2982 mentis
487 2929 845 3000 strangulant,
892 2938 948 2985 et
973 2930 1102 2987 dum
1136 2932 1336 2987 bonum
1379 2933 1706 2989 desiderium
1744 2935 1826 2989 iu-

230 3025 392 3071 trare
423 3018 488 3072 ad
510 3033 608 3072 cor
633 3033 737 3074 non
774 3020 987 3087 sinunt,
1032 3022 1187 3090 quasi
1215 3021 1419 3077 aditum
1460 3022 1619 3079 ﬂatus
1647 3025 1828 3081 vitalis

227 3117 464 3164 necant.
497 3109 797 3167 Notandum
825 3114 987 3168 etiam
1018 3114 1161 3184 quod
1190 3115 1297 3170 duo
1322 3125 1448 3170 sunt
1475 3131 1595 3185 quae
1623 3117 1828 3174 divitiis

1926 1954 2045 2010 qua:
2089 1939 2246 1994 nobis
2294 1938 2659 2011 cognitionem
2712 1938 2883 1993 nostri
2921 1937 3237 1995 conditoris:
3276 1940 3505 2006 revelat,

1925 2044 2118 2100 magna
2146 2028 2257 2084 sint
2281 2042 2445 2098 opera
2486 2027 2681 2097 quibus
2722 2026 2885 2091 fides,
2922 2041 2992 2081 ne
3028 2026 3102 2083 sit
3139 2028 3507 2091 otiom,con—

1925 2124 2248 2181 summatur,
2283 2115 2338 2169 in
2384 2117 2487 2170 hac
2525 2124 2705 2170 tamen
2739 2115 2900 2170 ambo
2932 2121 3062 2170 sunt
3094 2114 3204 2171 vita
3246 2132 3506 2171 necessa-

1925 2209 2026 2263 ria.
2056 2207 2079 2277 (ρ
2098 2205 2269 2277 Aug.)
2305 2205 2593 2260 Praemium
2620 2220 2751 2260 vero
2786 2205 2908 2260 ﬁdei
2938 2214 2996 2262 et
3022 2206 3354 2277 operationis
3382 2223 3502 2278 qua:

1926 2311 2024 2366 per
2053 2294 2393 2351 dilectionem
2422 2303 2709 2350 exercetur
2742 2295 2794 2348 in
2827 2295 3004 2349 futura
3031 2304 3114 2351 est
3146 2298 3252 2351 vita
3280 2313 3509 2368 sperati--

1927 2388 2075 2442 dum.
2125 2385 2249 2441 Sive
2282 2384 2458 2450 aliter,
2507 2384 2647 2440 bona
2693 2394 2833 2440 terra
2875 2386 3230 2441 centesimum
3269 2387 3511 2442 l'ructum-

1928 2476 2033 2532 l'ert
2073 2484 2368 2546 martyrum
2411 2485 2632 2544 propter
2679 2476 2984 2530 satietatem
3024 2476 3173 2540 vitae,
3221 2486 3278 2531 et
3313 2492 3507 2533 conce-

1926 2575 2077 2637 ptum
2110 2567 2318 2622 mortis.
2366 2565 2775 2637 Sexagesimqu
2797 2566 3066 2638 virginum
3092 2575 3313 2636 propter
3332 2568 3511 2622 alitum

1928 2657 2172 2721 interius,
2216 2659 2343 2727 quia
2390 2675 2498 2713 non
2544 2668 2784 2730 pugnant
2826 2669 3014 2715 contra
3054 2662 3535 2716 consuetudinem:

1928 2749 2127 2811 carnis,
2161 2748 2299 2803 solet
2331 2749 2476 2803 enim
2503 2750 2676 2805 otium
2712 2750 2936 2805 concedi
2975 2752 3346 2822 sexagenariis
3384 2760 3511 2822 post

1928 2837 2208 2904 militiam,
2261 2838 2344 2893 vel
2398 2848 2517 2908 post
2559 2840 2801 2895 actiones
2841 2839 3103 2910 publica.
3145 2840 3502 2896 Tricesinnnu

1928 2930 2356 3001 coniugatorum,
2406 2930 2533 3000 quia
2560 2931 2674 2986 lucc
2697 2938 2781 2987 est
2798 2939 2943 2987 aetas
2977 2931 3367 3002 praedantium;
3400 2933 3513 3002 ipsi.

1928 3022 2071 3077 enim
2122 3022 2322 3076 habent
2368 3021 2632 3076 acriorem
2675 3020 3020 3085 conﬂictum,
3074 3037 3144 3077 ne
3188 3022 3515 3078 libidinibus

1929 3120 2273 3184 superentur.
2326 3113 2456 3169 Post
2524 3114 2640 3169 bare
2684 3115 2850 3169 verba
2900 3114 3111 3169 Domini
3167 3115 3414 3185 sequitur
3448 3115 3511 3169 in-

221 3197 444 3283 iungit,
485 3201 873 3260 sollicitudines
916 3206 1167 3261 videlicet
1211 3214 1266 3262 et
1309 3208 1642 3279 voluptates;
1698 3210 1823 3280 quia
1854 3226 1899 3288 ς
1932 3203 2183 3259 Mallhﬂ‘o
2205 3211 2260 3259 et
2284 3204 2529 3259 dicitur:

227 3288 493 3360 profecto
526 3298 581 3346 et
619 3307 716 3362 per
760 3304 946 3348 curam
986 3303 1220 3355 mentem
1260 3299 1591 3367 opprimunt,
1631 3308 1687 3355 et
1729 3315 1829 3371 per

230 3377 577 3435 aanentiam
614 3380 924 3449 resolvunt;
964 3400 1024 3439 re
1066 3385 1208 3439 enim
1250 3387 1520 3441 contraria
1555 3403 1831 3457 possessm

230 3488 326 3529 res
350 3487 486 3528 suos
513 3480 567 3526 et
588 3471 817 3529 alﬂictos
844 3483 900 3529 et
926 3474 1165 3531 lubricos
1191 3476 1413 3532 faciunt.
1444 3477 1552 3534 Sed
1576 3480 1703 3549 quia
1732 3496 1827 3535 vo-

230 3562 425 3632 luptas
478 3562 771 3618 convenire
813 3579 937 3619 cum
986 3563 1275 3620 amictioue
1324 3582 1431 3621 non
1483 3577 1681 3637 potest,
1723 3569 1829 3625 alio

231 3654 465 3723 quidem
517 3663 756 3724 tempore
804 3668 903 3725 per
950 3656 1209 3710 custodite
1251 3673 1362 3712 sua:
1411 3658 1828 3717 sollicitudinem

229 3744 511 3816 alﬂigunt,
550 3753 713 3815 atque
747 3744 853 3801 alio
880 3761 978 3816 per
1006 3748 1393 3803 abundantiam
1424 3751 1493 3805 ad
1523 3751 1831 3822 voluptates

228 3835 551 3890 emolliunt.
1123 3859 1125 3861 ί

306 3925 423 3992 Qui
455 3943 575 3980 vero
610 3915 892 3982 iit-terram
923 3930 1111 3984 bonum
1155 3930 1443 3984 seminatus
1472 3940 1580 3996 est,
1626 3931 1713 3985 hic
1753 3943 1833 3987 est

230 4016 326 4085 qui
349 4015 509 4068 audit
550 4016 784 4083 verbum,
825 4026 871 4072 et
907 4018 1180 4089 intelligit,
1217 4028 1266 4074 et
1296 4018 1524 4085 fructum
1557 4021 1747 4090 affert,
1782 4032 1832 4076 et
1878 4093 1882 4096 ‘

231 4107 371 4178 facit
395 4106 553 4161 aliud
582 4109 792 4179 quidem
827 4111 1181 4176 centesimum,
1217 4110 1363 4165 aliud
1402 4121 1577 4167 autem
1611 4129 1832 4185 sexage-

228 4198 463 4265 simum,
513 4198 662 4253 aliud
706 4216 824 4254 vero
873 4200 1209 4255 tricesimum.
1257 4200 1550 4274 (Hierom)
1598 4201 1749 4260 Sicut
1778 4205 1832 4260 in

234 4297 394 4348 terra
446 4290 593 4345 mala
631 4298 743 4347 tres
775 4289 924 4347 luere
971 4292 1333 4358 diversitates,
1383 4309 1540 4350 secus
1572 4297 1737 4361 viam,
1777 4306 1835 4353 et

233 4393 499 4456 petrosa,
545 4390 602 4439 et
625 4383 839 4453 spinosa
870 4384 1005 4447 loca,
1045 4385 1126 4441 sic
1165 4385 1219 4440 in
1249 4394 1395 4442 terra
1414 4387 1560 4442 bona
1586 4389 1726 4443 trina
1751 4390 1834 4445 di-

234 4478 486 4534 versitas
512 4483 603 4531 est
642 4476 944 4541 centesimi,
968 4477 1285 4550 sexagesimi
1314 4476 1542 4544 fructus,
1587 4489 1642 4535 et
1671 4481 1832 4538 trice-

2005 3292 2117 3365 [ll.]
2142 3293 2314 3347 Aliam
2336 3293 2642 3364 parabolam
2663 3295 2931 3365 proposuit
2951 3295 3046 3359 eis,
3076 3294 3254 3349 dicens
3280 3307 3299 3346 :
3323 3294 3511 3350 Simile

1930 3396 2004 3438 est
2052 3400 2265 3454 regnum
2307 3384 2555 3438 caelorum
2601 3384 2799 3440 homini
2853 3386 2944 3457 qui
2999 3378 3270 3441 seminavit
3309 3386 3513 3442 bonatus:

1930 3490 2103 3529 semen
2138 3475 2192 3530 in
2220 3491 2346 3546 agro
2374 3492 2491 3529 suo.
2525 3475 2662 3531 Nola
2687 3477 2830 3547 quod
2854 3478 3026 3534 audis.
3070 3478 3280 3544 Aliam,
3314 3479 3508 3551 inquit,
3532 3522 3543 3530 .

1929 3564 2234 3635 parabolam
2278 3567 2542 3637 proposuit
2589 3567 2665 3621 eis
2706 3568 2902 3623 dicens.
2963 3568 3202 3625 Sedebat
3237 3584 3366 3641 ergo
3405 3569 3545 3626 Βοα-

1931 3656 2110 3710 minus
2139 3656 2191 3709 in
2223 3657 2370 3720 navi,
2413 3657 2567 3711 turba
2609 3658 2667 3711 in
2707 3658 2888 3712 littore
2937 3660 3140 3725 maris;
3187 3660 3273 3714 illi
3296 3662 3544 3728 procula.

1930 3744 2178 3812 discipuli
2201 3744 2366 3798 vicini
2390 3745 2715 3808 audiebant;
2746 3746 3000 3815 proponit
3025 3746 3105 3802 eis
3141 3754 3196 3801 et
3219 3747 3378 3803 aliam
3416 3766 3517 3819 par-

1930 3831 2175 3885 rabolam
2202 3831 2358 3899 quasi
2396 3832 2546 3886 dives
2566 3832 2966 3901 paterfamilias
2989 3834 3240 3891 invitatos
3280 3836 3547 3895 diversis

1932 3918 2180 3974 reﬁciens
2208 3920 2381 3984 cibis,
2430 3928 2492 3974 ut
2514 3921 2887 3993 mmsquisqne
2930 3923 3225 3994 secundum
3257 3935 3509 3986 patinam

1930 4010 2197 4065 etomrcbi
2233 4010 2315 4065 sui
2352 4011 2499 4065 varia
2535 4010 2801 4071 alimenta.
2836 4016 3156 4084 susciperet.
3193 4015 3512 4073 Usidocri'u

1933 4102 2114 4173 priore
2159 4100 2413 4170 parabola
2458 4117 2564 4155 non
2614 4101 2757 4156 dixit
2796 4102 3054 4169 alteram,
3093 4106 3188 4160 sed
3225 4106 3420 4162 aliam-
3453 4109 3522 4164 Si:

1932 4195 2076 4250 enim
2120 4193 2475 4265 puemisisset
2515 4194 2764 4261 alteram;
2788 4194 3105 4265 exspectare
3150 4199 3365 4253 tertiam
3405 4218 3510 4257 non

1928 4297 2260 4360 poteramus.
2293 4287 2559 4343 Praemisit
2582 4287 2745 4342 aliam
2772 4295 2833 4345 nt
2858 4287 3038 4358 plures
3063 4300 3377 4359 sequantur.
3403 4292 3512 4350 Sed

1931 4382 2067 4451 quia-
2087 4381 2204 4436 baee
2230 4379 2467 4435 secunda
2502 4379 2758 4450 parabola
2787 4393 2910 4436 cum
2937 4380 3382 4451 interpretatione
3412 4400 3523 4441 sua

1933 4489 2038 4528 non
2070 4473 2252 4529 statim
2280 4475 2525 4545 exposita
2555 4476 2790 4539 est,-sed
2815 4475 3112 4545 interiectis
3134 4478 3264 4534 aliis.
3282 4481 3525 4550 parabo-

232 4567 390 4622 simi.
440 4567 511 4620 Et
540 4566 594 4620 in
633 4565 725 4621 illa
769 4575 968 4632 autem,
1000 4576 1055 4621 ct
1084 4567 1137 4622 in
1180 4568 1283 4622 ista
1326 4582 1432 4623 non
1459 4576 1671 4624 ‘mutata
1705 4572 1832 4627 ευδ-
1856 4569 1910 4629 D
1936 4565 2002 4621 lis
2027 4567 2311 4634 edisserta.
2358 4568 2445 4624 hic
2465 4570 2745 4639 quidema
2775 4567 3059 4625 Salvatorc
3088 4571 3427 4641 proponitur,
3450 4583 3540 4630 et:

232 4657 477 4720 stantia,
522 4655 617 4711 sed
660 4656 909 4711 voluntas
927 4672 949 4720 ;‹
980 4664 1035 4711 et
1071 4665 1180 4711 tam
1221 4658 1623 4715 incredulorum
1669 4675 1829 4730 quam

231 4747 592 4804 credentium
621 4748 783 4802 corda
809 4756 935 4802 sunt
952 4763 1073 4818 quae
1095 4762 1278 4803 semen
1306 4750 1587 4819 recipiunt.
1624 4749 1833 4819 Omnis,

231 4838 461 4908 inquit,
513 4837 603 4907 qui
641 4835 790 4890 audit
834 4835 1043 4890 verbum
1094 4836 1249 4904 ﬁdei,
1299 4845 1347 4891 et
1402 4854 1506 4892 non
1552 4837 1840 4909 intelligit,

234 4927 382 4981 venit
427 4924 627 4985 malus,
673 4934 721 4978 et
767 4925 905 4995 rapit
948 4923 1087 4993 quod
1110 4925 1421 4979 seminatum
1461 4934 1535 4980 est
1578 4926 1635 4979 in
1679 4927 1834 4981 corde

166 5022 172 5029 '
235 5019 397 5086 ejus;
430 5024 491 5071 et
513 5014 768 5079 secundo,
805 5023 861 5069 et
888 5014 1069 5081 tertio,
1109 5013 1211 5069 Hic
1247 5025 1349 5081 est,
1391 5017 1489 5083 ait,
1516 5018 1841 5088 gui‘verbum'

236 5103 425 5160 auait.
457 5103 517 5158 In
540 5103 876 5173 expositione
899 5119 1114 5174 quoque
1136 5111 1295 5160 terra:
1320 5106 1494 5171 boum,
1525 5107 1621 5162 iste
1647 5118 1721 5162 est

236 5196 401 5249 audit
425 5193 671 5259 uerbum,
712 5203 760 5248 et
784 5193 1045 5265 intelligit,
1088 5204 1137 5250 et
1160 5194 1391 5280 fructum
1430 5197 1609 5266 affert,
1631 5207 1683 5252 et
1707 5198 1848 5268 facit

235 5285 402 5340 aliud
452 5285 810 5353 centesimum,
852 5285 1005 5340 aliud
1036 5296 1209 5341 autem
1238 5291 1655 5359 sexagesimum,
1689 5291 1853 5347 aliud‘

235 5392 366 5430 vero
425 5374 1057 5431 tricesimumaPrimum
1107 5391 1237 5448 ergo
1295 5377 1563 5435 debemus
1604 5381 1854 5448 audire,

234 5462 455 5520 deinde
484 5462 801 5550 intelligere,
829 5472 886 5519 et
907 5472 1030 5533 post
1055 5465 1457 5536 intelligentiam
1487 5466 1692 5524 fructus
1714 5472 1835 5526 red-

232 5555 383 5609 dere
430 5552 831 5620 doctrinarum,
874 5562 934 5610 et
980 5554 1164 5611 facere
1203 5557 1295 5610 vel.
1324 5556 1560 5613 fructum
1602 5562 1829 5616 centesi-

235 5660 429 5710 mum,
466 5642 558 5701 vel
602 5645 1033 5716 sexagesimum,
1061 5646 1147 5701 vel
1187 5647 1537 5703 tricesimum.
1588 5636 1853 5721 Triginta-

236 5737 513 5789 releruut
547 5728 618 5788 ad
661 5735 873 5805 nuptias
896 5748 922 5800 ι
958 5751 1082 5789 nam
1118 5745 1174 5791 et
1206 5736 1320 5811 ipsa
1365 5736 1656 5808 digitorum
1698 5754 1833 5794 cono

1935 4664 2122 4725 postea
2149 4657 2383 4714 dimissis
2412 4660 2595 4715 turbis.
2620 4673 2745 4715 cum
2773 4661 2989 4717 domum
3029 4663 3248 4719 venitur
3274 4666 3509 4737 roganti-

1936 4746 2053 4801 bus.
2076 4746 2353 4818 discipulis
2396 4751 2703 4820 exponitur.
2735 4750 3122 4809 ldeointerim
3153 4755 3324 4811 donec
3346 4757 3422 4813 ab
3443 4748 3508 4813 eo
3542 4786 3548 4797 ~

1937 4835 2218 4892 audiamus
2274 4838 2615 4910 allegoricam
2666 4840 2795 4911 eius
2834 4845 3249 4913 expositionem
3280 4848 3529 4903 disseras-

1937 4941 2077 4983 mus.
2113 4927 2358 4983 Breviter
2383 4938 2563 4985 tamen
2593 4933 2649 4987 in
2690 4933 2859 5004 ipsius
2883 4937 3154 5006 parabolxe
3185 4940 3514 5009 contman-

1937 5020 2085 5077 tione
2120 5021 2188 5076 ad
2233 5021 2492 5077 moralem
2536 5023 2961 5104 instructionem.
2992 5028 3192 5097 aliquid
3243 5036 3514 5085 tentemus

1935 5111 2135 5176 dicere,
2181 5126 2250 5166 ne
2297 5110 2434 5166 forte
2471 5119 2581 5166 tam
2624 5129 2833 5170 sacram
2879 5114 3163 5171 lectionem
3208 5116 3515 5183 audientes,

1935 5201 2055 5257 sine
2087 5200 2264 5271 aliqua
2303 5200 2659 5259 aediﬁcatione
2697 5214 2880 5261 nostra
2916 5214 3319 5276 praetereamus.
3350 5206 3520 5264 Docet

1936 5293 2205 5348 euimnos
2233 5293 2479 5364 simplici
2509 5310 2789 5363 sermone,
2835 5299 2881 5353 si
2906 5297 3517 5354 camuriteintellexeri-

1939 5399 2105 5450 πως,-
2127 5383 2326 5445 bonam
2369 5384 2696 5440 voluntatem
2709 5422 2721 5433 -.
2748 5385 2967 5440 habere.
3014 5384 3198 5440 Docet
3218 5384 3517 5449 cautelam,

1940 5474 2099 5529 docet
2123 5473 2475 5542 patientiam,
2504 5475 3086 5539 docetdiscretionem,
3126 5475 3297 5531 doeet-
3329 5475 3512 5547 longa-

1940 5562 2271 5627 nimitatem,
2313 5563 2471 5620 docet
2498 5571 2552 5619 et
2585 5562 2872 5633 justitiam.
2912 5563 3060 5630 Quae
3083 5564 3263 5618 omnia
3308 5565 3377 5619 iu-
3398 5567 3520 5622 suis

1916 5652 2078 5707 locis
2094 5652 2395 5708 distinetim
2418 5652 2664 5708 dicemus
2694 5652 2838 5723 ipsas
2878 5652 3153 5725 Evangelii
3193 5657 3518 5724 sententias,

1939 5744 2058 5809 qum
2106 5757 2174 5796 ca
2218 5742 2589 5799 demonstrant
2622 5751 3005 5814 proponentes.
3055 5742 3268 5813 Simile,
3306 5745 3507 5819 inquit,
