3978 6190
438 389 586 478 en

1116 420 1177 475 B.
1217 417 1473 474 RABANI
1512 413 1730 474 MKURI
1767 410 2085 470 ARCHIEP.
2127 408 2436 467 MOGUNT.
2473 409 2760 468 OPERUM
2798 410 2978 467 PARS
3018 410 3061 466 1.

3621 414 3718 472 958

472 550 549 596 est
599 554 814 609 regnum
862 534 1107 593 caelorum
1150 537 1349 592 homini
1410 536 1500 606 qui
1554 534 1828 590 seminavit
1866 531 2059 586 bonum
2086 528 2138 590 A
2163 542 2261 583 sua
2304 525 2682 583 communione
2726 525 2959 581 devincti
3010 531 3157 590 sunt,
3189 524 3408 580 nomine
3456 525 3722 585 fasciculo-

472 645 647 684 semen
690 628 747 681 in
790 643 917 699 agro
946 642 1061 681 suo.
1110 625 1318 682 Bonum
1365 626 1511 683 enim
1552 639 1746 680 semen
1777 623 1831 678 in
1865 636 2057 694 agrum
2158 635 2279 675 rum
2317 618 2678 690 signiﬁcavit;
2712 625 2771 673 ut
2795 618 2908 689 jam
2940 625 3068 673 tunc
3111 616 3375 687 incipiant
3417 618 3623 691 alligari
3660 623 3722 678 ad

474 731 630 773 suum
678 729 785 771 non
820 716 923 770 nisi
961 718 1137 771 bonus
1184 716 1435 772 seminat.
1467 714 1587 784 Ipse
1637 714 1824 784 utique
1863 712 1956 783 qui
1999 711 2055 766 in

474 820 705 876 corpore
753 820 852 861 suo
901 820 1086 860 semen
1134 806 1289 861 bona:
1332 804 1623 859 voluntatis
1671 803 1740 858 ad
1789 802 2052 857 bonorum

467 910 697 969 operum
724 895 905 950 studet
940 894 1237 965 perducere
1282 893 1538 949 fructum.
1571 894 1640 947 Et
1668 893 1774 948 iste
1806 891 1944 947 bene
1980 891 2055 946 si-

468 984 616 1042 milis
640 999 806 1056 regno
850 984 1108 1040 caelorum
1147 984 1376 1050 dicitur,
1426 984 1511 1039 cui
1542 998 1639 1054 per
1672 982 1852 1039 omnia
1895 990 2053 1052 aptus

469 1094 589 1135 esse
617 1080 895 1150 probatur.
1817 1085 1821 1089 ‘

541 1171 675 1227 Cum
697 1180 871 1226 autem
899 1170 1185 1225 dormirent
1211 1169 1446 1224 homines
1477 1170 1613 1224 venit
1635 1168 1881 1223 inimicus
1909 1167 2046 1237 ejus,

466 1272 516 1317 et
550 1261 975 1333 superseminavit
1005 1260 1219 1315 zizania
1252 1260 1306 1313 in
1342 1259 1510 1314 medio
1547 1260 1729 1313 tritici.
1771 1257 1897 1313 Haec
1930 1258 2051 1327 qni-

466 1352 590 1407 dem
630 1350 898 1407 sententia
934 1358 1119 1404 cautos
1167 1364 1265 1403 nos
1310 1361 1431 1404 esse
1473 1348 1747 1413 admonet,
1786 1355 1848 1401 ut
1882 1347 1928 1401 si
1965 1360 2049 1401 se-

465 1458 589 1497 men
622 1442 822 1497 bonum
858 1441 913 1495 in
959 1455 1090 1510 agro
1119 1446 1304 1494 nostro
1333 1439 1639 1510 germinare
1666 1438 1913 1501 velimus,
1945 1436 2048 1491 ini-

465 1532 592 1587 mici
614 1532 819 1587 semina
849 1546 1160 1587 caveamus.
1192 1529 1271 1585 Ne
1306 1530 1434 1584 dum
1470 1544 1658 1587 somno
1696 1528 1905 1585 inertia:
1935 1536 2048 1584 tor-

460 1638 673 1693 pemus,
709 1618 945 1677 fructum
970 1621 1169 1678 laboris
1196 1621 1367 1697 nostri
1393 1622 1704 1691 perdamus.

533 1710 664 1765 Cum
707 1721 881 1765 autem
937 1711 1173 1766 crevisset
1212 1712 1392 1776 herba,
1441 1720 1490 1766 et
1535 1712 1767 1781 fructum
1812 1711 2040 1781 fecisset,

2156 710 2602 776 comburendum,
2631 724 2756 765 cum
2777 725 2809 762 a
2837 707 3103 764 catholica
3138 710 3517 765 communione
3554 727 3723 782 segre-

2156 799 2266 870 gati
2296 814 2421 854 suas
2458 799 2710 871 proprias
2735 798 2887 869 quasi
2914 797 3172 853 ecclesias
3208 798 3413 854 habere
3449 801 3721 869 cmperint,

2155 898 2215 943 ut
2239 889 2545 944 combustio
2573 903 2759 945 earum
2786 888 2858 942 sit
2885 887 2939 941 in
2970 885 3079 940 line
3113 885 3314 952 seculi,
3348 902 3459 941 non
3499 888 3723 959 alligatis

2153 978 2553 1035 fasciculorum.
2584 977 2688 1034 Sed
2716 976 2762 1033 si
2794 978 2869 1032 ita
2908 985 3078 1041 esset,
3107 975 3289 1031 multae
3317 993 3425 1032 non
3456 977 3571 1049 jam
3599 979 3725 1037 resi-

2150 1069 2405 1140 piscendo
2445 1078 2501 1125 et
2527 1070 2582 1125 in
2611 1070 2935 1126 catholicam
2978 1069 3268 1124 remeando
3294 1068 3363 1125 ab
3387 1084 3573 1127 errore
3609 1072 3720 1130 des-

2150 1160 2436 1215 ciscereut.

2220 1251 2559 1320 Quapropter
2583 1258 2634 1306 et
2660 1251 2900 1320 alligatio
2928 1251 3306 1309 fasciculorum
3343 1250 3396 1306 in
3426 1250 3531 1307 fine
3554 1250 3715 1309 futura

2146 1350 2250 1406 est,
2301 1350 2359 1396 ut
2412 1358 2518 1396 non
2575 1342 2818 1407 confuse,
2865 1344 2958 1400 sed
3014 1359 3113 1414 pro
3156 1344 3317 1399 molo
3361 1345 3717 1415 perrersitatis

2145 1447 2258 1488 sua:
2284 1433 2702 1505 uniuscujusque
2730 1436 2933 1492 erroris
2979 1436 3279 1507 pertinacia
3321 1435 3600 1506 puniatur.
3647 1437 3717 1491 Ne

2144 1524 2280 1594 forte
2319 1524 2615 1596 colligentes
2661 1527 2869 1581 zizania
2895 1526 3171 1581 eradicetis
3200 1526 3359 1581 simul
3387 1536 3435 1582 et
3473 1526 3711 1581 triticum.

2150 1612 2344 1670 Utrum
2392 1615 2519 1684 quia
2573 1614 2739 1669 etiam
2783 1615 3061 1671 bonicum
3114 1616 3295 1671 adhuc
3354 1614 3557 1670 infirmi
3602 1623 3718 1670 sunt

2143 1719 2279 1776 Opus
2313 1705 2514 1761 habent
2555 1706 2607 1760 in
2650 1706 2972 1775 quibusdam
3035 1705 3301 1760 malorum
3350 1705 3712 1775 permistione,

463 1813 589 1857 tunc
629 1813 984 1872 apparuerunt
1030 1803 1258 1857 zizania.
1300 1805 1638 1857 Accesserant
1686 1813 1862 1858 autent
1906 1803 2041 1858 servi

2145 1794 2256 1850 sive
2280 1804 2339 1849 ut
2359 1808 2456 1865 per
2480 1809 2575 1850 eos
2618 1803 2993 1860 exerceantur,
3039 1795 3154 1850 sive
3201 1804 3262 1849 ut
3288 1809 3474 1849 eorum
3517 1809 3713 1864 compa.

462 1870 888 1961 patrisfamilias,
927 1902 976 1946 et
1013 1894 1259 1946 dixerunt
1301 1894 1350 1946 ei
1385 1909 1402 1947 :
1432 1892 1683 1959 Domine,
1735 1910 1904 1949 nonne
1946 1894 2040 1949 bo-
2065 1870 2114 1930 Β
2142 1888 2349 1943 ratione
2397 1902 2588 1959 magna
2635 1886 2740 1943 illis
2785 1887 3092 1943 exhortatio
3127 1886 3242 1953 ﬁat,
3277 1895 3335 1940 ut
3381 1886 3625 1941 nitantur
3652 1886 3715 1940 ad

465 1999 590 2037 num
615 2000 790 2038 semen
821 1985 1090 2039 seminasti
1121 1986 1175 2039 in
1203 2001 1333 2054 agro
1364 1985 1498 2039 tuo?
1541 1983 1691 2039 Unde
1726 1998 1847 2055 ergo
1888 1985 2041 2039 habet

462 2075 710 2128 zizania?
729 2084 777 2128 et
807 2075 881 2128 ait
910 2074 1015 2128 illis
1038 2088 1057 2126 :
1078 2074 1334 2128 Inimicus
1356 2075 1509 2128 homo
1550 2075 1648 2128 hoc
1676 2074 1816 2143 fecit.
1846 2075 1904 2129 In
1935 2075 2041 2131 ista

462 2180 593 2236 ergo
625 2165 891 2219 sententia
929 2167 1307 2221 documentum
1353 2166 1507 2220 nobis
1535 2167 1806 2237 praebetur
1833 2167 2041 2237 patien-

465 2256 583 2321 tiae;
639 2256 764 2325 quia
818 2256 959 2311 sicut
1015 2257 1104 2312 hic
1159 2255 1550 2326 paterfamilias
1603 2256 1827 2312 inimici
1858 2257 2038 2312 dolum

462 2346 685 2400 sciendo
714 2361 818 2401 non
863 2347 1065 2401 exarsit
1091 2347 1145 2401 in
1190 2347 1302 2413 ira,
1348 2362 1450 2402 nec
1490 2362 1616 2402 mox
1651 2347 1836 2404 ulcisci
1867 2347 1919 2402 in
1950 2347 2041 2403 illo

465 2436 655 2500 voluit,
675 2436 768 2490 sed
794 2436 1059 2505 patienter
1085 2436 1451 2507 eispectavit,
1485 2436 1557 2490 ita
1581 2444 1637 2491 et
1661 2451 1762 2492 nos
1790 2451 1911 2490 cum
1938 2437 2039 2491 ali-

462 2541 625 2593 quam
669 2525 940 2581 laesionem
990 2527 1058 2581 ab
1104 2526 1338 2581 inimicis
1382 2526 1581 2581 nostris
1627 2526 2034 2598 acceperimus,

460 2629 565 2669 non
594 2615 779 2669 statim
804 2615 870 2669 ad
901 2615 1196 2670 vindictam
1224 2630 1598 2685 prorumpere,
1645 2615 1742 2670 sed
1770 2615 1944 2685 magis
1969 2614 2040 2669 ad

461 2706 715 2762 virtutem
744 2706 1014 2776 patientia:
1040 2722 1325 2762 recurrere
1353 2708 1630 2763 debemus.

528 2794 676 2850 Servi
702 2805 876 2851 autem
920 2797 1166 2850 dixerunt
1202 2797 1249 2850 ei
1280 2812 1300 2850 :
1339 2794 1424 2850 Vis
1464 2796 1622 2860 imus,
1658 2804 1706 2850 et
1747 2794 2040 2866 colligimus

453 2890 560 2943 ea?
609 2889 680 2943 Et
717 2890 793 2943 ait
842 2888 951 2944 illis
975 2906 995 2943 :
1034 2888 1181 2954 Non,
1225 2906 1288 2944 ne
1329 2889 1463 2959 forte
1486 2889 1782 2960 colligentes
1807 2890 2040 2953 zizania,

456 2979 736 3033 eradicetis
784 2978 943 3033 simul
973 2996 1092 3033 cum
1146 2970 1225 3033 ei;
1270 2988 1319 3033 et
1373 2979 1626 3033 triticum.
1679 2979 1820 3035 Ecce
1872 2979 2043 3033 habes

457 3068 768 3138 exemplum
789 3068 1152 3125 discretionis.
1197 3068 1598 3140 lEqnanimiter
1620 3083 1750 3140 ergo
1781 3069 2041 3126 debemus

460 3156 687 3212 sufferre
711 3157 880 3212 malos
902 3167 1120 3228 propter
1144 3158 1334 3215 bonos.
1364 3158 1442 3213 Ne
1468 3158 1607 3215 forte
1634 3159 1680 3214 si
1719 3175 1748 3213 a
1784 3159 1941 3214 malis
1968 3160 2040 3214 ir-

453 3248 605 3303 ritati
633 3248 811 3303 vicem
854 3249 934 3303 eis
971 3248 1282 3303 ulciscendo
1321 3248 1641 3316 referamus,
1689 3249 1847 3305 bonis
1880 3264 2037 3305 occa-

455 3339 664 3394 sionem
695 3338 932 3394 scandali
967 3339 1322 3408 praebeamus.

527 3427 696 3484 Sinite
724 3437 944 3498 utraque
969 3443 1198 3482 crescere
1225 3444 1385 3497 usque
1428 3427 1499 3480 ad
1541 3443 1779 3482 messem.
1816 3427 1885 3482 Et
1908 3428 2039 3497 quid

455 3520 512 3574 in
552 3520 656 3574 hoc
700 3518 805 3573 nisi
848 3517 1273 3588 longanimitatis
1313 3516 1600 3572 mdiiicatio
1643 3516 1800 3572 nobis
1845 3518 2040 3575 datur?

455 3608 571 3666 Non
601 3609 746 3664 enim
769 3623 936 3677 parvo
960 3616 1202 3676 tempore
1230 3607 1483 3662 virtutem
1515 3607 1788 3677 patientia:
1816 3609 2037 3676 habere,

452 3703 549 3759 sed
576 3716 747 3772 usque
771 3701 838 3757 ad
870 3700 1032 3755 linem
1057 3699 1183 3755 vitae
1218 3699 1599 3771 longanimiter
1627 3700 1774 3756 illam
1819 3716 2041 3760 servare

348 3808 363 3869 ;
456 3793 735 3849 debemus.
780 3790 933 3847 Unde
974 3790 1101 3847 alibi
1129 3789 1391 3860 scriptum
1434 3798 1518 3845 est
1557 3809 1572 3844 :
1605 3791 1709 3858 Qui
1742 3809 2041 3863 persevera-

455 3883 584 3938 verit
623 3897 788 3953 usque
831 3882 888 3935 in
920 3881 1077 3950 ﬁnem
1116 3880 1200 3934 hic
1231 3879 1406 3935 salvus
1443 3881 1541 3935 erit
1581 3880 1819 3953 (Matth.
1862 3883 2036 3954 xxiv).

458 3974 566 4029 Sed
585 3974 715 4044 quid
739 3972 1070 4045 longanimis.
1098 3972 1200 4027 iste
1221 3970 1609 4043 paterfamilias
1631 3972 1688 4028 in
1716 3973 1824 4030 line
1851 3973 2039 4043 faciat,

458 4066 761 4122 audiamus.

528 4157 599 4212 Et
637 4158 694 4211 in
736 4167 969 4227 tempore
991 4157 1174 4212 messis
1202 4157 1376 4212 dicam
1406 4158 1724 4215 messoribus
1747 4176 1769 4218 :
1793 4156 2038 4232 Colligite

454 4248 686 4319 primum
714 4247 920 4301 zizania
939 4286 955 4308 .
993 4256 1041 4302 et
1069 4246 1280 4318 alligate
1301 4264 1365 4303 ea
1390 4249 1447 4303 in
1481 4249 1765 4319 fasciculos
1791 4252 1862 4306 ad
1892 4270 2037 4308 com-

456 4336 769 4393 burendum.
810 4334 1065 4392 Triticum
1110 4347 1287 4392 autem
1339 4349 1645 4411 congregata
1690 4343 1746 4395 in
1794 4342 2037 4399 horreum

457 4447 653 4486 meum.
678 4430 781 4499 Qui
809 4438 935 4485 ante
963 4445 1062 4499 per
1090 4430 1549 4501 longanimitatem
1577 4432 1847 4502 patienter
1871 4436 2039 4491 susti-

2063 3211 2111 3275 C

2142 1981 2385 2037 melius?
2436 1980 2640 2049 Quibus
2692 1980 2919 2036 sublatis
2966 1978 3198 2035 altitudo
3245 1978 3532 2034 charitatis
3571 1976 3711 2047 quasi

2140 2071 2326 2126 evulsa
2373 2080 2694 2130 marcescat.
2741 2069 2896 2138 Quod
2937 2079 3022 2126 est
3066 2070 3356 2135 eradicari,
3407 2084 3536 2124 nam
3568 2068 3643 2123 sic
3665 2075 3714 2120 et

2139 2162 2431 2250 Apostolus
2492 2167 2588 2233 ait,
2627 2174 2682 2220 ut
2732 2165 2787 2217 in
2830 2165 3085 2220 charitate
3137 2162 3363 2217 radicati
3414 2170 3463 2215 et
3518 2160 3716 2230 fundati

2139 2254 2346 2324 possitis
2392 2254 2819 2327 comprehendere
2868 2254 3094 2325 (Ephes.
3121 2253 3236 2325 ιιι).
3260 2252 3346 2306 An
3396 2250 3539 2306 forte
3590 2251 3718 2304 idem

2140 2344 2297 2398 simul
2335 2347 2641 2401 eradicatur
2688 2345 2927 2401 triticum
2957 2360 3079 2400 cum
3137 2343 3458 2398 auferuntur
3498 2342 3719 2395 zizania?

2140 2435 2264 2504 quia
2296 2435 2446 2489 multi
2474 2437 2649 2504 primo
2678 2436 2885 2492 zizauia
2936 2444 3094 2499 sunt,
3144 2442 3202 2489 et
3249 2441 3436 2503 postea
3481 2431 3717 2485 triticum

2140 2524 2299 2589 (lunt,
2354 2526 2398 2580 si
2444 2524 2722 2591 tollantur,
2754 2524 2821 2579 ad
2863 2524 3186 2579 laudabilem
3237 2523 3595 2576 mutationem
3624 2536 3719 2574 non

2139 2616 2500 2686 perveniunt?
2528 2617 2716 2686 Itaque
2745 2617 2791 2672 si
2834 2616 3005 2672 evnlsi
3030 2615 3251 2679 fuerint,
3296 2612 3456 2669 simul
3485 2612 3720 2668 eradica-

2140 2719 2229 2765 tur
2248 2718 2303 2765 et
2330 2711 2590 2776 triticum,
2612 2713 2755 2781 quod
2783 2710 2952 2766 futuri
2978 2718 3182 2776 essent,
3208 2710 3255 2766 si
3275 2710 3358 2766 eis
3385 2717 3717 2780 parceretur.

2145 2800 2407 2871 Sequitur
2428 2801 2713 2858 Mattbams
2735 2812 2791 2857 et
2811 2802 2942 2857 dicit
2969 2820 2983 2855 :

2213 2893 2344 2965 [7111.]
2367 2893 2542 2947 Aliam
2564 2894 2868 2964 parabolam
2895 2894 3163 2965 proposuit
3189 2893 3263 2948 eis
3300 2892 3480 2946 dicens
3502 2905 3522 2942 :
3552 2887 3723 2944 Simile

2137 2996 2213 3042 est
2257 3000 2471 3057 regnum
2508 2984 2755 3040 calorum
2792 3003 2955 3057 grano
3004 2984 3224 3055 sinapis,
3275 2983 3419 3054 quod
3456 2981 3714 3051 accipietis

2140 3077 2293 3131 homo
2324 3076 2596 3131 seminavit
2635 3075 2689 3130 in
2723 3091 2851 3146 agro
2881 3091 2995 3129 suo.
3023 3074 3178 3141 Quod
3212 3072 3486 3127 minimum
3518 3070 3721 3141 quidem

2140 3175 2214 3221 est
2258 3164 2496 3220 omnibus
2538 3165 2858 3231 seminibus;
2890 3182 3009 3218 cum
3054 3176 3226 3219 autem
3274 3166 3516 3227 creverit,
3557 3162 3722 3231 majus

2140 3265 2216 3310 est
2261 3254 2497 3308 omnibus
2547 3254 2793 3323 oleribus,
2827 3265 2874 3309 et
2922 3254 2981 3323 [it
3021 3254 3209 3318 arbor,
3258 3253 3330 3306 ita
3382 3261 3440 3306 ut
3493 3251 3718 3305 volucres

2137 3347 2252 3403 caeli
2294 3349 2544 3412 veniant,
2588 3356 2636 3400 et
2683 3346 2912 3400 habitent
2977 3345 3031 3398 in
3068 3343 3226 3398 ramis
3270 3342 3408 3412 ejus.
3469 3340 3714 3411 Regnum

2129 3438 2399 3494 caelorum
2448 3437 2760 3508 praedicatio
2798 3434 3072 3504 Evangelii
3102 3441 3203 3496 est.
3240 3440 3296 3488 et
3331 3432 3525 3486 notitia
3567 3430 3714 3486 Scri-

2135 3536 2441 3599 pturarum,
2468 3543 2590 3596 qua:
2629 3526 2776 3581 ducit
2797 3524 2865 3579 ad
2892 3525 3082 3589 vitam,
3110 3532 3165 3578 et
3190 3524 3255 3578 de
3294 3538 3400 3593 qua
3427 3522 3631 3577 dicitur
3651 3519 3717 3574 ad

2138 3618 2382 3687 Judmos:
2422 3616 2706 3686 Auferetur
2735 3632 2768 3668 a
2808 3614 2949 3668 vobis
2986 3630 3200 3684 regnum
3241 3612 3360 3677 Dei,
3402 3621 3451 3665 et
3495 3611 3712 3665 dabitur

2138 3710 2274 3780 genti
2303 3708 2515 3779 facienti
2550 3706 2775 3776 fructum
2799 3704 2933 3775 ejus.
2979 3702 3163 3759 Simile
3217 3713 3292 3757 est
3328 3716 3458 3770 ergo
3504 3715 3720 3771 regnum

2140 3799 2386 3855 caelorum
2416 3814 2581 3870 grano
2606 3797 2827 3867 sinapis,
2847 3796 2987 3867 quod
3015 3796 3278 3866 accipiens
3306 3795 3464 3848 homo
3492 3796 3724 3847 semina-

2142 3889 2213 3944 vit
2238 3888 2291 3942 in
2321 3903 2449 3957 agro
2475 3903 2572 3942 suo
2596 3884 2812 3957 (Matth.
2844 3884 2979 3957 XXI).
3002 3884 3155 3952 Quia
3182 3884 3452 3955 plerisque
3479 3881 3726 3937 Salvator

2141 3976 2481 4047 intelligitur,
2505 3974 2650 4045 quod
2678 3974 2732 4029 in
2759 3975 2957 4030 animis
2986 3975 3322 4030 credentium
3357 3974 3618 4029 seminat.
3648 3973 3727 4027 Ab

2141 4073 2264 4129 aliis
2303 4087 2432 4127 vero
2467 4072 2580 4142 ipse
2610 4072 2794 4136 homo,
2828 4070 2921 4139 qui
2965 4070 3196 4125 seminat
3226 4069 3278 4123 in
3325 4084 3458 4139 agro
3503 4085 3630 4133 suo,
3677 4067 3725 4121 id
3772 4100 3781 4125 ι

2138 4180 2245 4234 est,
2290 4168 2345 4223 in
2388 4167 2676 4235 semetipso
2714 4165 2845 4221 etin
2871 4165 3034 4220 corde
3059 4178 3177 4219 suo.
3223 4163 3357 4230 Quis
3382 4171 3469 4219 est
3503 4165 3613 4220 istc
3640 4177 3727 4231 qui

2139 4259 2395 4323 seminat,
2426 4256 2528 4312 nisi
2555 4271 2749 4311 sensus
2798 4264 2981 4310 noster
3021 4261 3078 4308 et
3113 4253 3373 4309 animus?
3417 4253 3515 4323 qui
3557 4253 3727 4309 susci-

2138 4352 2293 4423 piens
2328 4364 2553 4421 granum
2596 4346 2992 4416 ptmdicationis
3014 4385 3031 4412 ,
3077 4354 3137 4400 et
3186 4342 3381 4400 fovens
3426 4354 3728 4399 sementem

2139 4442 2367 4497 humore
2408 4437 2565 4502 fidei,
2613 4437 2745 4493 facit
2791 4437 2846 4492 in
2876 4450 3007 4508 agro
3057 4434 3141 4490 sui
3168 4435 3405 4507 pectoris
3434 4434 3726 4504 pullulare.

459 4522 598 4619 nuit,
625 4523 783 4577 modo
809 4537 910 4590 per
940 4519 1445 4619 iustitiam-meritis
1469 4522 1734 4619 condigna
1769 4524 2032 4593 rependit.
2064 4559 2116 4619 D
2141 4530 2456 4586 Pragdicatio
2478 4528 2752 4599 Evangelii
2774 4527 2996 4582 minima
3019 4535 3105 4583 est
3128 4527 3379 4581 onmibus
3402 4526 3727 4597 disciplinis,

459 4611 733 4680 Nobisque
773 4610 1078 4679 exemplum
1122 4610 1177 4663 in
1217 4611 1319 4665 hoc
1347 4610 1554 4675 tribuit,
1598 4619 1659 4666 ut
1695 4613 1748 4668 in
1788 4615 2040 4683 patiendo

451 4700 720 4770 justitiam
751 4699 1090 4763 meditemur,
1124 4706 1181 4754 et
1203 4699 1255 4752 in
1281 4699 1573 4770 iudicando
1596 4702 1912 4771 patientiam
1942 4706 2040 4760 ba-

458 4792 591 4846 bere
633 4806 741 4845 non
775 4788 1129 4859 negligamns.
1177 4788 1255 4844 ιω
1276 4789 1422 4844 enim
1463 4791 1650 4860 copula
1682 4792 1944 4848 virtutum
1982 4795 2037 4849 in

458 4882 682 4938 unitatis
732 4895 915 4936 massa
941 4887 1025 4935 est
1050 4879 1346 4945 collocata,
1381 4888 1440 4933 ut
1472 4895 1665 4936 carnes
1699 4882 1767 4938 ab
1807 4883 2037 4938 invicem

457 4987 557 5043 per
584 4972 955 5027 diversitatem
993 4970 1296 5040 specierum
1341 4970 1448 5026 sint
1478 4970 1742 5037 discretas,
1767 4982 1825 5028 et
1860 4983 2037 5030 tamen

458 5064 810 5135 sibimetipsis
836 5074 933 5132 per
957 5061 1400 5118 contrarietatem
1440 5061 1588 5118 nullo
1625 5063 1784 5118 modo
1812 5063 1920 5118 sint
1946 5064 2042 5120 ad-

457 5169 650 5211 versas.
700 5154 827 5211 Hace
875 5168 1092 5224 quoquo
1140 5152 1303 5209 modo
1339 5153 1494 5224 juxta
1539 5152 1937 5219 moralitatem,
1983 5161 2043 5209 ut

457 5247 830 5319 promisimus,
858 5245 1062 5301 dixisse
1089 5244 1336 5300 sufﬁciat.
1371 5242 1389 5316 (
1421 5242 1558 5315 Aug.
1587 5242 1606 5315 )
1632 5243 1815 5312 Quaeri
1860 5251 2038 5300 autem

458 5341 590 5411 illud
635 5347 841 5410 potest,
875 5337 1025 5408 quod
1061 5338 1157 5403 ait,
1202 5336 1415 5408 alligate
1451 5353 1515 5392 ea
1556 5336 1613 5390 in
1649 5335 1929 5406 fasciculos
1970 5337 2040 5392 ad

459 5430 887 5495 comburendum,
916 5446 1015 5486 cur
1034 5446 1141 5485 non
1169 5445 1337 5483 unum
1359 5427 1562 5485 fascem
1584 5437 1679 5484 aut
1699 5444 1864 5485 unum
1889 5445 2045 5488 acer-

460 5541 591 5581 vum
617 5523 951 5581 zizaniorum
978 5522 1092 5578 ileri
1120 5522 1355 5588 dixerit,
1406 5521 1509 5576 nisi
1538 5519 1678 5576 forte
1702 5528 1922 5592 propter
1943 5537 2040 5578 va-

461 5618 712 5673 rietatem
753 5614 1170 5680 haereticorum,
1215 5623 1271 5668 et
1298 5628 1402 5668 non
1430 5611 1605 5669 solum
1645 5628 1676 5667 a
1713 5613 1925 5681 tritico,
1951 5629 2042 5671 ve-

466 5723 588 5761 rum
627 5723 659 5761 a
699 5707 892 5777 seipsis
944 5705 1368 5779 discrepantium
1390 5746 1409 5772 ,
1467 5706 1581 5776 ipsa
1621 5705 2041 5777 uniuscujusque

466 5800 732 5857 haereseos
762 5798 981 5872 propria
1018 5798 1415 5860 conventicula,
1453 5798 1507 5852 in
1543 5798 1739 5864 quibus
1766 5798 2038 5870 sigillatim

2141 4622 2209 4677 ad
2238 4621 2465 4691 primam
2494 4620 2691 4690 quippe
2724 4618 3027 4674 doctrinam
3054 4617 3213 4673 fidem
3243 4633 3350 4671 non
3388 4618 3561 4673 habet
3587 4616 3731 4671 veri-

2143 4710 2297 4773 tatis,
2331 4708 2601 4764 hominem
2626 4708 2909 4764 Dominum
2938 4706 3110 4761 Deum
3140 4714 3436 4769 mortuum,
3488 4716 3551 4759 et
3574 4721 3730 4762 scan—

2141 4801 2321 4857 dalum
2370 4800 2553 4856 crucis
2585 4798 2906 4869 prmdicans.
2957 4796 3157 4854 Confer
3204 4798 3586 4868 hujuscemodi
3639 4797 3729 4850 do-

2140 4890 2371 4946 ctrinam
2395 4888 2731 4960 dogmatibus
2756 4887 3219 4958 philosophorum,
3253 4895 3309 4942 et
3330 4886 3484 4941 libris
3515 4902 3730 4950 eorum,

2142 4987 2198 5035 et
2217 4979 2486 5049 splendori
2509 4978 2852 5048 eloquentiae,
2874 4977 3367 5048 compositionique
3387 4990 3728 5037 sermonum,

2144 5077 2201 5125 et
2231 5067 2438 5123 videbis
2476 5075 2680 5138 quanto
2726 5067 2903 5121 minor
2935 5067 3008 5121 sit
3028 5066 3250 5122 .cazteris
3297 5065 3608 5121 seminibus
3648 5081 3734 5120 se-

2144 5159 2342 5214 mentis
2405 5158 2701 5227 Evangelii.
2762 5157 2870 5213 Sed
2915 5156 3003 5211 illa
3029 5172 3151 5211 cum
3219 5155 3528 5220 creverint.
3603 5154 3733 5210 nihil

2144 5253 2394 5318 mordax,
2455 5251 2592 5306 nihil
2636 5250 2895 5313 vividum,
2938 5249 3076 5304 nihil
3128 5248 3289 5303 vitale
3331 5248 3731 5308 demonssrant,

2143 5354 2313 5403 totum
2359 5342 2655 5413 placidum,
2708 5340 3117 5410 mareidumque
3140 5381 3160 5407 ,
3206 5348 3266 5395 et
3328 5337 3641 5395 emollitum
3682 5336 3736 5390 in

2144 5436 2326 5499 olera,
2379 5442 2435 5488 et
2484 5433 2539 5488 in
2578 5430 2813 5498 herbas,
2848 5445 2969 5501 quae
3014 5432 3124 5486 cito
3168 5437 3426 5485 crescunt
3481 5436 3547 5485 et
3610 5441 3732 5483 cor-

2143 5533 2330 5583 ruunt.
2370 5524 2498 5580 Hac
2544 5530 2726 5577 autem
2770 5520 3084 5591 praedicatio
3137 5521 3262 5591 quai
3303 5534 3474 5590 parva
3502 5516 3735 5574 videba-

2146 5627 2234 5676 tur
2255 5619 2311 5674 in
2346 5617 2632 5690 principio,
2657 5631 2779 5672 cum
2803 5615 2887 5671 vel
2931 5616 2986 5671 in
3014 5616 3194 5671 anima
3220 5612 3515 5675 credentis,
3549 5609 3643 5667 vel
3681 5608 3739 5663 iu

2142 5717 2255 5765 toto
2284 5709 2483 5765 mundo
2528 5717 2646 5764 sata
2686 5707 2872 5775 fuerit,
2909 5724 3017 5764 non
3053 5708 3295 5778 exsurgit
3329 5707 3383 5762 in
3410 5705 3584 5766 olera.
3641 5708 3743 5756 sed

2142 5797 2335 5853 crescit
2376 5797 2428 5852 in
2458 5797 2728 5865 arborem,
2775 5799 2848 5852 ita
2900 5807 2958 5852 ut
2999 5799 3244 5852 volucres
3285 5798 3407 5852 cadi
3455 5795 3622 5863 (quas
3654 5788 3743 5842 νεὶ
