4006 6194
310 279 420 338 9i!)

1271 267 1622 328 COMMENT.
1665 264 1734 322 IN
1772 263 2213 321 MA'ITll:EUM.
2250 294 2320 304 ——
2357 263 2485 317 LIB.
2527 263 2616 318 ιν.

3475 258 3580 316 950
3603 303 3609 311 .

311 396 526 448 animas
575 387 944 450 credentium,
1003 382 1087 438 vel
1143 381 1482 438 fortitudines
1531 379 1626 434 Dei
1670 378 1892 432 servitio
1919 374 2300 439 Arationabili
2349 373 2717 443 possideamus
2765 372 3126 443 prudentiam,
3169 372 3226 427 ln
3271 371 3350 426 ira
3397 373 3610 430 odium.

313 488 652 556 mancipatus
695 483 897 537 sentire
935 477 1212 542 debemus)
1260 476 1518 538 veniant,
1568 482 1623 528 et
1650 471 1899 526 habitent

314 581 370 636 in
393 579 561 634 ramis
585 576 721 646 ejus.
773 573 974 627 Ramos
998 579 1125 641 puto
1156 567 1476 638 evangeliea:
1504 564 1738 628 arboris,
1781 577 1900 631 quae

313 675 382 729 de
421 671 604 742 granis
649 667 854 736 sinapis
887 663 1139 727 creverit,
1167 663 1475 732 dogmatum
1506 669 1627 711 esse
1675 654 1902 709 diversi-

316 772 479 824 tates,
510 760 565 812 in
595 758 790 827 quibus
813 753 1242 823 supradictarum
1269 749 1542 802 volucrum
1573 757 1900 813 unaquaque

317 851 626 922 requiescit.
652 848 1004 902 Assumamus
1031 851 1086 896 et
1101 857 1197 896 nos
1216 854 1415 910 pennas
1440 835 1723 898 columba,
1756 843 1817 887 ut
1835 835 1902 888 ad

319 941 509 994 altiora
539 937 810 998 volantes,
860 932 1127 1002 possimus
1155 929 1400 984 habitare
1434 926 1486 979 in
1541 925 1707 979 ramis
1737 923 1902 991 hujus

318 1030 551 1090 arboris,
586 1036 643 1082 et
668 1026 880 1080 nidulos
908 1023 1060 1077 nobis
1085 1020 1266 1074 facere
1301 1018 1691 1078 doctrinarum,
1739 1024 1906 1068 terre-

322 1136 504 1190 naque
533 1119 818 1189 fugientes,
853 1115 919 1169 ad
949 1112 1189 1169 caelestia
1215 1110 1488 1163 festinare.
1541 1107 1688 1161 Multi
1729 1107 1907 1176 legen-

323 1220 408 1265 tes
453 1224 680 1279 granum
727 1205 930 1274 sinapis
968 1202 1248 1256 minimum
1289 1198 1540 1252 omnibus
1586 1197 1904 1261 seminibus.

322 1309 378 1354 et
429 1299 555 1353 illud
591 1299 734 1367 quod
779 1295 833 1349 in
876 1290 1164 1360 Evangelio
1213 1288 1430 1351 dicitur,
1476 1287 1723 1351 Domine,
1777 1302 1909 1355 auge

323 1391 472 1445 nobis
517 1389 710 1457 ﬁdem;
755 1394 808 1441 et
831 1383 1187 1453 respondetur
1217 1379 1298 1432 eis
1321 1394 1350 1430 a
1395 1377 1714 1433 Salvatore:
1747 1379 1910 1431 Anien

321 1482 442 1537 dico
468 1481 628 1543 vobis,
647 1479 770 1550 quia
787 1479 832 1531 si
851 1474 1104 1530 haberetis
1127 1472 1280 1540 ﬁdem
1297 1471 1428 1524 sicut
1452 1487 1672 1540 granum
1687 1471 1906 1539 sinapis,

321 1570 563 1626 diceretis
606 1568 770 1622 monti
812 1567 954 1629 huic,
991 1565 1161 1636 Migra
1191 1564 1388 1620 deloco
1420 1563 1539 1626 ista,
1581 1569 1631 1614 et
1661 1560 1908 1629 migraret

325 1657 477 1732 (Luc.
503 1654 663 1726 xvn),
694 1662 886 1725 putant
912 1653 1181 1723 apostolos
1209 1653 1290 1708 vel
1321 1669 1356 1723 p
1392 1667 1546 1705 rvam
1574 1649 1733 1704 fidem
1761 1655 1911 1717 pete-

2002 474 2189 520 contra
2220 466 2369 529 vitia,
2396 465 2446 518 in
2478 464 2742 520 desiderio
2773 464 3125 534 cupiditatem
3162 463 3422 518 virtutum
3462 480 3478 526 ;
3527 472 3586 520 et

2002 558 2104 610 hoc
2127 564 2294 610 totum
2327 555 2416 609 fiet
2435 570 2532 624 per
2551 555 2849 609 doctrinam
2880 553 3278 625 Evangelicam,
3302 566 3460 621 quam
3487 569 3582 606 no.-

2001 646 2084 700 bis
2115 657 2287 699 mater
2307 644 2546 698 Ecclesia
2573 645 2841 714 praestitit.
2875 644 3061 698 Dicam
3104 650 3159 698 et
3201 642 3414 697 tertiam
3449 657 3586 712 quo-

2004 735 2249 788 rumdam
2290 733 2714 804 intelligentiam,
2746 744 2801 788 ut
2829 734 3078 789 curiosus
3095 733 3262 788 lector
3286 748 3315 788 e
3341 731 3587 802 pluribus

2004 825 2145 900 quod
2180 824 2462 894 placuerit,
2495 825 2675 895 eligat.
2701 824 2978 878 Mulierem
3008 824 3165 878 istam
3187 831 3240 878 et
3267 823 3366 892 ipsi
3391 821 3585 877 Eccle-

2006 915 2141 969 siam
2164 913 2608 983 interpretantur,
2643 929 2762 983 quze
2795 912 2950 967 ﬁdem
2977 912 3211 966 hominis
3239 909 3427 967 farinae
3455 912 3598 966 satis.

2007 1007 2180 1060 tribus
2222 1006 2644 1069 commiscuerit,
2691 1004 2993 1058 credulitati
3037 1003 3214 1057 Patris
3254 1010 3307 1057 et
3353 1003 3493 1067 Filii,
3534 1012 3590 1056 et

2007 1094 2240 1165 Spiritus
2271 1095 2462 1148 sancti.
2491 1093 2732 1163 Cumque
2775 1093 2827 1146 in
2876 1107 3040 1145 unum
3088 1091 3253 1146 fuerit
3297 1089 3589 1146 fermenta-

2009 1199 2144 1249 tum,
2191 1199 2294 1237 non
2315 1199 2413 1237 nos
2441 1185 2505 1236 ad
2531 1183 2795 1251 triplicem
2825 1181 3016 1248 Deum,
3048 1181 3144 1236 sed
3166 1181 3233 1236 ad
3259 1181 3427 1235 unius
3445 1180 3590 1235 divi-

2009 1275 2192 1328 nitatis
2233 1274 2478 1344 perducit
2507 1273 2770 1327 notitiam.
2811 1271 3021 1327 Farinte
3060 1286 3274 1341 quoque
3317 1280 3432 1327 sata
3488 1270 3591 1324 tria

2009 1366 2136 1421 dum
2159 1381 2264 1420 non
2293 1374 2376 1420 est
2408 1367 2460 1419 in
2487 1365 2710 1435 singulis
2743 1364 2952 1419 diversa
2989 1372 3182 1418 natura
3221 1362 3288 1416 ad
3327 1362 3590 1415 unitatem

2011 1457 2234 1511 trahunt
2275 1457 2605 1511 substantiae”.
2638 1456 2764 1510 Pius
2793 1455 3009 1524 quidem
3051 1469 3263 1518 sensus,
3313 1453 3405 1507 sed
3455 1468 3592 1506 nun-

2011 1566 2171 1621 quam
2203 1550 2475 1621 parabolas
2522 1558 2578 1604 et
2619 1549 2777 1605 dubia
2821 1549 3168 1619 mnigmatum
3217 1545 3588 1614 intelligentia,

2010 1648 2188 1709 potest
2231 1639 2296 1693 ad
2342 1637 2716 1692 auctoritatem
2756 1637 3065 1708 dogmatum
3123 1634 3405 1705 prolicere.
3453 1632 3600 1687 Non--

325 1726 406 1810 re,
430 1745 514 1800 vel
543 1746 823 1799 Dominum
848 1745 912 1799 de
943 1759 1105 1812 parva
1146 1743 1249 1798 ﬁde
1291 1744 1556 1804 dubitare,
1607 1755 1729 1795 cum
1776 1754 1908 1808 apo-
1938 1726 1982 1784 Β
2010 1731 2140 1785 nulli
2164 1739 2219 1784 et
2240 1737 2487 1799 quartam
2517 1737 2725 1798 ponunt
2764 1730 3094 1798 opinionem,
3137 1728 3190 1781 in
3236 1727 3408 1781 tribus
3459 1726 3594 1780 satis

327 1835 498 1891 stolus
521 1834 718 1888 Paulus
742 1834 897 1888 ﬁdem
920 1848 1088 1904 grano
1113 1834 1317 1901 sinapis
1347 1837 1710 1899 comparatam
1738 1827 1910 1881 maxi-

325 1945 472 1984 mam
511 1929 732 1998 judieet.
785 1928 923 1995 Quid
950 1929 1092 1982 enim
1123 1928 1294 1982 dicit?
1346 1926 1407 1982 Si
1432 1925 1658 1979 habuero
1707 1927 1909 1973 tantam

329 2021 513 2089 ﬁdem,
553 2021 627 2072 ita
659 2029 711 2072 ut
759 2029 955 2073 montes
987 2018 1324 2087 transferam,
1379 2016 1684 2070 charitalcm
1733 2021 1910 2063 autem

330 2127 435 2163 non
477 2110 718 2174 habeam,
769 2109 897 2163 nihil
946 2109 1072 2162 mihi
1098 2110 1306 2179 prodest
1339 2106 1391 2177 (1
1416 2106 1538 2159 Cor.
1575 2101 1727 2172 xm).
1770 2100 1914 2169 Ergo

329 2199 475 2268 quod
517 2199 770 2253 Dominus
811 2200 945 2253 dixit
977 2199 1078 2252 fide
1133 2199 1271 2263 fieri,
1319 2214 1438 2268 quze
1487 2210 1656 2266 grano
1703 2191 1908 2260 sinapis

332 2297 712 2358 comparatur,
759 2290 865 2344 hoc
911 2288 1198 2358 Apostolus
1249 2287 1407 2342 docet
1452 2295 1562 2339 tota
1605 2283 1710 2337 ﬁde
1752 2294 1911 2351 posse

332 2377 470 2433 ﬁeri.
492 2377 654 2447 (Rau.
685 2379 702 2449 )
730 2379 996 2433 Potestin
1039 2394 1208 2448 grano
1237 2376 1441 2445 sinapis
1475 2375 1590 2444 ipsa
1621 2371 1912 2426 Dominicze

335 2465 722 2520 incarnationis
751 2466 1028 2520 humilitas
1069 2465 1315 2535 intelligi,
1339 2463 1478 2534 quod
1508 2471 1774 2528 acceptum
1810 2459 1909 2511 Ito-

337 2571 422 2607 mo
464 2555 600 2608 misit
624 2555 678 2608 in
723 2555 928 2608 hortum
953 2571 1127 2618 suum,
1175 2553 1317 2622 quod
1365 2567 1562 2622 corpus
1617 2546 1912 2602 Salvatoris

338 2644 632 2714 accipiens,
659 2642 856 2714 Joseph
899 2643 955 2696 in
993 2644 1151 2697 horto
1189 2641 1458 2711 sepelivit.
1506 2639 1689 2694 Crevit
1733 2645 1911 2690 autem

337 2741 396 2787 et
417 2732 613 2788 factum
640 2736 797 2788 estin
835 2734 1104 2798 arborem,
1136 2732 1280 2801 quod
1324 2727 1684 2784 resurrexerit
1731 2734 1784 2781 et
1823 2740 1910 2780 as-

333 2825 518 2878 cendit
538 2824 592 2878 in
617 2825 836 2879 caelum.
862 2823 1128 2894 Expandit
1155 2837 1337 2877 ramos
1366 2822 1420 2874 in
1443 2822 1636 2891 quibus
1665 2818 1913 2873 volucres

334 2915 460 2970 cteli
510 2917 926 2984 requiescerent,
962 2916 1105 2984 quod
1146 2914 1528 2985 praedicatores
1568 2911 1818 2980 dispersit
1859 2910 1912 2964 in

336 3005 617 3069 mundum,
649 3006 704 3058 in
737 3020 967 3074 quorum
987 3005 1144 3059 dictis
1172 3013 1334 3072 atque
1369 2999 1824 3056 consolationibus
1846 2999 1913 3052 ab

334 3091 499 3159 hujus
527 3093 646 3146 vitae
683 3092 998 3162 fatigatione
1028 3092 1216 3147 lideles
1243 3092 1446 3161 quique
1487 3090 1836 3160 respirarent.

415 3179 554 3253 [lV.]
591 3180 764 3234 Aliam
791 3181 1094 3252 parabolam
1123 3181 1327 3235 locutus
1361 3190 1434 3234 est
1474 3181 1568 3234 eis.
1619 3177 1805 3233 Simile
1841 3186 1914 3231 est

337 3285 555 3339 regnum
577 3270 820 3322 calorum
844 3271 1112 3338 fermento,
1139 3270 1276 3340 quod
1297 3279 1560 3338 acceptum
1585 3267 1771 3321 mulier
1793 3259 1914 3320 abs-

337 3359 518 3412 condit
543 3360 600 3411 in
644 3359 835 3427 farina:
859 3361 988 3413 satis
1013 3360 1199 3425 tribus,
1231 3360 1393 3414 donec
1433 3361 1802 3429 fermentatum
1840 3369 1916 3413 est

339 3457 529 3520 totum.
559 3450 578 3519 (
593 3449 810 3503 Hieron.
830 3449 847 3520 )
871 3450 1126 3505 Diversus
1155 3457 1240 3506 est
1267 3451 1542 3504 hominum
1571 3449 1912 3504 stomachus:

341 3537 433 3592 alii
464 3539 681 3604 amaris,
713 3540 801 3594 alii
825 3540 1088 3605 dulcibus,
1135 3541 1618 3605 hiausterioribus,
1665 3540 1741 3594 illi
1783 3539 1918 3595 leni-

339 3630 446 3687 bus
467 3631 798 3687 delectantur
822 3633 975 3687 cibis.
1001 3633 1256 3703 Pr0ponit
1281 3648 1410 3702 ergo
1430 3631 1687 3686 Dominus
1707 3640 1767 3683 ut
1801 3629 1918 3698 jam

341 3733 508 3788 supra
537 3721 791 3786 diximus,
839 3721 1082 3776 diversas
1117 3721 1418 3789 parabolas,
1450 3729 1511 3773 ut
1548 3721 1700 3788 juxta
1735 3720 1920 3774 vulne-

344 3825 464 3865 rum
489 3811 776 3867 varietates
795 3820 850 3866 et
879 3812 1142 3867 medicina
1179 3813 1389 3866 diversa
1423 3811 1512 3864 sit.
1558 3810 1746 3865 Mulier
1793 3810 1915 3875 ista,

341 3917 463 3971 quae
487 3902 804 3957 fermentum
834 3904 1048 3972 accipit,
1096 3911 1152 3958 et
1189 3902 1470 3958 abscondit
1517 3901 1644 3956 illud
1695 3900 1748 3954 in
1790 3901 1920 3956 satis

346 3994 518 4047 tribus
544 3993 750 4059 farinae,
781 3996 951 4049 donec
977 3993 1609 4056 fermentareturtotum,
1647 3991 1730 4046 vel
1780 4005 1920 4059 prte-

344 4085 543 4138 tlicatio
566 4086 698 4140 mihi
727 4087 937 4141 videtur
960 4086 1274 4155 apostolica,
1319 4085 1404 4139 vel
1451 4083 1690 4138 Ecclesia
1735 4098 1853 4152 qua:
1890 4096 1921 4136 e

344 4176 574 4231 diversis
599 4177 845 4245 gentibus
872 4185 1191 4247 congregata
1218 4185 1318 4231 est.
1365 4175 1488 4230 llaec
1531 4175 1650 4228 tulit
1686 4172 1922 4228 fermen-

346 4272 485 4330 tum,
528 4266 774 4320 notitiam
815 4266 1024 4322 scilicet
1067 4273 1122 4320 et
1167 4265 1568 4335 intelligentiam
1617 4263 1920 4331 Scr‘ptura-

346 4372 488 4422 rum,
516 4366 564 4411 et
594 4357 861 4414 abscondit
895 4358 1028 4412 illud
1057 4359 1111 4410 in
1143 4356 1331 4426 farinae
1354 4357 1482 4410 satis
1516 4355 1703 4419 tribus,
1731 4363 1789 4408 ut
1813 4354 1920 4423 spi-

347 4433 505 4513 ritus,
534 4456 590 4503 et
615 4448 812 4513 anima,
835 4457 891 4503 et
917 4464 1130 4518 corpus,
1159 4449 1211 4501 in
1235 4463 1398 4501 unum
1421 4447 1654 4509 redacta,
1680 4460 1786 4499 non
1811 4445 1919 4499 dis-

346 4547 570 4607 crepent
600 4541 742 4594 inter
765 4555 859 4604 se;
888 4540 979 4594 sed
1015 4555 1136 4594 cum
1183 4539 1410 4610 duobus,
1457 4537 1540 4591 vel
1577 4537 1746 4592 tribus
1790 4552 1916 4591 cono

345 4629 574 4692 venerit,
618 4630 966 4698 impetrarent
1005 4645 1033 4683 a
1082 4629 1239 4684 Patre
1285 4629 1639 4698 quodcunque
1684 4625 1920 4696 postula-

347 4724 545 4776 verint.
570 4723 859 4777 Disseritur
879 4722 1026 4776 locus
1053 4722 1152 4775 iste
1175 4728 1228 4774 et
1251 4721 1424 4775 aliter.
1451 4719 1702 4790 Legimus
1723 4717 1776 4770 in
1798 4717 1919 4770 Pla-

349 4820 499 4875 tone,
526 4822 576 4865 et
604 4812 1041 4881 philosophorum
1080 4813 1328 4880 dogmate
1370 4811 1639 4879 vulgatum
1686 4816 1769 4862 est
1811 4815 1922 4862 tres

350 4915 469 4954 esse
495 4901 548 4954 iu
576 4901 804 4954 humana
828 4903 1002 4954 anima
1025 4902 1320 4970 passiones,
1341 4906 1401 4958 τὸ
1419 4901 1628 4973 λογικὸν,
1655 4899 1797 4968 quod
1821 4913 1921 4952 nos

351 5006 634 5060 possumus
651 4991 990 5060 interpretari
1007 4990 1345 5054 rationabile;
1367 4996 1427 5048 τὰ
1443 4991 1761 5066 ὁργηστικὸν,
1782 4988 1924 5057 quod

351 5081 580 5134 dicimus
620 5081 828 5150 plenum
878 5083 994 5145 ine,
1051 5080 1132 5135 vel
1180 5079 1472 5141 irascibile;
1511 5084 1574 5135 τὸ
1613 5079 1921 5142 ἐπιποθικόν,

350 5173 492 5240 quod
517 5172 844 5242 appellamus
872 5169 1283 5241 concupiscibile.
1312 5169 1380 5222 Et
1403 5177 1557 5237 putat
1576 5167 1663 5221 ille
1691 5165 1925 5235 philoso-

351 5263 490 5331 phus
519 5263 833 5319 rationabile
857 5271 1100 5316 nostrum
1129 5261 1180 5313 in
1203 5259 1444 5322 cerebro,
1493 5258 1629 5311 iram
1673 5257 1728 5309 in
1778 5254 1923 5320 felle,

353 5352 676 5407 desiderium
708 5353 759 5407 in
783 5354 967 5423 jecore
995 5350 1334 5407 commorari.
1378 5348 1442 5401 Et
1469 5363 1572 5403 nos
1595 5361 1723 5416 ergo
1745 5346 1792 5400 si
1833 5361 1927 5400 ac—

352 5443 656 5511 ceperimus
701 5443 1021 5498 fermentum
1079 5438 1374 5508 Evangelii,
1435 5451 1556 5492 cum
1618 5443 1924 5488 sanctarum

357 5533 754 5603 Scripturarum
785 5533 995 5597 notitia,
1027 5532 1092 5584 de
1121 5545 1226 5598 quo
1252 5543 1411 5597 supra
1440 5527 1638 5579 dictum
1669 5530 1770 5586 est,
1815 5531 1926 5577 tres

350 5625 603 5678 lunatam:
630 5623 822 5678 anima:
845 5621 1123 5692 passiones
1143 5621 1200 5673 in
1219 5632 1388 5674 unum
1412 5616 1740 5685 redigentur,
1770 5623 1831 5666 ut
1871 5613 1922 5666 in

1945 4403 1996 4462 D

2011 1821 2173 1876 trium
2196 1821 2426 1874 ﬁliorum
2450 1819 2559 1874 Noe
2585 1820 2934 1890 prepaginem
2957 1819 3293 1888 recipientes,
3318 1818 3372 1871 in
3392 1817 3589 1887 quibus

2012 1919 2371 1966 restauratum
2427 1919 2510 1964 est
2559 1925 2730 1980 genus
2783 1911 3099 1975 humanum,
3146 1924 3282 1978 quos
3328 1908 3595 1963 fermento

2012 1999 2308 2071 Evangelii,
2337 1999 2533 2052 mulier
2555 1999 2810 2068 prmdicta
2845 1999 2896 2051 in
2934 1999 3194 2052 unitatem
3216 1998 3338 2052 ﬁdei
3368 1999 3587 2069 colligit.

2082 2091 2278 2162 (Ιὶω.)
2305 2092 2538 2145 Possunt
2568 2090 2744 2156 itaque
2767 2096 2962 2157 prteter
2984 2089 3099 2142 lucc
3123 2098 3176 2142 et
3202 2090 3254 2142 in
3295 2087 3482 2142 farina:
3509 2105 3594 2142 sa-

2012 2183 2079 2236 tis
2109 2184 2279 2236 tribus
2321 2181 2394 2234 illi
2435 2179 2698 2233 Dominici
2746 2178 2968 2233 seminis
3011 2177 3241 2242 fructus,
3288 2178 3593 2232 tricesimus

2010 2273 2216 2327 scilicet
2249 2270 2634 2341 sexagesimus,
2667 2280 2721 2324 et
2746 2271 3072 2325 centesimus
3107 2268 3346 2338 intelligi,
3395 2269 3447 2322 id
3489 2278 3593 2332 est,

2011 2362 2440 2434 conjugatorum,
2467 2359 2855 2425 continentum,
2887 2360 3176 2430 virginum.
3210 2357 3437 2412 Pulchre
3462 2357 3594 2412 dicit

2011 2463 2240 2510 eatenus
2289 2452 2662 2508 absconditum
2716 2453 2769 2506 in
2811 2451 2980 2505 farina
3030 2449 3373 2513 fermentum,
3433 2449 3600 2501 donec

2013 2547 2411 2616 fermentaretur
2440 2555 2624 2609 totum,
2647 2545 2774 2614 quia
2809 2543 3044 2597 Charitas
3090 2542 3142 2596 in
3185 2548 3369 2595 nostra
3417 2551 3597 2593 mente

2013 2636 2287 2690 recondita
2308 2649 2542 2703 eousque
2563 2646 2809 2687 crescere
2837 2632 3013 2694 debet,
3045 2631 3215 2684 donec
3247 2638 3411 2682 totam
3437 2642 3590 2680 mem

2015 2735 2118 2781 tem
2146 2727 2200 2780 in
2227 2726 2307 2782 sui
2331 2724 2720 2795 perfectionem
2744 2729 3060 2784 commutet,
3085 2727 3143 2773 ut
3169 2719 3301 2772 nihil
3345 2717 3598 2771 videlicet

2011 2824 2211 2886 prmter
2259 2817 2428 2886 ipsam
2481 2813 2775 2869 conditoris
2819 2813 2900 2867 sui
2952 2810 3292 2866 dilectionem
3348 2809 3602 2878 diligere,

2014 2923 2196 2977 agere,
2220 2906 2462 2962 recolere
2489 2905 2667 2958 anima
2696 2903 2884 2973 possit.
2929 2901 3079 2967 Quod
3107 2900 3194 2954 hic
3239 2899 3457 2968 quidem
3507 2897 3596 2952 in.-

2015 2997 2220 3060 cboari,
2247 2997 2339 3051 sed
2365 2995 2435 3050 ibi
2462 2995 2621 3049 habet
2644 2993 2854 3063 perlici,
2885 2991 2972 3045 ubi
3006 3006 3126 3044 eum
3151 2989 3222 3044 sit
3243 2988 3383 3041 Deus.
3420 2989 3606 3041 omnia=

1939 3069 1983 3132 Ο
2013 3090 2067 3142 in
2090 3089 2323 3142 omnibus
2346 3087 2406 3156 (I
2444 3086 2566 3141 Cor.
2605 3087 2739 3155 xv),
2775 3098 2963 3138 omnes
2998 3095 3106 3134 uno
3142 3080 3437 3158 eodemque
3488 3071 3624 3132 sure

2015 3178 2315 3234 dilectionis
2342 3178 2463 3248 igne
2481 3175 2742 3231 calefacit.
2779 3172 2967 3227 Satom
3011 3184 3179 3238 genus
3209 3175 3291 3222 est
3334 3182 3623 3221 mensurae-

2009 3266 2160 3338 juxta
2187 3285 2388 3324 morem
2412 3267 2699 3339 provinciae
2727 3264 3034 3327 Palestinte,
3055 3275 3218 3314 unum
3246 3266 3301 3313 et
3322 3257 3618 3313 dimidiunL

2017 3361 2253 3415 modium
2285 3359 2521 3428 capiens.

2090 3447 2217 3502 Ha‘c
2239 3449 2412 3501 omnia
2438 3446 2642 3500 locutus
2666 3452 2739 3498 est
2762 3443 2915 3497 Iesus
2938 3443 2992 3494 in
3015 3435 3279 3510 parabolis
3301 3437 3376 3488 ad
3395 3434 3612 3498 turbas,

2017 3551 2062 3595 et
2093 3540 2204 3593 sine
2222 3536 2483 3607 parabolis
2515 3552 2617 3588 non
2645 3533 2950 3604 loquebatur
2984 3531 3078 3583 eis.
3125 3527 3255 3581 Ilwc
3293 3528 3491 3589 omnia,
3521 3525 3604 3578 ius

2017 3631 2153 3699 quit,
2189 3628 2390 3681 locutus
2413 3636 2487 3679 est
2507 3623 2662 3678 Jesus
2685 3627 2738 3676 in
2759 3620 3020 3691 parabolis
3049 3618 3118 3670 ad
3139 3617 3337 3680 turbas,
3361 3625 3414 3669 et
3441 3615 3599 3683 reliq.

2020 3720 2134 3772 Non
2166 3719 2288 3786 quia
2319 3715 2451 3769 nihil
2480 3712 2693 3782 proprie
2715 3711 2925 3765 locutus
2953 3715 3056 3772 est,
3093 3707 3184 3760 sed
3231 3705 3357 3774 quia
3391 3704 3596 3758 nullum

2019 3807 2132 3862 fere
2157 3820 2458 3861 sermonem
2483 3801 2767 3869 explicavit
2796 3799 2886 3853 ubi
2908 3813 3013 3852 non
3050 3795 3251 3864 aliquid
3295 3810 3392 3865 per
3437 3809 3601 3864 para-

2017 3899 2193 3954 bolam
2227 3896 2568 3968 significavit,
2595 3892 2844 3964 quamvis
2880 3891 2932 3944 in
2976 3905 3042 3944 eo
3075 3888 3338 3960 aliqua_et
3384 3885 3601 3955 proprie

2020 3991 2235 4054 dixerit,
2262 3991 2332 4044 ita
2355 3995 2416 4043 ut
2437 4002 2578 4056 saepe
2607 3985 2912 4040 inveniatur
2941 3990 3082 4035 totus
3108 3996 3284 4035 sermo
3304 3980 3419 4049 ejus
3441 3994 3603 4048 parat-

2017 4082 2155 4137 bolis
2183 4080 2504 4149 explicatus,
2534 4086 2675 4132 totus
2711 4082 2890 4128 autem
2941 4069 3156 4142 proprie
3205 4068 3380 4122 dictus
3424 4065 3609 4121 nullus

2020 4170 2341 4225 inveniatur.
2371 4165 2661 4239 (Hieron.)
2689 4164 2751 4218 Et
2778 4160 3073 4217 notandum
3105 4157 3246 4227 quod
3287 4172 3393 4209 non
3442 4155 3604 4209 discis-

2017 4263 2178 4332 pulis,
2206 4260 2301 4315 sed
2349 4258 2521 4313 turbis
2558 4272 2657 4327 per
2696 4252 2982 4326 parabolas
3030 4250 3288 4320 loquitur,
3333 4257 3386 4303 et
3431 4263 3604 4320 usque

2021 4352 2178 4407 hodie
2205 4351 2375 4405 turbae
2404 4349 2458 4402 in
2485 4345 2754 4418 parabolis
2776 4343 3033 4407 audiunt,
3070 4348 3126 4395 et
3163 4338 3415 4410 discipuli
3455 4338 3616 4394 domi.

2024 4442 2358 4508 interrogant
2385 4437 2739 4492 Salvatorem.

2097 4531 2164 4585 Ut
2186 4529 2484 4601 impleretur
2509 4527 2648 4599 quod
2675 4525 2868 4579 dictum
2888 4530 2962 4577 est
2983 4538 3075 4593 per
3091 4519 3405 4590 Prophetam
3427 4519 3604 4572 dicen—

2023 4633 2124 4676 tem
2148 4638 2166 4675 :
2190 4620 2428 4691 Aperiam
2472 4619 2526 4672 in
2553 4614 2815 4688 parabolis
2841 4630 2897 4667 os
2921 4627 3114 4675 meum,
3146 4618 3192 4664 et
3219 4607 3460 4664 eructabo
3483 4607 3603 4662 abs.-

2025 4713 2234 4767 condita
2279 4729 2311 4764 α
2347 4709 2713 4763 constitutione
2741 4703 2943 4758 mundi.
2976 4701 3088 4758 Hoc
3126 4697 3492 4755 testimonium
3535 4695 3601 4750 de

2025 4800 2418 4871 septuagesimo
2447 4797 2676 4864 septimo
2698 4793 3197 4862 psalmosumptum
3222 4795 3323 4851 est,
3356 4786 3496 4856 quod
3543 4794 3600 4839 et

2024 4910 2091 4949 ex
2117 4906 2342 4964 persona
2368 4889 2577 4943 Domini
2601 4884 3108 4953 dicitur.Apcriam,
3133 4883 3227 4946 ait,
3253 4881 3305 4934 in
3335 4878 3602 4950 parabolis

2025 5003 2080 5039 os
2105 5001 2296 5046 meum,
2323 4993 2367 5036 et
2396 4982 2638 5035 eructaer
2665 4980 2966 5034 abscondita
2983 4995 3015 5032 a
3031 4975 3393 5030 constitutione
3417 4971 3603 5026 mundi

2028 5073 2209 5146 (Psal.
2234 5087 2410 5125 Lxxvn
2433 5072 2448 5139 )
2469 5110 2481 5123 .
2511 5067 2969 5124 Considerandum
2999 5073 3082 5120 est
3110 5078 3239 5134 ergo
3264 5059 3523 5116 attentius
3543 5068 3596 5113 et

2026 5162 2401 5217 inveniendum
2453 5160 2511 5213 in
2557 5173 2634 5213 eo.
2675 5156 2904 5212 describi
2958 5166 3230 5224 egressum
3272 5147 3484 5206 Israelis
3530 5149 3598 5208 de

2029 5251 2282 5322 Egypto,
2320 5258 2374 5302 et
2397 5249 2573 5302 omnia
2598 5248 2747 5317 signa
2779 5243 3009 5304 narrari,
3049 5255 3168 5310 qua:
3189 5240 3248 5294 in
3274 5237 3444 5295 Exodi
3471 5253 3592 5292 cou-

2029 5343 2270 5396 tinentur
2303 5340 2542 5393 historia.
2576 5338 2650 5392 Ex
2680 5353 2786 5406 quo
2822 5332 3167 5400 intelligimus
3209 5328 3460 5382 universa
3506 5325 3604 5382 illa

2028 5448 2146 5501 qum
2177 5430 2374 5498 scripta
2406 5436 2556 5493 sunt,
2574 5424 2878 5496 parabolice
2910 5419 3216 5483 sentienda;
3246 5432 3344 5472 nec
3373 5415 3595 5471 manife—

2027 5529 2164 5574 stam
2189 5532 2483 5573 consonare
2512 5517 2762 5576 litteram,
2787 5512 2880 5566 sed
2904 5507 3213 5564 abscondita
3238 5514 3592 5562 sacramenta.

2030 5609 2137 5663 lloc
2175 5609 2314 5663 enim
2349 5623 2405 5662 se
2435 5606 2685 5663 Salvator.
2712 5602 2976 5657 dicturum
3001 5614 3121 5654 csse
3152 5597 3434 5668 promittit,
3472 5610 3589 5666 ape-
