4006 6194
399 343 496 403 951
1031 339 1094 394 Β.
1133 339 1385 395 RABANI
1423 339 1642 396 MAURI
1679 337 1998 396 AllCHlEP.
2042 339 2348 398 MOGUNT.
2392 338 2676 398 OPERUM
2714 338 2893 396 PARS
2931 339 2972 396 l.
3548 342 3667 402 95'].

395 469 544 511 nens
567 466 630 508 os
655 463 812 508 suum
839 450 895 505 in
928 449 1222 520 parabolis,
1248 457 1304 505 et
1326 457 1577 504 eructans
1603 449 1916 506 abscondita
1939 464 1971 504 a
1997 458 2047 515 Α
2075 450 2285 505 cionem
2324 443 2598 514 criminis,
2628 450 2722 506 sed
2750 448 3096 506 manifestum
3123 460 3330 505 reatum
3355 457 3423 506 de
3445 463 3677 511 saneto-

394 544 776 604 coustitutione
809 543 991 598 mundi
1016 559 1030 597 ε
1053 543 1179 612 quia
1209 558 1313 596 non
1341 553 1414 597 est
1452 543 1689 596 inventus
1718 557 1878 612 neque
1913 542 1970 594 in
2074 555 2193 595 rum
2221 549 2364 595 ccetu
2393 539 2595 610 eiiciat.

395 634 546 700 caelo,
573 651 734 705 neque
755 635 808 688 in
837 643 994 697 terra,
1020 649 1182 703 neque
1206 633 1386 687 subtus
1408 643 1598 686 terram
1627 633 1743 703 quis
1781 631 1970 702 dignus
2141 628 2287 685 Sicut
2307 647 2430 701 ergo
2458 629 2773 700 colliguntur
2801 629 3031 696 sizania,
3057 640 3103 684 et
3123 629 3240 699 igne
3261 630 3677 696 comburuntur.

395 725 596 796 aperire
623 723 832 788 librum,
855 731 902 776 et
928 721 1121 776 solvere
1145 731 1336 791 septem
1366 719 1637 790 signacula
1683 719 1815 790 ejus,
1873 720 1974 773 nisi
2071 719 2147 772 sic
2174 719 2270 773 erit
2293 719 2348 772 in
2371 719 2815 774 consummatione
2843 717 3046 774 sttculi.
3071 717 3240 772 Hittet
3259 717 3405 787 ﬁlius
3433 721 3682 776 hominis

395 817 503 887 ipse
525 816 603 872 leo
626 815 690 870 de
718 814 854 869 tribu
883 813 1050 878 Juda;
1075 811 1230 866 radix
1254 812 1442 877 David,
1467 812 1556 882 qui
1576 811 1736 881 aperit
1753 819 1799 864 et
1825 826 1972 864 nemo
2071 807 2283 878 angelos
2302 825 2446 872 suos,
2472 818 2522 862 et
2545 808 2781 878 colligent
2803 808 2868 862 de
2897 824 3054 878 regno
3074 808 3192 878 ejus
3213 809 3556 874 scandala,et
3579 827 3680 865 eos

393 907 614 974 claudit,
645 906 864 966 claudit.
893 915 940 960 et
965 921 1114 960 nemo
1138 905 1301 974 aperit
1341 904 1534 976 (Apoc.
1565 904 1662 975 v),
1714 905 1886 958 virtus
1920 911 1975 956 et
2071 902 2159 970 qui
2176 901 2372 969 faciunt
2387 899 2789 970 iniq‘uitatem,et
2804 899 3003 953 mittent
3031 915 3120 952 eos
3149 898 3205 951 in
3227 899 3492 951 caminum
3505 899 3680 969 ignis;

395 999 658 1070 sapientia
687 996 803 1053 Dei.
2074 989 2144 1041 ibi
2169 989 2265 1041 erit
2290 989 2444 1058 ﬂetus
2476 997 2523 1041 et
2569 987 2771 1041 stridor
2802 987 3058 1041 dentium.
3104 985 3294 1043 Omnis
3321 988 3680 1043 immunditia

2077 1078 2130 1132 in
2159 1086 2339 1148 segete
2366 1077 2574 1131 zizania
2600 1077 2871 1131 dicuntur.
2916 1075 3069 1142 Quod
3127 1075 3302 1146 primo
3343 1087 3683 1146 separentur

470 1147 615 1204 Tunc
644 1148 873 1204 dimissis
893 1147 1056 1204 turbis
1077 1148 1210 1204 venit
1231 1150 1286 1204 in
1316 1151 1552 1215 domum,
1572 1159 1620 1204 et
1649 1157 1977 1204 accesserunt
2077 1147 2281 1220 limata
2313 1166 2533 1231 dicitur,
2556 1165 2682 1234 quia
2713 1165 3065 1220 tribulatione
3087 1166 3681 1238 ρι-ωρωθηιεεερεη-

399 1242 466 1298 ad
492 1255 612 1297 eum
635 1240 881 1311 discipuli
903 1241 1018 1310 ejus
1045 1241 1290 1294 dicentes.
1315 1241 1560 1295 Edissere
1585 1240 1731 1294 nobis
1755 1239 1982 1326 parabo-
2077 1256 2280 1318 buntur
2299 1255 2446 1324 impii
2473 1271 2503 1309 a
2529 1255 2665 1326 piis;
2692 1253 2836 1324 quod
2857 1269 2954 1324 per
2977 1253 3149 1310 bonos
3191 1255 3412 1326 angelos
3454 1256 3678 1312 ίιιιυιιί..

397 1332 502 1388 lam
533 1333 860 1386 zizaniorum
886 1333 1020 1402 agri.
1047 1331 1330 1402 (Hierom)
1347 1331 1578 1386 Dimittit
1601 1331 1784 1386 turbas
1802 1323 1977 1393 Iesus,
2080 1348 2223 1417 δίων
2250 1323 2388 1412 ﬁeri;
2411 1323 2730 1414 (ιυίέοίιῑαίεῇ
2759 1323 3010 1400 vindicia;
3034 1323 3513 1415 ροεδυηίίηψιεη
3532 1347 3678 1402 boni

336 1459 347 1467 .
396 1427 452 1474 et
479 1421 696 1474 domum
725 1422 1032 1485 revertitur,
1065 1429 1120 1476 et
1151 1422 1414 1476 accedunt
1439 1421 1506 1475 ad
1539 1435 1664 1476 eum
1711 1419 1980 1490 discipuli,
2081 1439 2224 1492 bono
2249 1437 2448 1500 animo,
2485 1435 2752 1504 quomodo
2779 1434 2889 1499 lex,
2931 1434 3201 1503 quomodo
3239 1434 3438 1503 inde“
3491 1435 3682 1491 οωείδ

398 1519 454 1564 et
479 1519 691 1566 secreto
719 1509 1077 1582 interrogant,
1114 1527 1234 1582 quae
1262 1512 1489 1582 populus
1534 1526 1636 1566 nec
1679 1511 1986 1566 merebatur

397 1599 607 1666 audire,
625 1615 725 1655 nec
755 1608 988 1669 poterat.
1015 1600 1251 1672 (ΜΑυιι.)
1278 1601 1500 1672 Mystice
1529 1608 1708 1655 autem
1740 1598 1986 1656 Salvator

397 1699 586 1746 noster
606 1691 823 1746 dimissa
851 1693 1005 1747 turba
1021 1692 1458 1747 tumultuantium
1475 1689 1802 1756 Judaeorum,
1818 1691 1990 1760 ingre-

2082 1543 2211 1582 vero
2241 1527 2626 1582 misericordia:
2654 1526 2778 1580 mali
2801 1525 3026 1600 implere
3057 1541 3162 1580 non
3190 1536 3437 1596 possunt.

2156 1618 2441 1691 (Περι-οη.)
2479 1618 2631 1686 Quod
2665 1626 2844 1672 autem
2877 1617 3209 1674 zizaniorum
3233 1617 3683 1688 fasciculosigni-

2085 1709 2188 1764 bus
2218 1709 2354 1764 tradi
2387 1709 2643 1770 decernit,
2674 1715 2730 1762 et
2753 1706 2988 1762 triticum
3019 1707 3340 1777 congregari
3365 1706 3420 1760 iu
3441 1707 3679 1769 horrea,

400 1782 545 1836 ditur
575 1777 630 1836 in
658 1780 952 1838 Ecclesiam
985 1785 1244 1854 gentium.
1288 1785 1358 1839 Et
1405 1785 1479 1840 ibi
1525 1785 1982 1856 interrogantibus
2015 1805 2058 1864 Β
2088 1797 2430 1852 ηιεηῑιδεωηι
2457 1803 2542 1850 est
2566 1794 2850 1849 haereticos
2871 1809 3112 1863 quosque
3148 1800 3203 1848 et
3246 1794 3556 1864 hypocritas
3611 1792 3680 1846 fi-

399 1873 696 1942 discipulis,
723 1874 826 1928 hoc
846 1881 948 1940 est,
976 1873 1220 1928 fidelibus
1251 1875 1444 1928 devote
1493 1875 1673 1930 divina
1727 1875 1982 1945 mysteria

397 1963 732 2021 discentibus
758 1966 980 2036 exponit
1011 1964 1363 2021 Sacramenta
1393 1966 1652 2022 ccclestia.

473 2093 578 2162 Qui
607 2097 920 2167 respondens
949 2098 1023 2151 ait
1045 2117 1062 2151 :
1087 2097 1190 2163 Qui
1219 2099 1436 2152 seminat
1459 2099 1650 2152 bonum
1686 2114 1877 2163 semen,
1926 2098 1987 2167 ﬁ-

397 2188 501 2241 lius
529 2195 604 2240 est
624 2187 867 2240 hominis.
901 2189 1039 2258 Ager
1067 2196 1240 2242 autem
1263 2197 1335 2242 est
1356 2189 1604 2244 mundus.
1633 2189 1839 2244 Bonum
1866 2205 1984 2244 vero

399 2293 572 2331 semen
595 2276 647 2329 lii
669 2287 789 2330 sunt
814 2276 914 2345 ﬁlii
945 2278 1108 2348 regni.
1141 2276 1364 2331 Zizania
1386 2288 1560 2332 autem
1592 2277 1699 2348 ﬁ'ii
1737 2289 1857 2333 sunt
1899 2296 1986 2332 ne-

400 2382 581 2435 quam.
620 2364 877 2420 Inimicus
902 2376 1074 2420 autem
1099 2367 1188 2438 qui
1217 2368 1486 2422 seminavit
1511 2386 1595 2434 ea,
1618 2378 1694 2423 est
1720 2368 1983 2423 diabolus.

401 2456 590 2514 Messis
617 2475 732 2514 vero
758 2461 1138 2514 consummatio
1161 2460 1340 2514 sa’culi
1365 2470 1460 2514 est.
1514 2460 1764 2516 Messores
1812 2471 1985 2515 autent

401 2547 573 2620 angeli
602 2557 744 2603 sunt.
776 2549 1066 2619 Perspicue
1093 2553 1344 2620 exposuit
1385 2552 1526 2620 quod
1579 2568 1710 2622 ager
1755 2553 1988 2607 mundus

402 2637 492 2704 sit,
526 2647 677 2693 sator
717 2638 857 2692 ﬁlius
895 2639 1148 2706 hominis,
1197 2641 1396 2695 bonum
1433 2657 1618 2696 semen
1666 2643 1760 2696 ﬁlii
1813 2645 1984 2713 regni,

401 2729 613 2786 zizania
636 2729 731 2785 filii
761 2731 1002 2802 pessimi,
1028 2732 1360 2788 zizaniorum
1381 2742 1529 2788 sator
1547 2735 1810 2799 diabolus,
1839 2751 1974 2790 mes-

402 2820 477 2875 sis
528 2821 922 2877 consummatio
987 2822 1190 2886 mundi,
1235 2837 1508 2879 messores
1553 2825 1748 2895 angeli.
1795 2823 1986 2880 Omnia

402 2909 660 2964 scandala
691 2907 998 2965 referuntur
1021 2909 1087 2965 ad
1115 2910 1359 2979 zizania;
1396 2911 1530 2980 justi
1582 2923 1903 2985 reputantur
1933 2915 1986 2968 in

404 3000 545 3056 filios
573 3001 746 3071 regni.
780 3002 944 3072 Ergo,
975 3010 1033 3056 ut
1059 3017 1224 3073 supra
1250 3004 1379 3071 dixi,
1422 3019 1543 3074 qua:
1585 3006 1830 3075 exposita
1865 3015 1988 3061 sunt

403 3104 433 3142 a
466 3090 709 3154 Domino,
751 3091 835 3145 his
877 3092 1133 3147 debemus
1175 3095 1583 3150 accommodare
1630 3095 1811 3151 iidem.
1859 3096 1989 3163 Quae

403 3187 583 3232 autem
611 3181 798 3245 tacita,
825 3191 880 3234 et
903 3191 1102 3237 nostras
1143 3183 1507 3254 intelligentia:
1532 3185 1812 3250 derelicta,
1856 3201 1986 3256 pero

404 3271 718 3342 stringenda
763 3280 889 3327 sunt
942 3273 1193 3328 breviter.
1259 3273 1515 3330 Homines
1557 3276 1648 3344 qui
1696 3275 1985 3341 dormiunt,

405 3360 694 3430 magistros
721 3358 1076 3416 ecclesiarum
1109 3363 1364 3434 intellige.
1399 3363 1600 3419 Servos
1653 3365 1986 3434 patrisfami-

404 3451 508 3509 lias
543 3466 613 3506 ne
633 3450 770 3508 alios
795 3453 1032 3520 accipias
1061 3468 1224 3522 quam
1251 3453 1486 3522 angelos,
1515 3455 1605 3524 qui
1636 3454 1876 3524 quotidie
1905 3455 1985 3509 vl-

405 3541 535 3596 dent
558 3539 752 3596 faciem
781 3541 978 3597 Patris.
1004 3542 1259 3598 Diabolus
1290 3551 1467 3598 autem
1496 3553 1782 3614 propterea
1812 3544 1990 3599 inimi-

405 3647 506 3687 cus
540 3632 703 3688 homo
729 3632 1043 3703 appellatur,
1071 3633 1198 3703 quia
1225 3634 1367 3689 Deus
1391 3648 1510 3690 esse
1559 3635 1772 3690 desivit.
1820 3635 1886 3690 Et
1935 3637 1988 3689 in

403 3737 550 3778 nono
569 3721 776 3793 psalmo
800 3722 1058 3794 scriptum
1087 3733 1170 3778 est
1218 3724 1284 3780 de
1311 3739 1376 3779 eo
1405 3741 1418 3778 :
1463 3724 1720 3795 Exsurge,
1751 3725 1990 3792 Domine,

407 3829 515 3866 non
540 3812 866 3882 confortetur
888 3815 1061 3867 homo.
1092 3813 1456 3881 Quamobrem
1487 3829 1591 3870 non
1621 3816 1854 3871 dormiat
1899 3818 1990 3887 qui

408 3902 668 3958 Ecclesia
688 3904 1010 3974 praepositus
1033 3915 1136 3970 est,
1171 3920 1237 3960 ne
1287 3921 1386 3975 per
1429 3905 1572 3961 illius
1611 3906 1992 3976 negligentiam

406 3995 664 4050 inimicus
683 3994 844 4049 homo
875 3995 1264 4065 Superseminet
1289 3997 1517 4060 zizania,
1546 3997 1597 4051 id
1627 4007 1734 4061 est,
1778 3996 1994 4053 haereti-

410 4101 598 4141 corum
626 4086 894 4154 dogmata.
927 4085 1080 4153 Quod
1107 4094 1288 4141 autem
1327 4087 1547 4153 dicitur,
1580 4088 1662 4143 Ne
1687 4089 1824 4160 forte
1849 4091 1995 4144 colli-

407 4185 584 4246 gentes
631 4175 838 4230 zizania
872 4176 1144 4231 eradicetis
1168 4177 1324 4231 simul
1365 4187 1411 4231 et
1441 4177 1785 4248 frumentum,
1840 4179 1998 4234 datur

409 4265 560 4320 locus
603 4264 954 4334 pamitentiee,
981 4273 1036 4320 et
1057 4280 1341 4320 monemur
1385 4282 1452 4322 ne
1503 4268 1613 4322 cito
1657 4275 1997 4338 amputemus

409 4354 656 4421 fratrem,
685 4354 811 4425 quia
843 4355 954 4410 fieri
987 4365 1183 4426 potest,
1213 4365 1272 4411 ut
1306 4357 1394 4413 ille
1415 4358 1504 4427 qui
1535 4358 1693 4413 hodie
1717 4359 1877 4413 noxio
1905 4360 1995 4414 de-

408 4452 669 4511 pravatus
701 4452 788 4498 est
823 4443 1096 4514 dogmate,
1138 4461 1259 4499 cras
1282 4447 1589 4516 resipiscat,
1627 4457 1680 4500 et
1706 4446 1994 4502 defendere

412 4527 636 4597 incipiat
671 4528 976 4584 veritatem.
1018 4528 1151 4582 Illud
1180 4544 1395 4600 quoque
1425 4532 1568 4600 quod
1612 4532 1872 4601 sequitur,
1906 4533 1994 4588 Si-

413 4616 517 4670 nite
541 4626 758 4686 utraque
802 4634 1027 4672 crescere
1070 4635 1233 4688 usque
1280 4620 1348 4672 ad
1395 4636 1631 4684 messem,
1674 4622 1886 4677 videtur
1920 4623 1994 4677 illi

411 4714 680 4776 pra-cepto
702 4706 1030 4761 contrarium
1071 4726 1084 4760 :
1115 4707 1326 4776 Auferte
1371 4709 1565 4762 malum
1595 4709 1659 4764 de
1692 4713 1861 4766 medio
1915 4729 1998 4767 ve-

412 4809 580 4853 strum
609 4794 668 4868 (ι
693 4793 814 4850 Cor.
838 4796 935 4868 v.);
984 4806 1040 4852 et
1069 4812 1408 4868 nequaquam
1451 4801 1765 4856 societatem
1795 4802 1996 4857 haben-

413 4889 538 4943 dam
554 4900 677 4941 cum
690 4885 776 4941 his
787 4886 878 4957 qui
902 4885 1097 4942 fratres
1112 4887 1480 4954 nominentur,
1494 4899 1550 4944 et
1568 4890 1676 4945 sint
1696 4890 1927 4946 adulteri
1944 4900 1999 4946 et

412 4977 788 5032 fornicatores.
835 4976 894 5032 Si
909 4977 1050 5032 enim
1075 4978 1389 5048 prohibetur
1401 4980 1712 5046 eradicatio,
1735 4997 1904 5050 usque
1928 4983 1994 5036 ad

413 5081 648 5123 messem
687 5068 911 5123 tenenda
946 5077 1030 5123 est
1051 5068 1310 5137 patientia
1333 5077 1419 5124 :et
1449 5071 1721 5140 quomodo
1744 5071 1994 5142 ejiciendi

413 5164 541 5212 sunt
560 5157 778 5228 quidam
792 5158 858 5214 de
874 5158 1052 5214 medio
1063 5167 1304 5214 nostrum
1317 5160 1342 5211 ?
1361 5160 1506 5216 lnter
1521 5161 1760 5216 triticum
1784 5170 1838 5216 et
1859 5161 1998 5215 ziza-

415 5249 585 5314 nium,
601 5251 743 5320 quod
759 5265 858 5305 nos
869 5249 1198 5320 appellamus
1223 5249 1427 5315 lolium,
1443 5251 1678 5321 quandiu
1703 5251 1872 5306 herba
1888 5261 1997 5316 est,

415 5343 937 5399 rtnecdumeulmus
949 5344 1176 5399 venitad
1203 5346 1430 5416 spicam,
1456 5346 1676 5416 grandis
1699 5347 1997 5403 similitudo

415 5439 522 5497 est,
549 5433 670 5488 etin
685 5434 1036 5490 discernendo
1047 5443 1140 5490 aut
1160 5435 1302 5490 nulla
1313 5476 1326 5502 ,
1344 5444 1436 5490 aut
1449 5435 1777 5505 perdifﬁcilis
1792 5437 1999 5492 distan-

418 5521 825 5578 tia.Pr:emonet
840 5537 970 5594 ergo
987 5524 1243 5579 Dominus
1258 5539 1326 5579 ne
1341 5525 1428 5580 ubi
1446 5525 1573 5596 quid
1592 5526 1900 5597 ambiguum
1917 5535 2001 5583 est

417 5611 527 5666 cito
541 5612 862 5666 sententiam
891 5610 1250 5681 proferamus,
1265 5616 1360 5668 sed
1376 5613 1485 5668 Deo
1503 5613 1673 5683 judici
1708 5615 1996 5670 terminum

421 5709 853 5766 tescrvomus,ut
875 5715 995 5755 cum
1009 5703 1124 5756 dies
1132 5700 1317 5770 judicii
1335 5705 1558 5767 venerit,
1579 5705 1664 5758 ille
1697 5721 1801 5759 non
1828 5705 2002 5773 suspi-

2023 4490 2072 4549 D

2085 1889 2168 1944 dei
2203 1887 2463 1958 gehennae
2508 1885 2721 1956 ignibus
2766 1885 3219 1950 concremandos;
3267 1895 3485 1940 sanctos
3536 1899 3681 1938 vero

2085 1980 2177 2048 qui
2201 1979 2541 2049 appellantur
2567 1977 2832 2037 triticum.
2865 1977 3100 2042 horreis,
3129 1977 3180 2031 id
3222 1985 3327 2042 est,
3373 1977 3678 2030 mansioni-

2084 2070 2186 2124 bus
2209 2068 2522 2122 cmlestibus
2540 2067 2928 2136 suscipiendos.
2956 2065 3206 2138 (Μλυιι.)
3231 2066 3472 2123 Observa
3523 2067 3681 2136 quod

2087 2159 2239 2224 dicit,
2259 2169 2305 2212 et
2323 2175 2410 2214 eos
2435 2159 2523 2230 qui
2552 2159 2753 2227 faciunt
2778 2159 3126 2228 iniquitatem,
3155 2173 3259 2213 non
3289 2158 3381 2227 qui
3409 2157 3678 2226 fecerunt,

2086 2253 2213 2322 quia
2239 2266 2345 2306 non
2381 2265 2593 2316 omnes,
2629 2250 2722 2319 qui
2761 2248 3005 2304 fecerunt
3040 2248 3402 2318 iniquitatem,
3455 2257 3512 2302 et
3539 2263 3680 2302 con-

2088 2342 2229 2397 versi
2253 2349 2378 2396 sunt
2402 2343 2467 2396 ad
2490 2341 2884 2410 paenitentiam,
2904 2347 2959 2393 et
2984 2338 3052 2392 ad
3079 2337 3461 2393 correctiorem
3476 2337 3680 2399 vitam,

2088 2433 2181 2488 sed
2203 2433 2303 2502 ipsi
2331 2431 2682 2496 solummodo,
2707 2431 2799 2500 qui
2821 2437 3143 2499 permanent
3179 2429 3233 2483 in
3275 2426 3515 2496 peccatis
3554 2427 3679 2481 suis

2091 2541 2262 2597 usque
2286 2527 2351 2581 ad
2383 2525 2544 2580 finem
2573 2525 2697 2580 vita:
2721 2538 2852 2589 suae,
2882 2531 2938 2578 et
2973 2537 3078 2577 non
3120 2527 3348 2592 egerunt
3401 2518 3675 2589 paeniten-

2091 2617 2244 2682 tiam,
2271 2615 2486 2670 aeternis
2515 2614 2846 2670 cruciatibus
2868 2612 3208 2682 mancipandi
3233 2619 3380 2666 sunt.

2162 2708 2304 2762 Tunc
2319 2708 2453 2777 justi
2475 2705 2743 2776 fulgebunt
2761 2706 2895 2759 sicut
2909 2703 2986 2758 sol
3012 2705 3067 2758 in
3088 2719 3242 2774 regno
3260 2701 3440 2757 Patris
3457 2717 3668 2758 um.

2092 2799 2363 2871 (Hieron.)
2387 2797 2443 2851 In
2485 2795 2742 2865 praesenti
2783 2795 2982 2852 saeculo
3018 2793 3186 2862 fulget
3225 2793 3315 2850 ius
3356 2802 3674 2850 sanctorum

2089 2910 2272 2950 coram
2321 2893 2642 2956 hominibus,
2681 2903 2734 2948 et
2782 2902 2905 2962 post
2945 2893 3470 2954 consummationem
3517 2905 3680 2944 music

2091 2987 2144 3042 di
2170 2986 2270 3055 ipsi
2308 2984 2439 3053 justi
2469 2984 2766 3054 fulgebunt,
2803 2985 2944 3046 sicut
2965 2983 3046 3040 sol
3074 2984 3130 3038 in
3164 2995 3333 3051 regno
3361 2980 3542 3036 Patris
3561 2978 3670 3034 sui.

2094 3076 2198 3143 Qui
2239 3077 2390 3147 liabet
2443 3092 2597 3130 aures
2637 3076 2840 3130 audiat.
2883 3075 2938 3130 ld
2977 3083 3082 3141 est,
3119 3075 3215 3145 qui
3251 3074 3418 3128 habet
3460 3069 3668 3126 intelle-

2093 3176 2238 3222 ctum
2270 3167 2550 3236 intelligat,
2574 3167 2701 3236 quia
2732 3181 2838 3222 non
2881 3167 3108 3236 sinapis,
3147 3165 3382 3229 olerum,
3429 3179 3530 3218 nec
3559 3160 3671 3216 fer-

2092 3267 2334 3312 mentum
2381 3257 2680 3319 cbrietatis,
2719 3271 2820 3311 nec
2845 3257 3015 3311 farina
3068 3255 3375 3326 graminum
3403 3252 3673 3322 pmdica-

2093 3355 2200 3411 tur,
2227 3346 2320 3401 sed
2347 3347 2571 3418 mystice
2599 3347 2715 3401 haec
2737 3347 2919 3401 omnia
2952 3345 3300 3414 intelligenda
3329 3351 3476 3399 sunt.

2165 3433 2467 3507 [V.]Simile
2483 3444 2559 3489 est
2581 3451 2795 3506 regnum
2823 3435 3070 3490 ctelorum
3093 3435 3338 3488 thesauro
3360 3431 3674 3486 abscondito

2092 3529 2148 3582 in
2188 3544 2336 3598 agro,
2379 3543 2532 3598 quem
2573 3528 2662 3597 qui
2688 3527 2879 3581 invenit
2930 3527 3082 3581 homo
3125 3525 3426 3590 abscondit,
3463 3535 3513 3578 et
3562 3537 3676 3593 pra:

2089 3617 2287 3687 gaudio
2312 3616 2453 3671 illius
2489 3617 2652 3682 vadit,
2693 3627 2741 3670 et
2764 3617 2932 3672 vendit
2971 3617 3214 3671 universa
3255 3631 3373 3686 qua:
3417 3614 3594 3681 habet,
3627 3624 3675 3668 et

2093 3710 2213 3763 emit
2249 3725 2434 3780 agrum
2477 3708 2644 3763 illum.
2671 3707 2874 3780 (Greg.)
2911 3709 3183 3764 leorum
3218 3723 3440 3779 regnum
3469 3708 3682 3762 idcirco

2096 3802 2325 3856 terrenis
2351 3801 2512 3856 rebus
2538 3799 2714 3855 simile
2749 3800 2968 3865 dicitur,
2997 3807 3056 3854 ut
3087 3814 3155 3855 ex
3191 3799 3280 3854 bis
3304 3813 3424 3869 quae
3460 3797 3680 3852 animus

2097 3891 2250 3946 novit
2301 3899 2486 3961 surgat
2529 3889 2596 3943 ad
2643 3889 2938 3960 incognita,
2972 3897 3243 3958 quatenus
3269 3887 3518 3957 exemplo
3547 3888 3681 3942 visi-

2096 3980 2303 4044 bilium,
2335 3995 2393 4035 se
2422 3980 2488 4034 ad
2533 3979 2825 4034 invisibilia
2875 3980 3066 4051 rapiat,
3116 3988 3170 4035 et
3210 3995 3308 4050 per
3334 3995 3398 4034 ea
3425 3995 3549 4048 qua:
3577 3996 3678 4034 usu

2096 4071 2280 4125 didicit
2299 4071 2453 4140 quasi
2478 4069 2811 4125 confricatus
2833 4071 3142 4136 incalescat,
3187 4081 3245 4124 ut
3281 4086 3376 4141 per
3403 4072 3507 4125 hoc
3531 4071 3676 4139 quod

2097 4163 2201 4216 scit
2221 4170 2426 4224 notum,
2460 4161 2684 4232 diligere
2711 4161 2886 4216 discat
2908 4171 2964 4216 et
2988 4161 3263 4230 incognita
3299 4176 3506 4215 amare.
3535 4160 3678 4214 Ecce

2096 4253 2239 4308 enim
2267 4251 2514 4306 caelorum
2554 4269 2770 4321 regnum
2824 4253 3068 4307 thesauro
3088 4253 3143 4306 in
3185 4269 3311 4323 agro
3369 4251 3678 4305 abscondito

2097 4352 2464 4412 comparatur,
2509 4359 2662 4412 quem
2709 4344 2799 4414 qui
2847 4343 3039 4397 invenit
3067 4344 3220 4397 homo
3271 4343 3565 4405 abscondit,
3628 4351 3681 4394 et

2095 4451 2204 4506 pra:
2222 4435 2413 4504 gaudio
2433 4434 2576 4488 illius
2600 4435 2760 4499 vadit,
2787 4444 2837 4488 et
2869 4434 3044 4488 vendit
3075 4434 3317 4487 universa
3347 4449 3466 4503 qut:
3495 4431 3678 4494 habet,

2096 4535 2144 4578 et
2165 4526 2284 4578 emit
2322 4541 2509 4595 agrum
2537 4523 2704 4578 illum.
2743 4525 2860 4592 Qua
2891 4525 2942 4579 in
2976 4539 3034 4580 re
3084 4525 3187 4579 hoc
3231 4538 3444 4593 quoque
3475 4530 3676 4576 notan-

2097 4619 2224 4672 dum
2272 4627 2376 4684 est,
2405 4618 2549 4688 quod
2579 4618 2828 4673 inventus
2881 4619 3164 4673 thesaurus
3209 4616 3582 4676 absconditur,
3613 4622 3677 4666 ut

2097 4719 2422 4775 reservetur,
2450 4711 2574 4778 quia
2601 4711 2837 4765 studium
2880 4709 3117 4765 omlestis
3151 4709 3404 4764 desiderii
3451 4722 3482 4760 a
3517 4705 3678 4760 mali-

2097 4800 2218 4870 gnis
2237 4799 2514 4870 spiritibus
2553 4800 2826 4855 custodire
2849 4815 2952 4854 non
2982 4799 3199 4863 suflicit,
3229 4799 3321 4869 qui
3349 4799 3452 4852 hoc
3478 4797 3547 4851 ab
3585 4796 3683 4850 hu-

2101 4891 2275 4946 manis
2311 4889 2556 4945 laudibus
2610 4906 2716 4945 non
2779 4889 3079 4946 abscondit.
3135 4887 3446 4942 Thesaurus
3497 4895 3680 4939 autem

2099 4979 2320 5034 caeleste
2379 4986 2465 5034 est
2505 4978 2853 5033 desiderium.
2921 4977 3066 5049 Ager
3120 4992 3251 5031 vero
3293 4977 3347 5030 in
3401 4989 3511 5045 quo
3554 4974 3680 5029 the-

2101 5082 2296 5122 saurus
2362 5067 2713 5122 absconditur
2746 5107 2762 5131 ,
2821 5065 3103 5136 disciplina
3172 5064 3335 5120 studii
3412 5062 3676 5118 celestis.

2103 5159 2271 5224 Quem
2330 5156 2572 5226 profecto
2627 5171 2814 5226 agrum
2856 5155 3086 5210 venditis
3153 5155 3404 5210 omnibus
3455 5167 3681 5222 uiuipa-

2103 5257 2217 5314 rat,
2273 5248 2364 5317 qui
2429 5247 2796 5316 voluptatibus
2855 5246 3036 5302 carnis
3090 5246 3431 5312 renuntians,
3483 5253 3684 5300 uineta

2102 5355 2199 5394 sua
2262 5347 2474 5394 terrena
2529 5339 2795 5395 desideria
2863 5353 2962 5409 per
3021 5339 3320 5409 disciplina:
3377 5338 3684 5393 custodiam

2102 5429 2338 5484 caelestis
2385 5428 2591 5494 calcat,
2661 5436 2721 5482 ut
2787 5427 2919 5483 nihil
2967 5428 3113 5497 quod
3176 5442 3306 5482 caro
3370 5427 3684 5488 blanditur.

2101 5519 2292 5585 liceat,
2340 5520 2474 5574 nihil
2518 5519 2661 5590 quod
2697 5519 2967 5575 carnalem
3014 5518 3183 5573 vitam
3226 5516 3480 5581 trucidat,
3525 5516 3686 5586 spiri-

2106 5621 2191 5666 tus
2249 5613 2542 5666 horrescat.
2589 5609 2886 5683 (Hieron.)
2932 5609 3106 5664 Aliter
3149 5617 3329 5663 autem
3393 5608 3687 5663 thesaurus

2106 5701 2245 5765 istc,
2310 5701 2364 5754 in
2440 5718 2544 5769 quo
2595 5711 2713 5755 sunt
2777 5717 2954 5764 omnes
3009 5699 3240 5754 thesauri
3299 5699 3574 5765 sapientia
3639 5702 3688 5748 et
