  <div class='ocr_page' id='page_1' title='image "/cluster/home/n/w/nwhite01/storage/ocr_20150623/107/hvd.32044054759725/482.png"; bbox 0 0 4006 6194; ppageno 0'>
   <div class='ocr_carea' id='block_1_1' title="bbox 274 356 372 417">
    <p class='ocr_par' dir='ltr' id='par_1_1' title="bbox 274 356 372 417">
     <span class='ocr_line' id='line_1_1' title="bbox 274 356 372 417; baseline 0 0"><span class='ocrx_word' id='word_1_1' title='bbox 274 356 372 417; x_wconf 77' lang='lat'><strong>953</strong></span> 
     </span>
    </p>
   </div>
   <div class='ocr_carea' id='block_1_2' title="bbox 1222 349 2557 416">
    <p class='ocr_par' dir='ltr' id='par_1_2' title="bbox 1222 349 2557 416">
     <span class='ocr_line' id='line_1_2' title="bbox 1222 349 2557 416; baseline -0.004 0"><span class='ocrx_word' id='word_1_2' title='bbox 1222 352 1572 416; x_wconf 75' lang='lat' dir='ltr'><strong>COMMENT.</strong></span> <span class='ocrx_word' id='word_1_3' title='bbox 1616 349 1681 414; x_wconf 75' lang='grc' dir='ltr'><strong>ΙΝ</strong></span> <span class='ocrx_word' id='word_1_4' title='bbox 1721 350 2152 414; x_wconf 71' lang='lat' dir='ltr'><strong>MATTIUEUM.</strong></span> <span class='ocrx_word' id='word_1_5' title='bbox 2192 389 2263 399; x_wconf 88' lang='lat'>—</span> <span class='ocrx_word' id='word_1_6' title='bbox 2298 354 2425 414; x_wconf 84' lang='lat' dir='ltr'><strong>LIB.</strong></span> <span class='ocrx_word' id='word_1_7' title='bbox 2464 352 2557 412; x_wconf 81' lang='lat' dir='ltr'><strong>IV.</strong></span> 
     </span>
    </p>
   </div>
   <div class='ocr_carea' id='block_1_3' title="bbox 3405 356 3508 419">
    <p class='ocr_par' dir='ltr' id='par_1_3' title="bbox 3405 356 3508 419">
     <span class='ocr_line' id='line_1_3' title="bbox 3405 356 3508 419; baseline 0.029 -3"><span class='ocrx_word' id='word_1_8' title='bbox 3405 356 3508 419; x_wconf 73' lang='grc' dir='ltr'><strong>θδι</strong></span> 
     </span>
    </p>
   </div>
   <div class='ocr_carea' id='block_1_4' title="bbox 273 445 3571 540">
    <p class='ocr_par' dir='ltr' id='par_1_4' title="bbox 273 445 3571 540">
     <span class='ocr_line' id='line_1_4' title="bbox 273 445 3571 540; baseline 0 -15"><span class='ocrx_word' id='word_1_9' title='bbox 273 471 492 525; x_wconf 65' lang='lat' dir='ltr'><strong>scientiis</strong></span> <span class='ocrx_word' id='word_1_10' title='bbox 536 470 824 524; x_wconf 78' lang='lat' dir='ltr'><strong>absconditi</strong></span> <span class='ocrx_word' id='word_1_11' title='bbox 857 445 991 540; x_wconf 76' lang='lat' dir='ltr'><strong>(Col.</strong></span> <span class='ocrx_word' id='word_1_12' title='bbox 1028 471 1109 539; x_wconf 71' lang='grc' dir='ltr'><strong>ιι),</strong></span> <span class='ocrx_word' id='word_1_13' title='bbox 1155 482 1253 525; x_wconf 85' lang='lat' dir='ltr'><strong>aut</strong></span> <span class='ocrx_word' id='word_1_14' title='bbox 1299 472 1392 525; x_wconf 77' lang='lat' dir='ltr'><strong>Dei</strong></span> <span class='ocrx_word' id='word_1_15' title='bbox 1447 469 1680 525; x_wconf 78' lang='lat' dir='ltr'><strong>Verbum</strong></span> <span class='ocrx_word' id='word_1_16' title='bbox 1727 479 1832 535; x_wconf 90' lang='lat' dir='ltr'><strong>est,</strong></span> <span class='ocrx_word' id='word_1_17' title='bbox 1861 475 1908 532; x_wconf 82' lang='grc' dir='ltr'>Α</span> <span class='ocrx_word' id='word_1_18' title='bbox 1939 479 1997 524; x_wconf 92' lang='lat' dir='ltr'><strong>ut</strong></span> <span class='ocrx_word' id='word_1_19' title='bbox 2023 482 2209 540; x_wconf 86' lang='lat' dir='ltr'><strong>purus,</strong></span> <span class='ocrx_word' id='word_1_20' title='bbox 2235 471 2532 534; x_wconf 73' lang='lat' dir='ltr'><strong>etsolidus,</strong></span> <span class='ocrx_word' id='word_1_21' title='bbox 2552 475 2607 524; x_wconf 89' lang='lat' dir='ltr'><strong>et</strong></span> <span class='ocrx_word' id='word_1_22' title='bbox 2632 481 2896 538; x_wconf 75' lang='lat' dir='ltr'><strong>nusquam</strong></span> <span class='ocrx_word' id='word_1_23' title='bbox 2920 480 2950 520; x_wconf 89' lang='lat' dir='ltr'><strong>a</strong></span> <span class='ocrx_word' id='word_1_24' title='bbox 2979 481 3039 522; x_wconf 85' lang='lat' dir='ltr'><strong>se</strong></span> <span class='ocrx_word' id='word_1_25' title='bbox 3059 465 3343 524; x_wconf 71' lang='lat' dir='ltr'><strong>dissonans</strong></span> <span class='ocrx_word' id='word_1_26' title='bbox 3363 480 3509 526; x_wconf 87' lang='lat' dir='ltr'><strong>certa</strong></span> <span class='ocrx_word' id='word_1_27' title='bbox 3566 482 3571 488; x_wconf 84' lang='lat'>&#39;</span> 
     </span>
    </p>
   </div>
   <div class='ocr_carea' id='block_1_5' title="bbox 273 557 1834 630">
    <p class='ocr_par' dir='ltr' id='par_1_5' title="bbox 273 557 1834 630">
     <span class='ocr_line' id='line_1_5' title="bbox 273 557 1834 630; baseline -0.001 -14"><span class='ocrx_word' id='word_1_28' title='bbox 273 562 406 630; x_wconf 88' lang='lat' dir='ltr'><strong>quod</strong></span> <span class='ocrx_word' id='word_1_29' title='bbox 459 561 510 614; x_wconf 91' lang='lat' dir='ltr'><strong>in</strong></span> <span class='ocrx_word' id='word_1_30' title='bbox 555 574 720 614; x_wconf 87' lang='lat' dir='ltr'><strong>carne</strong></span> <span class='ocrx_word' id='word_1_31' title='bbox 778 557 974 617; x_wconf 74' lang='lat' dir='ltr'><strong>Christi</strong></span> <span class='ocrx_word' id='word_1_32' title='bbox 1028 561 1238 615; x_wconf 87' lang='lat' dir='ltr'><strong>videtur</strong></span> <span class='ocrx_word' id='word_1_33' title='bbox 1289 560 1692 624; x_wconf 87' lang='lat' dir='ltr'><strong>absconditum,</strong></span> <span class='ocrx_word' id='word_1_34' title='bbox 1740 568 1834 615; x_wconf 86' lang='lat' dir='ltr'><strong>aut</strong></span> 
     </span>
    </p>
   </div>
   <div class='ocr_carea' id='block_1_6' title="bbox 273 650 1834 720">
    <p class='ocr_par' dir='ltr' id='par_1_6' title="bbox 273 650 1834 720">
     <span class='ocr_line' id='line_1_6' title="bbox 273 650 1834 720; baseline -0.003 -14"><span class='ocrx_word' id='word_1_35' title='bbox 273 658 464 706; x_wconf 70' lang='lat' dir='ltr'><strong>sanetae</strong></span> <span class='ocrx_word' id='word_1_36' title='bbox 519 650 842 718; x_wconf 76' lang='lat' dir='ltr'><strong>Scripturse,</strong></span> <span class='ocrx_word' id='word_1_37' title='bbox 903 652 957 705; x_wconf 89' lang='lat' dir='ltr'><strong>in</strong></span> <span class='ocrx_word' id='word_1_38' title='bbox 1016 651 1211 719; x_wconf 81' lang='lat' dir='ltr'><strong>quibus</strong></span> <span class='ocrx_word' id='word_1_39' title='bbox 1273 652 1507 720; x_wconf 86' lang='lat' dir='ltr'><strong>reposita</strong></span> <span class='ocrx_word' id='word_1_40' title='bbox 1553 659 1639 704; x_wconf 92' lang='lat' dir='ltr'><strong>est</strong></span> <span class='ocrx_word' id='word_1_41' title='bbox 1691 650 1834 704; x_wconf 89' lang='lat' dir='ltr'><strong>noti-</strong></span> 
     </span>
    </p>
   </div>
   <div class='ocr_carea' id='block_1_7' title="bbox 273 737 1836 808">
    <p class='ocr_par' dir='ltr' id='par_1_7' title="bbox 273 737 1836 808">
     <span class='ocr_line' id='line_1_7' title="bbox 273 737 1836 808; baseline 0.001 -16"><span class='ocrx_word' id='word_1_42' title='bbox 273 739 339 792; x_wconf 85' lang='lat' dir='ltr'><strong>tia</strong></span> <span class='ocrx_word' id='word_1_43' title='bbox 389 737 723 792; x_wconf 83' lang='lat' dir='ltr'><strong>Salvatoris:</strong></span> <span class='ocrx_word' id='word_1_44' title='bbox 776 749 936 808; x_wconf 83' lang='lat' dir='ltr'><strong>quem</strong></span> <span class='ocrx_word' id='word_1_45' title='bbox 979 753 1100 793; x_wconf 85' lang='lat' dir='ltr'><strong>eum</strong></span> <span class='ocrx_word' id='word_1_46' title='bbox 1175 739 1297 808; x_wconf 89' lang='lat' dir='ltr'><strong>quis</strong></span> <span class='ocrx_word' id='word_1_47' title='bbox 1361 740 1413 792; x_wconf 93' lang='lat' dir='ltr'><strong>in</strong></span> <span class='ocrx_word' id='word_1_48' title='bbox 1466 739 1546 793; x_wconf 88' lang='lat' dir='ltr'><strong>eis</strong></span> <span class='ocrx_word' id='word_1_49' title='bbox 1617 739 1836 794; x_wconf 80' lang='lat' dir='ltr'><strong>invene-</strong></span> 
     </span>
    </p>
   </div>
   <div class='ocr_carea' id='block_1_8' title="bbox 272 827 1836 890">
    <p class='ocr_par' dir='ltr' id='par_1_8' title="bbox 272 827 1836 890">
     <span class='ocr_line' id='line_1_8' title="bbox 272 827 1836 890; baseline 0 -8"><span class='ocrx_word' id='word_1_50' title='bbox 272 829 362 890; x_wconf 87' lang='lat' dir='ltr'><strong>rit,</strong></span> <span class='ocrx_word' id='word_1_51' title='bbox 407 828 568 883; x_wconf 83' lang='lat' dir='ltr'><strong>debet</strong></span> <span class='ocrx_word' id='word_1_52' title='bbox 611 829 788 883; x_wconf 84' lang='lat' dir='ltr'><strong>omnia</strong></span> <span class='ocrx_word' id='word_1_53' title='bbox 839 830 993 884; x_wconf 80' lang='lat' dir='ltr'><strong>istius</strong></span> <span class='ocrx_word' id='word_1_54' title='bbox 1045 827 1224 884; x_wconf 66' lang='lat' dir='ltr'><strong>saeculi</strong></span> <span class='ocrx_word' id='word_1_55' title='bbox 1288 827 1649 882; x_wconf 88' lang='lat' dir='ltr'><strong>emolumenta</strong></span> <span class='ocrx_word' id='word_1_56' title='bbox 1709 844 1836 882; x_wconf 89' lang='lat' dir='ltr'><strong>con-</strong></span> 
     </span>
    </p>
   </div>
   <div class='ocr_carea' id='block_1_9' title="bbox 271 913 1832 988">
    <p class='ocr_par' dir='ltr' id='par_1_9' title="bbox 271 913 1832 988">
     <span class='ocr_line' id='line_1_9' title="bbox 271 913 1832 988; baseline -0.003 -14"><span class='ocrx_word' id='word_1_57' title='bbox 271 922 525 982; x_wconf 83' lang='lat' dir='ltr'><strong>temnere,</strong></span> <span class='ocrx_word' id='word_1_58' title='bbox 568 925 633 974; x_wconf 86' lang='lat' dir='ltr'><strong>ut</strong></span> <span class='ocrx_word' id='word_1_59' title='bbox 675 913 823 974; x_wconf 87' lang='lat' dir='ltr'><strong>illum</strong></span> <span class='ocrx_word' id='word_1_60' title='bbox 860 919 1034 988; x_wconf 66' lang='lat' dir='ltr'><strong>posnt</strong></span> <span class='ocrx_word' id='word_1_61' title='bbox 1081 920 1308 980; x_wconf 86' lang='lat' dir='ltr'><strong>habere,</strong></span> <span class='ocrx_word' id='word_1_62' title='bbox 1357 930 1516 986; x_wconf 84' lang='lat' dir='ltr'><strong>quem</strong></span> <span class='ocrx_word' id='word_1_63' title='bbox 1551 917 1832 986; x_wconf 87' lang='lat' dir='ltr'><strong>repererit.</strong></span> 
     </span>
    </p>
   </div>
   <div class='ocr_carea' id='block_1_10' title="bbox 269 1005 1836 1080">
    <p class='ocr_par' dir='ltr' id='par_1_10' title="bbox 269 1005 1836 1080">
     <span class='ocr_line' id='line_1_10' title="bbox 269 1005 1836 1080; baseline -0.001 -19"><span class='ocrx_word' id='word_1_64' title='bbox 269 1005 414 1074; x_wconf 80' lang='lat' dir='ltr'><strong>Quod</strong></span> <span class='ocrx_word' id='word_1_65' title='bbox 457 1017 650 1064; x_wconf 80' lang='lat' dir='ltr'><strong>autem</strong></span> <span class='ocrx_word' id='word_1_66' title='bbox 706 1011 978 1080; x_wconf 78' lang='lat' dir='ltr'><strong>sequitur:</strong></span> <span class='ocrx_word' id='word_1_67' title='bbox 1034 1005 1197 1076; x_wconf 83' lang='lat' dir='ltr'><strong>Quem</strong></span> <span class='ocrx_word' id='word_1_68' title='bbox 1225 1027 1342 1063; x_wconf 81' lang='lat' dir='ltr'><strong>rum</strong></span> <span class='ocrx_word' id='word_1_69' title='bbox 1389 1009 1636 1062; x_wconf 81' lang='lat' dir='ltr'><strong>invenerit</strong></span> <span class='ocrx_word' id='word_1_70' title='bbox 1684 1009 1836 1060; x_wconf 83' lang='lat' dir='ltr'><strong>homo</strong></span> 
     </span>
    </p>
   </div>
   <div class='ocr_carea' id='block_1_11' title="bbox 268 1092 1834 1168">
    <p class='ocr_par' dir='ltr' id='par_1_11' title="bbox 268 1092 1834 1168">
     <span class='ocr_line' id='line_1_11' title="bbox 268 1092 1834 1168; baseline 0 -18"><span class='ocrx_word' id='word_1_71' title='bbox 268 1092 555 1164; x_wconf 72' lang='lat' dir='ltr'><strong>abscondit,</strong></span> <span class='ocrx_word' id='word_1_72' title='bbox 580 1094 781 1153; x_wconf 88' lang='lat' dir='ltr'><strong>ideirco</strong></span> <span class='ocrx_word' id='word_1_73' title='bbox 803 1099 1016 1163; x_wconf 88' lang='lat' dir='ltr'><strong>dicitur,</strong></span> <span class='ocrx_word' id='word_1_74' title='bbox 1036 1114 1139 1152; x_wconf 90' lang='lat' dir='ltr'><strong>non</strong></span> <span class='ocrx_word' id='word_1_75' title='bbox 1161 1099 1303 1168; x_wconf 77' lang='lat' dir='ltr'><strong>quoi</strong></span> <span class='ocrx_word' id='word_1_76' title='bbox 1332 1098 1398 1153; x_wconf 89' lang='lat' dir='ltr'><strong>de</strong></span> <span class='ocrx_word' id='word_1_77' title='bbox 1419 1097 1619 1152; x_wconf 78' lang='lat' dir='ltr'><strong>invidia</strong></span> <span class='ocrx_word' id='word_1_78' title='bbox 1647 1093 1834 1161; x_wconf 71' lang='lat' dir='ltr'><strong>fuerat,</strong></span> 
     </span>
    </p>
   </div>
   <div class='ocr_carea' id='block_1_12' title="bbox 267 1188 1836 1260">
    <p class='ocr_par' dir='ltr' id='par_1_12' title="bbox 267 1188 1836 1260">
     <span class='ocr_line' id='line_1_12' title="bbox 267 1188 1836 1260; baseline 0 -18"><span class='ocrx_word' id='word_1_79' title='bbox 267 1188 357 1243; x_wconf 88' lang='lat' dir='ltr'><strong>sed</strong></span> <span class='ocrx_word' id='word_1_80' title='bbox 383 1189 526 1258; x_wconf 92' lang='lat' dir='ltr'><strong>quod</strong></span> <span class='ocrx_word' id='word_1_81' title='bbox 559 1190 751 1244; x_wconf 87' lang='lat' dir='ltr'><strong>timore</strong></span> <span class='ocrx_word' id='word_1_82' title='bbox 785 1191 1052 1245; x_wconf 77' lang='lat' dir='ltr'><strong>servantis</strong></span> <span class='ocrx_word' id='word_1_83' title='bbox 1094 1200 1148 1246; x_wconf 90' lang='lat' dir='ltr'><strong>et</strong></span> <span class='ocrx_word' id='word_1_84' title='bbox 1173 1191 1403 1245; x_wconf 88' lang='lat' dir='ltr'><strong>nolentis</strong></span> <span class='ocrx_word' id='word_1_85' title='bbox 1444 1190 1670 1260; x_wconf 85' lang='lat' dir='ltr'><strong>perdere</strong></span> <span class='ocrx_word' id='word_1_86' title='bbox 1709 1189 1836 1243; x_wconf 87' lang='lat' dir='ltr'><strong>abs-</strong></span> 
     </span>
    </p>
   </div>
   <div class='ocr_carea' id='block_1_13' title="bbox 268 1273 1839 1349">
    <p class='ocr_par' dir='ltr' id='par_1_13' title="bbox 268 1273 1839 1349">
     <span class='ocr_line' id='line_1_13' title="bbox 268 1273 1839 1349; baseline -0.001 -19"><span class='ocrx_word' id='word_1_87' title='bbox 268 1275 462 1330; x_wconf 79' lang='lat' dir='ltr'><strong>condat</strong></span> <span class='ocrx_word' id='word_1_88' title='bbox 499 1277 553 1330; x_wconf 92' lang='lat' dir='ltr'><strong>in</strong></span> <span class='ocrx_word' id='word_1_89' title='bbox 583 1277 744 1332; x_wconf 90' lang='lat' dir='ltr'><strong>corde</strong></span> <span class='ocrx_word' id='word_1_90' title='bbox 789 1293 906 1342; x_wconf 90' lang='lat' dir='ltr'><strong>suo,</strong></span> <span class='ocrx_word' id='word_1_91' title='bbox 939 1293 1096 1346; x_wconf 88' lang='lat' dir='ltr'><strong>quem</strong></span> <span class='ocrx_word' id='word_1_92' title='bbox 1122 1278 1361 1349; x_wconf 87' lang='lat' dir='ltr'><strong>pristinis</strong></span> <span class='ocrx_word' id='word_1_93' title='bbox 1406 1277 1640 1348; x_wconf 69' lang='lat' dir='ltr'><strong>praetulit</strong></span> <span class='ocrx_word' id='word_1_94' title='bbox 1670 1273 1839 1331; x_wconf 85' lang='lat' dir='ltr'><strong>facul-</strong></span> 
     </span>
    </p>
   </div>
   <div class='ocr_carea' id='block_1_14' title="bbox 268 1367 1840 1441">
    <p class='ocr_par' dir='ltr' id='par_1_14' title="bbox 268 1367 1840 1441">
     <span class='ocr_line' id='line_1_14' title="bbox 268 1367 1840 1441; baseline -0.001 -19"><span class='ocrx_word' id='word_1_95' title='bbox 268 1369 487 1424; x_wconf 88' lang='lat' dir='ltr'><strong>tatibus.</strong></span> <span class='ocrx_word' id='word_1_96' title='bbox 539 1368 721 1440; x_wconf 79' lang='lat' dir='ltr'><strong>(Aug.)</strong></span> <span class='ocrx_word' id='word_1_97' title='bbox 753 1370 884 1424; x_wconf 88' lang='lat' dir='ltr'><strong>item</strong></span> <span class='ocrx_word' id='word_1_98' title='bbox 929 1371 1240 1424; x_wconf 82' lang='lat' dir='ltr'><strong>thesaurum</strong></span> <span class='ocrx_word' id='word_1_99' title='bbox 1292 1371 1343 1424; x_wconf 90' lang='lat' dir='ltr'><strong>in</strong></span> <span class='ocrx_word' id='word_1_100' title='bbox 1377 1385 1506 1441; x_wconf 85' lang='lat' dir='ltr'><strong>agro</strong></span> <span class='ocrx_word' id='word_1_101' title='bbox 1553 1367 1840 1423; x_wconf 80' lang='lat' dir='ltr'><strong>abscondi-</strong></span> 
     </span>
    </p>
   </div>
   <div class='ocr_carea' id='block_1_15' title="bbox 267 1458 1838 1531">
    <p class='ocr_par' dir='ltr' id='par_1_15' title="bbox 267 1458 1838 1531">
     <span class='ocr_line' id='line_1_15' title="bbox 267 1458 1838 1531; baseline -0.001 -15"><span class='ocrx_word' id='word_1_102' title='bbox 267 1465 376 1516; x_wconf 81' lang='lat' dir='ltr'><strong>tum</strong></span> <span class='ocrx_word' id='word_1_103' title='bbox 429 1459 585 1521; x_wconf 81' lang='lat' dir='ltr'><strong>dixit.</strong></span> <span class='ocrx_word' id='word_1_104' title='bbox 629 1461 734 1516; x_wconf 89' lang='lat' dir='ltr'><strong>duo</strong></span> <span class='ocrx_word' id='word_1_105' title='bbox 772 1459 1115 1516; x_wconf 87' lang='lat' dir='ltr'><strong>Testamenta</strong></span> <span class='ocrx_word' id='word_1_106' title='bbox 1147 1461 1276 1531; x_wconf 89' lang='lat' dir='ltr'><strong>legis</strong></span> <span class='ocrx_word' id='word_1_107' title='bbox 1313 1463 1366 1515; x_wconf 92' lang='lat' dir='ltr'><strong>in</strong></span> <span class='ocrx_word' id='word_1_108' title='bbox 1392 1459 1652 1527; x_wconf 81' lang='lat' dir='ltr'><strong>Ecclesia.</strong></span> <span class='ocrx_word' id='word_1_109' title='bbox 1706 1458 1838 1514; x_wconf 89' lang='lat' dir='ltr'><strong>Cum</strong></span> 
     </span>
    </p>
   </div>
   <div class='ocr_carea' id='block_1_16' title="bbox 263 1548 1842 1622">
    <p class='ocr_par' dir='ltr' id='par_1_16' title="bbox 263 1548 1842 1622">
     <span class='ocr_line' id='line_1_16' title="bbox 263 1548 1842 1622; baseline 0.004 -23"><span class='ocrx_word' id='word_1_110' title='bbox 263 1548 384 1616; x_wconf 85' lang='lat' dir='ltr'><strong>quis</strong></span> <span class='ocrx_word' id='word_1_111' title='bbox 428 1563 492 1603; x_wconf 90' lang='lat' dir='ltr'><strong>ea</strong></span> <span class='ocrx_word' id='word_1_112' title='bbox 532 1563 599 1604; x_wconf 77' lang='lat' dir='ltr'><strong>ex</strong></span> <span class='ocrx_word' id='word_1_113' title='bbox 628 1558 783 1618; x_wconf 87' lang='lat' dir='ltr'><strong>parte</strong></span> <span class='ocrx_word' id='word_1_114' title='bbox 824 1549 1128 1606; x_wconf 89' lang='lat' dir='ltr'><strong>intellectus</strong></span> <span class='ocrx_word' id='word_1_115' title='bbox 1180 1551 1453 1622; x_wconf 77' lang='lat' dir='ltr'><strong>attigerit,</strong></span> <span class='ocrx_word' id='word_1_116' title='bbox 1512 1551 1679 1605; x_wconf 88' lang='lat' dir='ltr'><strong>sentit</strong></span> <span class='ocrx_word' id='word_1_117' title='bbox 1729 1548 1842 1606; x_wconf 90' lang='lat' dir='ltr'><strong>illic</strong></span> 
     </span>
    </p>
   </div>
   <div class='ocr_carea' id='block_1_17' title="bbox 261 1637 1844 1705">
    <p class='ocr_par' dir='ltr' id='par_1_17' title="bbox 261 1637 1844 1705">
     <span class='ocr_line' id='line_1_17' title="bbox 261 1637 1844 1705; baseline 0.001 -11"><span class='ocrx_word' id='word_1_118' title='bbox 261 1651 456 1705; x_wconf 81' lang='lat' dir='ltr'><strong>magna</strong></span> <span class='ocrx_word' id='word_1_119' title='bbox 508 1637 706 1702; x_wconf 88' lang='lat' dir='ltr'><strong>latere,</strong></span> <span class='ocrx_word' id='word_1_120' title='bbox 755 1647 802 1692; x_wconf 89' lang='lat' dir='ltr'><strong>et</strong></span> <span class='ocrx_word' id='word_1_121' title='bbox 830 1637 1004 1703; x_wconf 80' lang='lat' dir='ltr'><strong>vadit,</strong></span> <span class='ocrx_word' id='word_1_122' title='bbox 1051 1649 1099 1693; x_wconf 85' lang='lat' dir='ltr'><strong>et</strong></span> <span class='ocrx_word' id='word_1_123' title='bbox 1144 1640 1315 1694; x_wconf 75' lang='lat' dir='ltr'><strong>vendit</strong></span> <span class='ocrx_word' id='word_1_124' title='bbox 1385 1640 1561 1694; x_wconf 81' lang='lat' dir='ltr'><strong>omnia</strong></span> <span class='ocrx_word' id='word_1_125' title='bbox 1615 1656 1748 1703; x_wconf 89' lang='lat' dir='ltr'><strong>sua,</strong></span> <span class='ocrx_word' id='word_1_126' title='bbox 1787 1647 1844 1695; x_wconf 82' lang='lat' dir='ltr'><strong>et</strong></span> 
     </span>
    </p>
   </div>
   <div class='ocr_carea' id='block_1_18' title="bbox 263 1731 1837 1804">
    <p class='ocr_par' dir='ltr' id='par_1_18' title="bbox 263 1731 1837 1804">
     <span class='ocr_line' id='line_1_18' title="bbox 263 1731 1837 1804; baseline 0.003 -21"><span class='ocrx_word' id='word_1_127' title='bbox 263 1731 391 1785; x_wconf 89' lang='lat' dir='ltr'><strong>emit</strong></span> <span class='ocrx_word' id='word_1_128' title='bbox 417 1731 587 1792; x_wconf 86' lang='lat' dir='ltr'><strong>illum,</strong></span> <span class='ocrx_word' id='word_1_129' title='bbox 621 1731 671 1786; x_wconf 91' lang='lat' dir='ltr'><strong>id</strong></span> <span class='ocrx_word' id='word_1_130' title='bbox 702 1738 803 1794; x_wconf 91' lang='lat' dir='ltr'><strong>est,</strong></span> <span class='ocrx_word' id='word_1_131' title='bbox 832 1738 1146 1800; x_wconf 89' lang='lat' dir='ltr'><strong>contemptu</strong></span> <span class='ocrx_word' id='word_1_132' title='bbox 1193 1732 1570 1800; x_wconf 86' lang='lat' dir='ltr'><strong>temporalium</strong></span> <span class='ocrx_word' id='word_1_133' title='bbox 1622 1749 1837 1804; x_wconf 82' lang='lat' dir='ltr'><strong>compa</strong></span> 
     </span>
    </p>
   </div>
   <div class='ocr_carea' id='block_1_19' title="bbox 264 1820 1607 1890">
    <p class='ocr_par' dir='ltr' id='par_1_19' title="bbox 264 1820 1607 1890">
     <span class='ocr_line' id='line_1_19' title="bbox 264 1820 1607 1890; baseline 0.004 -18"><span class='ocrx_word' id='word_1_134' title='bbox 264 1828 345 1872; x_wconf 88' lang='lat' dir='ltr'><strong>rat</strong></span> <span class='ocrx_word' id='word_1_135' title='bbox 373 1821 475 1876; x_wconf 83' lang='lat' dir='ltr'><strong>sibi</strong></span> <span class='ocrx_word' id='word_1_136' title='bbox 503 1821 692 1879; x_wconf 86' lang='lat' dir='ltr'><strong>otium,</strong></span> <span class='ocrx_word' id='word_1_137' title='bbox 721 1827 781 1875; x_wconf 90' lang='lat' dir='ltr'><strong>ut</strong></span> <span class='ocrx_word' id='word_1_138' title='bbox 809 1821 879 1874; x_wconf 88' lang='lat' dir='ltr'><strong>sit</strong></span> <span class='ocrx_word' id='word_1_139' title='bbox 902 1820 1051 1875; x_wconf 86' lang='lat' dir='ltr'><strong>dives</strong></span> <span class='ocrx_word' id='word_1_140' title='bbox 1074 1821 1125 1874; x_wconf 91' lang='lat' dir='ltr'><strong>in</strong></span> <span class='ocrx_word' id='word_1_141' title='bbox 1153 1822 1458 1890; x_wconf 73' lang='lat' dir='ltr'><strong>cognitione</strong></span> <span class='ocrx_word' id='word_1_142' title='bbox 1491 1823 1607 1877; x_wconf 90' lang='lat' dir='ltr'><strong>Dei.</strong></span> 
     </span>
    </p>
   </div>
   <div class='ocr_carea' id='block_1_20' title="bbox 322 1908 1845 1985">
    <p class='ocr_par' dir='ltr' id='par_1_20' title="bbox 322 1908 1845 1985">
     <span class='ocr_line' id='line_1_20' title="bbox 322 1908 1845 1985; baseline 0.006 -23"><span class='ocrx_word' id='word_1_143' title='bbox 322 1908 547 1974; x_wconf 85' lang='lat' dir='ltr'><strong>Iterum,</strong></span> <span class='ocrx_word' id='word_1_144' title='bbox 569 1910 738 1965; x_wconf 79' lang='lat' dir='ltr'><strong>simile</strong></span> <span class='ocrx_word' id='word_1_145' title='bbox 774 1920 849 1965; x_wconf 83' lang='lat' dir='ltr'><strong>est</strong></span> <span class='ocrx_word' id='word_1_146' title='bbox 885 1927 1099 1981; x_wconf 83' lang='lat' dir='ltr'><strong>regnum</strong></span> <span class='ocrx_word' id='word_1_147' title='bbox 1123 1910 1368 1968; x_wconf 69' lang='lat' dir='ltr'><strong>oculorum</strong></span> <span class='ocrx_word' id='word_1_148' title='bbox 1392 1913 1590 1966; x_wconf 80' lang='lat' dir='ltr'><strong>homini</strong></span> <span class='ocrx_word' id='word_1_149' title='bbox 1611 1915 1845 1985; x_wconf 87' lang='lat' dir='ltr'><strong>negotia-</strong></span> 
     </span>
    </p>
   </div>
   <div class='ocr_carea' id='block_1_21' title="bbox 261 2003 1844 2078">
    <p class='ocr_par' dir='ltr' id='par_1_21' title="bbox 261 2003 1844 2078">
     <span class='ocr_line' id='line_1_21' title="bbox 261 2003 1844 2078; baseline 0.006 -24"><span class='ocrx_word' id='word_1_150' title='bbox 261 2003 366 2055; x_wconf 80' lang='lat' dir='ltr'><strong>tori</strong></span> <span class='ocrx_word' id='word_1_151' title='bbox 384 2004 638 2069; x_wconf 65' lang='lat' dir='ltr'><strong>qua&#39;renti</strong></span> <span class='ocrx_word' id='word_1_152' title='bbox 659 2009 819 2058; x_wconf 87' lang='lat' dir='ltr'><strong>bonas</strong></span> <span class='ocrx_word' id='word_1_153' title='bbox 835 2004 1146 2076; x_wconf 76' lang='lat' dir='ltr'><strong>margaritas</strong></span> <span class='ocrx_word' id='word_1_154' title='bbox 1161 2020 1179 2069; x_wconf 87' lang='lat'><strong><em>;</em></strong></span> <span class='ocrx_word' id='word_1_155' title='bbox 1193 2004 1396 2060; x_wconf 82' lang='lat' dir='ltr'><strong>inventa</strong></span> <span class='ocrx_word' id='word_1_156' title='bbox 1412 2014 1588 2061; x_wconf 81' lang='lat' dir='ltr'><strong>autem</strong></span> <span class='ocrx_word' id='word_1_157' title='bbox 1609 2024 1714 2062; x_wconf 83' lang='lat' dir='ltr'><strong>una</strong></span> <span class='ocrx_word' id='word_1_158' title='bbox 1730 2026 1844 2078; x_wconf 86' lang='lat' dir='ltr'><strong>pre-</strong></span> 
     </span>
    </p>
   </div>
   <div class='ocr_carea' id='block_1_22' title="bbox 261 2091 1840 2168">
    <p class='ocr_par' dir='ltr' id='par_1_22' title="bbox 261 2091 1840 2168">
     <span class='ocr_line' id='line_1_22' title="bbox 261 2091 1840 2168; baseline 0.004 -23"><span class='ocrx_word' id='word_1_159' title='bbox 261 2091 398 2145; x_wconf 82' lang='lat' dir='ltr'><strong>tiosa</strong></span> <span class='ocrx_word' id='word_1_160' title='bbox 429 2092 736 2161; x_wconf 86' lang='lat' dir='ltr'><strong>margarita,</strong></span> <span class='ocrx_word' id='word_1_161' title='bbox 771 2093 895 2146; x_wconf 87' lang='lat' dir='ltr'><strong>abiit</strong></span> <span class='ocrx_word' id='word_1_162' title='bbox 941 2103 988 2146; x_wconf 92' lang='lat' dir='ltr'><strong>et</strong></span> <span class='ocrx_word' id='word_1_163' title='bbox 1018 2093 1245 2147; x_wconf 78' lang='lat' dir='ltr'><strong>vendidit</strong></span> <span class='ocrx_word' id='word_1_164' title='bbox 1277 2096 1453 2150; x_wconf 86' lang='lat' dir='ltr'><strong>omnia</strong></span> <span class='ocrx_word' id='word_1_165' title='bbox 1488 2113 1604 2168; x_wconf 76' lang='lat' dir='ltr'><strong>qua:</strong></span> <span class='ocrx_word' id='word_1_166' title='bbox 1636 2099 1840 2165; x_wconf 85' lang='lat' dir='ltr'><strong>habuit,</strong></span> 
     </span>
    </p>
   </div>
   <div class='ocr_carea' id='block_1_23' title="bbox 257 2180 1841 2260">
    <p class='ocr_par' dir='ltr' id='par_1_23' title="bbox 257 2180 1841 2260">
     <span class='ocr_line' id='line_1_23' title="bbox 257 2180 1841 2260; baseline 0.007 -27"><span class='ocrx_word' id='word_1_167' title='bbox 257 2187 306 2233; x_wconf 89' lang='lat' dir='ltr'><strong>et</strong></span> <span class='ocrx_word' id='word_1_168' title='bbox 329 2181 452 2233; x_wconf 86' lang='lat' dir='ltr'><strong>emit</strong></span> <span class='ocrx_word' id='word_1_169' title='bbox 484 2197 618 2234; x_wconf 88' lang='lat' dir='ltr'><strong>eam.</strong></span> <span class='ocrx_word' id='word_1_170' title='bbox 652 2180 853 2252; x_wconf 81' lang='lat' dir='ltr'><strong>(Greg.)</strong></span> <span class='ocrx_word' id='word_1_171' title='bbox 881 2182 1114 2237; x_wconf 85' lang='lat' dir='ltr'><strong>Rursum</strong></span> <span class='ocrx_word' id='word_1_172' title='bbox 1137 2185 1332 2254; x_wconf 89' lang='lat' dir='ltr'><strong>quippe</strong></span> <span class='ocrx_word' id='word_1_173' title='bbox 1356 2186 1578 2242; x_wconf 78' lang='lat' dir='ltr'><strong>caeleste</strong></span> <span class='ocrx_word' id='word_1_174' title='bbox 1617 2203 1841 2260; x_wconf 79' lang='lat' dir='ltr'><strong>regnum</strong></span> 
     </span>
    </p>
   </div>
   <div class='ocr_carea' id='block_1_24' title="bbox 261 2269 1843 2344">
    <p class='ocr_par' dir='ltr' id='par_1_24' title="bbox 261 2269 1843 2344">
     <span class='ocr_line' id='line_1_24' title="bbox 261 2269 1843 2344; baseline 0.004 -20"><span class='ocrx_word' id='word_1_175' title='bbox 261 2269 466 2324; x_wconf 88' lang='lat' dir='ltr'><strong>homini</strong></span> <span class='ocrx_word' id='word_1_176' title='bbox 518 2271 838 2342; x_wconf 81' lang='lat' dir='ltr'><strong>negotiatori</strong></span> <span class='ocrx_word' id='word_1_177' title='bbox 879 2272 1054 2327; x_wconf 86' lang='lat' dir='ltr'><strong>simile</strong></span> <span class='ocrx_word' id='word_1_178' title='bbox 1101 2273 1318 2336; x_wconf 89' lang='lat' dir='ltr'><strong>dicitur,</strong></span> <span class='ocrx_word' id='word_1_179' title='bbox 1356 2274 1449 2344; x_wconf 89' lang='lat' dir='ltr'><strong>qui</strong></span> <span class='ocrx_word' id='word_1_180' title='bbox 1497 2277 1668 2332; x_wconf 90' lang='lat' dir='ltr'><strong>bonas</strong></span> <span class='ocrx_word' id='word_1_181' title='bbox 1700 2293 1843 2332; x_wconf 89' lang='lat' dir='ltr'><strong>mar-</strong></span> 
     </span>
    </p>
   </div>
   <div class='ocr_carea' id='block_1_25' title="bbox 261 2356 1839 2434">
    <p class='ocr_par' dir='ltr' id='par_1_25' title="bbox 261 2356 1839 2434">
     <span class='ocr_line' id='line_1_25' title="bbox 261 2356 1839 2434; baseline 0.007 -25"><span class='ocrx_word' id='word_1_182' title='bbox 261 2356 465 2427; x_wconf 87' lang='lat' dir='ltr'><strong>garitas</strong></span> <span class='ocrx_word' id='word_1_183' title='bbox 490 2358 701 2426; x_wconf 74' lang='lat' dir='ltr'><strong>qumrit,</strong></span> <span class='ocrx_word' id='word_1_184' title='bbox 736 2359 830 2414; x_wconf 89' lang='lat' dir='ltr'><strong>sed</strong></span> <span class='ocrx_word' id='word_1_185' title='bbox 877 2374 1038 2431; x_wconf 78' lang='lat' dir='ltr'><strong>unam</strong></span> <span class='ocrx_word' id='word_1_186' title='bbox 1071 2363 1363 2431; x_wconf 87' lang='lat' dir='ltr'><strong>pretiosam</strong></span> <span class='ocrx_word' id='word_1_187' title='bbox 1408 2364 1637 2428; x_wconf 88' lang='lat' dir='ltr'><strong>invenit,</strong></span> <span class='ocrx_word' id='word_1_188' title='bbox 1677 2380 1839 2434; x_wconf 89' lang='lat' dir='ltr'><strong>quam</strong></span> 
     </span>
    </p>
   </div>
   <div class='ocr_carea' id='block_1_26' title="bbox 260 2446 1840 2524">
    <p class='ocr_par' dir='ltr' id='par_1_26' title="bbox 260 2446 1840 2524">
     <span class='ocr_line' id='line_1_26' title="bbox 260 2446 1840 2524; baseline 0.009 -29"><span class='ocrx_word' id='word_1_189' title='bbox 260 2446 508 2501; x_wconf 87' lang='lat' dir='ltr'><strong>videlicet</strong></span> <span class='ocrx_word' id='word_1_190' title='bbox 547 2447 818 2502; x_wconf 73' lang='lat' dir='ltr'><strong>inventam</strong></span> <span class='ocrx_word' id='word_1_191' title='bbox 865 2451 1045 2506; x_wconf 86' lang='lat' dir='ltr'><strong>omnia</strong></span> <span class='ocrx_word' id='word_1_192' title='bbox 1087 2453 1327 2508; x_wconf 78' lang='lat' dir='ltr'><strong>vendens</strong></span> <span class='ocrx_word' id='word_1_193' title='bbox 1372 2453 1522 2508; x_wconf 90' lang='lat' dir='ltr'><strong>emit.</strong></span> <span class='ocrx_word' id='word_1_194' title='bbox 1570 2454 1720 2521; x_wconf 87' lang='lat' dir='ltr'><strong>Quod</strong></span> <span class='ocrx_word' id='word_1_195' title='bbox 1749 2455 1840 2524; x_wconf 89' lang='lat' dir='ltr'><strong>qui</strong></span> 
     </span>
    </p>
   </div>
   <div class='ocr_carea' id='block_1_27' title="bbox 262 2535 1843 2615">
    <p class='ocr_par' dir='ltr' id='par_1_27' title="bbox 262 2535 1843 2615">
     <span class='ocr_line' id='line_1_27' title="bbox 262 2535 1843 2615; baseline 0.008 -26"><span class='ocrx_word' id='word_1_196' title='bbox 262 2535 499 2591; x_wconf 69' lang='lat' dir='ltr'><strong>caelestis</strong></span> <span class='ocrx_word' id='word_1_197' title='bbox 535 2537 656 2591; x_wconf 72' lang='lat' dir='ltr'><strong>vitae</strong></span> <span class='ocrx_word' id='word_1_198' title='bbox 706 2537 1067 2606; x_wconf 87' lang='lat' dir='ltr'><strong>dulcedinem,</strong></span> <span class='ocrx_word' id='word_1_199' title='bbox 1118 2543 1170 2596; x_wconf 90' lang='lat' dir='ltr'><strong>in</strong></span> <span class='ocrx_word' id='word_1_200' title='bbox 1211 2551 1468 2614; x_wconf 89' lang='lat' dir='ltr'><strong>quantum</strong></span> <span class='ocrx_word' id='word_1_201' title='bbox 1517 2545 1843 2615; x_wconf 87' lang='lat' dir='ltr'><strong>possibilitas</strong></span> 
     </span>
    </p>
   </div>
   <div class='ocr_carea' id='block_1_28' title="bbox 262 2627 1840 2703">
    <p class='ocr_par' dir='ltr' id='par_1_28' title="bbox 262 2627 1840 2703">
     <span class='ocr_line' id='line_1_28' title="bbox 262 2627 1840 2703; baseline 0.006 -23"><span class='ocrx_word' id='word_1_202' title='bbox 262 2627 517 2691; x_wconf 84' lang='lat' dir='ltr'><strong>admittit,</strong></span> <span class='ocrx_word' id='word_1_203' title='bbox 543 2627 783 2699; x_wconf 90' lang='lat' dir='ltr'><strong>perfecte</strong></span> <span class='ocrx_word' id='word_1_204' title='bbox 805 2633 1136 2702; x_wconf 80' lang='lat' dir='ltr'><strong>cognoverit,</strong></span> <span class='ocrx_word' id='word_1_205' title='bbox 1162 2648 1225 2687; x_wconf 91' lang='lat' dir='ltr'><strong>ea</strong></span> <span class='ocrx_word' id='word_1_206' title='bbox 1248 2649 1367 2703; x_wconf 74' lang='lat' dir='ltr'><strong>qua:</strong></span> <span class='ocrx_word' id='word_1_207' title='bbox 1398 2635 1450 2689; x_wconf 91' lang='lat' dir='ltr'><strong>in</strong></span> <span class='ocrx_word' id='word_1_208' title='bbox 1492 2637 1650 2691; x_wconf 89' lang='lat' dir='ltr'><strong>terris</strong></span> <span class='ocrx_word' id='word_1_209' title='bbox 1687 2651 1840 2690; x_wconf 88' lang='lat' dir='ltr'><strong>ama-</strong></span> 
     </span>
    </p>
   </div>
   <div class='ocr_carea' id='block_1_29' title="bbox 261 2719 1841 2794">
    <p class='ocr_par' dir='ltr' id='par_1_29' title="bbox 261 2719 1841 2794">
     <span class='ocr_line' id='line_1_29' title="bbox 261 2719 1841 2794; baseline 0.008 -26"><span class='ocrx_word' id='word_1_210' title='bbox 261 2726 433 2780; x_wconf 88' lang='lat' dir='ltr'><strong>verat,</strong></span> <span class='ocrx_word' id='word_1_211' title='bbox 461 2719 691 2774; x_wconf 89' lang='lat' dir='ltr'><strong>libenter</strong></span> <span class='ocrx_word' id='word_1_212' title='bbox 712 2730 903 2774; x_wconf 87' lang='lat' dir='ltr'><strong>cuncta</strong></span> <span class='ocrx_word' id='word_1_213' title='bbox 918 2721 1261 2793; x_wconf 87' lang='lat' dir='ltr'><strong>derelinquit.</strong></span> <span class='ocrx_word' id='word_1_214' title='bbox 1289 2723 1344 2777; x_wconf 88' lang='lat' dir='ltr'><strong>in</strong></span> <span class='ocrx_word' id='word_1_215' title='bbox 1367 2725 1770 2794; x_wconf 87' lang='lat' dir='ltr'><strong>comparatione</strong></span> <span class='ocrx_word' id='word_1_216' title='bbox 1791 2726 1841 2780; x_wconf 88' lang='lat' dir='ltr'><strong>ei</strong></span> 
     </span>
    </p>
   </div>
   <div class='ocr_carea' id='block_1_30' title="bbox 260 2806 1836 2884">
    <p class='ocr_par' dir='ltr' id='par_1_30' title="bbox 260 2806 1836 2884">
     <span class='ocr_line' id='line_1_30' title="bbox 260 2806 1836 2884; baseline 0.005 -25"><span class='ocrx_word' id='word_1_217' title='bbox 260 2806 741 2873; x_wconf 82' lang='lat' dir='ltr'><strong>vilescuntomnia,</strong></span> <span class='ocrx_word' id='word_1_218' title='bbox 769 2811 1193 2878; x_wconf 85' lang='lat' dir='ltr'><strong>deserithabita,</strong></span> <span class='ocrx_word' id='word_1_219' title='bbox 1219 2821 1544 2882; x_wconf 82' lang='lat' dir='ltr'><strong>congregata</strong></span> <span class='ocrx_word' id='word_1_220' title='bbox 1559 2813 1836 2884; x_wconf 87' lang='lat' dir='ltr'><strong>dispergit,</strong></span> 
     </span>
    </p>
   </div>
   <div class='ocr_carea' id='block_1_31' title="bbox 259 2893 1839 2968">
    <p class='ocr_par' dir='ltr' id='par_1_31' title="bbox 259 2893 1839 2968">
     <span class='ocr_line' id='line_1_31' title="bbox 259 2893 1839 2968; baseline 0.006 -19"><span class='ocrx_word' id='word_1_221' title='bbox 259 2893 555 2952; x_wconf 79' lang='lat' dir='ltr'><strong>inardescit</strong></span> <span class='ocrx_word' id='word_1_222' title='bbox 573 2899 623 2951; x_wconf 94' lang='lat' dir='ltr'><strong>in</strong></span> <span class='ocrx_word' id='word_1_223' title='bbox 649 2899 959 2955; x_wconf 70' lang='lat' dir='ltr'><strong>coelestibus</strong></span> <span class='ocrx_word' id='word_1_224' title='bbox 978 2902 1209 2958; x_wconf 85' lang='lat' dir='ltr'><strong>animus.</strong></span> <span class='ocrx_word' id='word_1_225' title='bbox 1233 2901 1316 2958; x_wconf 81' lang='lat' dir='ltr'><strong>Nil</strong></span> <span class='ocrx_word' id='word_1_226' title='bbox 1347 2903 1401 2957; x_wconf 91' lang='lat' dir='ltr'><strong>in</strong></span> <span class='ocrx_word' id='word_1_227' title='bbox 1430 2904 1661 2958; x_wconf 87' lang='lat' dir='ltr'><strong>terrenis</strong></span> <span class='ocrx_word' id='word_1_228' title='bbox 1689 2903 1839 2968; x_wconf 89' lang='lat' dir='ltr'><strong>libet,</strong></span> 
     </span>
    </p>
   </div>
   <div class='ocr_carea' id='block_1_32' title="bbox 256 2981 1843 3062">
    <p class='ocr_par' dir='ltr' id='par_1_32' title="bbox 256 2981 1843 3062">
     <span class='ocr_line' id='line_1_32' title="bbox 256 2981 1843 3062; baseline 0.008 -26"><span class='ocrx_word' id='word_1_229' title='bbox 256 2981 501 3040; x_wconf 79' lang='lat' dir='ltr'><strong>deforme</strong></span> <span class='ocrx_word' id='word_1_230' title='bbox 521 2988 852 3056; x_wconf 87' lang='lat' dir='ltr'><strong>conspicitur</strong></span> <span class='ocrx_word' id='word_1_231' title='bbox 867 2986 1125 3060; x_wconf 85' lang='lat' dir='ltr'><strong>quidquid</strong></span> <span class='ocrx_word' id='word_1_232' title='bbox 1145 2990 1211 3045; x_wconf 90' lang='lat' dir='ltr'><strong>de</strong></span> <span class='ocrx_word' id='word_1_233' title='bbox 1233 3000 1443 3047; x_wconf 89' lang='lat' dir='ltr'><strong>terrena</strong></span> <span class='ocrx_word' id='word_1_234' title='bbox 1460 2992 1705 3062; x_wconf 87' lang='lat' dir='ltr'><strong>placebat</strong></span> <span class='ocrx_word' id='word_1_235' title='bbox 1721 3008 1843 3062; x_wconf 85' lang='lat' dir='ltr'><strong>spe-</strong></span> 
     </span>
    </p>
   </div>
   <div class='ocr_carea' id='block_1_33' title="bbox 257 3069 1837 3150">
    <p class='ocr_par' dir='ltr' id='par_1_33' title="bbox 257 3069 1837 3150">
     <span class='ocr_line' id='line_1_33' title="bbox 257 3069 1837 3150; baseline 0.008 -28"><span class='ocrx_word' id='word_1_236' title='bbox 257 3069 360 3136; x_wconf 88' lang='lat' dir='ltr'><strong>cie,</strong></span> <span class='ocrx_word' id='word_1_237' title='bbox 400 3072 544 3139; x_wconf 91' lang='lat' dir='ltr'><strong>quod</strong></span> <span class='ocrx_word' id='word_1_238' title='bbox 565 3072 677 3127; x_wconf 85' lang='lat' dir='ltr'><strong>sola</strong></span> <span class='ocrx_word' id='word_1_239' title='bbox 703 3075 952 3143; x_wconf 71' lang='lat' dir='ltr'><strong>pretiosa:</strong></span> <span class='ocrx_word' id='word_1_240' title='bbox 976 3077 1283 3148; x_wconf 71' lang='lat' dir='ltr'><strong>margaritae</strong></span> <span class='ocrx_word' id='word_1_241' title='bbox 1318 3080 1556 3135; x_wconf 87' lang='lat' dir='ltr'><strong>charitas</strong></span> <span class='ocrx_word' id='word_1_242' title='bbox 1577 3077 1747 3150; x_wconf 81' lang='lat' dir='ltr'><strong>fulget</strong></span> <span class='ocrx_word' id='word_1_243' title='bbox 1785 3080 1837 3135; x_wconf 90' lang='lat' dir='ltr'><strong>in</strong></span> 
     </span>
    </p>
   </div>
   <div class='ocr_carea' id='block_1_34' title="bbox 1940 559 3510 628">
    <p class='ocr_par' dir='ltr' id='par_1_34' title="bbox 1940 559 3510 628">
     <span class='ocr_line' id='line_1_34' title="bbox 1940 559 3510 628; baseline 0.001 -15"><span class='ocrx_word' id='word_1_244' title='bbox 1940 561 2148 615; x_wconf 82' lang='lat' dir='ltr'><strong>ratione</strong></span> <span class='ocrx_word' id='word_1_245' title='bbox 2177 569 2448 616; x_wconf 88' lang='lat' dir='ltr'><strong>cernatur.</strong></span> <span class='ocrx_word' id='word_1_246' title='bbox 2498 559 2644 628; x_wconf 84' lang='lat' dir='ltr'><strong>Quos</strong></span> <span class='ocrx_word' id='word_1_247' title='bbox 2675 567 2853 613; x_wconf 89' lang='lat' dir='ltr'><strong>tamen</strong></span> <span class='ocrx_word' id='word_1_248' title='bbox 2898 572 3086 614; x_wconf 90' lang='lat' dir='ltr'><strong>omnes</strong></span> <span class='ocrx_word' id='word_1_249' title='bbox 3115 574 3296 625; x_wconf 86' lang='lat' dir='ltr'><strong>veros,</strong></span> <span class='ocrx_word' id='word_1_250' title='bbox 3329 567 3384 618; x_wconf 82' lang='lat' dir='ltr'><strong>.et</strong></span> <span class='ocrx_word' id='word_1_251' title='bbox 3420 561 3510 614; x_wconf 89' lang='lat' dir='ltr'><strong>llr-</strong></span> 
     </span>
    </p>
   </div>
   <div class='ocr_carea' id='block_1_35' title="bbox 1937 648 3512 721">
    <p class='ocr_par' dir='ltr' id='par_1_35' title="bbox 1937 648 3512 721">
     <span class='ocr_line' id='line_1_35' title="bbox 1937 648 3512 721; baseline 0.003 -19"><span class='ocrx_word' id='word_1_252' title='bbox 1937 665 2074 714; x_wconf 91' lang='lat' dir='ltr'><strong>mos,</strong></span> <span class='ocrx_word' id='word_1_253' title='bbox 2107 658 2163 704; x_wconf 91' lang='lat' dir='ltr'><strong>et</strong></span> <span class='ocrx_word' id='word_1_254' title='bbox 2187 649 2454 718; x_wconf 87' lang='lat' dir='ltr'><strong>perfectos</strong></span> <span class='ocrx_word' id='word_1_255' title='bbox 2485 648 2785 705; x_wconf 87' lang='lat' dir='ltr'><strong>intellectus</strong></span> <span class='ocrx_word' id='word_1_256' title='bbox 2818 665 2958 702; x_wconf 87' lang='lat' dir='ltr'><strong>unus</strong></span> <span class='ocrx_word' id='word_1_257' title='bbox 2989 648 3077 704; x_wconf 90' lang='lat' dir='ltr'><strong>ille</strong></span> <span class='ocrx_word' id='word_1_258' title='bbox 3115 651 3374 714; x_wconf 86' lang='lat' dir='ltr'><strong>continet,</strong></span> <span class='ocrx_word' id='word_1_259' title='bbox 3415 663 3512 721; x_wconf 86' lang='lat' dir='ltr'><strong>per</strong></span> 
     </span>
    </p>
   </div>
   <div class='ocr_carea' id='block_1_36' title="bbox 1935 738 3513 808">
    <p class='ocr_par' dir='ltr' id='par_1_36' title="bbox 1935 738 3513 808">
     <span class='ocr_line' id='line_1_36' title="bbox 1935 738 3513 808; baseline 0.003 -16"><span class='ocrx_word' id='word_1_260' title='bbox 1935 753 2094 808; x_wconf 89' lang='lat' dir='ltr'><strong>quem</strong></span> <span class='ocrx_word' id='word_1_261' title='bbox 2121 738 2259 795; x_wconf 84' lang='lat' dir='ltr'><strong>facta</strong></span> <span class='ocrx_word' id='word_1_262' title='bbox 2290 747 2414 793; x_wconf 92' lang='lat' dir='ltr'><strong>sunt</strong></span> <span class='ocrx_word' id='word_1_263' title='bbox 2436 740 2636 805; x_wconf 90' lang='lat' dir='ltr'><strong>omnia,</strong></span> <span class='ocrx_word' id='word_1_264' title='bbox 2661 739 2801 808; x_wconf 89' lang='lat' dir='ltr'><strong>quod</strong></span> <span class='ocrx_word' id='word_1_265' title='bbox 2824 748 2906 794; x_wconf 90' lang='lat' dir='ltr'><strong>est</strong></span> <span class='ocrx_word' id='word_1_266' title='bbox 2925 738 3166 794; x_wconf 82' lang='lat' dir='ltr'><strong>Verbum</strong></span> <span class='ocrx_word' id='word_1_267' title='bbox 3190 740 3305 796; x_wconf 91' lang='lat' dir='ltr'><strong>Dei.</strong></span> <span class='ocrx_word' id='word_1_268' title='bbox 3331 741 3513 808; x_wconf 84' lang='lat' dir='ltr'><strong>Quod-</strong></span> 
     </span>
    </p>
   </div>
   <div class='ocr_carea' id='block_1_37' title="bbox 1937 828 3513 895">
    <p class='ocr_par' dir='ltr' id='par_1_37' title="bbox 1937 828 3513 895">
     <span class='ocr_line' id='line_1_37' title="bbox 1937 828 3513 895; baseline 0.004 -13"><span class='ocrx_word' id='word_1_269' title='bbox 1937 828 2065 884; x_wconf 89' lang='lat' dir='ltr'><strong>libet</strong></span> <span class='ocrx_word' id='word_1_270' title='bbox 2097 839 2272 884; x_wconf 88' lang='lat' dir='ltr'><strong>antem</strong></span> <span class='ocrx_word' id='word_1_271' title='bbox 2304 831 2498 884; x_wconf 90' lang='lat' dir='ltr'><strong>horum</strong></span> <span class='ocrx_word' id='word_1_272' title='bbox 2524 831 2685 884; x_wconf 89' lang='lat' dir='ltr'><strong>trium</strong></span> <span class='ocrx_word' id='word_1_273' title='bbox 2715 830 2806 895; x_wconf 89' lang='lat' dir='ltr'><strong>sit,</strong></span> <span class='ocrx_word' id='word_1_274' title='bbox 2848 830 2928 885; x_wconf 86' lang='lat' dir='ltr'><strong>vel</strong></span> <span class='ocrx_word' id='word_1_275' title='bbox 2959 830 3005 885; x_wconf 91' lang='lat' dir='ltr'><strong>si</strong></span> <span class='ocrx_word' id='word_1_276' title='bbox 3048 830 3191 886; x_wconf 90' lang='lat' dir='ltr'><strong>aliud</strong></span> <span class='ocrx_word' id='word_1_277' title='bbox 3219 847 3513 888; x_wconf 84' lang='lat' dir='ltr'><strong>occurrere</strong></span> 
     </span>
    </p>
   </div>
   <div class='ocr_carea' id='block_1_38' title="bbox 1937 921 3514 994">
    <p class='ocr_par' dir='ltr' id='par_1_38' title="bbox 1937 921 3514 994">
     <span class='ocr_line' id='line_1_38' title="bbox 1937 921 3514 994; baseline 0.007 -23"><span class='ocrx_word' id='word_1_278' title='bbox 1937 921 2189 989; x_wconf 88' lang='lat' dir='ltr'><strong>potuerit,</strong></span> <span class='ocrx_word' id='word_1_279' title='bbox 2218 922 2360 990; x_wconf 88' lang='lat' dir='ltr'><strong>quod</strong></span> <span class='ocrx_word' id='word_1_280' title='bbox 2393 922 2698 990; x_wconf 68' lang='lat' dir='ltr'><strong>margarita:</strong></span> <span class='ocrx_word' id='word_1_281' title='bbox 2727 938 2888 977; x_wconf 80' lang='lat' dir='ltr'><strong>unius</strong></span> <span class='ocrx_word' id='word_1_282' title='bbox 2918 931 2972 977; x_wconf 90' lang='lat' dir='ltr'><strong>et</strong></span> <span class='ocrx_word' id='word_1_283' title='bbox 3005 925 3256 994; x_wconf 68' lang='lat' dir='ltr'><strong>pretiosa:</strong></span> <span class='ocrx_word' id='word_1_284' title='bbox 3293 925 3514 982; x_wconf 80' lang='lat' dir='ltr'><strong>nomine</strong></span> 
     </span>
    </p>
   </div>
   <div class='ocr_carea' id='block_1_39' title="bbox 1939 1009 3512 1085">
    <p class='ocr_par' dir='ltr' id='par_1_39' title="bbox 1939 1009 3512 1085">
     <span class='ocr_line' id='line_1_39' title="bbox 1939 1009 3512 1085; baseline 0.004 -21"><span class='ocrx_word' id='word_1_285' title='bbox 1939 1009 2077 1064; x_wconf 89' lang='lat' dir='ltr'><strong>bene</strong></span> <span class='ocrx_word' id='word_1_286' title='bbox 2116 1011 2466 1081; x_wconf 82' lang='lat' dir='ltr'><strong>significetur,</strong></span> <span class='ocrx_word' id='word_1_287' title='bbox 2493 1013 2727 1082; x_wconf 85' lang='lat' dir='ltr'><strong>pretium</strong></span> <span class='ocrx_word' id='word_1_288' title='bbox 2753 1011 2870 1082; x_wconf 81' lang='lat' dir='ltr'><strong>ejus</strong></span> <span class='ocrx_word' id='word_1_289' title='bbox 2909 1021 2993 1067; x_wconf 91' lang='lat' dir='ltr'><strong>est</strong></span> <span class='ocrx_word' id='word_1_290' title='bbox 3021 1029 3120 1068; x_wconf 90' lang='lat' dir='ltr'><strong>nos</strong></span> <span class='ocrx_word' id='word_1_291' title='bbox 3151 1014 3277 1085; x_wconf 90' lang='lat' dir='ltr'><strong>ipsi,</strong></span> <span class='ocrx_word' id='word_1_292' title='bbox 3315 1015 3405 1084; x_wconf 92' lang='lat' dir='ltr'><strong>qui</strong></span> <span class='ocrx_word' id='word_1_293' title='bbox 3442 1014 3512 1071; x_wconf 88' lang='lat' dir='ltr'><strong>ad</strong></span> 
     </span>
    </p>
   </div>
   <div class='ocr_carea' id='block_1_40' title="bbox 1938 1101 3514 1170">
    <p class='ocr_par' dir='ltr' id='par_1_40' title="bbox 1938 1101 3514 1170">
     <span class='ocr_line' id='line_1_40' title="bbox 1938 1101 3514 1170; baseline 0.004 -17"><span class='ocrx_word' id='word_1_294' title='bbox 1938 1112 2056 1153; x_wconf 89' lang='lat' dir='ltr'><strong>eam</strong></span> <span class='ocrx_word' id='word_1_295' title='bbox 2094 1101 2471 1170; x_wconf 87' lang='lat' dir='ltr'><strong>possidendam</strong></span> <span class='ocrx_word' id='word_1_296' title='bbox 2521 1117 2626 1156; x_wconf 91' lang='lat' dir='ltr'><strong>non</strong></span> <span class='ocrx_word' id='word_1_297' title='bbox 2679 1118 2865 1158; x_wconf 90' lang='lat' dir='ltr'><strong>sumus</strong></span> <span class='ocrx_word' id='word_1_298' title='bbox 2905 1103 3081 1170; x_wconf 90' lang='lat' dir='ltr'><strong>liberi,</strong></span> <span class='ocrx_word' id='word_1_299' title='bbox 3130 1105 3230 1160; x_wconf 91' lang='lat' dir='ltr'><strong>nisi</strong></span> <span class='ocrx_word' id='word_1_300' title='bbox 3260 1104 3514 1161; x_wconf 84' lang='lat' dir='ltr'><strong>omnibus</strong></span> 
     </span>
    </p>
   </div>
   <div class='ocr_carea' id='block_1_41' title="bbox 1940 1190 3512 1265">
    <p class='ocr_par' dir='ltr' id='par_1_41' title="bbox 1940 1190 3512 1265">
     <span class='ocr_line' id='line_1_41' title="bbox 1940 1190 3512 1265; baseline 0.007 -23"><span class='ocrx_word' id='word_1_301' title='bbox 1940 1203 2036 1258; x_wconf 90' lang='lat' dir='ltr'><strong>pro</strong></span> <span class='ocrx_word' id='word_1_302' title='bbox 2057 1198 2238 1244; x_wconf 87' lang='lat' dir='ltr'><strong>nostra</strong></span> <span class='ocrx_word' id='word_1_303' title='bbox 2275 1190 2593 1254; x_wconf 86' lang='lat' dir='ltr'><strong>liberatione</strong></span> <span class='ocrx_word' id='word_1_304' title='bbox 2622 1193 2967 1263; x_wconf 89' lang='lat' dir='ltr'><strong>contemptis,</strong></span> <span class='ocrx_word' id='word_1_305' title='bbox 2996 1210 3116 1264; x_wconf 68' lang='lat' dir='ltr'><strong>quae</strong></span> <span class='ocrx_word' id='word_1_306' title='bbox 3143 1196 3512 1265; x_wconf 80' lang='lat' dir='ltr'><strong>temporaliter</strong></span> 
     </span>
    </p>
   </div>
   <div class='ocr_carea' id='block_1_42' title="bbox 1941 1279 3511 1350">
    <p class='ocr_par' dir='ltr' id='par_1_42' title="bbox 1941 1279 3511 1350">
     <span class='ocr_line' id='line_1_42' title="bbox 1941 1279 3511 1350; baseline 0.007 -18"><span class='ocrx_word' id='word_1_307' title='bbox 1941 1279 2300 1348; x_wconf 88' lang='lat' dir='ltr'><strong>possidentur.</strong></span> <span class='ocrx_word' id='word_1_308' title='bbox 2351 1279 2596 1335; x_wconf 85' lang='lat' dir='ltr'><strong>Venditis</strong></span> <span class='ocrx_word' id='word_1_309' title='bbox 2633 1283 2773 1335; x_wconf 89' lang='lat' dir='ltr'><strong>enim</strong></span> <span class='ocrx_word' id='word_1_310' title='bbox 2823 1281 2983 1337; x_wconf 87' lang='lat' dir='ltr'><strong>rebus</strong></span> <span class='ocrx_word' id='word_1_311' title='bbox 3031 1287 3252 1350; x_wconf 90' lang='lat' dir='ltr'><strong>nostris,</strong></span> <span class='ocrx_word' id='word_1_312' title='bbox 3307 1287 3511 1344; x_wconf 89' lang='lat' dir='ltr'><strong>nullum</strong></span> 
     </span>
    </p>
   </div>
   <div class='ocr_carea' id='block_1_43' title="bbox 1942 1367 3513 1447">
    <p class='ocr_par' dir='ltr' id='par_1_43' title="bbox 1942 1367 3513 1447">
     <span class='ocr_line' id='line_1_43' title="bbox 1942 1367 3513 1447; baseline 0.008 -26"><span class='ocrx_word' id='word_1_313' title='bbox 1942 1367 2115 1436; x_wconf 88' lang='lat' dir='ltr'><strong>majus</strong></span> <span class='ocrx_word' id='word_1_314' title='bbox 2156 1383 2340 1421; x_wconf 89' lang='lat' dir='ltr'><strong>earnm</strong></span> <span class='ocrx_word' id='word_1_315' title='bbox 2384 1369 2680 1438; x_wconf 87' lang='lat' dir='ltr'><strong>accipimus</strong></span> <span class='ocrx_word' id='word_1_316' title='bbox 2723 1370 2974 1438; x_wconf 89' lang='lat' dir='ltr'><strong>pretium,</strong></span> <span class='ocrx_word' id='word_1_317' title='bbox 3002 1387 3163 1441; x_wconf 88' lang='lat' dir='ltr'><strong>quam</strong></span> <span class='ocrx_word' id='word_1_318' title='bbox 3216 1389 3316 1429; x_wconf 90' lang='lat' dir='ltr'><strong>nos</strong></span> <span class='ocrx_word' id='word_1_319' title='bbox 3346 1376 3513 1447; x_wconf 90' lang='lat' dir='ltr'><strong>ipsos,</strong></span> 
     </span>
    </p>
   </div>
   <div class='ocr_carea' id='block_1_44' title="bbox 1942 1455 3518 1529">
    <p class='ocr_par' dir='ltr' id='par_1_44' title="bbox 1942 1455 3518 1529">
     <span class='ocr_line' id='line_1_44' title="bbox 1942 1455 3518 1529; baseline 0.009 -21"><span class='ocrx_word' id='word_1_320' title='bbox 1942 1457 2068 1526; x_wconf 90' lang='lat' dir='ltr'><strong>quia</strong></span> <span class='ocrx_word' id='word_1_321' title='bbox 2095 1455 2289 1511; x_wconf 89' lang='lat' dir='ltr'><strong>talibus</strong></span> <span class='ocrx_word' id='word_1_322' title='bbox 2318 1457 2596 1529; x_wconf 89' lang='lat' dir='ltr'><strong>implicati,</strong></span> <span class='ocrx_word' id='word_1_323' title='bbox 2636 1459 2808 1514; x_wconf 87' lang='lat' dir='ltr'><strong>nostri</strong></span> <span class='ocrx_word' id='word_1_324' title='bbox 2839 1475 2942 1514; x_wconf 93' lang='lat' dir='ltr'><strong>non</strong></span> <span class='ocrx_word' id='word_1_325' title='bbox 2981 1475 3214 1523; x_wconf 88' lang='lat' dir='ltr'><strong>eramus,</strong></span> <span class='ocrx_word' id='word_1_326' title='bbox 3249 1472 3307 1517; x_wconf 92' lang='lat' dir='ltr'><strong>ut</strong></span> <span class='ocrx_word' id='word_1_327' title='bbox 3333 1480 3518 1522; x_wconf 84' lang='lat' dir='ltr'><strong>rursus</strong></span> 
     </span>
    </p>
   </div>
   <div class='ocr_carea' id='block_1_45' title="bbox 1942 1546 3517 1622">
    <p class='ocr_par' dir='ltr' id='par_1_45' title="bbox 1942 1546 3517 1622">
     <span class='ocr_line' id='line_1_45' title="bbox 1942 1546 3517 1622; baseline 0.006 -21"><span class='ocrx_word' id='word_1_328' title='bbox 1942 1560 2042 1601; x_wconf 88' lang='lat' dir='ltr'><strong>nos</strong></span> <span class='ocrx_word' id='word_1_329' title='bbox 2071 1546 2214 1615; x_wconf 91' lang='lat' dir='ltr'><strong>ipsos</strong></span> <span class='ocrx_word' id='word_1_330' title='bbox 2241 1563 2338 1618; x_wconf 91' lang='lat' dir='ltr'><strong>pro</strong></span> <span class='ocrx_word' id='word_1_331' title='bbox 2378 1547 2466 1602; x_wconf 90' lang='lat' dir='ltr'><strong>illa</strong></span> <span class='ocrx_word' id='word_1_332' title='bbox 2516 1549 2813 1618; x_wconf 85' lang='lat' dir='ltr'><strong>margarita</strong></span> <span class='ocrx_word' id='word_1_333' title='bbox 2852 1551 3079 1616; x_wconf 90' lang='lat' dir='ltr'><strong>demus;</strong></span> <span class='ocrx_word' id='word_1_334' title='bbox 3132 1568 3236 1606; x_wconf 92' lang='lat' dir='ltr'><strong>non</strong></span> <span class='ocrx_word' id='word_1_335' title='bbox 3276 1554 3398 1622; x_wconf 89' lang='lat' dir='ltr'><strong>quia</strong></span> <span class='ocrx_word' id='word_1_336' title='bbox 3433 1556 3517 1610; x_wconf 90' lang='lat' dir='ltr'><strong>vel</strong></span> 
     </span>
    </p>
   </div>
   <div class='ocr_carea' id='block_1_46' title="bbox 1944 1634 3522 1713">
    <p class='ocr_par' dir='ltr' id='par_1_46' title="bbox 1944 1634 3522 1713">
     <span class='ocr_line' id='line_1_46' title="bbox 1944 1634 3522 1713; baseline 0.004 -26"><span class='ocrx_word' id='word_1_337' title='bbox 1944 1634 2079 1688; x_wconf 88' lang='lat' dir='ltr'><strong>tanti</strong></span> <span class='ocrx_word' id='word_1_338' title='bbox 2108 1634 2271 1700; x_wconf 90' lang='lat' dir='ltr'><strong>valet,</strong></span> <span class='ocrx_word' id='word_1_339' title='bbox 2294 1635 2386 1690; x_wconf 90' lang='lat' dir='ltr'><strong>sed</strong></span> <span class='ocrx_word' id='word_1_340' title='bbox 2414 1636 2540 1706; x_wconf 85' lang='lat' dir='ltr'><strong>quia</strong></span> <span class='ocrx_word' id='word_1_341' title='bbox 2569 1637 2691 1706; x_wconf 90' lang='lat' dir='ltr'><strong>plus</strong></span> <span class='ocrx_word' id='word_1_342' title='bbox 2719 1637 2849 1692; x_wconf 89' lang='lat' dir='ltr'><strong>dare</strong></span> <span class='ocrx_word' id='word_1_343' title='bbox 2877 1654 2984 1692; x_wconf 91' lang='lat' dir='ltr'><strong>non</strong></span> <span class='ocrx_word' id='word_1_344' title='bbox 3027 1654 3334 1708; x_wconf 91' lang='lat' dir='ltr'><strong>possumus.</strong></span> <span class='ocrx_word' id='word_1_345' title='bbox 3367 1640 3522 1713; x_wconf 83' lang='lat' dir='ltr'><strong>(Hie-</strong></span> 
     </span>
    </p>
   </div>
   <div class='ocr_carea' id='block_1_47' title="bbox 1945 1722 3522 1795">
    <p class='ocr_par' dir='ltr' id='par_1_47' title="bbox 1945 1722 3522 1795">
     <span class='ocr_line' id='line_1_47' title="bbox 1945 1722 3522 1795; baseline 0.005 -19"><span class='ocrx_word' id='word_1_346' title='bbox 1945 1722 2086 1795; x_wconf 88' lang='lat' dir='ltr'><strong>ron.)</strong></span> <span class='ocrx_word' id='word_1_347' title='bbox 2131 1723 2304 1779; x_wconf 84' lang='lat' dir='ltr'><strong>Aliter</strong></span> <span class='ocrx_word' id='word_1_348' title='bbox 2348 1735 2527 1780; x_wconf 88' lang='lat' dir='ltr'><strong>autem</strong></span> <span class='ocrx_word' id='word_1_349' title='bbox 2571 1727 2686 1781; x_wconf 64' lang='lat' dir='ltr'><strong>haec</strong></span> <span class='ocrx_word' id='word_1_350' title='bbox 2733 1727 2986 1795; x_wconf 89' lang='lat' dir='ltr'><strong>parabola</strong></span> <span class='ocrx_word' id='word_1_351' title='bbox 3039 1728 3160 1783; x_wconf 89' lang='lat' dir='ltr'><strong>aliis</strong></span> <span class='ocrx_word' id='word_1_352' title='bbox 3221 1730 3401 1784; x_wconf 88' lang='lat' dir='ltr'><strong>verbis</strong></span> <span class='ocrx_word' id='word_1_353' title='bbox 3443 1730 3522 1784; x_wconf 85' lang='lat' dir='ltr'><strong>id-</strong></span> 
     </span>
    </p>
   </div>
   <div class='ocr_carea' id='block_1_48' title="bbox 1871 1817 3517 1893">
    <p class='ocr_par' dir='ltr' id='par_1_48' title="bbox 1871 1817 3517 1893">
     <span class='ocr_line' id='line_1_48' title="bbox 1871 1817 3517 1893; baseline 0.003 -23"><span class='ocrx_word' id='word_1_354' title='bbox 1871 1835 1918 1893; x_wconf 77' lang='lat' dir='ltr'><strong>B</strong></span> <span class='ocrx_word' id='word_1_355' title='bbox 1945 1817 2119 1887; x_wconf 91' lang='lat' dir='ltr'><strong>ipsum</strong></span> <span class='ocrx_word' id='word_1_356' title='bbox 2147 1819 2448 1887; x_wconf 81' lang='lat' dir='ltr'><strong>exprimere</strong></span> <span class='ocrx_word' id='word_1_357' title='bbox 2473 1827 2651 1887; x_wconf 84' lang='lat' dir='ltr'><strong>potest</strong></span> <span class='ocrx_word' id='word_1_358' title='bbox 2672 1819 2916 1890; x_wconf 84' lang='lat' dir='ltr'><strong>intelligi,</strong></span> <span class='ocrx_word' id='word_1_359' title='bbox 2941 1820 3083 1888; x_wconf 92' lang='lat' dir='ltr'><strong>quod</strong></span> <span class='ocrx_word' id='word_1_360' title='bbox 3110 1836 3272 1889; x_wconf 89' lang='lat' dir='ltr'><strong>supra</strong></span> <span class='ocrx_word' id='word_1_361' title='bbox 3302 1821 3517 1875; x_wconf 90' lang='lat' dir='ltr'><strong>dicitur.</strong></span> 
     </span>
    </p>
   </div>
   <div class='ocr_carea' id='block_1_49' title="bbox 1945 1907 3519 1980">
    <p class='ocr_par' dir='ltr' id='par_1_49' title="bbox 1945 1907 3519 1980">
     <span class='ocr_line' id='line_1_49' title="bbox 1945 1907 3519 1980; baseline 0.003 -20"><span class='ocrx_word' id='word_1_362' title='bbox 1945 1907 2105 1961; x_wconf 65' lang='lat' dir='ltr'><strong>Bonae</strong></span> <span class='ocrx_word' id='word_1_363' title='bbox 2144 1907 2451 1977; x_wconf 72' lang='lat' dir='ltr'><strong>margarita:</strong></span> <span class='ocrx_word' id='word_1_364' title='bbox 2487 1922 2623 1977; x_wconf 85' lang='lat' dir='ltr'><strong>quas</strong></span> <span class='ocrx_word' id='word_1_365' title='bbox 2661 1908 2855 1976; x_wconf 75' lang='lat' dir='ltr'><strong>qumrit</strong></span> <span class='ocrx_word' id='word_1_366' title='bbox 2904 1908 3141 1973; x_wconf 90' lang='lat' dir='ltr'><strong>institor,</strong></span> <span class='ocrx_word' id='word_1_367' title='bbox 3190 1909 3272 1962; x_wconf 74' lang='lat' dir='ltr'><strong>lex</strong></span> <span class='ocrx_word' id='word_1_368' title='bbox 3308 1918 3363 1964; x_wconf 91' lang='lat' dir='ltr'><strong>et</strong></span> <span class='ocrx_word' id='word_1_369' title='bbox 3393 1925 3519 1980; x_wconf 88' lang='lat' dir='ltr'><strong>pro-</strong></span> 
     </span>
    </p>
   </div>
   <div class='ocr_carea' id='block_1_50' title="bbox 1941 1996 3522 2066">
    <p class='ocr_par' dir='ltr' id='par_1_50' title="bbox 1941 1996 3522 2066">
     <span class='ocr_line' id='line_1_50' title="bbox 1941 1996 3522 2066; baseline 0.004 -17"><span class='ocrx_word' id='word_1_370' title='bbox 1941 1996 2117 2066; x_wconf 64' lang='lat' dir='ltr'><strong>phetae</strong></span> <span class='ocrx_word' id='word_1_371' title='bbox 2143 2005 2288 2052; x_wconf 89' lang='lat' dir='ltr'><strong>sunt.</strong></span> <span class='ocrx_word' id='word_1_372' title='bbox 2317 1997 2478 2063; x_wconf 80' lang='lat' dir='ltr'><strong>&#39;Audi,</strong></span> <span class='ocrx_word' id='word_1_373' title='bbox 2529 1996 2804 2063; x_wconf 89' lang='lat' dir='ltr'><strong>Marcion;</strong></span> <span class='ocrx_word' id='word_1_374' title='bbox 2838 1999 2983 2063; x_wconf 87' lang='lat' dir='ltr'><strong>audi,</strong></span> <span class='ocrx_word' id='word_1_375' title='bbox 3015 1998 3303 2053; x_wconf 74' lang='lat' dir='ltr'><strong>Manichme</strong></span> <span class='ocrx_word' id='word_1_376' title='bbox 3328 2015 3342 2053; x_wconf 91' lang='lat'><strong>:</strong></span> <span class='ocrx_word' id='word_1_377' title='bbox 3367 2002 3522 2056; x_wconf 72' lang='lat' dir='ltr'><strong>bonae</strong></span> 
     </span>
    </p>
   </div>
   <div class='ocr_carea' id='block_1_51' title="bbox 1944 2085 3522 2157">
    <p class='ocr_par' dir='ltr' id='par_1_51' title="bbox 1944 2085 3522 2157">
     <span class='ocr_line' id='line_1_51' title="bbox 1944 2085 3522 2157; baseline 0.004 -19"><span class='ocrx_word' id='word_1_378' title='bbox 1944 2085 2249 2157; x_wconf 68' lang='lat' dir='ltr'><strong>margaritae</strong></span> <span class='ocrx_word' id='word_1_379' title='bbox 2279 2094 2406 2140; x_wconf 90' lang='lat' dir='ltr'><strong>sunt</strong></span> <span class='ocrx_word' id='word_1_380' title='bbox 2447 2086 2528 2140; x_wconf 85' lang='lat' dir='ltr'><strong>lex</strong></span> <span class='ocrx_word' id='word_1_381' title='bbox 2571 2094 2626 2141; x_wconf 92' lang='lat' dir='ltr'><strong>et</strong></span> <span class='ocrx_word' id='word_1_382' title='bbox 2659 2087 2953 2155; x_wconf 75' lang='lat' dir='ltr'><strong>prophetae,</strong></span> <span class='ocrx_word' id='word_1_383' title='bbox 2993 2095 3048 2140; x_wconf 89' lang='lat' dir='ltr'><strong>et</strong></span> <span class='ocrx_word' id='word_1_384' title='bbox 3085 2087 3278 2140; x_wconf 86' lang='lat' dir='ltr'><strong>notitia</strong></span> <span class='ocrx_word' id='word_1_385' title='bbox 3313 2088 3522 2144; x_wconf 82' lang='lat' dir='ltr'><strong>Veteris</strong></span> 
     </span>
    </p>
   </div>
   <div class='ocr_carea' id='block_1_52' title="bbox 1941 2175 3520 2246">
    <p class='ocr_par' dir='ltr' id='par_1_52' title="bbox 1941 2175 3520 2246">
     <span class='ocr_line' id='line_1_52' title="bbox 1941 2175 3520 2246; baseline 0.002 -18"><span class='ocrx_word' id='word_1_386' title='bbox 1941 2175 2310 2230; x_wconf 89' lang='lat' dir='ltr'><strong>instrumenti.</strong></span> <span class='ocrx_word' id='word_1_387' title='bbox 2377 2175 2494 2231; x_wconf 86' lang='lat' dir='ltr'><strong>Una</strong></span> <span class='ocrx_word' id='word_1_388' title='bbox 2554 2185 2730 2230; x_wconf 88' lang='lat' dir='ltr'><strong>autem</strong></span> <span class='ocrx_word' id='word_1_389' title='bbox 2787 2184 2873 2229; x_wconf 90' lang='lat' dir='ltr'><strong>est</strong></span> <span class='ocrx_word' id='word_1_390' title='bbox 2928 2175 3162 2244; x_wconf 87' lang='lat' dir='ltr'><strong>pretiosa</strong></span> <span class='ocrx_word' id='word_1_391' title='bbox 3226 2177 3520 2246; x_wconf 86' lang='lat' dir='ltr'><strong>margarita</strong></span> 
     </span>
    </p>
   </div>
   <div class='ocr_carea' id='block_1_53' title="bbox 1941 2266 3518 2337">
    <p class='ocr_par' dir='ltr' id='par_1_53' title="bbox 1941 2266 3518 2337">
     <span class='ocr_line' id='line_1_53' title="bbox 1941 2266 3518 2337; baseline 0 -15"><span class='ocrx_word' id='word_1_392' title='bbox 1941 2269 2164 2323; x_wconf 87' lang='lat' dir='ltr'><strong>scientia</strong></span> <span class='ocrx_word' id='word_1_393' title='bbox 2203 2268 2521 2333; x_wconf 83' lang='lat' dir='ltr'><strong>Salvatoris,</strong></span> <span class='ocrx_word' id='word_1_394' title='bbox 2556 2277 2612 2325; x_wconf 89' lang='lat' dir='ltr'><strong>et</strong></span> <span class='ocrx_word' id='word_1_395' title='bbox 2637 2277 3036 2323; x_wconf 87' lang='lat' dir='ltr'><strong>sacramentum</strong></span> <span class='ocrx_word' id='word_1_396' title='bbox 3059 2266 3328 2337; x_wconf 89' lang='lat' dir='ltr'><strong>passionis</strong></span> <span class='ocrx_word' id='word_1_397' title='bbox 3351 2267 3518 2334; x_wconf 89' lang='lat' dir='ltr'><strong>illius,</strong></span> 
     </span>
    </p>
   </div>
   <div class='ocr_carea' id='block_1_54' title="bbox 1940 2357 3522 2429">
    <p class='ocr_par' dir='ltr' id='par_1_54' title="bbox 1940 2357 3522 2429">
     <span class='ocr_line' id='line_1_54' title="bbox 1940 2357 3522 2429; baseline -0.001 -16"><span class='ocrx_word' id='word_1_398' title='bbox 1940 2369 2004 2413; x_wconf 84' lang='lat' dir='ltr'><strong>et&#39;</strong></span> <span class='ocrx_word' id='word_1_399' title='bbox 2045 2359 2460 2414; x_wconf 87' lang='lat' dir='ltr'><strong>resurrectionis</strong></span> <span class='ocrx_word' id='word_1_400' title='bbox 2514 2373 2811 2425; x_wconf 88' lang='lat' dir='ltr'><strong>arcanum;</strong></span> <span class='ocrx_word' id='word_1_401' title='bbox 2864 2373 3024 2429; x_wconf 89' lang='lat' dir='ltr'><strong>quem</strong></span> <span class='ocrx_word' id='word_1_402' title='bbox 3077 2371 3198 2412; x_wconf 91' lang='lat' dir='ltr'><strong>cum</strong></span> <span class='ocrx_word' id='word_1_403' title='bbox 3253 2357 3522 2411; x_wconf 85' lang='lat' dir='ltr'><strong>invenerit</strong></span> 
     </span>
    </p>
   </div>
   <div class='ocr_carea' id='block_1_55' title="bbox 1941 2447 3522 2519">
    <p class='ocr_par' dir='ltr' id='par_1_55' title="bbox 1941 2447 3522 2519">
     <span class='ocr_line' id='line_1_55' title="bbox 1941 2447 3522 2519; baseline 0.001 -18"><span class='ocrx_word' id='word_1_404' title='bbox 1941 2447 2104 2502; x_wconf 88' lang='lat' dir='ltr'><strong>homo</strong></span> <span class='ocrx_word' id='word_1_405' title='bbox 2130 2449 2431 2518; x_wconf 77' lang='lat' dir='ltr'><strong>negotiator</strong></span> <span class='ocrx_word' id='word_1_406' title='bbox 2468 2449 2658 2503; x_wconf 87' lang='lat' dir='ltr'><strong>similis</strong></span> <span class='ocrx_word' id='word_1_407' title='bbox 2696 2448 2846 2503; x_wconf 90' lang='lat' dir='ltr'><strong>Pauli</strong></span> <span class='ocrx_word' id='word_1_408' title='bbox 2887 2449 3137 2519; x_wconf 88' lang='lat' dir='ltr'><strong>apostoli,</strong></span> <span class='ocrx_word' id='word_1_409' title='bbox 3164 2449 3345 2502; x_wconf 89' lang='lat' dir='ltr'><strong>omnia</strong></span> <span class='ocrx_word' id='word_1_410' title='bbox 3387 2447 3522 2517; x_wconf 86' lang='lat' dir='ltr'><strong>legis</strong></span> 
     </span>
    </p>
   </div>
   <div class='ocr_carea' id='block_1_56' title="bbox 1940 2535 3519 2608">
    <p class='ocr_par' dir='ltr' id='par_1_56' title="bbox 1940 2535 3519 2608">
     <span class='ocr_line' id='line_1_56' title="bbox 1940 2535 3519 2608; baseline -0.001 -19"><span class='ocrx_word' id='word_1_411' title='bbox 1940 2537 2433 2606; x_wconf 88' lang='lat' dir='ltr'><strong>prophetarumque</strong></span> <span class='ocrx_word' id='word_1_412' title='bbox 2468 2537 2742 2608; x_wconf 86' lang='lat' dir='ltr'><strong>mysteria,</strong></span> <span class='ocrx_word' id='word_1_413' title='bbox 2791 2545 2846 2591; x_wconf 91' lang='lat' dir='ltr'><strong>et</strong></span> <span class='ocrx_word' id='word_1_414' title='bbox 2891 2537 3297 2592; x_wconf 86' lang='lat' dir='ltr'><strong>observationes</strong></span> <span class='ocrx_word' id='word_1_415' title='bbox 3332 2535 3519 2605; x_wconf 88' lang='lat' dir='ltr'><strong>pristi-</strong></span> 
     </span>
    </p>
   </div>
   <div class='ocr_carea' id='block_1_57' title="bbox 1941 2627 3520 2698">
    <p class='ocr_par' dir='ltr' id='par_1_57' title="bbox 1941 2627 3520 2698">
     <span class='ocr_line' id='line_1_57' title="bbox 1941 2627 3520 2698; baseline 0 -18"><span class='ocrx_word' id='word_1_416' title='bbox 1941 2642 2061 2692; x_wconf 89' lang='lat' dir='ltr'><strong>nas,</strong></span> <span class='ocrx_word' id='word_1_417' title='bbox 2106 2628 2158 2682; x_wconf 93' lang='lat' dir='ltr'><strong>in</strong></span> <span class='ocrx_word' id='word_1_418' title='bbox 2187 2629 2380 2697; x_wconf 89' lang='lat' dir='ltr'><strong>quibus</strong></span> <span class='ocrx_word' id='word_1_419' title='bbox 2409 2628 2677 2698; x_wconf 89' lang='lat' dir='ltr'><strong>inculpate</strong></span> <span class='ocrx_word' id='word_1_420' title='bbox 2705 2629 2936 2693; x_wconf 83' lang='lat' dir='ltr'><strong>vixerat,</strong></span> <span class='ocrx_word' id='word_1_421' title='bbox 2975 2627 3128 2698; x_wconf 89' lang='lat' dir='ltr'><strong>quasi</strong></span> <span class='ocrx_word' id='word_1_422' title='bbox 3165 2634 3520 2697; x_wconf 89' lang='lat' dir='ltr'><strong>purgamenta</strong></span> 
     </span>
    </p>
   </div>
   <div class='ocr_carea' id='block_1_58' title="bbox 1941 2714 3520 2788">
    <p class='ocr_par' dir='ltr' id='par_1_58' title="bbox 1941 2714 3520 2788">
     <span class='ocr_line' id='line_1_58' title="bbox 1941 2714 3520 2788; baseline -0.003 -15"><span class='ocrx_word' id='word_1_423' title='bbox 1941 2719 2258 2783; x_wconf 88' lang='lat' dir='ltr'><strong>contenmit,</strong></span> <span class='ocrx_word' id='word_1_424' title='bbox 2288 2727 2343 2773; x_wconf 84' lang='lat' dir='ltr'><strong>et</strong></span> <span class='ocrx_word' id='word_1_425' title='bbox 2363 2719 2517 2787; x_wconf 87' lang='lat' dir='ltr'><strong>quasi</strong></span> <span class='ocrx_word' id='word_1_426' title='bbox 2544 2719 2882 2788; x_wconf 86' lang='lat' dir='ltr'><strong>quisquilias,</strong></span> <span class='ocrx_word' id='word_1_427' title='bbox 2908 2727 2968 2771; x_wconf 91' lang='lat' dir='ltr'><strong>ut</strong></span> <span class='ocrx_word' id='word_1_428' title='bbox 2994 2716 3267 2771; x_wconf 89' lang='lat' dir='ltr'><strong>Christum</strong></span> <span class='ocrx_word' id='word_1_429' title='bbox 3293 2714 3520 2770; x_wconf 86' lang='lat' dir='ltr'><strong>lucrifa-</strong></span> 
     </span>
    </p>
   </div>
   <div class='ocr_carea' id='block_1_59' title="bbox 1941 2805 3517 2880">
    <p class='ocr_par' dir='ltr' id='par_1_59' title="bbox 1941 2805 3517 2880">
     <span class='ocr_line' id='line_1_59' title="bbox 1941 2805 3517 2880; baseline -0.002 -16"><span class='ocrx_word' id='word_1_430' title='bbox 1941 2809 2049 2864; x_wconf 92' lang='lat' dir='ltr'><strong>ciat</strong></span> <span class='ocrx_word' id='word_1_431' title='bbox 2075 2805 2240 2878; x_wconf 85' lang='lat' dir='ltr'><strong>(Phil.</strong></span> <span class='ocrx_word' id='word_1_432' title='bbox 2271 2808 2374 2880; x_wconf 89' lang='grc' dir='ltr'><strong>ιιι).</strong></span> <span class='ocrx_word' id='word_1_433' title='bbox 2419 2808 2535 2862; x_wconf 81' lang='lat' dir='ltr'><strong>Non</strong></span> <span class='ocrx_word' id='word_1_434' title='bbox 2567 2822 2674 2878; x_wconf 91' lang='lat' dir='ltr'><strong>quo</strong></span> <span class='ocrx_word' id='word_1_435' title='bbox 2705 2808 2943 2862; x_wconf 89' lang='lat' dir='ltr'><strong>inventio</strong></span> <span class='ocrx_word' id='word_1_436' title='bbox 2981 2807 3140 2860; x_wconf 90' lang='lat' dir='ltr'><strong>unius</strong></span> <span class='ocrx_word' id='word_1_437' title='bbox 3174 2821 3325 2861; x_wconf 64' lang='lat' dir='ltr'><strong>novae</strong></span> <span class='ocrx_word' id='word_1_438' title='bbox 3364 2821 3517 2861; x_wconf 89' lang='lat' dir='ltr'><strong>mar-</strong></span> 
     </span>
    </p>
   </div>
   <div class='ocr_carea' id='block_1_60' title="bbox 1941 2894 3522 2968">
    <p class='ocr_par' dir='ltr' id='par_1_60' title="bbox 1941 2894 3522 2968">
     <span class='ocr_line' id='line_1_60' title="bbox 1941 2894 3522 2968; baseline 0 -18"><span class='ocrx_word' id='word_1_439' title='bbox 1941 2897 2127 2968; x_wconf 71' lang='lat' dir='ltr'><strong>garitae</strong></span> <span class='ocrx_word' id='word_1_440' title='bbox 2155 2898 2532 2952; x_wconf 90' lang='lat' dir='ltr'><strong>condemnatio</strong></span> <span class='ocrx_word' id='word_1_441' title='bbox 2568 2897 2636 2951; x_wconf 92' lang='lat' dir='ltr'><strong>sit</strong></span> <span class='ocrx_word' id='word_1_442' title='bbox 2665 2904 2946 2960; x_wconf 88' lang='lat' dir='ltr'><strong>veterum;</strong></span> <span class='ocrx_word' id='word_1_443' title='bbox 2991 2894 3084 2949; x_wconf 89' lang='lat' dir='ltr'><strong>sed</strong></span> <span class='ocrx_word' id='word_1_444' title='bbox 3114 2910 3220 2965; x_wconf 91' lang='lat' dir='ltr'><strong>quo</strong></span> <span class='ocrx_word' id='word_1_445' title='bbox 3241 2909 3522 2966; x_wconf 60' lang='lat' dir='ltr'><strong>compara.</strong></span> 
     </span>
    </p>
   </div>
   <div class='ocr_carea' id='block_1_61' title="bbox 1942 2985 3088 3058">
    <p class='ocr_par' dir='ltr' id='par_1_61' title="bbox 1942 2985 3088 3058">
     <span class='ocr_line' id='line_1_61' title="bbox 1942 2985 3088 3058; baseline 0 -18"><span class='ocrx_word' id='word_1_446' title='bbox 1942 2988 2088 3041; x_wconf 88' lang='lat' dir='ltr'><strong>tione</strong></span> <span class='ocrx_word' id='word_1_447' title='bbox 2111 2987 2227 3058; x_wconf 84' lang='lat' dir='ltr'><strong>ejus</strong></span> <span class='ocrx_word' id='word_1_448' title='bbox 2255 2989 2430 3042; x_wconf 89' lang='lat' dir='ltr'><strong>omnis</strong></span> <span class='ocrx_word' id='word_1_449' title='bbox 2453 2985 2556 3041; x_wconf 88' lang='lat' dir='ltr'><strong>alia</strong></span> <span class='ocrx_word' id='word_1_450' title='bbox 2579 3001 2788 3058; x_wconf 86' lang='lat' dir='ltr'><strong>gemma</strong></span> <span class='ocrx_word' id='word_1_451' title='bbox 2817 2987 2888 3041; x_wconf 91' lang='lat' dir='ltr'><strong>sit</strong></span> <span class='ocrx_word' id='word_1_452' title='bbox 2913 2986 3088 3040; x_wconf 89' lang='lat' dir='ltr'><strong>vilior.</strong></span> 
     </span>
    </p>
   </div>
   <div class='ocr_carea' id='block_1_62' title="bbox 2013 3074 3522 3147">
    <p class='ocr_par' dir='ltr' id='par_1_62' title="bbox 2013 3074 3522 3147">
     <span class='ocr_line' id='line_1_62' title="bbox 2013 3074 3522 3147; baseline 0.001 -19"><span class='ocrx_word' id='word_1_453' title='bbox 2013 3074 2212 3130; x_wconf 88' lang='lat' dir='ltr'><strong>lterum</strong></span> <span class='ocrx_word' id='word_1_454' title='bbox 2235 3077 2404 3130; x_wconf 81' lang='lat' dir='ltr'><strong>simile</strong></span> <span class='ocrx_word' id='word_1_455' title='bbox 2423 3086 2498 3131; x_wconf 86' lang='lat' dir='ltr'><strong>est</strong></span> <span class='ocrx_word' id='word_1_456' title='bbox 2519 3093 2732 3147; x_wconf 82' lang='lat' dir='ltr'><strong>regnum</strong></span> <span class='ocrx_word' id='word_1_457' title='bbox 2763 3075 3010 3130; x_wconf 78' lang='lat' dir='ltr'><strong>cmlorum</strong></span> <span class='ocrx_word' id='word_1_458' title='bbox 3039 3091 3245 3146; x_wconf 72' lang='lat' dir='ltr'><strong>sagenaz</strong></span> <span class='ocrx_word' id='word_1_459' title='bbox 3267 3075 3444 3130; x_wconf 62' lang='lat' dir='ltr'><strong>missa;-</strong></span> <span class='ocrx_word' id='word_1_460' title='bbox 3464 3076 3522 3130; x_wconf 81' lang='lat' dir='ltr'><strong>in</strong></span> 
     </span>
    </p>
   </div>
   <div class='ocr_carea' id='block_1_63' title="bbox 257 3159 1836 3238">
    <p class='ocr_par' dir='ltr' id='par_1_63' title="bbox 257 3159 1836 3238">
     <span class='ocr_line' id='line_1_63' title="bbox 257 3159 1836 3238; baseline 0.009 -28"><span class='ocrx_word' id='word_1_461' title='bbox 257 3169 459 3213; x_wconf 91' lang='lat' dir='ltr'><strong>mente.</strong></span> <span class='ocrx_word' id='word_1_462' title='bbox 476 3159 712 3226; x_wconf 67' lang='lat' dir='ltr'><strong>Quaestio</strong></span> <span class='ocrx_word' id='word_1_463' title='bbox 726 3171 810 3217; x_wconf 90' lang='lat' dir='ltr'><strong>est</strong></span> <span class='ocrx_word' id='word_1_464' title='bbox 823 3163 1004 3234; x_wconf 89' lang='lat' dir='ltr'><strong>itaque</strong></span> <span class='ocrx_word' id='word_1_465' title='bbox 1026 3181 1124 3221; x_wconf 90' lang='lat' dir='ltr'><strong>cur</strong></span> <span class='ocrx_word' id='word_1_466' title='bbox 1139 3182 1169 3220; x_wconf 90' lang='lat' dir='ltr'><strong>a</strong></span> <span class='ocrx_word' id='word_1_467' title='bbox 1185 3182 1408 3223; x_wconf 89' lang='lat' dir='ltr'><strong>numero</strong></span> <span class='ocrx_word' id='word_1_468' title='bbox 1421 3168 1633 3238; x_wconf 89' lang='lat' dir='ltr'><strong>plurali,</strong></span> <span class='ocrx_word' id='word_1_469' title='bbox 1648 3170 1714 3226; x_wconf 86' lang='lat' dir='ltr'><strong>ad</strong></span> <span class='ocrx_word' id='word_1_470' title='bbox 1735 3171 1836 3226; x_wconf 91' lang='lat' dir='ltr'><strong>sin-</strong></span> 
     </span>
    </p>
   </div>
   <div class='ocr_carea' id='block_1_64' title="bbox 1938 3159 3520 3238">
    <p class='ocr_par' dir='ltr' id='par_1_64' title="bbox 1943 3165 3520 3237">
     <span class='ocr_line' id='line_1_64' title="bbox 1943 3165 3520 3237; baseline -0.001 -19"><span class='ocrx_word' id='word_1_471' title='bbox 1943 3179 2108 3230; x_wconf 89' lang='lat' dir='ltr'><strong>mare,</strong></span> <span class='ocrx_word' id='word_1_472' title='bbox 2149 3176 2197 3220; x_wconf 89' lang='lat' dir='ltr'><strong>et</strong></span> <span class='ocrx_word' id='word_1_473' title='bbox 2229 3183 2294 3220; x_wconf 81' lang='lat' dir='ltr'><strong>ea:</strong></span> <span class='ocrx_word' id='word_1_474' title='bbox 2315 3166 2455 3220; x_wconf 89' lang='lat' dir='ltr'><strong>omni</strong></span> <span class='ocrx_word' id='word_1_475' title='bbox 2497 3178 2681 3237; x_wconf 87' lang='lat' dir='ltr'><strong>genere</strong></span> <span class='ocrx_word' id='word_1_476' title='bbox 2709 3166 2931 3235; x_wconf 75' lang='lat' dir='ltr'><strong>piscium</strong></span> <span class='ocrx_word' id='word_1_477' title='bbox 2963 3165 3320 3235; x_wconf 85' lang='lat' dir='ltr'><strong>congreganti,</strong></span> <span class='ocrx_word' id='word_1_478' title='bbox 3361 3179 3520 3234; x_wconf 87' lang='lat' dir='ltr'><strong>quam</strong></span> 
     </span>
    </p>
   </div>
   <div class='ocr_carea' id='block_1_65' title="bbox 256 3245 1844 3331">
    <p class='ocr_par' dir='ltr' id='par_1_65' title="bbox 256 3245 1844 3331">
     <span class='ocr_line' id='line_1_65' title="bbox 256 3245 1844 3331; baseline 0.011 -33"><span class='ocrx_word' id='word_1_479' title='bbox 256 3245 506 3316; x_wconf 87' lang='lat' dir='ltr'><strong>gularem</strong></span> <span class='ocrx_word' id='word_1_480' title='bbox 541 3249 838 3316; x_wconf 89' lang='lat' dir='ltr'><strong>transierit,</strong></span> <span class='ocrx_word' id='word_1_481' title='bbox 867 3261 926 3306; x_wconf 91' lang='lat' dir='ltr'><strong>ut</strong></span> <span class='ocrx_word' id='word_1_482' title='bbox 952 3270 1072 3309; x_wconf 91' lang='lat' dir='ltr'><strong>cum</strong></span> <span class='ocrx_word' id='word_1_483' title='bbox 1103 3265 1306 3325; x_wconf 82' lang='lat' dir='ltr'><strong>quaerat</strong></span> <span class='ocrx_word' id='word_1_484' title='bbox 1333 3258 1493 3313; x_wconf 88' lang='lat' dir='ltr'><strong>homo</strong></span> <span class='ocrx_word' id='word_1_485' title='bbox 1521 3261 1844 3331; x_wconf 82' lang='lat' dir='ltr'><strong>margaritas</strong></span> 
     </span>
    </p>
   </div>
   <div class='ocr_carea' id='block_1_66' title="bbox 255 3336 1844 3417">
    <p class='ocr_par' dir='ltr' id='par_1_66' title="bbox 255 3336 1844 3417">
     <span class='ocr_line' id='line_1_66' title="bbox 255 3336 1844 3417; baseline 0.011 -29"><span class='ocrx_word' id='word_1_486' title='bbox 255 3336 450 3400; x_wconf 85' lang='lat' dir='ltr'><strong>bonas,</strong></span> <span class='ocrx_word' id='word_1_487' title='bbox 480 3353 640 3392; x_wconf 89' lang='lat' dir='ltr'><strong>unam</strong></span> <span class='ocrx_word' id='word_1_488' title='bbox 674 3340 913 3397; x_wconf 85' lang='lat' dir='ltr'><strong>inveniat</strong></span> <span class='ocrx_word' id='word_1_489' title='bbox 937 3346 1250 3414; x_wconf 88' lang='lat' dir='ltr'><strong>pretiosam,</strong></span> <span class='ocrx_word' id='word_1_490' title='bbox 1270 3362 1454 3417; x_wconf 89' lang='lat' dir='ltr'><strong>quam,</strong></span> <span class='ocrx_word' id='word_1_491' title='bbox 1475 3350 1704 3406; x_wconf 81' lang='lat' dir='ltr'><strong>venditis</strong></span> <span class='ocrx_word' id='word_1_492' title='bbox 1727 3366 1844 3406; x_wconf 38' lang='lat' dir='ltr'><strong>oms</strong></span> 
     </span>
    </p>
   </div>
   <div class='ocr_carea' id='block_1_67' title="bbox 255 3426 1842 3506">
    <p class='ocr_par' dir='ltr' id='par_1_67' title="bbox 255 3426 1842 3506">
     <span class='ocr_line' id='line_1_67' title="bbox 255 3426 1842 3506; baseline 0.011 -29"><span class='ocrx_word' id='word_1_493' title='bbox 255 3426 413 3481; x_wconf 87' lang='lat' dir='ltr'><strong>nibus</strong></span> <span class='ocrx_word' id='word_1_494' title='bbox 455 3441 576 3496; x_wconf 69' lang='lat' dir='ltr'><strong>quas</strong></span> <span class='ocrx_word' id='word_1_495' title='bbox 620 3427 802 3496; x_wconf 86' lang='lat' dir='ltr'><strong>habet,</strong></span> <span class='ocrx_word' id='word_1_496' title='bbox 831 3444 995 3487; x_wconf 86' lang='lat' dir='ltr'><strong>emat.</strong></span> <span class='ocrx_word' id='word_1_497' title='bbox 1027 3434 1136 3488; x_wconf 84' lang='lat' dir='ltr'><strong>Aut</strong></span> <span class='ocrx_word' id='word_1_498' title='bbox 1159 3451 1288 3506; x_wconf 89' lang='lat' dir='ltr'><strong>ergo</strong></span> <span class='ocrx_word' id='word_1_499' title='bbox 1323 3436 1424 3491; x_wconf 90' lang='lat' dir='ltr'><strong>iste</strong></span> <span class='ocrx_word' id='word_1_500' title='bbox 1453 3436 1622 3494; x_wconf 89' lang='lat' dir='ltr'><strong>bonos</strong></span> <span class='ocrx_word' id='word_1_501' title='bbox 1669 3439 1842 3495; x_wconf 87' lang='lat' dir='ltr'><strong>homi-</strong></span> 
     </span>
    </p>
   </div>
   <div class='ocr_carea' id='block_1_68' title="bbox 255 3521 1840 3600">
    <p class='ocr_par' dir='ltr' id='par_1_68' title="bbox 255 3521 1840 3600">
     <span class='ocr_line' id='line_1_68' title="bbox 255 3521 1840 3600; baseline 0.012 -32"><span class='ocrx_word' id='word_1_502' title='bbox 255 3528 350 3572; x_wconf 86' lang='lat' dir='ltr'><strong>nes</strong></span> <span class='ocrx_word' id='word_1_503' title='bbox 378 3533 650 3586; x_wconf 71' lang='lat' dir='ltr'><strong>qumrens,</strong></span> <span class='ocrx_word' id='word_1_504' title='bbox 695 3535 818 3575; x_wconf 87' lang='lat' dir='ltr'><strong>cum</strong></span> <span class='ocrx_word' id='word_1_505' title='bbox 851 3521 1046 3592; x_wconf 87' lang='lat' dir='ltr'><strong>quibus</strong></span> <span class='ocrx_word' id='word_1_506' title='bbox 1088 3524 1294 3580; x_wconf 89' lang='lat' dir='ltr'><strong>utiliter</strong></span> <span class='ocrx_word' id='word_1_507' title='bbox 1331 3529 1496 3593; x_wconf 89' lang='lat' dir='ltr'><strong>vivat,</strong></span> <span class='ocrx_word' id='word_1_508' title='bbox 1526 3544 1696 3584; x_wconf 88' lang='lat' dir='ltr'><strong>unum</strong></span> <span class='ocrx_word' id='word_1_509' title='bbox 1730 3545 1840 3600; x_wconf 73' lang='lat' dir='ltr'><strong>pra:</strong></span> 
     </span>
    </p>
   </div>
   <div class='ocr_carea' id='block_1_69' title="bbox 255 3607 1838 3683">
    <p class='ocr_par' dir='ltr' id='par_1_69' title="bbox 255 3607 1838 3683">
     <span class='ocr_line' id='line_1_69' title="bbox 255 3607 1838 3683; baseline 0.011 -26"><span class='ocrx_word' id='word_1_510' title='bbox 255 3607 509 3661; x_wconf 90' lang='lat' dir='ltr'><strong>omnibus</strong></span> <span class='ocrx_word' id='word_1_511' title='bbox 542 3608 748 3664; x_wconf 87' lang='lat' dir='ltr'><strong>invenit</strong></span> <span class='ocrx_word' id='word_1_512' title='bbox 771 3611 887 3667; x_wconf 85' lang='lat' dir='ltr'><strong>sine</strong></span> <span class='ocrx_word' id='word_1_513' title='bbox 914 3621 1138 3683; x_wconf 85' lang='lat' dir='ltr'><strong>peccato</strong></span> <span class='ocrx_word' id='word_1_514' title='bbox 1163 3614 1502 3670; x_wconf 89' lang='lat' dir='ltr'><strong>mediatorem</strong></span> <span class='ocrx_word' id='word_1_515' title='bbox 1525 3617 1625 3671; x_wconf 83' lang='lat' dir='ltr'><strong>Dei</strong></span> <span class='ocrx_word' id='word_1_516' title='bbox 1661 3627 1708 3672; x_wconf 91' lang='lat' dir='ltr'><strong>et</strong></span> <span class='ocrx_word' id='word_1_517' title='bbox 1743 3618 1838 3673; x_wconf 81' lang='lat' dir='ltr'><strong>ho-</strong></span> 
     </span>
    </p>
   </div>
   <div class='ocr_carea' id='block_1_70' title="bbox 256 3699 1840 3779">
    <p class='ocr_par' dir='ltr' id='par_1_70' title="bbox 256 3699 1840 3779">
     <span class='ocr_line' id='line_1_70' title="bbox 256 3699 1840 3779; baseline 0.009 -30"><span class='ocrx_word' id='word_1_518' title='bbox 256 3699 458 3752; x_wconf 84' lang='lat' dir='ltr'><strong>minum</strong></span> <span class='ocrx_word' id='word_1_519' title='bbox 498 3699 760 3756; x_wconf 84' lang='lat' dir='ltr'><strong>hominem</strong></span> <span class='ocrx_word' id='word_1_520' title='bbox 812 3702 1077 3759; x_wconf 77' lang='lat' dir='ltr'><strong>Christum</strong></span> <span class='ocrx_word' id='word_1_521' title='bbox 1127 3705 1308 3760; x_wconf 73' lang='lat' dir='ltr'><strong>Iesum</strong></span> <span class='ocrx_word' id='word_1_522' title='bbox 1349 3706 1402 3778; x_wconf 89' lang='grc' dir='ltr'><strong>(Ι</strong></span> <span class='ocrx_word' id='word_1_523' title='bbox 1441 3706 1576 3762; x_wconf 87' lang='lat' dir='ltr'><strong>Tim.</strong></span> <span class='ocrx_word' id='word_1_524' title='bbox 1602 3712 1702 3779; x_wconf 83' lang='lat' dir='ltr'><strong>tt);</strong></span> <span class='ocrx_word' id='word_1_525' title='bbox 1746 3717 1840 3763; x_wconf 91' lang='lat' dir='ltr'><strong>aut</strong></span> 
     </span>
    </p>
   </div>
   <div class='ocr_carea' id='block_1_71' title="bbox 256 3794 1839 3864">
    <p class='ocr_par' dir='ltr' id='par_1_71' title="bbox 256 3794 1839 3864">
     <span class='ocr_line' id='line_1_71' title="bbox 256 3794 1839 3864; baseline 0.006 -22"><span class='ocrx_word' id='word_1_526' title='bbox 256 3798 522 3860; x_wconf 74' lang='lat' dir='ltr'><strong>praecepta</strong></span> <span class='ocrx_word' id='word_1_527' title='bbox 565 3807 832 3861; x_wconf 78' lang='lat' dir='ltr'><strong>quaerens,</strong></span> <span class='ocrx_word' id='word_1_528' title='bbox 865 3794 1060 3864; x_wconf 87' lang='lat' dir='ltr'><strong>quibus</strong></span> <span class='ocrx_word' id='word_1_529' title='bbox 1086 3797 1338 3861; x_wconf 89' lang='lat' dir='ltr'><strong>servatis,</strong></span> <span class='ocrx_word' id='word_1_530' title='bbox 1371 3812 1494 3851; x_wconf 91' lang='lat' dir='ltr'><strong>cum</strong></span> <span class='ocrx_word' id='word_1_531' title='bbox 1531 3797 1839 3852; x_wconf 89' lang='lat' dir='ltr'><strong>hominibus</strong></span> 
     </span>
    </p>
   </div>
   <div class='ocr_carea' id='block_1_72' title="bbox 257 3879 1836 3960">
    <p class='ocr_par' dir='ltr' id='par_1_72' title="bbox 257 3879 1836 3960">
     <span class='ocr_line' id='line_1_72' title="bbox 257 3879 1836 3960; baseline 0.004 -24"><span class='ocrx_word' id='word_1_532' title='bbox 257 3892 400 3939; x_wconf 90' lang='lat' dir='ltr'><strong>recte</strong></span> <span class='ocrx_word' id='word_1_533' title='bbox 434 3896 808 3953; x_wconf 87' lang='lat' dir='ltr'><strong>conversetur,</strong></span> <span class='ocrx_word' id='word_1_534' title='bbox 840 3887 1045 3942; x_wconf 89' lang='lat' dir='ltr'><strong>invenit</strong></span> <span class='ocrx_word' id='word_1_535' title='bbox 1093 3888 1430 3944; x_wconf 89' lang='lat' dir='ltr'><strong>dilectionem</strong></span> <span class='ocrx_word' id='word_1_536' title='bbox 1485 3879 1737 3960; x_wconf 76' lang='lat' dir='ltr'><strong>proximi.</strong></span> <span class='ocrx_word' id='word_1_537' title='bbox 1776 3886 1836 3943; x_wconf 89' lang='lat' dir='ltr'><strong>In</strong></span> 
     </span>
    </p>
   </div>
   <div class='ocr_carea' id='block_1_73' title="bbox 257 3975 1838 4046">
    <p class='ocr_par' dir='ltr' id='par_1_73' title="bbox 257 3975 1838 4046">
     <span class='ocr_line' id='line_1_73' title="bbox 257 3975 1838 4046; baseline 0.003 -20"><span class='ocrx_word' id='word_1_538' title='bbox 257 3987 361 4040; x_wconf 88' lang='lat' dir='ltr'><strong>quo</strong></span> <span class='ocrx_word' id='word_1_539' title='bbox 389 3989 504 4028; x_wconf 92' lang='lat' dir='ltr'><strong>uno</strong></span> <span class='ocrx_word' id='word_1_540' title='bbox 527 3975 656 4030; x_wconf 90' lang='lat' dir='ltr'><strong>dicit</strong></span> <span class='ocrx_word' id='word_1_541' title='bbox 680 3975 968 4046; x_wconf 80' lang='lat' dir='ltr'><strong>Apostolus</strong></span> <span class='ocrx_word' id='word_1_542' title='bbox 995 3977 1176 4030; x_wconf 90' lang='lat' dir='ltr'><strong>omnia</strong></span> <span class='ocrx_word' id='word_1_543' title='bbox 1209 3977 1499 4045; x_wconf 77' lang='lat' dir='ltr'><strong>contineri,</strong></span> <span class='ocrx_word' id='word_1_544' title='bbox 1539 3987 1594 4030; x_wconf 90' lang='lat' dir='ltr'><strong>ut</strong></span> <span class='ocrx_word' id='word_1_545' title='bbox 1625 3992 1727 4030; x_wconf 87' lang='lat' dir='ltr'><strong>non</strong></span> <span class='ocrx_word' id='word_1_546' title='bbox 1753 3993 1838 4030; x_wconf 82' lang='lat' dir='ltr'><strong>oc-</strong></span> 
     </span>
    </p>
   </div>
   <div class='ocr_carea' id='block_1_74' title="bbox 257 4065 1836 4140">
    <p class='ocr_par' dir='ltr' id='par_1_74' title="bbox 257 4065 1836 4140">
     <span class='ocr_line' id='line_1_74' title="bbox 257 4065 1836 4140; baseline 0.004 -23"><span class='ocrx_word' id='word_1_547' title='bbox 257 4067 412 4133; x_wconf 84' lang='lat' dir='ltr'><strong>cides,</strong></span> <span class='ocrx_word' id='word_1_548' title='bbox 448 4085 551 4122; x_wconf 86' lang='lat' dir='ltr'><strong>non</strong></span> <span class='ocrx_word' id='word_1_549' title='bbox 577 4065 854 4138; x_wconf 80' lang='lat' dir='ltr'><strong>furaberis,</strong></span> <span class='ocrx_word' id='word_1_550' title='bbox 887 4087 988 4124; x_wconf 88' lang='lat' dir='ltr'><strong>non</strong></span> <span class='ocrx_word' id='word_1_551' title='bbox 1012 4069 1207 4140; x_wconf 79' lang='lat' dir='ltr'><strong>falsum</strong></span> <span class='ocrx_word' id='word_1_552' title='bbox 1229 4071 1584 4125; x_wconf 86' lang='lat' dir='ltr'><strong>testimonium</strong></span> <span class='ocrx_word' id='word_1_553' title='bbox 1605 4073 1765 4133; x_wconf 84' lang='lat' dir='ltr'><strong>dices,</strong></span> <span class='ocrx_word' id='word_1_554' title='bbox 1789 4081 1836 4126; x_wconf 87' lang='lat' dir='ltr'><strong>et</strong></span> 
     </span>
    </p>
   </div>
   <div class='ocr_carea' id='block_1_75' title="bbox 256 4156 1837 4234">
    <p class='ocr_par' dir='ltr' id='par_1_75' title="bbox 256 4156 1837 4234">
     <span class='ocr_line' id='line_1_75' title="bbox 256 4156 1837 4234; baseline 0.006 -26"><span class='ocrx_word' id='word_1_555' title='bbox 256 4156 300 4208; x_wconf 80' lang='lat' dir='ltr'><strong>si</strong></span> <span class='ocrx_word' id='word_1_556' title='bbox 343 4158 488 4229; x_wconf 84' lang='lat' dir='ltr'><strong>quod</strong></span> <span class='ocrx_word' id='word_1_557' title='bbox 527 4168 600 4213; x_wconf 87' lang='lat' dir='ltr'><strong>est</strong></span> <span class='ocrx_word' id='word_1_558' title='bbox 655 4159 801 4214; x_wconf 84' lang='lat' dir='ltr'><strong>aliud</strong></span> <span class='ocrx_word' id='word_1_559' title='bbox 847 4161 1153 4214; x_wconf 86' lang='lat' dir='ltr'><strong>mandatum</strong></span> <span class='ocrx_word' id='word_1_560' title='bbox 1195 4159 1372 4232; x_wconf 86' lang='lat' dir='ltr'><strong>(Rom.</strong></span> <span class='ocrx_word' id='word_1_561' title='bbox 1419 4161 1562 4234; x_wconf 85' lang='lat' dir='ltr'><strong>xm),</strong></span> <span class='ocrx_word' id='word_1_562' title='bbox 1616 4162 1837 4233; x_wconf 70' lang='lat' dir='ltr'><strong>singulae</strong></span> 
     </span>
    </p>
   </div>
   <div class='ocr_carea' id='block_1_76' title="bbox 259 4249 1834 4322">
    <p class='ocr_par' dir='ltr' id='par_1_76' title="bbox 259 4249 1834 4322">
     <span class='ocr_line' id='line_1_76' title="bbox 259 4249 1834 4322; baseline 0.006 -23"><span class='ocrx_word' id='word_1_563' title='bbox 259 4249 564 4320; x_wconf 72' lang='lat' dir='ltr'><strong>margaritae</strong></span> <span class='ocrx_word' id='word_1_564' title='bbox 588 4250 716 4316; x_wconf 89' lang='lat' dir='ltr'><strong>sint,</strong></span> <span class='ocrx_word' id='word_1_565' title='bbox 745 4267 865 4322; x_wconf 72' lang='lat' dir='ltr'><strong>qum</strong></span> <span class='ocrx_word' id='word_1_566' title='bbox 891 4251 1312 4321; x_wconf 84' lang='lat' dir='ltr'><strong>recapitulantur</strong></span> <span class='ocrx_word' id='word_1_567' title='bbox 1341 4252 1395 4306; x_wconf 91' lang='lat' dir='ltr'><strong>in</strong></span> <span class='ocrx_word' id='word_1_568' title='bbox 1419 4252 1521 4308; x_wconf 89' lang='lat' dir='ltr'><strong>hoc</strong></span> <span class='ocrx_word' id='word_1_569' title='bbox 1542 4269 1794 4309; x_wconf 90' lang='lat' dir='ltr'><strong>sermone</strong></span> <span class='ocrx_word' id='word_1_570' title='bbox 1819 4268 1834 4309; x_wconf 89' lang='lat'><strong>:</strong></span> 
     </span>
    </p>
   </div>
   <div class='ocr_carea' id='block_1_77' title="bbox 261 4334 1837 4414">
    <p class='ocr_par' dir='ltr' id='par_1_77' title="bbox 261 4334 1837 4414">
     <span class='ocr_line' id='line_1_77' title="bbox 261 4334 1837 4414; baseline 0.009 -26"><span class='ocrx_word' id='word_1_571' title='bbox 261 4334 459 4409; x_wconf 82' lang='lat' dir='ltr'><strong>Diliges</strong></span> <span class='ocrx_word' id='word_1_572' title='bbox 479 4341 774 4409; x_wconf 76' lang='lat' dir='ltr'><strong>proximum</strong></span> <span class='ocrx_word' id='word_1_573' title='bbox 804 4351 950 4397; x_wconf 89' lang='lat' dir='ltr'><strong>tuum</strong></span> <span class='ocrx_word' id='word_1_574' title='bbox 987 4352 1237 4411; x_wconf 86' lang='lat' dir='ltr'><strong>tanquam</strong></span> <span class='ocrx_word' id='word_1_575' title='bbox 1263 4343 1501 4414; x_wconf 85' lang='lat' dir='ltr'><strong>teipsum.</strong></span> <span class='ocrx_word' id='word_1_576' title='bbox 1531 4343 1640 4399; x_wconf 90' lang='lat' dir='ltr'><strong>Aut</strong></span> <span class='ocrx_word' id='word_1_577' title='bbox 1667 4346 1837 4402; x_wconf 89' lang='lat' dir='ltr'><strong>bonos</strong></span> 
     </span>
    </p>
   </div>
   <div class='ocr_carea' id='block_1_78' title="bbox 257 4426 1835 4503">
    <p class='ocr_par' dir='ltr' id='par_1_78' title="bbox 257 4426 1835 4503">
     <span class='ocr_line' id='line_1_78' title="bbox 257 4426 1835 4503; baseline 0.008 -25"><span class='ocrx_word' id='word_1_578' title='bbox 257 4426 564 4483; x_wconf 89' lang='lat' dir='ltr'><strong>intellectus</strong></span> <span class='ocrx_word' id='word_1_579' title='bbox 606 4430 768 4486; x_wconf 88' lang='lat' dir='ltr'><strong>homo</strong></span> <span class='ocrx_word' id='word_1_580' title='bbox 795 4432 1012 4500; x_wconf 78' lang='lat' dir='ltr'><strong>quaerit,</strong></span> <span class='ocrx_word' id='word_1_581' title='bbox 1041 4440 1096 4494; x_wconf 89' lang='lat' dir='ltr'><strong>et</strong></span> <span class='ocrx_word' id='word_1_582' title='bbox 1129 4432 1335 4487; x_wconf 87' lang='lat' dir='ltr'><strong>invenit</strong></span> <span class='ocrx_word' id='word_1_583' title='bbox 1370 4433 1499 4487; x_wconf 92' lang='lat' dir='ltr'><strong>illud</strong></span> <span class='ocrx_word' id='word_1_584' title='bbox 1525 4449 1630 4503; x_wconf 89' lang='lat' dir='ltr'><strong>quo</strong></span> <span class='ocrx_word' id='word_1_585' title='bbox 1657 4435 1835 4490; x_wconf 90' lang='lat' dir='ltr'><strong>cuncti</strong></span> 
     </span>
    </p>
   </div>
   <div class='ocr_carea' id='block_1_79' title="bbox 1945 3253 3603 3326">
    <p class='ocr_par' dir='ltr' id='par_1_79' title="bbox 1945 3253 3603 3326">
     <span class='ocr_line' id='line_1_79' title="bbox 1945 3253 3603 3326; baseline 0.001 -17"><span class='ocrx_word' id='word_1_586' title='bbox 1945 3272 2062 3309; x_wconf 89' lang='lat' dir='ltr'><strong>cum</strong></span> <span class='ocrx_word' id='word_1_587' title='bbox 2103 3255 2315 3326; x_wconf 85' lang='lat' dir='ltr'><strong>impleta</strong></span> <span class='ocrx_word' id='word_1_588' title='bbox 2342 3267 2471 3310; x_wconf 85' lang='lat' dir='ltr'><strong>esset</strong></span> <span class='ocrx_word' id='word_1_589' title='bbox 2509 3256 2806 3320; x_wconf 86' lang='lat' dir='ltr'><strong>educentes,</strong></span> <span class='ocrx_word' id='word_1_590' title='bbox 2827 3264 2877 3310; x_wconf 84' lang='lat' dir='ltr'><strong>et</strong></span> <span class='ocrx_word' id='word_1_591' title='bbox 2899 3271 3047 3309; x_wconf 82' lang='lat' dir='ltr'><strong>secus</strong></span> <span class='ocrx_word' id='word_1_592' title='bbox 3089 3253 3236 3308; x_wconf 85' lang='lat' dir='ltr'><strong>littus</strong></span> <span class='ocrx_word' id='word_1_593' title='bbox 3262 3256 3518 3320; x_wconf 85' lang='lat' dir='ltr'><strong>sedentes,</strong></span> <span class='ocrx_word' id='word_1_594' title='bbox 3591 3284 3603 3301; x_wconf 63' lang='grc' dir='ltr'><strong>ε</strong></span> 
     </span>
    </p>
   </div>
   <div class='ocr_carea' id='block_1_80' title="bbox 1942 3343 3516 3415">
    <p class='ocr_par' dir='ltr' id='par_1_80' title="bbox 1942 3343 3516 3415">
     <span class='ocr_line' id='line_1_80' title="bbox 1942 3343 3516 3415; baseline 0.001 -17"><span class='ocrx_word' id='word_1_595' title='bbox 1942 3343 2203 3415; x_wconf 84' lang='lat' dir='ltr'><strong>elegerunt</strong></span> <span class='ocrx_word' id='word_1_596' title='bbox 2230 3346 2388 3400; x_wconf 88' lang='lat' dir='ltr'><strong>bonos</strong></span> <span class='ocrx_word' id='word_1_597' title='bbox 2411 3347 2465 3400; x_wconf 87' lang='lat' dir='ltr'><strong>in</strong></span> <span class='ocrx_word' id='word_1_598' title='bbox 2493 3363 2637 3408; x_wconf 82' lang='lat' dir='ltr'><strong>vasa,</strong></span> <span class='ocrx_word' id='word_1_599' title='bbox 2671 3344 2838 3399; x_wconf 86' lang='lat' dir='ltr'><strong>malos</strong></span> <span class='ocrx_word' id='word_1_600' title='bbox 2867 3355 3038 3398; x_wconf 88' lang='lat' dir='ltr'><strong>autem</strong></span> <span class='ocrx_word' id='word_1_601' title='bbox 3071 3343 3214 3413; x_wconf 78' lang='lat' dir='ltr'><strong>foras</strong></span> <span class='ocrx_word' id='word_1_602' title='bbox 3237 3345 3516 3399; x_wconf 80' lang='lat' dir='ltr'><strong>miserunt.</strong></span> 
     </span>
    </p>
   </div>
   <div class='ocr_carea' id='block_1_81' title="bbox 1942 3427 3523 3506">
    <p class='ocr_par' dir='ltr' id='par_1_81' title="bbox 1942 3427 3523 3506">
     <span class='ocr_line' id='line_1_81' title="bbox 1942 3427 3523 3506; baseline 0.003 -20"><span class='ocrx_word' id='word_1_603' title='bbox 1942 3427 2146 3506; x_wconf 83' lang='lat' dir='ltr'><strong>(Greg.)</strong></span> <span class='ocrx_word' id='word_1_604' title='bbox 2177 3433 2411 3489; x_wconf 84' lang='lat' dir='ltr'><strong>Rursum</strong></span> <span class='ocrx_word' id='word_1_605' title='bbox 2441 3450 2571 3506; x_wconf 86' lang='lat' dir='ltr'><strong>ergo</strong></span> <span class='ocrx_word' id='word_1_606' title='bbox 2598 3433 2767 3488; x_wconf 86' lang='lat' dir='ltr'><strong>simile</strong></span> <span class='ocrx_word' id='word_1_607' title='bbox 2800 3451 3014 3504; x_wconf 85' lang='lat' dir='ltr'><strong>regnum</strong></span> <span class='ocrx_word' id='word_1_608' title='bbox 3041 3433 3286 3489; x_wconf 72' lang='lat' dir='ltr'><strong>caelorum</strong></span> <span class='ocrx_word' id='word_1_609' title='bbox 3314 3451 3523 3505; x_wconf 70' lang='lat' dir='ltr'><strong>sugente</strong></span> 
     </span>
    </p>
   </div>
   <div class='ocr_carea' id='block_1_82' title="bbox 1940 3527 3522 3601">
    <p class='ocr_par' dir='ltr' id='par_1_82' title="bbox 1940 3527 3522 3601">
     <span class='ocr_line' id='line_1_82' title="bbox 1940 3527 3522 3601; baseline -0.002 -16"><span class='ocrx_word' id='word_1_610' title='bbox 1940 3529 2114 3585; x_wconf 72' lang='lat' dir='ltr'><strong>misere</strong></span> <span class='ocrx_word' id='word_1_611' title='bbox 2143 3530 2197 3583; x_wconf 87' lang='lat' dir='ltr'><strong>in</strong></span> <span class='ocrx_word' id='word_1_612' title='bbox 2217 3529 2373 3592; x_wconf 87' lang='lat' dir='ltr'><strong>mari,</strong></span> <span class='ocrx_word' id='word_1_613' title='bbox 2403 3527 2624 3592; x_wconf 85' lang='lat' dir='ltr'><strong>dicitur,</strong></span> <span class='ocrx_word' id='word_1_614' title='bbox 2656 3543 2721 3581; x_wconf 79' lang='lat' dir='ltr'><strong>ea:</strong></span> <span class='ocrx_word' id='word_1_615' title='bbox 2759 3529 2901 3581; x_wconf 87' lang='lat' dir='ltr'><strong>omni</strong></span> <span class='ocrx_word' id='word_1_616' title='bbox 2935 3544 3120 3601; x_wconf 86' lang='lat' dir='ltr'><strong>genere</strong></span> <span class='ocrx_word' id='word_1_617' title='bbox 3142 3527 3363 3600; x_wconf 84' lang='lat' dir='ltr'><strong>piscium</strong></span> <span class='ocrx_word' id='word_1_618' title='bbox 3398 3541 3522 3582; x_wconf 56' lang='lat' dir='ltr'><strong>conc</strong></span> 
     </span>
    </p>
   </div>
   <div class='ocr_carea' id='block_1_83' title="bbox 1939 3617 3521 3694">
    <p class='ocr_par' dir='ltr' id='par_1_83' title="bbox 1939 3617 3521 3694">
     <span class='ocr_line' id='line_1_83' title="bbox 1939 3617 3521 3694; baseline 0 -22"><span class='ocrx_word' id='word_1_619' title='bbox 1939 3619 2212 3694; x_wconf 83' lang='lat' dir='ltr'><strong>greganti;</strong></span> <span class='ocrx_word' id='word_1_620' title='bbox 2252 3633 2371 3688; x_wconf 74' lang='lat' dir='ltr'><strong>quae</strong></span> <span class='ocrx_word' id='word_1_621' title='bbox 2399 3617 2616 3687; x_wconf 89' lang='lat' dir='ltr'><strong>impleta</strong></span> <span class='ocrx_word' id='word_1_622' title='bbox 2647 3617 2716 3671; x_wconf 87' lang='lat' dir='ltr'><strong>ad</strong></span> <span class='ocrx_word' id='word_1_623' title='bbox 2759 3617 2912 3672; x_wconf 86' lang='lat' dir='ltr'><strong>littus</strong></span> <span class='ocrx_word' id='word_1_624' title='bbox 2938 3619 3172 3683; x_wconf 84' lang='lat' dir='ltr'><strong>ducitur,</strong></span> <span class='ocrx_word' id='word_1_625' title='bbox 3213 3625 3268 3671; x_wconf 86' lang='lat' dir='ltr'><strong>et</strong></span> <span class='ocrx_word' id='word_1_626' title='bbox 3293 3618 3349 3671; x_wconf 84' lang='lat' dir='ltr'><strong>in‘</strong></span> <span class='ocrx_word' id='word_1_627' title='bbox 3375 3618 3521 3672; x_wconf 81' lang='lat' dir='ltr'><strong>vasis</strong></span> 
     </span>
    </p>
   </div>
   <div class='ocr_carea' id='block_1_84' title="bbox 1940 3707 3520 3781">
    <p class='ocr_par' dir='ltr' id='par_1_84' title="bbox 1940 3707 3520 3781">
     <span class='ocr_line' id='line_1_84' title="bbox 1940 3707 3520 3781; baseline -0.003 -14"><span class='ocrx_word' id='word_1_628' title='bbox 1940 3713 2066 3767; x_wconf 90' lang='lat' dir='ltr'><strong>boni</strong></span> <span class='ocrx_word' id='word_1_629' title='bbox 2109 3710 2615 3781; x_wconf 74' lang='lat' dir='ltr'><strong>pisceS&#39;eliguntnr,</strong></span> <span class='ocrx_word' id='word_1_630' title='bbox 2647 3707 2772 3761; x_wconf 89' lang='lat' dir='ltr'><strong>mali</strong></span> <span class='ocrx_word' id='word_1_631' title='bbox 2813 3707 3168 3774; x_wconf 75' lang='lat' dir='ltr'><strong>proiiciantur</strong></span> <span class='ocrx_word' id='word_1_632' title='bbox 3196 3707 3360 3760; x_wconf 89' lang='lat' dir='ltr'><strong>foras.</strong></span> <span class='ocrx_word' id='word_1_633' title='bbox 3407 3707 3520 3762; x_wconf 82' lang='lat' dir='ltr'><strong>Sub</strong></span> 
     </span>
    </p>
   </div>
   <div class='ocr_carea' id='block_1_85' title="bbox 1940 3797 3518 3872">
    <p class='ocr_par' dir='ltr' id='par_1_85' title="bbox 1940 3797 3518 3872">
     <span class='ocr_line' id='line_1_85' title="bbox 1940 3797 3518 3872; baseline -0.002 -16"><span class='ocrx_word' id='word_1_634' title='bbox 1940 3803 2044 3857; x_wconf 88' lang='lat' dir='ltr'><strong>hac</strong></span> <span class='ocrx_word' id='word_1_635' title='bbox 2063 3817 2193 3872; x_wconf 87' lang='lat' dir='ltr'><strong>ergo</strong></span> <span class='ocrx_word' id='word_1_636' title='bbox 2214 3800 2471 3871; x_wconf 89' lang='lat' dir='ltr'><strong>parabola</strong></span> <span class='ocrx_word' id='word_1_637' title='bbox 2499 3805 2685 3853; x_wconf 79' lang='lat' dir='ltr'><strong>sancta</strong></span> <span class='ocrx_word' id='word_1_638' title='bbox 2721 3797 2961 3852; x_wconf 86' lang='lat' dir='ltr'><strong>Ecclesia</strong></span> <span class='ocrx_word' id='word_1_639' title='bbox 2997 3813 3208 3869; x_wconf 79' lang='lat' dir='ltr'><strong>sagenae</strong></span> <span class='ocrx_word' id='word_1_640' title='bbox 3238 3811 3518 3868; x_wconf 85' lang='lat' dir='ltr'><strong>compara-</strong></span> 
     </span>
    </p>
   </div>
   <div class='ocr_carea' id='block_1_86' title="bbox 1939 3887 3518 3960">
    <p class='ocr_par' dir='ltr' id='par_1_86' title="bbox 1939 3887 3518 3960">
     <span class='ocr_line' id='line_1_86' title="bbox 1939 3887 3518 3960; baseline -0.003 -14"><span class='ocrx_word' id='word_1_641' title='bbox 1939 3900 2046 3956; x_wconf 90' lang='lat' dir='ltr'><strong>tur,</strong></span> <span class='ocrx_word' id='word_1_642' title='bbox 2078 3906 2196 3960; x_wconf 67' lang='lat' dir='ltr'><strong>qua!</strong></span> <span class='ocrx_word' id='word_1_643' title='bbox 2231 3899 2286 3945; x_wconf 92' lang='lat' dir='ltr'><strong>et</strong></span> <span class='ocrx_word' id='word_1_644' title='bbox 2327 3889 2686 3960; x_wconf 85' lang='lat' dir='ltr'><strong>piscatoribus</strong></span> <span class='ocrx_word' id='word_1_645' title='bbox 2713 3895 2796 3942; x_wconf 86' lang='lat' dir='ltr'><strong>est</strong></span> <span class='ocrx_word' id='word_1_646' title='bbox 2823 3887 3134 3953; x_wconf 84' lang='lat' dir='ltr'><strong>commissa,</strong></span> <span class='ocrx_word' id='word_1_647' title='bbox 3183 3896 3238 3942; x_wconf 90' lang='lat' dir='ltr'><strong>et</strong></span> <span class='ocrx_word' id='word_1_648' title='bbox 3264 3903 3362 3958; x_wconf 89' lang='lat' dir='ltr'><strong>per</strong></span> <span class='ocrx_word' id='word_1_649' title='bbox 3397 3903 3518 3942; x_wconf 89' lang='lat' dir='ltr'><strong>eam</strong></span> 
     </span>
    </p>
   </div>
   <div class='ocr_carea' id='block_1_87' title="bbox 1940 3977 3519 4050">
    <p class='ocr_par' dir='ltr' id='par_1_87' title="bbox 1940 3977 3519 4050">
     <span class='ocr_line' id='line_1_87' title="bbox 1940 3977 3519 4050; baseline -0.002 -18"><span class='ocrx_word' id='word_1_650' title='bbox 1940 3980 2169 4050; x_wconf 89' lang='lat' dir='ltr'><strong>quisque</strong></span> <span class='ocrx_word' id='word_1_651' title='bbox 2195 3981 2262 4034; x_wconf 89' lang='lat' dir='ltr'><strong>ad</strong></span> <span class='ocrx_word' id='word_1_652' title='bbox 2300 3987 2561 4035; x_wconf 74' lang='lat' dir='ltr'><strong>aeternum</strong></span> <span class='ocrx_word' id='word_1_653' title='bbox 2597 3994 2819 4050; x_wconf 85' lang='lat' dir='ltr'><strong>regnum</strong></span> <span class='ocrx_word' id='word_1_654' title='bbox 2845 3993 2873 4031; x_wconf 88' lang='lat' dir='ltr'><strong>a</strong></span> <span class='ocrx_word' id='word_1_655' title='bbox 2901 3979 3180 4048; x_wconf 69' lang='lat' dir='ltr'><strong>praesentis</strong></span> <span class='ocrx_word' id='word_1_656' title='bbox 3209 3978 3388 4033; x_wconf 70' lang='lat' dir='ltr'><strong>seculi</strong></span> <span class='ocrx_word' id='word_1_657' title='bbox 3421 3977 3519 4031; x_wconf 84' lang='lat' dir='ltr'><strong>lin-</strong></span> 
     </span>
    </p>
   </div>
   <div class='ocr_carea' id='block_1_88' title="bbox 1938 4068 3518 4139">
    <p class='ocr_par' dir='ltr' id='par_1_88' title="bbox 1938 4068 3518 4139">
     <span class='ocr_line' id='line_1_88' title="bbox 1938 4068 3518 4139; baseline -0.003 -13"><span class='ocrx_word' id='word_1_658' title='bbox 1938 4072 2116 4127; x_wconf 87' lang='lat' dir='ltr'><strong>ctibus</strong></span> <span class='ocrx_word' id='word_1_659' title='bbox 2144 4071 2396 4135; x_wconf 90' lang='lat' dir='ltr'><strong>trahitur,</strong></span> <span class='ocrx_word' id='word_1_660' title='bbox 2429 4085 2496 4124; x_wconf 92' lang='lat' dir='ltr'><strong>ne</strong></span> <span class='ocrx_word' id='word_1_661' title='bbox 2531 4071 2584 4124; x_wconf 92' lang='lat' dir='ltr'><strong>in</strong></span> <span class='ocrx_word' id='word_1_662' title='bbox 2615 4079 2828 4124; x_wconf 66' lang='lat' dir='ltr'><strong>aeternae</strong></span> <span class='ocrx_word' id='word_1_663' title='bbox 2857 4069 3048 4124; x_wconf 86' lang='lat' dir='ltr'><strong>mortis</strong></span> <span class='ocrx_word' id='word_1_664' title='bbox 3076 4068 3341 4139; x_wconf 88' lang='lat' dir='ltr'><strong>profundo</strong></span> <span class='ocrx_word' id='word_1_665' title='bbox 3377 4084 3518 4122; x_wconf 77' lang='lat' dir='ltr'><strong>mer-</strong></span> 
     </span>
    </p>
   </div>
   <div class='ocr_carea' id='block_1_89' title="bbox 1940 4157 3524 4234">
    <p class='ocr_par' dir='ltr' id='par_1_89' title="bbox 1940 4157 3524 4234">
     <span class='ocr_line' id='line_1_89' title="bbox 1940 4157 3524 4234; baseline -0.001 -18"><span class='ocrx_word' id='word_1_666' title='bbox 1940 4170 2120 4234; x_wconf 90' lang='lat' dir='ltr'><strong>gatur.</strong></span> <span class='ocrx_word' id='word_1_667' title='bbox 2149 4161 2279 4230; x_wconf 68' lang='lat' dir='ltr'><strong>Quae</strong></span> <span class='ocrx_word' id='word_1_668' title='bbox 2301 4177 2367 4218; x_wconf 81' lang='lat' dir='ltr'><strong>ex</strong></span> <span class='ocrx_word' id='word_1_669' title='bbox 2393 4161 2538 4216; x_wconf 88' lang='lat' dir='ltr'><strong>omni</strong></span> <span class='ocrx_word' id='word_1_670' title='bbox 2564 4176 2760 4232; x_wconf 86' lang='lat' dir='ltr'><strong>genere</strong></span> <span class='ocrx_word' id='word_1_671' title='bbox 2786 4161 3012 4230; x_wconf 89' lang='lat' dir='ltr'><strong>piscium</strong></span> <span class='ocrx_word' id='word_1_672' title='bbox 3039 4168 3348 4231; x_wconf 84' lang='lat' dir='ltr'><strong>congregat,</strong></span> <span class='ocrx_word' id='word_1_673' title='bbox 3375 4157 3524 4230; x_wconf 64' lang='lat' dir='ltr'><strong>quod</strong></span> 
     </span>
    </p>
   </div>
   <div class='ocr_carea' id='block_1_90' title="bbox 1939 4243 3525 4324">
    <p class='ocr_par' dir='ltr' id='par_1_90' title="bbox 1939 4243 3525 4324">
     <span class='ocr_line' id='line_1_90' title="bbox 1939 4243 3525 4324; baseline -0.002 -16"><span class='ocrx_word' id='word_1_674' title='bbox 1939 4254 2007 4308; x_wconf 87' lang='lat' dir='ltr'><strong>ad</strong></span> <span class='ocrx_word' id='word_1_675' title='bbox 2042 4260 2388 4324; x_wconf 89' lang='lat' dir='ltr'><strong>peccatorum</strong></span> <span class='ocrx_word' id='word_1_676' title='bbox 2429 4243 2642 4308; x_wconf 27' lang='lat' dir='ltr'><strong>veniam.</strong></span> <span class='ocrx_word' id='word_1_677' title='bbox 2669 4252 2961 4322; x_wconf 87' lang='lat' dir='ltr'><strong>sapientes,</strong></span> <span class='ocrx_word' id='word_1_678' title='bbox 2988 4259 3045 4306; x_wconf 89' lang='lat' dir='ltr'><strong>et</strong></span> <span class='ocrx_word' id='word_1_679' title='bbox 3087 4249 3286 4315; x_wconf 89' lang='lat' dir='ltr'><strong>fatuos,</strong></span> <span class='ocrx_word' id='word_1_680' title='bbox 3319 4250 3525 4305; x_wconf 80' lang='lat' dir='ltr'><strong>liberos</strong></span> 
     </span>
    </p>
   </div>
   <div class='ocr_carea' id='block_1_91' title="bbox 1938 4339 3518 4412">
    <p class='ocr_par' dir='ltr' id='par_1_91' title="bbox 1938 4339 3518 4412">
     <span class='ocr_line' id='line_1_91' title="bbox 1938 4339 3518 4412; baseline -0.003 -14"><span class='ocrx_word' id='word_1_681' title='bbox 1938 4352 1994 4398; x_wconf 87' lang='lat' dir='ltr'><strong>et</strong></span> <span class='ocrx_word' id='word_1_682' title='bbox 2023 4358 2228 4410; x_wconf 86' lang='lat' dir='ltr'><strong>servos,</strong></span> <span class='ocrx_word' id='word_1_683' title='bbox 2261 4342 2455 4398; x_wconf 85' lang='lat' dir='ltr'><strong>divites</strong></span> <span class='ocrx_word' id='word_1_684' title='bbox 2479 4350 2534 4396; x_wconf 92' lang='lat' dir='ltr'><strong>et</strong></span> <span class='ocrx_word' id='word_1_685' title='bbox 2563 4355 2846 4412; x_wconf 86' lang='lat' dir='ltr'><strong>pauperes,</strong></span> <span class='ocrx_word' id='word_1_686' title='bbox 2877 4339 3046 4395; x_wconf 85' lang='lat' dir='ltr'><strong>fortes</strong></span> <span class='ocrx_word' id='word_1_687' title='bbox 3073 4348 3130 4395; x_wconf 90' lang='lat' dir='ltr'><strong>et</strong></span> <span class='ocrx_word' id='word_1_688' title='bbox 3155 4339 3399 4394; x_wconf 85' lang='lat' dir='ltr'><strong>infirmos</strong></span> <span class='ocrx_word' id='word_1_689' title='bbox 3424 4351 3518 4393; x_wconf 53' lang='lat' dir='ltr'><strong>voc</strong></span> 
     </span>
    </p>
   </div>
   <div class='ocr_carea' id='block_1_92' title="bbox 1937 4429 3526 4503">
    <p class='ocr_par' dir='ltr' id='par_1_92' title="bbox 1937 4429 3526 4503">
     <span class='ocr_line' id='line_1_92' title="bbox 1937 4429 3526 4503; baseline -0.004 -15"><span class='ocrx_word' id='word_1_690' title='bbox 1937 4440 2046 4488; x_wconf 91' lang='lat' dir='ltr'><strong>cat.</strong></span> <span class='ocrx_word' id='word_1_691' title='bbox 2075 4432 2228 4488; x_wconf 86' lang='lat' dir='ltr'><strong>Unde</strong></span> <span class='ocrx_word' id='word_1_692' title='bbox 2260 4447 2357 4503; x_wconf 90' lang='lat' dir='ltr'><strong>per</strong></span> <span class='ocrx_word' id='word_1_693' title='bbox 2380 4431 2723 4488; x_wconf 87' lang='lat' dir='ltr'><strong>Psalmistam</strong></span> <span class='ocrx_word' id='word_1_694' title='bbox 2770 4431 2880 4484; x_wconf 90' lang='lat' dir='ltr'><strong>Deo</strong></span> <span class='ocrx_word' id='word_1_695' title='bbox 2905 4429 3123 4495; x_wconf 87' lang='lat' dir='ltr'><strong>dicitur,</strong></span> <span class='ocrx_word' id='word_1_696' title='bbox 3165 4431 3234 4482; x_wconf 91' lang='lat' dir='ltr'><strong>ad</strong></span> <span class='ocrx_word' id='word_1_697' title='bbox 3264 4438 3313 4482; x_wconf 88' lang='lat' dir='ltr'><strong>te</strong></span> <span class='ocrx_word' id='word_1_698' title='bbox 3346 4430 3526 4482; x_wconf 75' lang='lat' dir='ltr'><strong>omnis</strong></span> 
     </span>
    </p>
   </div>
   <div class='ocr_carea' id='block_1_93' title="bbox 258 4511 3525 4594">
    <p class='ocr_par' dir='ltr' id='par_1_93' title="bbox 258 4511 3525 4594">
     <span class='ocr_line' id='line_1_93' title="bbox 258 4511 3525 4594; baseline 0.002 -26"><span class='ocrx_word' id='word_1_699' title='bbox 258 4517 624 4583; x_wconf 86' lang='lat' dir='ltr'><strong>continentur,</strong></span> <span class='ocrx_word' id='word_1_700' title='bbox 659 4517 726 4573; x_wconf 89' lang='lat' dir='ltr'><strong>In</strong></span> <span class='ocrx_word' id='word_1_701' title='bbox 767 4521 1021 4590; x_wconf 85' lang='lat' dir='ltr'><strong>principio</strong></span> <span class='ocrx_word' id='word_1_702' title='bbox 1064 4516 1310 4587; x_wconf 79' lang='lat' dir='ltr'><strong>Verbum,</strong></span> <span class='ocrx_word' id='word_1_703' title='bbox 1341 4532 1388 4576; x_wconf 85' lang='lat' dir='ltr'><strong>et</strong></span> <span class='ocrx_word' id='word_1_704' title='bbox 1429 4520 1649 4577; x_wconf 85' lang='lat' dir='ltr'><strong>Verbum</strong></span> <span class='ocrx_word' id='word_1_705' title='bbox 1692 4525 1834 4594; x_wconf 87' lang='lat' dir='ltr'><strong>apud</strong></span> <span class='ocrx_word' id='word_1_706' title='bbox 1859 4511 1912 4574; x_wconf 84' lang='lat' dir='ltr'><strong>D</strong></span> <span class='ocrx_word' id='word_1_707' title='bbox 1938 4540 2061 4577; x_wconf 88' lang='lat' dir='ltr'><strong>caro</strong></span> <span class='ocrx_word' id='word_1_708' title='bbox 2106 4523 2267 4577; x_wconf 85' lang='lat' dir='ltr'><strong>veniet</strong></span> <span class='ocrx_word' id='word_1_709' title='bbox 2308 4520 2480 4594; x_wconf 84' lang='lat' dir='ltr'><strong>(Psal.</strong></span> <span class='ocrx_word' id='word_1_710' title='bbox 2514 4521 2680 4592; x_wconf 76' lang='lat' dir='ltr'><strong>thv).</strong></span> <span class='ocrx_word' id='word_1_711' title='bbox 2722 4521 2854 4588; x_wconf 70' lang='lat' dir='ltr'><strong>Quae</strong></span> <span class='ocrx_word' id='word_1_712' title='bbox 2897 4535 3094 4590; x_wconf 86' lang='lat' dir='ltr'><strong>sagena</strong></span> <span class='ocrx_word' id='word_1_713' title='bbox 3137 4520 3344 4575; x_wconf 86' lang='lat' dir='ltr'><strong>scilicet</strong></span> <span class='ocrx_word' id='word_1_714' title='bbox 3388 4527 3525 4574; x_wconf 81' lang='lat' dir='ltr'><strong>tunc</strong></span> 
     </span>
    </p>
   </div>
   <div class='ocr_carea' id='block_1_94' title="bbox 258 4602 1829 4681">
    <p class='ocr_par' dir='ltr' id='par_1_94' title="bbox 258 4602 1829 4681">
     <span class='ocr_line' id='line_1_94' title="bbox 258 4602 1829 4681; baseline 0.009 -26"><span class='ocrx_word' id='word_1_715' title='bbox 258 4602 448 4670; x_wconf 88' lang='lat' dir='ltr'><strong>Deum,</strong></span> <span class='ocrx_word' id='word_1_716' title='bbox 477 4615 531 4662; x_wconf 90' lang='lat' dir='ltr'><strong>et</strong></span> <span class='ocrx_word' id='word_1_717' title='bbox 561 4608 796 4664; x_wconf 83' lang='lat' dir='ltr'><strong>Verbum</strong></span> <span class='ocrx_word' id='word_1_718' title='bbox 833 4611 998 4665; x_wconf 92' lang='lat' dir='ltr'><strong>Deum</strong></span> <span class='ocrx_word' id='word_1_719' title='bbox 1037 4610 1271 4667; x_wconf 82' lang='lat' dir='ltr'><strong>lucidum</strong></span> <span class='ocrx_word' id='word_1_720' title='bbox 1301 4613 1535 4668; x_wconf 90' lang='lat' dir='ltr'><strong>candore</strong></span> <span class='ocrx_word' id='word_1_721' title='bbox 1565 4613 1829 4681; x_wconf 88' lang='lat' dir='ltr'><strong>veritatis,</strong></span> 
     </span>
    </p>
   </div>
   <div class='ocr_carea' id='block_1_95' title="bbox 257 4697 1830 4774">
    <p class='ocr_par' dir='ltr' id='par_1_95' title="bbox 257 4697 1830 4774">
     <span class='ocr_line' id='line_1_95' title="bbox 257 4697 1830 4774; baseline 0.006 -25"><span class='ocrx_word' id='word_1_722' title='bbox 257 4705 310 4749; x_wconf 87' lang='lat' dir='ltr'><strong>et</strong></span> <span class='ocrx_word' id='word_1_723' title='bbox 335 4697 567 4752; x_wconf 89' lang='lat' dir='ltr'><strong>solidum</strong></span> <span class='ocrx_word' id='word_1_724' title='bbox 599 4699 854 4754; x_wconf 85' lang='lat' dir='ltr'><strong>ﬁrmitate</strong></span> <span class='ocrx_word' id='word_1_725' title='bbox 879 4702 1218 4768; x_wconf 68' lang='lat' dir='ltr'><strong>mternitatis,</strong></span> <span class='ocrx_word' id='word_1_726' title='bbox 1251 4705 1340 4774; x_wconf 91' lang='lat' dir='ltr'><strong>qui</strong></span> <span class='ocrx_word' id='word_1_727' title='bbox 1375 4704 1517 4759; x_wconf 91' lang='lat' dir='ltr'><strong>Deus</strong></span> <span class='ocrx_word' id='word_1_728' title='bbox 1553 4715 1830 4774; x_wconf 90' lang='lat' dir='ltr'><strong>penetrata</strong></span> 
     </span>
    </p>
   </div>
   <div class='ocr_carea' id='block_1_96' title="bbox 257 4787 1834 4862">
    <p class='ocr_par' dir='ltr' id='par_1_96' title="bbox 257 4787 1834 4862">
     <span class='ocr_line' id='line_1_96' title="bbox 257 4787 1834 4862; baseline 0.008 -24"><span class='ocrx_word' id='word_1_729' title='bbox 257 4787 436 4841; x_wconf 90' lang='lat' dir='ltr'><strong>carnis</strong></span> <span class='ocrx_word' id='word_1_730' title='bbox 464 4789 731 4844; x_wconf 87' lang='lat' dir='ltr'><strong>testudine</strong></span> <span class='ocrx_word' id='word_1_731' title='bbox 759 4790 1131 4862; x_wconf 86' lang='lat' dir='ltr'><strong>intelligendus</strong></span> <span class='ocrx_word' id='word_1_732' title='bbox 1157 4801 1259 4848; x_wconf 91' lang='lat' dir='ltr'><strong>est.</strong></span> <span class='ocrx_word' id='word_1_733' title='bbox 1292 4795 1382 4850; x_wconf 91' lang='lat' dir='ltr'><strong>Ille</strong></span> <span class='ocrx_word' id='word_1_734' title='bbox 1410 4797 1551 4850; x_wconf 89' lang='lat' dir='ltr'><strong>enim</strong></span> <span class='ocrx_word' id='word_1_735' title='bbox 1590 4797 1655 4850; x_wconf 91' lang='lat' dir='ltr'><strong>ad</strong></span> <span class='ocrx_word' id='word_1_736' title='bbox 1691 4813 1834 4850; x_wconf 85' lang='lat' dir='ltr'><strong>mar-</strong></span> 
     </span>
    </p>
   </div>
   <div class='ocr_carea' id='block_1_97' title="bbox 256 4877 1829 4956">
    <p class='ocr_par' dir='ltr' id='par_1_97' title="bbox 256 4877 1829 4956">
     <span class='ocr_line' id='line_1_97' title="bbox 256 4877 1829 4956; baseline 0.009 -30"><span class='ocrx_word' id='word_1_737' title='bbox 256 4877 482 4942; x_wconf 88' lang='lat' dir='ltr'><strong>garitam</strong></span> <span class='ocrx_word' id='word_1_738' title='bbox 515 4880 683 4949; x_wconf 87' lang='lat' dir='ltr'><strong>ipsam</strong></span> <span class='ocrx_word' id='word_1_739' title='bbox 700 4878 812 4948; x_wconf 88' lang='lat' dir='ltr'><strong>jam</strong></span> <span class='ocrx_word' id='word_1_740' title='bbox 841 4892 1176 4951; x_wconf 85' lang='lat' dir='ltr'><strong>pervenerat,</strong></span> <span class='ocrx_word' id='word_1_741' title='bbox 1203 4886 1299 4955; x_wconf 88' lang='lat' dir='ltr'><strong>qui</strong></span> <span class='ocrx_word' id='word_1_742' title='bbox 1329 4888 1654 4956; x_wconf 84' lang='lat' dir='ltr'><strong>tegumentis</strong></span> <span class='ocrx_word' id='word_1_743' title='bbox 1681 4903 1829 4941; x_wconf 77' lang='lat' dir='ltr'><strong>mor-</strong></span> 
     </span>
    </p>
   </div>
   <div class='ocr_carea' id='block_1_98' title="bbox 259 4967 1832 5047">
    <p class='ocr_par' dir='ltr' id='par_1_98' title="bbox 259 4967 1832 5047">
     <span class='ocr_line' id='line_1_98' title="bbox 259 4967 1832 5047; baseline 0.009 -30"><span class='ocrx_word' id='word_1_744' title='bbox 259 4967 479 5023; x_wconf 89' lang='lat' dir='ltr'><strong>talitatis</strong></span> <span class='ocrx_word' id='word_1_745' title='bbox 507 4975 660 5038; x_wconf 86' lang='lat' dir='ltr'><strong>quasi</strong></span> <span class='ocrx_word' id='word_1_746' title='bbox 679 4973 1008 5028; x_wconf 88' lang='lat' dir='ltr'><strong>concharum</strong></span> <span class='ocrx_word' id='word_1_747' title='bbox 1039 4974 1337 5040; x_wconf 88' lang='lat' dir='ltr'><strong>obstaculo,</strong></span> <span class='ocrx_word' id='word_1_748' title='bbox 1367 4977 1419 5030; x_wconf 93' lang='lat' dir='ltr'><strong>in</strong></span> <span class='ocrx_word' id='word_1_749' title='bbox 1442 4978 1708 5047; x_wconf 87' lang='lat' dir='ltr'><strong>profundo</strong></span> <span class='ocrx_word' id='word_1_750' title='bbox 1731 4979 1832 5032; x_wconf 88' lang='lat' dir='ltr'><strong>hu-</strong></span> 
     </span>
    </p>
   </div>
   <div class='ocr_carea' id='block_1_99' title="bbox 249 5050 1829 5131">
    <p class='ocr_par' dir='ltr' id='par_1_99' title="bbox 249 5050 1829 5131">
     <span class='ocr_line' id='line_1_99' title="bbox 249 5050 1829 5131; baseline 0.009 -27"><span class='ocrx_word' id='word_1_751' title='bbox 249 5050 340 5124; x_wconf 82' lang='lat' dir='ltr'><strong>jus</strong></span> <span class='ocrx_word' id='word_1_752' title='bbox 390 5060 594 5125; x_wconf 64' lang='lat' dir='ltr'><strong>saeculi,</strong></span> <span class='ocrx_word' id='word_1_753' title='bbox 627 5069 789 5131; x_wconf 88' lang='lat' dir='ltr'><strong>atque</strong></span> <span class='ocrx_word' id='word_1_754' title='bbox 835 5062 979 5116; x_wconf 86' lang='lat' dir='ltr'><strong>inter</strong></span> <span class='ocrx_word' id='word_1_755' title='bbox 1029 5062 1256 5118; x_wconf 78' lang='lat' dir='ltr'><strong>duritiae</strong></span> <span class='ocrx_word' id='word_1_756' title='bbox 1286 5079 1477 5120; x_wconf 80' lang='lat' dir='ltr'><strong>saxeas</strong></span> <span class='ocrx_word' id='word_1_757' title='bbox 1523 5063 1829 5120; x_wconf 71' lang='lat' dir='ltr'><strong>Iudaeorum</strong></span> 
     </span>
    </p>
   </div>
   <div class='ocr_carea' id='block_1_100' title="bbox 257 5145 1829 5226">
    <p class='ocr_par' dir='ltr' id='par_1_100' title="bbox 257 5145 1829 5226">
     <span class='ocr_line' id='line_1_100' title="bbox 257 5145 1829 5226; baseline 0.007 -27"><span class='ocrx_word' id='word_1_758' title='bbox 257 5145 542 5218; x_wconf 87' lang='lat' dir='ltr'><strong>aliquando</strong></span> <span class='ocrx_word' id='word_1_759' title='bbox 575 5153 831 5209; x_wconf 87' lang='lat' dir='ltr'><strong>latuerat.</strong></span> <span class='ocrx_word' id='word_1_760' title='bbox 865 5155 957 5210; x_wconf 83' lang='lat' dir='ltr'><strong>ille</strong></span> <span class='ocrx_word' id='word_1_761' title='bbox 1000 5169 1128 5225; x_wconf 90' lang='lat' dir='ltr'><strong>ergo</strong></span> <span class='ocrx_word' id='word_1_762' title='bbox 1158 5155 1224 5210; x_wconf 89' lang='lat' dir='ltr'><strong>ad</strong></span> <span class='ocrx_word' id='word_1_763' title='bbox 1270 5156 1441 5225; x_wconf 90' lang='lat' dir='ltr'><strong>ipsam</strong></span> <span class='ocrx_word' id='word_1_764' title='bbox 1482 5158 1829 5226; x_wconf 84' lang='lat' dir='ltr'><strong>margaritam</strong></span> 
     </span>
    </p>
   </div>
   <div class='ocr_carea' id='block_1_101' title="bbox 251 5239 1828 5318">
    <p class='ocr_par' dir='ltr' id='par_1_101' title="bbox 251 5239 1828 5318">
     <span class='ocr_line' id='line_1_101' title="bbox 251 5239 1828 5318; baseline 0 -19"><span class='ocrx_word' id='word_1_765' title='bbox 251 5239 363 5311; x_wconf 72' lang='lat' dir='ltr'><strong>Iam</strong></span> <span class='ocrx_word' id='word_1_766' title='bbox 404 5257 746 5316; x_wconf 89' lang='lat' dir='ltr'><strong>pervenerat,</strong></span> <span class='ocrx_word' id='word_1_767' title='bbox 791 5250 882 5318; x_wconf 91' lang='lat' dir='ltr'><strong>qui</strong></span> <span class='ocrx_word' id='word_1_768' title='bbox 912 5249 1024 5303; x_wconf 92' lang='lat' dir='ltr'><strong>ait:</strong></span> <span class='ocrx_word' id='word_1_769' title='bbox 1053 5248 1121 5304; x_wconf 77' lang='lat' dir='ltr'><strong>Et</strong></span> <span class='ocrx_word' id='word_1_770' title='bbox 1150 5251 1196 5303; x_wconf 84' lang='lat' dir='ltr'><strong>si</strong></span> <span class='ocrx_word' id='word_1_771' title='bbox 1226 5265 1533 5302; x_wconf 84' lang='lat' dir='ltr'><strong>noveramus</strong></span> <span class='ocrx_word' id='word_1_772' title='bbox 1564 5249 1828 5302; x_wconf 83' lang='lat' dir='ltr'><strong>Christum</strong></span> 
     </span>
    </p>
   </div>
   <div class='ocr_carea' id='block_1_102' title="bbox 255 5337 1830 5408">
    <p class='ocr_par' dir='ltr' id='par_1_102' title="bbox 255 5337 1830 5408">
     <span class='ocr_line' id='line_1_102' title="bbox 255 5337 1830 5408; baseline 0.005 -22"><span class='ocrx_word' id='word_1_773' title='bbox 255 5337 537 5391; x_wconf 86' lang='lat' dir='ltr'><strong>secundum</strong></span> <span class='ocrx_word' id='word_1_774' title='bbox 563 5355 795 5401; x_wconf 85' lang='lat' dir='ltr'><strong>carnem,</strong></span> <span class='ocrx_word' id='word_1_775' title='bbox 823 5339 914 5393; x_wconf 89' lang='lat' dir='ltr'><strong>sed</strong></span> <span class='ocrx_word' id='word_1_776' title='bbox 959 5355 1095 5392; x_wconf 83' lang='lat' dir='ltr'><strong>nunc</strong></span> <span class='ocrx_word' id='word_1_777' title='bbox 1130 5339 1248 5408; x_wconf 89' lang='lat' dir='ltr'><strong>jam</strong></span> <span class='ocrx_word' id='word_1_778' title='bbox 1293 5355 1395 5393; x_wconf 88' lang='lat' dir='ltr'><strong>non</strong></span> <span class='ocrx_word' id='word_1_779' title='bbox 1432 5339 1688 5393; x_wconf 85' lang='lat' dir='ltr'><strong>novimus.</strong></span> <span class='ocrx_word' id='word_1_780' title='bbox 1720 5338 1830 5394; x_wconf 82' lang='lat' dir='ltr'><strong>Nec</strong></span> 
     </span>
    </p>
   </div>
   <div class='ocr_carea' id='block_1_103' title="bbox 257 5412 1828 5503">
    <p class='ocr_par' dir='ltr' id='par_1_103' title="bbox 257 5412 1828 5503">
     <span class='ocr_line' id='line_1_103' title="bbox 257 5412 1828 5503; baseline 0.007 -27"><span class='ocrx_word' id='word_1_781' title='bbox 257 5412 394 5481; x_wconf 84' lang='lat' dir='ltr'><strong>ullus</strong></span> <span class='ocrx_word' id='word_1_782' title='bbox 422 5431 644 5485; x_wconf 91' lang='lat' dir='ltr'><strong>omnino</strong></span> <span class='ocrx_word' id='word_1_783' title='bbox 696 5431 1000 5487; x_wconf 91' lang='lat' dir='ltr'><strong>intellectus</strong></span> <span class='ocrx_word' id='word_1_784' title='bbox 1037 5432 1344 5503; x_wconf 85' lang='lat' dir='ltr'><strong>margaritae</strong></span> <span class='ocrx_word' id='word_1_785' title='bbox 1388 5433 1604 5486; x_wconf 88' lang='lat' dir='ltr'><strong>nomine</strong></span> <span class='ocrx_word' id='word_1_786' title='bbox 1635 5432 1828 5501; x_wconf 88' lang='lat' dir='ltr'><strong>dignus</strong></span> 
     </span>
    </p>
   </div>
   <div class='ocr_carea' id='block_1_104' title="bbox 253 5518 1829 5590">
    <p class='ocr_par' dir='ltr' id='par_1_104' title="bbox 253 5518 1829 5590">
     <span class='ocr_line' id='line_1_104' title="bbox 253 5518 1829 5590; baseline 0.004 -23"><span class='ocrx_word' id='word_1_787' title='bbox 253 5526 369 5576; x_wconf 79' lang='lat' dir='ltr'><strong>est,</strong></span> <span class='ocrx_word' id='word_1_788' title='bbox 433 5518 535 5573; x_wconf 86' lang='lat' dir='ltr'><strong>nisi</strong></span> <span class='ocrx_word' id='word_1_789' title='bbox 592 5521 658 5575; x_wconf 89' lang='lat' dir='ltr'><strong>ad</strong></span> <span class='ocrx_word' id='word_1_790' title='bbox 705 5535 866 5590; x_wconf 90' lang='lat' dir='ltr'><strong>quem</strong></span> <span class='ocrx_word' id='word_1_791' title='bbox 913 5520 1170 5575; x_wconf 89' lang='lat' dir='ltr'><strong>discussis</strong></span> <span class='ocrx_word' id='word_1_792' title='bbox 1226 5521 1476 5575; x_wconf 85' lang='lat' dir='ltr'><strong>omnibus</strong></span> <span class='ocrx_word' id='word_1_793' title='bbox 1521 5521 1829 5575; x_wconf 85' lang='lat' dir='ltr'><strong>carnalibus</strong></span> 
     </span>
    </p>
   </div>
   <div class='ocr_carea' id='block_1_105' title="bbox 254 5603 1828 5679">
    <p class='ocr_par' dir='ltr' id='par_1_105' title="bbox 254 5603 1828 5679">
     <span class='ocr_line' id='line_1_105' title="bbox 254 5603 1828 5679; baseline 0.007 -26"><span class='ocrx_word' id='word_1_794' title='bbox 254 5603 576 5670; x_wconf 82' lang='lat' dir='ltr'><strong>tegminibus</strong></span> <span class='ocrx_word' id='word_1_795' title='bbox 618 5609 947 5677; x_wconf 87' lang='lat' dir='ltr'><strong>pervenitur.</strong></span> <span class='ocrx_word' id='word_1_796' title='bbox 997 5607 1202 5674; x_wconf 57' lang='lat' dir='ltr'><strong>Qui-bus</strong></span> <span class='ocrx_word' id='word_1_797' title='bbox 1245 5609 1358 5664; x_wconf 87' lang='lat' dir='ltr'><strong>sive</strong></span> <span class='ocrx_word' id='word_1_798' title='bbox 1392 5623 1489 5679; x_wconf 88' lang='lat' dir='ltr'><strong>per</strong></span> <span class='ocrx_word' id='word_1_799' title='bbox 1523 5611 1682 5664; x_wconf 89' lang='lat' dir='ltr'><strong>verba</strong></span> <span class='ocrx_word' id='word_1_800' title='bbox 1728 5611 1828 5664; x_wconf 80' lang='lat' dir='ltr'><strong>hn-</strong></span> 
     </span>
    </p>
   </div>
   <div class='ocr_carea' id='block_1_106' title="bbox 254 5696 1821 5768">
    <p class='ocr_par' dir='ltr' id='par_1_106' title="bbox 254 5696 1821 5768">
     <span class='ocr_line' id='line_1_106' title="bbox 254 5696 1821 5768; baseline 0.006 -26"><span class='ocrx_word' id='word_1_801' title='bbox 254 5702 434 5761; x_wconf 79' lang='lat' dir='ltr'><strong>niana,</strong></span> <span class='ocrx_word' id='word_1_802' title='bbox 459 5696 570 5752; x_wconf 83' lang='lat' dir='ltr'><strong>sive</strong></span> <span class='ocrx_word' id='word_1_803' title='bbox 593 5712 692 5768; x_wconf 89' lang='lat' dir='ltr'><strong>per</strong></span> <span class='ocrx_word' id='word_1_804' title='bbox 716 5697 1094 5755; x_wconf 89' lang='lat' dir='ltr'><strong>similitudines</strong></span> <span class='ocrx_word' id='word_1_805' title='bbox 1130 5697 1539 5768; x_wconf 81' lang='lat' dir='ltr'><strong>circumpositas</strong></span> <span class='ocrx_word' id='word_1_806' title='bbox 1561 5700 1821 5768; x_wconf 89' lang='lat' dir='ltr'><strong>operitur,</strong></span> 
     </span>
    </p>
   </div>
   <div class='ocr_carea' id='block_1_107' title="bbox 1935 4601 3518 4680">
    <p class='ocr_par' dir='ltr' id='par_1_107' title="bbox 1935 4601 3518 4680">
     <span class='ocr_line' id='line_1_107' title="bbox 1935 4601 3518 4680; baseline -0.001 -17"><span class='ocrx_word' id='word_1_807' title='bbox 1935 4601 2310 4666; x_wconf 89' lang='lat' dir='ltr'><strong>universaliter</strong></span> <span class='ocrx_word' id='word_1_808' title='bbox 2345 4611 2581 4680; x_wconf 89' lang='lat' dir='ltr'><strong>repletur</strong></span> <span class='ocrx_word' id='word_1_809' title='bbox 2604 4625 2726 4664; x_wconf 91' lang='lat' dir='ltr'><strong>cum</strong></span> <span class='ocrx_word' id='word_1_810' title='bbox 2754 4610 2806 4663; x_wconf 92' lang='lat' dir='ltr'><strong>in</strong></span> <span class='ocrx_word' id='word_1_811' title='bbox 2838 4609 2942 4663; x_wconf 88' lang='lat' dir='ltr'><strong>line</strong></span> <span class='ocrx_word' id='word_1_812' title='bbox 2967 4624 3066 4663; x_wconf 88' lang='lat' dir='ltr'><strong>suo</strong></span> <span class='ocrx_word' id='word_1_813' title='bbox 3096 4608 3312 4664; x_wconf 87' lang='lat' dir='ltr'><strong>humani</strong></span> <span class='ocrx_word' id='word_1_814' title='bbox 3350 4623 3518 4678; x_wconf 76' lang='lat' dir='ltr'><strong>gene-</strong></span> 
     </span>
    </p>
   </div>
   <div class='ocr_carea' id='block_1_108' title="bbox 1935 4695 3513 4763">
    <p class='ocr_par' dir='ltr' id='par_1_108' title="bbox 1935 4695 3513 4763">
     <span class='ocr_line' id='line_1_108' title="bbox 1935 4695 3513 4763; baseline -0.001 -11"><span class='ocrx_word' id='word_1_815' title='bbox 1935 4698 2012 4752; x_wconf 90' lang='lat' dir='ltr'><strong>ris</strong></span> <span class='ocrx_word' id='word_1_816' title='bbox 2045 4712 2252 4752; x_wconf 87' lang='lat' dir='ltr'><strong>summa</strong></span> <span class='ocrx_word' id='word_1_817' title='bbox 2278 4699 2634 4753; x_wconf 89' lang='lat' dir='ltr'><strong>concluditur.</strong></span> <span class='ocrx_word' id='word_1_818' title='bbox 2665 4696 2834 4763; x_wconf 84' lang='lat' dir='ltr'><strong>Quam</strong></span> <span class='ocrx_word' id='word_1_819' title='bbox 2861 4697 3115 4760; x_wconf 88' lang='lat' dir='ltr'><strong>educunt,</strong></span> <span class='ocrx_word' id='word_1_820' title='bbox 3149 4704 3206 4750; x_wconf 88' lang='lat' dir='ltr'><strong>et</strong></span> <span class='ocrx_word' id='word_1_821' title='bbox 3235 4711 3395 4751; x_wconf 86' lang='lat' dir='ltr'><strong>secus</strong></span> <span class='ocrx_word' id='word_1_822' title='bbox 3420 4695 3513 4750; x_wconf 87' lang='lat' dir='ltr'><strong>lit-</strong></span> 
     </span>
    </p>
   </div>
   <div class='ocr_carea' id='block_1_109' title="bbox 1934 4787 3515 4858">
    <p class='ocr_par' dir='ltr' id='par_1_109' title="bbox 1934 4787 3515 4858">
     <span class='ocr_line' id='line_1_109' title="bbox 1934 4787 3515 4858; baseline -0.002 -14"><span class='ocrx_word' id='word_1_823' title='bbox 1934 4798 2021 4844; x_wconf 86' lang='lat' dir='ltr'><strong>tus</strong></span> <span class='ocrx_word' id='word_1_824' title='bbox 2046 4789 2254 4851; x_wconf 90' lang='lat' dir='ltr'><strong>sedent,</strong></span> <span class='ocrx_word' id='word_1_825' title='bbox 2279 4789 2403 4858; x_wconf 85' lang='lat' dir='ltr'><strong>quia</strong></span> <span class='ocrx_word' id='word_1_826' title='bbox 2439 4789 2578 4843; x_wconf 89' lang='lat' dir='ltr'><strong>sicut</strong></span> <span class='ocrx_word' id='word_1_827' title='bbox 2608 4802 2759 4842; x_wconf 90' lang='lat' dir='ltr'><strong>mare</strong></span> <span class='ocrx_word' id='word_1_828' title='bbox 2800 4787 3075 4850; x_wconf 72' lang='lat' dir='ltr'><strong>saeculum,</strong></span> <span class='ocrx_word' id='word_1_829' title='bbox 3115 4788 3188 4842; x_wconf 87' lang='lat' dir='ltr'><strong>ita</strong></span> <span class='ocrx_word' id='word_1_830' title='bbox 3227 4787 3406 4844; x_wconf 65' lang='lat' dir='ltr'><strong>saaculi</strong></span> <span class='ocrx_word' id='word_1_831' title='bbox 3453 4789 3515 4841; x_wconf 84' lang='lat' dir='ltr'><strong>ll-</strong></span> 
     </span>
    </p>
   </div>
   <div class='ocr_carea' id='block_1_110' title="bbox 1935 4880 3520 4952">
    <p class='ocr_par' dir='ltr' id='par_1_110' title="bbox 1935 4880 3520 4952">
     <span class='ocr_line' id='line_1_110' title="bbox 1935 4880 3520 4952; baseline -0.001 -16"><span class='ocrx_word' id='word_1_832' title='bbox 1935 4897 2057 4936; x_wconf 89' lang='lat' dir='ltr'><strong>nem</strong></span> <span class='ocrx_word' id='word_1_833' title='bbox 2093 4881 2360 4952; x_wconf 80' lang='lat' dir='ltr'><strong>signiﬁcat</strong></span> <span class='ocrx_word' id='word_1_834' title='bbox 2393 4881 2538 4934; x_wconf 85' lang='lat' dir='ltr'><strong>littus</strong></span> <span class='ocrx_word' id='word_1_835' title='bbox 2569 4881 2766 4945; x_wconf 90' lang='lat' dir='ltr'><strong>maris;</strong></span> <span class='ocrx_word' id='word_1_836' title='bbox 2798 4881 2850 4934; x_wconf 93' lang='lat' dir='ltr'><strong>in</strong></span> <span class='ocrx_word' id='word_1_837' title='bbox 2883 4895 2991 4949; x_wconf 91' lang='lat' dir='ltr'><strong>quo</strong></span> <span class='ocrx_word' id='word_1_838' title='bbox 3019 4880 3226 4936; x_wconf 87' lang='lat' dir='ltr'><strong>scilicet</strong></span> <span class='ocrx_word' id='word_1_839' title='bbox 3255 4881 3362 4936; x_wconf 88' lang='lat' dir='ltr'><strong>fine</strong></span> <span class='ocrx_word' id='word_1_840' title='bbox 3383 4880 3520 4934; x_wconf 85' lang='lat' dir='ltr'><strong>boni.</strong></span> 
     </span>
    </p>
   </div>
   <div class='ocr_carea' id='block_1_111' title="bbox 1934 4970 3513 5042">
    <p class='ocr_par' dir='ltr' id='par_1_111' title="bbox 1934 4970 3513 5042">
     <span class='ocr_line' id='line_1_111' title="bbox 1934 4970 3513 5042; baseline -0.001 -16"><span class='ocrx_word' id='word_1_841' title='bbox 1934 4973 2110 5042; x_wconf 89' lang='lat' dir='ltr'><strong>pisces</strong></span> <span class='ocrx_word' id='word_1_842' title='bbox 2151 4971 2206 5025; x_wconf 92' lang='lat' dir='ltr'><strong>in</strong></span> <span class='ocrx_word' id='word_1_843' title='bbox 2246 4971 2389 5024; x_wconf 87' lang='lat' dir='ltr'><strong>vasis</strong></span> <span class='ocrx_word' id='word_1_844' title='bbox 2431 4970 2724 5038; x_wconf 80' lang='lat' dir='ltr'><strong>eliguntur,</strong></span> <span class='ocrx_word' id='word_1_845' title='bbox 2778 4971 2904 5025; x_wconf 90' lang='lat' dir='ltr'><strong>mali</strong></span> <span class='ocrx_word' id='word_1_846' title='bbox 2940 4973 3301 5042; x_wconf 74' lang='lat' dir='ltr'><strong>proiiciantur</strong></span> <span class='ocrx_word' id='word_1_847' title='bbox 3340 4972 3513 5038; x_wconf 50' lang='lat' dir='ltr'><strong>foras;</strong></span> 
     </span>
    </p>
   </div>
   <div class='ocr_carea' id='block_1_112' title="bbox 1934 5061 3515 5134">
    <p class='ocr_par' dir='ltr' id='par_1_112' title="bbox 1934 5061 3515 5134">
     <span class='ocr_line' id='line_1_112' title="bbox 1934 5061 3515 5134; baseline 0.001 -18"><span class='ocrx_word' id='word_1_848' title='bbox 1934 5065 2059 5134; x_wconf 89' lang='lat' dir='ltr'><strong>quia</strong></span> <span class='ocrx_word' id='word_1_849' title='bbox 2087 5072 2142 5117; x_wconf 90' lang='lat' dir='ltr'><strong>et</strong></span> <span class='ocrx_word' id='word_1_850' title='bbox 2168 5062 2372 5116; x_wconf 87' lang='lat' dir='ltr'><strong>electus</strong></span> <span class='ocrx_word' id='word_1_851' title='bbox 2404 5061 2632 5132; x_wconf 90' lang='lat' dir='ltr'><strong>quisque</strong></span> <span class='ocrx_word' id='word_1_852' title='bbox 2664 5061 2719 5117; x_wconf 89' lang='lat' dir='ltr'><strong>in</strong></span> <span class='ocrx_word' id='word_1_853' title='bbox 2762 5063 3107 5118; x_wconf 88' lang='lat' dir='ltr'><strong>tabernacula</strong></span> <span class='ocrx_word' id='word_1_854' title='bbox 3138 5063 3420 5130; x_wconf 80' lang='lat' dir='ltr'><strong>recipitur,</strong></span> <span class='ocrx_word' id='word_1_855' title='bbox 3455 5070 3515 5117; x_wconf 69' lang='lat' dir='ltr'><strong>et</strong></span> 
     </span>
    </p>
   </div>
   <div class='ocr_carea' id='block_1_113' title="bbox 1933 5151 3511 5222">
    <p class='ocr_par' dir='ltr' id='par_1_113' title="bbox 1933 5151 3511 5222">
     <span class='ocr_line' id='line_1_113' title="bbox 1933 5151 3511 5222; baseline 0.001 -15"><span class='ocrx_word' id='word_1_856' title='bbox 1933 5153 2120 5208; x_wconf 78' lang='lat' dir='ltr'><strong>a-terni</strong></span> <span class='ocrx_word' id='word_1_857' title='bbox 2147 5153 2262 5207; x_wconf 91' lang='lat' dir='ltr'><strong>luce</strong></span> <span class='ocrx_word' id='word_1_858' title='bbox 2293 5151 2438 5222; x_wconf 87' lang='lat' dir='ltr'><strong>regni</strong></span> <span class='ocrx_word' id='word_1_859' title='bbox 2477 5153 2706 5222; x_wconf 88' lang='lat' dir='ltr'><strong>perdita,</strong></span> <span class='ocrx_word' id='word_1_860' title='bbox 2727 5155 2798 5207; x_wconf 87' lang='lat' dir='ltr'><strong>ad</strong></span> <span class='ocrx_word' id='word_1_861' title='bbox 2823 5155 3127 5208; x_wconf 78' lang='lat' dir='ltr'><strong>exteriores</strong></span> <span class='ocrx_word' id='word_1_862' title='bbox 3155 5152 3404 5208; x_wconf 75' lang='lat' dir='ltr'><strong>tenebras</strong></span> <span class='ocrx_word' id='word_1_863' title='bbox 3424 5166 3511 5209; x_wconf 81' lang='lat' dir='ltr'><strong>re-</strong></span> 
     </span>
    </p>
   </div>
   <div class='ocr_carea' id='block_1_114' title="bbox 1933 5243 3510 5313">
    <p class='ocr_par' dir='ltr' id='par_1_114' title="bbox 1933 5243 3510 5313">
     <span class='ocr_line' id='line_1_114' title="bbox 1933 5243 3510 5313; baseline 0.001 -16"><span class='ocrx_word' id='word_1_864' title='bbox 1933 5244 2084 5313; x_wconf 90' lang='lat' dir='ltr'><strong>probi</strong></span> <span class='ocrx_word' id='word_1_865' title='bbox 2130 5243 2438 5296; x_wconf 89' lang='lat' dir='ltr'><strong>trahuntur.</strong></span> <span class='ocrx_word' id='word_1_866' title='bbox 2475 5243 2628 5298; x_wconf 82' lang='lat' dir='ltr'><strong>Nunc</strong></span> <span class='ocrx_word' id='word_1_867' title='bbox 2656 5245 2800 5299; x_wconf 90' lang='lat' dir='ltr'><strong>enim</strong></span> <span class='ocrx_word' id='word_1_868' title='bbox 2842 5246 3014 5299; x_wconf 86' lang='lat' dir='ltr'><strong>bonos</strong></span> <span class='ocrx_word' id='word_1_869' title='bbox 3054 5244 3331 5313; x_wconf 82' lang='lat' dir='ltr'><strong>malosque</strong></span> <span class='ocrx_word' id='word_1_870' title='bbox 3360 5259 3510 5299; x_wconf 62' lang='lat' dir='ltr'><strong>como</strong></span> 
     </span>
    </p>
   </div>
   <div class='ocr_carea' id='block_1_115' title="bbox 1934 5333 3510 5404">
    <p class='ocr_par' dir='ltr' id='par_1_115' title="bbox 1934 5333 3510 5404">
     <span class='ocr_line' id='line_1_115' title="bbox 1934 5333 3510 5404; baseline 0.004 -18"><span class='ocrx_word' id='word_1_871' title='bbox 1934 5335 2187 5397; x_wconf 89' lang='lat' dir='ltr'><strong>muniter,</strong></span> <span class='ocrx_word' id='word_1_872' title='bbox 2241 5333 2395 5400; x_wconf 86' lang='lat' dir='ltr'><strong>quasi</strong></span> <span class='ocrx_word' id='word_1_873' title='bbox 2451 5335 2739 5402; x_wconf 82' lang='lat' dir='ltr'><strong>permistos</strong></span> <span class='ocrx_word' id='word_1_874' title='bbox 2781 5336 2958 5404; x_wconf 88' lang='lat' dir='ltr'><strong>pisces</strong></span> <span class='ocrx_word' id='word_1_875' title='bbox 3009 5335 3129 5389; x_wconf 87' lang='lat' dir='ltr'><strong>fidei</strong></span> <span class='ocrx_word' id='word_1_876' title='bbox 3174 5349 3369 5404; x_wconf 82' lang='lat' dir='ltr'><strong>sagena</strong></span> <span class='ocrx_word' id='word_1_877' title='bbox 3408 5347 3510 5392; x_wconf 78' lang='lat' dir='ltr'><strong>nos</strong></span> 
     </span>
    </p>
   </div>
   <div class='ocr_carea' id='block_1_116' title="bbox 1933 5426 3507 5498">
    <p class='ocr_par' dir='ltr' id='par_1_116' title="bbox 1933 5426 3507 5498">
     <span class='ocr_line' id='line_1_116' title="bbox 1933 5426 3507 5498; baseline 0.003 -18"><span class='ocrx_word' id='word_1_878' title='bbox 1933 5427 2192 5486; x_wconf 86' lang='lat' dir='ltr'><strong>continet,</strong></span> <span class='ocrx_word' id='word_1_879' title='bbox 2222 5426 2316 5479; x_wconf 89' lang='lat' dir='ltr'><strong>sed</strong></span> <span class='ocrx_word' id='word_1_880' title='bbox 2340 5426 2490 5482; x_wconf 91' lang='lat' dir='ltr'><strong>littus</strong></span> <span class='ocrx_word' id='word_1_881' title='bbox 2518 5428 2720 5482; x_wconf 89' lang='lat' dir='ltr'><strong>indicat</strong></span> <span class='ocrx_word' id='word_1_882' title='bbox 2749 5443 2970 5498; x_wconf 85' lang='lat' dir='ltr'><strong>sagena,</strong></span> <span class='ocrx_word' id='word_1_883' title='bbox 2993 5428 3046 5482; x_wconf 86' lang='lat' dir='ltr'><strong>id</strong></span> <span class='ocrx_word' id='word_1_884' title='bbox 3071 5437 3158 5483; x_wconf 85' lang='lat' dir='ltr'><strong>est</strong></span> <span class='ocrx_word' id='word_1_885' title='bbox 3179 5437 3366 5485; x_wconf 75' lang='lat' dir='ltr'><strong>sancta</strong></span> <span class='ocrx_word' id='word_1_886' title='bbox 3397 5429 3507 5485; x_wconf 78' lang='lat' dir='ltr'><strong>Ec-</strong></span> 
     </span>
    </p>
   </div>
   <div class='ocr_carea' id='block_1_117' title="bbox 1930 5517 3507 5594">
    <p class='ocr_par' dir='ltr' id='par_1_117' title="bbox 1930 5517 3507 5594">
     <span class='ocr_line' id='line_1_117' title="bbox 1930 5517 3507 5594; baseline 0.003 -24"><span class='ocrx_word' id='word_1_887' title='bbox 1930 5517 2114 5579; x_wconf 87' lang='lat' dir='ltr'><strong>clesia,</strong></span> <span class='ocrx_word' id='word_1_888' title='bbox 2158 5517 2284 5585; x_wconf 86' lang='lat' dir='ltr'><strong>quid</strong></span> <span class='ocrx_word' id='word_1_889' title='bbox 2335 5520 2598 5573; x_wconf 88' lang='lat' dir='ltr'><strong>trahebat.</strong></span> <span class='ocrx_word' id='word_1_890' title='bbox 2642 5519 2708 5572; x_wconf 87' lang='lat' dir='ltr'><strong>Et</strong></span> <span class='ocrx_word' id='word_1_891' title='bbox 2748 5519 2970 5587; x_wconf 84' lang='lat' dir='ltr'><strong>quidem</strong></span> <span class='ocrx_word' id='word_1_892' title='bbox 3015 5518 3200 5587; x_wconf 83' lang='lat' dir='ltr'><strong>pisces</strong></span> <span class='ocrx_word' id='word_1_893' title='bbox 3230 5519 3322 5588; x_wconf 81' lang='lat' dir='ltr'><strong>qui</strong></span> <span class='ocrx_word' id='word_1_894' title='bbox 3359 5517 3507 5594; x_wconf 82' lang='lat' dir='ltr'><strong>capti</strong></span> 
     </span>
    </p>
   </div>
   <div class='ocr_carea' id='block_1_118' title="bbox 1931 5605 3504 5680">
    <p class='ocr_par' dir='ltr' id='par_1_118' title="bbox 1931 5605 3504 5680">
     <span class='ocr_line' id='line_1_118' title="bbox 1931 5605 3504 5680; baseline 0.006 -21"><span class='ocrx_word' id='word_1_895' title='bbox 1931 5605 2148 5660; x_wconf 89' lang='lat' dir='ltr'><strong>fuerunt</strong></span> <span class='ocrx_word' id='word_1_896' title='bbox 2173 5607 2366 5661; x_wconf 87' lang='lat' dir='ltr'><strong>mutari</strong></span> <span class='ocrx_word' id='word_1_897' title='bbox 2398 5624 2503 5662; x_wconf 91' lang='lat' dir='ltr'><strong>non</strong></span> <span class='ocrx_word' id='word_1_898' title='bbox 2526 5616 2747 5678; x_wconf 89' lang='lat' dir='ltr'><strong>possunt</strong></span> <span class='ocrx_word' id='word_1_899' title='bbox 2774 5624 2788 5672; x_wconf 91' lang='lat'><strong>;</strong></span> <span class='ocrx_word' id='word_1_900' title='bbox 2816 5622 2920 5661; x_wconf 84' lang='lat' dir='ltr'><strong>nos</strong></span> <span class='ocrx_word' id='word_1_901' title='bbox 2933 5622 3062 5663; x_wconf 86' lang='lat' dir='ltr'><strong>vero</strong></span> <span class='ocrx_word' id='word_1_902' title='bbox 3092 5609 3504 5680; x_wconf 80' lang='lat' dir='ltr'><strong>mali-capimur.</strong></span> 
     </span>
    </p>
   </div>
   <div class='ocr_carea' id='block_1_119' title="bbox 1931 5695 3503 5772">
    <p class='ocr_par' dir='ltr' id='par_1_119' title="bbox 1931 5695 3503 5772">
     <span class='ocr_line' id='line_1_119' title="bbox 1931 5695 3503 5772; baseline 0.003 -18"><span class='ocrx_word' id='word_1_903' title='bbox 1931 5695 2024 5754; x_wconf 86' lang='lat' dir='ltr'><strong>sed</strong></span> <span class='ocrx_word' id='word_1_904' title='bbox 2059 5699 2111 5753; x_wconf 93' lang='lat' dir='ltr'><strong>in</strong></span> <span class='ocrx_word' id='word_1_905' title='bbox 2152 5699 2444 5755; x_wconf 86' lang='lat' dir='ltr'><strong>bonitatem</strong></span> <span class='ocrx_word' id='word_1_906' title='bbox 2489 5705 2879 5770; x_wconf 88' lang='lat' dir='ltr'><strong>permutamur.</strong></span> <span class='ocrx_word' id='word_1_907' title='bbox 2911 5699 3224 5771; x_wconf 79' lang='lat' dir='ltr'><strong>Cogitemus</strong></span> <span class='ocrx_word' id='word_1_908' title='bbox 3255 5703 3416 5772; x_wconf 84' lang='lat' dir='ltr'><strong>igitur</strong></span> <span class='ocrx_word' id='word_1_909' title='bbox 3446 5703 3503 5758; x_wconf 76' lang='lat' dir='ltr'><strong>in</strong></span> 
     </span>
    </p>
   </div>
  </div>
