4006 6194
389 305 544 396 ,οδε

1083 300 1150 362 Β.
1187 299 1443 360 RABANI
1477 298 1696 360 MAURI
1729 299 2050 359 ARCliIEP.
2092 300 2400 358 MOGUNT.
2440 297 2728 360 OPERUM
2783 301 2966 358 PARS
3002 301 3045 358 Ι.

3586 303 3699 364 956

435 433 708 504 captione,
731 444 800 484 ne
824 425 1126 485 dividemur
1151 424 1208 480 in
1227 422 1431 479 littore.
1460 421 1728 496 (Hieron.)
1760 423 1893 478 Item
1918 418 2013 476 ali-
2042 419 2091 480 A
2119 417 2366 472 thesauro
2395 433 2490 472 suo
2521 433 2654 472 nova
2683 425 2732 471 et
2753 426 2943 472 vetera.
2976 412 3159 490 (Αιιρ.)
3189 410 3306 471 Non
3335 414 3476 472 dixit
3512 431 3701 478 vetera

435 533 543 591 ter,
596 519 781 578 Simile
827 527 903 574 est
951 532 1166 587 regnum
1209 514 1457 570 caelorum
1494 531 1700 585 sagena:
1747 519 1922 570 missa!
1954 521 2009 570 in

433 631 602 682 inure,
630 623 735 671 etc.
765 612 988 683 Impleto
1015 608 1263 666 Ieremia:
1297 609 1556 665 vaticinio
1591 609 1841 673 dicentis,
1876 607 2012 663 Ecce

433 724 528 779 ego
551 708 698 760 mitto
727 703 798 758 ad
837 720 929 758 vos
972 704 1256 774 piscatores
1301 700 1488 755 multos
1517 700 1650 772 (Jer.
1688 699 1820 772 xvr),
1865 707 2014 769 post-

434 816 599 873 quam
639 799 926 855 audierunt
965 799 1197 862 Petrus,
1243 804 1298 852 et
1346 796 1624 859 Andreas,
1675 792 1908 849 Jacobus
1959 801 2014 849 et

432 892 669 952 Joannes
698 891 792 946 ﬁlii
832 891 1098 956 Zebedtei,
1130 889 1424 962 Sequimini
1461 907 1562 954 me,
1604 899 1650 944 et
1691 889 1886 959 faciam
1924 906 2012 944 vos

433 986 717 1057 piscatores
763 982 881 1052 ﬁeri
925 981 1193 1036 hominum
1229 979 1445 1053 (Matth.
1497 983 1598 1051 tv),
1653 989 2013 1036 contexerunt

435 1076 539 1133 sibi
567 1092 633 1133 ex
661 1076 846 1132 Veteri
867 1085 922 1131 et
949 1076 1097 1132 Novo
1122 1077 1470 1132 Testamento
1499 1092 1755 1148 sagenam
1783 1090 2012 1146 evange-

435 1160 662 1222 licorum
693 1166 1026 1238 dogmatum,
1051 1176 1106 1222 et
1136 1167 1400 1222 miserunt
1421 1183 1542 1222 eam
1587 1167 1640 1221 in
1675 1182 1824 1221 mare
1852 1166 2011 1234 hujus
2049 1222 2052 1224 _

434 1256 639 1319 saeculi,
670 1271 791 1325 quae
822 1271 993 1326 usque
1036 1257 1197 1312 hodie
1242 1257 1297 1312 in
1329 1258 1519 1312 mediis
1550 1256 1803 1312 ﬂuctibus
1837 1257 2011 1311 tendi-

436 1348 546 1410 tur,
576 1346 794 1414 capiens
825 1347 890 1399 de
928 1344 1080 1400 falsis
1118 1355 1172 1402 et
1200 1348 1402 1404 amaris
1427 1348 1724 1419 gurgitibus
1751 1345 2009 1418 quidquid

433 1431 705 1501 inciderit,
739 1437 789 1490 id
819 1445 920 1500 est,
945 1446 999 1491 et
1024 1439 1194 1493 bonos
1229 1438 1474 1494 homines
1499 1447 1555 1495 et
1575 1438 1763 1503 malos,
1794 1447 1848 1493 et
1871 1439 2010 1508 Opti-

430 1541 549 1582 mos
590 1527 768 1596 pisces
804 1536 859 1581 et
895 1527 1177 1596 pessimos.
1210 1527 1391 1598 (MAUR
1419 1528 1436 1597 )
1465 1529 1611 1595 Quos
1637 1529 1704 1583 ad
1748 1528 1902 1583 littus
1930 1536 2010 1582 at-

433 1616 619 1681 trahit,
654 1616 708 1671 id
737 1624 842 1676 est.
873 1617 939 1669 ad
977 1616 1136 1670 linem
1181 1619 1385 1683 mundi,
1416 1627 1476 1673 ut
1501 1627 1629 1674 tunc
1653 1618 1766 1687 jam
1810 1632 2008 1688 seque-

429 1704 625 1760 stratio
665 1705 929 1759 bonorum
970 1713 1026 1758 et
1052 1704 1316 1759 malorum
1346 1707 1574 1776 piscium
1612 1709 1705 1764 sit.
1754 1707 1910 1764 Unde
1953 1715 2008 1763 et

421 1794 721 1850 subdhur:

499 1883 588 1938 Sic
613 1887 748 1939 enim
770 1887 870 1940 erit
892 1887 947 1939 in
970 1886 1409 1942 consummatione
1434 1887 1634 1943 seaculi.
1662 1886 1890 1943 Exibunt
1911 1907 2010 1944 an-

424 1971 548 2042 geli,
582 1983 630 2026 et
658 1976 971 2043 separabunt
1006 1975 1172 2031 malos
1213 1977 1277 2031 de
1306 1978 1476 2032 medio
1493 1978 1785 2047 justorum,
1809 1988 1856 2034 et
1887 1981 2006 2033 mit-

423 2069 532 2114 tent
575 2078 661 2115 eos
702 2063 756 2115 in
783 2063 1044 2117 caminum
1083 2065 1356 2134 ignis:ibi
1395 2066 1491 2120 erit
1527 2068 1682 2136 [lctus
1729 2075 1778 2121 et
1807 2068 2006 2122 stridor

425 2147 678 2205 dentium.
737 2140 939 2223 (Creg.)
1000 2148 1114 2209 iloe
1164 2170 1294 2226 ergo
1337 2155 1633 2211 timendum
1686 2150 2004 2236 est'potius

421 2255 584 2311 quam
610 2247 1004 2314 exponendum.
1028 2244 1229 2318 Aperta
1255 2245 1398 2304 enim
1427 2265 1559 2304 voce
1587 2258 1856 2305 tormenta
1877 2266 2000 2320 pec—

420 2335 662 2390 cantium
687 2336 829 2392 dicta
853 2347 1002 2403 sunt,
1033 2355 1099 2394 ne
1117 2340 1239 2410 quis
1269 2341 1338 2394 ad
1361 2339 1675 2412 ignorantiae
1701 2356 1812 2396 sua:
1831 2356 1999 2398 excu-

422 2422 686 2478 sationem
713 2427 1032 2491 recurrerit,
1063 2428 1107 2482 si
1131 2428 1262 2498 quid
1291 2429 1355 2483 de
1381 2437 1583 2485 aeterno
1614 2430 1876 2501 supplicio
1903 2433 2000 2487 ob-

421 2526 582 2566 scure
611 2513 898 2569 diceretur.
930 2515 1198 2588 (llieron.)
1225 2516 1360 2573 Cum
1379 2533 1507 2572 vero
1527 2519 1736 2573 venerit
1754 2534 2000 2576 consum-

416 2601 607 2669 matio,
637 2612 693 2659 et
719 2605 844 2661 ﬁnis
866 2607 1070 2672 mundi,
1110 2615 1171 2662 ut
1204 2608 1320 2678 ipse
1350 2608 1488 2664 inl'ra
1525 2609 1862 2667 manifestius
1884 2611 1996 2668 dis-

416 2693 570 2758 serit,
602 2702 727 2751 tunc
772 2712 972 2770 sagena
1003 2698 1320 2754 extrahetur
1344 2702 1410 2755 ad
1437 2700 1615 2765 littus;
1652 2709 1780 2756 tunc
1810 2718 1996 2758 verum

415 2786 870 2842 secernendorum
921 2788 1152 2859 piscium
1191 2788 1452 2860 judicium
1511 2792 1993 2858 demonstrabitur,

297 2917 312 2928 ,.
414 2882 471 2928 et
495 2877 647 2943 quasi
678 2877 730 2931 in
776 2879 1006 2947 quodam
1031 2880 1370 2949 quietissime
1404 2890 1561 2952 portu
1610 2883 1738 2937 boni
1769 2881 1996 2938 mitten-

413 2971 505 3016 tur
537 2964 587 3018 in
615 2981 741 3021 vasa
787 2969 1085 3024 cmlestium
1138 2971 1500 3035 mansionum,
1531 2971 1703 3028 malos
1732 2987 1860 3028 vero
1891 2981 1995 3029 tor-

412 3055 612 3109 rendos
655 3063 712 3110 et
759 3059 1114 3116 exsiccandos
1153 3062 1416 3132 gehennae
1455 3059 1672 3117 ﬂamma
1710 3062 1988 3133 suscipiet.

2112 514 2168 561 et
2196 521 2356 572 nova,
2382 507 2526 576 quod
2556 506 2744 575 utique
2768 505 2996 560 dixisset
3024 505 3130 560 nisi
3153 505 3435 561 maluisset
3470 505 3704 562 merito-

2114 613 2233 651 rum
2258 598 2501 652 ordinem
2522 611 2740 653 servare
2769 613 2932 667 quam
2961 607 3280 668 temporum.
3312 596 3524 653 Novum
3547 601 3703 655 enim

2115 687 2517 742 Testamentum
2559 687 2826 757 posterius
2873 695 2958 742 est
3004 694 3266 757 tempore,
3311 688 3405 743 sed
3435 688 3591 759 prius
3616 690 3720 744 αἱ·-

2114 779 2338 849 gnitate.
2373 779 2642 851 (Hieron.)
2679 779 2933 835 lnstructi
2979 781 3199 850 quidem
3250 791 3409 837 erant
3441 784 3700 853 apostoli,

2113 871 2305 926 scriba:
2345 880 2400 925 et
2432 872 2628 926 notarii
2655 870 2978 939 Salvatoris,
3011 873 3102 944 qui
3125 875 3288 930 verba
3317 874 3464 931 illius
3489 885 3545 932 et
3563 892 3707 947 prte-

2112 970 2264 1032 cepta
2295 961 2581 1033 signabant
2615 963 2667 1016 in
2697 963 2893 1018 tabulis
2919 965 3098 1020 cordis
3138 965 3469 1031 carnalibus,
3503 984 3706 1038 regno-

2114 1069 2233 1107 rum
2255 1053 2557 1108 coelestium
2585 1055 2958 1122 sacramentis,
2991 1064 3046 1111 et
3078 1057 3410 1126 pullulabant
3449 1069 3503 1115 et
3532 1061 3707 1130 polle-

2111 1141 2241 1195 bant
2286 1143 2476 1212 opibus
2517 1143 2940 1212 patrisfamilias,
2989 1146 3267 1216 ejicientes
3321 1149 3386 1203 de
3434 1149 3704 1204 thesauro

2111 1247 2331 1288 suarum
2360 1234 2729 1289 doctrinarum
2759 1252 2896 1290 nova
2931 1249 2985 1291 et
3013 1246 3231 1303 vetera;
3265 1247 3325 1292 ut
3351 1239 3610 1310 quidquid
3641 1241 3703 1294 in

2110 1323 2398 1395 Evangelio
2437 1328 2824 1396 praedicabant,
2858 1328 2990 1400 legis
3029 1338 3084 1385 et
3128 1332 3515 1401 prophetarum
3543 1333 3704 1388 voci-

2110 1416 2211 1473 bus
2240 1420 2674 1489 comprobarent.
2709 1421 2861 1476 Unde
2901 1431 2957 1477 et
2984 1438 3181 1492 sponsa
3231 1425 3362 1479 dicit
3390 1425 3443 1478 in
3467 1423 3703 1480 Cantica

2109 1510 2443 1565 canticorum
2471 1531 2484 1564 :
2515 1510 2666 1566 Nova
2701 1528 2820 1565 cum
2849 1513 3125 1579 veteribus,
3164 1513 3433 1583 fratruelis
3461 1517 3560 1581 mi,
3585 1533 3704 1570 ser-

2110 1599 2224 1654 vavi
2265 1597 2361 1652 tibi
2382 1599 2559 1672 (Cant.
2593 1601 2713 1671 vn).
2760 1600 2910 1668 Quod
2961 1613 3141 1658 tamen
3181 1605 3402 1677 intelligi
3438 1615 3492 1662 et
3533 1605 3703 1660 aliter

2108 1697 2304 1759 potest.
2352 1689 2553 1764 (Greg.)
2584 1691 2868 1748 Vetustum
2913 1694 3078 1766 igitur
3105 1697 3329 1752 humani
3378 1699 3596 1768 generis
3623 1700 3701 1754 ad

2035 1806 2081 1865 Β
2110 1780 2304 1837 inferni
2336 1783 2570 1838 claustra
2612 1785 2956 1848 descendere,
2991 1802 3089 1857 pro
3117 1789 3357 1858 peccatis
3399 1791 3512 1845 suis
3561 1805 3699 1860 sup-

2109 1871 2266 1939 plicia
2304 1881 2505 1928 aeterna
2533 1874 2798 1943 tolerare;
2828 1877 2912 1932 cui
2939 1891 3036 1946 per
3056 1879 3364 1934 mediatoris
3393 1881 3694 1936 adventum

2107 1979 2304 2018 novum
2333 1964 2533 2034 aliquid
2561 1968 2808 2032 accessit,
2849 1977 2908 2023 ut
2946 1969 2990 2024 si
3028 1969 3116 2024 hic
3150 1981 3297 2026 recte
3331 1972 3584 2027 studeant
3603 1973 3698 2027 vi-

2107 2066 2254 2117 vere,
2288 2053 2545 2108 caelorum
2576 2070 2739 2125 regna
2761 2055 2977 2110 valeant
3007 2066 3319 2127 penetrare;
3347 2068 3401 2115 et
3431 2061 3594 2115 homo
3627 2060 3692 2115 in

2105 2146 2251 2194 terra
2276 2140 2475 2205 editus,
2508 2141 2551 2196 si
2579 2158 2608 2196 a
2634 2143 2968 2213 corruptibili
3000 2146 3110 2200 vita
3139 2148 3418 2213 moriatur,
3461 2149 3513 2202 in
3541 2149 3696 2204 coelo

2103 2240 2248 2286 esset
2285 2231 2668 2300 collocandus;
2700 2242 2755 2290 et
2773 2238 2930 2290 vetus
2967 2236 3149 2306 itaque
3173 2246 3276 2303 est,
3309 2247 3366 2292 ut
3395 2255 3492 2310 pro
3519 2241 3700 2310 culpa

2103 2335 2270 2390 genus
2290 2321 2585 2375 humanum
2613 2322 2867 2390 intereat,
2903 2334 2959 2380 et
2985 2342 3183 2381 novum
3208 2336 3269 2382 ut
3297 2343 3598 2384 conversus
3628 2330 3697 2386 in

2101 2424 2267 2480 regno
2291 2411 2451 2465 vivat.
2475 2409 2625 2478 Quod
2647 2427 2775 2484 ergo
2807 2414 2860 2468 in
2886 2415 3230 2471 conclusione
3257 2417 3543 2474 locutionis
3568 2435 3700 2475 sua

2100 2499 2360 2555 Dominus
2397 2501 2652 2566 subdidit,
2697 2503 2801 2558 hoc
2839 2513 2923 2559 est
2968 2505 3152 2574 utique
3208 2505 3349 2576 quod
3395 2509 3693 2578 pnemisit.

2099 2588 2258 2644 Prius
2289 2590 2432 2645 enim
2459 2591 2525 2646 de
2570 2593 2720 2663 regni
2760 2594 3110 2650 similitudine
3147 2596 3456 2651 thesaurum
3485 2599 3698 2652 inven-

2102 2687 2213 2733 tum
2269 2695 2333 2734 ac
2385 2681 2584 2736 bonam
2628 2685 2975 2753 margaritam
3023 2686 3281 2756 protulit;
3335 2689 3693 2758 postmodum

2098 2786 2228 2827 vero
2255 2771 2449 2828 inferni
2476 2788 2666 2844 pmnas
2693 2775 2758 2831 de
2803 2776 3065 2831 malorum
3096 2778 3467 2833 combustione
3493 2796 3697 2834 narra-

2095 2861 2192 2928 vit,
2241 2870 2402 2934 atque
2456 2865 2511 2919 in
2578 2866 2924 2924 conclusione
2971 2867 3246 2940 subiungit
3275 2885 3289 2923 :
3322 2869 3449 2924 Ideo
3508 2872 3698 2925 omnis

2095 2953 2266 3007 scriba
2304 2953 2486 3009 doctus
2515 2956 2571 3010 in
2604 2973 2762 3028 regno
2790 2957 3035 3012 caelorum
3058 2959 3245 3014 similis
3273 2971 3348 3014 est
3377 2960 3695 3030 patrifami-

2093 3042 2194 3099 lias
2226 3045 2511 3116 proferenti
2553 3046 2617 3102 de
2645 3048 2890 3103 thesauro
2920 3066 3014 3103 suo
3047 3068 3176 3105 nova
3206 3063 3253 3105 et
3285 3062 3472 3106 vetera.
3521 3054 3602 3108 Ac
3635 3055 3694 3109 si

411 3140 568 3207 Quod
593 3159 723 3200 νει-ο
763 3144 1013 3204 salvam,
1046 3151 1321 3220 proposita
1348 3151 1603 3221 μηρυοι³
1647 3152 1829 3210 suum
1861 3151 1993 3208 sub-
2019 3174 2064 3237 Ο
2097 3144 2283 3237 aperte
2312 3135 2618 3237 diceretur:
2643 3137 2732 3192 Ille
2763 3139 3030 3196 in'sancta
3063 3142 3304 3197 Ecclesia
3326 3145 3514 3198 doctus
3543 3159 3700 3213 prae-

405 3229 662 3303 jungens,
689 3234 766 3290 ait
792 3247 810 3290 :

484 3321 822 3381 Intellexistis
869 3328 981 3382 haec
1025 3327 1243 3384 omnia?
1292 3327 1486 3386 Dicunt
1531 3331 1580 3386 ei
1613 3330 1854 3385 :Etiam.
1915 3331 1999 3387 Ad

2098 3227 2307 3282 dicator
2333 3236 2436 3295 est,
2481 3228 2572 3298 qui
2611 3241 2665 3285 et
2694 3247 2827 3284 nova
2859 3232 2962 3287 scit
3005 3232 3247 3302 proferre
3299 3233 3363 3288 de
3409 3233 3697 3289 suavitate

2097 3317 2268 3388 regni,
2307 3326 2362 3372 et
2405 3327 2576 3373 vetera
2626 3319 2808 3376 dicere
2847 3322 2914 3377 de
2943 3320 3150 3378 terrore
3189 3322 3456 3393 supplicii,
3488 3333 3555 3376 ut
3592 3324 3694 3378 vel

349 3449 352 3454 .
409 3412 698 3480 Apostolos
725 3417 942 3486 pmprie
984 3433 1164 3474 sermo
1211 3428 1314 3484 est,
1357 3429 1413 3474 et
1437 3419 1540 3474 illis
1570 3421 1800 3476 dicitur:
1829 3419 1996 3474 Intel-

2098 3419 2268 3476 pmnm
2295 3415 2538 3462 terreant
2579 3424 2715 3479 quos
2745 3412 2969 3480 praemia
3013 3427 3120 3467 non
3171 3412 3417 3466 invitant.
3441 3411 3691 3485 (Μλυκ.)

409 3498 611 3555 (existis
631 3501 744 3557 hwc
774 3506 989 3560 omnia?
1014 3506 1160 3573 Quos
1189 3523 1292 3563 non
1315 3508 1431 3562 vult
1459 3509 1648 3564 audire
1673 3517 1904 3575 tantum,
1934 3517 1996 3564 ut

2098 3497 2232 3554 Ecce
2260 3497 2404 3556 hunc
2431 3501 2783 3571 expositionis
2812 3503 3134 3572 evangelica:
3159 3503 3295 3558 liber
3325 3512 3552 3573 quartus
3577 3504 3695 3557 ba-

410 3590 690 3660 populum,
740 3596 836 3650 sed
884 3596 1184 3668 intelligere
1227 3607 1288 3655 ut
1336 3600 1622 3672 magistros
1672 3599 1902 3665 futuros,
1936 3608 1993 3655 et
2091 3585 2216 3640 beat
2247 3588 2555 3655 terminum,
2589 3589 3080 3660 “biparabOIamm
3109 3593 3320 3648 Domini
3349 3593 3586 3663 ιποιδιῑο
3613 3593 3681 3647 in

409 3676 835 3750 intelligcnlibus
870 3686 1160 3754 parabolas
1196 3689 1418 3759 dignum
1468 3688 1834 3744 [estimonium
1869 3687 1992 3744 red—
2088 3679 2338 3736 districto
2365 3681 2460 3737 Dei
2490 3682 2650 3739 ﬁnem
2676 3686 2912 3740 ostendit
2950 3687 3148 3742 habere
3175 3687 3444 3752 saaculum,
3477 3699 3540 3742 ut
3579 3689 3693 3742 de-

2088 3768 2216 3825 hinc
2237 3785 2298 3825 ea
2321 3788 2440 3842 qum
2466 3782 2762 3844 sequuntur
2783 3791 3006 3846 operum
3030 3787 3083 3832 et
3113 3793 3424 3834 sermonum
3449 3779 3689 3834 Domini

2091 3860 2197 3916 alio
2226 3862 2508 3919 initientur
2541 3866 2784 3922 exordio.

409 3763 508 3820 dit.
541 3766 694 3824 Unde
718 3779 774 3826 et
802 3773 1088 3830 subditur:

480 3857 550 3913 Et
563 3862 637 3914 ait
659 3861 766 3917 illis
787 3878 806 3916 :
834 3864 964 3920 Ideo
986 3868 1153 3922 omnis
1175 3868 1346 3923 scriba
1376 3868 1558 3922 doctus
1580 3867 1635 3921 in
1660 3882 1816 3938 regno
1842 3866 1996 3922 caelo-

405 3963 524 4004 rum
571 3952 759 4010 similis
791 3965 866 4010 est
893 3958 1093 4012 homini
1134 3958 1532 4030 patrifamilias,
1580 3958 1668 4028 qui
1704 3957 1900 4027 profert
1927 3955 1992 4011 de

403 4095 3032 4122 Μ

1608 4191 1907 4270 LIBER
1967 4187 2460 4282 QUINTUS;

801 4427 1148 4494 SEQUITUR
1187 4426 1414 4484 CAPUT
1451 4427 1586 4483 Xlll.

478 4514 615 4588 [VL]
657 4517 724 4570 Et
752 4520 949 4586 factum
975 4527 1050 4572 est
1078 4535 1195 4572 cum
1225 4529 1629 4573 consummasset
1647 4517 1803 4574 Iesus
1826 4535 1983 4584 para-

400 4604 552 4660 bolas.
570 4606 722 4669 istas,
752 4608 961 4660 transiit
1007 4607 1150 4670 inde,
1191 4617 1240 4661 et
1270 4609 1478 4662 ueniens
1501 4609 1557 4661 in
1577 4609 1803 4677 patriam
1829 4624 1980 4662 suam

400 4694 616 4749 docebat
647 4710 734 4748 eos
762 4695 818 4746 in
845 4695 1122 4764 sgnugogis
1144 4711 1345 4760 eorum,
1370 4698 1444 4750 ita
1472 4705 1529 4750 ut
1563 4697 1883 4751 mirarentur
1931 4704 1982 4751 et

401 4788 633 4842 dicerent
661 4800 680 4837 :
714 4784 862 4841 Unde
885 4787 1005 4841 huic
1042 4788 1299 4856 sapientia
1327 4788 1437 4842 haec
1463 4798 1512 4842 et
1541 4789 1752 4842 virtutes
1774 4789 1798 4842 .9
1824 4787 1978 4858 (Hie-

399 4876 546 4949 ron.)
571 4878 702 4933 Post
737 4877 1023 4947 parabolas
1053 4893 1187 4946 quas
1225 4877 1434 4934 locutus
1457 4887 1540 4933 est
1583 4878 1650 4931 ad
1698 4877 1976 4947 populum,

396 4978 452 5024 et
472 4985 610 5040 quas
635 4969 734 5024 soli
759 4969 986 5039 apostoli
1018 4970 1408 5042 intelligebant,
1442 4971 1636 5026 transit
1659 4971 1715 5026 in
1747 4972 1978 5041 patriam

398 5077 552 5117 suam
594 5062 875 5123 Dominus.
913 5070 975 5116 ut
1027 5062 1099 5118 ibi
1141 5065 1382 5133 apertius
1422 5063 1633 5119 doceat.
1663 5062 1846 5134 (um)
1872 5062 1979 5116 Pa-

397 5155 561 5210 triam
607 5154 818 5209 Domini
867 5153 1163 5218 Galilaeam,
1208 5154 1322 5210 sive
1362 5154 1669 5224 specialiter
1711 5152 1978 5208 Nazaretb

395 5244 548 5310 dicit,
585 5245 639 5300 in
674 5260 780 5314 qua
809 5253 927 5300 erat
977 5245 1234 5308 nutritus,
1259 5246 1350 5300 ubi
1394 5253 1449 5300 et
1477 5245 1531 5299 in
1570 5244 1858 5316 synagogis
1886 5243 1980 5298 Ju-

397 5333 640 5388 daeorum
684 5335 998 5404 praedicavit
1025 5349 1040 5388 :
1067 5341 1333 5408 Συναγωγή
1363 5335 1506 5401 enim
1532 5333 1741 5400 Graece,
1785 5333 1977 5390 Latine

396 5424 601 5479 dicitur
617 5428 987 5496 congregatio;
1029 5442 1138 5496 quo
1162 5427 1376 5480 nomine
1402 5441 1506 5481 non
1550 5427 1722 5482 solum
1753 5426 1978 5482 allluen-

402 5516 540 5572 tium
572 5517 856 5571 turbarum
891 5526 1238 5581 conventum,
1274 5517 1368 5572 sed
1411 5525 1466 5571 et
1493 5517 1732 5583 domum,
1773 5534 1878 5587 qua
1908 5517 1976 5571 ad

402 5603 727 5658 audiendum
775 5603 1129 5660 dicendumve
1183 5605 1276 5660 Dei
1319 5606 1539 5660 verbum
1581 5606 1976 5661 conveniebant

398 5687 588 5756 Judaei,
617 5693 884 5759 appellare
910 5692 1172 5748 solebant.
1209 5694 1358 5750 Unde
1387 5695 1644 5750 Dominus
1669 5695 1734 5750 ad
1762 5695 1971 5750 Annam

2008 4427 2062 4489 D
2085 4425 2394 4497 pontiﬁcem
2420 4443 2433 4480 :
2460 4424 2574 4496 Ego
2616 4441 2834 4497 semper,
2866 4424 3061 4495 inquit,
3093 4425 3251 4480 docui
3296 4427 3351 4479 in
3377 4442 3691 4497 synagoga,

2087 4527 2136 4571 et
2180 4516 2235 4572 in
2279 4514 2469 4586 templo
2522 4532 2624 4587 quo
2671 4531 2848 4570 omnes
2896 4514 3078 4571 Judazi
3119 4516 3429 4571 conveniunt
3461 4513 3688 4585 (Joau.

2086 4606 2283 4678 xvm).
2326 4605 2478 4662 Sicut
2531 4614 2588 4662 et
2625 4621 2728 4662 nos
2770 4606 3030 4663 ecclesias
3079 4606 3320 4662 fidelium
3365 4615 3418 4662 et
3459 4605 3581 4662 loca
3618 4619 3695 4664 et

2087 4699 2285 4754 choros
2328 4697 2646 4754 vocitamus.
2681 4699 2882 4755 Verum
2931 4697 3112 4754 differt
3152 4699 3294 4753 inter
3335 4705 3686 4773 συναγωγήν,

2087 4804 2207 4859 quae
2241 4789 2594 4860 congregatio,
2625 4797 2683 4845 et
2709 4790 2966 4849 ἐκκλησίαν
3010 4806 3130 4861 quae
3155 4791 3455 4844 convocatio
3498 4792 3690 4845 inter-

2085 4889 2351 4952 pretatur,
2380 4881 2524 4951 quod
2547 4881 2750 4937 veteris
2777 4882 3120 4938 instrumenti
3153 4881 3403 4952 populus,
3434 4894 3687 4952 utroque

2082 4972 2364 5035 vocabulo,
2395 4972 2519 5027 novi
2561 4980 2742 5027 autem
2787 4981 2994 5028 tantum
3021 4973 3264 5028 Ecclesia
3302 4985 3682 5041 nuncupatur.

2082 5060 2218 5127 Quia
2261 5060 2508 5116 videlicet
2551 5070 2606 5116 et
2658 5077 2856 5132 pecora
2909 5071 2964 5118 et
3018 5064 3270 5119 inanima:
3309 5079 3542 5134 quaeque
3580 5080 3686 5121 res

2081 5153 2397 5225 congregari
2450 5153 2505 5208 in
2547 5169 2715 5208 unum
2756 5163 3005 5224 possunt,
3053 5155 3341 5211 convocari
3377 5168 3507 5209 vero
3557 5169 3683 5209 non

2081 5244 2185 5298 nisi
2234 5243 2442 5298 ratione
2486 5243 2692 5298 utentia
2735 5253 2980 5314 possunt.
3030 5245 3262 5316 Ideoque
3291 5260 3442 5300 nova:
3475 5245 3683 5314 gratia:

2084 5334 2336 5405 populum
2366 5334 2521 5404 quasi
2569 5335 2776 5405 majore
2817 5335 3082 5405 dignitate
3133 5337 3418 5408 praeditum
3463 5337 3680 5391 rectius

2082 5433 2439 5480 convocatum
2471 5425 2524 5479 in
2577 5425 2835 5480 unitatem
2884 5427 3029 5492 ﬁdei,
3068 5444 3229 5498 quam
3271 5436 3676 5498 congregatum

2083 5517 2288 5582 dicere,
2313 5517 2366 5571 id
2388 5525 2471 5571 est
2493 5517 2811 5584 Ecclesiam,
2837 5533 3002 5588 quam
3027 5534 3355 5590 synagogam
3378 5517 3681 5573 nominans

2078 5604 2389 5674 apostolicis
2434 5604 2790 5675 scriptoribus
2838 5615 2893 5662 et
2965 5607 3278 5667 ductoribus
3327 5608 3506 5663 visum
3557 5612 3678 5660 est.

2075 5694 2428 5751 Conﬂuebant
2455 5711 2584 5752 vero
2613 5696 2699 5752 die
2747 5696 2955 5753 sabbati
3004 5713 3216 5768 semper
3255 5698 3308 5754 in
3345 5696 3678 5766 syaagogis,
