3978 6190
256 401 304 459 93
309 398 354 456 i7

1199 392 1550 449 COMMENT.
1590 391 1655 447 IN
1694 391 2127 449 MATTIIASUM.
2165 423 2232 435 -—
2272 391 2398 448 LIB.
2442 388 2502 451 V.

3392 382 3498 447 ass

255 509 474 579 utjuxta
519 504 663 575 quod
699 502 958 558 Dominus
1010 502 1283 572 praecepit,
1346 501 1535 556 Vacate
1574 511 1621 556 et
1657 501 1822 556 videte
1850 506 1898 565 Α
1927 505 2056 559 tutis
2076 520 2241 575 opera
2283 506 2546 577 prosapia:
2579 503 2815 562 carnalis
2847 501 3301 576 contemplatione
3323 503 3499 571 daspia

254 599 494 675 quoniam
530 614 624 668 ego
660 613 777 649 sum
817 594 956 648 Deus
987 591 1157 663 (Psal.
1189 592 1335 665 xcv),
1380 591 1588 648 feriatis
1635 592 1821 648 mundi

258 689 482 762 negotiis
510 688 578 742 ad
607 683 912 740 meditanda
939 684 1073 755 legis
1108 685 1309 739 monita
1337 685 1521 755 quieto
1546 685 1709 739 corde
1734 699 1822 738 re-

256 782 508 838 siderent.
536 775 701 846 Cujus
738 789 804 829 eo
831 773 917 828 die
959 773 1262 830 devotionis
1301 775 1521 843 agenda:
1562 774 1823 829 hactenus

258 871 309 927 in
339 866 578 923 Ecclesia
623 865 882 935 perducat
925 862 1203 929 indicium,
1237 878 1357 932 qute
1401 862 1467 917 ad
1508 862 1822 917 memoriam

255 957 441 1029 prisca:
488 952 765 1024 religionis
820 951 1090 1007 canticum
1143 949 1562 1014 Deuteronomii,
1614 949 1666 1003 in
1718 964 1824 1019 quo

257 1046 534 1100 universus
560 1041 761 1096 veteris
810 1039 991 1110 populi
1032 1049 1229 1105 status,
1282 1040 1409 1109 quid
1462 1038 1707 1093 videlicet
1744 1038 1825 1093 of-

257 1136 418 1199 fenso,
451 1131 583 1203 quid
604 1131 840 1203 prepitio
864 1131 974 1186 Deo
999 1131 1214 1193 meruit,
1241 1130 1573 1194 continetur,
1602 1129 1827 1183 nonnul-

254 1226 321 1281 lis
352 1225 403 1279 in
434 1221 570 1277 locis
594 1219 823 1275 sabbato
851 1219 1030 1272 dicere
1065 1217 1365 1273 consuevit.
1404 1216 1653 1286 Alioquin
1681 1223 1827 1270 esset

254 1323 662 1389 praeposterum,
694 1319 752 1365 ut
789 1310 1062 1381 prioribus
1110 1309 1423 1378 septimanae
1472 1308 1661 1362 diebus
1702 1321 1827 1377 pro-

253 1408 534 1479 phetarum
578 1402 739 1459 dictis
783 1399 1112 1456 carminibus
1163 1398 1332 1470 Moysi
1383 1398 1629 1453 ultimum
1681 1396 1828 1452 dice-

254 1504 418 1551 TCllll'.

320 1604 513 1661 Docuit
540 1618 670 1676 ergo
701 1601 756 1657 in
790 1600 1075 1674 synagogis
1118 1599 1424 1656 Ιῐιιίίιιιοιίιιιι
1450 1599 1734 1666 Dominus,
1768 1606 1829 1653 ut

200 1760 225 1771 l
251 1695 582 1765 evangelista
629 1700 838 1758 narrat,
870 1692 944 1746 ita
980 1699 1039 1745 ut
1077 1691 1405 1746 mirarentur
1435 1698 1489 1745 et
1542 1690 1825 1745 dicerent:

255 1785 400 1841 Unde
426 1786 549 1839 huic
577 1782 833 1853 sapientia
862 1781 974 1835 ha'c
998 1790 1045 1834 et
1072 1779 1326 1834 virtutes?
1354 1777 1460 1835 Sed
1488 1784 1687 1849 quanta
1714 1776 1825 1831 Na-

1922 597 2089 654 ciunt.

1989 686 2145 742 Iesus
2184 697 2357 743 autem
2383 687 2518 744 dixit
2546 690 2619 744 eis
2644 704 2663 743 :
2690 688 2811 745 Non
2849 700 2925 745 est
2966 691 3216 762 propheta
3254 693 3368 746 sine
3397 690 3499 747 Ito-

1924 794 2067 841 nare,
2099 779 2202 833 nisi
2239 780 2295 833 in
2329 780 2501 849 patria
2521 790 2569 834 et
2595 781 2651 835 in
2692 781 2847 835 domo
2876 799 2993 836 sua.
3034 781 3361 852 Prophetam
3385 779 3494 839 dici

1923 867 1977 922 in
2010 865 2308 937 Scripturis
2351 867 2635 923 Dominum
2676 867 2971 936 Christum,
3019 880 3074 925 et
3104 871 3313 943 Moyses
3343 871 3500 927 testis

1923 964 2028 1022 est,
2066 956 2156 1026 qui
2186 955 2566 1025 futuram‘ejus
2598 958 3023 1014 incarnationem
3047 962 3344 1030 prmdicens
3375 960 3502 1016 ﬁliis

1924 1050 2090 1107 Israel
2118 1052 2230 1105 ait:
2258 1049 2578 1121 Prophetam
2614 1051 2753 1106 vobis
2783 1051 3052 1106 suscitabit
3083 1050 3337 1104 Dominus
3365 1051 3501 1104 Deus

1924 1150 2087 1195 vester
2110 1140 2174 1194 de
2204 1140 2454 1211 fratribus
2467 1142 2667 1207 vestris,
2683 1158 2829 1213 quem
2855 1153 3103 1211 tanquam
3130 1141 3380 1210 meipsum
3405 1156 3501 1193 auo

1925 1230 2076 1284 dietis
2102 1228 2280 1301 (Deut.
2308 1231 2482 1302 xvm).
2527 1230 2644 1285 Non
2683 1229 2853 1286 solum
2886 1246 3016 1284 vero
3056 1230 3172 1299 ipse
3205 1229 3296 1298 qui
3344 1235 3504 1298 caput

1925 1330 2009 1374 est
2033 1328 2087 1373 et
2116 1317 2378 1375 Dominus
2401 1321 2810 1390 prophetarum,
2838 1320 2930 1375 sed
2957 1330 3011 1374 et
3043 1319 3207 1382 Elias,
3237 1318 3501 1373 Ieremias

1926 1406 2214 1477 cazterique
2231 1409 2528 1479 prophetae,
2559 1409 2797 1464 minores
2825 1409 2879 1463 in
2903 1409 3080 1479 patria
3112 1424 3230 1472 sua,
3257 1422 3418 1477 quant
3443 1406 3500 1460 in

1926 1498 2130 1554 exteris
2155 1499 2462 1555 civitatibus
2483 1499 2650 1554 habiti
2678 1508 2825 1553 sunt.
2859 1497 3127 1570 (ἣξει-θη.)
3151 1499 3286 1566 Quia
3308 1510 3505 1567 prope-

1928 1587 2149 1643 modum
2180 1588 2426 1644 naturale
2463 1596 2546 1644 est
2574 1588 2722 1644 cives
2763 1603 2977 1659 semper
3006 1587 3211 1642 civibus
3239 1585 3502 1641 invidere.

1927 1676 2044 1734 Non
2068 1679 2210 1733 enim
2236 1679 2579 1734 considerant
2599 1679 2887 1749 praesentia
2914 1679 3013 1733 viri
3043 1692 3227 1747 opera,
3261 1676 3355 1731 sed
3389 1675 3503 1733 fra-

1931 1767 2090 1839 gilem
2120 1770 2473 1823 recordantur
2517 1767 2824 1833 infantiam,
2852 1769 3008 1838 quasi
3060 1783 3167 1821 non
3195 1776 3250 1821 et
3278 1767 3378 1835 ipsi
3408 1782 3508 1837 per

252 1889 572 1930 zarcnorum
598 1846 836 1937 cazcitas,
870 1869 962 1939 qui
994 1882 1118 1923 eum
1148 1883 1309 1939 quem
1349 1868 1402 1923 in
1434 1846 1617 1923 verbis
1647 1864 1830 1922 factis-
1853 1846 1900 1907 Β
1927 1858 2144 1913 εοεᾶεῐιι
2176 1857 2351 1912 alatis
2373 1858 2573 1925 gradus
2599 1858 2668 1912 ad
2699 1867 2969 1912 maturam
3000 1864 3215 1912 aetatem
3244 1870 3506 1927 pervene-

251 1980 355 2036 que
378 1963 568 2035 ipsius,

876 2065 930 2117 Si
950 2077 1090 2115 mens
1106 2076 1203 2116 non
1223 2063 1343 2115 leva
1365 2062 1536 2115 fuisset
1558 2100 1574 2125 ,

251 2206 525 2263 Christum
549 2210 873 2272 cognoscere
900 2204 1171 2268 poterant,
1192 2196 1263 2251 ob
1289 2194 1459 2250 solam
1486 2194 1699 2264 generis
1728 2207 1828 2248 no-

252 2299 427 2354 titiam
459 2299 829 2350 contemnunt.
882 2288 1215 2359 Sapientiam
1243 2301 1374 2342 vero
1403 2286 1471 2339 ad
1499 2285 1821 2348 doctrinam,

251 2388 482 2441 virtutes
515 2382 760 2438 referunt
809 2378 878 2433 ad
921 2378 1184 2432 sanitates
1217 2384 1273 2430 et
1314 2373 1574 2428 miracula
1600 2388 1722 2443 qua:
1745 2373 1828 2428 fa-

252 2478 464 2539 ciebat;
497 2490 618 2544 qua:
645 2471 828 2527 solerti
863 2484 928 2523 ac
955 2468 1177 2538 pulchra
1209 2465 1463 2521 distantia
1503 2478 1829 2521 commemo-

252 2580 330 2623 rat
358 2565 648 2639 Apostolus
678 2563 903 2617 dicens:
933 2559 1112 2614 Iudwi
1150 2558 1300 2628 signa
1340 2564 1539 2626 petunt,
1567 2564 1619 2610 et
1656 2552 1828 2610 Gnaei

250 2659 561 2729 sapientiam
587 2662 853 2726 qutrrunt,
896 2666 990 2703 nos
1027 2664 1146 2703 vero
1186 2646 1536 2717 prtedicamus
1562 2644 1828 2699 Christum

249 2751 585 2819 cruciﬁxum,
614 2745 819 2800 Iudwis
847 2743 1054 2814 quidem
1082 2738 1412 2802 scandalum,
1454 2739 1689 2809 gentibus
1708 2755 1827 2794 vero

247 2839 567 2903 stultitiam;
595 2836 720 2907 ipsis
750 2849 868 2888 vero
911 2833 1106 2886 vocatis
1135 2842 1182 2885 et
1206 2828 1402 2884 Gra’cis
1430 2828 1694 2883 Christum
1732 2828 1829 2883 Dei

250 2932 493 2986 virtutem
532 2937 579 2981 et
621 2925 719 2980 Dei
747 2908 1057 2994 sapientiam
1088 2920 1141 2993 (Ι
1165 2918 1287 2975 Cor.
1323 2919 1385 2993 l).
1431 2918 1488 2974 ln
1515 2934 1621 2989 qua
1668 2919 1830 2974 nimi-

249 3037 370 3077 rum
400 3017 672 3075 sententia
701 3016 954 3070 virtutem
982 3014 1047 3068 ad
1074 3014 1224 3085 signa
1266 3012 1453 3067 retulit
1483 3019 1704 3082 propter
1730 3008 1828 3064 Ju-

250 3113 416 3175 daos,
449 3107 767 3180 sapientiam
794 3119 923 3161 vero
968 3105 1037 3159 ad
1085 3102 1389 3158 doctrinam
1428 3107 1650 3172 propter
1681 3099 1833 3156 Grae-

250 3215 365 3266 cos,
392 3200 447 3254 id
476 3206 581 3261 est,
622 3206 829 3267 gentes.
1858 3193 1904 3256 ρ

325 3308 378 3362 Ν
381 3324 515 3362 onne
534 3306 618 3360 hic
641 3314 716 3359 est
736 3303 873 3374 fabri
895 3302 1078 3373 ﬁlius?
1102 3301 1291 3357 Nonne
1314 3311 1480 3356 mater
1503 3302 1618 3373 ejus
1640 3302 1836 3358 dicitur

253 3399 452 3464 Maria,
492 3409 540 3453 et
566 3398 756 3469 fratres
785 3396 899 3467 ejus
940 3394 1193 3459 Iacobus,
1235 3404 1282 3447 et
1304 3393 1521 3464 Ioseph,
1548 3405 1597 3449 et
1627 3394 1829 3461 Simon,

251 3499 297 3542 et
340 3487 559 3542 Iudas?
601 3496 649 3542 et
695 3502 900 3541 sorores
954 3485 1070 3555 ejus
1117 3500 1289 3537 nonne
1328 3499 1505 3538 omnes
1546 3484 1688 3555 apud
1739 3502 1832 3539 nos

250 3591 368 3634 sunt
390 3581 416 3634 ?
453 3577 600 3634 Unde
619 3594 741 3648 ergo
768 3577 890 3631 huic
919 3577 1094 3631 omnia
1127 3574 1267 3628 ista?
1290 3574 1358 3628 Et
1394 3573 1832 3629 scandalizaban-

249 3681 335 3725 tur
367 3670 420 3723 in
445 3687 527 3723 eo.
557 3668 722 3723 Error
755 3665 1058 3721 Judmorum
1089 3667 1236 3721 salus
1281 3674 1466 3720 nostra
1504 3675 1608 3730 est,
1642 3675 1694 3720 et
1724 3666 1834 3720 ha:-

252 3761 542 3816 reticorum
574 3758 969 3813 condemnatio.
1016 3756 1073 3809 ln
1113 3764 1321 3810 tantum
1354 3756 1498 3809 enim
1538 3757 1833 3810 cernebant

251 3849 528 3903 hominem
556 3846 854 3911 Christum,
897 3854 957 3899 ut
988 3845 1123 3899 fabri
1149 3852 1406 3913 putarent
1445 3843 1634 3907 filium,
1662 3851 1716 3897 et
1753 3844 1833 3898 di-

251 3947 477 4004 cerent;
514 3937 701 3992 Nonne
730 3936 813 3990 hic
851 3944 925 3989 est
952 3934 1092 4004 fabri
1111 3934 1294 4003 ﬁlius?
1324 3933 1537 3987 Miraris
1567 3934 1612 3988 si
1652 3942 1834 3988 errent

252 4027 305 4082 in
349 4028 639 4092 fratribus,
671 4042 794 4081 cum
824 4034 1009 4081 errent
1054 4025 1108 4079 in
1147 4025 1340 4095 patre?
1374 4025 1595 4080 Fratres
1618 4040 1833 4095 quoque

251 4124 305 4170 et
331 4130 553 4172 sorores
585 4116 701 4186 ejus
727 4130 909 4170 secum
938 4129 1058 4169 esse
1085 4122 1369 4179 testentur,
1394 4115 1483 4184 qui
1525 4122 1698 4169 tamen
1725 4131 1832 4169 non

250 4206 401 4262 liberi
461 4204 658 4275 Ioseph
705 4212 802 4260 aut
847 4203 1031 4259 Mariae
1069 4202 1225 4272 juxta
1257 4204 1540 4259 hereticos
1580 4204 1831 4275 putandi,

252 4299 346 4353 sed
393 4298 579 4370 potius
613 4294 767 4363 juxta
816 4311 1023 4350 morem
1071 4310 1240 4350 sacra:
1283 4294 1577 4366 Scriptura:
1619 4295 1831 4365 cognati

255 4388 497 4458 ipsorum
543 4395 671 4442 sunt
721 4386 1082 4457 intelligendi;
1131 4387 1399 4455 quomodo
1448 4386 1714 4440 Abraham
1778 4394 1833 4440 et

256 4478 391 4535 Loth
433 4477 634 4533 fratres
667 4476 1024 4546 appellantur,
1051 4491 1174 4530 cum
1199 4483 1345 4531 esset
1370 4475 1506 4530 Loth
1557 4476 1699 4531 ﬁlius
1730 4475 1832 4529 fra-

255 4570 353 4625 tris
379 4568 633 4632 Abrabte,
665 4573 721 4621 et
746 4564 912 4620 multa
946 4565 1114 4620 habes
1149 4565 1472 4636 hujusmodi.
1504 4565 1687 4637 (ΗΑΒ.)
1715 4565 1832 4621 Νοιι

254 4675 383 4716 vero
427 4660 547 4717 sine
575 4658 710 4714 certi
752 4657 1064 4727 provisione
1098 4657 1444 4723 sacramenti,
1481 4656 1740 4711 Dominus
1782 4657 1863 4712 in-

256 4770 418 4810 carne
468 4767 735 4824 apparens
780 4749 953 4817 faber,
999 4758 1057 4806 et
1101 4748 1238 4805 fabri
1284 4750 1424 4806 ﬁlius
1457 4750 1738 4817 aestimari,
1774 4765 1839 4806 ac

258 4847 362 4903 dici
390 4845 579 4901 voluit.
608 4844 745 4912 Quin
772 4843 955 4914 potius
991 4842 1154 4897 etiam
1183 4857 1281 4912 per
1322 4842 1424 4897 hoc
1470 4857 1528 4898 se
1566 4841 1682 4911 ejus
1713 4850 1839 4898 ante

259 4937 452 4993 saecula
474 4936 669 4991 Filium
697 4949 816 4990 esse
844 4933 1045 4998 docuit,
1067 4932 1160 5002 qui
1193 4932 1486 4988 fabricator
1508 4932 1750 4988 omnium
1784 4934 1838 4988 in

258 5028 513 5098 principio
559 5025 748 5080 crearit
777 5023 920 5077 Deus
954 5022 1137 5077 caelum
1180 5033 1228 5077 et
1272 5032 1484 5077 terram.
1532 5016 1665 5077 Nam
1707 5031 1760 5077 ct
1789 5023 1835 5078 si

259 5116 495 5172 humana
536 5132 643 5170 non
672 5122 798 5171 sunt
824 5114 1186 5184 comparanda
1211 5113 1428 5178 divinis,
1457 5123 1616 5185 typus
1658 5122 1834 5169 tamen

262 5204 471 5277 integer
495 5213 597 5271 est,
637 5205 763 5274 quia
797 5204 957 5259 Pater
983 5202 1182 5258 Christi
1212 5201 1334 5273 igne
1358 5211 1612 5272 operatur
1633 5211 1689 5257 et
1716 5201 1837 5271 Spi-

261 5296 369 5350 ritu
394 5312 409 5361 ;
443 5296 583 5350 unde
604 5302 661 5350 et
686 5296 752 5350 de
777 5295 894 5364 ipso
913 5302 1165 5363 tanquam
1194 5293 1259 5347 de
1288 5290 1424 5347 fabri
1450 5292 1555 5347 ﬁlio
1586 5293 1834 5347 Praecur-

263 5400 356 5442 sor
379 5401 508 5441 suus
534 5386 610 5440 ait
639 5404 653 5439 :
686 5385 809 5458 Ipse
836 5401 926 5439 vos
951 5383 1232 5454 baptizabit
1274 5384 1330 5436 in
1357 5381 1556 5452 Spiritu
1583 5399 1763 5436 sancto
1787 5393 1833 5437 et

263 5476 381 5547 igne
401 5476 616 5548 (Matth.
651 5477 755 5548 ιιι).
790 5475 889 5543 Qui
919 5476 972 5530 in
1018 5476 1177 5529 domo
1207 5487 1400 5543 magna
1451 5469 1611 5539 hujus
1651 5473 1836 5527 mundi

264 5564 462 5620 diversi
484 5566 698 5636 generis
731 5580 855 5620 vasa
884 5564 1133 5628 fabricat,
1166 5562 1273 5616 imo
1298 5575 1426 5615 vasa
1471 5559 1588 5624 ine,
1622 5561 1705 5614 sui
1734 5562 1840 5631 spi-

265 5655 403 5709 titus
433 5655 553 5726 igne
580 5656 886 5718 molliendo,
924 5656 977 5710 in
1018 5651 1401 5709 misericordia:
1438 5665 1567 5705 vasa
1592 5666 1836 5706 commu-

264 5750 362 5798 tat.
395 5744 501 5802 Sed
543 5745 703 5815 hujus
744 5746 1069 5804 sacramenti
1097 5743 1264 5800 Judaei
1309 5742 1479 5814 ignari
1510 5741 1705 5799 divinae
1729 5744 1837 5797 vir-

1928 1948 2061 2003 rint.

1998 2039 2070 2093 Et
2098 2057 2203 2095 non
2234 2040 2353 2111 fecit
2373 2041 2444 2095 ibi
2468 2041 2680 2095 uirtutes
2705 2038 2898 2095 multas
2931 2050 3141 2111 propter
3163 2039 3507 2095 incredulita-

1927 2141 2029 2187 tem
2057 2131 2289 2186 illorum.
2326 2131 2443 2186 Non
2474 2132 2615 2201 quod
2645 2132 2806 2186 etiam
2844 2131 2948 2185 illis
2992 2130 3280 2186 incredulis
3327 2130 3507 2186 facere

1927 2240 2033 2280 non
2064 2224 2299 2294 potuerit
2320 2224 2547 2278 virtutes
2572 2222 2790 2287 multas,
2829 2223 2923 2277 sed
2959 2237 3028 2276 ne
3054 2222 3254 2276 multas
3277 2220 3501 2287 faciens,

1928 2317 2076 2371 cives
2108 2313 2413 2370 incredulos
2449 2314 2853 2369 condemnaret.
2887 2312 3069 2368 Potest
3096 2327 3226 2367 vero
3253 2321 3308 2367 et
3344 2312 3510 2369 aliter

1928 2406 2177 2477 intelligi,
2203 2406 2327 2476 quia
2349 2405 2504 2461 Iesus
2541 2406 2866 2475 despiciatur
2902 2406 2955 2459 in
2985 2407 3145 2461 domo
3168 2407 3296 2460 etin
3326 2405 3506 2476 patria

1928 2512 2046 2562 sua,
2087 2498 2141 2552 id
2167 2505 2272 2563 est,
2317 2497 2370 2551 in
2402 2498 2595 2567 populo
2620 2496 2949 2560 Judaeorum,
2981 2505 3037 2551 et
3076 2497 3194 2552 ideo
3229 2496 3302 2550 ibi
3331 2510 3504 2567 pauca

1928 2590 2079 2660 signa
2108 2588 2317 2652 fecerit,
2350 2602 2416 2641 ne
2441 2589 2655 2657 penitus
2690 2588 3028 2643 excusabiles
3058 2586 3268 2642 ﬁerent.
3304 2587 3506 2659 Majora

1928 2694 2058 2735 vero
2084 2680 2236 2750 signa
2271 2679 2510 2749 quotidie
2552 2678 2604 2731 in
2631 2678 2880 2749 gentibus
2905 2692 3000 2747 per
3043 2676 3327 2747 Apostolus
3355 2676 3504 2744 facit,

1929 2784 2038 2825 non
2061 2775 2173 2824 tam
2202 2768 2254 2823 in
2283 2768 2564 2823 sanatione
2590 2781 2894 2837 corporum,
2933 2781 3094 2836 quam
3120 2766 3174 2820 in
3202 2765 3507 2819 animarum

1931 2859 2125 2916 salute.

2505 2943 2733 3000 CAPUT
2780 2936 2919 2998 XIV.

1934 3038 2204 3094 Narratur
2229 3035 2505 3091 decollatio
2530 3036 2755 3091 Ioannis
2785 3034 3058 3103 Baptistm,
3087 3047 3206 3086 cum
3243 3030 3503 3085 miraculo

1993 3110 2218 3179 quinque
2240 3122 2459 3178 panum,
2487 3115 2534 3161 et
2559 3104 2913 3159 ambulatione
2933 3119 3090 3172 super
3118 3118 3302 3171 aquas,
3335 3109 3443 3156 etc.

2006 3218 2095 3292 [1.]
2118 3218 2184 3271 In
2201 3216 2293 3271 illo
2313 3226 2540 3288 tempore
2559 3213 2755 3269 audivit
2772 3211 3006 3267 Herodes
3027 3210 3287 3267 tetrarcha
3309 3210 3510 3281 famam

1931 3308 2083 3376 Iesu,
2130 3318 2177 3364 et
2219 3308 2294 3363 ait
2335 3307 2512 3379 pueris
2555 3302 2831 3360 suis:Hic
2865 3312 2938 3358 est
2966 3300 3201 3357 Ioannes
3242 3301 3508 3373 Baptista,

1932 3402 2041 3473 ipse
2066 3400 2293 3456 surrexit
2332 3418 2365 3454 a
2396 3398 2640 3463 mortuis,
2668 3406 2716 3451 et
2749 3394 2865 3451 ideo
2893 3395 3109 3450 virtutes
3141 3402 3425 3465 operantur
3455 3393 3515 3448 in

1931 3510 2011 3548 eo.
2045 3490 2226 3565 (ΚΑΒ.)
2256 3491 2429 3548 Lucas
2454 3491 2522 3547 de
2548 3490 2635 3547 his
2659 3489 2735 3545 ita
2760 3488 2951 3545 scribit
2984 3506 2997 3542 :
3027 3486 3239 3541 Audiuit
3260 3502 3379 3540 vero
3403 3482 3516 3539 He-

1933 3584 2083 3639 rodes
2108 3585 2371 3639 tetrarcha
2399 3586 2575 3639 omnia
2600 3601 2717 3656 qua:
2745 3583 2945 3653 ﬁebant
2970 3582 3036 3636 ab
3061 3599 3143 3648 eo,
3167 3591 3214 3636 et
3240 3580 3515 3635 Iursitabat

1932 3694 1992 3730 eo
2016 3677 2153 3748 quod
2175 3675 2438 3729 diceretur
2466 3694 2499 3728 a
2528 3675 2859 3745 quibusdam,
2884 3673 3011 3743 quia
3031 3672 3264 3725 Ioannes
3287 3687 3516 3724 resurre-

1930 3767 2066 3819 zerit
2088 3783 2120 3818 a
2151 3764 2391 3829 mortuis,
2431 3781 2463 3817 a
2495 3764 2809 3834 quibusdam
2847 3779 2967 3817 vero
3002 3764 3131 3833 quia
3171 3760 3325 3827 Elius
3353 3778 3517 3830 appa-

1934 3855 2061 3918 ruit,
2086 3864 2192 3909 etc.
2228 3851 2380 3922 (Luc.
2407 3851 2507 3923 ιιι).
2554 3850 2957 3920 Intelligendum
3002 3858 3088 3906 est
3118 3864 3247 3921 ergo
3272 3857 3368 3903 aut
3396 3856 3517 3917 post

1930 3942 2074 3997 hanc
2106 3940 2498 3997 haesitationem
2539 3938 2891 3993 conﬁrmasse
2928 3954 3051 3993 eum
3092 3938 3145 3993 in
3189 3938 3371 3991 animo
3415 3949 3516 3991 suo

1933 4035 2075 4104 quod
2122 4034 2190 4089 ab
2230 4032 2351 4088 aliis
2381 4030 2681 4097 dicebatur,
2720 4045 2843 4085 cum
2883 4029 2980 4095 ait,
3028 4029 3131 4083 Hic
3174 4038 3249 4083 est
3278 4028 3514 4083 Ioannes

1931 4125 2195 4195 Baptista,
2221 4125 2330 4194 ipse
2377 4123 2605 4179 surrexit
2638 4140 2671 4177 a
2711 4121 2972 4187 mortuis;
3017 4131 3109 4174 aut
3152 4119 3223 4173 ita
3273 4133 3516 4188 pronun-

1933 4214 2115 4270 tianda
2145 4222 2273 4270 sunt
2298 4214 2415 4270 hate
2455 4213 2642 4277 verba,
2674 4219 2734 4265 ut
2778 4211 3118 4265 haesitantem
3149 4209 3325 4263 adhuc
3367 4206 3513 4261 indl-

1933 4311 2087 4368 cent;
2130 4304 2177 4359 si
2225 4303 2369 4357 enim
2414 4299 3061 4368 diceret:Nunquidnam
3106 4297 3194 4353 hic
3239 4298 3361 4352 est?
3398 4303 3512 4361 aut,

1933 4394 2185 4463 Nunquid
2229 4391 2369 4447 forte
2404 4392 2496 4446 hic
2532 4399 2615 4445 est
2637 4387 2872 4444 Joannes
2906 4386 3196 4457 Baptista?
3234 4400 3340 4439 non
3380 4398 3518 4454 Opus

1934 4493 2082 4540 esset
2109 4485 2401 4540 admonere
2423 4480 2625 4551 aliquid
2652 4480 2718 4535 de
2741 4477 3200 4549 pronuntiatione,
3228 4490 3333 4546 qua
3363 4472 3517 4527 dubi-

1938 4582 2057 4628 tans
2078 4581 2239 4644 atque
2262 4571 2516 4626 hazsitans
2543 4568 2892 4639 intelligatur.
2919 4565 3073 4621 Nunc
3092 4566 3217 4635 quia
3239 4564 3328 4619 illa
3352 4563 3517 4618 verba

1936 4664 2149 4727 desunt,
2202 4672 2431 4733 utroque
2472 4660 2629 4716 modo
2670 4659 3007 4729 pronuntiari
3064 4667 3265 4728 potest,
3318 4668 3379 4712 ut
3425 4664 3518 4709 aut

1936 4752 2315 4808 conﬁrmatum
2369 4766 2492 4805 eum
2551 4767 2620 4805 ex
2671 4750 2899 4804 aliorum
2960 4748 3143 4804 verbis
3204 4749 3517 4803 credentem

1936 4842 2135 4898 dixisse
2171 4843 2517 4911 accipiamus,
2564 4849 2657 4894 aut
2695 4841 2871 4895 adhuc
2903 4841 3044 4895 sicut
3070 4838 3244 4895 Lucas
3280 4852 3520 4894 comme-

1936 4943 2135 4996 morat,
2168 4935 2532 4990 haesitantem.

2014 5028 2195 5098 (Msua
2221 5024 2558 5097 )Notandum
2582 5026 2913 5095 tamenquod
2933 5025 3170 5079 Herodes
3194 5022 3375 5093 pueris
3404 5020 3520 5079 suis

1942 5119 1996 5174 in
2023 5119 2126 5171 hac
2170 5115 2435 5172 sententia
2490 5115 2555 5169 de
2586 5114 2998 5169 resurrectionis
3025 5111 3194 5182 gloria
3257 5108 3516 5180 praedica-

1940 5208 2053 5262 bat.
2084 5205 2200 5260 Non
2254 5204 2399 5258 enim
2442 5211 2536 5267 att,
2574 5203 2673 5258 llic
2710 5213 2794 5258 est
2844 5201 3080 5258 Joannes
3133 5199 3393 5268 Baptista,
3421 5199 3516 5271 qui

1941 5300 2199 5362 operatur
2218 5292 2470 5355 virtutes,
2496 5290 2590 5345 sed
2620 5289 2726 5343 llic
2747 5300 2844 5354 est,
2873 5289 3066 5357 inquit,
3090 5286 3325 5342 Ioannes
3368 5287 3517 5360 Bap-

1940 5382 2084 5444 tista,
2107 5380 2216 5451 ipse
2236 5380 2516 5434 resurrexit
2544 5396 2578 5433 a
2619 5379 2859 5441 mortuis,
2883 5369 2930 5431 et
2976 5378 3092 5430 ideo
3139 5378 3351 5432 virtutes
3405 5393 3521 5449 ape-

1942 5483 2131 5527 rantur
2173 5473 2229 5527 in
2257 5489 2336 5526 eo.
2368 5473 2511 5528 Bene
2533 5470 2839 5526 omnimode
2869 5469 2933 5523 de
2982 5469 3185 5524 virtute
3237 5481 3520 5525 resurrec-

1941 5564 2105 5619 tionis
2145 5574 2407 5628 senserat,
2439 5561 2582 5632 quod
2620 5557 2845 5627 majoris
2897 5558 3150 5629 potentia:
3199 5557 3361 5614 futuri
3409 5557 3521 5614 sint

1942 5653 2136 5718 sancti,
2175 5668 2297 5707 cum
2336 5668 2366 5707 a
2405 5652 2629 5707 mortuis
2672 5650 3086 5716 resurrexerint,
3111 5664 3273 5720 quam
3317 5646 3521 5704 fuerint

1943 5759 2066 5799 cum
2118 5743 2298 5798 carnis
2359 5743 2535 5798 adhuc
2603 5740 2916 5798 inﬁmitate
2984 5750 3359 5809 gravarentur.
3412 5736 3525 5793 Sed
