4006 6194
429 354 540 420 959

1069 347 1132 405 Β.
1172 344 1428 404 RABANI
1466 340 1682 399 MAUHI
1722 335 2040 395 ARCHIEP.
2084 329 2390 390 MOGUNT.
2433 326 2719 388 OPERUM
2756 326 2936 384 PARS
2975 326 3018 383 l.

3576 327 3694 386 900

430 476 635 544 quanta
679 463 982 524 Iudaeorum
1047 460 1246 516 invidia
1272 499 1289 525 ,
1333 457 1425 530 qui
1476 465 1663 511 contra
1714 451 1998 544 Dominum
2024 446 2078 514 Α
2102 443 2536 544 eunuchum-vita
2590 439 3024 544 privarijubens,
3053 453 3162 544 quo
3203 437 3414 544 longius
3463 454 3496 494 a
3545 456 3698 498 verre

428 539 648 615 malitiae
679 553 831 609 furor
856 549 1144 614 exstiterit,
1173 557 1227 603 et
1262 547 1316 602 in
1359 547 1461 612 isto
1479 546 1621 609 loco,
1653 551 1708 598 et
1736 558 1802 596 ex
1831 539 2004 596 omni-

429 650 530 708 bus
556 660 693 720 pene
713 643 846 699 locis
873 637 1146 710 Evangelii
1169 638 1443 693 docemur.
1472 634 1612 688 Ecce
1661 632 1804 686 enim
1837 625 2002 720 Joan-

431 719 578 805 nem,
611 738 675 793 de
713 749 820 805 quo
854 733 1054 788 dictum
1099 737 1204 792 est,
1227 727 1351 796 quia
1391 725 1598 795 signum
1639 721 1756 792 fecit
1802 719 2003 773 nullum

431 829 613 900 (Joan.
661 825 743 893 x),
793 840 825 878 a
854 820 1080 878 mortuis
1128 819 1370 889 potuisse
1424 830 1704 885 resurgere
1758 813 1902 867 nullo
1926 821 2005 867 at-

428 925 663 974 testante
707 915 964 977 Herodes,
991 911 1082 980 qui
1128 916 1249 964 erat
1282 906 1601 977 alieni-gena,
1629 905 2006 977 pronuntiave-

429 1019 551 1074 rat;
589 1007 690 1078 ipsi
747 1019 875 1060 vero
927 1001 1131 1066 Jesum,
1159 1014 1316 1069 quem
1374 998 1646 1066 propheta:
1679 1011 1866 1051 eorum
1927 995 2007 1051 eis

427 1097 792 1170 praedixerant
836 1095 1005 1149 uirum
1055 1090 1394 1162 approbatum
1425 1105 1455 1140 a
1505 1087 1610 1142 Deo
1640 1087 1912 1142 virtutibus
1957 1095 2005 1140 et

427 1189 589 1259 signis
641 1187 782 1257 (Act.
813 1184 899 1256 ιι),
959 1181 1112 1252 cujus
1165 1180 1416 1236 videlicet
1460 1186 1688 1234 mortem
1741 1178 2006 1232 elementa

428 1284 784 1350 tremuerunt,
803 1272 1254 1330 resurrectionem
1274 1285 1405 1325 vero
1441 1279 1604 1339 atque
1637 1268 2007 1324 ascensionem

427 1367 624 1438 angeli,
655 1347 905 1436 apostoli,
931 1364 1033 1418 viri
1065 1378 1130 1417 ac
1175 1361 1406 1426 femina},
1458 1359 1706 1415 certatim
1750 1358 2007 1429 praedica-

425 1458 574 1522 bant,
633 1470 743 1510 non
792 1452 1178 1517 resurrexisse,
1212 1451 1306 1506 sed
1352 1449 1539 1504 furtim
1589 1463 1708 1503 esse
1768 1447 2005 1503 ablatum

427 1548 647 1604 credere
660 1545 985 1603 maluerunt.
1010 1543 1077 1599 Et
1097 1545 1153 1600 in
1172 1545 1275 1599 hoc
1295 1556 1509 1613 quoque
1537 1541 1840 1595 insinuatur
1863 1539 2008 1610 quod

429 1639 726 1710 promptior
746 1645 829 1694 est
846 1630 1061 1693 animus
1091 1635 1329 1708 gentium
1360 1635 1427 1689 ad
1447 1632 1819 1689 credulitatem
1845 1644 2006 1700 quam

425 1731 754 1786 Judaaorum.
788 1729 923 1797 Quia
951 1729 1093 1784 sicut
1122 1727 1383 1797 propheta
1428 1725 1496 1780 de
1524 1723 1628 1778 illis
1656 1723 1773 1780 ait:
1808 1722 2007 1788 Quibus

2103 536 2248 592 cultu
2277 534 2552 606 religionis
2579 535 2791 596 aberat,
2817 547 2883 586 eo
2909 531 3081 587 levius
3115 531 3169 586 in
3222 530 3518 588 violatione
3576 549 3698 588 sum

2104 623 2413 681 festivitatis
2439 623 2684 694 deliquit.
2721 622 2973 677 Attamen
2999 636 3067 676 ex
3111 620 3394 690 utriusque
3441 623 3698 692 exemplo

2102 719 2365 789 probatur
2387 716 2570 770 utilius
2605 729 2723 770 esse
2756 713 2912 768 nobis
2955 712 3098 768 diem
3145 712 3336 768 mortis
3380 711 3578 768 futurae
3630 714 3701 767 ti—

2102 808 2298 862 mendo
2330 815 2386 861 et
2435 813 2580 860 caste
2607 803 2812 873 agendo
2841 802 3037 872 saepius
3061 803 3115 856 in
3165 801 3484 857 memoriam
3531 819 3693 857 revo-

2103 914 2252 964 care,
2281 913 2442 968 quam
2467 897 2609 951 diem
2666 894 2962 948 nativitatis
3016 891 3339 957 luxuriando
3389 892 3692 947 celebrare.

2104 984 2276 1041 Homo
2296 984 2438 1042 enim
2469 984 2534 1037 ad
2560 981 2799 1036 laborem
2827 979 3068 1034 nascitur
3090 979 3144 1032 in
3180 977 3399 1042 mundo,
3429 987 3486 1032 et
3521 977 3696 1032 electi

2105 1077 2173 1132 ad
2203 1076 2443 1146 requiem
2476 1089 2574 1143 per
2603 1082 2829 1128 mortem
2858 1077 3195 1126 transeunte
3217 1070 3434 1124 mundo.
3460 1068 3698 1142 (lilium)

2106 1169 2213 1225 Sed
2241 1169 2332 1238 qui
2356 1168 2538 1222 mundi
2564 1180 2747 1221 amore
2776 1174 3047 1230 tenentur,
3086 1165 3347 1220 excmcati
3375 1165 3440 1220 de
3491 1164 3696 1222 futuris

2105 1274 2212 1314 non
2241 1258 2496 1329 cogitant.
2524 1255 2590 1311 Et
2614 1257 2684 1311 ob
2703 1257 2805 1314 hoc
2824 1270 2920 1311 nec
2943 1257 3227 1326 prtesentia
3248 1254 3386 1311 bene
3411 1256 3690 1323 ordinant;

2105 1347 2251 1418 quod
2274 1349 2410 1403 bene
2440 1347 2495 1402 in
2520 1346 2728 1400 luxuria
2756 1345 3123 1401 conviviorum
3176 1360 3400 1401 suorum
3445 1344 3695 1402 Herodes

2107 1442 2514 1498 demonstravit.
2536 1441 2612 1496 De
2636 1456 2744 1510 quo
2765 1439 3110 1510 subiungitur
3132 1458 3146 1493 :
3307 1495 3320 1502 κ

2180 1529 2328 1586 Unde
2348 1548 2466 1586 cum
2483 1530 3068 1602 juramentopollicitus
3095 1541 3172 1585 est
3192 1531 3240 1586 ei
3269 1531 3397 1585 dare
3415 1532 3692 1602 quodcun-

2107 1638 2206 1692 que
2231 1621 2540 1692 postulasset
2566 1621 2630 1675 ab
2677 1637 2757 1675 eo.
2785 1619 3056 1693 (Hieron.)
3084 1621 3198 1676 Non
3243 1629 3538 1677 excusatur
3584 1621 3693 1675 He-

2111 1713 2292 1777 rodes,
2321 1711 2465 1780 quod
2492 1711 2694 1767 invitus
2719 1719 2772 1765 et
2801 1711 2993 1766 nolens
3043 1719 3267 1782 propter
3291 1709 3687 1779 ‘juramentum

428 1827 626 1874 nonest
669 1792 1037 1872 annuntiatum
1085 1792 1149 1868 de
1190 1792 1569 1878 eo,videbunt;
1597 1811 1688 1865 isti
1748 1824 1876 1865 vero
1927 1809 2008 1863 vi-
2037 1792 2082 1853 Β
2110 1803 2461 1859 homicidium
2512 1801 2720 1868 fecerit,
2749 1802 2877 1873 quia
2926 1802 2994 1857 ad
3045 1803 3151 1857 hoc
3199 1801 3340 1857 forte
3378 1801 3692 1872 juravit,ut

427 1911 615 1964 dentes
639 1923 743 1962 non
765 1907 968 1971 vident,
998 1905 1124 1974 quia
1152 1912 1211 1959 ut
1245 1903 1520 1974 legislator
1543 1902 1606 1956 de
1628 1901 1709 1956 eis
1753 1907 2002 1966 testatur,

425 1998 688 2068 generatio
729 2006 805 2052 est
859 2011 1043 2066 prava,
1073 2003 1121 2049 et
1165 2009 1407 2063 peruersa
1434 1991 1614 2064 (Deut.
1645 1990 1841 2063 xxxn),
1882 1990 2002 2055 ﬁlii,

426 2089 480 2144 in
510 2088 705 2157 quibus
732 2101 834 2141 non
866 2093 949 2140 est
985 2083 1117 2139 ﬁdes
1155 2083 1210 2137 in
1247 2083 1344 2138 eis.

500 2180 739 2234 Herodes
777 2187 950 2232 autent
981 2176 1144 2230 tenuit
1163 2174 1425 2230 Joannem
1457 2183 1506 2228 et
1537 2172 1769 2243 alligavit
1791 2189 1930 2236 eum,
1955 2182 2003 2226 et

425 2272 597 2344 posuit
630 2273 686 2324 in
714 2283 973 2323 carcerem
995 2275 1203 2337 propter
1233 2260 1586 2319 Herodiadem
1627 2279 1842 2317 uxorem
1888 2261 2003 2331 fra-

425 2363 524 2417 tris
543 2362 657 2425 sui;
707 2358 906 2413 dicebat
948 2369 1122 2412 autem
1165 2354 1242 2409 illi
1273 2354 1536 2418 Joannes,
1565 2353 1689 2407 Non
1734 2352 1851 2407 licet
1912 2352 2005 2405 tibi

427 2452 616 2504 habere
663 2466 798 2503 eam.
825 2447 1093 2518 (Hieron.)
1125 2445 1288 2501 Vetus
1313 2453 1499 2498 narrat
1538 2443 1758 2498 historia
1807 2442 2006 2512 Philip-

427 2555 553 2608 pum
577 2536 799 2609 majoris
827 2536 1056 2592 Herodis
1096 2535 1284 2600 ﬁlium,
1304 2533 1404 2589 sub
1426 2548 1532 2603 quo
1555 2532 1814 2588 Dominus
1869 2531 2008 2603 fugit

429 2629 482 2684 in
510 2626 824 2698 .Egyptnm,
855 2626 1074 2681 fratrem
1101 2625 1259 2696 hujus
1285 2623 1529 2690 Herodis,
1560 2623 1658 2678 sub
1680 2637 1786 2692 quo
1814 2636 2006 2693 passus

425 2727 511 2775 est
530 2716 801 2784 Christus,
827 2717 1044 2773 duxisse
1071 2730 1293 2770 uxorem
1315 2713 1692 2778 Herodiadem,
1720 2712 1884 2766 ﬁliam
1927 2728 2009 2767 re-

427 2812 512 2884 gis
538 2811 744 2876 Aretae;
776 2819 962 2882 postea
989 2825 1118 2866 vero
1142 2824 1354 2866 socrum
1379 2808 1514 2879 ejus,
1546 2808 1749 2864 exortis
1786 2809 2006 2877 quibus-

427 2905 552 2960 dam
600 2910 788 2958 contra
848 2915 1107 2972 generum
1174 2899 1558 2964 simultatibus,
1603 2897 1789 2952 tulisse
1838 2897 2004 2952 ﬁliam

427 3007 605 3057 suam,
647 2998 702 3048 et
753 2991 807 3045 in
855 2989 1092 3045 dolorem
1146 2988 1326 3043 mariti
1372 2986 1590 3058 prioris,
1647 2985 1848 3040 inimici
1889 2985 2007 3055 ejus

2107 1891 2304 1947 futurae
2327 1893 2596 1947 occasioni
2647 1892 2928 1947 machinas
2964 1900 3315 1962 praepararet.
3346 1893 3594 1963 Alioquin
3636 1895 3687 1948 si

2105 1983 2174 2039 ob
2193 1983 2566 2055 jusjurandum
2591 1982 2783 2038 fecisse
2811 1997 2870 2038 se
2925 1982 3076 2048 dicit,
3103 1983 3148 2037 si
3175 1983 3363 2053 patris,
3401 1983 3446 2038 si
3494 1987 3690 2039 matris

2107 2072 2402 2143 postularet
2422 2072 2720 2138 interitum,
2747 2072 2991 2127 facturus
3019 2072 3211 2138 fuerat,
3256 2088 3323 2126 an
3354 2075 3500 2127 non?
3526 2074 3686 2140 Quod

2104 2163 2161 2216 in
2197 2175 2256 2216 se
2298 2161 2680 2232 repudiaturus
2727 2161 2846 2229 fuit,
2872 2169 3220 2218 contemnere
3269 2163 3454 2218 debuit
3506 2174 3565 2221 et
3626 2167 3688 2220 in

2104 2251 2390 2321 propheta.

2174 2343 2240 2397 At
2282 2342 2376 2396 illa
2411 2344 2722 2413 praemonita
2749 2360 2782 2397 a
2823 2351 2989 2397 matre
3029 2357 3156 2397 sua:
3185 2343 3270 2398 Da
3303 2362 3452 2407 mini,
3492 2357 3688 2416 inquit,

2104 2435 2188 2488 hic
2217 2434 2272 2488 in
2297 2434 2439 2490 disco
2465 2443 2620 2504 caput
2643 2431 2867 2488 Joannis
2901 2432 3171 2503 Baptism.
3200 2434 3463 2489 Herodias
3487 2437 3693 2493 timens

2105 2541 2174 2582 ne
2203 2525 2442 2581 Herodes
2465 2524 2755 2594 aliquando
2793 2525 3154 2595 resipisceret,
3175 2526 3257 2582 vel
3284 2524 3528 2598 Philippo
3572 2529 3688 2582 fra-

2107 2617 2174 2672 tri
2204 2617 2411 2672 amicus
2430 2616 2605 2682 ﬁeret,
2634 2625 2798 2686 atque
2825 2617 3024 2672 illicita:
3049 2618 3252 2687 nuptiae
3306 2621 3528 2689 repudio
3575 2623 3691 2675 sol—

2105 2713 2381 2772 verentur,
2409 2715 2592 2786 monet
2634 2706 2800 2761 ﬁliam
2843 2716 2904 2762 ut
2954 2707 3008 2761 in
3055 2708 3170 2777 ipso
3201 2710 3383 2764 statim
3435 2713 3697 2768 convivio

2107 2806 2268 2867 caput
2294 2795 2518 2852 Joannis
2565 2797 2820 2869 postulet,
2852 2797 3016 2867 digno
3051 2814 3215 2870 opere
3257 2801 3557 2858 saltationis
3605 2805 3693 2858 di-

2105 2905 2268 2960 gnum
2301 2890 2578 2961 sanguinis
2599 2890 2902 2960 praemium.

2178 2981 2248 3036 Et
2277 2983 2612 3038 contristatus
2631 2992 2705 3036 est
2744 2999 2836 3037 rea:
2859 3000 2878 3038 :
2899 2994 3108 3055 propter
3122 2984 3483 3054 juramentum
3507 2994 3697 3040 autem

427 3079 630 3149 nuptiis
675 3077 974 3147 copulasse.
1005 3075 1111 3144 Qui
1141 3075 1213 3131 sit
1240 3091 1371 3131 vero
1396 3075 1486 3129 hic
1513 3072 1809 3142 Philippus,
1834 3087 2003 3126 evan-
2039 3138 2075 3149 Α
2105 3083 2156 3128 et
2200 3089 2288 3129 eos
2341 3073 2432 3141 qui
2457 3064 2844 3140 recumbebant,
2867 3075 3027 3145 jussit
3081 3076 3224 3132 dari.
3273 3075 3703 3134 Consuetudinis

428 3138 618 3242 gelista
657 3138 834 3222 Lucas
889 3138 1100 3236 plenius
1157 3165 1342 3222 docet:
1375 3164 1525 3217 Anno
1577 3138 1756 3232 quinto
1805 3161 2005 3215 decimo
2033 3138 2077 3200 δ
2110 3138 2510 3236 Scripturarum
2541 3175 2644 3231 εει,
2675 3174 2736 3219 ut
2753 3138 3058 3237 opinionem
3084 3167 3373 3224 multorum
3402 3169 3478 3224 sic
3505 3179 3701 3224 narret

429 3257 631 3328 imperii
685 3255 877 3310 Tiberii
937 3253 1187 3320 Censoris,
1225 3262 1539 3322 procurante
1586 3249 1774 3306 Pontio
1830 3248 2004 3303 Pilato
2104 3257 2700 3328 higmg-icus,quomodo
2726 3273 2792 3313 eo
2821 3266 3058 3328 tempore
3077 3259 3404 3315 εὼθωηίδυς
3430 3261 3703 3316 credeba-

428 3348 696 3411 Judaram,
767 3346 1029 3400 tetrarclta
1097 3361 1216 3400 vero
1293 3343 1531 3398 Galilwa:
1593 3341 1822 3406 Herode,
1878 3339 2008 3393 Phi-

2118 3354 2213 3400 tur.
2234 3346 2385 3401 Sicut
2407 3344 2604 3418 Joseph
2619 3347 2686 3402 ab
2711 3347 2823 3416 ipsa
2843 3363 3058 3419 quoque
3083 3347 3249 3403 Maria
3274 3349 3570 3419 appellatur
3600 3366 3703 3419 pa-

431 3434 569 3504 Iippo
617 3449 733 3487 vero
792 3432 956 3500 fratre
997 3433 1115 3499 eius
1167 3429 1429 3483 tetrarcha
1487 3427 1701 3482 Itura’w
1755 3437 1802 3480 et
1847 3424 2008 3479 Thra-
2108 3440 2194 3488 ter
2226 3433 2374 3500 Jesu,
2401 3435 2474 3488 ita
2511 3442 2567 3491 et
2601 3450 2745 3490 nunc
2785 3433 3025 3492 Her'odes
3071 3437 3269 3492 dicitur
3316 3439 3703 3502 contristatus,

432 3524 678 3578 conitidis
730 3525 956 3594 regionis
1007 3523 1161 3596 (Luc.
1220 3521 1326 3592 ut).
1358 3521 1498 3590 Ergo
1540 3517 1775 3575 Joannes
1822 3519 2008 3589 Bapti-
2109 3525 2235 3592 quia
2264 3525 2371 3580 hoc
2395 3525 2798 3582 discumbentes
2824 3528 3104 3598 putabant.
3138 3528 3506 3585 Dissimulator
3543 3531 3703 3585 enim

431 3622 536 3677 sta,
587 3613 680 3682 qui
741 3614 889 3668 venit
934 3614 987 3668 in
1033 3611 1222 3681 spiritu
1266 3618 1321 3666 et
1354 3609 1553 3664 virtute
1593 3607 1721 3663 Elia:
1750 3649 1764 3673 ,
1819 3610 2008 3664 eadem
2112 3619 2309 3673 mentis
2343 3633 2454 3674 suae
2487 3627 2544 3674 et
2563 3618 2759 3675 artifex
2797 3620 3068 3676 homicida
3116 3621 3396 3676 tristitiam
3429 3621 3699 3690 praefere-

433 3704 756 3759 auctoritate
786 3719 890 3774 qua
952 3703 1039 3758 ille
1080 3701 1265 3757 Achab
1315 3700 1653 3770 corripuerat
1701 3708 1754 3756 et
1796 3700 2011 3756 Jezabel
2110 3709 2203 3764 bat
2254 3711 2309 3765 in
2363 3710 2523 3776 facie,
2546 3727 2666 3766 cum
2697 3711 2937 3766 lmtitiam
2989 3714 3213 3769 haberet
3241 3715 3296 3769 in
3342 3715 3707 3772 meme.See-

437 3795 558 3869 (III
602 3795 729 3867 Reg.
773 3794 912 3865 xxn),
973 3794 1149 3866 arguit
1200 3791 1468 3849 Herodem
1521 3801 1576 3848 et
1631 3793 2010 3860 Herodiadem,
2114 3800 2305 3871 iusque
2333 3809 2556 3856 excusat
2576 3799 2906 3869 juramento,
2939 3810 2998 3856 ut
3027 3802 3128 3857 sub
3151 3806 3435 3859 occasione
3471 3804 3710 3874 pietatis

433 3887 578 3956 quod
638 3887 854 3943 illicitas
915 3887 1131 3956 nuptias
1191 3885 1455 3952 fecerint,
1526 3895 1582 3941 et
1635 3901 1740 3941 non
1819 3887 2009 3953 liceat,
2113 3890 2310 3960 impius
2340 3889 2512 3946 ﬁeret.
2542 3889 2695 3956 Quod
2741 3906 2870 3946 vero
2901 3891 3136 3959 subjicit,
3165 3901 3213 3947 et
3245 3903 3453 3963 prapter
3484 3909 3572 3948 eos
3602 3895 3706 3962 qui

433 3975 600 4031 fratre
650 3976 863 4031 vivente
905 3990 1180 4046 germano,
1204 3975 1346 4029 illius
1375 3990 1600 4030 uxorem
1652 3977 1870 4040 ducere,
1904 3991 2015 4029 ma-

433 4065 550 4121 lens
596 4064 890 4136 periclitari
915 4066 1055 4135 apud
1076 4079 1280 4138 regem,
1309 4079 1468 4134 quam
1497 4075 1716 4138 propter
1753 4067 2016 4122 adulatio-

363 4186 378 4199 -
435 4172 561 4214 nem
591 4172 711 4214 esse
733 4157 1017 4214 immemor
1046 4165 1442 4228 praeceptorum
1465 4157 1582 4213 Dei.

508 4248 578 4302 Et
604 4247 777 4303 uolens
802 4247 953 4303 illum
972 4249 1208 4304 occidere
1237 4248 1410 4302 timuit
1431 4249 1700 4319 populum,
1733 4250 1858 4319 quia
1880 4251 2015 4306 sicut

434 4338 738 4409 prophetam
762 4355 880 4394 eum
907 4339 1185 4395 habebant.
1216 4337 1545 4396 Seditionem
1595 4341 1812 4410 quidem
1837 4342 2016 4413 populi

436 4431 725 4484 verebatur
753 4437 973 4500 propter
1000 4425 1261 4486 Joannem
1281 4429 1600 4500 Baptistam,
1624 4446 1654 4483 a
1677 4446 1784 4501 quo
1809 4433 2016 4488 sciebat

437 4522 626 4576 turbas
678 4519 735 4574 in
781 4519 1016 4576 Jordane
1060 4519 1323 4591 plurimas
1370 4535 1490 4576 esse
1548 4520 1881 4590 haptizatas;
1921 4523 2017 4578 sed

437 4624 626 4664 arnore
645 4609 963 4664 vincebatur
1001 4608 1205 4673 uxoris,
1233 4607 1302 4663 ob
1347 4608 1500 4679 cujus
1554 4607 1802 4663 ardorem
1852 4610 2017 4666 etiam

439 4695 536 4756 Dei
566 4705 833 4769 praecepta
859 4697 1189 4768 neglexerat.

510 4789 610 4843 Die
647 4797 818 4843 autem
842 4785 1030 4842 natalis
1056 4785 1284 4842 Herodis
1303 4786 1510 4841 saltauit
1533 4787 1648 4857 ﬁlia
1694 4788 2015 4847 Herodiadis

440 4878 496 4934 in
525 4878 718 4943 medio,
746 4887 793 4932 et
836 4876 1034 4948 placuit
1070 4876 1293 4932 Herodi.
1322 4877 1502 4951 (ΚΑΒ.)
1535 4877 1646 4934 Soli
1702 4882 2012 4938 mortalium

407 4963 412 4968 ’
441 4968 680 5024 Herodes
707 4974 763 5023 et
791 4966 1002 5023 Pharao
1038 4967 1287 5038 leguntur
1320 4967 1463 5022 diem
1511 4970 1706 5027 natalis
1744 4972 1827 5027 sui
1881 4989 2014 5044 gau-

445 5059 548 5114 diis
575 5057 783 5113 festivis
829 5058 1133 5114 celebrasse
1159 5057 1311 5130 (Gen.
1347 5059 1457 5129 xu).
1490 5058 1596 5116 Sed
1636 5069 1862 5132 uterque
1907 5079 2006 5120 rex

443 5147 680 5204 infausto
703 5149 944 5220 auspicio
970 5149 1314 5204 festivitatem
1343 5164 1495 5205 suam
1541 5153 1801 5222 sanguine
1846 5152 2018 5210 foeda-

439 5240 540 5296 vit.
573 5238 772 5298 Verum
800 5241 1038 5298 Herodes
1071 5249 1220 5297 tanto
1249 5242 1450 5312 majore
1486 5243 1782 5313 impietate,
1809 5257 2014 5316 quanto

441 5344 691 5392 sanctum
715 5345 772 5391 et
790 5337 1131 5391 innocentem
1151 5337 1426 5391 doctorem
1453 5338 1700 5393 veritatis
1729 5346 1783 5393 et
1811 5355 2015 5409 praeco-

443 5440 566 5484 nem
589 5429 715 5485 vita;
735 5444 799 5485 ac
831 5429 982 5500 regni
1019 5429 1254 5484 ctelestis
1277 5428 1496 5493 occidit,
1531 5437 1587 5483 et
1635 5429 1739 5485 hoc
1765 5445 1864 5500 pro
1892 5441 2016 5488 voto

443 5530 508 5572 ac
542 5518 797 5588 petitione
819 5517 1127 5581 snltatricis,
1155 5529 1329 5584 neque
1355 5530 1475 5570 eam
1500 5517 1662 5572 occisi
1691 5527 1851 5589 caput
1892 5530 2018 5577 ante

445 5608 701 5662 couvivas
729 5607 931 5663 inferre
953 5607 1160 5675 puduit.
1186 5603 1321 5660 Nam
1353 5603 1563 5658 Pharao
1590 5607 1721 5661 nihil
1746 5609 1868 5664 talis
1924 5624 2016 5666 ve-

446 5699 612 5753 saniae
637 5697 972 5753 commisisse
995 5697 1210 5770 legitur,
1240 5697 1333 5752 sed
1357 5705 1535 5750 tamen
1575 5708 1890 5766 peccantem
1914 5701 2016 5757 sibi

2113 3981 2311 4049 pariter
2354 3979 2738 4044 recumbebant,
2783 3979 2899 4034 vult
2937 3993 3127 4035 omnes
3175 3980 3394 4036 sceleris
3431 3981 3511 4036 sui
3570 3997 3707 4036 esse

2116 4079 2432 4138 consortes,
2484 4080 2546 4127 ut
2597 4071 2651 4126 in
2713 4071 3024 4134 luxurioso’
3050 4071 3371 4143 impuroque
3443 4075 3708 4130 convivio

2117 4169 2354 4216 cruenta:
2370 4161 2539 4231 epulae
2559 4161 2920 4216 deferrentur.

2189 4247 2434 4320 Misitque
2453 4258 2502 4306 et
2524 4249 2801 4305 decollavit
2850 4249 3107 4304 Joannem
3129 4255 3192 4309 in
3213 4266 3442 4316 carcere,
3465 4261 3510 4304 et
3554 4250 3710 4305 alch

2119 4351 2228 4396 tum
2268 4353 2344 4397 est
2376 4352 2530 4413 caput
2561 4342 2674 4414 ejus
2711 4345 2767 4398 in
2811 4345 2973 4409 disco,
3003 4355 3052 4398 et
3087 4344 3269 4399 datum
3307 4357 3384 4401 est
3415 4345 3622 4417 puellae,
3647 4360 3708 4402 es

2121 4435 2239 4490 tulit
2259 4437 2416 4491 matri
2437 4453 2566 4492 suae.
2595 4435 2866 4510 (Hieron.)
2888 4436 3143 4508 Legimus
3167 4438 3221 4493 in
3250 4436 3490 4493 Romana
3517 4437 3710 4493 histo-

2119 4527 2201 4582 ria
2231 4527 2556 4584 Flaminium
2582 4528 2770 4583 ducem
2803 4529 3173 4584 Romanorum
3218 4530 3361 4599 quod
3409 4530 3710 4586 accubanti

2109 4616 2265 4688 juxta
2295 4633 2355 4674 se
2380 4618 2756 4683 meretriculae,
2785 4633 2906 4688 quae
2927 4633 3203 4688 nunquam
3224 4619 3427 4674 vidisse
3448 4634 3507 4673 se
3547 4619 3711 4674 dicc-

2118 4716 2203 4764 ret
2227 4708 2497 4764 hominem
2526 4708 2868 4779 decollatum,
2889 4709 3128 4764 assensit
3153 4718 3214 4763 ut
3240 4709 3290 4764 ei
3318 4725 3442 4766 reus
3475 4711 3710 4780 quidam

2117 4797 2362 4868 capitalis
2387 4797 2630 4853 criminis
2654 4798 2706 4853 in
2730 4799 2978 4854 convivio
3009 4806 3372 4864 truncaretur,
3393 4815 3425 4854 a
3454 4800 3707 4856 censori-

2115 4887 2216 4943 bus
2242 4887 2455 4959 pulsum
2483 4888 2653 4952 curia,
2677 4888 2818 4956 quod
2845 4888 3030 4958 epulas
3056 4888 3306 4959 sanguini
3329 4890 3700 4945 commiscue—

2118 4978 2211 5043 rit,
2240 4985 2296 5032 et
2338 4978 2854 5046 mortem,quamvis
2902 4979 3048 5034 noxii
3097 4979 3332 5034 hominis
3360 4979 3418 5034 in
3463 4979 3698 5036 alterius

2119 5065 2340 5123 delicias
2365 5067 2693 5137 praestiterit,
2726 5075 2786 5121 ut
2819 5066 2986 5123 libido
3015 5076 3064 5123 et
3093 5067 3445 5124 homicidium
3491 5070 3714 5138 pariter

2121 5155 2494 5211 miscerentur.
2526 5155 2741 5222 Quanto
2788 5155 3100 5212 sceleratior
3147 5157 3386 5214 Herodes
3431 5167 3488 5213 et
3536 5158 3715 5214 Hero-

2120 5246 2257 5311 dias,
2285 5261 2348 5301 ac
2397 5246 2570 5315 puella
2601 5261 2721 5316 qua:
2756 5246 3068 5311 saltavit,in
3131 5249 3364 5319 pretium
3420 5250 3714 5318 sanguinis

2123 5345 2283 5406 caput
2316 5335 2550 5406 postulat
2569 5336 2866 5406 prophetze,
2893 5346 2952 5391 ut
2983 5339 3177 5393 habeat
3207 5339 3261 5396 in
3287 5347 3563 5408 potestate
3610 5340 3714 5394 lin-

2123 5440 2300 5494 gnam,
2334 5439 2452 5492 quae
2478 5423 2688 5480 illicitas
2707 5427 2922 5496 nuptias
2945 5427 3238 5497 arguebat?
3264 5429 3378 5484 Hoc
3415 5430 3572 5499 juxta
3618 5429 3715 5484 lit—

2125 5525 2293 5572 teram
2322 5516 2524 5574 factum
2553 5518 2659 5584 sit;
2686 5535 2785 5573 nos
2808 5535 2936 5575 vero
2956 5536 3127 5590 usque
3165 5523 3217 5576 in
3245 5523 3391 5578 hunc
3417 5524 3562 5578 diem
3593 5538 3711 5589 cer-

2127 5607 2302 5662 nimus
2333 5609 2386 5662 in
2416 5608 2590 5678 capite
2613 5605 2834 5665 Joannis
2853 5612 3148 5680 prophetae,
3171 5611 3384 5667 Judazos
3405 5612 3710 5678 Christum,

2126 5699 2215 5768 qui
2240 5699 2795 5770 caputprophetarum
2816 5709 2918 5767 est,
2944 5702 3256 5770 perdidisse.
3287 5702 3469 5776 (ΗΑΒ.)
3508 5702 3718 5766 Aliter,
