3978 6190
219 304 308 361 961

1170 298 1515 357 COMMENT.
1564 302 1631 356 IN
1672 303 2102 360 MATTIIAZL’M.

2148 336 2211 346 --
2248 304 2374 359 LIB.
2414 305 2477 359 V.
3360 312 3466 368 963

215 413 488 475 decollatio
539 413 760 468 Joannis
807 395 1217 468 minorationem
1267 415 1420 470 fama:
1481 393 1649 480 illius,
1679 431 1783 484 qua
1813 421 1859 477 Α
1891 415 1974 468 nis
1999 403 2340 469 abolitionem
2386 416 2518 486 legis
2538 417 2822 496 signiﬁcat.
2867 420 2936 477 Ut
2972 420 3133 488 igitur
3169 422 3308 476 istud
3343 439 3462 478 ma-

213 505 451 561 Christus
475 518 504 556 a
533 501 728 572 populo
745 503 1064 556 credebatur
1079 502 1337 568 insinuat,
1363 505 1502 559 sicut
1524 504 1785 558 exaltatio

213 600 262 654 in
307 611 465 650 cruce
499 593 707 648 Domini
756 592 1052 649 Salvatoris
1095 593 1396 663 profectum
1461 596 1786 666 designabat

211 688 350 751 ﬁdei,
380 700 484 756 qua
517 684 630 753 ipse
659 683 749 752 qui
780 683 928 752 prius
962 699 991 737 a
1034 683 1202 738 turbis
1228 685 1486 753 propheta
1512 699 1636 739 esse
1687 700 1784 754 pu-

211 777 438 838 tabatur,
509 774 766 829 Dominus
821 776 1203 844 prophetarum
1256 785 1311 830 et
1386 773 1642 830 Christus
1689 776 1782 830 Del

209 864 370 925 Filius
398 880 429 918 a
470 865 680 919 cunctis
711 863 956 920 ﬁdelibus
981 873 1063 919 est
1103 866 1336 935 agnitus.
1369 865 1608 920 Minutus
1655 879 1782 935 ergo

211 959 375 1029 capite
407 965 490 1011 est
516 955 770 1015 Joannes.
805 956 1070 1010 exaltatus
1116 966 1196 1010 est
1235 956 1287 1009 in
1334 971 1548 1010 crucem
1598 955 1782 1009 Domi-

209 1066 322 1112 nus,
351 1046 476 1116 quia
521 1045 660 1100 sicut
715 1045 850 1098 idem
896 1044 1129 1099 Joannes
1181 1045 1276 1108 ait,
1316 1044 1465 1098 illum
1511 1045 1780 1116 oportebat

208 1151 443 1197 crescere,
481 1132 744 1188 Joannem
768 1148 896 1187 vero
938 1133 1137 1197 minui;
1169 1133 1318 1186 illum
1363 1133 1455 1204 qui
1508 1135 1779 1203 propheta

205 1223 589 1286 aestimabatur,
617 1220 889 1276 Christum
917 1221 1187 1291 cognosci,
1216 1231 1271 1276 et
1315 1236 1438 1276 eum
1473 1223 1562 1291 qui
1613 1221 1778 1277 Chri-

205 1323 315 1370 stus
340 1329 449 1383 pme
472 1313 728 1366 virtutum
745 1311 1072 1366 sublimitate
1090 1312 1402 1380 putabatur,
1431 1311 1632 1367 Christi
1653 1326 1777 1368 esse

202 1406 512 1478 prophetam
561 1412 615 1458 et
657 1417 1043 1473 praecursorem
1086 1402 1309 1458 decebat
1354 1405 1596 1476 intelligi.
1621 1404 1773 1472 Quod

205 1496 369 1566 ipsum
421 1509 634 1565 quoque
688 1492 1033 1548 distinctione
1078 1495 1352 1564 temporis,
1383 1510 1492 1565 quo
1545 1506 1774 1566 uterque

203 1602 379 1641 eorum
404 1595 561 1640 natus
613 1592 717 1650 est,
745 1585 878 1639 satis
935 1593 1120 1653 aperte
1170 1585 1440 1655 signatum
1487 1594 1601 1651 est;
1645 1587 1770 1656 quia

200 1675 427 1730 Joannes
447 1675 662 1745 quidem
685 1690 842 1744 quem
870 1674 1152 1744 oportebat
1172 1675 1359 1740 minui,
1375 1691 1496 1730 cum
1519 1677 1769 1731 diurnum

1887 504 2136 559 nifestius
2193 505 2286 560 ﬁat
2315 520 2492 562 sermo
2515 507 2581 562 ad
2605 509 2868 580 originem
2897 512 3276 582 propositionis
3318 512 3458 567 refe-

1887 595 2084 649 rendus
2107 602 2208 648 est.
2227 593 2484 662 Joannes,
2514 605 2574 650 ut
2603 596 2915 667 frequenter
2941 601 3336 663 admonuimus,
3355 601 3462 656 for-

1886 698 2025 737 mam
2049 684 2282 754 praztulit
2314 683 2467 756 legis,
2495 687 2619 755 quia
2661 687 2745 741 lex
2786 688 3060 743 Christum
3129 690 3460 760 przedicavit,

1884 782 1939 826 et
1958 772 2190 828 Joannes
2218 772 2492 844 profectus
2515 789 2583 829 ex
2634 775 2750 846 lege
2773 786 2875 839 est,
2903 777 3177 831 Christum
3232 794 3298 832 ex
3346 777 3462 848 lege

1883 863 2278 930 pnenuntians;
2308 864 2550 920 Ilerodes
2597 879 2727 919 vero
2769 867 3019 936 princeps
3055 877 3135 922 est
3175 869 3374 937 populi,
3404 879 3460 922 et

1884 954 2132 1024 princeps
2176 955 2355 1024 populi
2415 956 2641 1026 subjecti
2694 957 2816 1022 sibi,
2851 960 3215 1014 universitatis
3265 976 3458 1014 nomen

1884 1056 2211 1112 causamque
2275 1044 2668 1114 complectitur.
2711 1045 2946 1102 Joannes
3015 1063 3141 1119 ergo
3191 1048 3456 1104 llerodem

1883 1132 2154 1196 monebat,
2186 1147 2253 1186 ne
2279 1132 2464 1188 fratris
2511 1135 2591 1187 sui
2620 1150 2842 1189 uxorem
2880 1137 2980 1191 sibi
3012 1137 3283 1209 jungeret.
3319 1137 3458 1196 Sunt

1881 1221 2024 1274 enim
2055 1232 2216 1291 atque
2243 1231 2397 1277 erant
2421 1224 2528 1279 duo
2574 1226 2774 1293 populi,
2806 1227 3231 1284 circumcisionis
3259 1239 3311 1283 et
3332 1246 3457 1301 gen-

1883 1309 2032 1364 tium.
2075 1310 2180 1365 Sed
2210 1311 2460 1368 Israelem
2498 1313 2580 1368 lex
2641 1302 2962 1370 admonebat
3009 1334 3076 1372 ne
3123 1334 3281 1387 opera
3325 1335 3450 1389 gen-

1880 1398 2010 1454 tium
2053 1400 2528 1473 inﬁdelitatemque
2567 1403 2668 1458 sibi
2712 1405 2977 1475 jungeret.
3011 1406 3259 1461 Gentium
3310 1411 3454 1464 enim

1875 1491 2022 1548 socia
2052 1491 2342 1548 infidelitas
2368 1504 2467 1558 est,
2503 1509 2622 1564 qua:
2651 1495 2780 1565 ipsis
2812 1505 3063 1566 tanquam
3091 1497 3300 1552 vinculo
3329 1514 3459 1554 con-

1869 1579 2070 1652 jugalis
2093 1582 2295 1637 amoris
2323 1598 2535 1637 annexa
2559 1595 2660 1638 est.
2705 1584 2767 1637 Hi
2806 1585 2968 1655 igitur
2997 1585 3190 1641 fratres
3246 1601 3311 1640 ex
3363 1600 3463 1641 eo-

1875 1673 1998 1726 dem
2027 1671 2246 1726 humani
2273 1671 2486 1741 generis
2516 1683 2643 1726 sunt
2689 1681 2938 1740 parente,
2969 1677 3038 1727 ob
3089 1674 3227 1727 hanc
3276 1674 3458 1743 itaque

199 1768 372 1822 lumen
428 1769 784 1832 decresceret,
831 1775 990 1822 natus
1030 1777 1152 1822 est:
1188 1767 1445 1822 Dominus
1493 1782 1622 1822 vero
1680 1767 1772 1836 qui
1802 1764 1848 1822 B
1876 1777 2084 1832 aspera:
2126 1765 2512 1820 admonitionis
2569 1767 2874 1831 veritatem,
2921 1765 3154 1821 Joannes
3202 1776 3447 1835 tanquam

198 1872 319 1910 vera
364 1857 452 1911 lux
522 1857 706 1911 mundi
757 1865 953 1920 est,eo
1011 1856 1136 1910 anni
1187 1865 1426 1926 tempore
1487 1871 1594 1926 quo
1654 1856 1770 1911 dies

195 1961 439 2001 crescere
470 1947 675 2018 incipit,
698 1940 912 2002 luciﬁna
975 1947 1132 2002 nobis
1161 1964 1271 2003 sua:
1295 1949 1433 2004 dona
1474 1948 1770 2004 nativitatis

195 2035 456 2090 exhibuit.

267 2126 334 2178 Et
385 2127 685 2180 accedentes
744 2127 986 2197 discipuli
1033 2129 1147 2198 ejus
1192 2127 1420 2183 tulerunt
1467 2147 1676 2200 corpus,
1721 2139 1775 2184 et

195 2215 503 2283 sepelierunt
527 2215 676 2270 illud.
709 2217 806 2272 Hic
830 2235 956 2290 ergo
987 2220 1276 2289 discipulos
1303 2229 1359 2276 et
1411 2221 1579 2291 ipsius
1604 2222 1769 2277 Joan-

199 2304 282 2359 nis
312 2313 367 2359 et
405 2305 701 2362 Salvatoris
728 2323 1015 2378 possumus
1065 2309 1383 2380 intelligere.
1412 2309 1521 2366 Nec
1543 2322 1768 2380 praeter-

193 2395 426 2451 eundum
463 2400 606 2468 quod
643 2409 830 2454 narrat
872 2398 1162 2470 Josephus,
1219 2401 1456 2454 vinctum
1509 2400 1770 2455 Joannem

193 2485 245 2540 in
273 2487 552 2543 castellum
580 2487 929 2544 Machernnta
957 2488 1266 2552 abductum,
1307 2489 1488 2558 ibique
1547 2497 1768 2544 trunca-

193 2585 323 2631 tum.
351 2576 551 2632 Narrat
574 2588 630 2634 et
649 2578 884 2633 Historia
909 2578 1274 2633 ecclesiastica
1328 2578 1597 2649 sepultum
1645 2593 1770 2633 eum

191 2670 242 2720 in
310 2667 539 2724 Sebaste
587 2669 719 2723 urbe
787 2668 1086 2732 Palestime,
1153 2683 1272 2737 quae
1322 2670 1588 2738 quondam
1667 2667 1769 2724 Sa-

190 2761 358 2814 maria
389 2761 534 2814 dicta
564 2767 680 2825 est;
714 2770 772 2814 at
814 2768 1056 2828 tempore
1101 2758 1295 2813 Juliani
1323 2761 1582 2829 principis
1636 2760 1772 2814 invi-

190 2852 378 2904 dentes
402 2835 750 2915 Christianis,
787 2850 878 2919 qui
903 2849 1205 2919 sepulcrum
1235 2850 1371 2920 ejus,
1399 2850 1486 2919 pia
1514 2849 1770 2904 sollicitu-

190 2940 308 2995 dine
337 2938 778 3008 frequentabant,
801 2953 1038 3010 paganos
1055 2939 1320 2994 invasisse
1343 2949 1768 3002 monumentmn,

187 3046 304 3086 ossa
339 3030 664 3099 dispersisse
687 3045 783 3100 per
803 3045 1042 3098 campos,
1073 3039 1129 3084 et
1155 3045 1370 3085 rursum
1396 3029 1619 3084 collecta
1650 3030 1773 3098 igne

189 3133 484 3184 cremasse,
513 3133 577 3173 ac
603 3119 779 3174 denuo
819 3119 1140 3187 dispersisse
1189 3134 1284 3189 per
1328 3135 1504 3190 agros.
1540 3117 1771 3174 All'uisse

190 3227 315 3265 vero
345 3221 479 3265 tunc
507 3209 763 3279 temporis
786 3209 985 3264 ibidem
1014 3209 1080 3265 de
1139 3209 1528 3282 Hierosolymis
1586 3225 1774 3265 mona-

190 3302 334 3365 chos,
359 3300 455 3370 qui
499 3300 640 3354 misti
698 3299 924 3370 paganis
962 3315 1085 3355 ossa
1128 3300 1430 3371 legentibus
1478 3301 1769 3355 maximam

189 3409 371 3447 eorum
413 3403 621 3464 partem
645 3394 1114 3464 congregaverint,
1145 3405 1202 3450 et
1245 3397 1310 3450 ad
1360 3405 1566 3465 patrem
1613 3412 1770 3450 suum

187 3482 493 3552 Philippum
522 3482 946 3555 Hierosolymam
971 3484 1285 3539 detulerint.
1323 3485 1393 3540 At
1424 3486 1512 3541 ille
1563 3486 1773 3541 miserit

188 3588 247 3626 ea
275 3574 433 3628 beato
465 3573 755 3629 Athanasio
783 3575 1124 3631 Alexandria:
1161 3577 1434 3647 episcopo,
1460 3578 1638 3648 ibique
1660 3595 1774 3635 ser-

187 3673 304 3717 vata
335 3679 511 3734 usque
540 3665 607 3718 ad
631 3673 867 3734 tempora
907 3666 1189 3738 Theophili
1215 3666 1454 3736 ejusdem
1480 3669 1626 3725 urbis
1653 3671 1772 3740 epi-

189 3753 352 3821 scopi,
409 3754 628 3823 quando
671 3753 896 3822 jubente
952 3755 1252 3812 Theodosio
1306 3759 1550 3826 principe
1591 3760 1772 3814 omnia

188 3844 426 3911 gentium
454 3842 577 3898 fana
599 3843 868 3899 destructa
893 3854 1038 3900 sunt.
1061 3845 1213 3900 Tunc
1233 3856 1528 3916 expurgato
1549 3863 1578 3900 a
1608 3848 1776 3902 sordi-

190 3930 290 3986 bus
317 3929 522 4001 templo
544 3929 783 4002 Serapis,
816 3932 1014 3987 ibidem
1059 3933 1308 3998 illata,et
1351 3935 1628 3988 basilicam
1675 3950 1774 4005 pro

191 4022 406 4076 :cdicula
441 4021 664 4092 Serapis
686 4023 738 4076 in
763 4023 1022 4078 honorem
1051 4023 1222 4077 sancti
1254 4021 1480 4079 Joannis
1502 4038 1620 4078 esse
1645 4039 1775 4078 con-

193 4123 485 4178 secratam,
516 4128 637 4183 quae
664 4115 982 4185 martyrium
1018 4113 1332 4184 appellatur.
1367 4115 1510 4185 Lege
1557 4116 1777 4171 undeci-

194 4217 334 4256 umm
361 4201 618 4258 Historiae
644 4202 1024 4258 ecclesiasticae
1042 4203 1260 4258 librum.
1289 4203 1575 4274 Sequitur:

266 4292 330 4345 Et
376 4295 644 4348 venientes
677 4293 1046 4348 nuntiaverunt
1083 4293 1234 4348 Jesu.
1265 4294 1380 4349 Non
1436 4295 1607 4350 solum
1657 4313 1778 4366 qua:

197 4381 291 4451 ipsi
325 4392 611 4454 gesserant
636 4391 690 4439 et
714 4383 1010 4438 docuerant
1038 4384 1263 4454 apostoli
1309 4385 1535 4440 Domino
1582 4402 1780 4441 renun-

1873 1851 1957 1907 lex
1981 1855 2034 1908 in
2084 1871 2305 1910 carcere
2360 1856 2759 1911 continebatur.
2780 1857 2876 1910 Die
2925 1867 3104 1911 autem
3162 1857 3373 1922 natalis,
3400 1856 3458 1912 id

1870 1955 1972 2013 est,
2002 1961 2181 2002 rerum
2206 1950 2566 2019 corporalium
2596 1948 2807 2018 gaudiis
2837 1948 3147 2002 llerodiadis
3171 1948 3274 2001 lilia
3295 1948 3462 2002 salta-

1871 2035 1968 2090 vit.
2021 2035 2278 2093 Voluntas
2323 2039 2468 2092 enim
2527 2048 2782 2106 tanquam
2837 2051 2903 2092 ex
2964 2037 3278 2092 inﬁdelitate
3307 2047 3448 2104 orta,

1873 2128 2000 2181 totis
2024 2127 2398 2182 illecebrarum
2422 2129 2670 2184 cursibus
2685 2126 3030 2194 efferebatur,
3053 2130 3137 2184 cui
3161 2143 3218 2184 se
3239 2145 3458 2186 omnem

1871 2220 2031 2274 etiam
2056 2229 2394 2274 sacramento
2422 2221 2668 2274 venalem
2701 2219 2910 2290 populis
2935 2221 3138 2274 addixit
3162 2237 3175 2284 ;
3209 2222 3308 2275 sub
3330 2234 3462 2290 pee-

1871 2311 2009 2364 catis
2035 2310 2179 2364 enim
2208 2318 2262 2364 et
2282 2309 2460 2363 saeculi
2488 2310 2851 2380 voluptatilus
2880 2310 3130 2365 Israelita:
3153 2311 3274 2366 vitae
3298 2323 3460 2369 teter-

1872 2415 1955 2453 na:
1982 2414 2205 2452 munera
2231 2399 2604 2452 vendiderunt.
2638 2399 2762 2454 Haec
2787 2400 2975 2453 matris
3000 2414 3128 2462 suae,
3153 2400 3211 2453 id
3235 2409 3337 2464 est,
3371 2401 3456 2458 in-

1873 2489 2146 2542 ﬁdelitatis
2177 2488 2454 2551 instinctu,
2474 2487 2671 2543 deferri
2694 2488 2794 2542 sibi
2823 2486 3048 2542 Joannis
3068 2497 3248 2558 caput,
3278 2489 3330 2543 id
3350 2500 3456 2558 est,

1875 2579 2099 2650 gloriam
2132 2579 2264 2651 legis
2310 2581 2506 2646 oravit,
2531 2581 2656 2650 quia
2713 2581 2798 2635 lex
2851 2581 3214 2636 incestuorum
3265 2582 3455 2650 Israel,

1872 2670 2194 2724 auctoritate
2247 2670 2551 2724 divinorum
2599 2679 2987 2739 praaceptorum
3034 2673 3311 2743 arguebat.
3350 2673 3457 2729 Sed

1872 2757 2117 2825 superius
2138 2755 2376 2812 Herodes
2408 2758 2742 2829 signiﬁcatus
2769 2768 2851 2813 est
2879 2757 3140 2814 Joannem
3159 2761 3296 2817 velle
3316 2763 3455 2817 occi-

1873 2847 2021 2911 dere,
2045 2856 2100 2900 et
2130 2857 2272 2901 metu
2322 2846 2501 2917 populi
2529 2848 2817 2912 demorari,
2851 2848 2975 2916 quia
3007 2849 3146 2903 sicut
3194 2849 3460 2918 propheta

1875 2937 2192 2991 habebatur.
2227 2937 2378 2992 Nunc
2404 2953 2532 2992 vero
2557 2939 2794 3006 expetita
2836 2940 2952 3005 ejus
2993 2953 3122 2993 nece
3160 2955 3282 2993 cum
3321 2954 3458 3009 pra:-

1873 3033 2058 3086 sertim
2095 3020 2352 3103 religiene
2378 3033 2700 3087 sacramenti
2734 3033 3021 3096 detinetur,
3051 3033 3317 3102 quomodo
3360 3033 3456 3086 tri—

1799 3102 1842 3164 (ἶ
1877 3123 1977 3178 stis
2023 3102 2288 3178 efﬁcitur?
2331 3123 2675 3179 Contrarium
2724 3124 2973 3178 videlicet
3017 3131 3102 3176 est
3151 3134 3277 3176 tunc
3333 3137 3458 3177 eum

1872 3214 2127 3280 voluisse,
2153 3223 2206 3270 et
2241 3230 2383 3268 nunc
2407 3215 2568 3279 nolle,
2593 3223 2648 3269 et
2674 3228 2912 3282 przesens
2936 3213 3179 3268 molestia
3199 3213 3458 3267 anteriori

1871 3321 1980 3360 non
2002 3305 2254 3361 convenit
2281 3305 2559 3358 voluntati.
2588 3305 2786 3360 Verum
2811 3305 2863 3357 in
2888 3302 3256 3372 superioribus
3296 3310 3460 3372 gestat

1873 3395 1952 3449 rei
1980 3396 2113 3449 ordo
2135 3402 2238 3457 est,
2269 3394 2322 3447 in
2351 3394 2436 3448 his
2470 3402 2650 3448 autem
2680 3409 2822 3448 nunc
2870 3393 3078 3463 species
3106 3407 3283 3447 cansze
3331 3408 3458 3452 con-

1873 3485 2150 3554 sequentis
2171 3485 2476 3554 exponitur.
2501 3485 2742 3540 Gloriam
2783 3484 2918 3554 legis
2956 3484 3202 3539 voluntas
3227 3498 3294 3538 ex
3335 3482 3461 3538 infl-

1872 3576 2092 3630 delitate
2119 3584 2240 3630 orta
2269 3574 2570 3644 occupavit.
2613 3573 2718 3629 Sed
2751 3573 2977 3643 populus
3005 3574 3131 3628 boni
3165 3571 3283 3641 ejus
3313 3570 3460 3641 quod

1873 3668 1927 3732 in
1952 3667 2068 3738 lege
2093 3674 2211 3720 erat
2266 3667 2532 3727 conscius,
2563 3665 2868 3736 voluntatis-
2901 3663 3297 3720 conditionibus
3344 3677 3451 3716 non

1873 3757 1990 3810 sine
2014 3756 2195 3824 aliquo
2221 3756 2354 3808 certi
2375 3754 2598 3822 periculi
2621 3755 2703 3807 sui
2732 3753 2916 3806 dolore
2933 3751 3460 3820 cohibetur,scitque

1872 3848 2033 3902 talem
2057 3857 2444 3918 praeceptorum
2473 3845 2698 3916 gloriam
2726 3861 2832 3901 non
2856 3847 3158 3915 oportuisse
3183 3861 3242 3900 se
3263 3861 3457 3900 conce-

1873 3937 2020 4000 dere,
2053 3937 2146 3990 sed
2190 3936 2423 4004 peccatis
2464 3943 2721 4004 tanquam
2749 3935 3104 3989 sacramentis
3131 3945 3371 3997 coactus,
3402 3942 3459 3988 et

1872 4026 2175 4094 principum
2205 4023 2562 4092 adjaccntium
2593 4031 2738 4077 metu
2765 4031 2927 4092 atque
2972 4023 3220 4092 exemplo
3259 4025 3458 4092 depra-

1874 4123 2050 4179 vatus,
2081 4123 2133 4168 et
2161 4114 2334 4168 victus
2362 4112 2628 4166 illecebris
2675 4112 2967 4180 voluptatis
3007 4112 3170 4166 etiam
3229 4120 3456 4165 mcestns

1874 4204 2230 4274 obtemperat.
2292 4202 2459 4272 Igitur
2508 4202 2647 4255 inter
2702 4203 2907 4270 reliqua
2956 4199 3238 4259 dissoluta
3270 4200 3454 4268 populi

1876 4297 2068 4366 gaudia
2101 4296 2152 4350 in
2175 4296 2322 4349 disco
2342 4293 2564 4348 Joannis
2587 4301 2748 4362 caput
2769 4291 3230 4346 all'ertur.Damno
3250 4289 3460 4344 scilicet

1881 4388 2016 4460 legis
2040 4391 2288 4458 voluptas
2315 4400 2598 4455 corporum
2625 4385 2692 4438 ad
2719 4383 3006 4438 szeculares
3029 4383 3186 4437 luxus
3207 4391 3460 4455 augetur,

199 4447 354 4540 ﬁant:
388 4475 489 4530 sed
516 4475 680 4530 etiam
699 4489 819 4544 quae
844 4473 1080 4530 Joannes
1099 4476 1179 4530 eis
1205 4475 1256 4530 in
1283 4477 1522 4531 docendo
1551 4493 1781 4549 occupa-
1809 4447 1858 4506 υ
1883 4447 2034 4532 ρινὶω
2064 4447 2411 4547 perpuellam
2436 4475 2502 4530 ad
2530 4483 2757 4528 matrem
2778 4472 3040 4536 defertur,
3069 4488 3133 4528 ac
3155 4473 3200 4527 si
3239 4473 3464 4542 probro-

199 4563 266 4618 tis
285 4564 354 4618 sit
382 4580 600 4635 passus,
628 4564 716 4618 vel
743 4564 824 4618 sui
867 4565 951 4620 vel
981 4566 1220 4636 ejusdem
1260 4567 1507 4636 discipuli
1545 4567 1781 4624 Joannes

199 4655 246 4706 ei
275 4655 613 4710 renuntiant.
637 4655 861 4726 Mystice
887 4665 1064 4710 autem
1110 4655 1344 4713 Joannes
1397 4659 1620 4713 Domino
1648 4675 1784 4729 pne-

200 4761 390 4801 cursor
415 4747 590 4818 legem
613 4747 824 4801 Veteris
853 4745 1181 4802 Testamenti
1206 4750 1508 4820 signiﬁcare
1542 4753 1782 4809 videtur:

205 4835 290 4891 ille
313 4838 602 4893 tenebatur
625 4836 677 4890 in
705 4837 932 4892 vinculis
969 4846 1023 4891 et
1059 4853 1299 4904 carcere,
1321 4849 1376 4894 et
1405 4840 1487 4895 lex
1516 4841 1568 4895 in
1600 4843 1790 4898 obscu-

203 4930 552 4999 raangustia,
588 4935 644 4983 et
689 4929 976 4984 tenebroso
1021 4930 1184 4984 corde
1227 4932 1406 5001 populi
1453 4933 1780 4990 Judaeorum.

203 5015 293 5072 Ille
333 5018 514 5087 capite
559 5026 835 5072 truncatus
879 5026 980 5083 est,
1012 5019 1154 5086 quod
1203 5022 1523 5091 pnnsagium
1572 5022 1673 5076 fuit
1720 5039 1785 5080 eo

204 5110 345 5176 quod
371 5109 624 5163 amissuri
649 5117 828 5164 essent
850 5107 1017 5163 Judaei
1049 5108 1342 5175 Christum,
1358 5111 1449 5180 qui
1472 5122 1633 5181 caput
1655 5112 1787 5182 legis

204 5205 257 5250 et
303 5200 715 5268 prophetarum,
738 5199 876 5253 sicut
918 5214 1080 5269 supra
1127 5199 1500 5266 ostendimus;
1539 5201 1786 5272 discipuli

205 5285 348 5342 illius
375 5289 473 5357 qui
503 5303 700 5359 corpus
731 5289 848 5358 ejus
869 5288 1214 5358 sepelierunt,
1241 5299 1297 5344 et
1340 5300 1461 5359 post
1507 5291 1787 5347 venientes

207 5381 596 5436 nuntiaverunt
650 5382 896 5445 Domino,
919 5396 1039 5450 qua:
1084 5390 1233 5452 gesta
1297 5391 1440 5448 sunt,
1483 5383 1787 5452 signiﬁcare

207 5470 467 5526 videntur
493 5471 610 5527 illos
643 5473 732 5541 qui
762 5472 930 5542 legem
961 5473 1011 5525 in
1041 5472 1349 5528 carnalibus
1392 5473 1503 5544 jam
1527 5473 1782 5528 observa-

211 5563 449 5618 tionibus
477 5565 794 5618 exstinctam
851 5564 1065 5618 sibimet
1110 5565 1406 5620 indicantes
1443 5566 1510 5620 ad
1557 5567 1787 5636 gratiam

213 5654 582 5710 transiverunt
613 5655 818 5709 Domini
853 5653 1168 5719 Salvatoris,
1191 5657 1317 5725 quia
1341 5657 1610 5727 sepultura
1633 5655 1786 5712 Joan-

1884 4585 1976 4625 sus
2005 4567 2168 4623 Israel
2191 4576 2246 4622 et
2275 4567 2534 4621 voluntati
2587 4575 2644 4619 et
2693 4563 2994 4618 inﬁdelitati
3057 4580 3169 4619 sua:
3223 4563 3462 4631 familiae,

1885 4659 2093 4714 scilicet
2129 4667 2252 4713 ante
2279 4659 2512 4728 gentium
2559 4656 2810 4726 gloriam,
2840 4655 2974 4726 legis
3013 4656 3238 4710 addixit.
3273 4656 3468 4714 Finitis

1887 4747 2050 4819 igitur
2078 4746 2212 4817 legis
2239 4747 2583 4816 temporibus,
2615 4754 2814 4799 etcum
2865 4744 3072 4800 Joanne
3113 4745 3465 4814 consepultis,

1887 4837 2135 4908 discipuli
2165 4835 2280 4905 ejus
2309 4837 2483 4890 resita
2518 4835 2960 4906 gestasDomino
3008 4835 3308 4898 enuntiant,
3340 4849 3468 4890 cum

1889 4931 1954 4985 ad
1977 4927 2260 5000 Evangelia
2285 4925 2488 4981 scilicet
2520 4941 2585 4980 ex
2613 4925 2729 4994 lege
2742 4925 3020 4980 venientes
3049 4941 3177 4996 erga
3211 4925 3306 4979 Dei
3330 4924 3467 4980 Ver-

1891 5020 2018 5075 bum
2046 5019 2244 5074 curiosi
2272 5017 2543 5070 auditores
2598 5016 2750 5069 ﬁunt.
2802 5016 2972 5087 Igitur
3013 5017 3129 5089 lege
3186 5017 3336 5070 finita
3398 5017 3465 5068 ad

1891 5127 2050 5182 quem
2077 5111 2239 5166 alium
2273 5110 2354 5164 eis
2397 5109 2883 5179 transmigrandum
2911 5117 3048 5171 erat,
3072 5107 3174 5162 nisi
3233 5105 3301 5159 ad
3344 5119 3467 5157 eum

1893 5205 1985 5275 qui
2025 5210 2428 5259 consummator
2481 5199 2597 5267 ejus
2646 5201 2764 5256 est?
2789 5199 2940 5254 Finis
2981 5199 3119 5253 enim
3175 5196 3342 5267 legis,
3395 5196 3474 5249 ait

1893 5294 2201 5365 Apostolus,
2230 5292 2469 5346 Christus
2513 5300 2586 5344 est
2629 5291 2696 5346 ad
2741 5291 3007 5362 justitiam
3052 5288 3192 5343 omni
3237 5285 3470 5340 credenti

1895 5385 2070 5458 (Rom.
2102 5385 2181 5454 χ),
2211 5384 2301 5452 qui
2327 5381 2692 5438 Instrumenta
2718 5381 2897 5436 Veteri
2923 5380 3132 5435 Novum
3176 5377 3304 5433 fecit
3345 5392 3468 5432 suc-

1893 5479 2087 5532 cedere
2114 5475 2540 5530 Testaaiaentum.

1967 5564 2119 5631 Quod
2144 5580 2262 5618 cum
2301 5563 2532 5617 audisset
2551 5562 2727 5625 Jesus,
2749 5560 2953 5613 secessit
2983 5575 3104 5611 inae
3146 5574 3201 5611 in
3233 5553 3472 5612 navicula

1895 5658 1950 5712 in
1983 5657 2153 5712 locum
2177 5655 2433 5712 desertum
2449 5669 2704 5709 seorsum.
2729 5650 2944 5718 Non,ut
2963 5650 3182 5719 quidam
3205 5647 3472 5703 arbitran-
