3978 6190
534 252 642 310 963

1225 241 1287 297 Β.
1326 236 1582 295 RABANI
1618 235 1839 292 MAURI
1874 231 2195 291 ARC‘HlEP.
2238 231 2547 293 MOGUNT.
2585 227 2871 287 OPEBUM
2894 224 3075 282 PARS
3112 222 3154 279 l.

3688 225 3795 285 96s

534 377 643 424 tur.
668 358 863 415 timore
887 353 1098 419 mortis,
1115 350 1211 407 sed
1230 364 1461 421 parcens
1489 346 1723 403 inimicis
1749 346 1883 412 suis,
1914 359 1984 400 ne
2015 345 2109 400 ho-
2133 345 2183 406 A
2210 344 2438 417 mystice
2478 341 2748 414 signiﬁcat
2792 337 3067 394 fastidium
3107 333 3418 391 Judazorum
3447 343 3637 391 contra
3674 346 3798 395 tur-

534 449 754 506 micidio
778 444 1126 503 homicidium
1140 441 1463 514 jungerent;
1486 437 1573 493 vel
1616 437 1673 492 in
1699 437 1840 492 diem
1890 435 2109 491 Pascha:

533 556 691 598 suum
719 539 995 595 interitum
1022 532 1298 598 diﬂ'erens,
1325 531 1380 585 in
1407 545 1513 600 quo
1542 536 1764 601 propter
1798 542 2109 583 sacramen-

535 640 650 686 tum
684 626 1041 685 immolandus
1085 630 1169 678 est
1222 636 1415 691 agnus,
1441 628 1497 675 et
1549 628 1733 691 postes
1776 616 2113 674 credentium

537 718 797 790 sanguine
833 710 1199 785 reSpergendi.
1246 709 1372 764 Sive
1416 708 1536 765 ideo
1587 706 1832 771 recessit,
1863 713 1923 761 ut
1958 704 2114 759 nobis

535 807 800 879 praeberet
847 800 1149 872 exemplum
1199 798 1431 853 vitandae
1484 796 1626 852 ultro
1680 795 2008 851 tradentium
2056 807 2116 849 se

540 893 891 952 temeritatis:
927 890 1053 969 qpia
1083 904 1188 943 non
1222 902 1409 943 omnes
1436 887 1625 942 eadem
1652 886 1957 941 constantia
1994 899 2116 955 per-

541 992 789 1044 severant
838 981 890 1036 in
918 980 1220 1042 tormentis,
1246 978 1337 1048 qui
1390 993 1451 1033 se
1498 977 1826 1047 torquendos
1856 975 2114 1032 oderunt.

539 1075 621 1132 0b
657 1076 798 1129 hanc
848 1084 1087 1134 causam,
1148 1067 1326 1122 sciens
1394 1066 1600 1121 scilicet
1634 1080 1754 1134 qua:
1799 1065 1938 1120 mala
2003 1064 2116 1119 suis

540 1162 899 1220 sectatoribus
920 1159 1137 1214 vesania
1163 1156 1471 1211 Judazorum
1503 1164 1556 1210 et
1581 1156 1859 1227 gentilium
1881 1164 2026 1211 esset
2047 1155 2115 1210 il-

541 1256 735 1319 latura,
758 1264 812 1308 et
828 1252 880 1306 in
907 1250 1012 1304 alio
1035 1249 1148 1304 loco
1173 1249 1427 1318 prmcepit
1444 1269 1456 1302 :
1474 1247 1606 1302 Cum
1627 1264 1715 1301 vos
1732 1248 1987 1319 persecuti
2006 1247 2120 1316 [ue-

541 1348 646 1402 rint
660 1348 715 1400 in
731 1346 831 1399 ista
855 1343 1080 1405 civitate,
1111 1339 1274 1411 fugite
1288 1340 1341 1392 in
1355 1337 1515 1392 aliam
1531 1337 1748 1409 (Matth.
1767 1336 1880 1409 xx).
1894 1336 2120 1408 Elegan-

541 1448 625 1496 ter
643 1449 857 1509 quoque
888 1433 1215 1504 evangelista
1242 1447 1346 1487 non
1378 1432 1475 1494 ait,
1498 1430 1632 1502 fugit
1659 1429 1715 1484 in
1736 1428 1912 1483 locum
1940 1428 2122 1483 deser-

545 1540 676 1593 tum,
694 1528 785 1583 sed
798 1526 1029 1589 secessit,
1046 1532 1106 1577 ut
1124 1529 1500 1593 persecutores
1512 1520 1738 1574 vitaveri
1748 1529 1765 1574 t
1776 1519 1946 1590 magis
1959 1531 2123 1588 quam

544 1618 804 1675 timuerit.
846 1616 1017 1671 Aliter
1042 1633 1056 1668 :
1087 1612 1377 1682 Postquam
1397 1627 1425 1665 a
1452 1610 1652 1666 Judaeis
1676 1620 1731 1664 et
1762 1624 1891 1679 rege
1912 1607 2131 1664 Judaeu-

2210 437 2307 493 bas
2329 436 2589 509 gentium,
2625 433 2718 505 qui
2752 432 2821 487 de
2845 444 3031 485 carum
3069 428 3376 498 receptione
3404 442 3622 498 semper
3650 444 3800 486 ιηυιι-

2210 525 2521 588 murabant,
2551 532 2607 579 et
2652 521 2825 593 magis
2839 518 3159 589 judicabant
3206 533 3302 574 eos
3338 526 3495 588 aptos
3543 534 3688 586 esse,
3743 530 3801 576 ut

2210 620 2515 685 quaererent
2541 612 2644 669 sibi
2682 611 2864 667 cibum
2894 610 2948 664 in
2978 608 3366 665 conventiculis
3396 610 3797 681 haereticorum,

2212 703 2326 759 sive
2354 702 2971 774 pseudoprophetarum,
3010 714 3106 755 seu
3133 698 3601 770 philosophorum;
3634 717 3798 774 quam

2212 794 2516 851 divinorum
2574 791 2834 848 libroi'um
2894 798 3182 845 uterentur
3229 791 3497 860 pastione.
3557 792 3800 860 Quorum

2213 898 2343 940 voce
2366 891 2418 938 et
2456 882 2623 936 Isaias
2666 880 2793 935 olim
2822 878 3034 935 locutus
3062 879 3137 934 ait
3178 897 3192 932 :
3234 879 3366 935 Ecce
3419 892 3595 952 gentes
3646 884 3802 954 quasi

2212 973 2356 1029 stilla
2400 970 2575 1026 situlre
2599 1011 2614 1036 ,
2637 979 2685 1025 et
2728 971 2881 1043 quasi
2927 980 3247 1024 momentum
3294 979 3502 1025 statera:
3549 983 3801 1042 reputate

2214 1073 2357 1120 sunt.
2384 1062 2448 1116 Et
2478 1062 2606 1116 item
2640 1078 2653 1115 :
2687 1059 2900 1125 Omnes,
2937 1059 3132 1129 inquit,
3161 1069 3337 1130 gentes
3373 1063 3525 1132 quasi
3553 1080 3658 1118 non
3696 1066 3801 1118 sint

2215 1155 2291 1208 sic
2320 1162 2442 1208 sunt
2471 1168 2648 1206 coram
2674 1168 2755 1215 eo,
2781 1160 2830 1205 et
2850 1151 3000 1223 quasi
3039 1150 3261 1204 nihilum
3286 1161 3333 1205 et
3358 1152 3515 1206 inane
3550 1164 3802 1224 reputate

2216 1253 2338 1299 sunt
2366 1242 2500 1314 (Isa.
2534 1241 2645 1312 ιι).
2677 1240 2785 1296 Sed
2813 1240 3097 1305 Dominus,
3134 1241 3228 1310 qui
3270 1240 3447 1296 futura
3494 1252 3554 1297 ut
3583 1254 3803 1314 praeter-

2218 1335 2295 1390 ita
2347 1333 2516 1399 novit,
2550 1339 2606 1388 et
2646 1331 2734 1386 cui
2758 1330 2940 1386 omnia
2982 1332 3273 1401 praesentia
3303 1340 3449 1398 sunt,
3478 1348 3588 1389 non
3619 1335 3801 1392 inanes

2221 1424 2596 1490 dimittendas,
2641 1421 2736 1478 sed
2774 1422 2950 1493 magis
2978 1437 3075 1492 per
3114 1422 3258 1493 ipsos
3285 1423 3558 1491 apostolos
3600 1426 3801 1483 ctelesti

2223 1517 2345 1572 cibo
2370 1530 2464 1570 eas
2492 1515 2769 1570 satiandas
2798 1513 3059 1569 decrevit.
3091 1512 3243 1568 Unde
3278 1522 3334 1568 et
3372 1515 3626 1570 subditur
3651 1533 3666 1570 :

2294 1604 2453 1661 Iesus
2476 1615 2651 1660 autem
2671 1604 2806 1659 dixit
2836 1605 2912 1658 eis
2934 1619 2953 1657 :
2984 1603 3105 1659 Non
3128 1603 3316 1659 habent
3340 1620 3546 1660 necesse
3571 1607 3671 1670 ire,
3691 1607 3802 1661 date

546 1725 664 1764 rum
694 1706 969 1777 propheta:
997 1710 1305 1757 truncatum
1330 1709 1414 1754 est
1441 1706 1620 1770 caput,
1653 1714 1716 1754 ac
1771 1698 2006 1770 linguam
2055 1710 2121 1751 ac
2150 1688 2196 1748 Β
2223 1697 2330 1752 illis
2355 1714 2442 1752 vos
2473 1696 2813 1751 manducare.
2844 1693 3113 1765 (Ηὶετοη.)
3146 1693 3412 1752 Provocat
3440 1696 3715 1766 apostolos
3738 1696 3802 1751 ad

545 1812 733 1853 vocem
760 1795 902 1866 apud
928 1809 1022 1849 eos
1047 1792 1281 1863 perdidit
1305 1791 1608 1861 prophetia,
1633 1789 1789 1844 Jesus
1821 1787 2039 1842 transiit
2057 1785 2126 1842 ad

546 1888 820 1942 descrtmn
850 1882 1106 1937 Ecclesiae
1138 1880 1337 1945 locum,
1373 1894 1491 1949 quae
1516 1879 1690 1934 virum
1728 1887 1853 1935 ante
1897 1891 2003 1933 non
2030 1877 2126 1932 ha-

546 1978 759 2032 buerat.

618 2065 687 2119 Et
720 2080 837 2119 cum
858 2062 1122 2117 audissent
1147 2058 1334 2123 turbw,
1354 2065 1545 2112 secuta:
1564 2066 1686 2111 sunt
1722 2072 1841 2112 eum
1867 2056 2128 2128 pedestres

546 2172 612 2209 ae
639 2153 950 2209 civitatibus.
983 2151 1167 2206 Potest
1204 2157 1261 2205 et
1310 2149 1384 2202 ita
1433 2147 1625 2218 accipi,
1658 2147 1802 2216 quod
1847 2146 2008 2201 aliam
2058 2148 2129 2203 ob

548 2259 788 2308 causam,
816 2242 1000 2296 audito
1058 2237 1283 2294 Joannis
1326 2238 1568 2302 interitu,
1596 2237 1819 2293 secessit
1864 2236 2021 2294 Jesus
2073 2238 2129 2294 in

550 2336 824 2390 desertum
848 2333 1046 2396 locum,
1074 2338 1135 2385 ut
1160 2329 1492 2385 credentium
1523 2327 1778 2399 probaret
1809 2324 1991 2382 ﬁdem.
2022 2325 2129 2382 De-

559 2427 723 2499 nique
745 2425 910 2479 turba:
934 2434 1123 2478 secuta:
1150 2430 1269 2477 sunt
1295 2437 1414 2475 eum
1444 2419 1705 2488 pedestres
1722 2418 1787 2474 de
1808 2418 2126 2485 civitatibus,

553 2530 662 2572 nun
724 2515 778 2570 in
823 2512 1100 2583 jumentis,
1156 2526 1264 2567 non
1317 2510 1371 2565 in
1418 2509 1646 2565 diversis
1684 2507 1982 2575 vehiculis,
2036 2509 2131 2564 sed

550 2604 769 2676 proprio
829 2604 1014 2658 labore
1069 2603 1266 2673 pedum
1315 2609 1376 2658 ut
1411 2601 1661 2658 ardorem
1700 2600 1899 2656 mentis
1950 2609 2132 2656 osten-

551 2697 759 2751 derent.
781 2695 1021 2766 llludque
1048 2695 1341 2750 notandum
1373 2694 1536 2766 quod,
1561 2702 1846 2766 postquam
1872 2693 2131 2749 Dominus

550 2789 606 2844 in
637 2788 908 2844 desertum
936 2788 1165 2851 venerit,
1191 2794 1392 2842 secutae
1422 2794 1551 2842 sunt
1578 2800 1703 2841 eum
1735 2786 1905 2840 turbae
1926 2784 2128 2850 multae;

552 2895 679 2935 nam
712 2886 1002 2948 antequam
1027 2878 1240 2933 veniret
1294 2877 1350 2931 in
1398 2875 1717 2931 solitudines
1766 2876 2028 2947 gentium,
2064 2876 2133 2932 ab

552 2987 660 3026 uno
683 2980 892 3025 tantum
916 2969 1112 3042 populo
1138 2969 1435 3024 colebatur.

2227 1788 2547 1845 fractionem
2574 1787 2748 1859 panis,
2787 1794 2848 1842 ut
2871 1786 2976 1842 illis
3003 1801 3062 1842 se
3089 1801 3196 1842 non
3226 1786 3425 1843 habere
3465 1789 3802 1854 testantibus,

2225 1879 2536 1952 magnitudo
2577 1878 2716 1949 signi
2762 1877 2942 1932 notior
2973 1875 3099 1943 ﬂat;
3131 1876 3291 1932 simul
3320 1877 3632 1942 insinuans,
3667 1880 3803 1950 quod

2224 1969 2463 2040 quotidie
2485 1983 2583 2039 per
2605 1982 2700 2024 eos
2729 1965 2915 2036 jejuna
2946 1976 3131 2022 nostra
3157 1975 3283 2023 sunt
3320 1969 3486 2024 corda
3520 1972 3799 2040 paseenda,

2224 2058 2476 2114 videlicet
2499 2073 2623 2114 cum
2666 2071 2855 2112 eorum
2910 2055 2993 2112 vel
3032 2057 3324 2129 exemplis,
3362 2058 3447 2114 vel
3502 2059 3697 2116 litteris
3737 2060 3803 2115 ad

2228 2150 2459 2207 amanda
2486 2151 2727 2207 caelestia
2771 2150 3118 2207 suscitamur.
3168 2148 3228 2206 Si
3257 2166 3419 2221 quem
3458 2167 3589 2208 vero
3634 2161 3806 2210 movet

2227 2241 2495 2313 quomodo
2540 2240 2836 2296 secundum
2862 2241 3229 2297 narrationem
3253 2240 3479 2298 Joannis
3510 2242 3807 2314 prospecta

2228 2318 2400 2387 turbis
2437 2330 2711 2401 quaesierit
2753 2331 3014 2386 Dominus
3040 2345 3070 2385 a
3114 2329 3360 2402 Philippo
3412 2339 3630 2388 tentans
3662 2347 3802 2400 etim,

2228 2420 2372 2478 unde
2403 2421 2509 2476 illis
2549 2436 2688 2477 escae
2726 2421 2841 2476 dari
2871 2421 3078 2492 possint
3098 2420 3284 2495 (Joan.
3313 2422 3418 2495 vn);
3449 2431 3507 2478 et
3544 2424 3807 2493 quomodo

2230 2513 2409 2568 caeteri
2464 2512 2810 2584 evangelistte
2857 2512 3201 2566 narraverint
3250 2513 3402 2582 prius
3443 2513 3645 2568 dixisse
3700 2514 3804 2569 Do-

2230 2604 2378 2659 mino
2422 2602 2746 2673 discipulos,
2805 2612 2865 2657 ut
2916 2601 3214 2658 dimitteret
3272 2602 3496 2670 turbas,
3538 2620 3648 2674 quo
3693 2620 3808 2675 pos-

2236 2702 2359 2748 sent
2377 2693 2479 2748 sibi
2502 2692 2752 2749 alimenta
2781 2707 2962 2747 emere
2990 2693 3057 2748 de
3078 2692 3340 2763 proximis
3359 2693 3494 2750 locis
3514 2692 3705 2765 (Marc.
3730 2712 3804 2762 vi;

2232 2784 2362 2839 Luc.
2393 2783 2492 2857 ιι),
2511 2785 2705 2855 quibus
2728 2784 2817 2840 ille
2838 2784 3117 2855 respondit
3141 2787 3438 2841 secundum
3464 2786 3802 2843 Matthmum:

2238 2876 2361 2930 Non
2384 2876 2572 2931 habent
2600 2892 2802 2930 necesse
2824 2876 2918 2940 ire,
2961 2876 3082 2931 date
3116 2877 3190 2931 eis
3218 2894 3308 2932 vos
3346 2878 3693 2945 manducare,
3723 2878 3809 2937 cui

2233 2967 2397 3022 etiam
2444 2966 2658 3022 Marcus
2703 2968 2986 3037 Lucasque
3029 2968 3398 3031 consentiunt,
3452 2976 3659 3023 tantum
3708 2969 3809 3027 hoc

624 3061 690 3115 Et
712 3063 886 3119 exiens
908 3031 1034 3115 uidit
1072 3060 1278 3113 turbam
1311 3058 1551 3127 multam,
1577 3069 1625 3114 et
1642 3059 1884 3113 misertus
1903 3066 1977 3113 est
2002 3056 2127 3122 illis,

2233 3058 2727 3127 prietermittentes,
2755 3031 2914 3127 quod-
2929 3058 3040 3123 ait,
3086 3074 3192 3112 non
3244 3057 3434 3113 habent
3480 3073 3680 3113 necesse
3703 3060 3806 3129 ire,

551 3160 599 3205 et
627 3151 826 3204 curavit
852 3148 1127 3220 languidos
1165 3165 1363 3203 eorum.
1394 3149 1452 3203 ln
1501 3148 1835 3221 Evangelicis
1863 3147 2131 3204 sermoni-

550 3240 655 3295 bus
700 3252 914 3308 semper
951 3236 1142 3291 litter:e
1179 3236 1399 3307 junctus
1425 3246 1510 3292 est
1553 3252 1746 3292 sensus
1794 3236 2036 3307 spiritus,
2077 3242 2134 3290 et

555 3328 817 3399 quidquld
863 3326 1040 3397 primo
1089 3324 1286 3396 frigere
1323 3326 1536 3381 videtur
1569 3336 1823 3398 aSpectu,
1868 3326 1912 3380 si
1947 3326 2135 3398 tetige-

552 3420 651 3487 ris,
678 3418 834 3475 calet.
864 3417 921 3472 ln
947 3417 1064 3472 loco
1093 3418 1306 3472 deserto
1332 3425 1449 3472 erat
1474 3417 1761 3482 Dominus;
1788 3425 1986 3471 secutae
2010 3423 2137 3470 sunt

553 3522 679 3564 eum
703 3506 877 3562 turbae
906 3506 1272 3575 relinquentes
1296 3505 1544 3559 civitates
1566 3520 1717 3570 suas,
1745 3505 1799 3557 id
1819 3512 1922 3569 est,
1946 3503 2133 3574 pristi—

553 3613 652 3653 nas
681 3595 1122 3652 conversationes
1157 3604 1212 3648 et
1249 3594 1544 3650 varietates
1580 3593 1910 3665 dogmatum.
1942 3594 2136 3665 Egres-

553 3707 646 3749 sus
670 3706 798 3747 vero
824 3689 982 3745 Jesus
1018 3688 1288 3760 signiﬁcat
1315 3689 1457 3759 quod
1501 3690 1672 3743 turba:
1699 3689 1986 3743 habuerint
2016 3689 2136 3760 qui-

556 3783 677 3838 dem
713 3781 873 3837 eundi
915 3780 1281 3844 voluntatem,
1318 3778 1413 3833 sed
1455 3779 1599 3834 vires
1630 3779 1973 3849 perveniendi
2027 3796 2135 3836 non

552 3871 875 3938 habuerint;
904 3870 1045 3942 ideo.
1074 3868 1325 3923 Salvator
1370 3869 1644 3940 egreditur
1671 3869 1738 3923 de
1780 3869 1897 3923 luco
1923 3884 2041 3934 suo,
2083 3878 2137 3924 et

552 3963 729 4033 pergit
764 3961 1009 4024 obviam,
1041 3960 1181 4014 sicut
1214 3968 1269 4012 et
1298 3958 1352 4011 in
1396 3957 1499 4011 alia
1530 3958 1786 4027 parabola
1819 3957 1929 4011 [ilio
1957 3960 2133 4029 ι)ωηὶ-

554 4053 684 4125 tenti
729 4050 898 4125 (Luc.
926 4050 1060 4120 xv);
1098 4049 1321 4119 visaque
1352 4048 1507 4103 turba
1537 4047 1845 4113 miseretur,
1884 4057 1941 4102 et
1980 4058 2137 4106 curat

516 4115 837 4216 ’languores
873 4157 1083 4209 eorum,
1130 4151 1191 4197 ut
1237 4142 1371 4197 ﬁdes
1415 4140 1571 4212 plena
1620 4141 1805 4196 statim
1854 4142 2135 4212 praemium

551 4244 932 4305 consequatur.

632 4313 848 4397 Vespere
882 4335 1056 4378 autem
1078 4323 1218 4392 facta
1248 4328 1573 4375 accesserunt
1604 4320 1673 4373 ad
1727 4336 1845 4374 eum
1890 4321 2133 4393 discipuli

2237 3150 2551 3221 intelligitur
2574 3164 2703 3220 ergo
2732 3157 2855 3219 post
2877 3150 2995 3204 hate
3022 3148 3183 3203 verba
3206 3147 3494 3204 Dominum
3525 3148 3811 3219 inspexisse

2234 3240 2669 3306 multitudinem,
2714 3248 2771 3294 et
2817 3240 3016 3295 dixisse
3059 3238 3342 3309 Philippo,
3399 3242 3543 3310 quod
3585 3240 3810 3297 Joannis

2235 3340 2655 3398 commemorat,
2694 3331 2783 3387 isti
2843 3340 3023 3385 autem
3079 3332 3564 3402 prmtermiserunt.
3618 3332 3809 3388 Deinde

2235 3423 2376 3495 quod
2420 3422 2696 3492 Philippus
2722 3421 2861 3492 apud
2886 3419 3148 3475 Joannem
3184 3422 3492 3492 respondet,
3534 3422 3638 3477 hoc
3677 3422 3807 3475 Mar-

2236 3529 2330 3569 cus
2367 3528 2399 3568 a
2427 3511 2704 3582 discipulis
2735 3525 3050 3581 responsum
3089 3526 3210 3566 esse
3258 3521 3679 3577 cetumemorat,
3722 3528 3807 3566 ve-

2236 3603 2352 3660 lens
2401 3603 2624 3675 intelligi
2667 3603 2768 3659 hoc
2792 3611 2848 3657 et
2876 3618 2972 3658 ore
3018 3611 3335 3658 cancrorum
3382 3601 3684 3674 Philippum
3730 3619 3807 3658 re-

2235 3695 2532 3766 spondissc.

2305 3784 2700 3857 Responderunt
2723 3786 2771 3840 ei
2794 3801 2812 3840 :
2841 3785 2965 3841 Non
2985 3786 3234 3840 habemus
3264 3786 3366 3841 nisi
3404 3786 3633 3857 quinque
3659 3804 3804 3857 panes

2236 3885 2284 3930 et
2334 3877 2466 3930 duos
2493 3877 2676 3946 pisces.
2726 3874 2830 3930 Per
2867 3875 3106 3946 quinque
3146 3890 3315 3944 panes
3354 3876 3718 3945 apostolorum
3757 3886 3806 3931 et

2219 3966 2372 4021 duos
2418 3966 2599 4037 pisces
2639 3973 2750 4021 tota
2791 3964 3123 4021 Testamenti
3169 3958 3379 4021 Veteris
3426 3967 3694 4036 scripzura
3740 3967 3804 4022 si-

2236 4064 2460 4129 gnatur;
2497 4072 2595 4128 per
2637 4056 2875 4128 quinque
2905 4056 3153 4112 videlicet
3199 4072 3368 4127 panes
3416 4058 3655 4128 quinque
3711 4059 3805 4113 llo-

2237 4147 2396 4202 snica:
2422 4147 2553 4220 legis
2590 4148 2733 4213 libri,
2765 4148 2961 4218 quibus
2985 4148 3179 4203 divinae
3207 4149 3529 4203 mternitatis
3557 4149 3801 4221 cognitio,

2237 4239 2422 4294 mundi
2464 4238 2688 4304 creatio,
2737 4253 3030 4308 procursus
3072 4237 3253 4293 saeculi
3311 4239 3563 4305 labentis,
3600 4251 3657 4296 et
3687 4255 3804 4294 vera

2239 4331 2349 4385 Deo
2391 4329 2657 4385 serviendi
2684 4328 2893 4399 religio,
2932 4329 3118 4399 generi
3166 4330 3401 4384 humano
3425 4329 3681 4386 innotuit.
3712 4328 3803 4384 Per

551 4418 687 4488 ejus,
728 4390 954 4471 dicentes
980 4430 998 4469 :
1027 4390 1271 4468 Desertus
1297 4412 1438 4467 locus
1483 4421 1581 4477 est,
1622 4421 1670 4465 et
1710 4412 1842 4465 hora
1861 4415 1979 4483 jam
2005 4390 2135 4484 pra,»
2164 4390 2211 4450 D
2236 4420 2371 4475 duos
2411 4434 2541 4474 vero
2571 4390 2966 4489 pisces
3014 4427 3141 4474 sunt
3168 4428 3222 4473 et
3260 4420 3539 4490 propheta:
3578 4420 3805 4492 ﬁgurati,

552 4508 723 4570 teriit;
749 4504 950 4557 dimitte
975 4502 1170 4565 turbas,
1202 4511 1257 4554 ut
1282 4511 1459 4555 euntes
1486 4502 1542 4555 iu
1563 4500 1801 4562 castella.
1825 4514 1997 4557 emant
2035 4503 2135 4558 sibi

552 4613 716 4652 escas.
742 4595 934 4669 ania
958 4595 1117 4667 plena
1141 4593 1412 4665 mysteriis
1430 4601 1574 4649 sunt.
1590 4592 1813 4648 lieeedit
1838 4594 1904 4649 de
1924 4593 2132 4661 Judzea,

554 4687 703 4742 venit
731 4686 784 4738 in
815 4685 1087 4739 desertum
1116 4684 1325 4747 locum;
1355 4690 1654 4752 sequuntur
1673 4698 1794 4739 eum
1828 4686 2021 4753 turbce,
2047 4702 2132 4743 re-

554 4780 697 4835 lictis
726 4777 1033 4833 civitatibus
1061 4776 1201 4842 suis;
1246 4776 1522 4846 egreditur
1552 4778 1619 4831 ad
1640 4792 1734 4832 eos
1758 4775 1933 4842 Jesus,
1971 4780 2133 4836 mise-

556 4879 708 4926 retur
731 4868 921 4934 turbze,
939 4876 1095 4922 curat
1110 4867 1397 4936 languidos
1420 4881 1635 4923 eorum:
1660 4878 1715 4923 et
1740 4871 1843 4925 hoc
1872 4868 1999 4926 facit
2022 4888 2127 4927 non

554 4976 731 5025 mane,
762 4976 870 5015 non
894 4968 1169 5015 crescente
1197 4959 1304 5025 die,
1347 4975 1450 5016 non
1481 4961 1726 5026 meridie,
1760 4963 1855 5017 sed
1883 4978 2127 5034 vespere,

552 5052 770 5123 quando
797 5049 876 5105 sol
890 5048 1114 5118 justitize
1133 5048 1405 5114 occubuit,
1421 5057 1474 5102 et
1492 5049 1614 5105 linis
1636 5051 1819 5105 mundi
1845 5054 2130 5124 appropin-

551 5144 756 5214 quavit.

624 5232 849 5305 (MAUIL)
877 5230 1029 5300 Quod
1058 5239 1238 5286 autem
1283 5230 1533 5285 carnales
1556 5231 1736 5286 adhuc
1761 5232 2030 5303 discipuli.
2072 5245 2129 5291 et

552 5324 724 5393 ignari
752 5324 818 5378 de
852 5321 1031 5377 futuro
1081 5319 1392 5377 refectionis
1423 5321 1704 5387 miraculo,
1735 5333 1925 5393 rogant
1959 5326 2127 5381 Deum

548 5420 608 5468 ut
636 5412 874 5467 dimittat
903 5412 1091 5465 turbas
1118 5418 1180 5465 ut
1207 5418 1392 5465 emant
1439 5411 1540 5466 sibi
1580 5412 1730 5468 cibos
1758 5429 1856 5483 per
1884 5415 2123 5481 castella,

550 5502 783 5557 maxime
809 5486 1004 5572 quibus
1031 5515 1096 5555 eo
1140 5500 1315 5555 adhuc
1344 5508 1587 5571 tempore
1633 5514 1957 5576 praeceptum
2004 5516 2121 5561 est:

547 5589 621 5648 In
656 5590 796 5648 tiam
835 5592 1063 5664 gentium
1095 5607 1159 5646 ne
1201 5590 1404 5645 abirent
1432 5590 1646 5661 (Matth.
1678 5594 1764 5665 χ),
1795 5604 1849 5650 et
1898 5595 2125 5668 reliqua,

2235 4511 2328 4581 qui
2373 4512 2638 4566 eruditum
2667 4511 2720 4565 in
2749 4510 2866 4581 lege
2898 4509 2992 4564 Dei
3035 4510 3311 4581 populum,
3360 4509 3429 4566 de
3460 4512 3804 4581 promissione

2237 4603 2528 4658 Dominicze
2548 4601 2936 4656 incarnationis
2956 4614 3093 4654 nova
3120 4601 3307 4671 gratim
3328 4600 3611 4656 dulcedine
3629 4616 3801 4672 pasee-

2233 4694 2384 4748 bant.
2417 4693 2531 4761 Qua
2562 4693 2705 4747 trina
2738 4690 3032 4763 Scripturae
3059 4706 3229 4747 sacrae
3251 4690 3619 4757 distinctione,
3650 4702 3805 4748 totam
3836 4765 3845 4775 ἢ

2236 4786 2451 4842 Veteris
2486 4784 2838 4840 lnstrumenti
2882 4784 3078 4840 seriem
3121 4785 3509 4854 comprehendi
3538 4785 3805 4841 Dominica

2231 4876 2552 4931 auctoritate
2599 4875 2877 4932 docemur.
2933 4874 3213 4944 Apparens
3263 4876 3408 4931 enim
3454 4887 3581 4947 post
3633 4892 3806 4933 resur-

2231 4966 2528 5021 rectionem
2550 4962 2849 5033 discipulis,
2875 4963 2950 5017 ait
2976 4964 3239 5019 Dominus
3266 4965 3382 5034 ipse
3414 4983 3428 5018 :
3473 4965 3617 5032 Quia
3665 4981 3806 5035 opor-

2231 5057 2367 5112 tebat
2390 5055 2594 5126 impleri
2627 5055 2803 5110 omnia
2829 5071 2946 5125 qua:
2992 5055 3190 5125 scripta
3220 5065 3339 5111 sunt
3366 5058 3422 5110 in
3449 5057 3562 5127 lege
3593 5056 3802 5129 Hogsis,

2230 5159 2275 5201 et
2305 5146 2588 5217 prophetis,
2617 5154 2664 5198 et
2706 5144 2920 5215 psalmis
2968 5144 3034 5198 de
3062 5162 3144 5199 me
3172 5144 3322 5216 (Luc.
3373 5147 3548 5219 κων).
3581 5146 3653 5201 Et
3693 5160 3803 5203 an

2230 5237 2441 5306 aperuit
2483 5235 2588 5290 illis
2632 5249 2850 5291 sensum
2901 5244 2960 5290 ut
3004 5236 3369 5308 intelligerent
3402 5236 3719 5308 Scripturas
3756 5243 3808 5291 et

2230 5327 2508 5383 intellecta
2553 5326 2906 5397 spiritualiter
2954 5325 3205 5384 ﬁdelibus
3265 5329 3551 5383 traderent
3607 5328 3809 5384 audito-

2229 5419 2399 5482 ribus,
2430 5416 2584 5487 quasi
2620 5416 2945 5472 benedicens
2975 5416 3203 5486 panibus
3228 5418 3544 5490 apostolicis
3566 5434 3636 5475 ac
3658 5417 3817 5489 pisci-

2228 5510 2357 5571 bus,
2378 5509 2584 5579 hosque
2638 5508 2861 5562 internae
2911 5508 3193 5564 suavitatis
3233 5510 3376 5565 dono
3424 5511 3819 5582 multiplicans,

2229 5600 2402 5656 turbis
2449 5598 2724 5668 dispertiri
2758 5599 3029 5670 praecepit.
3067 5600 3209 5654 Bene
3240 5617 3369 5657 vero
3396 5602 3551 5672 juxta
3578 5603 3823 5672 Evange-
