4006 6194
496 293 602 354 967

1136 294 1194 347 Β.
1236 291 1488 350 RABANI
1526 290 1742 348 MAURI
1777 289 2092 347 ARClllEP.
2136 292 2444 351 MOGUNT.
2488 294 2772 352 OPERUM
2811 297 2991 353 PARS
3029 299 3067 353 Ι.

3613 284 3764 360 ,968

489 407 642 465 ribus
665 413 722 461 et
738 405 998 476 parvulis.
1014 402 1284 475 (Ηὶενωι.)
1307 403 1606 459 Comedunt
1629 413 1806 459 autem
1826 405 2065 477 quinque
2092 410 2144 468 Α
2167 416 2215 460 et
2239 406 2465 475 facerent
2486 426 2604 462 eum
2630 427 2816 479 regem,
2835 410 2966 480 fugit
2997 412 3193 469 iterum.
3214 412 3515 466 iamautem
3541 416 3651 485 ipse
3670 434 3764 473 so-

489 495 659 553 tuillia
695 496 960 559 virorum,
983 494 1075 564 qui
1107 493 1158 546 in
1205 491 1509 564 perfectum
1537 495 1711 548 virum
1739 495 2072 564 proﬁciendo

488 595 794 649 creverant,
825 591 880 638 et
914 583 1282 652 sequebantur
1302 597 1425 636 eum
1456 583 1524 642 de
1549 598 1655 651 quo
1702 583 1836 639 dicit
1860 583 2070 639 Zacha-

488 675 638 730 rias:
680 673 819 728 Ecce
847 673 947 736 vir,
974 670 1164 726 Oriens
1210 688 1398 727 nomen
1419 672 1534 742 ejus
1580 671 1768 745 (Zach.
1802 673 1900 745 vx).
1956 673 2072 728 Mu-

487 762 649 819 lieres
678 777 804 818 vero
833 770 887 817 et
905 761 1136 831 parvuli,
1167 775 1330 816 sexus
1372 763 1578 836 fragilis
1610 771 1666 818 et
1701 771 1834 818 artas
1871 764 2070 830 minor,

487 870 712 910 numero
739 855 943 923 indigni
993 861 1137 908 sunt.
1173 852 1321 907 Unde
1346 861 1410 916 et
1454 853 1509 906 in
1537 852 1896 912 Numerorum
1931 852 2072 908 libro

485 947 695 1016 quoties
719 945 1047 1006 sacerdotes,
1065 953 1120 998 et
1146 942 1375 1008 Levitae,
1413 951 1468 998 et
1487 944 1758 998 exercitus
1797 944 1881 997 vel
1915 944 2070 999 turba

485 1039 836 1109 pugnantium
861 1036 1260 1101 describuntur,
1291 1035 1453 1101 servi,
1478 1043 1534 1090 et
1557 1036 1831 1101 mulieres,
1857 1045 1912 1091 et
1946 1052 2072 1106 par-

484 1126 616 1191 vuli,
639 1137 696 1181 et
714 1125 904 1197 vulgus
935 1124 1169 1196 ignobile
1213 1124 1417 1192 absque
1468 1137 1695 1178 numero
1738 1125 2070 1195 praemittun-

484 1231 593 1278 tur.
649 1223 831 1295 (ΚΑΒ.)
862 1222 972 1277 Nec
1029 1221 1244 1277 silentio
1288 1221 1722 1290 praetereundum
1769 1227 1873 1285 est,
1926 1221 2068 1289 quod

482 1314 805 1369 miraculum
831 1315 934 1367 hoc
969 1327 1171 1382 panum
1197 1313 1504 1380 scripturus
1542 1310 1875 1381 evangelista
1907 1310 2069 1366 Joan-

481 1421 598 1472 nes,
658 1405 919 1477 praemisit
969 1403 1113 1474 quod
1161 1403 1461 1473 proximum
1503 1410 1636 1456 esset
1667 1399 1906 1465 Pascha,
1955 1400 2066 1454 dies

483 1495 647 1562 festus
676 1493 985 1549 Judworum
1000 1509 1020 1558 ;
1052 1491 1337 1545 Mattbaaus
1361 1505 1493 1546 vero
1519 1497 1574 1545 et
1615 1489 1826 1545 Marcus
1851 1489 1954 1544 hoc
1981 1491 2064 1543 in-

2173 497 2276 553 Ius.
2304 499 2406 554 Ubi
2449 503 2812 555 necessarium
2843 502 2998 557 nobis
3021 503 3233 560 vivendi
3277 515 3544 560 monstrat
3565 521 3762 565 exem-

2172 590 2345 660 plum,
2373 600 2434 645 ιιι
2474 593 2526 646 in
2549 593 2705 648 bonis
2737 610 2858 662 qua:
2887 595 3096 664 agimus
3124 596 3342 650 humani
3374 595 3575 652 favoris
3597 600 3767 656 retri~

2171 682 2448 737 butionem
2475 685 2735 751 vitemus;
2771 701 2948 755 neque
2970 702 3066 741 nos
3085 689 3332 756 operatio
3354 689 3616 744 virtutum
3641 693 3725 762 spi
3743 722 3763 735 ο

2172 771 2410 826 ritalium
2441 773 2509 827 ad
2551 775 3046 842 concupiscentiam
3094 777 3335 830 rellectat
3373 780 3764 848 temporalium

2172 869 2226 916 et
2245 862 2571 916 caducarum
2605 863 2960 932 voluptatum.
2989 863 3270 920 Nonnullis
3306 867 3509 921 etenim
3530 869 3767 941 contigit

2171 959 2232 1004 ut
2259 950 2384 1005 dum
2407 965 2505 1021 per
2531 953 2782 1006 meritum
2811 953 2935 1007 vitae
2958 953 3290 1010 sublimioris
3312 956 3544 1011 mirandi
3579 959 3764 1014 mino-

2173 1039 2322 1096 ribus
2345 1057 2411 1096 ac
2436 1041 2732 1097 laudabiles
2753 1042 3068 1108 existerent,
3093 1052 3150 1098 et
3180 1045 3302 1114 jure
3328 1046 3626 1103 honorandi
3654 1065 3764 1120 pu—

2171 1140 2435 1198 tarentur,
2489 1135 2726 1202 acceptis
2769 1134 3014 1203 pecu-niis
3060 1136 3173 1190 sive
3219 1137 3453 1206 praadiis,
3501 1139 3761 1198 inchoata

2163 1221 2390 1291 justitia:
2441 1223 2744 1277 rudimenta
2788 1224 3110 1293 perderent;
3166 1235 3225 1280 et
3273 1242 3398 1282 cum
3448 1229 3761 1286 carnalibus

2177 1327 2297 1366 sese
2326 1312 2594 1368 illecebris
2620 1323 2782 1383 atque
2809 1315 3038 1370 avaritia
3080 1316 3283 1372 incauti
3317 1331 3756 1390 corrumperent,

2169 1403 2302 1473 ipsis
2327 1403 2491 1458 etiam
2512 1419 2544 1456 a
2567 1404 2768 1474 quibus
2789 1405 3196 1461 honorabantur
3233 1423 3334 1477 pro
3371 1409 3547 1475 bonis,
3573 1411 3757 1466 denuo

2168 1509 2270 1564 pro
2315 1493 2472 1548 malis
2520 1494 2738 1549 actibus
2760 1510 2868 1549 non
2916 1496 3089 1550 solum
3139 1496 3193 1550 in
3238 1496 3538 1563 fastidium,
3564 1516 3756 1558 vermn

483 1583 709 1638 terfecto
760 1581 968 1638 Joanne
1008 1582 1267 1637 continuo
1317 1579 1521 1635 factum
1574 1595 1696 1634 esse
1737 1594 2066 1635 commemo-
2168 1583 2331 1638 etiam
2353 1582 2667 1638 devenirent
2689 1585 2741 1637 in
2775 1584 2988 1648 odium;
3025 1586 3308 1657 minusque
3334 1587 3506 1642 multo
3533 1593 3754 1659 pericu-

482 1682 629 1728 rant.
677 1671 832 1728 Unde
878 1672 1153 1743 colligitur
1195 1669 1461 1740 Joannem
1508 1670 1826 1724 imminente
1875 1671 2067 1724 eadem
2169 1671 2342 1726 losum
2386 1681 2473 1728 est
2519 1672 2574 1739 in
2622 1673 2708 1727 his
2737 1689 2857 1742 quae
2895 1684 3043 1728 recte
3095 1675 3304 1743 agimus
3346 1677 3753 1735 adversantium

481 1761 779 1818 festivitate
814 1761 1056 1832 paschali
1085 1759 1256 1814 fuisse
1283 1759 1627 1824 decollatum,
1677 1767 1733 1812 et
1763 1773 1904 1812 anno
1947 1768 2070 1828 post
2101 1753 2142 1811 Β
2173 1779 2270 1818 nos
2309 1765 2651 1833 improbitate
2677 1763 2919 1837 fatigari,
2946 1782 3106 1837 quam
3146 1768 3527 1825 honorantium
3566 1771 3756 1829 {avom

482 1853 628 1909 hunc
647 1860 928 1922 sequente,
959 1865 1084 1906 cum
1107 1851 1286 1906 denuo
1322 1858 1534 1920 tempus
1556 1848 1810 1918 paschale
1838 1850 2061 1915 rediret,

481 1944 803 2015 mysterium
858 1942 1154 1998 Dominicaa
1209 1941 1480 2011 passionis
1524 1935 1646 1996 ess'e
1695 1941 2061 2012 completum;

480 2045 536 2091 et
566 2043 850 2106 propterea
890 2033 1033 2102 quod
1077 2033 1131 2087 in
1172 2030 1309 2088 libro
1358 2031 1837 2088 Sacramentorum
1890 2034 2068 2089 natale

481 2129 600 2199 ejus
627 2138 824 2201 quarto
851 2129 1212 2184 Kalendarum
1252 2128 1650 2198 Septembrium
1690 2129 1779 2184 die
1822 2139 2065 2186 notatum

480 2227 596 2285 est;
631 2227 686 2274 et
713 2219 768 2274 in
795 2218 1208 2290 Martyrologio,
1244 2217 1386 2287 quod
1416 2218 1631 2274 Eusebii
1669 2227 1723 2274 et
1755 2219 2066 2290 Hieronymi

477 2310 754 2367 vocabulis
779 2309 1089 2382 insignitum
1113 2317 1217 2375 est,
1246 2309 1444 2380 legitur
1469 2319 1665 2380 quarto
1701 2310 2064 2366 Kalendarum

477 2398 816 2471 Septembris
845 2400 898 2454 in
944 2399 1153 2454 Emissa
1192 2399 1412 2454 civitate
1457 2398 1731 2454 Phoenica?
1776 2399 2066 2470 provinciae

480 2490 662 2545 natale
687 2489 910 2545 Joannis
933 2489 1189 2560 Baptista:
1227 2489 1316 2544 die
1339 2504 1446 2558 quo
1478 2490 1776 2545 decollatus
1805 2499 1916 2556 est,
1955 2506 2063 2545 non

478 2580 788 2649 specialiter
831 2580 1007 2650 ipsum
1036 2580 1180 2635 diem
1235 2579 1604 2635 decollationis
1629 2579 1766 2649 ejus,
1799 2581 1894 2636 sed
1923 2581 2065 2636 diem

477 2674 659 2744 potius
705 2688 813 2744 quo
852 2682 1013 2744 caput
1041 2673 1156 2744 ejus
1186 2674 1240 2728 in
1265 2673 1455 2728 eadem
1496 2674 1714 2729 civitate
1742 2674 1951 2730 Emissa
1981 2689 2067 2732 re-

477 2772 714 2833 pertum,
757 2772 922 2832 atque
971 2763 1026 2816 in
1077 2761 1304 2818 ecclesia
1333 2771 1417 2816 est
1459 2762 1753 2826 conditum,
1796 2762 2062 2835 designat.

490 2851 791 2924 Siquidem,
823 2863 881 2908 ut
907 2853 1176 2909 Chronica
1205 2852 1497 2908 Marcellini
1537 2854 1752 2910 comitis
1777 2863 2062 2921 testantur,

477 2949 720 3013 tempore
747 2943 999 2998 Marciani
1030 2943 1290 3014 principis
1339 2944 1444 2998 duo
1489 2944 1739 2999 monachi
1773 2945 2064 3003 orientales

474 3041 741 3089 venerant
793 3035 1021 3091 adorare
1073 3035 1134 3090 in
1175 3035 1584 3106 Hierosolymis,
1624 3045 1679 3090 et
1725 3035 1842 3089 loca
1869 3042 2058 3089 sancta

474 3128 698 3192 videre;
761 3129 956 3197 quibus
1011 3144 1108 3197 per
1164 3129 1546 3184 revelationem
1599 3129 1857 3184 assistens
1918 3127 2060 3182 idem

475 3232 785 3289 praecursor
806 3218 1019 3272 Domini
1052 3219 1324 3289 pragcepit,
1358 3227 1418 3272 ut
1440 3219 1508 3273 ad
1535 3217 1768 3274 Herodis
1790 3217 2063 3288 quondam

476 3306 620 3377 regis
660 3306 1024 3362 habitaculum
1069 3308 1389 3362 accedentes
1415 3318 1576 3377 caput
1599 3322 1754 3362 suum
1783 3307 1854 3362 ibi
1882 3307 2065 3376 requi-

476 3405 684 3461 rerent,
705 3405 760 3452 et
794 3399 1072 3452 inventum
1099 3397 1260 3468 digno
1281 3397 1488 3452 honore
1510 3397 1881 3451 reconderent.
1911 3397 2064 3463 Quod

477 3489 552 3544 ibi
573 3489 642 3543 ab
662 3489 740 3543 eis
762 3488 1038 3544 inventum
1052 3497 1115 3543 et
1134 3495 1489 3556 assumptum,
1512 3488 1606 3542 sed
1628 3502 1733 3542 non
1758 3487 1923 3542 multo
1944 3498 2065 3558 post

475 3579 632 3647 culpa
670 3577 891 3632 incuriae
931 3578 1230 3647 perditum,
1274 3576 1541 3646 prolatum
1575 3584 1660 3632 cst
1702 3577 1967 3632 Emissam
1995 3578 2064 3633 ab

476 3671 636 3736 aliis,
679 3679 734 3724 et
781 3670 835 3724 in
883 3657 1115 3741 quadam
1163 3685 1325 3738 specu
1375 3669 1428 3724 in
1464 3684 1596 3722 urna
1636 3670 1735 3724 sub
1764 3677 1928 3735 terra,
1954 3685 2061 3726 non

473 3775 646 3830 pauco
675 3769 918 3831 tempore
939 3760 1251 3832 ignobiliter
1283 3759 1643 3824 reconditum,
1688 3759 1859 3815 donec
1884 3760 2062 3816 denuo

476 3853 617 3908 idem
638 3852 874 3908 Joannes
901 3867 1022 3907 sese
1059 3866 1324 3921 suumque
1348 3859 1509 3921 caput
1538 3851 1777 3906 ostendit
1807 3850 2060 3907 Marcello

475 3944 691 3999 cuidam
722 3942 973 4013 religioso
996 3941 1176 3996 abbati
1204 3957 1268 3997 ac
1287 3941 1623 4012 presbytero,
1649 3941 1776 3996 dum
1798 3940 1850 3996 in
1871 3940 2062 3996 eadem

480 4047 646 4101 specu
711 4031 1004 4086 habitaret.
1056 4028 1209 4097 Quod
1247 4028 1500 4084 videlicet
1553 4037 1716 4098 caput
1764 4027 2060 4085 Julioramo

480 4123 721 4192 ejusdem
737 4123 989 4193 episcopo
1015 4121 1254 4176 civitatis
1267 4135 1364 4191 per
1388 4120 1669 4191 pmfatum
1685 4122 2059 4192 presbyterum

476 4223 693 4271 constat
719 4215 964 4270 allatum.
1004 4214 1081 4269 Ex
1127 4228 1234 4283 quo
1269 4221 1510 4282 tempore
1554 4213 1720 4284 erepit
1769 4212 1825 4266 in
1869 4213 2060 4268 eadem

480 4305 700 4360 civitate
743 4304 887 4360 beati
933 4304 1284 4374 praeursoris
1315 4302 1622 4368 decollatio,
1674 4302 1790 4373 ipso
1820 4311 1882 4358 ut
1915 4301 2062 4358 arbi-

2168 1853 2479 1908 demulceri.
2511 1853 2611 1908 Hic
2657 1857 2854 1910 etenim
2899 1858 3230 1912 securiorem
3275 1873 3417 1930 saepe
3451 1865 3756 1933 corrumpit

2167 1945 2426 2010 animum,
2451 1944 2543 1999 illa
2569 1947 3018 2016 circumspectum
3067 1963 3283 2019 semper
3309 1951 3484 2006 reddit
3526 1962 3582 2007 et
3628 1968 3756 2008 cau-

2169 2043 2302 2090 tum.
2333 2035 2774 2093 Unde-Dominus
2801 2038 2941 2092 viam
2987 2039 3146 2094 nobis
3186 2040 3309 2096 vitae
3353 2056 3518 2112 quam
3551 2058 3752 2112 sequa-

2169 2141 2292 2180 mur
2319 2126 2564 2191 initians,
2600 2141 2725 2181 cum
2755 2127 2812 2182 hi
2857 2127 2950 2197 qui
2983 2128 3212 2184 virtutes
3257 2129 3376 2200 ejus
3409 2131 3754 2188 admiraban-

2167 2222 2482 2286 tur,.regcm
2511 2231 2634 2270 eum
2657 2214 2838 2272 facere
2859 2217 3074 2283 vellent,
3105 2218 3245 2290 fugit
3272 2221 3325 2275 in
3353 2231 3590 2278 montem
3621 2239 3752 2278 ora-

2168 2320 2258 2370 re;
2289 2320 2412 2360 cum
2440 2321 2568 2362 vero
2595 2307 2668 2363 illi
2686 2311 2778 2378 qui
2800 2310 3089 2367 virtutibus
3115 2312 3233 2383 ejus
3271 2315 3600 2378 invidebant,
3625 2332 3751 2371 eum

2167 2396 2326 2451 morti
2377 2398 2594 2453 tradere
2636 2399 3002 2472 disponerent,
3053 2404 3293 2458 occurrit
3343 2414 3645 2474 promptus,
3695 2417 3753 2461 et

2166 2487 2511 2545 vineiendum
2537 2504 2596 2545 se
2622 2491 3154 2564 cruciﬁgendumque
3194 2493 3501 2550 furentibus
3527 2496 3752 2561 obtulit,

2166 2579 2400 2635 evidenti
2429 2595 2528 2636 nos
2547 2579 2844 2654 informatus
2874 2583 3140 2654 exemplo,
3185 2594 3245 2636 ut
3274 2584 3444 2653 parati
3484 2585 3653 2639 simus
3681 2587 3754 2640 ad

2166 2671 2392 2726 adversa
2413 2671 2594 2726 saeculi
2625 2671 2926 2738 toleranda,
2955 2674 3098 2728 cauti
3123 2675 3191 2728 ad
3213 2673 3600 2738 blandimenta,
3624 2689 3754 2728 cum

2165 2759 2305 2817 forte
2359 2761 2668 2830 arriserint,
2728 2762 3079 2829 declinanda,
3129 2773 3185 2818 et
3229 2778 3297 2818 ne
3346 2779 3448 2819 nos
3494 2779 3755 2834 prospera

2166 2853 2372 2918 mundi,
2404 2853 2451 2908 si
2494 2853 2735 2920 allluant,
2764 2855 3088 2910 emolliendo
3135 2854 3426 2926 decipiant,
3475 2855 3680 2909 crebris
3717 2869 3752 2908 a

2166 2944 2392 3000 Domino
2440 2943 2692 3015 precibus
2737 2944 3102 3014 imploremus.
3157 2943 3275 3011 Quo
3303 2957 3436 2998 vero
3493 2943 3750 3014 discipuli

2165 3032 2452 3088 Dominum
2480 3033 2866 3102 praecederent,
2897 3033 3109 3089 Marcus
3139 3033 3397 3099 ostendit,
3437 3034 3531 3104 qui
3561 3044 3752 3089 narrat

2168 3123 2311 3191 quod
2358 3123 2618 3179 Dominus
2656 3124 2893 3195 coegerit
2941 3125 3234 3195 discipulos
3287 3140 3414 3180 suos
3453 3127 3754 3181 ascendere

2169 3227 2382 3278 navem,
2407 3222 2462 3268 et
2484 3214 2792 3284 praecedere
2819 3229 2878 3270 se
2905 3223 3054 3270 trans
3074 3215 3268 3271 fretum
3292 3215 3360 3269 ad
3376 3215 3750 3281 Bethsaidam,

2167 3303 2292 3357 dum
2325 3304 2438 3372 ipse
2463 3305 2758 3360 dimitteret
2786 3305 3060 3376 populum.
3091 3305 3378 3361 Bethsaida
3409 3320 3543 3376 ergo
3569 3315 3652 3360 est
3691 3308 3751 3362 in

2165 3392 2401 3458 Galilzea,
2433 3395 2621 3450 civitas
2647 3395 2896 3462 Andreae,
2925 3406 2978 3450 et
2998 3395 3167 3464 Petri,
3189 3403 3245 3451 et
3267 3395 3498 3466 Philippi
3524 3404 3750 3464 aposto-

2167 3481 2362 3546 lorum,
2410 3498 2579 3553 prope
2635 3492 2884 3554 stagnum
2923 3484 3276 3551 Genesaretb,
3317 3492 3376 3539 ut
3419 3485 3475 3540 in
3504 3485 3750 3540 locorum

2165 3571 2317 3626 libris
2341 3573 2664 3629 invenimus.
2687 3574 2870 3646 (Aug.)
2912 3573 3014 3630 Ubi
3045 3575 3238 3630 merito
3266 3583 3448 3631 movet
3472 3577 3750 3646 quomodo

2164 3663 2309 3719 dicat
2357 3664 2570 3719 Marcus
2615 3675 2838 3736 peracto
2888 3665 3177 3735 discipulos
3226 3665 3487 3720 miraculo
3541 3681 3747 3734 panum

2163 3753 2377 3808 venisse
2403 3761 2554 3808 trans
2593 3753 2792 3809 fretum
2817 3754 3182 3819 Bethsaidam,
3222 3769 3343 3808 cum
3374 3753 3621 3808 videatur
3665 3754 3749 3808 di-

2163 3857 2287 3899 cere
2313 3842 2509 3909 Lucas,
2535 3843 2679 3913 quod
2709 3844 2762 3898 in
2816 3843 2949 3899 locis
2993 3843 3291 3899 Bethsaida:
3329 3842 3526 3897 factum
3577 3842 3748 3898 fuerit

2161 3930 2481 3987 miraculum
2524 3931 2654 3987 illud
2703 3932 3054 3986 memorabile
3100 3943 3154 3986 et
3203 3930 3424 3986 refectio
3477 3930 3739 3986 caelestis.

2159 4020 2251 4075 Ait
2274 4021 2419 4075 enim
2452 4038 2465 4074 :
2497 4020 2790 4092 Assumptis
2816 4021 2922 4075 illis
2963 4021 3171 4075 secessit
3202 4036 3434 4074 seorsum
3471 4021 3528 4074 in
3567 4020 3743 4076 locum

2160 4112 2455 4178 desertum,
2477 4112 2566 4182 qui
2589 4121 2664 4166 est
2703 4111 3008 4167 Bethsaida.
3035 4111 3189 4180 Quod
3229 4128 3345 4166 cum
3382 4112 3744 4182 cognovissent

2160 4211 2348 4276 turbae,
2393 4219 2581 4266 secuta:
2607 4220 2728 4264 sunt
2773 4210 2947 4275 illum,
2982 4220 3029 4265 et
3067 4211 3264 4282 excepit
3292 4210 3428 4273 illos,
3459 4220 3514 4266 et
3541 4220 3743 4266 caetera

2159 4323 2280 4379 quae
2335 4315 2652 4378 sequuntur,
2687 4323 2857 4378 usque
2909 4309 2976 4364 ad
3007 4309 3330 4380 completam
3366 4309 3512 4364 illam
3567 4323 3744 4364 sacra:

477 4405 690 4452 trumur
737 4395 824 4451 die
850 4410 959 4466 quo
987 4405 1150 4466 caput
1189 4395 1464 4450 inventum
1502 4395 1616 4450 sive
1655 4394 1921 4450 elevatum
1953 4404 2056 4461 est,

2164 4407 2472 4469 refectionis
2510 4402 2812 4466 historiam.
2839 4408 2954 4464 Nisi
2994 4409 3130 4463 forte
3155 4409 3512 4482 intelligamus
3551 4409 3605 4463 in
3647 4424 3743 4478 eo,

477 4487 762 4546 celebrari.
813 4487 890 4542 De
938 4488 1134 4557 quibus
1171 4487 1336 4542 latius
1386 4487 1439 4540 in
1486 4485 1710 4557 praefato
1753 4485 2050 4544 Chronico-

477 4591 599 4633 rum
642 4576 780 4631 libro
803 4577 1064 4647 scriptum
1093 4576 1352 4646 reperies.
1388 4575 1646 4646 Sequitur
1681 4575 1963 4632 Mattheus
1997 4586 2054 4635 et

476 4664 613 4723 dicit
637 4681 653 4718 :
690 4719 707 4732 _

553 4751 709 4826 [HL]
737 4752 806 4807 Et
841 4755 1019 4808 statim
1051 4755 1214 4825 jussit
1253 4752 1537 4824 discipulos
1573 4755 1850 4812 ascendere
1873 4757 1929 4811 in
1958 4773 2053 4811 ua»

478 4845 722 4910 cicutam,
747 4854 795 4898 et
824 4845 1112 4914 praecedere
1131 4861 1250 4900 eum
1276 4854 1422 4899 trans
1447 4845 1657 4915 fretum,
1690 4847 1853 4902 donec
1880 4848 2054 4902 dimit-

479 4945 606 4990 teret
652 4935 852 4990 turbas.
900 4935 1201 5010 (Hierou.)
1245 4937 1530 5008 Discipulis
1575 4940 1819 5010 prtecipit
1875 4948 2053 4996 trans.-

469 5021 794 5090 ‘l‘retare,.et
824 5026 1097 5096 compellit
1146 5037 1208 5082 ut
1259 5029 1556 5083 ascendant
1594 5029 1650 5083 in
1701 5030 2047 5087 naviculam;

476 5127 585 5183 quo
611 5128 866 5170 sermone
904 5115 1207 5171 ostenditur
1249 5116 1446 5173 invitos
1481 5132 1575 5172 eos
1617 5132 1648 5170 a
1686 5117 1915 5174 Domino
1960 5135 2048 5174 re-

477 5203 727 5270 cessisse,
756 5204 882 5259 dum
911 5219 1096 5260 amore
1119 5207 1465 5276 praeceptoris
1494 5207 1562 5262 ab
1583 5221 1649 5262 eo
1677 5207 1867 5262 nolunt
1891 5223 2049 5279 sepa-

477 5292 609 5346 rari.
639 5293 822 5366 (ΒΑΒ.)
843 5293 1020 5362 Quare
1045 5297 1282 5366 coegerit
1300 5296 1590 5366 discipulos
1627 5297 1918 5352 ascendere
1948 5314 2048 5353 na-

476 5393 623 5449 vem,
641 5392 698 5439 et
715 5384 829 5455 ipse
854 5401 977 5440 mox
1000 5387 1223 5441 dimisso
1249 5386 1516 5457 populoin
1537 5396 1774 5440 montem
1799 5395 2052 5443 oraturus

475 5471 672 5529 abierit
690 5471 922 5530 Joannes
942 5475 1224 5531 manifeste
1246 5476 1505 5541 declarat,
1531 5475 1624 5544 qui
1665 5476 1929 5546 completa
1961 5492 2048 5532 re-

477 5557 708 5618 fectione
752 5564 842 5620 illa
889 5566 1096 5621 cmlesti
1137 5566 1394 5621 continuo
1427 5565 1655 5635 subjecit
1686 5567 1880 5622 :Jesus
1925 5584 2048 5637 ergo

477 5659 598 5705 “ut
636 5654 951 5722 cognovisset
974 5655 1097 5724 quia
1136 5655 1339 5709 venturi
1375 5664 1542 5710 essent
1564 5665 1618 5708 ut
1644 5668 1881 5728 raperent
1902 5674 2047 5710 eum.

2160 4509 2303 4580 quod
2327 4508 2503 4565 Lucas
2530 4510 2638 4575 ait,
2655 4511 2710 4564 iu
2735 4509 2905 4565 locum
2932 4511 3316 4580 desertum,qui
3334 4520 3409 4564 est
3425 4509 3742 4579 Bethsaida,

2161 4624 2266 4664 non
2298 4609 2466 4680 ipsius
2486 4609 2681 4665 vicinia
2707 4610 2965 4675 civitatis,
3002 4610 3096 4665 sed
3132 4609 3249 4664 loca
3273 4610 3470 4664 deserti
3498 4610 3566 4664 ad
3611 4625 3739 4667 eain

2158 4711 2476 4780 pertinentis
2498 4726 2620 4767 esse
2641 4711 2944 4781 designata;
2973 4703 3180 4766 MarCus
3208 4713 3351 4766 enim
3379 4711 3735 4780 dicitaperte,

2157 4809 2300 4879 quod
2328 4810 2694 4881 praecederent
2721 4823 2843 4865 eum
2873 4811 3234 4876 Bethsaidam,
3282 4812 3370 4866 ubi
3412 4811 3584 4881 ipsius
3604 4812 3736 4866 civi-

2162 4908 2290 4963 tatis
2326 4909 2462 4964 lines
2491 4917 2704 4964 constat
2730 4924 2850 4965 esse
2892 4919 3127 4965 notatos.
3149 4909 3324 4965 Lucas
3346 4923 3476 4965 vero
3505 4912 3598 4981 qui
3624 4927 3734 4966 non

2159 5006 2291 5061 dicit
2316 5007 2370 5061 in
2396 5007 2574 5063 locum
2595 5009 2886 5073 desertum,
2918 5024 3038 5079 qua:
3068 5017 3150 5063 est
3170 5008 3480 5074 Bethsaida,
3511 5011 3608 5065 sed
3643 5011 3737 5080 qui

2157 5107 2234 5152 est
2277 5097 2582 5164 Bethsaida,
2629 5108 2827 5169 potest.
2857 5099 2912 5154 ni
2937 5099 3113 5164 fallor,
3156 5111 3303 5154 recte
3331 5099 3572 5172 intelligi,
3605 5101 3734 5170 quia

2157 5203 2263 5244 non
2312 5188 2485 5259 ipsam
2537 5190 2810 5246 civitatem
2854 5191 3085 5247 voluerit
3126 5191 3371 5262 intelligi,
3403 5192 3498 5247 sed
3552 5193 3728 5248 locum

2157 5281 2429 5336 desertum
2457 5281 2646 5352 ipsius,
2692 5283 2747 5338 id
2777 5291 2882 5348 est,
2911 5285 2978 5338 ad
3032 5283 3148 5353 ejus
3196 5285 3426 5340 conﬁnia
3460 5287 3732 5356 pertinen-

2155 5383 2282 5428 tem.
2305 5371 2500 5428 Narrat
2528 5382 2708 5428 autem
2756 5375 3083 5445 evangelista
3117 5373 3350 5431 Joannes
3377 5377 3731 5432 manducasse

2152 5477 2344 5531 panem
2375 5464 2562 5518 turbas
2583 5462 2739 5531 juxta
2782 5462 3121 5520 Tiberiadem
3156 5472 3213 5520 et
3247 5466 3605 5520 ascendentes
3635 5482 3733 5520 ua-

2149 5569 2270 5608 vem
2324 5553 2612 5624 discipulos
2651 5556 2867 5612 venisse
2919 5565 3080 5612 trans
3117 5571 3266 5611 mare
3307 5556 3688 5626 Capharnaum
3715 5598 3732 5618 ,

2149 5657 2269 5709 quae
2292 5643 2463 5699 ambae
2491 5650 2618 5699 sunt
2646 5644 2894 5700 civitates
2922 5645 2977 5700 in
3015 5645 3252 5710 Galilaea,
3296 5643 3449 5714 juxta
3479 5657 3734 5714 stagnum
