4006 6194
364 242 469 297 969

1314 234 1663 292 COMMENT.
1703 234 1768 288 IN
1809 233 2245 294 MATTIIxEUM.
2287 271 2356 279 -—
2394 240 2520 296 LIB.
2567 242 2624 296 Υ.

3521 248 3626 305 970

359 355 757 417 Cenaesarcth,
797 353 938 423 quod
972 352 1134 426 etiam
1163 350 1462 406 Tiberiadis
1488 367 1517 406 a
1542 350 1761 406 civitate
1788 350 1938 405 Tibe'
1976 352 2027 412 Α
2054 369 2159 409 non
2199 356 2535 413 obliviscitur
2559 359 2859 415 orationem
2888 375 3209 430 pauperum,
3237 377 3410 434 neque
3434 368 3630 423 avertit

361 451 518 509 riade
546 460 796 504 vocatur.

357 535 364 541 ’
437 538 506 592 Et
533 537 754 593 dimissa
783 537 935 590 turba
984 537 1215 590 ascendit
1259 535 1314 590 in
1351 547 1574 592 montem
1602 538 1745 592 solus
1777 553 1948 592 orare.

365 629 422 685 Si
453 629 680 684 fuissent
717 642 840 682 cum
883 641 948 682 eo
989 626 1238 697 discipuli
1275 626 1486 691 Petrus,
1527 637 1581 683 et
1607 626 1862 693 Iacobus,
1897 638 1952 684 et

361 719 620 784 Joannes,
667 715 759 786 qui
808 717 1055 772 viderant
1100 717 1326 788 gloriam
1366 718 1754 784 transformati,
1789 718 1948 773 forsi-

363 816 457 862 tan
500 805 872 862 ascendissent
912 805 965 859 in
1000 813 1237 860 montem
1264 821 1385 860 eum
1417 821 1512 868 eo;
1570 807 1663 862 sed
1695 807 1850 861 turba
1885 808 1953 861 ad

363 895 612 953 sublimia
641 895 793 965 sequi
827 910 932 950 non
962 902 1194 965 poterat,
1227 896 1331 952 nisi
1359 897 1636 952 docuisset
1661 912 1780 952 eam
1799 897 1952 968 juxta

362 1003 513 1043 mare
559 987 614 1042 in
661 987 862 1052 littore,
895 994 949 1040 et
973 986 1143 1042 aleret
1198 986 1252 1040 in
1291 987 1526 1042 deserto.
1569 986 1722 1054 Quod
1770 998 1952 1043 autem

363 1081 607 1138 ascendit
652 1080 796 1136 solus
836 1095 1025 1145 orare,
1079 1095 1187 1134 non
1226 1079 1292 1134 ad
1338 1095 1461 1136 eum
1498 1079 1704 1136 referas
1730 1081 1845 1151 qui,
1888 1083 1956 1136 de

362 1173 599 1242 quinque
625 1171 852 1242 panibus
882 1170 1122 1241 quinque
1171 1169 1338 1224 millia
1389 1170 1607 1226 satiavit
1652 1170 1950 1236 hominum,

361 1264 603 1335 exceptis
630 1261 949 1318 mulieribus
971 1269 1026 1316 et
1050 1261 1309 1332 parvulis,
1347 1261 1444 1317 sed
1479 1261 1545 1315 ad
1577 1275 1701 1316 eum
1727 1263 1820 1332 qui
1859 1277 1954 1316 au-

363 1353 474 1407 dita
498 1358 674 1406 morte
702 1348 950 1416 Joannis,
978 1349 1203 1405 secessit
1230 1350 1282 1404 in
1304 1349 1649 1405 solitudinem
1675 1368 1687 1402 :
1715 1365 1820 1404 non
1849 1365 1956 1419 quo

362 1459 652 1514 personam
700 1442 912 1498 Domini
952 1457 1267 1514 separemus
1297 1483 1312 1508 ,
1365 1442 1460 1498 sed
1500 1443 1755 1514 quoniam
1791 1458 1954 1513 opera

364 1537 483 1608 ejus
514 1537 658 1592 inter
691 1536 859 1591 Deum
885 1535 1268 1604 hominemque
1293 1533 1464 1589 divisa
1486 1541 1631 1588 sunt.
1664 1533 1952 1606 (Ambros.)

365 1629 468 1684 Ubi
497 1637 552 1684 et
579 1629 876 1682 notandum
905 1625 1048 1696 quod
1075 1639 1182 1680 non
1209 1625 1387 1680 omnis
1415 1625 1507 1694 qui
1559 1631 1680 1680 orat
1710 1624 1954 1680 ascendit

2056 445 2251 502 faciem
2279 463 2430 503 suam
2457 465 2487 503 a
2511 451 2854 520 sperantibus
2877 452 2930 506 in
2960 467 3048 518 se;
3073 453 3203 524 quin
3233 456 3413 524 potius
3437 466 3490 513 et
3510 473 3634 514 cer-

2055 545 2231 591 tantes
2269 553 2390 592 eum
2416 539 2679 603 hostibus,
2710 549 2770 595 ut
2807 542 3027 598 vincant
3054 542 3291 611 adjuvat,
3328 549 3638 605 etvictores

2056 624 2110 678 in
2140 634 2398 681 aeternum
2437 638 2681 683 coronat.
2718 629 2870 686 Unde
2897 633 2999 686 hoc
3036 633 3236 689 inloco
3274 645 3398 705 apte
3424 652 3638 709 quoque

2055 729 2154 786 per
2176 715 2414 771 Marcum
2440 719 2637 773 dicitur
2665 738 2678 772 :
2713 719 2849 786 Quia
2880 722 3006 776 vidit
3033 740 3120 777 eos
3154 723 3453 780 laborantes
3482 728 3538 781 in
3561 745 3641 782 re-

2054 807 2323 877 migando.
2355 807 2509 864 Videt
2553 810 2750 881 quippe
2787 811 3046 867 Dominus
3082 829 3209 869 suos
3238 814 3546 872 laborantes
3587 818 3642 874 in

2057 899 2214 964 mari,
2241 901 2491 969 quamvis
2542 901 2654 972 ipse
2700 904 2908 973 positus
2958 903 3011 958 in
3065 915 3230 972 terra,
3262 908 3387 977 quia
3441 910 3543 964 etsi
3574 911 3642 966 ad

2055 989 2245 1044 horam
2285 990 2502 1047 differre
2554 993 2784 1056 videtur,
2827 994 3083 1050 auxilium
3116 997 3386 1054 tribulatis
3436 999 3644 1071 impen-

2057 1081 2203 1145 dere,
2231 1082 2582 1140 nihilominus
2620 1092 2800 1140 tamen
2850 1101 2944 1142 eos
2993 1102 3061 1143 ne
3102 1087 3154 1142 in
3206 1089 3646 1146 tribulationibus

2058 1169 2333 1238 deﬁciant,
2365 1187 2476 1228 suae
2517 1185 2762 1245 respectu
2818 1177 3036 1245 pietatis
3079 1179 3415 1244 corroborat,
3447 1190 3501 1235 et
3547 1182 3644 1236 ali-

2056 1263 2274 1332 quando
2321 1265 2485 1318 etiam
2528 1266 2817 1322 manifesto
2851 1268 3120 1337 adjutorio
3148 1271 3310 1326 victis
3341 1274 3642 1329 adversita-

2057 1355 2219 1416 tibus,
2254 1355 2407 1424 quasi
2446 1356 2666 1412 calcatis
2708 1358 3016 1428 sedatisque
3064 1358 3321 1414 fluctuum
3363 1361 3646 1417 volumini-

2055 1446 2156 1501 bus
2185 1445 2395 1501 liberat.
2429 1446 2583 1502 Sicut
2614 1449 2701 1504 hic
2729 1465 2946 1520 quoque
2984 1452 3379 1521 subsequenter
3406 1453 3646 1509 insinua-

2057 1545 2166 1600 tur,
2190 1552 2310 1591 cum
2341 1537 2540 1593 dicitur
2564 1558 2575 1592 :

2128 1626 2334 1694 Quarta
2371 1638 2547 1683 autem
2583 1630 2758 1700 vigilia
2805 1633 2966 1686 noctis
3002 1635 3137 1686 venit
3161 1648 3230 1686 aa
3263 1649 3349 1686 eos
3371 1633 3647 1687 ambulans

367 1720 420 1774 in
445 1729 702 1775 montem.
727 1718 822 1772 Est
841 1717 985 1772 enim
999 1716 1176 1772 oratio
1197 1730 1316 1786 quae
1343 1725 1625 1787 peccatum
1658 1714 1821 1781 facit;
1854 1715 1949 1771 sed
1981 1717 2025 1776 B
2053 1735 2214 1790 supra
2239 1735 2403 1775 mare.
2434 1719 2706 1793 (Πὶογοη.)
2746 1721 3019 1778 Stationes
3056 1732 3112 1778 et
3146 1723 3341 1795 vigilia:
3384 1725 3648 1781 militares

367 1810 456 1880 qui
485 1811 621 1866 bene
658 1817 801 1874 orat,
831 1807 925 1879 qui
949 1808 1116 1863 Deum
1145 1807 1353 1863 orando
1371 1806 1583 1876 quaerit,
1619 1806 1708 1861 hic
1731 1821 1761 1860 a
1792 1815 1963 1861 terre-

367 1904 450 1959 nis
479 1903 546 1959 ad
576 1901 854 1972 superiora
897 1899 1269 1970 progrediens,
1303 1898 1562 1953 verticem
1591 1912 1736 1953 cura:
1787 1896 1961 1952 subli-

367 1994 553 2049 mioris
565 1991 810 2048 ascendit
824 2007 837 2057 ;
853 1988 944 2060 qui
958 2005 1086 2045 vero
1105 1989 1170 2045 de
1184 1988 1404 2054 divitiis,
1429 1995 1522 2041 aut
1545 1987 1612 2043 de
1633 1988 1838 2042 honore
1863 2001 1962 2041 ste—

365 2085 494 2147 culi,
524 2093 617 2138 aut
643 2092 791 2139 certe
839 2083 904 2138 de
932 2080 1136 2135 inimici
1183 2086 1358 2135 morte
1397 2077 1660 2134 sollicitus
1688 2078 1960 2141 obsecrat,

370 2177 569 2246 ipsein
607 2174 808 2230 inﬁmis
828 2172 1018 2241 jacens
1041 2163 1173 2226 viles
1221 2170 1289 2226 ad
1328 2171 1496 2226 Deum
1533 2185 1724 2240 preces
1773 2171 1958 2226 mittit.

368 2266 504 2323 Orat
542 2275 723 2322 autem
749 2264 1009 2320 Dominus
1038 2278 1146 2318 non
1176 2270 1237 2318 ut
1271 2277 1372 2333 pro
1398 2277 1457 2318 se
1477 2265 1749 2329 obsecret,
1780 2263 1875 2319 sed
1904 2271 1964 2318 ut

369 2373 468 2429 pro
495 2373 581 2413 me
607 2359 878 2428 impetret.
910 2357 1045 2412 Nam
1076 2365 1130 2412 et
1159 2357 1205 2412 si
1235 2357 1416 2412 omnia
1444 2357 1689 2428 posuerit
1712 2355 1876 2412 Pater
1907 2358 1961 2412 in

370 2457 638 2521 potestate
662 2447 806 2513 Filii,
830 2447 999 2504 Filius
1025 2457 1228 2514 tamen,
1254 2457 1315 2503 ut
1335 2445 1566 2503 formam
1603 2447 1837 2503 hominis
1863 2435 1964 2501 im-

370 2542 563 2616 pleret,
595 2540 996 2596 ‘ohsecrandum
1038 2539 1256 2596 Patrem
1284 2547 1442 2610 putat
1479 2554 1598 2596 esse
1640 2554 1740 2610 pro
1783 2539 1958 2604 nobis,

375 2637 500 2710 quia
526 2618 820 2693 advocatus
847 2644 933 2692 est
969 2644 1170 2692 noster.
1216 2636 1540 2690 Advocatum
1578 2635 1735 2701 enim,
1765 2633 1958 2704 inquit,

376 2727 623 2783 habemus
649 2727 788 2800 apud
818 2725 1032 2781 Patrem
1075 2724 1260 2782 Jesum
1299 2725 1562 2780 Christum
1599 2724 1651 2796 (1
1679 2725 1839 2780 Joan.
1874 2725 1957 2796 ll).

377 2818 436 2876 Si
463 2819 754 2875 advocatus
777 2825 878 2882 est,
911 2818 1071 2873 debet
1101 2831 1202 2888 pro
1249 2817 1384 2872 meis
1412 2817 1740 2873 intervenire
1764 2831 1959 2888 pecca-

377 2913 466 2968 tis.
503 2911 619 2968 Non
654 2927 784 2983 ergo
820 2911 972 2980 quasi
1002 2910 1269 2978 inﬁrmus,
1311 2913 1406 2967 sed
1432 2911 1587 2980 quasi
1637 2911 1758 2982 pius
1806 2914 1961 2968 obse-

374 3011 510 3055 crat.
543 3001 636 3055 V’is
657 3001 796 3056 scire
824 3015 986 3070 quam
1018 3000 1200 3055 omnia
1228 3016 1347 3070 qua:
1379 3000 1506 3055 velit
1533 3001 1741 3071 possit?
1769 3001 1836 3056 Et
1865 3003 1962 3058 ad-

2063 1812 2116 1864 in
2142 1818 2296 1864 terna
2323 1810 2578 1865 horarum
2604 1811 2778 1880 spatia
2803 1811 3133 1901 dividuntur;
3160 1812 3385 1880 Quando
3405 1828 3534 1882 ergo
3571 1814 3651 1868 di-

2064 1901 2138 1956 cit
2166 1910 2357 1970 quarta
2387 1899 2568 1972 vigilia
2621 1901 2799 1957 noctis
2848 1902 3058 1958 venisse
3102 1899 3170 1958 ad
3213 1918 3307 1959 eos
3339 1903 3650 1965 Dominum,

2063 1991 2298 2049 ostendit
2337 1999 2451 2048 tota
2497 2000 2656 2049 nocte
2700 1993 3033 2063 perielitatos
3089 2003 3144 2048 et
3188 2003 3434 2050 extremo
3478 1995 3652 2050 noctis

2064 2093 2306 2156 tempore
2336 2084 2416 2139 eis
2447 2083 2702 2138 auxilium
2746 2084 3051 2155 praebitum.
3099 2083 3279 2156 (ΗΑΒ.)
3307 2085 3652 2142 Laborabant

2063 2188 2191 2246 ergo
2218 2182 2330 2230 toto
2355 2175 2530 2230 noctis
2549 2189 2734 2244 opacae
2759 2184 3023 2246 tempore,
3065 2177 3158 2232 scd
3188 2176 3423 2234 diluculo
3451 2193 3651 2248 appro-

2061 2265 2381 2336 pinquante,
2414 2273 2468 2318 et
2499 2263 2725 2319 lucifero
2751 2264 2880 2320 solis
2909 2265 3122 2336 dieique
3151 2274 3401 2322 exortum
3427 2270 3652 2336 promit-

2066 2365 2232 2422 tente,
2256 2355 2402 2410 venit
2431 2355 2708 2419 Dominus,
2741 2364 2796 2411 et
2823 2356 3271 2425 superambulans
3293 2359 3495 2412 tumida
3527 2358 3648 2412 freti

2067 2457 2212 2518 terga
2243 2446 2587 2517 comprimit:
2619 2449 2744 2516 quia
2795 2462 2917 2502 cum
2944 2448 3214 2517 pressuris
3240 2449 3412 2503 obsita
3443 2448 3652 2520 fragili-

2065 2545 2149 2591 tas
2175 2537 2412 2591 humana
2437 2535 2786 2606 pusillitatem
2819 2537 3014 2592 virium
3058 2553 3278 2594 suarum
3325 2541 3652 2604 considerat,

2067 2627 2142 2683 nil
2172 2642 2296 2698 erga
2320 2642 2379 2683 se
2400 2627 2545 2682 aliud
2566 2643 2728 2698 quam
2751 2628 3000 2685 tenebras
3021 2630 3387 2701 angustiarum
3415 2641 3470 2686 et
3489 2643 3654 2687 tostus

2066 2719 2244 2774 cernit
2273 2718 2508 2774 hostium
2537 2717 2961 2790 conﬂigentium.
3004 2719 3139 2775 Cum
3172 2735 3302 2778 vero
3333 2731 3565 2776 mentem
3588 2725 3655 2776 ad

2065 2811 2285 2884 superni
2311 2811 2492 2868 lumen
2513 2810 2772 2882 prtesidii,
2804 2821 2859 2867 et
2878 2822 3150 2884 perpetuae
3173 2814 3312 2869 dona
3353 2817 3655 2873 retributio-

2065 2905 2154 2962 nis
2179 2903 2438 2969 erexerit,
2454 2903 2607 2973 quasi
2637 2903 2780 2958 inter
2803 2905 3022 2960 umbras
3049 2905 3223 2960 noctis
3245 2916 3463 2976 repente
3491 2923 3656 2963 exor-

2067 3003 2179 3059 tum
2203 2993 2414 3051 luciferi
2442 2993 2728 3064 conspicit,
2757 2993 2848 3063 qui
2895 2994 3035 3049 diem
3065 2995 3371 3065 proximum
3422 2999 3654 3053 nuntiat.

375 3101 620 3156 vocatus,
649 3100 704 3147 et
734 3090 896 3160 iudex
923 3101 1004 3146 est
1032 3110 1045 3145 :
1092 3092 1144 3146 in
1168 3091 1340 3147 altero
1379 3092 1594 3162 pietatis
1618 3091 1872 3158 ollicium,
1910 3095 1961 3148 in
1995 3081 2040 3143 C
2074 3085 2290 3142 Lucifer
2313 3100 2545 3154 namque
2575 3099 2698 3140 cum
2729 3083 3020 3154 plurimum
3045 3094 3156 3141 tres
3176 3086 3338 3142 horas
3368 3091 3563 3153 noctis,
3602 3090 3655 3145 id

373 3182 548 3237 altero
575 3182 784 3253 insigne
811 3193 895 3238 est
923 3183 1230 3253 potestatis.

448 3272 584 3345 [IV.]
629 3272 844 3344 Vespere
878 3285 1051 3328 autem
1092 3273 1232 3343 facta
1259 3276 1402 3330 solus
1430 3284 1543 3329 erat
1573 3275 1674 3340 ibi;
1722 3275 1963 3330 navicula

372 3372 547 3417 autem
589 3363 643 3416 in
675 3362 842 3416 medio
871 3363 1006 3417 mari
1026 3363 1333 3432 jactabatur
1370 3364 1655 3434 ﬂuctibus;
1687 3376 1796 3418 erat
1826 3365 1963 3419 enim

375 3465 551 3510 ventus
581 3455 896 3509 contrarius.
929 3454 1200 3527 (Hieron.)
1227 3456 1394 3512 Recte
1431 3457 1585 3527 quasi
1616 3457 1767 3512 inviti
1796 3467 1851 3513 et
1881 3474 1964 3513 rc-

377 3554 672 3602 tractantes
709 3547 934 3617 apostoli
984 3563 1016 3600 a
1052 3548 1275 3604 Domino
1319 3559 1699 3616 recesserant,
1755 3566 1824 3606 ne
1873 3551 1964 3606 illo

377 3641 599 3695 absente
629 3638 968 3711 naufragium
993 3640 1342 3697 sustinerent.
1373 3641 1614 3712 Denique
1635 3643 1870 3699 Domino
1908 3644 1960 3697 in

376 3733 576 3789 montis
603 3733 884 3788 cacumine
911 3742 1300 3799 commorante,
1326 3734 1510 3789 statim
1530 3743 1726 3790 ventus
1747 3743 1964 3789 contra-

377 3824 494 3878 rius
530 3824 722 3892 oritur,
753 3833 807 3880 et
853 3823 1102 3879 turbatur
1131 3840 1304 3891 mare,
1335 3834 1392 3880 et
1435 3825 1809 3895 periclitantur
1835 3839 1963 3894 apo-

377 3914 524 3981 stoli,
554 3923 610 3970 et
651 3922 762 3970 tam
810 3915 902 3971 diu
943 3916 1232 3972 imminens
1259 3915 1600 3988 naufragium
1625 3927 1961 3988 perseverat,

377 4021 540 4076 quam
571 4005 659 4060 diu
681 4005 839 4061 Jesus
860 4021 966 4060 non
993 4007 1157 4062 venit.
1195 4006 1376 4078 (Aug.)
1431 4005 1610 4062 Labor
1636 4008 1854 4078 quidem
1888 4009 1966 4064 di-

379 4097 710 4168 scipulorum
750 4097 805 4152 in
835 4099 1172 4168 remigando,
1203 4108 1258 4155 et
1301 4100 1606 4155 contrarius
1633 4100 1713 4156 eis
1746 4109 1959 4165 ventus,

379 4188 590 4244 labores
621 4189 874 4245 Ecclesiae
902 4199 1099 4246 sancta:
1129 4191 1310 4246 varios
1344 4192 1613 4262 designat,
1650 4207 1771 4262 qua:
1823 4193 1965 4247 inter

379 4281 554 4334 undas
599 4281 780 4336 saeculi
830 4281 1214 4347 adversantes,
1261 4289 1315 4336 et
1369 4282 1765 4337 immundorum
1807 4282 1965 4338 ﬂatus

379 4369 666 4439 spirituum
693 4373 762 4427 ad
785 4371 1019 4442 quietem
1048 4373 1236 4443 patriae
1257 4372 1682 4442 ccelestis,quasi
1713 4373 1779 4429 ad
1802 4373 1964 4429 ﬁdam

380 4460 577 4516 litteris
611 4463 901 4518 stationem
929 4463 1216 4534 pervenire
1247 4472 1490 4520 conatur.
1521 4462 1622 4520 Ubi
1655 4464 1791 4520 bene
1827 4465 1965 4519 dici-

384 4559 493 4616 tur,
527 4552 650 4622 quia
678 4554 822 4608 navis
853 4564 965 4608 erat
1017 4555 1071 4608 in
1101 4555 1271 4609 medio
1302 4556 1458 4621 mari,
1489 4563 1538 4609 et
1583 4555 1692 4625 ipse
1720 4553 1862 4608 solus
1913 4555 1968 4608 in

379 4653 562 4698 terra:
593 4644 718 4714 quia
748 4660 1136 4716 nonnunquam
1190 4646 1430 4701 Ecclesia
1473 4647 1637 4701 tantis
1688 4646 1966 4717 gentilium

379 4737 655 4806 pressaris
678 4752 787 4793 non
825 4737 998 4792 solum
1026 4736 1255 4802 amicta,
1307 4741 1402 4794 sed
1428 4747 1483 4793 et
1528 4738 1727 4794 fmdata
1771 4746 1876 4805 est,
1908 4747 1968 4793 ut

380 4830 428 4884 si
461 4828 577 4884 ﬁeri
614 4837 798 4900 posset
817 4828 1145 4900 Redemptor
1184 4830 1354 4900 ipsius
1389 4845 1509 4886 eam
1543 4846 1767 4902 prorsus
1811 4830 1968 4886 dese-

379 4919 559 4975 ruisse
591 4920 660 4976 ad
696 4928 907 4990 tempus
935 4920 1227 4976 videretur.
1273 4920 1424 4976 Unde
1451 4931 1536 4977 est
1576 4921 1664 4976 illa
1699 4937 1802 4977 vox
1854 4919 1970 4990 ejus

382 5011 528 5066 inter
574 5011 746 5066 undas
800 5011 1172 5082 proccllasque
1227 5012 1582 5067 tentationum
1637 5011 1968 5067 verrentium

384 5101 757 5171 deprehensae,
797 5111 964 5174 atque
1009 5102 1268 5158 auxilium
1306 5105 1658 5174 protectionis
1690 5104 1831 5160 illius
1872 5120 1966 5176 ge-

383 5193 658 5248 mebundo
685 5193 925 5250 clamore
972 5195 1298 5265 quaerentis:
1341 5194 1410 5250 Ut
1437 5197 1584 5267 quid,
1611 5197 1849 5261 Domine,
1889 5213 1969 5252 re-

383 5282 587 5337 cessisti
613 5282 763 5354 longe
790 5285 815 5339 ?
841 5285 1062 5356 despicis
1103 5287 1157 5340 in
1183 5287 1683 5354 importunitatibus,
1713 5287 1770 5341 in
1805 5286 1972 5340 tribu-

385 5377 582 5433 latione
609 5378 781 5451 (Psal.
821 5380 932 5452 rx)?
955 5382 1085 5448 Quae
1115 5381 1319 5452 pariter
1351 5396 1536 5436 vocem
1560 5381 1762 5435 inimici
1790 5397 1973 5451 perse-

387 5469 604 5536 quentis
622 5471 844 5543 exponit
884 5472 940 5526 in
982 5472 1334 5542 sequentibus
1362 5471 1584 5542 psalmis
1631 5470 1966 5541 subiiciens:

388 5557 537 5613 Dixit
583 5562 720 5616 enim
761 5564 817 5618 in
845 5562 999 5616 corde
1037 5579 1132 5616 suo
1156 5577 1175 5615 :
1205 5562 1411 5617 Oblitus
1448 5572 1523 5617 est
1562 5561 1736 5626 Deus,
1779 5563 1964 5616 avertit

387 5649 776 5724 fademsuam,
806 5671 868 5709 ne
911 5654 1078 5709 videat
1129 5672 1289 5726 usque
1331 5656 1384 5710 in
1429 5655 1605 5739 ﬁnem.
1655 5655 1852 5712 Verum
1884 5656 1972 5712 illc

830 5748 1096 5809 ΡΑτιιοι.
1132 5749 1316 5811 CVII.

2063 3189 2164 3243 est,
2199 3186 2366 3234 totam
2415 3177 2655 3248 vigiliam
2704 3176 3026 3230 matutinam
3066 3177 3373 3234 illuminare
3400 3181 3643 3250 perhibe-

2067 3279 2184 3335 tur;
2229 3269 2508 3338 aderitque
2563 3267 2822 3323 Dominus
2867 3269 2956 3338 qui
2986 3309 3000 3331 ,
3048 3269 3237 3338 sopitis
3287 3272 3652 3328 tentationum

2063 3363 2333 3434 periculis,
2363 3364 2576 3435 plenam
2602 3363 2845 3420 liberatis
2872 3363 3127 3419 ﬁduciam
3161 3380 3272 3421 suae
3296 3369 3652 3436 protectionis

2064 3455 2344 3510 attribuat.
2373 3454 2628 3526 Sequitur
2670 3473 2682 3507 :

2139 3549 2202 3602 Et
2230 3549 2458 3604 videntes
2506 3566 2624 3604 eum
2653 3566 2814 3621 supra
2849 3567 2994 3605 mare
3047 3550 3402 3606 ambulantem
3453 3552 3653 3606 turbati

2063 3650 2220 3703 sunt,
2275 3641 2540 3706 dicentes,
2597 3642 2723 3711 quia
2771 3639 3086 3708 phantasma
3135 3650 3230 3695 est.
3279 3640 3546 3711 (Hieron.)
3593 3639 3655 3695 Si

2057 3733 2214 3799 juxta
2267 3732 2596 3787 Marcionem
2641 3741 2696 3786 et
2748 3731 3105 3786 Manichaeum
3152 3731 3413 3786 Dominus
3469 3741 3655 3787 noster

2065 3837 2172 3877 non
2198 3830 2283 3876 est
2312 3833 2471 3876 natus
2499 3836 2566 3876 ex
2600 3821 2828 3892 virgine,
2857 3821 2952 3876 sed
2980 3819 3130 3876 visus
3167 3820 3220 3875 in
3247 3821 3650 3891 phantasmate,

2065 3913 2336 3984 quomodo
2367 3929 2507 3968 nunc
2537 3912 2778 3982 apostoli.
2817 3912 3028 3978 timent,
3087 3927 3156 3967 ne
3218 3913 3542 3983 phantasma
3576 3913 3654 3966 vi-

2067 4006 2246 4060 deant.
2279 4003 2462 4076 (ΚΑΒ.)
2486 4004 2674 4059 Adhuc
2688 4005 2926 4060 hmretici
2942 4014 3132 4076 putant
3147 4007 3468 4078 phantasma
3491 4005 3656 4062 fuisse

2070 4094 2370 4154 Dominum,
2408 4108 2506 4148 nec
2548 4108 2730 4150 veram
2776 4095 3136 4165 assumpsisse
3188 4112 3410 4152 carnem
3445 4099 3510 4153 de
3546 4099 3657 4152 vir-

2066 4187 2206 4257 gine.
2267 4185 2510 4255 Denique
2555 4185 2870 4241 Theodorus
2925 4185 3322 4244 Pharanitanus
3381 4189 3656 4258 quondam

2066 4280 2351 4350 episcopus
2384 4279 2460 4333 ita
2485 4279 2722 4348 scripsit,
2739 4279 3018 4350 corporale
3039 4280 3248 4350 pondus
3269 4295 3376 4336 non
3403 4281 3657 4336 habuisse

2069 4369 2363 4426 secundum
2394 4384 2614 4424 carnem
2647 4370 2954 4435 Dominum,
2985 4369 3080 4425 sed
3107 4370 3312 4441 absque
3334 4372 3572 4442 pondere
3602 4379 3659 4427 et

2070 4479 2299 4536 corpore
2330 4479 2494 4534 super
2523 4478 2674 4517 mare
2719 4461 3116 4518 deambulasse.
3169 4463 3238 4516 At
3279 4471 3468 4519 contra
3524 4462 3658 4518 ﬁdes

2070 4555 2333 4610 catholica
2360 4563 2414 4609 et
2460 4568 2654 4622 corpus
2699 4551 2991 4608 secundum
3031 4567 3249 4608 carnem
3301 4552 3503 4609 habere
3533 4566 3656 4608 cum

2069 4645 2344 4716 praedicat,
2381 4655 2435 4701 et
2463 4659 2601 4700 onus
2628 4659 2968 4714 corporeum,
3000 4654 3056 4701 et
3080 4659 3202 4700 cum
3228 4645 3468 4716 pondere
3497 4654 3661 4715 atque

2068 4749 2235 4790 onere
2258 4734 2526 4805 corporali
2568 4734 2820 4789 incedere
2871 4749 3032 4806 super
3065 4749 3268 4805 aquas,
3314 4751 3419 4790 non
3467 4733 3659 4789 infusis

2068 4824 2315 4895 pedibus.
2351 4823 2482 4877 Nam
2513 4824 2797 4894 Dionysius
2819 4865 2833 4889 ,
2863 4825 3114 4896 egregius
3143 4825 3286 4880 inter
3331 4825 3661 4880 ecclesiasn-

2075 4932 2170 4972 cos
2210 4915 2534 4985 scriptores,
2583 4915 2634 4969 in
2671 4917 2944 4985 Opusculis
2989 4917 3056 4972 de
3098 4917 3296 4973 divinis
3341 4917 3658 4973 Nominibus

2078 5009 2182 5063 hoc
2209 5007 2367 5061 modo
2402 5005 2676 5074 loquitur:
2709 5005 3019 5076 lgnoramus
3038 5006 3180 5061 enim
3203 5006 3433 5076 qualiter
3462 5006 3530 5061 de
3553 5008 3662 5060 vir-

2077 5100 2252 5173 gineis
2289 5096 2640 5170 sanguiuibus
2677 5097 2782 5151 alia
2815 5098 2930 5169 lege
2973 5107 3170 5167 praeter
3215 5097 3511 5153 naturalem
3545 5097 3658 5153 for-

2077 5193 2349 5255 mabatur,
2375 5198 2430 5245 et
2459 5187 2691 5260 qualiter
2718 5205 2824 5243 non
2875 5187 3066 5244 infusis
3114 5187 3338 5259 pedibus
3356 5234 3360 5236 γ
3379 5189 3659 5261 corporale

2076 5282 2286 5353 pondus
2318 5279 2641 5336 habentibus
2673 5287 2726 5333 et
2773 5279 3050 5334 materiale
3093 5296 3248 5344 onus,
3280 5279 3660 5335 deambulabat

2077 5375 2129 5428 in
2178 5372 2454 5428 humidam
2483 5379 2538 5425 et
2566 5369 2870 5425 instabilem
2921 5369 3298 5425 substantiam.
3336 5369 3657 5426 Intuendum

2075 5465 2342 5535 estigitur
2371 5465 2640 5534 quomodo
2688 5463 2902 5519 Marcus
2947 5464 3094 5520 dicat
3137 5465 3279 5535 quod
3328 5465 3471 5520 circa
3501 5480 3658 5534 quar-

2075 5568 2185 5614 tam
2217 5559 2456 5631 vigiliam
2509 5559 2684 5615 noctis
2733 5559 2944 5615 veniret
2973 5560 3039 5614 ad
3068 5575 3161 5614 eos
3191 5558 3449 5613 Dominus
3471 5557 3658 5612 ambu-

2076 5653 2194 5707 laus
2222 5669 2381 5723 super
2408 5669 2574 5718 mare,
2608 5660 2661 5710 et
2703 5651 2865 5706 vellet
2906 5651 3184 5724 praeterire
3222 5665 3333 5706 eos.
3380 5649 3658 5718 Quomodo

3125 5747 3193 5806 31
