4006 6194
407 270 508 326 971

1054 267 1112 319 Β.
1156 266 1409 320 ΒᾸΒᾹΝΙ
1451 265 1668 322 MAUN
1708 264 1994 320 ARCHIEP

2103 265 2376 324 IOGUNT.
2419 267 2703 325 OPERUM
2741 265 2920 324 PARS
2959 267 2998 322 l.

3577 274 3680 330 972

407 395 536 435 vero
568 376 778 432 volebat
811 377 1068 430 Dominus
1113 389 1206 428 eos
1249 373 1529 442 prmterire
1583 383 1838 442 tanquam
1864 373 1990 428 alic—
2020 379 2065 438 Α
2093 394 2280 448 aquas,
2308 388 2364 432 ut
2405 380 2595 433 veniret
2633 380 2703 434 ad
2723 379 2926 436 Iesum.
2967 379 3068 448 Qui
3098 391 3291 452 putant
3316 383 3529 442 Domini
3555 403 3682 445 cor-

405 488 526 538 nos,
563 468 630 525 ad
661 483 798 538 quos
824 468 890 523 de
938 465 1178 537 periculo
1229 465 1496 535 naufragii
1551 465 1856 520 liberandos
1888 467 1982 520 ad-

401 569 648 626 venerat,
677 561 780 617 nisi
824 568 883 614 ut
920 561 986 614 ad
1034 561 1220 612 horam
1261 558 1458 612 turbati
1491 567 1546 613 et
1585 566 1861 628 paventes,
1893 559 1988 614 sed

405 657 662 711 continuo
692 652 900 708 liberati
923 651 1152 721 amplius
1191 651 1484 722 ereptionis
1529 667 1640 706 sua:
1669 651 1987 706 miraculum

406 754 705 818 stuperent,
731 760 794 800 ac
819 743 1052 814 majores
1077 742 1313 813 ereptori
1343 757 1440 798 suo
1466 742 1668 810 gratias
1691 740 1990 796 referrent?

405 843 539 908 Quia
569 849 624 895 et
665 840 719 893 in
755 836 1169 908 tempestatibus
1206 836 1541 906 passionum,
1583 849 1702 904 quae
1726 849 1825 904 pro
1853 848 1987 890 con-

404 934 601 990 stantia
631 933 753 988 ﬁdei
786 949 815 986 a
852 929 1072 1002 perﬁdis
1095 931 1434 1000 ingeruntur,
1453 926 1576 981 talis
1604 941 1986 995 nonnunquam

403 1027 641 1096 provisio
667 1025 924 1080 divinitus
952 1021 1284 1086 ostenditur;
1344 1034 1484 1091 saepe
1528 1019 1672 1073 enim
1704 1019 1775 1072 ita
1806 1016 1990 1072 ﬁdeles

407 1121 456 1172 in
491 1117 834 1172 tribulatione
861 1114 1063 1184 positos
1091 1127 1321 1182 superna
1346 1111 1518 1182 pietas
1540 1107 1842 1165 deseruisse
1875 1108 1989 1162 visa

404 1219 508 1271 est,
539 1216 598 1262 ut
627 1207 780 1276 quasi
813 1204 1119 1259 laborantes
1149 1203 1202 1256 in
1226 1202 1362 1256 mari
1392 1199 1686 1270 discipulos
1711 1199 1991 1268 praeterire

403 1299 562 1352 .lesus
575 1297 810 1350 voluisse
838 1302 1138 1364 putaretur.
1160 1291 1312 1348 Unde
1327 1300 1410 1346 est
1434 1289 1564 1345 illud
1579 1287 1833 1344 Ecclesia:
1857 1303 1990 1341 mar-

407 1389 527 1460 tyrii
571 1387 867 1443 certamina
923 1383 1281 1440 desudantis:
1333 1381 1509 1448 Quare
1549 1398 1632 1435 me
1676 1379 1866 1434 oblitus
1916 1395 1988 1441 es,

405 1496 569 1548 quare
589 1495 669 1532 me
694 1476 973 1547 repulisti?
1002 1485 1049 1530 et
1070 1492 1231 1546 quare
1258 1475 1421 1528 tristis
1449 1473 1630 1528 incedo
1653 1471 1777 1526 dum
1813 1469 1990 1542 afﬂigit

408 1587 495 1626 me
516 1569 780 1633 inimicus,
810 1567 934 1621 dum
958 1565 1362 1635 confringantur
1389 1564 1565 1616 omnia
1593 1579 1708 1615 ossa
1728 1577 1860 1620 mea,
1885 1568 1989 1612 etc.

407 1659 581 1732 (Psal.
605 1658 758 1731 xui).
779 1659 884 1714 Sed
908 1659 1089 1713 dicant
1119 1655 1321 1711 inimici
1345 1663 1634 1718 terrentes,
1650 1652 1735 1706 ubi
1757 1660 1830 1705 est
1852 1649 1991 1703 Deus

2087 484 2188 538 pus
2216 469 2335 523 ideo
2364 483 2469 524 non
2514 486 2636 526 esse
2663 487 2874 562 verum,
2903 473 3031 541 quia
3075 488 3240 543 super
3285 475 3474 532 molles
3515 492 3686 551 aquas

2088 560 2247 616 molle
2263 570 2545 618 ctaereum
2568 560 2867 629 incesSerit,
2891 565 3249 636 respondeant
3269 570 3539 638 quomodo
3567 587 3688 628 am-

2087 652 2356 707 bulaverit
2395 653 2603 720 Petrus,
2629 669 2790 725 quem
2820 655 3007 725 utique
3045 671 3234 711 verum
3267 657 3546 714 hominem
3577 678 3687 718 non

2078 743 2381 812 ‘uegabunt.

2174 831 2360 887 Videns
2391 851 2505 888 vero
2547 846 2752 889 ventum
2782 836 3015 892 validum
3042 823 3234 892 timuit.
3266 837 3335 893 Et
3361 857 3480 895 cum
3507 857 3685 913 caepas-

2090 933 2163 977 set
2195 925 2376 996 mergi,
2400 924 2642 980 clamavit
2671 926 2850 981 dicens
2875 943 2893 981 :
2921 927 3146 983 Domine
3164 970 3178 995 ,
3223 932 3424 984 salvum
3452 949 3535 986 me
3577 934 3685 1004 fac.

2091 1015 2326 1069 Ardebat
2353 1016 2516 1070 animi
2551 1017 2702 1082 ﬁdes,
2734 1019 2828 1072 sed
2879 1019 3114 1072 humana
3165 1018 3430 1089 fragilitas
3476 1021 3532 1076 in
3565 1038 3688 1092 pro-

2098 1102 2324 1160 fundum
2356 1109 2624 1162 tralielat.
2654 1108 2934 1162 Paululum
2979 1124 3108 1181 ergo
3145 1111 3467 1182 relinquitur
3509 1121 3690 1169 tenta-

2095 1195 2247 1260 tioni,
2277 1205 2336 1250 ut
2365 1208 2630 1268 augeatur
2656 1198 2806 1265 ﬁdes,
2835 1209 2888 1254 et
2921 1200 3185 1272 intelligat
3213 1217 3271 1256 se
3295 1219 3399 1257 non
3425 1202 3690 1260 facilitate

2092 1287 2486 1357 postulationis,
2515 1288 2608 1344 sed
2640 1289 2874 1359 potentia
2900 1290 3108 1344 Domini
3140 1301 3540 1347 conservatum.

2166 1377 2236 1432 Et
2281 1380 2533 1433 continuo
2581 1380 2859 1434 extendens
2911 1397 3123 1436 manum
3165 1383 3500 1452 apprehendit
3548 1401 3686 1438 eum.

2096 1469 2321 1542 (Maem)
2356 1469 2467 1526 Nisi
2500 1486 2627 1541 ergo
2668 1472 2928 1526 Dominus
2961 1473 3293 1528 extendissct
3337 1489 3557 1528 manum
3596 1477 3689 1545 qui

2096 1562 2221 1617 alibi
2250 1572 2534 1632 negantem
2587 1563 2822 1634 respexit
2850 1563 3087 1629 Petrum,
3121 1563 3235 1634 ipse
3277 1564 3472 1620 Petrus
3518 1567 3694 1636 proti-

2097 1667 2200 1706 nus
2229 1661 2566 1723 mergeretur
2613 1653 2667 1707 in
2718 1653 3066 1723 profundum,
3095 1669 3194 1710 nec
3220 1656 3387 1709 etiam
3437 1658 3693 1712 evaderet

406 1731 804 1822 eorum?quasi
832 1747 1174 1819 naufragium
1197 1747 1356 1802 fessis
1395 1747 1708 1800 minitantes
1735 1741 1994 1813 apostolis
2024 1731 2070 1790 Β
2100 1740 2390 1797 infernum.
2445 1741 2705 1814 Respexit
2749 1744 3010 1800 Dominus
3035 1788 3050 1812 ,
3103 1755 3157 1801 et
3207 1747 3273 1802 ad
3313 1749 3692 1818 paenitentiam

409 1844 539 1896 dicit
572 1843 684 1911 ipse
711 1841 852 1895 Deus
891 1854 1119 1895 eorum:
1167 1836 1299 1892 Cum
1345 1837 1617 1889 transieris
1670 1851 1763 1904 per
1799 1849 1992 1903 aquas,

409 1944 578 1986 tecum
605 1949 716 1996 ero,
749 1940 797 1984 et
837 1930 1058 2000 ﬂumina
1098 1943 1198 1981 non
1229 1928 1459 1998 operient
1491 1936 1558 1980 te.
1592 1925 1723 1980 Cum
1755 1923 1998 1977 ambula-

410 2025 543 2077 reris
564 2025 616 2079 in
641 2024 756 2094 igne
779 2038 879 2075 non
923 2019 1262 2083 combureris,
1283 2028 1331 2072 et
1356 2019 1570 2088 ﬂamma
1595 2033 1697 2070 non
1720 2015 1920 2070 ardebit
1946 2016 1999 2070 in

348 2099 354 2104 ’
409 2127 460 2168 te
493 2115 628 2183 (lsa.
662 2113 838 2184 xuii).
873 2111 1026 2178 Quod
1063 2119 1240 2164 autem
1273 2108 1519 2178 sequitur
1551 2124 1563 2160 :

489 2231 554 2285 Et
604 2247 714 2301 pra:
765 2230 950 2283 timore
1001 2227 1374 2281 clamauerunt.
1417 2223 1686 2296 (Hieron.)
1732 2222 2000 2279 Confusus

409 2322 639 2388 clamor,
669 2331 724 2377 et
750 2321 958 2374 incerta
982 2335 1082 2373 vox
1131 2316 1309 2387 magni
1343 2315 1553 2369 timoris
1598 2313 1854 2368 indicium
1894 2321 1996 2368 est.

413 2411 673 2485 (MANL)
723 2411 828 2466 Sed
873 2426 1058 2466 verum
1112 2416 1196 2462 est
1236 2405 1540 2461 Psalmistte
1587 2405 1994 2459 testimonium:

410 2506 551 2572 Quia
577 2521 734 2576 prope
760 2512 833 2557 est
864 2502 1119 2556 Dominus
1167 2499 1469 2553 timentibus
1509 2514 1596 2562 se,
1647 2506 1696 2551 et
1722 2513 1823 2551 non
1854 2497 2002 2550 dere-

412 2595 600 2669 linquit
629 2611 804 2649 omnes
832 2595 921 2665 qui
943 2602 1152 2663 sperant
1178 2592 1232 2645 in
1259 2607 1316 2645 eo
1339 2587 1509 2662 (Psal.
1536 2587 1734 2661 cxuv).
1768 2587 1924 2644 Unde
1947 2598 2002 2643 et

412 2687 660 2742 subditur
682 2701 696 2739 :

483 2796 773 2867 Statimque
801 2796 956 2851 Jesus
985 2794 1190 2849 locutus
1234 2803 1308 2847 est
1349 2793 1422 2847 eis
1462 2792 1638 2846 dicens
1665 2806 1684 2844 :
1713 2790 1912 2845 Habete
1940 2791 2002 2860 ﬁ-

411 2890 641 2953 duciam,
673 2904 766 2960 ego
802 2903 944 2952 sum,
987 2885 1144 2940 nolite
1175 2885 1375 2938 timere.
1409 2881 1679 2956 (Hierom)
1710 2881 1865 2950 Quod
1889 2882 2000 2951 pri-

415 2997 564 3036 mum
601 2981 921 3036 versabatur
961 2979 1012 3032 in
1067 2991 1256 3043 causa,
1285 2977 1388 3031 hoc
1415 2983 1570 3030 curat
1599 2982 1654 3030 et
1685 2974 1999 3030 timentibus

411 3072 688 3144 praecipit,
723 3071 910 3126 dicens
943 3089 956 3123 :
997 3067 1197 3122 Habete
1231 3067 1506 3137 ﬁduciam,
1531 3064 1690 3120 nolite
1715 3063 2001 3119 timere.Et
2027 3087 2072 3148 ρ

404 3164 556 3233 quod
585 3163 858 3232 sequitur:
893 3161 1004 3230 Ego
1025 3177 1161 3224 sum,
1189 3173 1290 3213 nec
1315 3156 1592 3228 subiungit
1625 3155 1747 3226 quis
1776 3155 1848 3211 sit
1871 3173 1883 3208 :
1911 3154 1996 3209 vel

407 3268 480 3306 ex
524 3266 658 3307 voce
694 3259 819 3305 nota
853 3257 1102 3320 poterant
1144 3263 1269 3303 eum
1305 3247 1626 3317 intelligere,
1654 3246 1747 3316 qui
1775 3259 1872 3316 per
1899 3245 1998 3301 ob—

410 3360 601 3401 scuras
629 3343 800 3398 noctis
827 3340 1079 3397 tenebras
1112 3340 1434 3410 loquebatur
1459 3379 1475 3405 ,
1522 3338 1608 3394 vel
1652 3339 1830 3408 ipsum
1877 3352 1998 3393 esse

414 3439 553 3493 scire
574 3444 842 3508 poterant,
867 3450 1029 3504 quem
1068 3435 1304 3489 locutum
1335 3433 1399 3487 ad
1425 3431 1664 3503 Moysem
1689 3439 1955 3486 noverant
1979 3450 1992 3486 :

414 3529 545 3585 licet:
595 3529 733 3583 dices
783 3528 912 3598 [iliis
951 3524 1158 3582 Israel:
1189 3524 1292 3592 Qui
1335 3534 1410 3580 est
1447 3525 1590 3578 misit
1647 3540 1730 3578 me
1785 3523 1855 3576 ad
1909 3539 1996 3578 vos

411 3621 614 3693 (Exod.
646 3620 750 3692 ιιι).

481 3735 815 3806 Respondens
841 3745 1015 3789 autem
1047 3733 1235 3788 Petrus
1273 3734 1405 3788 dixit
1429 3735 1516 3788 ei:
1548 3733 1770 3788 Domine
1789 3774 1804 3798 ,
1849 3735 1894 3788 si
1939 3743 1996 3788 tu

407 3845 488 3892 es,
506 3827 636 3898 jube
665 3843 749 3881 me
794 3826 963 3880 venire
1007 3824 1077 3878 ad
1108 3835 1156 3879 te
1199 3841 1355 3896 super
1386 3841 1572 3896 aquas.
1620 3823 1691 3877 Et
1724 3825 1832 3894 ipse
1877 3824 1952 3878 ait
1977 3839 1995 3876 :

426 3923 572 3979 Veni.
603 3923 660 3978 In
697 3921 950 3976 omnibus
983 3920 1116 3974 locis
1154 3919 1546 3974 ardentissima:
1573 3917 1696 3972 ﬁdei
1725 3917 1998 3972 invenitur

411 4015 622 4070 Petrus.
656 4013 1003 4082 lnterrogatis
1051 4009 1328 4080 discipulis
1368 4025 1528 4080 quem
1559 4009 1807 4064 homines
1851 4008 1997 4064 dice-

414 4115 536 4163 rent
563 4105 777 4170 Jesum,
836 4104 928 4158 Dei
978 4102 1174 4158 Filiqu
1227 4101 1534 4158 conﬁtetur.
1597 4102 1880 4158 Volentem
1928 4103 1996 4156 ad

394 4198 719 4269 passionem
769 4209 994 4266 pergere
1022 4194 1273 4263 prohibet
1318 4211 1330 4246 :
1369 4200 1424 4248 et
1465 4192 1594 4248 licet
1644 4202 1792 4248 erret
1822 4193 1875 4247 in
1908 4209 1986 4258 re,

413 4298 593 4342 tamen
625 4302 729 4341 non
753 4293 901 4340 errat
930 4285 984 4339 in
1023 4283 1238 4348 atl‘ectu,
1268 4283 1457 4338 nolens
1482 4298 1604 4338 eum
1632 4285 1793 4350 mori,
1830 4300 1994 4354 quem

411 4377 606 4432 Filium
638 4377 732 4431 Dei
757 4374 934 4431 fuerat
960 4372 1120 4444 paulo
1165 4381 1290 4427 ante
1319 4371 1620 4428 confessus.
1657 4372 1713 4427 In
1756 4383 1994 4430 montem

383 4501 386 4508 -
411 4482 534 4521 cum
560 4465 839 4520 Salvatore
875 4465 1017 4518 inter
1049 4462 1254 4532 primos
1293 4461 1558 4526 ascendit,
1585 4468 1640 4516 et
1664 4461 1716 4516 in
1743 4462 1993 4531 passione
2024 4457 2071 4517 D

389 4555 560 4610 solus
585 4555 848 4624 sequitur.
869 4553 1166 4609 Peccatum
1189 4552 1512 4623 negationis,
1543 4553 1687 4621 quod
1713 4567 1779 4607 ex
1802 4567 1994 4622 repen-

410 4645 525 4699 tino
555 4644 749 4699 timore
789 4643 1177 4708 descenderat,
1220 4643 1585 4698 .amarissimis
1617 4644 1797 4699 statim
1827 4645 1998 4700 abluit

385 4735 683 4806 slacrymis.
715 4733 845 4789 Post
873 4735 1180 4804 passionem
1233 4748 1358 4788 cum
1398 4743 1544 4788 esset
1587 4734 1642 4788 in
1674 4734 1792 4790 lacu
1821 4735 1996 4792 Gene-

409 4827 614 4892 sareth,
646 4834 701 4881 et
727 4825 1085 4895 piscarentur,
1111 4833 1165 4878 et
1194 4823 1454 4879 Dominus
1495 4831 1664 4880 staret
1711 4825 1764 4879 in
1791 4825 1991 4892 littore,

407 4916 531 4972 aliis
575 4914 833 4986 paulatim
859 4915 1270 4986 navigantibus,
1305 4913 1392 4969 ille
1424 4931 1531 4970 non
1560 4917 1760 4984 patitur
1787 4931 1985 4982 moras,

397 5009 504 5064 sed
533 5008 809 5064 accinctus
833 5008 1096 5079 ependyte
1143 5022 1242 5064 suo
1286 5009 1466 5063 statim
1514 5009 1882 5079 praecipitatur
1933 5011 1986 5066 in

405 5101 620 5158 ﬂuctus.
651 5100 854 5156 Eodem
882 5101 1045 5171 igitur
1070 5099 1193 5156 ﬁdei
1228 5100 1421 5156 ardore
1446 5115 1553 5171 quo
1583 5113 1815 5171 semper,
1845 5118 1987 5159 nunc

403 5209 622 5266 quoque
655 5193 870 5251 caeteris
899 5194 1200 5250 tacentibus
1247 5193 1477 5249 credidit
1521 5209 1578 5249 se
1615 5208 1772 5264 posse
1810 5193 1988 5251 facere

401 5297 504 5355 per
533 5283 864 5341 voluntatem
905 5285 1169 5357 magistri,
1204 5285 1347 5355 quod
1379 5300 1485 5339 non
1516 5294 1729 5355 poterat
1752 5301 1850 5356 per
1885 5303 1984 5342 na-

390 5390 603 5434 .turam.
629 5374 766 5432 Jube
792 5393 897 5442 me,
922 5377 1118 5447 inquit,
1145 5377 1317 5432 venire
1353 5377 1423 5431 ad
1445 5386 1492 5432 te
1513 5394 1670 5448 super
1695 5395 1878 5450 aquas.
1905 5379 1984 5434 Tu

399 5466 656 5537 principe,
684 5473 740 5521 et
759 5465 902 5522 illico
925 5466 1302 5522 solidabuntur
1328 5466 1504 5532 undae,
1525 5482 1590 5522 ac
1610 5466 1727 5523 leve
1757 5467 1848 5524 ﬁet
1866 5483 1988 5524 cor-

396 5569 506 5624 pus
530 5554 673 5625 quod
701 5568 800 5626 per
821 5569 882 5610 se
902 5569 1066 5626 grave
1099 5563 1204 5611 est.

461 5665 542 5720 dit
560 5665 876 5725 descendens
906 5663 1096 5724 Petrus
1135 5667 1198 5723 de
1227 5666 1467 5724 navicula
1494 5669 1795 5729 ambulabat
1831 5688 1987 5743 super

2100 1835 2396 1900 convertit;
2431 1850 2650 1889 manum
2679 1837 2941 1903 extendit,
2968 1847 3023 1892 et
3057 1836 3446 1906 indulgentiam
3479 1840 3692 1905 tribuit,

2099 1936 2154 1982 et
2197 1927 2278 1982 sic
2320 1926 2549 1982 salutem
2603 1927 2900 1999 perfectam
2947 1927 3224 1999 discipulis
3269 1929 3495 1984 invenit.
3555 1929 3693 1996 Quia

2094 2018 2250 2090 juxta
2283 2017 2437 2073 Pauli
2466 2033 2652 2073 vocem
2679 2035 2781 2073 non
2812 2029 2887 2074 est
2939 2018 3176 2086 volentis,
3211 2036 3372 2091 neque
3399 2023 3659 2075 currentis
3679 2064 3696 2088 ,

2100 2110 2190 2164 sed
2221 2109 2518 2164 miserantis
2551 2109 2646 2164 Dei
2670 2108 2849 2182 (Rom.
2896 2109 2994 2183 ix).
3024 2108 3134 2164 Nec
3165 2110 3310 2164 enim
3363 2119 3552 2165 nostro
3588 2111 3695 2165 sal-

2100 2207 2350 2262 vabimur
2385 2207 2602 2272 merito,
2627 2206 2722 2260 sed
2753 2205 2894 2261 illius
2922 2207 3082 2260 dono.

2173 2295 2244 2350 Et
2297 2297 2370 2350 ait
2414 2295 2493 2349 illi
2530 2309 2546 2346 :
2591 2294 2817 2350 Modica:
2867 2295 3031 2364 ﬁdei,
3085 2312 3248 2367 quare
3297 2298 3552 2353 dubitasti
3566 2300 3593 2353 .’
3634 2299 3697 2356 Si

2101 2388 2344 2460 apostolo
2369 2388 2552 2456 Petro,
2579 2390 2646 2444 de
2672 2388 2826 2460 cujus
2863 2387 2966 2444 ﬁde
2991 2398 3044 2444 et
3070 2391 3266 2446 ardore
3292 2393 3488 2447 mentis
3526 2410 3696 2464 supra

2101 2481 2337 2537 diximus
2364 2523 2380 2548 ,
2422 2479 2514 2550 qui
2558 2479 2894 2536 conﬁdenter
2937 2482 3208 2552 rogaverit
3230 2483 3564 2540 Salvatorem
3616 2488 3700 2542 di-

2101 2585 2248 2634 cens,
2282 2569 2524 2636 Domine,
2551 2570 2597 2625 si
2632 2580 2687 2624 tu
2721 2587 2775 2625 es
2801 2612 2815 2638 ,
2851 2571 2980 2641 jube
3003 2589 3084 2626 me
3114 2575 3284 2629 venire
3322 2575 3391 2628 ad
3440 2586 3488 2630 te
3535 2594 3700 2647 super

2101 2676 2288 2732 aquas,
2325 2659 2449 2730 quia
2492 2659 2768 2730 paululum
2822 2661 3018 2725 timuit,
3051 2662 3249 2718 dicitur
3275 2665 3347 2730 ci,
3374 2664 3600 2721 Modicus
3621 2667 3695 2736 [i—

2101 2753 2206 2817 dei,
2238 2768 2401 2824 quare
2448 2751 2739 2807 dubitasti?
2769 2751 2908 2822 Quid
2956 2754 3112 2809 nobis
3140 2755 3426 2812 dicendum
3463 2765 3568 2825 est,
3601 2760 3698 2830 qui

2103 2843 2264 2914 hujus
2294 2844 2518 2900 modica:
2546 2843 2669 2900 ﬁdei
2708 2859 2809 2899 nec
2852 2845 3132 2900 minimam
3182 2847 3398 2916 quidem
3431 2850 3697 2907 habemus

2101 2935 2521 3005 portiunculam.
2563 2934 2789 3010 (MAUR.)
2821 2935 3043 3009 Mystice
3089 2947 3267 2993 autem
3313 2941 3457 3010 quod
3501 2941 3698 2998 Petrus

2103 3045 2134 3082 a
2162 3027 2392 3085 Domino
2433 3029 2620 3101 jussus
2669 3031 2855 3086 venire
2903 3030 3099 3086 ﬂuctus
3144 3034 3312 3089 maris
3350 3034 3554 3101 calcat,
3587 3052 3698 3107 quo

2105 3120 2285 3198 veniat
2314 3121 2381 3176 ad
2417 3119 2624 3189 Jesum,
2653 3121 2918 3193 signiﬁcat
2949 3123 3244 3184 Ecclesiam
3277 3125 3432 3196 cujus
3463 3129 3578 3199 ipse
3607 3145 3700 3200 pa-

2100 3219 2215 3265 stor
2239 3219 2324 3266 est
2347 3211 2653 3267 tendentem
2675 3212 2742 3266 ad
2779 3212 3051 3268 caelestem
3083 3215 3334 3284 patriam,
3365 3214 3558 3272 ﬂuctus
3590 3217 3695 3272 bu-

2095 3299 2184 3371 jus
2207 3301 2386 3357 saseuli
2417 3303 2644 3374 vestigio
2683 3312 2843 3358 rectas
2869 3303 2993 3359 ﬁdei
3023 3312 3081 3358 et
3108 3305 3388 3375 gressibus
3424 3307 3693 3362 bonorum

2102 3393 2405 3462 superando
2446 3393 2676 3449 calcare.
2724 3394 2792 3450 Et
2827 3396 2970 3465 quod
3000 3394 3194 3451 Petrus
3223 3404 3542 3466 tempestate
3585 3406 3697 3453 ter-

2102 3483 2240 3539 ritus
2269 3483 2324 3537 in
2354 3483 2610 3541 ﬂuctibus
2659 3486 2832 3556 mergi
2872 3486 3055 3556 empit,
3087 3485 3413 3542 inﬁrmiores
3448 3503 3696 3559 quosque

2101 3575 2155 3630 in
2183 3575 2417 3629 Ecclesia
2446 3591 2582 3646 quos
2627 3574 2863 3645 procella
2901 3577 3370 3646 persecutionum,
3401 3592 3496 3633 seu
3534 3579 3695 3634 turbo

2103 3666 2455 3722 tentationum
2489 3675 2655 3723 terret
2680 3707 2708 3736 ,ν
2747 3675 2802 3723 et
2857 3683 2888 3722 a
2915 3679 3105 3724 tenore
3135 3669 3280 3735 ﬁdei,
3313 3670 3423 3726 sive
3465 3685 3496 3724 a
3542 3680 3696 3727 statu

2099 3756 2362 3812 bonorum
2439 3767 2657 3812 actuum
2721 3757 2997 3827 paululum
3071 3757 3352 3824 reﬂectit,
3407 3760 3692 3830 exprimit.

2099 3846 2247 3914 Quos
2279 3855 2456 3902 tamen
2487 3862 2554 3901 ne
2579 3846 2820 3902 funditus
2861 3848 2914 3902 in
2944 3847 3248 3919 perﬁdiam,
3298 3856 3353 3904 et
3378 3849 3431 3904 in
3483 3851 3696 3920 voragi-

2099 3953 2222 3992 nem
2249 3946 2592 4008 peccatorum
2624 3949 2960 4011 mergantur,
2994 3950 3243 4010 porrecta
3288 3943 3486 3999 divinae
3508 3945 3696 4014 propi-

2100 4029 2338 4084 tiationis
2365 4028 2586 4085 dextera
2631 4031 2907 4098 extrahit;
2951 4040 3005 4086 et
3055 4032 3195 4087 sicut
3223 4032 3444 4088 Petrum
3473 4043 3690 4089 erutum

2100 4120 2167 4175 de
2188 4121 2366 4191 abyssi
2411 4120 2620 4192 pelago,
2649 4121 2722 4175 ita
2755 4120 2876 4177 illos
2905 4132 3123 4193 ereptos
3159 4123 3226 4179 de
3276 4132 3691 4194 persecutorum

2100 4211 2353 4266 seandalo
2375 4211 2428 4264 in
2454 4210 2610 4266 ﬁrmo
2637 4212 2837 4281 quietis
2869 4227 3115 4284 superna:
3133 4212 3246 4268 solo
3264 4213 3419 4284 juxta
3449 4229 3511 4268 se
3531 4213 3695 4269 collo-

2099 4301 2241 4358 cabit
2267 4320 2278 4355 :
2318 4301 2444 4371 quia
2470 4302 2801 4372 impossibile
2825 4310 2932 4369 est,
2963 4310 3024 4357 ut
3042 4317 3229 4358 eorum
3253 4302 3449 4373 aliquis
3478 4313 3690 4373 pereat,

2101 4409 2236 4463 quos
2264 4408 2492 4448 censura
2517 4393 2648 4464 justi
2689 4393 2886 4464 judicis
2933 4394 3347 4464 prtedestinatos
3392 4393 3578 4460 habet,
3621 4395 3692 4449 ad

2097 4487 2262 4541 vitam
2295 4494 2575 4541 aeternam.
2629 4483 2745 4540 Una
2778 4486 2894 4556 ipsa
2942 4484 3156 4541 Veritas
3189 4485 3304 4540 ait:
3338 4483 3506 4540 Omne
3544 4486 3691 4556 quod

2097 4579 2187 4634 dat
2222 4580 2350 4634 mihi
2373 4577 2538 4634 Pater
2561 4579 2630 4632 ad
2668 4595 2750 4633 me
2777 4579 2965 4645 veniet,
2991 4588 3040 4633 et
3068 4595 3186 4634 eum
3216 4581 3306 4651 qui
3329 4580 3462 4634 venit
3490 4578 3561 4631 ad
3583 4595 3688 4643 me,

2098 4687 2200 4725 non
2243 4671 2452 4741 ejiciam
2497 4669 2845 4743 foras(Joan.
2894 4669 2991 4739 v1).
3043 4668 3202 4724 Novit
3230 4669 3376 4725 enim
3423 4667 3686 4722 Dominus

2095 4761 2206 4831 pios
2232 4761 2296 4814 de
2317 4761 2599 4824 tentatione
2618 4761 2816 4830 eripere
2841 4759 2927 4834 (II
2951 4757 3097 4814 Petr.
3128 4757 3213 4832 ιι).
3243 4758 3310 4813 Et
3328 4773 3436 4813 non
3468 4765 3558 4814 est
3585 4757 3691 4813 im-

2095 4860 2288 4922 potens
2312 4852 2452 4906 inter
2478 4851 2721 4906 turbines
2747 4860 3128 4922 tempestatum
3161 4849 3318 4920 hujus
3343 4849 3527 4906 saeculi
3557 4865 3692 4904 suos

2098 4944 2165 4997 ab
2195 4944 2340 4999 omni
2391 4943 2634 5014 nequitia
2661 4958 2957 5013 pravorum
3006 4943 3201 5000 illaesos
3247 4941 3542 4998 cuswdire.
3580 4939 3692 4996 Sed

2096 5033 2374 5088 videamus
2396 5032 2524 5104 quid
2545 5032 2790 5102 sequitur
2813 5050 2827 5088 :

2168 5123 2236 5177 Et
2275 5140 2393 5179 cum
2431 5124 2746 5179 ascendisset
2797 5125 2852 5179 in
2879 5123 3177 5178 naviculam
3227 5123 3445 5178 cessavit
3480 5132 3686 5177 retusis.

2097 5214 2279 5289 (nam)
2297 5214 2473 5270 Prima
2493 5230 2622 5286 ergo
2635 5216 3022 5286 trepidantium
3039 5225 3096 5272 et
3114 5215 3535 5286 periclitantium
3558 5215 3690 5270 sub-

2096 5307 2278 5361 ventio
2323 5316 2406 5362 est
2454 5307 2731 5362 incussum
2775 5308 3030 5363 cordibus
3079 5307 3356 5378 expellere
3408 5307 3683 5362 timorem.

2097 5395 2344 5452 Secunda
2373 5405 2750 5468 tempestatum
2779 5396 2948 5453 furias
2991 5413 3102 5453 sua:
3149 5397 3455 5469 praesentia:
3482 5397 3686 5452 virtute

2093 5504 2456 5560 compescere.
2506 5489 2618 5545 Nec
2653 5489 2962 5545 mirandum
2991 5490 3058 5556 si,
3087 5489 3416 5544 ascendente
3441 5487 3500 5542 in
3524 5486 3681 5541 navi-

2093 5581 2268 5637 culam
2298 5581 2544 5646 Domino,
2567 5589 2761 5636 ventus
2782 5581 3036 5636 cessavit.
3085 5581 3144 5635 In
3189 5594 3516 5651 quocunque
3535 5577 3682 5634 enim

2092 5675 2255 5734 corde
2275 5674 2419 5732 Deus
2442 5689 2537 5748 per
2577 5675 2805 5746 gratiam
2835 5673 2920 5730 sui
2948 5673 3099 5730 adest
3137 5673 3358 5739 amoris,
3388 5686 3516 5727 mox
3558 5667 3685 5725 uni-
