4006 6194
395 257 500 318 973

1365 251 1717 308 COMMENT.
1762 251 1827 306 IN
1867 253 2304 310 MAT'HIEUM.
2346 285 2415 294 —
2454 255 2579 311 LIB.
2623 256 2688 313 ν.

3558 263 3662 321 974

401 384 556 427 versa
581 368 833 424 vitiorum
872 372 926 421 et
957 361 1292 419 adversantis
1318 361 1504 417 mundi
1543 362 1657 418 sive
1691 361 1976 432 spirituum
2006 371 2054 430 Α
2082 380 2174 420 sus
2199 365 2362 421 fuerit
2399 367 2654 424 minimus
2683 369 2963 425 vocabitur
2989 371 3043 425 in
3072 385 3236 442 regno
3275 373 3558 443 caelorum,
3579 379 3661 434 vel

407 461 759 531 malignorum
789 457 926 512 bella
954 469 1262 526 compressa
1289 453 1592 524 quiescunt.

468 552 573 621 Qui
600 561 773 606 autem
801 550 854 603 in
881 547 1121 603 navicula
1165 557 1334 612 erant,
1362 554 1606 601 venerunt
1640 554 1687 598 et
1731 544 1983 599 adorare-

398 656 520 700 runt
543 660 659 699 eum
695 643 953 695 dicentes:
985 636 1115 694 Vere
1157 637 1324 692 Filius
1353 637 1452 692 Dei
1481 653 1553 692 es.
1583 636 1662 692 Ad
1708 652 1872 691 unum
1906 637 1983 690 si—

401 754 589 812 gnum,
619 735 1005 806 tranquillitate
1034 734 1202 788 maris
1225 732 1456 798 reddita,
1484 746 1603 802 qua:
1642 739 1763 801 post
1790 731 1984 784 nimias

399 831 666 904 procellas
697 831 965 885 interdum
995 835 1051 882 et
1088 842 1218 882 casu
1248 827 1363 880 ﬁeri
1401 825 1574 891 solet,
1607 835 1784 880 natiue
1822 834 1984 894 atque

398 932 645 975 vectores
674 933 798 972 vere
824 915 918 971 Dei
943 915 1138 970 Filium
1160 913 1508 978 conﬁtentur,
1535 921 1589 968 et
1622 913 1783 968 Arius
1806 913 1859 968 in
1885 913 1985 968 Ec—

397 1011 563 1068 clesia
602 1008 862 1080 praedicat
900 1014 1229 1061 creaturam.
1259 1003 1486 1077 (Μλυιι.)
1511 1003 1621 1060 Nos
1646 1020 1776 1074 ergo
1809 1004 1984 1074 ipsum

398 1117 505 1157 non
527 1100 686 1169 juxta
713 1097 1092 1153 hasreticorum
1142 1094 1468 1150 dementiam
1493 1103 1797 1149 creaturam
1846 1093 1988 1146 inter

399 1195 580 1252 omnia
627 1200 887 1258 creatam,
932 1190 1025 1246 sed
1079 1197 1380 1244 creatorem
1419 1197 1545 1243 ante
1597 1188 1779 1243 omnia
1828 1187 1988 1243 simul

399 1302 523 1342 cum
548 1284 710 1340 l’atre
745 1293 799 1338 et
827 1281 1034 1353 Spiritu
1076 1288 1265 1335 sancto
1299 1280 1644 1342 existentem,
1676 1289 1840 1347 atque
1875 1293 1989 1332 ma-

399 1386 621 1433 nentem
670 1373 954 1429 credamus
995 1379 1047 1425 et
1088 1369 1463 1425 conﬁteamur.
1502 1367 1570 1421 Et
1610 1367 1664 1420 in
1713 1367 1826 1436 ipsa
1856 1380 1987 1421 con-

402 1469 637 1525 fessione
661 1466 836 1537 dignis
859 1464 1121 1519 bonorum
1144 1461 1392 1515 laudibus
1420 1473 1643 1528 operum
1669 1472 1994 1513 veneremur

400 1575 548 1624 eum,
579 1567 633 1615 et
653 1557 1005 1629 praedicamus
1035 1554 1088 1608 in
1117 1559 1407 1622 conspectu
1447 1550 1677 1606 ﬁliorum
1711 1548 1991 1604 hominum

403 1650 579 1721 ipsum
614 1662 736 1702 esse
757 1645 949 1700 Filium
979 1643 1075 1698 Dei
1120 1642 1476 1712 unigenitum,
1511 1647 1799 1694 narrantes
1825 1638 1992 1692 virtu—

405 1749 486 1794 tes
513 1737 630 1808 ejus
651 1746 708 1791 et
732 1733 999 1790 mirabilia
1023 1731 1142 1802 ejus
1162 1746 1282 1802 quae
1305 1730 1450 1785 fecit.

476 1829 544 1884 Et
575 1845 696 1883 cum
742 1825 1208 1895 transfretassent,
1251 1830 1496 1878 venerunt
1529 1838 1585 1874 in
1615 1830 1810 1874 terram
1856 1816 1996 1872 Gen—

405 1937 579 1976 nesar.
610 1920 776 1975 Terra
813 1918 1094 1974 Gennesar
1114 1916 1270 1985 juxta
1314 1901 1562 1985 stagnum
1596 1911 1992 1976 Gennesareth,

405 2019 466 2067 ut
495 2010 715 2082 quidam
761 2017 1031 2073 asserunt,
1067 2006 1208 2060 idem
1237 2012 1322 2060 est
1370 2003 1513 2073 quod
1558 2016 1710 2058 mare
1742 2000 1993 2064 Galilaue,

403 2103 489 2160 vel
512 2118 663 2158 mare
692 2101 1008 2156 Tiberiadis.
1044 2097 1149 2152 Sed
1179 2110 1326 2150 mare
1358 2094 1593 2150 Galilaeaa
1620 2092 1689 2148 ab
1716 2091 1998 2161 adjacente

404 2195 685 2266 provincia
733 2193 935 2250 dictum
970 2204 1119 2244 mare
1163 2185 1466 2243 Tiberiadis
1509 2201 1539 2240 a
1589 2185 1833 2255 proxima
1866 2183 1999 2238 civi‘

409 2294 518 2341 tate
561 2300 681 2355 qua:
735 2283 863 2338 olim
915 2279 1226 2337 Gennereth
1269 2285 1492 2340 vocata,
1547 2276 1644 2333 sed
1681 2275 1750 2330 ab
1783 2274 1998 2330 Herode

407 2376 677 2432 tetrarcha
709 2374 1009 2429 instaurata
1037 2371 1091 2425 in
1117 2371 1378 2424 honorem
1409 2367 1611 2422 Tiberii
1631 2365 1880 2430 Cmsaris,
1903 2363 1997 2418 Ti-

403 2465 588 2524 berias
609 2472 692 2520 est
714 2461 1000 2533 appellata.
1022 2459 1194 2516 Porro
1215 2457 1495 2514 Gennesar
1516 2456 1812 2512 secundum
1838 2470 1997 2526 quos-

408 2559 532 2612 dam
573 2570 602 2609 a
642 2553 742 2608 laci
783 2552 953 2621 ipsius
1005 2558 1198 2604 natura
1248 2562 1444 2603 nomen
1481 2547 1701 2603 trahens
1746 2563 1850 2617 qua
1897 2549 2001 2603 eri-

409 2647 688 2718 spantibus
729 2643 886 2714 aquis
917 2643 984 2698 de
1019 2657 1078 2698 se
1109 2641 1226 2711 ipso
1262 2641 1363 2695 sibi
1393 2639 1633 2696 excitare
1657 2654 1846 2694 auram
1875 2654 1997 2711 per-

410 2737 649 2801 hibetur,
673 2734 862 2790 Graaco
882 2731 1167 2797 vocabulo,
1191 2730 1345 2801 quasi
1388 2745 1656 2800 generans
1681 2731 1782 2786 sibi
1809 2745 1998 2786 auram

411 2827 628 2884 dicitur.
663 2823 844 2895 Neque
873 2824 928 2878 in
957 2821 1132 2892 stagni
1164 2836 1372 2877 morem
1403 2821 1670 2877 sternitur
1709 2837 1871 2892 aqua,
1903 2824 1998 2878 sed

409 2919 779 2990 frequentibus
823 2917 971 2972 auris
1009 2915 1341 2984 spirantibus
1381 2914 1635 2986 agitatur,
1661 2915 1858 2970 haustu
1882 2914 1998 2970 dul-

411 3013 510 3079 cis,
566 3019 620 3066 et
658 3010 728 3065 ad
774 3008 1067 3078 potandum
1113 3007 1328 3062 habilis.
1380 3005 1486 3062 Sed
1535 3006 1772 3062 Hebraeae
1803 3007 1998 3078 lingua:

2083 459 2505 528 assuinptionem
2533 459 2715 515 carnis
2749 476 2845 531 per
2890 476 3051 530 quam
3078 463 3324 518 venimus
3345 463 3411 519 ad
3442 467 3664 525 verbum

2082 548 2177 603 Dei
2203 557 2258 603 et
2289 549 2430 604 illius
2458 558 2642 619 postea
2674 550 2917 607 fruemur
2942 553 3242 624 majestate.

2684 662 2910 722 CAPUT
2952 665 3067 721 XV.

2086 749 2505 830 AthItari‘sreos
2526 770 2722 830 sermo,
2741 756 2884 830 deeo
2905 758 3043 824 quod
3057 759 3364 830 coinquinat
3387 762 3668 816 hominem.

2157 821 2327 900 S_anat
2350 823 2516 891 ﬁliam
2531 821 2926 900 Syrophenissm
2944 837 2991 881 et
3012 828 3146 900 alios
3167 821 3301 883 male
3322 832 3536 900 affectos
3554 848 3570 886 .'
3591 849 3672 886 sa.

2157 893 2252 945 tiat
2281 903 2474 962 septem
2499 893 2721 964 panibus
2749 905 2975 961 quatuor
3002 897 3170 952 millia
3206 893 3495 956 hominum.

2161 1001 2272 1074 [|.]
2339 1001 2482 1056 Tunc
2536 1015 2866 1060 accesserunt
2927 1007 2996 1061 ad
3051 1024 3170 1061 eum
3230 1009 3294 1062 ab
3363 1009 3672 1083 Hierosoly-

2088 1096 2186 1149 mis
2219 1095 2402 1149 scriba:
2428 1105 2476 1148 et
2509 1094 2770 1152 Phariswi
2807 1098 3037 1153 dicentes
3071 1117 3087 1153 :
3119 1099 3298 1165 Quare
3321 1101 3569 1172 discipuli
3594 1105 3672 1157 tui

2089 1187 2547 1257 transgrediuntur
2583 1190 2920 1245 traditionem
2976 1191 3300 1246 seniorum?
3359 1191 3480 1246 Non
3531 1194 3670 1247 enim

2089 1277 2263 1332 lavant
2293 1294 2479 1332 manus
2521 1296 2644 1333 suas
2673 1296 2791 1334 cum
2817 1297 3003 1350 panem
3041 1283 3383 1336 manducant.
3415 1283 3458 1337 Ο
3508 1300 3670 1354 quam

2090 1379 2218 1419 vera
2243 1365 2332 1420 illa
2368 1366 2579 1422 Domini
2606 1368 2876 1426 confessio
2898 1369 2966 1424 ad
2992 1370 3234 1434 Patrem,
3278 1370 3418 1436 Quia
3453 1373 3675 1426 abscon-

2091 1457 2214 1511 disti
2255 1459 2366 1512 Iure
2407 1477 2440 1512 a
2470 1460 2787 1530 sapientibus
2837 1471 2886 1516 et
2931 1463 3291 1532 prudentibus,
3343 1474 3391 1518 et
3434 1464 3673 1519 revelasti

2091 1562 2152 1600 ea
2216 1547 2446 1616 parvulis
2509 1549 2672 1620 (Luc.
2739 1552 2824 1622 χ).
2891 1551 3148 1608 Homines
3214 1561 3372 1609 terra:
3434 1554 3674 1610 Genesa-

2093 1639 2236 1702 reth,
2261 1637 2353 1708 qui
2379 1638 2556 1693 minus
2578 1639 2721 1695 docti
2750 1641 3092 1707 videbantur,
3125 1657 3229 1697 non
3257 1643 3427 1698 solum
3451 1644 3550 1712 ipsi
3582 1660 3679 1698 ve-

2024 1733 2070 1791 B
2099 1730 2270 1794 niunt,
2303 1745 2361 1785 se
2383 1738 2437 1785 et
2461 1745 2591 1785 suos
2625 1732 2916 1796 adducunt,
2960 1733 3070 1789 imo
3123 1742 3335 1805 gestant
3381 1737 3449 1790 ad
3500 1736 3682 1790 Domi-

2101 1835 2250 1885 num,
2277 1831 2335 1874 ut
2360 1822 2445 1876 vel
2475 1822 2741 1876 ﬁmbriam
2785 1824 2902 1893 ejus
2921 1839 3026 1891 quo
3066 1825 3263 1879 salvari
3315 1835 3518 1895 queant
3568 1842 3682 1881 me-

2099 1918 2320 1964 reantur
2347 1909 2665 1980 contingere
2681 1910 3008 1966 vestimenti.
3036 1911 3160 1968 Ideo
3184 1913 3467 1969 confestim
3487 1917 3680 1971 merita

2098 2000 2294 2069 cupitae
2320 2000 2510 2055 salutis
2537 2003 2787 2058 mercede
2825 2003 3123 2072 potiuntur.
3167 2004 3237 2059 At
3266 2021 3394 2060 vero
3421 2006 3679 2062 Pharisa'i

2099 2091 2389 2157 etscribte,
2438 2093 2531 2161 qui
2589 2094 2839 2149 doctores
2881 2109 3001 2149 esse
3023 2095 3203 2166 populi
3234 2098 3550 2164 debuerant,
3575 2116 3681 2155 non

2099 2181 2166 2234 ad
2181 2182 2405 2236 verbum
2425 2182 2774 2248 audiendum,
2800 2199 2905 2240 non
2933 2185 3001 2238 ad
3027 2187 3370 2254 quaerendam
3394 2191 3681 2257 medelam,

2099 2273 2192 2328 sed
2219 2273 2288 2327 ad
2315 2273 2608 2328 movendas
2634 2273 2806 2328 solum
2833 2275 3189 2344 quaestionum
3229 2293 3434 2350 pugnas
3477 2281 3544 2335 ad
3578 2282 3683 2338 Do-

2101 2367 2304 2421 minum
2336 2375 2698 2431 concurrunt;
2729 2381 2930 2436 eosque
2950 2367 3017 2422 de
3048 2382 3154 2422 non
3185 2368 3308 2426 lotis
3333 2372 3584 2427 manibus
3609 2375 3682 2427 vi-

2099 2469 2378 2530 tuperant,
2415 2460 2468 2514 in
2500 2474 2731 2528 quorum
2758 2461 3035 2530 operibus,
3071 2477 3192 2532 quae
3231 2458 3328 2533 per
3350 2479 3544 2519 manus
3569 2465 3684 2521 sive

2097 2567 2197 2622 per
2219 2560 2415 2607 caetera
2447 2549 2690 2619 corporis
2718 2551 2959 2606 membra
2990 2551 3142 2618 ﬁunt,
3168 2553 3303 2607 nihil
3331 2553 3684 2610 inmunditia:

2100 2644 2431 2701 sordidantis
2463 2645 2707 2700 invenire
2750 2644 3019 2710 valebant,
3053 2662 3175 2700 cum
3226 2663 3284 2703 se
3330 2650 3500 2718 magis
3539 2651 3686 2720 ipsos

2101 2733 2319 2804 culpare
2350 2734 2654 2802 debuerint,
2697 2735 2788 2804 qui
2827 2734 2964 2791 lotas
2989 2752 3125 2806 aqua
3172 2753 3364 2794 manus
3398 2739 3681 2803 habentes,

2101 2825 2488 2881 conscientiam
2530 2824 2700 2881 livore
2749 2826 3005 2896 pollutam
3035 2828 3337 2898 gestabant.
3363 2828 3587 2902 (MAUB.)
3620 2831 3689 2886 Et

2103 2916 2241 2970 mira
2271 2916 2674 2972 Pharismorum
2719 2918 3129 2988 scribarumque
3177 2920 3424 2987 stultitia,
3470 2923 3561 2992 qui
3588 2921 3683 2977 Dei

2102 3006 2298 3062 Filium
2330 3016 2582 3079 arguunt,
2607 3022 2775 3078 quare
2791 3009 3069 3064 hominum
3093 3011 3412 3068 traditiones
3450 3021 3504 3068 et
3550 3029 3686 3084 pra:-

408 3099 799 3158 consuetudine
829 3098 1005 3153 omnis
1055 3113 1320 3168 aquarum
1345 3099 1712 3169 congregatio,
1736 3099 1849 3154 sive
1879 3099 1994 3153 dul-
2022 3095 2065 3157 C
2097 3108 2251 3169 cepta
2298 3115 2404 3155 non
2457 3107 2656 3155 servet.
2707 3098 2810 3155 Sed
2839 3100 2964 3169 quia
2992 3116 3121 3156 vera
3151 3109 3234 3157 est
3261 3102 3350 3156 illa
3375 3103 3684 3172 Scriptura-

411 3191 510 3255 cis,
537 3189 650 3243 sive
694 3187 856 3252 salsa,
882 3202 1034 3242 mare
1075 3195 1436 3256 nuncupatur.
1485 3186 1586 3253 Qui
1638 3187 1790 3243 lacus
1830 3187 1998 3243 inter-

409 3276 612 3335 ﬂuente
649 3277 888 3334 Jordano
913 3287 1132 3332 centum
1175 3285 1231 3332 et
1257 3277 1536 3348 sexaginta
1585 3279 1774 3334 stadiis
1800 3279 1854 3334 in
1886 3279 2003 3335 lon-

408 3371 728 3444 gitudinem,
749 3378 801 3425 et
831 3370 1186 3442 quadraginta
1220 3370 1529 3426 extenditur
1559 3370 1613 3424 in
1640 3370 1998 3432 latitudinem.

411 3463 654 3532 Denique
690 3462 734 3516 si
775 3461 1060 3518 scierimus
1087 3461 1216 3531 quid
1261 3460 1315 3515 in
1344 3460 1537 3516 Latina
1562 3461 2003 3532 lingua'resonet

413 3551 714 3618 Gennesar,
751 3551 1112 3621 intelligemus
1161 3551 1429 3620 quomodo
1477 3549 1635 3608 Jesus
1662 3568 1760 3623 per
1813 3560 1999 3624 typum

415 3642 813 3716 Apostolorum,
837 3649 893 3696 et
934 3642 1109 3707 navis,
1158 3641 1456 3697 Ecclesiam
1514 3643 1580 3697 de
1608 3645 2000 3713 persecutionis

415 3739 697 3810 naufragio
725 3736 1014 3792 liberatam
1046 3736 1361 3791 transducat
1388 3736 1456 3790 ad
1485 3736 1655 3803 littus,
1695 3745 1748 3793 et
1778 3738 1831 3792 in
1860 3746 2000 3792 tran-

417 3831 736 3902 quil.issimo
785 3839 942 3902 portu
991 3829 1332 3897 requiescere
1380 3827 1562 3883 faciat.
1610 3828 2002 3898 Interpretatur

416 3931 596 3979 autem
629 3921 908 3976 Gennesar
929 3929 1077 3974 ortus
1108 3919 1444 3990 principium,
1473 3928 1530 3973 ut
1559 3919 1612 3974 in
1645 3919 1784 3975 libro
1808 3920 1874 3975 de
1896 3920 2000 3976 No—

416 4014 653 4070 minibus
681 4011 962 4068 Hebraicis
988 4011 1311 4066 invenimus.
1345 4010 1495 4067 Tunc
1521 4011 1666 4067 enim
1728 4012 1884 4082 plena
1912 4029 2002 4070 no-

419 4103 505 4159 bis
528 4104 794 4158 tribuetur
822 4099 1199 4171 tranquillitas,
1223 4101 1439 4170 quando
1461 4101 1697 4171 paradisi
1721 4117 1816 4171 per
1840 4100 1999 4157 Chri-

419 4203 562 4252 stum
610 4193 768 4249 nobis
798 4192 1116 4247 restituetur
1141 4190 1428 4246 htereditas
1458 4231 1472 4256 ,
1525 4205 1590 4245 ac
1618 4190 1806 4262 primae
1851 4193 2001 4248 stolae

420 4286 678 4342 reddetur
702 4281 1030 4355 jucunditas.

496 4375 563 4430 Et
585 4391 702 4429 cum
742 4373 1099 4444 cognovissent
1145 4387 1261 4426 eum
1293 4372 1388 4426 viri
1423 4371 1525 4426 loci
1552 4373 1720 4439 illius,
1751 4376 1999 4430 miserunt

2106 3209 2224 3248 rum
2247 3193 2535 3259 sententia,
2559 3207 2679 3263 qua:
2694 3193 2856 3248 dicit:
2894 3190 3014 3246 Non
3055 3201 3130 3246 est
3172 3194 3448 3263 sapientia,
3481 3210 3584 3248 non
3610 3205 3685 3249 est

2101 3277 2400 3346 prudentia,
2432 3293 2534 3332 non
2556 3287 2632 3332 est
2663 3277 2941 3331 consilium
2972 3286 3155 3331 contra
3181 3277 3466 3332 Dominum
3496 3277 3682 3349 (Prov.

2105 3368 2254 3440 xxi);
2284 3369 2568 3425 audiamus
2602 3369 2730 3440 quid
2761 3370 3006 3439 sequitur
3031 3387 3044 3423 :

2172 3463 2295 3536 Ipse
2307 3474 2480 3520 autem
2503 3466 2836 3537 respondens,
2855 3467 2929 3520 ait
2955 3465 3060 3520 illis
3085 3481 3104 3519 :
3132 3463 3308 3531 Quare
3327 3474 3376 3520 et
3401 3482 3491 3520 vos
3518 3475 3688 3520 trans-

2100 3559 2378 3628 gredimini
2426 3558 2734 3614 mandatum
2777 3557 2872 3612 Dei
2923 3566 3134 3628 propter
3197 3557 3534 3611 traditionem
3608 3574 3690 3612 re-

2102 3651 2312 3704 stram?
2347 3647 2621 3721 (Hieron.)
2667 3649 2880 3704 Falsam
2929 3649 3254 3704 calumniam
3294 3664 3422 3704 vera
3462 3663 3686 3718 respon-

2103 3741 2254 3796 sione
2279 3740 2540 3803 confutat,
2572 3755 2714 3805 cum,
2734 3741 2929 3809 inquit,
2962 3755 3058 3795 vos
3087 3749 3308 3809 propter
3337 3739 3683 3794 traditionem

2104 3831 2382 3886 hominum
2407 3839 2675 3901 praecepta
2705 3829 2918 3884 Domini
2971 3828 3274 3901 negligatis,
3315 3845 3485 3900 quare
3533 3830 3691 3886 disci-

2102 3920 2257 3988 pulos
2279 3935 2430 3976 meos
2457 3919 2758 3992 arguendos
2786 3919 3028 3985 creditis,
3063 3920 3207 3991 quod
3231 3920 3276 3976 si
3307 3935 3519 3976 morum
3534 3920 3686 3991 jussa

2102 4011 2255 4080 parvi
2281 4013 2536 4083 pendant,
2565 4020 2624 4066 ut
2651 4012 2747 4066 Dei
2785 4012 2920 4067 scita
2948 4012 3290 4068 custodiant?

2179 4103 2322 4158 Nam
2347 4103 2486 4160 Deus
2507 4103 2640 4158 dixit
2663 4117 2682 4156 :
2711 4103 2930 4158 Honora
2951 4114 3150 4174 patrem
3174 4115 3222 4160 et
3249 4114 3466 4160 matrem
3485 4123 3502 4170 ,°
3523 4116 3571 4160 et
3595 4109 3685 4178 qui

2104 4195 2431 4251 maledixcrit
2453 4197 2592 4267 patri
2611 4196 2688 4250 vel
2715 4197 2896 4262 matri,
2925 4207 3091 4251 morte
3110 4199 3387 4252 moriatur.
3423 4199 3604 4254 Honor
3631 4200 3683 4254 in

2107 4284 2422 4356 Scripturis,
2439 4301 2545 4341 non
2570 4294 2776 4341 tantum
2803 4285 2857 4340 in
2878 4287 3291 4344 salutationibus
3312 4298 3365 4345 et
3392 4289 3581 4346 ofﬁciis
3597 4292 3689 4346 de-

2107 4373 2363 4441 ferendis,
2392 4383 2651 4445 quantum
2674 4377 2726 4431 in
2752 4375 3091 4448 eleemosyna
3114 4393 3177 4433 ac
3200 4393 3481 4434 munerum
3525 4380 3688 4436 colla-

421 4469 476 4523 in
505 4469 801 4522 uniuersam
848 4464 1107 4535 regionem
1135 4463 1302 4519 illam.
1327 4463 1596 4538 (Hieron.)
1625 4465 2004 4538 Cognoverunt
2027 4453 2082 4513 Ῐ)
2109 4465 2254 4523 tione
2275 4467 2526 4524 sentitur.
2553 4465 2794 4532 Honora,
2828 4467 3003 4537 inquit
3020 4467 3327 4538 Apostolus,
3351 4469 3687 4540 viduamque;

423 4575 547 4617 cum
579 4573 814 4623 rumore,
834 4572 941 4612 non
970 4555 1138 4621 facie;
1171 4555 1252 4610 vel
1286 4568 1431 4612 certe
1455 4573 1567 4628 prce
1595 4559 1870 4630 signorum
1892 4576 2006 4615 ma-

425 4652 748 4726 gnitudine,
799 4665 920 4719 qua:
974 4648 1226 4719 patrabat
1279 4650 1334 4704 in
1373 4652 1605 4721 populis,
1641 4653 1802 4708 etiam
1854 4654 2006 4710 vultu

425 4743 676 4818 plurimis
706 4751 865 4797 notus
887 4748 1025 4796 erat.
1080 4740 1148 4794 Et
1174 4740 1296 4796 vide
1321 4751 1522 4810 quanta
1552 4745 1686 4800 ﬁdes
1732 4745 1803 4800 sit
1837 4746 2009 4800 homi-

427 4855 558 4894 num
598 4846 758 4893 terrae
803 4834 1205 4900 Gennesareth,
1260 4844 1318 4889 ut
1366 4852 1473 4891 non
1511 4839 1854 4907 praesentium
1891 4849 2009 4893 tan—

431 4943 545 4987 tum
591 4928 762 4984 salute
799 4927 1036 4990 contenti
1073 4927 1200 4990 sint,
1233 4927 1328 4982 sed
1375 4928 1593 4982 mittant
1634 4929 1701 4984 ad
1741 4928 1877 4984 alias
1909 4945 2006 5000 per

429 5021 716 5080 circuitum
741 5019 1008 5082 civitates,
1037 5031 1143 5087 quo
1162 5031 1350 5098 ompes
1371 5025 1595 5072 currant
1618 5019 1684 5073 ad
1714 5019 2002 5074 medicum.

508 5111 572 5166 Et
597 5109 893 5165 obtulerunt
925 5107 972 5162 ei
995 5123 1170 5161 omnes
1192 5105 1327 5160 male
1362 5107 1626 5172 habentes,
1673 5118 1718 5162 et
1756 5109 2005 5178 rogabant

432 5217 584 5266 eum,
619 5210 674 5254 ut
717 5198 794 5253 vel
840 5197 1104 5269 fimbriam
1143 5196 1428 5251 uestimenti
1473 5197 1587 5266 ejus
1627 5207 1925 5269 tangerent;
1961 5209 2010 5255 et

432 5294 728 5366 quicunque
752 5290 1027 5361 tetigerunt
1053 5287 1186 5342 salvi
1211 5287 1338 5354 facti
1360 5298 1501 5342 sunt.
1532 5288 1714 5361 (Ιῖη.)
1742 5288 1842 5357 Qui
1871 5289 2010 5346 male

434 5398 498 5441 se
522 5384 722 5440 habent
750 5397 854 5436 non
886 5387 1113 5450 tangunt
1138 5394 1335 5448 corpus
1359 5377 1696 5449 Jesu,neque
1721 5387 1891 5434 totum
1921 5397 2011 5435 ve-

436 5475 748 5530 stimentum
771 5471 906 5542 ejus,
934 5470 1029 5525 sed
1057 5477 1352 5524 extremam
1375 5467 1663 5524 ﬁmbriam.
1694 5469 1761 5524 Et
1783 5471 2010 5540 quicun—

435 5581 544 5639 que
572 5565 848 5637 tetigerint
873 5562 1208 5618 sanabuntur
1231 5579 1244 5614 :
1277 5560 1542 5616 ﬁmbriam
1565 5562 1868 5617 vestimenti
1894 5560 2013 5630 ejus

443 5658 720 5718 minimum
769 5657 1081 5712 mandatum
1131 5653 1383 5725 intellige.
1407 5652 1558 5721 Quod
1588 5653 1681 5722 qui
1717 5662 2014 5726 transgres-

2107 4580 2243 4619 verw
2267 4563 2436 4618 vidua:
2455 4571 2574 4615 sunt
2599 4559 2654 4632 (Ι
2684 4559 2816 4614 Tim.
2840 4558 2916 4632 v).
2953 4560 3052 4617 Hic
3084 4562 3261 4617 honor
3286 4561 3487 4617 donum
3531 4561 3687 4616 intel-

2108 4655 2312 4726 ligitur.
2356 4654 2423 4708 Et
2465 4653 2520 4708 in
2557 4652 2662 4706 alio
2689 4651 2807 4707 loco
2844 4669 2856 4705 :
2895 4649 3196 4724 Presbyteri
3244 4650 3441 4723 duplici
3491 4653 3689 4706 honore

2108 4746 2400 4803 honorandi
2432 4745 2680 4809 maxime,
2709 4743 2800 4814 qui
2823 4742 3064 4798 laborant
3090 4743 3144 4799 in
3177 4742 3326 4799 verbo
3363 4751 3412 4797 et
3447 4741 3686 4796 doctrina

2110 4834 2322 4890 Domini
2345 4833 2556 4905 (Ibid.).
2591 4832 2655 4886 Et
2679 4840 2804 4902 post
2825 4832 2930 4888 hoc
2955 4832 3270 4886 mandatum
3287 4830 3542 4900 jubemur
3563 4827 3686 4884 bovi

2112 4927 2387 4986 trituranti
2413 4942 2476 4982 os
2509 4942 2615 4982 non
2642 4924 2949 4992 occludere,
2981 4932 3040 4979 ut
3061 4924 3256 4997 dignus
3301 4924 3373 4979 sit
3408 4921 3689 4994 operarius

2111 5017 2360 5075 mercede
2376 5031 2493 5070 sua.

2195 5105 2298 5162 Vos
2332 5116 2502 5161 autem
2526 5105 2699 5158 dicitis
2721 5118 2740 5156 :
2771 5103 3080 5176 Quicunque
3117 5102 3308 5158 dixerit
3327 5101 3466 5172 patri
3487 5099 3562 5155 vel
3585 5115 3693 5154 ma-

2115 5201 2185 5254 tri
2206 5214 2224 5252 :
2249 5199 2444 5254 Munus
2466 5197 2810 5269 quodcunque
2831 5206 2906 5251 est
2928 5213 2994 5252 ea:
3013 5213 3109 5260 me,
3138 5195 3232 5249 tibi
3252 5193 3502 5264 proderit,
3517 5201 3563 5246 et
3585 5207 3691 5246 non

2113 5289 2480 5359 honoriﬁcabit
2508 5299 2710 5359 patrem
2734 5304 2887 5341 suum
2910 5297 3001 5342 aut
3024 5297 3240 5340 matrem
3270 5301 3444 5350 suam,
3485 5294 3532 5339 et
3566 5283 3690 5336 irri-

2116 5393 2228 5437 tum
2267 5380 2463 5450 fecistis
2501 5378 2811 5434 mandatum
2847 5377 2944 5432 Dei
2994 5385 3206 5447 propter
3232 5375 3565 5429 traditionem
3598 5388 3687 5426 rc-

2115 5484 2298 5527 stram.
2313 5472 2648 5543 Praeceperat
2661 5471 2922 5526 Dominus
2933 5469 3015 5525 vel
3030 5469 3443 5533 imbecillitatcs,
3460 5465 3544 5521 vel
3561 5475 3689 5520 aeta-

2117 5575 2221 5629 tes,
2263 5564 2346 5617 vel
2377 5564 2632 5634 penurias
2660 5570 2940 5633 parentum
2989 5561 3362 5625 considerans,
3383 5567 3442 5613 ut
3474 5557 3566 5613 lllii
3592 5557 3687 5612 ho-

2119 5663 2396 5723 norarent,
2425 5656 2589 5711 etiam
2615 5655 2669 5708 in
2696 5653 2819 5708 vitae
2845 5653 3162 5710 necessariis
3189 5650 3580 5717 ministrandis,
3598 5664 3690 5718 pa-
