3998 6188
352 175 467 234 -975

1012 176 1071 229 Β.
1115 172 1367 229 RABANI
1409 173 1627 230 MAURI
1666 171 1982 228 ARCHIEP.
2025 171 2333 229 MOGUNT.
2375 169 2659 228 OPERUM
2696 168 2876 226 PARS
2914 168 2956 224 ι.

3500 172 3603 229 976

360 295 543 345 rentes
566 300 712 342 suos.
742 285 892 340 lianc
919 284 1442 354 providentissimam
1473 284 1567 339 Dei
1618 284 1791 355 legem
1841 298 1933 337 νο·
1961 289 2013 346 Α
2040 284 2208 353 magis
2236 261 2600 339 observandas
2622 299 2740 339 esse
2777 291 3121 339 censuerunt.
3147 287 3219 344 Ut
3242 289 3489 356 superius
3511 274 3607 344 de-

352 377 528 435 lentes
548 377 741 433 scriba:
759 376 1122 445 Pharisaaiqqe
1147 377 1487 442 subvertere,
1509 385 1567 432 ut
1592 376 1926 447 impietatem

348 468 451 526 sub
481 467 697 524 nomine
721 465 936 536 pietatis
962 465 1299 530 iuducerent,
1331 465 1630 520 docuerunt
1664 465 1929 534 pessimos

349 560 512 625 lilios,
539 566 598 613 ut
627 558 673 613 si
696 557 817 627 quis
843 571 907 611 ea
930 570 1048 625 quae
1092 557 1409 626 parentibus
1455 555 1731 612 oll‘erenda
1777 565 1925 624 sunt,

347 652 457 708 Deo
492 663 688 707 vovere
713 647 961 713 voluerit,
987 648 1079 717 qui
1113 664 1272 704 verus
1298 658 1382 705 est
1410 658 1586 720 pater,
1601 649 1805 705 oblatio
1818 650 1926 705 Do-

347 742 481 798 mini
511 723 855 811 praeponatur
877 747 1165 809 parentum
1190 740 1535 795 muneribus:
1558 739 1642 794 vel
1655 747 1803 795 certe
1824 737 1928 809 ipsi

347 839 622 903 parentes,
651 843 771 899 qum
798 829 906 884 Deo
929 837 1245 884 consecrata
1267 837 1417 895 sunt,
1442 844 1510 884 ne
1532 828 1801 899 sacrilegii
1816 826 1926 882 cri-

345 938 468 977 men
494 921 833 976 incurrerent
847 918 1199 985 declinantes,
1214 926 1453 991 egestate
1480 917 1924 974 conﬁciebantur.

290 1043 303 1052 -
347 1013 524 1083 Atque
561 1012 632 1066 ita
658 1011 818 1065 ﬁebat
853 1018 912 1065 ut
932 1009 1133 1066 oblatio
1154 1010 1468 1074 liberorum,
1511 1010 1613 1065 sub
1643 1009 1929 1065 occasione

340 1103 534 1174 templi
564 1111 619 1158 et
643 1101 759 1167 Dei,
782 1102 834 1156 in
864 1100 1204 1156 sacerdotum
1224 1099 1375 1155 lucra
1400 1100 1636 1155 cederet.
1668 1098 1795 1153 Haec
1808 1112 1930 1168 pes-

336 1197 487 1251 sima
513 1193 909 1249 Pharismoruin
937 1190 1274 1247 consuetudo
1301 1191 1367 1247 de
1399 1191 1491 1246 tali
1519 1190 1807 1245 occasione
1830 1204 1927 1243 ve-

338 1286 560 1350 niebat;
588 1284 783 1340 multos
810 1282 1072 1338 habentes
1099 1282 1363 1353 obligatos
1387 1296 1495 1336 aere
1527 1281 1726 1347 alieno,
1749 1289 1805 1335 et
1833 1295 1930 1336 no-

336 1376 523 1431 lentes
551 1374 655 1430 sibi
680 1374 944 1429 creditum
972 1373 1220 1439 reddere,
1251 1371 1562 1443 deligebam
1593 1370 1925 1435 sacerdotes,

346 1478 406 1524 ut
440 1476 629 1524 exacta
653 1466 892 1537 .pecunia
919 1466 1236 1521 ministeriis
1264 1464 1449 1536 templi
1498 1472 1552 1519 et
1592 1478 1782 1520 eorum
1820 1462 1929 1517 usi-

340 1559 447 1613 bus
472 1557 786 1613 deserviret.
816 1556 1001 1610 Potest
1030 1562 1207 1610 autem
1232 1565 1287 1610 et
1315 1556 1460 1610 hunc
1478 1555 1715 1610 breviter
1730 1554 1930 1609 habere

2028 382 2386 428 monstratum
2415 383 2518 429 est.

2097 465 2167 519 Et
2188 463 2480 520 conuocatis
2507 466 2576 521 ad
2595 484 2649 521 se
2669 467 2835 521 turbis
2849 467 2983 522 dixit
2998 469 3074 523 eis
3089 481 3109 521 :
3134 467 3327 524 Audite
3348 479 3397 525 et
3419 469 3611 526 intelli-

2026 560 2168 630 gite;
2196 575 2300 613 non
2326 558 2464 631 quod
2490 558 2654 613 intrat
2679 558 2733 613 in
2758 575 2815 613 os
2855 561 3203 614 communicat
3223 559 3608 627 hominem,sed

2026 647 2164 720 quod
2193 648 2427 719 procedit
2476 665 2541 702 ex
2582 665 2670 702 ore
2701 649 3006 720 coinquinat
3042 648 3324 704 hominem.
3375 648 3608 707 Verbum

2018 736 2378 791 communicat
2401 738 2619 807 proprie
2640 735 3048 807 Scripturarum
3069 746 3171 803 est,
3186 746 3242 793 et
3260 737 3479 809 publico
3497 750 3608 797 ser-

2018 839 2189 881 mone
2242 840 2348 880 non
2402 827 2616 881 teritur.
2667 825 2906 897 Populus
2930 824 3241 882 Judaaorum
3273 837 3483 898 partem
3516 830 3609 885 Dei

2026 929 2147 970 esse
2172 930 2231 970 se
2245 915 2483 986 iactans,
2512 916 2828 971 communes
2853 917 3006 972 cibos
3043 925 3222 983 vocat,
3255 917 3452 988 quibus
3496 935 3611 974 om-

2020 1015 2126 1059 nes
2150 1012 2376 1059 utuntur
2394 1004 2671 1059 homines:
2705 1004 2857 1059 verbi
2887 1006 3082 1076 gratia,
3125 1005 3340 1062 suillam
3367 1022 3607 1074 carnem,

2019 1100 2255 1159 ostreas,
2285 1092 2499 1163 lepores
2528 1101 2584 1148 et
2612 1094 2917 1150 istiusmodi
2948 1095 3271 1162 animantia,
3298 1110 3419 1166 qua:
3443 1111 3612 1167 ungu-

2017 1185 2137 1241 lam
2165 1201 2275 1241 non
2304 1183 2514 1240 ﬁndunt
2539 1200 2641 1240 nec
2667 1186 2961 1253 ruminant,
2999 1202 3100 1243 nec
3120 1203 3413 1258 squamosa
3441 1190 3493 1245 in
3506 1191 3612 1260 pis-

2030 1276 2184 1331 cibus
2209 1285 2356 1331 sunt.
2380 1273 2535 1331 Unde
2555 1283 2611 1331 et
2638 1275 2691 1330 in
2712 1276 2936 1333 Actibus
2961 1279 3329 1349 apostolorum
3354 1280 3613 1351 scriptum

2028 1374 2112 1420 est
2136 1382 2149 1418 :
2186 1363 2341 1430 Quod
2372 1364 2515 1420 Deus
2541 1365 2907 1436 sancti/ienuit,
2949 1376 3007 1422 tu
3034 1385 3098 1423 ne
3122 1386 3397 1424 commune
3421 1370 3614 1425 dixeris

2031 1456 2169 1528 (Act.
2186 1455 2265 1528 κ).
2281 1453 2579 1511 Commune
2597 1470 2728 1525 ergo
2740 1457 2882 1526 quod
2897 1457 3107 1514 caeteris
3118 1457 3425 1515 hominibus
3448 1467 3613 1530 patet,

2029 1556 2087 1602 et
2107 1547 2261 1616 quasi
2290 1562 2396 1603 non
2427 1555 2512 1602 est
2541 1546 2608 1603 de
2633 1556 2788 1618 parte
2816 1548 2936 1617 Dei,
2958 1565 3058 1620 pro
3079 1551 3360 1609 immundo
3378 1552 3615 1624 appella-

348 1662 588 1702 sensnm.
608 1644 812 1699 dianus
836 1644 973 1716 quod
996 1661 1060 1698 ea:
1079 1661 1160 1698 me
1178 1645 1385 1713 est,tibi
1412 1644 1662 1716 proderit.
1684 1642 1931 1714 Compel-
1956 1638 2005 1699 B
2033 1643 2139 1692 lur-
2165 1634 2317 1691 ΝίΙιὶλ
2344 1646 2443 1703 εει,
2465 1636 2663 1707 inquit,
2690 1648 2840 1694 extra
2865 1640 3121 1695 hominem
3142 1642 3395 1698 inimicus
3421 1642 3476 1699 in
3499 1661 3615 1700 εαιιι

350 1736 484 1802 litis,
515 1735 708 1805 inquit,
738 1734 878 1790 ﬁlios
906 1744 967 1789 ut
998 1734 1181 1790 dicant
1207 1736 1523 1805 parentibus
1552 1736 1665 1791 suis
1690 1754 1703 1789 :
1745 1734 1928 1803 Quod-

342 1843 558 1898 cunque
586 1826 787 1882 donum
811 1827 1092 1882 oblaturus
1121 1842 1270 1882 eram
1300 1828 1410 1883 Deo
1432 1828 1486 1882 in
1509 1836 1635 1883 tuos
1665 1841 1930 1883 consumo

348 1919 521 1985 cibos,
548 1919 751 1988 tibique
779 1919 1019 1989 prodest,
1053 1933 1087 1973 o
1116 1926 1272 1989 pater
1307 1929 1364 1975 et
1391 1928 1586 1986 mater,
1632 1930 1692 1975 ut
1739 1920 1817 1976 illi
1862 1921 1933 1977 ti-

350 2019 562 2066 mentes
616 2010 884 2080 accipere,
930 2009 1074 2078 quod
1120 2009 1229 2065 Deo
1266 2009 1520 2065 videbant
1543 2010 1928 2080 mancipatum,

350 2100 569 2171 inopem
600 2101 771 2171 magis
791 2098 989 2155 vellent
1015 2100 1181 2154 vitam
1209 2100 1427 2168 ducere,
1455 2116 1618 2172 quam
1647 2102 1933 2160 comedere

349 2193 416 2251 de
439 2193 788 2252 consecratis.

434 2283 757 2355 Hypocritw,
786 2283 911 2338 bene
935 2283 1257 2355 prophetarit
1271 2283 1336 2338 de
1361 2284 1500 2339 vobis
1523 2284 1697 2342 Isaias
1719 2287 1930 2343 dicens:

363 2372 599 2445 Populus
623 2373 708 2428 hic
729 2372 883 2427 labiis
908 2389 989 2427 me
1008 2373 1254 2438 honorat,
1278 2390 1370 2428 cor
1392 2384 1567 2430 autem
1580 2392 1759 2431 eorum
1782 2377 1932 2449 longe

347 2475 481 2524 esta
507 2482 588 2521 me
616 2464 751 2538 (Isa.
780 2464 949 2538 nix).
977 2463 1224 2538 [MAUIL]
1254 2465 1563 2524 Praevidens
1592 2483 1722 2541 ergo
1747 2470 1800 2524 in
1823 2471 1932 2541 spi-

355 2558 464 2611 ritu
509 2557 773 2627 propheta
821 2555 1221 2613 simulationem
1262 2555 1571 2614 Judaeorum
1624 2567 1928 2628 venturam,

350 2646 495 2719 quod
528 2655 718 2704 contra
749 2646 1189 2717 praedicationem
1212 2647 1488 2720 Evangelii
1515 2649 1570 2704 in
1598 2649 1722 2707 dolo
1745 2661 1931 2707 essent

348 2736 724 2809 repugnaturi,
750 2736 887 2792 bene
914 2735 982 2792 de
1009 2734 1118 2793 illis
1154 2737 1481 2793 vaticinatus
1509 2747 1615 2806 est,
1646 2755 1755 2796 non
1785 2741 1931 2812 quod

350 2830 553 2886 bonum
574 2834 721 2883 esset
742 2825 887 2896 quod
925 2825 993 2882 de
1024 2825 1105 2881 eis
1143 2826 1400 2897 loquitur,
1451 2843 1578 2884 cum
1618 2829 1685 2885 de
1720 2829 1931 2885 malitia

348 2919 568 2977 illorum
592 2917 670 2972 illi
700 2930 881 2973 sermo
912 2915 1045 2983 fuit;
1077 2916 1171 2972 sed
1194 2917 1339 2987 quod
1359 2919 1500 2975 bene
1526 2918 1618 2975 illa
1648 2920 1931 2993 prophetia

351 3009 597 3066 moribus
645 3008 885 3077 ipsorum
936 2981 1312 3064 conveniebat.
1344 3009 1425 3065 Ex
1460 2981 1693 3081 persona
1716 2981 1933 3083 quoque
1960 2981 2006 3043 Ο

352 3100 566 3156 Domini
593 3100 696 3154 hoc
722 3097 933 3152 locutus
952 3098 1055 3152 ait:
1090 3097 1323 3169 Populus
1353 3100 1438 3155 hic
1466 3099 1618 3156 labiis
1643 3117 1726 3157 me
1772 3102 1936 3157 hono—

347 3200 458 3255 rat,
490 3204 582 3243 cor
604 3195 778 3242 autem
805 3203 983 3243 eorum
1001 3186 1153 3259 longe
1175 3198 1249 3243 est
1279 3206 1313 3244 a
1340 3206 1440 3245 me.
1466 3189 1650 3248 Labiis
1666 3192 1814 3248 illum
1837 3194 1938 3251 ho-

355 3278 643 3344 norabant,
668 3276 825 3347 cujus
859 3275 1031 3348 legem
1071 3278 1267 3347 sazpius
1297 3282 1700 3349 scrutabantur,
1745 3290 1802 3338 et
1849 3286 1937 3340 cui

360 3369 591 3439 hymnos
616 3367 702 3422 vel
721 3366 958 3437 psalmos
979 3367 1033 3423 in
1056 3367 1247 3425 olliciis
1273 3371 1472 3428 divinis
1500 3373 1937 3441 modulabantur,

355 3458 450 3513 sed
479 3456 807 3514 corillorum
826 3456 984 3528 longe
1010 3458 1079 3513 ab
1099 3457 1191 3514 illo
1216 3458 1338 3514 fuit.
1360 3459 1436 3517 De
1458 3462 1654 3531 quibus
1678 3463 1941 3535 scriptum

355 3557 459 3615 est,
502 3547 930 3618 quod.cordibus
968 3562 1183 3620 semper
1219 3551 1395 3608 aversi
1439 3551 1645 3609 fuerint
1688 3554 1743 3609 in
1773 3553 1942 3628 Egy-

351 3646 528 3707 ptum.
559 3636 690 3690 Item
717 3634 875 3690 labiis
904 3650 1026 3691 cum
1059 3637 1423 3709 honorabant,
1448 3642 1664 3712 quando
1689 3643 1941 3700 dicebant

357 3731 466 3788 illi:
500 3729 772 3801 Magister,
786 3728 979 3783 scimus
1003 3730 1128 3801 quia
1152 3747 1313 3786 veras:
1330 3748 1407 3799 es,
1432 3743 1481 3788 et
1502 3734 1639 3789 viam
1666 3734 1765 3791 Dei
1789 3736 1844 3791 in
1860 3754 1943 3792 ve-

356 3824 511 3878 ritate
536 3821 711 3887 doces,
741 3829 789 3873 et
821 3836 925 3873 non
945 3830 1020 3874 est
1043 3821 1140 3875 tibi
1173 3838 1302 3876 cura
1345 3823 1409 3877 de
1442 3822 1652 3896 aliquo;
1676 3841 1781 3881 non
1804 3827 1941 3882 enim

358 3911 550 3983 accipis
569 3926 844 3982 personam
860 3910 1087 3965 hominis
1102 3910 1311 3982 (Matth.
1335 3913 1494 3986 ml.)
1512 3913 1618 3970 Sed
1640 3930 1736 3972 cor
1753 3931 1941 3972 eorum

352 4002 519 4073 longe
558 4003 627 4057 ab
676 4000 906 4067 coluit,
940 4001 1158 4072 quando
1181 4000 1470 4057 dicebant:
1501 4002 1605 4058 Dic
1627 4004 1796 4073 nobis,
1822 4005 1940 4062 licet

307 4103 330 4129 ο
358 4108 572 4148 censum
598 4091 726 4146 dare
758 4090 959 4146 Caesari
999 4107 1067 4146 an
1114 4091 1260 4145 non?
1286 4090 1453 4163 .(Luc.
1478 4092 1598 4163 xx.)
1642 4092 1757 4150 Hoc
1794 4096 1939 4151 enim

332 4181 627 4251 .exprcssit
659 4179 984 4252 evangelista
1047 4179 1239 4247 Lucas,
1290 4195 1411 4236 cum
1460 4181 1596 4237 dixit
1639 4184 1845 4240 scribas
1886 4194 1943 4242 et

360 4270 633 4341 principes
660 4269 1001 4324 sacerdotum
1025 4269 1237 4325 misisse
1261 4269 1623 4337 insidiatores,
1647 4274 1739 4342 qui
1770 4290 1827 4330 se
1854 4274 1942 4345 ju-

2031 1729 2171 1801 quod
2200 1729 2365 1800 possit
2395 1745 2514 1783 eum
2549 1730 2925 1801 coinquinare;
2952 1731 3047 1785 sed
3061 1748 3181 1803 quae
3198 1733 3266 1787 de
3280 1733 3489 1790 homine
3501 1753 3621 1807 pro-

2032 1819 2241 1888 cedunt,
2263 1818 2358 1874 illa
2390 1828 2513 1874 sunt
2547 1835 2663 1891 quia
2686 1820 3028 1892 coinquinant
3053 1838 3201 1877 eum.
3228 1821 3478 1895 Opponat
3494 1842 3622 1897 pruo

2037 1910 2173 1966 dens
2209 1910 2401 1975 lector,
2427 1918 2483 1966 et
2509 1910 2686 1966 dicat:
2723 1909 2783 1965 Si
2807 1910 2950 1981 quod
2976 1912 3143 1968 intrat
3166 1913 3220 1969 in
3246 1930 3310 1971 os
3349 1932 3458 1972 non
3480 1916 3621 1974 coin-

2032 2000 2224 2071 quinat
2249 2000 2544 2068 hominem,
2578 2014 2748 2072 quare
2776 2000 3075 2058 idolothitis
3094 2018 3204 2059 non
3230 2006 3535 2061 vescimur?
3554 2007 3620 2061 Et

2031 2092 2323 2164 Apostolus
2335 2092 2557 2148 scribit:
2590 2092 2716 2148 Non
2738 2095 2952 2163 potestis
2974 2094 3190 2151 calicem
3202 2095 3420 2152 Domini
3432 2099 3618 2163 bibere,

2033 2195 2082 2240 et
2113 2185 2329 2239 calicem
2373 2184 2751 2240 dwmoniorum
2772 2173 2827 2255 ~(I
2845 2184 2968 2240 Cor.
2994 2185 3073 2258 ι).
3116 2184 3411 2243 Sciendum
3460 2188 3623 2260 igitur

2033 2277 2177 2346 quod
2208 2276 2305 2347 ipsi
2338 2277 2558 2347 quidem
2580 2275 2689 2332 cibi
2715 2285 2772 2332 et
2804 2276 2901 2333 Dei
2933 2285 3183 2335 creatura
3211 2294 3311 2351 per
3338 2295 3397 2336 se
3423 2280 3621 2337 munda

2033 2365 2162 2433 sint,
2207 2365 2303 2421 sed
2355 2365 2620 2422 idolorum
2664 2379 2728 2422 ac
2778 2366 3082 2424 daemonum
3111 2369 3470 2426 invocatioea
3494 2369 3621 2426 facit

2034 2454 2334 2508 immunda.

2109 2543 2254 2599 Tunc
2303 2545 2606 2601 accedentes
2632 2545 2877 2618 discipuli
2915 2549 3063 2618 ejus,
3100 2548 3348 2605 dixerunt
3387 2551 3435 2605 ei
3459 2562 3478 2602 :
3504 2548 3619 2605 Scis

2032 2638 2159 2710 quia
2175 2635 2436 2694 Phariswi
2459 2638 2642 2695 audito
2667 2639 2818 2695 uerbo
2837 2640 3187 2696 scandalisati
3205 2651 3350 2696 sunt.
3399 2640 3481 2696 Ex
3513 2656 3619 2697 uno

2034 2744 2284 2788 sermone
2331 2731 2513 2787 omnis
2559 2732 2879 2802 superstitio
2905 2732 3346 2789 Observationum
3374 2732 3621 2789 iudaice-

2035 2836 2156 2877 rum
2187 2821 2364 2877 fuerat
2388 2822 2539 2889 elisa,
2563 2823 2655 2893 qui
2683 2823 2739 2879 in
2772 2824 2909 2880 cibis
2931 2825 3269 2880 assumendis
3310 2824 3620 2881 abominan-

2038 2917 2231 2987 disque
2254 2917 2574 2989 religionem
2601 2933 2755 2973 suam
2777 2918 2940 2974 sitam
2961 2918 3388 2975 arbitrabantur.
3413 2918 3481 2974 Et
3497 2919 3621 2990 quia

2037 3007 2233 3063 crebro
2260 3007 2458 3062 teritur
2489 3007 2544 3062 in
2570 3006 2951 3064 ecclesiasticis
2979 3006 3278 3079 Scripturis
3296 3007 3620 3072 scandalum,

2037 3095 2276 3152 breviter
2288 3097 2596 3163 dicendum,
2611 3097 2740 3167 quid
2765 3097 3054 3170 signiﬁcet.
3071 3099 3254 3155 Σκαλὸν
3274 3109 3330 3154 et
3348 3098 3624 3156 σκάνδαλον

2038 3202 2139 3245 nos
2169 3186 2574 3255 oﬂ‘endiculum,
2597 3188 2683 3243 vel
2709 3189 2943 3254 ruinam,
2972 3198 3028 3243 et
3058 3189 3445 3261 impactionem
3474 3190 3624 3259 pedis

2037 3292 2325 3349 possumus
2350 3278 2550 3337 dicere.
2577 3278 2805 3345 Quando
2833 3292 2966 3351 ergo
3003 3279 3273 3351 legimus:
3318 3279 3626 3351 Quicunque

2037 3369 2103 3429 de
2128 3368 2358 3423 minimis
2380 3369 2493 3424 istis
2532 3369 2968 3425 scandalisaverit
2992 3372 3312 3442 quempiam,
3342 3372 3446 3427 hoc
3470 3372 3626 3427 intel-

2038 3458 2275 3529 ligimus,
2298 3459 2391 3529 qui
2420 3458 2473 3514 in
2506 3459 2651 3516 dicto
2677 3457 2932 3532 factoque
2954 3460 3294 3516 occasionem
3317 3461 3485 3517 ruinae
3505 3462 3619 3516 cui-

2039 3564 2200 3618 quam
2223 3548 2450 3604 dederit.

2109 3656 2176 3710 At
2202 3654 2292 3710 ille
2319 3654 2634 3727 respondens
2656 3657 2729 3711 ait
2759 3670 2777 3709 :
2813 3654 3001 3713 Omnis
3033 3656 3291 3728 plantatio
3321 3673 3477 3728 quam
3519 3673 3624 3711 non

2038 3748 2296 3819 plantavit
2325 3746 2488 3802 Pater
2507 3765 2677 3815 meus,
2700 3750 3074 3805 eradicabitur.
3108 3749 3287 3805 Etiam
3316 3765 3437 3819 qua:
3466 3748 3627 3820 plana

2024 3839 2096 3895 in
2127 3839 2427 3910 Scripturis
2447 3840 2721 3906 videntur,
2750 3842 2910 3912 plena
2936 3841 3483 3912 suntquaestionibus.
3502 3839 3629 3895 0m-

2040 3930 2143 3994 nis,
2172 3929 2367 3999 inquit,
2391 3929 2647 4000 plantatio
2675 3947 2836 4001 quam
2866 3947 2969 3985 non
3000 3930 3259 4003 plantavit
3293 3929 3461 3986 Pater
3482 3946 3626 3985 meus

2041 4019 2285 4085 caelestis,
2314 4020 2689 4076 eradicabitur.
2719 4022 2862 4094 Ergo
2887 4022 3251 4078 eradicabitur
3277 4031 3332 4079 et
3360 4024 3450 4079 illa
3473 4023 3628 4095 plan-

2040 4110 2195 4175 tatio,
2236 4110 2303 4165 de
2346 4125 2452 4181 qua
2494 4109 2785 4180 Apostolus
2825 4112 2935 4168 ait:
2985 4111 3099 4184 Ego
3133 4112 3391 4183 plantavi,
3444 4113 3628 4183 Apollo

2043 4198 2247 4268 rigavit.
2280 4197 2388 4254 Sed
2414 4196 2644 4254 solvitur
2671 4198 2899 4268 quaestio
2927 4214 2994 4254 ex
3032 4214 3098 4254 eo
3145 4199 3291 4269 quod
3340 4202 3626 4268 sequitur:

2045 4286 2185 4341 Deus
2207 4297 2381 4342 autem
2409 4288 2784 4344 incrementum
2826 4289 2969 4343 dedit
2999 4288 3018 4361 (
3043 4288 3073 4343 Ι
3095 4288 3220 4344 Cor.
3248 4288 3354 4361 ιιι).
3399 4290 3540 4344 Dicit
3575 4299 3631 4343 et

361 4370 474 4418 8105
496 4360 832 4427 Simlllarem,
858 4368 919 4414 ιη
943 4369 1201 4430 caperem
1232 4375 1357 4415 eum
1395 4360 1450 4417 in
1481 4376 1752 4427 sermone:
1779 4374 1942 4435 alque
1969 4337 2019 4396 Β
2046 4379 2160 4448 ipse
2188 4398 2202 4433 :
2237 4379 2331 4433 Dei
2360 4379 2706 4451 agricultura,
2731 4380 2830 4436 Dei
2860 4337 3142 4450 wdiﬁcatio
3160 4337 3403 4459 estisiEt
3442 4381 3494 4435 in
3523 4379 3630 4434 alio

362 4455 635 4509 traderent
660 4467 783 4507 eum
809 4452 1221 4522 principatibus,
1254 4460 1417 4523 atque
1461 4455 1717 4523 potestati
1745 4457 1943 4524 praesi-

364 4546 464 4600 dis.
502 4545 680 4613 Atque
709 4545 829 4600 ideo
853 4554 1000 4601 recte
1024 4547 1368 4617 subiungitur
1397 4566 1408 4602 :

326 4692 331 4698 .
434 4640 565 4695 Sine
579 4654 740 4692 causa
763 4638 947 4692 colunt,
963 4655 1065 4705 me,
1086 4639 1327 4694 docentes
1342 4641 1610 4698 doctrinas
1629 4652 1782 4716 atque
1794 4662 1943 4701 man-

359 4733 491 4786 data
531 4730 822 4785 hominum.
856 4728 992 4786 Sine
1016 4746 1179 4786 causa
1211 4746 1363 4803 ergo,
1397 4732 1449 4789 id
1478 4743 1581 4800 est,
1610 4735 1664 4790 in
1691 4751 1939 4802 vacuum,

358 4808 523 4876 labiis
542 4827 598 4874 et
616 4819 799 4891 lingua
823 4819 973 4875 illum
998 4820 1267 4889 colebant,
1296 4839 1526 4894 quorum
1554 4827 1717 4883 corda
1749 4842 1942 4884 aversa

365 4919 517 4968 erant
541 4930 553 4965 :
586 4910 710 4982 quia
734 4926 856 4966 cum
887 4911 1033 4966 veris
1057 4910 1150 4967 Dei
1182 4912 1480 4970 cultoribus
1508 4916 1816 4973 mercedem
1834 4933 1940 4973 non

365 5003 639 5076 accepturi
663 5011 840 5070 erant,
862 5010 1153 5062 attestante
1174 5004 1277 5060 hoc
1310 5005 1437 5062 alibi
1466 5007 1582 5076 ipsa
1616 5008 1854 5063 \‘eritate
1879 5024 1944 5064 ac

356 5095 610 5153 dicente:
640 5093 762 5148 Non
783 5094 952 5149 omnis
977 5095 1066 5166 qui
1102 5095 1227 5150 dicit
1262 5097 1408 5163 mihi,
1433 5096 1673 5165 Domine,
1697 5098 1941 5167 Domine,

369 5186 586 5244 intrabit
609 5186 664 5240 in
687 5200 902 5257 regnum
924 5185 1191 5240 calorum.
1219 5186 1326 5242 Sed
1362 5188 1452 5258 qui
1477 5187 1605 5257 facit
1629 5189 1943 5244 uoluntatem

367 5277 551 5334 Patris
597 5278 699 5332 mei
741 5278 832 5349 qui
872 5278 939 5343 in,
973 5277 1113 5334 castis
1147 5287 1245 5344 est,
1271 5278 1379 5350 ipse
1408 5279 1624 5335 intrabit
1649 5281 1708 5335 in
1732 5297 1946 5357 regnum

372 5369 621 5425 caelorum
651 5366 867 5441 (Matth.
891 5368 1010 5440 vn).
1030 5369 1306 5425 Docebant
1327 5369 1545 5437 quidem
1566 5368 1830 5426 Pharisaei
1855 5372 1947 5427 do-

368 5459 576 5515 ctrinas
602 5466 657 5515 et
678 5459 930 5535 mandata
952 5460 1255 5525 hominum,
1285 5459 1501 5530 quando
1527 5460 1708 5516 divina
1742 5477 1950 5532 praece-

361 5559 459 5618 pta
487 5551 835 5623 negligentes,
868 5559 924 5608 et
947 5567 1075 5609 suas
1102 5552 1415 5610 traditiones
1470 5553 1947 5623 superordinantes

2046 4470 2197 4525 loco:
2224 4468 2599 4541 Cooperatores
2621 4471 2718 4527 Dei
2745 4489 2949 4527 sumus.
2998 4471 3057 4528 Si
3084 4484 3264 4529 autem
3314 4482 3630 4544 cooperato-

2045 4577 2154 4626 res,
2180 4562 2345 4633 igitur
2375 4561 2652 4633 plantante
2689 4562 2877 4629 Paulo,
2920 4564 3167 4634 Apolline
3215 4565 3444 4637 rigante,
3487 4564 3629 4620 Deus

2040 4666 2169 4705 cum
2217 4652 2592 4721 operatoribus
2641 4654 2755 4709 suis
2810 4653 3020 4724 plantat
3055 4662 3112 4709 et
3134 4654 3293 4725 rigat.
3322 4654 3631 4710 Abutuntur

2048 4743 2151 4798 hoc
2175 4741 2314 4809 loco,
2344 4744 2438 4813 qui
2467 4744 2709 4801 diversas
2736 4754 2961 4801 naturas
2984 4745 3351 4813 introducunt,
3389 4748 3629 4803 dicentes

2044 4832 2433 4902 plantationem
2458 4849 2623 4903 quam
2653 4851 2761 4891 non
2810 4836 3078 4906 plantavit
3127 4835 3288 4893 Pater
3338 4837 3623 4893 eradicari.

2047 4920 2151 4976 Sed
2181 4921 2405 4976 audiant
2430 4922 2563 4978 illud
2588 4921 2872 4995 Jeremite:
2905 4925 3018 4997 Ego
3045 4942 3134 4982 vos
3167 4926 3401 4997 plantaui
3425 4929 3626 4983 vineam

2044 5029 2239 5080 ueram,
2301 5016 2561 5086 quomodo
2607 5018 2742 5072 uersi
2781 5018 2904 5073 estis
2949 5020 3007 5074 in
3047 5020 3454 5077 amaritudinem
3509 5021 3626 5077 uitis

2045 5104 2232 5161 aliena:
2254 5108 2279 5160 Ρ
2305 5105 2574 5164 Plantavit
2598 5109 2818 5178 quidem
2839 5110 3004 5177 Deus,
3026 5119 3084 5167 et
3118 5126 3281 5168 nemo
3302 5121 3479 5184 potest
3503 5126 3625 5167 era-

2047 5197 2230 5253 dicare
2259 5197 2649 5267 plantationem
2670 5199 2807 5270 ejus,
2828 5202 2924 5257 sed
2949 5203 3207 5271 quoniam
3237 5204 3338 5259 ista
3366 5202 3625 5273 plantatio

2048 5286 2104 5341 in
2142 5285 2415 5343 voluntate
2442 5291 2647 5361 proprii
2674 5291 2886 5346 arbitrii
2907 5299 3011 5357 est,
3040 5292 3225 5347 nullus
3250 5291 3626 5362 aliuseampo—

2050 5373 2175 5427 terit
2202 5374 2503 5443 eradicare,
2530 5377 2635 5432 nisi
2662 5377 2778 5449 ipsa
2808 5378 3060 5435 tribuerit
3081 5394 3381 5435 assensum.

2121 5462 2287 5519 Sinite
2324 5465 2464 5533 illos,
2488 5467 2614 5522 ατεὶ
2657 5478 2782 5523 sunt
2814 5469 2973 5523 duces
3003 5486 3260 5524 ctecorum
3278 5483 3298 5521 :
3333 5484 3501 5525 circus
3526 5484 3624 5519 au-

2048 5564 2152 5611 tem
2180 5557 2225 5611 si
2250 5574 2387 5613 ωηο
2419 5559 2667 5617 ducatum
2685 5571 2919 5631 prtestet,
2944 5561 3170 5617 amboin
3192 5562 3392 5632 foueam
3412 5560 3620 5623 cadunt.
