  <div class='ocr_page' id='page_1' title='image "/cluster/home/n/w/nwhite01/storage/ocr_20150623/107/hvd.32044054759725/494.png"; bbox 0 0 3998 6188; ppageno 0'>
   <div class='ocr_carea' id='block_1_1' title="bbox 313 389 407 452">
    <p class='ocr_par' dir='ltr' id='par_1_1' title="bbox 313 389 407 452">
     <span class='ocr_line' id='line_1_1' title="bbox 313 389 407 452; baseline -0.053 0"><span class='ocrx_word' id='word_1_1' title='bbox 313 389 407 452; x_wconf 79' lang='grc'><strong>977</strong></span> 
     </span>
    </p>
   </div>
   <div class='ocr_carea' id='block_1_2' title="bbox 1260 385 2581 448">
    <p class='ocr_par' dir='ltr' id='par_1_2' title="bbox 1260 385 2581 448">
     <span class='ocr_line' id='line_1_2' title="bbox 1260 385 2581 448; baseline 0.002 -5"><span class='ocrx_word' id='word_1_2' title='bbox 1260 385 1612 443; x_wconf 67' lang='lat' dir='ltr'><strong>COMMENT.</strong></span> <span class='ocrx_word' id='word_1_3' title='bbox 1654 385 1722 442; x_wconf 84' lang='lat' dir='ltr'><strong>IN</strong></span> <span class='ocrx_word' id='word_1_4' title='bbox 1761 386 2200 448; x_wconf 65' lang='lat' dir='ltr'><strong>MATTHAEUM.</strong></span> <span class='ocrx_word' id='word_1_5' title='bbox 2238 422 2308 432; x_wconf 92' lang='lat'>—</span> <span class='ocrx_word' id='word_1_6' title='bbox 2345 391 2473 448; x_wconf 70' lang='lat' dir='ltr'><strong>LiB.</strong></span> <span class='ocrx_word' id='word_1_7' title='bbox 2519 391 2581 447; x_wconf 73' lang='lat' dir='ltr'><strong>V.</strong></span> 
     </span>
    </p>
   </div>
   <div class='ocr_carea' id='block_1_3' title="bbox 3463 390 3579 449">
    <p class='ocr_par' dir='ltr' id='par_1_3' title="bbox 3463 390 3579 449">
     <span class='ocr_line' id='line_1_3' title="bbox 3463 390 3579 449; baseline -0.026 -1"><span class='ocrx_word' id='word_1_8' title='bbox 3463 390 3579 449; x_wconf 60' lang='lat' dir='ltr'><strong>97S</strong></span> 
     </span>
    </p>
   </div>
   <div class='ocr_carea' id='block_1_4' title="bbox 305 497 3565 574">
    <p class='ocr_par' dir='ltr' id='par_1_4' title="bbox 305 497 3565 574">
     <span class='ocr_line' id='line_1_4' title="bbox 305 497 3565 574; baseline -0.004 -6"><span class='ocrx_word' id='word_1_9' title='bbox 305 511 416 569; x_wconf 88' lang='lat' dir='ltr'><strong>lloc</strong></span> <span class='ocrx_word' id='word_1_10' title='bbox 438 512 543 571; x_wconf 88' lang='lat' dir='ltr'><strong>est,</strong></span> <span class='ocrx_word' id='word_1_11' title='bbox 574 501 719 574; x_wconf 89' lang='lat' dir='ltr'><strong>quod</strong></span> <span class='ocrx_word' id='word_1_12' title='bbox 748 499 1037 572; x_wconf 73' lang='lat' dir='ltr'><strong>Apostolus</strong></span> <span class='ocrx_word' id='word_1_13' title='bbox 1060 506 1424 570; x_wconf 67' lang='lat' dir='ltr'><strong>praeceperat:</strong></span> <span class='ocrx_word' id='word_1_14' title='bbox 1450 497 1774 554; x_wconf 63' lang='lat' dir='ltr'><strong>Hiereticum</strong></span> <span class='ocrx_word' id='word_1_15' title='bbox 1798 498 1887 552; x_wconf 82' lang='lat' dir='ltr'><strong>ho-</strong></span> <span class='ocrx_word' id='word_1_16' title='bbox 1914 500 1960 561; x_wconf 84' lang='lat' dir='ltr'><strong>A</strong></span> <span class='ocrx_word' id='word_1_17' title='bbox 1989 499 2111 556; x_wconf 90' lang='lat' dir='ltr'><strong>culo</strong></span> <span class='ocrx_word' id='word_1_18' title='bbox 2125 501 2486 561; x_wconf 87' lang='lat' dir='ltr'><strong>vulneratum.</strong></span> <span class='ocrx_word' id='word_1_19' title='bbox 2505 510 2560 557; x_wconf 87' lang='lat' dir='ltr'><strong>et</strong></span> <span class='ocrx_word' id='word_1_20' title='bbox 2579 502 2646 556; x_wconf 89' lang='lat' dir='ltr'><strong>ad</strong></span> <span class='ocrx_word' id='word_1_21' title='bbox 2659 501 3033 557; x_wconf 87' lang='lat' dir='ltr'><strong>fomicandum</strong></span> <span class='ocrx_word' id='word_1_22' title='bbox 3050 509 3324 573; x_wconf 87' lang='lat' dir='ltr'><strong>provocat.</strong></span> <span class='ocrx_word' id='word_1_23' title='bbox 3343 499 3565 572; x_wconf 67' lang='lat' dir='ltr'><strong>(Maus).</strong></span> 
     </span>
    </p>
   </div>
   <div class='ocr_carea' id='block_1_5' title="bbox 306 588 1887 667">
    <p class='ocr_par' dir='ltr' id='par_1_5' title="bbox 306 588 1887 667">
     <span class='ocr_line' id='line_1_5' title="bbox 306 588 1887 667; baseline -0.006 -16"><span class='ocrx_word' id='word_1_24' title='bbox 306 600 493 656; x_wconf 79' lang='lat' dir='ltr'><strong>minent</strong></span> <span class='ocrx_word' id='word_1_25' title='bbox 524 600 639 667; x_wconf 78' lang='lat' dir='ltr'><strong>post</strong></span> <span class='ocrx_word' id='word_1_26' title='bbox 670 609 831 648; x_wconf 87' lang='lat' dir='ltr'><strong>unam</strong></span> <span class='ocrx_word' id='word_1_27' title='bbox 855 602 1011 660; x_wconf 89' lang='lat' dir='ltr'><strong>atque</strong></span> <span class='ocrx_word' id='word_1_28' title='bbox 1030 589 1255 645; x_wconf 82' lang='lat' dir='ltr'><strong>alteram</strong></span> <span class='ocrx_word' id='word_1_29' title='bbox 1281 590 1657 660; x_wconf 81' lang='lat' dir='ltr'><strong>correptionem</strong></span> <span class='ocrx_word' id='word_1_30' title='bbox 1692 588 1887 655; x_wconf 72' lang='lat' dir='ltr'><strong>devita,</strong></span> 
     </span>
    </p>
   </div>
   <div class='ocr_carea' id='block_1_6' title="bbox 307 679 1888 755">
    <p class='ocr_par' dir='ltr' id='par_1_6' title="bbox 307 679 1888 755">
     <span class='ocr_line' id='line_1_6' title="bbox 307 679 1888 755; baseline -0.006 -11"><span class='ocrx_word' id='word_1_31' title='bbox 307 703 468 745; x_wconf 70' lang='lat' dir='ltr'><strong>nens</strong></span> <span class='ocrx_word' id='word_1_32' title='bbox 514 684 641 755; x_wconf 87' lang='lat' dir='ltr'><strong>quia</strong></span> <span class='ocrx_word' id='word_1_33' title='bbox 681 698 961 753; x_wconf 73' lang='lat' dir='ltr'><strong>perversus</strong></span> <span class='ocrx_word' id='word_1_34' title='bbox 995 681 1062 735; x_wconf 90' lang='lat' dir='ltr'><strong>sit</strong></span> <span class='ocrx_word' id='word_1_35' title='bbox 1100 679 1429 751; x_wconf 64' lang='lat' dir='ltr'><strong>huiusmodi,</strong></span> <span class='ocrx_word' id='word_1_36' title='bbox 1457 688 1506 734; x_wconf 86' lang='lat' dir='ltr'><strong>et</strong></span> <span class='ocrx_word' id='word_1_37' title='bbox 1532 696 1575 745; x_wconf 76' lang='grc' dir='ltr'><em>μ</em></span> <span class='ocrx_word' id='word_1_38' title='bbox 1614 680 1888 750; x_wconf 85' lang='lat' dir='ltr'><strong>semetipso</strong></span> 
     </span>
    </p>
   </div>
   <div class='ocr_carea' id='block_1_7' title="bbox 302 768 1889 847">
    <p class='ocr_par' dir='ltr' id='par_1_7' title="bbox 302 768 1889 847">
     <span class='ocr_line' id='line_1_7' title="bbox 302 768 1889 847; baseline -0.006 -14"><span class='ocrx_word' id='word_1_39' title='bbox 302 779 582 833; x_wconf 86' lang='lat' dir='ltr'><strong>damnatus</strong></span> <span class='ocrx_word' id='word_1_40' title='bbox 605 772 735 847; x_wconf 88' lang='lat' dir='ltr'><strong>(Tit.</strong></span> <span class='ocrx_word' id='word_1_41' title='bbox 763 772 870 839; x_wconf 87' lang='grc' dir='ltr'><strong>ιιι).</strong></span> <span class='ocrx_word' id='word_1_42' title='bbox 897 770 956 826; x_wconf 84' lang='lat' dir='ltr'><strong>In</strong></span> <span class='ocrx_word' id='word_1_43' title='bbox 980 771 1125 826; x_wconf 91' lang='lat' dir='ltr'><strong>hunc</strong></span> <span class='ocrx_word' id='word_1_44' title='bbox 1148 784 1368 826; x_wconf 83' lang='lat' dir='ltr'><strong>sensum</strong></span> <span class='ocrx_word' id='word_1_45' title='bbox 1382 768 1889 841; x_wconf 67' lang='lat' dir='ltr'><strong>Salvatorprazcipit</strong></span> 
     </span>
    </p>
   </div>
   <div class='ocr_carea' id='block_1_8' title="bbox 302 857 1889 934">
    <p class='ocr_par' dir='ltr' id='par_1_8' title="bbox 302 857 1889 934">
     <span class='ocr_line' id='line_1_8' title="bbox 302 857 1889 934; baseline -0.003 -12"><span class='ocrx_word' id='word_1_46' title='bbox 302 868 548 924; x_wconf 89' lang='lat' dir='ltr'><strong>doctores</strong></span> <span class='ocrx_word' id='word_1_47' title='bbox 560 859 1201 934; x_wconf 82' lang='lat' dir='ltr'><strong>pessimos&#39;dimittendos</strong></span> <span class='ocrx_word' id='word_1_48' title='bbox 1224 857 1450 916; x_wconf 89' lang='lat' dir='ltr'><strong>arbitrio</strong></span> <span class='ocrx_word' id='word_1_49' title='bbox 1469 874 1590 925; x_wconf 91' lang='lat' dir='ltr'><strong>suo,</strong></span> <span class='ocrx_word' id='word_1_50' title='bbox 1605 860 1785 916; x_wconf 88' lang='lat' dir='ltr'><strong>sciens</strong></span> <span class='ocrx_word' id='word_1_51' title='bbox 1794 875 1889 917; x_wconf 89' lang='lat' dir='ltr'><strong>eos</strong></span> 
     </span>
    </p>
   </div>
   <div class='ocr_carea' id='block_1_9' title="bbox 300 945 1888 1032">
    <p class='ocr_par' dir='ltr' id='par_1_9' title="bbox 300 945 1888 1032">
     <span class='ocr_line' id='line_1_9' title="bbox 300 945 1888 1032; baseline -0.005 -21"><span class='ocrx_word' id='word_1_52' title='bbox 300 953 584 1032; x_wconf 76' lang='lat' dir='ltr'><strong>difﬁculter</strong></span> <span class='ocrx_word' id='word_1_53' title='bbox 611 951 679 1007; x_wconf 88' lang='lat' dir='ltr'><strong>ad</strong></span> <span class='ocrx_word' id='word_1_54' title='bbox 703 950 988 1006; x_wconf 74' lang='lat' dir='ltr'><strong>veritatem</strong></span> <span class='ocrx_word' id='word_1_55' title='bbox 1022 963 1182 1019; x_wconf 84' lang='lat' dir='ltr'><strong>posse</strong></span> <span class='ocrx_word' id='word_1_56' title='bbox 1207 945 1436 1014; x_wconf 92' lang='lat' dir='ltr'><strong>retrahi,</strong></span> <span class='ocrx_word' id='word_1_57' title='bbox 1469 962 1647 1003; x_wconf 69' lang='lat' dir='ltr'><strong>caecos</strong></span> <span class='ocrx_word' id='word_1_58' title='bbox 1687 961 1809 1003; x_wconf 87' lang='lat' dir='ltr'><strong>esse</strong></span> <span class='ocrx_word' id='word_1_59' title='bbox 1833 956 1888 1003; x_wconf 91' lang='lat' dir='ltr'><strong>et</strong></span> 
     </span>
    </p>
   </div>
   <div class='ocr_carea' id='block_1_10' title="bbox 298 1036 1885 1113">
    <p class='ocr_par' dir='ltr' id='par_1_10' title="bbox 298 1036 1885 1113">
     <span class='ocr_line' id='line_1_10' title="bbox 298 1036 1885 1113; baseline -0.005 -12"><span class='ocrx_word' id='word_1_60' title='bbox 298 1059 503 1102; x_wconf 72' lang='lat' dir='ltr'><strong>aecum</strong></span> <span class='ocrx_word' id='word_1_61' title='bbox 527 1041 781 1113; x_wconf 87' lang='lat' dir='ltr'><strong>populum</strong></span> <span class='ocrx_word' id='word_1_62' title='bbox 812 1040 867 1095; x_wconf 92' lang='lat' dir='ltr'><strong>in</strong></span> <span class='ocrx_word' id='word_1_63' title='bbox 888 1052 1132 1095; x_wconf 88' lang='lat' dir='ltr'><strong>errorem</strong></span> <span class='ocrx_word' id='word_1_64' title='bbox 1186 1036 1424 1093; x_wconf 89' lang='lat' dir='ltr'><strong>trahere.</strong></span> <span class='ocrx_word' id='word_1_65' title='bbox 1467 1036 1701 1112; x_wconf 58' lang='lat' dir='ltr'><strong>(Meum)</strong></span> <span class='ocrx_word' id='word_1_66' title='bbox 1745 1036 1885 1094; x_wconf 63' lang='lat' dir='ltr'><strong>Caeci</strong></span> 
     </span>
    </p>
   </div>
   <div class='ocr_carea' id='block_1_11' title="bbox 296 1128 1884 1208">
    <p class='ocr_par' dir='ltr' id='par_1_11' title="bbox 296 1128 1884 1208">
     <span class='ocr_line' id='line_1_11' title="bbox 296 1128 1884 1208; baseline -0.007 -15"><span class='ocrx_word' id='word_1_67' title='bbox 296 1152 427 1208; x_wconf 91' lang='lat' dir='ltr'><strong>ergo</strong></span> <span class='ocrx_word' id='word_1_68' title='bbox 449 1134 666 1191; x_wconf 76' lang='lat' dir='ltr'><strong>fuerant</strong></span> <span class='ocrx_word' id='word_1_69' title='bbox 684 1131 965 1196; x_wconf 71' lang='lat' dir='ltr'><strong>Pharisaei,</strong></span> <span class='ocrx_word' id='word_1_70' title='bbox 984 1130 1111 1200; x_wconf 87' lang='lat' dir='ltr'><strong>quia</strong></span> <span class='ocrx_word' id='word_1_71' title='bbox 1134 1128 1451 1185; x_wconf 88' lang='lat' dir='ltr'><strong>tenebrosas</strong></span> <span class='ocrx_word' id='word_1_72' title='bbox 1478 1129 1756 1186; x_wconf 86' lang='lat' dir='ltr'><strong>hominum</strong></span> <span class='ocrx_word' id='word_1_73' title='bbox 1772 1138 1884 1184; x_wconf 90' lang='lat' dir='ltr'><strong>tra—</strong></span> 
     </span>
    </p>
   </div>
   <div class='ocr_carea' id='block_1_12' title="bbox 297 1217 1884 1289">
    <p class='ocr_par' dir='ltr' id='par_1_12' title="bbox 297 1217 1884 1289">
     <span class='ocr_line' id='line_1_12' title="bbox 297 1217 1884 1289; baseline -0.006 -9"><span class='ocrx_word' id='word_1_74' title='bbox 297 1223 531 1281; x_wconf 88' lang='lat' dir='ltr'><strong>ditiones</strong></span> <span class='ocrx_word' id='word_1_75' title='bbox 558 1221 933 1287; x_wconf 80' lang='lat' dir='ltr'><strong>observantes,</strong></span> <span class='ocrx_word' id='word_1_76' title='bbox 957 1218 1136 1274; x_wconf 90' lang='lat' dir='ltr'><strong>lucem</strong></span> <span class='ocrx_word' id='word_1_77' title='bbox 1162 1217 1543 1273; x_wconf 85' lang='lat' dir='ltr'><strong>mandatorum</strong></span> <span class='ocrx_word' id='word_1_78' title='bbox 1594 1217 1689 1273; x_wconf 86' lang='lat' dir='ltr'><strong>Dei</strong></span> <span class='ocrx_word' id='word_1_79' title='bbox 1724 1232 1884 1289; x_wconf 87' lang='lat' dir='ltr'><strong>quam</strong></span> 
     </span>
    </p>
   </div>
   <div class='ocr_carea' id='block_1_13' title="bbox 296 1306 1887 1383">
    <p class='ocr_par' dir='ltr' id='par_1_13' title="bbox 296 1306 1887 1383">
     <span class='ocr_line' id='line_1_13' title="bbox 296 1306 1887 1383; baseline -0.005 -13"><span class='ocrx_word' id='word_1_80' title='bbox 296 1312 581 1370; x_wconf 83' lang='lat' dir='ltr'><strong>Psalmista</strong></span> <span class='ocrx_word' id='word_1_81' title='bbox 612 1308 887 1383; x_wconf 81' lang='lat' dir='ltr'><strong>professus</strong></span> <span class='ocrx_word' id='word_1_82' title='bbox 905 1316 989 1365; x_wconf 90' lang='lat' dir='ltr'><strong>est</strong></span> <span class='ocrx_word' id='word_1_83' title='bbox 1011 1308 1226 1365; x_wconf 89' lang='lat' dir='ltr'><strong>dicens:</strong></span> <span class='ocrx_word' id='word_1_84' title='bbox 1256 1306 1498 1363; x_wconf 86' lang='lat' dir='ltr'><strong>Lucerna</strong></span> <span class='ocrx_word' id='word_1_85' title='bbox 1510 1307 1736 1379; x_wconf 81' lang='lat' dir='ltr'><strong>&#39;pedibus</strong></span> <span class='ocrx_word' id='word_1_86' title='bbox 1760 1308 1887 1362; x_wconf 88' lang='lat' dir='ltr'><strong>meis</strong></span> 
     </span>
    </p>
   </div>
   <div class='ocr_carea' id='block_1_14' title="bbox 297 1398 1883 1472">
    <p class='ocr_par' dir='ltr' id='par_1_14' title="bbox 297 1398 1883 1472">
     <span class='ocr_line' id='line_1_14' title="bbox 297 1398 1883 1472; baseline -0.006 -9"><span class='ocrx_word' id='word_1_87' title='bbox 297 1406 506 1464; x_wconf 77' lang='lat' dir='ltr'><strong>verbum</strong></span> <span class='ocrx_word' id='word_1_88' title='bbox 528 1414 699 1471; x_wconf 85' lang='lat' dir='ltr'><strong>tuum,</strong></span> <span class='ocrx_word' id='word_1_89' title='bbox 735 1402 978 1469; x_wconf 78' lang='lat' dir='ltr'><strong>Domino,</strong></span> <span class='ocrx_word' id='word_1_90' title='bbox 1004 1410 1054 1457; x_wconf 90' lang='lat' dir='ltr'><strong>et</strong></span> <span class='ocrx_word' id='word_1_91' title='bbox 1078 1400 1255 1456; x_wconf 84' lang='lat' dir='ltr'><strong>lumen</strong></span> <span class='ocrx_word' id='word_1_92' title='bbox 1273 1401 1473 1464; x_wconf 84' lang='lat' dir='ltr'><strong>semitis</strong></span> <span class='ocrx_word' id='word_1_93' title='bbox 1525 1401 1655 1456; x_wconf 88' lang='lat' dir='ltr'><strong>meis</strong></span> <span class='ocrx_word' id='word_1_94' title='bbox 1710 1398 1883 1472; x_wconf 89' lang='lat' dir='ltr'><strong>(Psal.</strong></span> 
     </span>
    </p>
   </div>
   <div class='ocr_carea' id='block_1_15' title="bbox 295 1489 1886 1567">
    <p class='ocr_par' dir='ltr' id='par_1_15' title="bbox 295 1489 1886 1567">
     <span class='ocr_line' id='line_1_15' title="bbox 295 1489 1886 1567; baseline -0.004 -14"><span class='ocrx_word' id='word_1_95' title='bbox 295 1495 614 1567; x_wconf 68' lang='lat' dir='ltr'><strong>annm&quot;).</strong></span> <span class='ocrx_word' id='word_1_96' title='bbox 634 1493 787 1559; x_wconf 85' lang='lat' dir='ltr'><strong>Hanc</strong></span> <span class='ocrx_word' id='word_1_97' title='bbox 799 1493 899 1566; x_wconf 89' lang='lat' dir='ltr'><strong>ipsi</strong></span> <span class='ocrx_word' id='word_1_98' title='bbox 921 1507 1030 1550; x_wconf 90' lang='lat' dir='ltr'><strong>non</strong></span> <span class='ocrx_word' id='word_1_99' title='bbox 1042 1491 1545 1556; x_wconf 85' lang='lat' dir='ltr'><strong>consideravorunt,</strong></span> <span class='ocrx_word' id='word_1_100' title='bbox 1566 1500 1621 1545; x_wconf 87' lang='lat' dir='ltr'><strong>et</strong></span> <span class='ocrx_word' id='word_1_101' title='bbox 1642 1489 1764 1546; x_wconf 92' lang='lat' dir='ltr'><strong>ideo</strong></span> <span class='ocrx_word' id='word_1_102' title='bbox 1779 1507 1886 1547; x_wconf 92' lang='lat' dir='ltr'><strong>non</strong></span> 
     </span>
    </p>
   </div>
   <div class='ocr_carea' id='block_1_16' title="bbox 296 1580 1884 1651">
    <p class='ocr_par' dir='ltr' id='par_1_16' title="bbox 296 1580 1884 1651">
     <span class='ocr_line' id='line_1_16' title="bbox 296 1580 1884 1651; baseline -0.004 -8"><span class='ocrx_word' id='word_1_103' title='bbox 296 1586 474 1643; x_wconf 90' lang='lat' dir='ltr'><strong>solum</strong></span> <span class='ocrx_word' id='word_1_104' title='bbox 504 1585 654 1651; x_wconf 66' lang='lat' dir='ltr'><strong>caeci,</strong></span> <span class='ocrx_word' id='word_1_105' title='bbox 682 1584 779 1640; x_wconf 90' lang='lat' dir='ltr'><strong>sed</strong></span> <span class='ocrx_word' id='word_1_106' title='bbox 805 1591 862 1639; x_wconf 92' lang='lat' dir='ltr'><strong>et</strong></span> <span class='ocrx_word' id='word_1_107' title='bbox 887 1583 1054 1640; x_wconf 89' lang='lat' dir='ltr'><strong>duces</strong></span> <span class='ocrx_word' id='word_1_108' title='bbox 1091 1596 1359 1637; x_wconf 67' lang='lat' dir='ltr'><strong>morum</strong></span> <span class='ocrx_word' id='word_1_109' title='bbox 1390 1580 1587 1637; x_wconf 89' lang='lat' dir='ltr'><strong>merito</strong></span> <span class='ocrx_word' id='word_1_110' title='bbox 1611 1580 1884 1636; x_wconf 91' lang='lat' dir='ltr'><strong>dicuntur.</strong></span> 
     </span>
    </p>
   </div>
   <div class='ocr_carea' id='block_1_17' title="bbox 296 1668 1889 1745">
    <p class='ocr_par' dir='ltr' id='par_1_17' title="bbox 296 1668 1889 1745">
     <span class='ocr_line' id='line_1_17' title="bbox 296 1668 1889 1745; baseline -0.007 -12"><span class='ocrx_word' id='word_1_111' title='bbox 296 1676 437 1745; x_wconf 85' lang='lat' dir='ltr'><strong>Quia</strong></span> <span class='ocrx_word' id='word_1_112' title='bbox 496 1674 633 1731; x_wconf 82' lang='lat' dir='ltr'><strong>tales</strong></span> <span class='ocrx_word' id='word_1_113' title='bbox 677 1688 785 1729; x_wconf 92' lang='lat' dir='ltr'><strong>non</strong></span> <span class='ocrx_word' id='word_1_114' title='bbox 823 1672 999 1730; x_wconf 88' lang='lat' dir='ltr'><strong>solum</strong></span> <span class='ocrx_word' id='word_1_115' title='bbox 1053 1670 1156 1728; x_wconf 87' lang='lat' dir='ltr'><strong>sibi</strong></span> <span class='ocrx_word' id='word_1_116' title='bbox 1190 1685 1260 1726; x_wconf 88' lang='lat' dir='ltr'><strong>ne</strong></span> <span class='ocrx_word' id='word_1_117' title='bbox 1283 1670 1339 1725; x_wconf 92' lang='lat' dir='ltr'><strong>in</strong></span> <span class='ocrx_word' id='word_1_118' title='bbox 1370 1668 1621 1740; x_wconf 86' lang='lat' dir='ltr'><strong>laqueum</strong></span> <span class='ocrx_word' id='word_1_119' title='bbox 1648 1669 1889 1725; x_wconf 88' lang='lat' dir='ltr'><strong>incidant</strong></span> 
     </span>
    </p>
   </div>
   <div class='ocr_carea' id='block_1_18' title="bbox 293 1752 1888 1841">
    <p class='ocr_par' dir='ltr' id='par_1_18' title="bbox 293 1752 1888 1841">
     <span class='ocr_line' id='line_1_18' title="bbox 293 1752 1888 1841; baseline -0.006 -15"><span class='ocrx_word' id='word_1_120' title='bbox 293 1769 655 1841; x_wconf 86' lang='lat' dir='ltr'><strong>prospiciunt,</strong></span> <span class='ocrx_word' id='word_1_121' title='bbox 691 1766 784 1824; x_wconf 88' lang='lat' dir='ltr'><strong>sed</strong></span> <span class='ocrx_word' id='word_1_122' title='bbox 816 1767 982 1824; x_wconf 88' lang='lat' dir='ltr'><strong>etiam</strong></span> <span class='ocrx_word' id='word_1_123' title='bbox 1011 1765 1116 1821; x_wconf 86' lang='lat' dir='ltr'><strong>sibi</strong></span> <span class='ocrx_word' id='word_1_124' title='bbox 1144 1752 1506 1837; x_wconf 79' lang='lat' dir='ltr'><strong>obsequentes</strong></span> <span class='ocrx_word' id='word_1_125' title='bbox 1545 1763 1600 1818; x_wconf 95' lang='lat' dir='ltr'><strong>in</strong></span> <span class='ocrx_word' id='word_1_126' title='bbox 1641 1762 1888 1834; x_wconf 77' lang='lat' dir='ltr'><strong>praecipi-</strong></span> 
     </span>
    </p>
   </div>
   <div class='ocr_carea' id='block_1_19' title="bbox 296 1856 1128 1917">
    <p class='ocr_par' dir='ltr' id='par_1_19' title="bbox 296 1856 1128 1917">
     <span class='ocr_line' id='line_1_19' title="bbox 296 1856 1128 1917; baseline -0.005 -2"><span class='ocrx_word' id='word_1_127' title='bbox 296 1861 434 1917; x_wconf 87' lang='lat' dir='ltr'><strong>tium</strong></span> <span class='ocrx_word' id='word_1_128' title='bbox 456 1860 647 1916; x_wconf 88' lang='lat' dir='ltr'><strong>mortis</strong></span> <span class='ocrx_word' id='word_1_129' title='bbox 672 1872 856 1915; x_wconf 88' lang='lat' dir='ltr'><strong>secum</strong></span> <span class='ocrx_word' id='word_1_130' title='bbox 885 1856 1128 1912; x_wconf 90' lang='lat' dir='ltr'><strong>trahunt.</strong></span> 
     </span>
    </p>
   </div>
   <div class='ocr_carea' id='block_1_20' title="bbox 368 1927 1889 2024">
    <p class='ocr_par' dir='ltr' id='par_1_20' title="bbox 368 1927 1889 2024">
     <span class='ocr_line' id='line_1_20' title="bbox 368 1927 1889 2024; baseline -0.007 -17"><span class='ocrx_word' id='word_1_131' title='bbox 368 1950 712 2024; x_wconf 78' lang='lat' dir='ltr'><strong>Respondeas</strong></span> <span class='ocrx_word' id='word_1_132' title='bbox 723 1958 902 2005; x_wconf 90' lang='lat' dir='ltr'><strong>autem</strong></span> <span class='ocrx_word' id='word_1_133' title='bbox 914 1927 1108 2003; x_wconf 63' lang='lat' dir='ltr'><strong>Petrus</strong></span> <span class='ocrx_word' id='word_1_134' title='bbox 1122 1947 1254 2001; x_wconf 71' lang='lat' dir='ltr'><strong>dixit</strong></span> <span class='ocrx_word' id='word_1_135' title='bbox 1274 1946 1323 2001; x_wconf 89' lang='lat' dir='ltr'><strong>ei</strong></span> <span class='ocrx_word' id='word_1_136' title='bbox 1337 1961 1355 2000; x_wconf 92' lang='lat'><strong><em>:</em></strong></span> <span class='ocrx_word' id='word_1_137' title='bbox 1375 1944 1624 2001; x_wconf 75' lang='lat' dir='ltr'><strong>Edissere</strong></span> <span class='ocrx_word' id='word_1_138' title='bbox 1638 1943 1785 1999; x_wconf 84' lang='lat' dir='ltr'><strong>nobis</strong></span> <span class='ocrx_word' id='word_1_139' title='bbox 1797 1959 1889 2014; x_wconf 88' lang='lat' dir='ltr'><strong>pa-</strong></span> 
     </span>
    </p>
   </div>
   <div class='ocr_carea' id='block_1_21' title="bbox 294 2031 1896 2107">
    <p class='ocr_par' dir='ltr' id='par_1_21' title="bbox 294 2031 1896 2107">
     <span class='ocr_line' id='line_1_21' title="bbox 294 2031 1896 2107; baseline -0.006 -13"><span class='ocrx_word' id='word_1_140' title='bbox 294 2040 538 2097; x_wconf 82' lang='lat' dir='ltr'><strong>rabolam</strong></span> <span class='ocrx_word' id='word_1_141' title='bbox 553 2041 729 2107; x_wconf 74' lang='lat' dir='ltr'><strong>istam.</strong></span> <span class='ocrx_word' id='word_1_142' title='bbox 750 2039 816 2094; x_wconf 80' lang='lat' dir='ltr'><strong>At</strong></span> <span class='ocrx_word' id='word_1_143' title='bbox 836 2037 925 2094; x_wconf 80' lang='lat' dir='ltr'><strong>ille</strong></span> <span class='ocrx_word' id='word_1_144' title='bbox 938 2037 1071 2093; x_wconf 67' lang='lat' dir='ltr'><strong>dixit</strong></span> <span class='ocrx_word' id='word_1_145' title='bbox 1085 2053 1104 2091; x_wconf 91' lang='lat'><strong><em>:</em></strong></span> <span class='ocrx_word' id='word_1_146' title='bbox 1129 2035 1314 2090; x_wconf 81' lang='lat' dir='ltr'><strong>Adhuc</strong></span> <span class='ocrx_word' id='word_1_147' title='bbox 1324 2042 1374 2090; x_wconf 91' lang='lat' dir='ltr'><strong>et</strong></span> <span class='ocrx_word' id='word_1_148' title='bbox 1394 2050 1481 2090; x_wconf 80' lang='lat' dir='ltr'><strong>vos</strong></span> <span class='ocrx_word' id='word_1_149' title='bbox 1493 2034 1604 2089; x_wconf 84' lang='lat' dir='ltr'><strong>sine</strong></span> <span class='ocrx_word' id='word_1_150' title='bbox 1624 2031 1896 2088; x_wconf 77' lang='lat' dir='ltr'><strong>intellectu</strong></span> 
     </span>
    </p>
   </div>
   <div class='ocr_carea' id='block_1_22' title="bbox 292 2124 1887 2203">
    <p class='ocr_par' dir='ltr' id='par_1_22' title="bbox 292 2124 1887 2203">
     <span class='ocr_line' id='line_1_22' title="bbox 292 2124 1887 2203; baseline -0.004 -18"><span class='ocrx_word' id='word_1_151' title='bbox 292 2130 464 2185; x_wconf 82' lang='lat' dir='ltr'><strong>estis?</strong></span> <span class='ocrx_word' id='word_1_152' title='bbox 484 2127 757 2203; x_wconf 69' lang='lat' dir='ltr'><strong>(Hierom)</strong></span> <span class='ocrx_word' id='word_1_153' title='bbox 784 2127 938 2197; x_wconf 87' lang='lat' dir='ltr'><strong>Quod</strong></span> <span class='ocrx_word' id='word_1_154' title='bbox 965 2135 1153 2198; x_wconf 89' lang='lat' dir='ltr'><strong>aperte</strong></span> <span class='ocrx_word' id='word_1_155' title='bbox 1173 2125 1378 2182; x_wconf 91' lang='lat' dir='ltr'><strong>dictum</strong></span> <span class='ocrx_word' id='word_1_156' title='bbox 1411 2124 1588 2181; x_wconf 85' lang='lat' dir='ltr'><strong>fuerat</strong></span> <span class='ocrx_word' id='word_1_157' title='bbox 1629 2132 1686 2181; x_wconf 90' lang='lat' dir='ltr'><strong>et</strong></span> <span class='ocrx_word' id='word_1_158' title='bbox 1730 2131 1887 2195; x_wconf 89' lang='lat' dir='ltr'><strong>pate-</strong></span> 
     </span>
    </p>
   </div>
   <div class='ocr_carea' id='block_1_23' title="bbox 293 2214 1890 2288">
    <p class='ocr_par' dir='ltr' id='par_1_23' title="bbox 293 2214 1890 2288">
     <span class='ocr_line' id='line_1_23' title="bbox 293 2214 1890 2288; baseline -0.006 -11"><span class='ocrx_word' id='word_1_159' title='bbox 293 2220 392 2277; x_wconf 85' lang='lat' dir='ltr'><strong>bat</strong></span> <span class='ocrx_word' id='word_1_160' title='bbox 411 2218 642 2286; x_wconf 91' lang='lat' dir='ltr'><strong>auditui,</strong></span> <span class='ocrx_word' id='word_1_161' title='bbox 664 2216 908 2288; x_wconf 82' lang='lat' dir='ltr'><strong>Apostoli</strong></span> <span class='ocrx_word' id='word_1_162' title='bbox 927 2231 1024 2288; x_wconf 81' lang='lat' dir='ltr'><strong>per</strong></span> <span class='ocrx_word' id='word_1_163' title='bbox 1045 2214 1362 2287; x_wconf 89' lang='lat' dir='ltr'><strong>parabolam</strong></span> <span class='ocrx_word' id='word_1_164' title='bbox 1387 2214 1594 2271; x_wconf 92' lang='lat' dir='ltr'><strong>dictum</strong></span> <span class='ocrx_word' id='word_1_165' title='bbox 1620 2220 1816 2285; x_wconf 92' lang='lat' dir='ltr'><strong>putant</strong></span> <span class='ocrx_word' id='word_1_166' title='bbox 1833 2220 1890 2283; x_wconf 87' lang='lat' dir='ltr'><strong>et</strong></span> 
     </span>
    </p>
   </div>
   <div class='ocr_carea' id='block_1_24' title="bbox 295 2302 1889 2380">
    <p class='ocr_par' dir='ltr' id='par_1_24' title="bbox 295 2302 1889 2380">
     <span class='ocr_line' id='line_1_24' title="bbox 295 2302 1889 2380; baseline -0.006 -14"><span class='ocrx_word' id='word_1_167' title='bbox 295 2312 354 2366; x_wconf 91' lang='lat' dir='ltr'><strong>in</strong></span> <span class='ocrx_word' id='word_1_168' title='bbox 412 2326 474 2367; x_wconf 90' lang='lat' dir='ltr'><strong>re</strong></span> <span class='ocrx_word' id='word_1_169' title='bbox 520 2307 809 2365; x_wconf 87' lang='lat' dir='ltr'><strong>manifesta</strong></span> <span class='ocrx_word' id='word_1_170' title='bbox 861 2306 1152 2380; x_wconf 85' lang='lat' dir='ltr'><strong>mysticam</strong></span> <span class='ocrx_word' id='word_1_171' title='bbox 1183 2312 1435 2377; x_wconf 70' lang='lat' dir='ltr'><strong>quaerunt</strong></span> <span class='ocrx_word' id='word_1_172' title='bbox 1457 2302 1889 2374; x_wconf 69' lang='lat' dir='ltr'><strong>intelligentiam,</strong></span> 
     </span>
    </p>
   </div>
   <div class='ocr_carea' id='block_1_25' title="bbox 295 2392 1891 2472">
    <p class='ocr_par' dir='ltr' id='par_1_25' title="bbox 295 2392 1891 2472">
     <span class='ocr_line' id='line_1_25' title="bbox 295 2392 1891 2472; baseline -0.008 -14"><span class='ocrx_word' id='word_1_173' title='bbox 295 2400 779 2472; x_wconf 88' lang='lat' dir='ltr'><strong>corripiunturque</strong></span> <span class='ocrx_word' id='word_1_174' title='bbox 807 2413 839 2453; x_wconf 91' lang='lat' dir='ltr'><strong>a</strong></span> <span class='ocrx_word' id='word_1_175' title='bbox 868 2396 1120 2463; x_wconf 88' lang='lat' dir='ltr'><strong>Domino,</strong></span> <span class='ocrx_word' id='word_1_176' title='bbox 1146 2410 1317 2466; x_wconf 90' lang='lat' dir='ltr'><strong>quare</strong></span> <span class='ocrx_word' id='word_1_177' title='bbox 1346 2393 1657 2465; x_wconf 87' lang='lat' dir='ltr'><strong>parabolice</strong></span> <span class='ocrx_word' id='word_1_178' title='bbox 1685 2392 1891 2449; x_wconf 89' lang='lat' dir='ltr'><strong>dictum</strong></span> 
     </span>
    </p>
   </div>
   <div class='ocr_carea' id='block_1_26' title="bbox 282 2483 1896 2563">
    <p class='ocr_par' dir='ltr' id='par_1_26' title="bbox 282 2483 1896 2563">
     <span class='ocr_line' id='line_1_26' title="bbox 282 2483 1896 2563; baseline -0.007 -15"><span class='ocrx_word' id='word_1_179' title='bbox 282 2498 517 2563; x_wconf 79' lang='lat' dir='ltr'><strong>.putant,</strong></span> <span class='ocrx_word' id='word_1_180' title='bbox 533 2491 677 2563; x_wconf 90' lang='lat' dir='ltr'><strong>quod</strong></span> <span class='ocrx_word' id='word_1_181' title='bbox 690 2489 975 2561; x_wconf 87' lang='lat' dir='ltr'><strong>perspicue</strong></span> <span class='ocrx_word' id='word_1_182' title='bbox 996 2488 1209 2545; x_wconf 91' lang='lat' dir='ltr'><strong>locutus</strong></span> <span class='ocrx_word' id='word_1_183' title='bbox 1220 2493 1322 2542; x_wconf 90' lang='lat' dir='ltr'><strong>est.</strong></span> <span class='ocrx_word' id='word_1_184' title='bbox 1342 2485 1422 2541; x_wconf 81' lang='lat' dir='ltr'><strong>Ex</strong></span> <span class='ocrx_word' id='word_1_185' title='bbox 1434 2500 1544 2557; x_wconf 92' lang='lat' dir='ltr'><strong>quo</strong></span> <span class='ocrx_word' id='word_1_186' title='bbox 1558 2483 1896 2540; x_wconf 87' lang='lat' dir='ltr'><strong>animadver-</strong></span> 
     </span>
    </p>
   </div>
   <div class='ocr_carea' id='block_1_27' title="bbox 295 2576 1892 2649">
    <p class='ocr_par' dir='ltr' id='par_1_27' title="bbox 295 2576 1892 2649">
     <span class='ocr_line' id='line_1_27' title="bbox 295 2576 1892 2649; baseline -0.006 -8"><span class='ocrx_word' id='word_1_187' title='bbox 295 2584 468 2641; x_wconf 85' lang='lat' dir='ltr'><strong>timus</strong></span> <span class='ocrx_word' id='word_1_188' title='bbox 503 2582 759 2640; x_wconf 88' lang='lat' dir='ltr'><strong>vitiosum</strong></span> <span class='ocrx_word' id='word_1_189' title='bbox 788 2594 907 2637; x_wconf 89' lang='lat' dir='ltr'><strong>esse</strong></span> <span class='ocrx_word' id='word_1_190' title='bbox 941 2577 1266 2645; x_wconf 88' lang='lat' dir='ltr'><strong>auditorem,</strong></span> <span class='ocrx_word' id='word_1_191' title='bbox 1294 2576 1387 2649; x_wconf 87' lang='lat' dir='ltr'><strong>qui</strong></span> <span class='ocrx_word' id='word_1_192' title='bbox 1408 2577 1643 2633; x_wconf 89' lang='lat' dir='ltr'><strong>obscura</strong></span> <span class='ocrx_word' id='word_1_193' title='bbox 1662 2576 1892 2633; x_wconf 89' lang='lat' dir='ltr'><strong>manife-</strong></span> 
     </span>
    </p>
   </div>
   <div class='ocr_carea' id='block_1_28' title="bbox 294 2668 1783 2741">
    <p class='ocr_par' dir='ltr' id='par_1_28' title="bbox 294 2668 1783 2741">
     <span class='ocr_line' id='line_1_28' title="bbox 294 2668 1783 2741; baseline -0.005 -10"><span class='ocrx_word' id='word_1_194' title='bbox 294 2682 409 2741; x_wconf 87' lang='lat' dir='ltr'><strong>ste,</strong></span> <span class='ocrx_word' id='word_1_195' title='bbox 435 2681 530 2729; x_wconf 90' lang='lat' dir='ltr'><strong>aut</strong></span> <span class='ocrx_word' id='word_1_196' title='bbox 552 2670 842 2728; x_wconf 79' lang='lat' dir='ltr'><strong>manifeste</strong></span> <span class='ocrx_word' id='word_1_197' title='bbox 863 2670 1009 2726; x_wconf 88' lang='lat' dir='ltr'><strong>dicta</strong></span> <span class='ocrx_word' id='word_1_198' title='bbox 1036 2670 1270 2726; x_wconf 89' lang='lat' dir='ltr'><strong>obscure</strong></span> <span class='ocrx_word' id='word_1_199' title='bbox 1300 2668 1433 2725; x_wconf 82' lang='lat' dir='ltr'><strong>velit</strong></span> <span class='ocrx_word' id='word_1_200' title='bbox 1460 2668 1783 2740; x_wconf 78' lang='lat' dir='ltr'><strong>intelligere.</strong></span> 
     </span>
    </p>
   </div>
   <div class='ocr_carea' id='block_1_29' title="bbox 364 2758 1895 2836">
    <p class='ocr_par' dir='ltr' id='par_1_29' title="bbox 364 2758 1895 2836">
     <span class='ocr_line' id='line_1_29' title="bbox 364 2758 1895 2836; baseline -0.004 -15"><span class='ocrx_word' id='word_1_201' title='bbox 364 2758 504 2822; x_wconf 82' lang='lat' dir='ltr'><strong>Non</strong></span> <span class='ocrx_word' id='word_1_202' title='bbox 527 2763 843 2836; x_wconf 84' lang='lat' dir='ltr'><strong>intelligitis,</strong></span> <span class='ocrx_word' id='word_1_203' title='bbox 875 2764 1003 2836; x_wconf 84' lang='lat' dir='ltr'><strong>quia</strong></span> <span class='ocrx_word' id='word_1_204' title='bbox 1029 2778 1182 2818; x_wconf 90' lang='lat' dir='ltr'><strong>omne</strong></span> <span class='ocrx_word' id='word_1_205' title='bbox 1201 2761 1342 2834; x_wconf 90' lang='lat' dir='ltr'><strong>quod</strong></span> <span class='ocrx_word' id='word_1_206' title='bbox 1363 2761 1420 2816; x_wconf 88' lang='lat' dir='ltr'><strong>in</strong></span> <span class='ocrx_word' id='word_1_207' title='bbox 1440 2777 1499 2816; x_wconf 91' lang='lat' dir='ltr'><strong>os</strong></span> <span class='ocrx_word' id='word_1_208' title='bbox 1523 2760 1688 2816; x_wconf 81' lang='lat' dir='ltr'><strong>intrat</strong></span> <span class='ocrx_word' id='word_1_209' title='bbox 1711 2760 1767 2815; x_wconf 89' lang='lat' dir='ltr'><strong>in</strong></span> <span class='ocrx_word' id='word_1_210' title='bbox 1779 2776 1895 2816; x_wconf 80' lang='lat' dir='ltr'><strong>ocn-</strong></span> 
     </span>
    </p>
   </div>
   <div class='ocr_carea' id='block_1_30' title="bbox 295 2853 1896 2917">
    <p class='ocr_par' dir='ltr' id='par_1_30' title="bbox 295 2853 1896 2917">
     <span class='ocr_line' id='line_1_30' title="bbox 295 2853 1896 2917; baseline -0.004 -2"><span class='ocrx_word' id='word_1_211' title='bbox 295 2870 437 2917; x_wconf 90' lang='lat' dir='ltr'><strong>trem</strong></span> <span class='ocrx_word' id='word_1_212' title='bbox 473 2859 614 2915; x_wconf 82' lang='lat' dir='ltr'><strong>vadit</strong></span> <span class='ocrx_word' id='word_1_213' title='bbox 640 2866 688 2913; x_wconf 87' lang='lat' dir='ltr'><strong>et</strong></span> <span class='ocrx_word' id='word_1_214' title='bbox 714 2858 769 2913; x_wconf 89' lang='lat' dir='ltr'><strong>in</strong></span> <span class='ocrx_word' id='word_1_215' title='bbox 797 2873 1055 2914; x_wconf 78' lang='lat' dir='ltr'><strong>secessum</strong></span> <span class='ocrx_word' id='word_1_216' title='bbox 1084 2854 1378 2912; x_wconf 75' lang='lat' dir='ltr'><strong>emittitur?</strong></span> <span class='ocrx_word' id='word_1_217' title='bbox 1429 2853 1687 2911; x_wconf 85' lang='lat' dir='ltr'><strong>Omnium</strong></span> <span class='ocrx_word' id='word_1_218' title='bbox 1728 2867 1896 2909; x_wconf 87' lang='lat' dir='ltr'><strong>evan-</strong></span> 
     </span>
    </p>
   </div>
   <div class='ocr_carea' id='block_1_31' title="bbox 296 2946 1896 3025">
    <p class='ocr_par' dir='ltr' id='par_1_31' title="bbox 296 2946 1896 3025">
     <span class='ocr_line' id='line_1_31' title="bbox 296 2946 1896 3025; baseline -0.006 -16"><span class='ocrx_word' id='word_1_219' title='bbox 296 2952 567 3025; x_wconf 87' lang='lat' dir='ltr'><strong>geliorum</strong></span> <span class='ocrx_word' id='word_1_220' title='bbox 590 2951 707 3008; x_wconf 90' lang='lat' dir='ltr'><strong>loca</strong></span> <span class='ocrx_word' id='word_1_221' title='bbox 731 2949 876 3022; x_wconf 89' lang='lat' dir='ltr'><strong>apud</strong></span> <span class='ocrx_word' id='word_1_222' title='bbox 894 2949 1180 3006; x_wconf 67' lang='lat' dir='ltr'><strong>haereticos</strong></span> <span class='ocrx_word' id='word_1_223' title='bbox 1199 2956 1255 3004; x_wconf 90' lang='lat' dir='ltr'><strong>et</strong></span> <span class='ocrx_word' id='word_1_224' title='bbox 1274 2961 1563 3020; x_wconf 84' lang='lat' dir='ltr'><strong>perversos</strong></span> <span class='ocrx_word' id='word_1_225' title='bbox 1589 2946 1749 3017; x_wconf 90' lang='lat' dir='ltr'><strong>plena</strong></span> <span class='ocrx_word' id='word_1_226' title='bbox 1768 2952 1896 3002; x_wconf 91' lang='lat' dir='ltr'><strong>sunt</strong></span> 
     </span>
    </p>
   </div>
   <div class='ocr_carea' id='block_1_32' title="bbox 296 3035 1895 3109">
    <p class='ocr_par' dir='ltr' id='par_1_32' title="bbox 296 3035 1895 3109">
     <span class='ocr_line' id='line_1_32' title="bbox 296 3035 1895 3109; baseline -0.006 -10"><span class='ocrx_word' id='word_1_227' title='bbox 296 3040 600 3099; x_wconf 84' lang='lat' dir='ltr'><strong>scandalis.</strong></span> <span class='ocrx_word' id='word_1_228' title='bbox 625 3040 696 3096; x_wconf 87' lang='lat' dir='ltr'><strong>Et</strong></span> <span class='ocrx_word' id='word_1_229' title='bbox 717 3055 787 3096; x_wconf 79' lang='lat' dir='ltr'><strong>ex</strong></span> <span class='ocrx_word' id='word_1_230' title='bbox 808 3040 913 3096; x_wconf 89' lang='lat' dir='ltr'><strong>hac</strong></span> <span class='ocrx_word' id='word_1_231' title='bbox 949 3037 1277 3095; x_wconf 87' lang='lat' dir='ltr'><strong>sententiola</strong></span> <span class='ocrx_word' id='word_1_232' title='bbox 1304 3036 1525 3109; x_wconf 86' lang='lat' dir='ltr'><strong>quidam</strong></span> <span class='ocrx_word' id='word_1_233' title='bbox 1552 3035 1895 3092; x_wconf 89' lang='lat' dir='ltr'><strong>calumnian-</strong></span> 
     </span>
    </p>
   </div>
   <div class='ocr_carea' id='block_1_33' title="bbox 298 3126 1898 3204">
    <p class='ocr_par' dir='ltr' id='par_1_33' title="bbox 298 3126 1898 3204">
     <span class='ocr_line' id='line_1_33' title="bbox 298 3126 1898 3204; baseline -0.007 -14"><span class='ocrx_word' id='word_1_234' title='bbox 298 3143 415 3200; x_wconf 88' lang='lat' dir='ltr'><strong>tur,</strong></span> <span class='ocrx_word' id='word_1_235' title='bbox 445 3132 587 3204; x_wconf 92' lang='lat' dir='ltr'><strong>quod</strong></span> <span class='ocrx_word' id='word_1_236' title='bbox 607 3130 869 3188; x_wconf 87' lang='lat' dir='ltr'><strong>Dominus</strong></span> <span class='ocrx_word' id='word_1_237' title='bbox 888 3129 1127 3202; x_wconf 70' lang='lat' dir='ltr'><strong>physica:</strong></span> <span class='ocrx_word' id='word_1_238' title='bbox 1147 3126 1529 3200; x_wconf 86' lang='lat' dir='ltr'><strong>disputationis</strong></span> <span class='ocrx_word' id='word_1_239' title='bbox 1546 3126 1787 3198; x_wconf 88' lang='lat' dir='ltr'><strong>ignarus,</strong></span> <span class='ocrx_word' id='word_1_240' title='bbox 1801 3138 1898 3194; x_wconf 84' lang='lat' dir='ltr'><strong>pu-</strong></span> 
     </span>
    </p>
   </div>
   <div class='ocr_carea' id='block_1_34' title="bbox 290 3215 1894 3288">
    <p class='ocr_par' dir='ltr' id='par_1_34' title="bbox 290 3215 1894 3288">
     <span class='ocr_line' id='line_1_34' title="bbox 290 3215 1894 3288; baseline -0.007 -6"><span class='ocrx_word' id='word_1_241' title='bbox 290 3231 386 3283; x_wconf 89' lang='lat' dir='ltr'><strong>tet</strong></span> <span class='ocrx_word' id='word_1_242' title='bbox 407 3238 599 3280; x_wconf 90' lang='lat' dir='ltr'><strong>omnes</strong></span> <span class='ocrx_word' id='word_1_243' title='bbox 625 3223 777 3280; x_wconf 89' lang='lat' dir='ltr'><strong>cibos</strong></span> <span class='ocrx_word' id='word_1_244' title='bbox 801 3222 857 3278; x_wconf 91' lang='lat' dir='ltr'><strong>in</strong></span> <span class='ocrx_word' id='word_1_245' title='bbox 883 3227 1135 3278; x_wconf 84' lang='lat' dir='ltr'><strong>ventrem</strong></span> <span class='ocrx_word' id='word_1_246' title='bbox 1157 3220 1238 3276; x_wconf 89' lang='lat' dir='ltr'><strong>ire</strong></span> <span class='ocrx_word' id='word_1_247' title='bbox 1261 3229 1320 3276; x_wconf 91' lang='lat' dir='ltr'><strong>et</strong></span> <span class='ocrx_word' id='word_1_248' title='bbox 1356 3219 1414 3275; x_wconf 94' lang='lat' dir='ltr'><strong>in</strong></span> <span class='ocrx_word' id='word_1_249' title='bbox 1443 3231 1720 3274; x_wconf 86' lang='lat' dir='ltr'><strong>secessum</strong></span> <span class='ocrx_word' id='word_1_250' title='bbox 1740 3215 1894 3288; x_wconf 87' lang='lat' dir='ltr'><strong>dige-</strong></span> 
     </span>
    </p>
   </div>
   <div class='ocr_carea' id='block_1_35' title="bbox 296 3310 1893 3388">
    <p class='ocr_par' dir='ltr' id='par_1_35' title="bbox 296 3310 1893 3388">
     <span class='ocr_line' id='line_1_35' title="bbox 296 3310 1893 3388; baseline -0.004 -18"><span class='ocrx_word' id='word_1_251' title='bbox 296 3314 370 3380; x_wconf 89' lang='lat' dir='ltr'><strong>ri,</strong></span> <span class='ocrx_word' id='word_1_252' title='bbox 415 3328 542 3370; x_wconf 92' lang='lat' dir='ltr'><strong>cum</strong></span> <span class='ocrx_word' id='word_1_253' title='bbox 571 3313 758 3388; x_wconf 85' lang='lat' dir='ltr'><strong>statim</strong></span> <span class='ocrx_word' id='word_1_254' title='bbox 804 3310 997 3369; x_wconf 67' lang='lat' dir='ltr'><strong>infusae</strong></span> <span class='ocrx_word' id='word_1_255' title='bbox 1046 3325 1187 3368; x_wconf 66' lang='lat' dir='ltr'><strong>escae</strong></span> <span class='ocrx_word' id='word_1_256' title='bbox 1224 3326 1323 3382; x_wconf 89' lang='lat' dir='ltr'><strong>per</strong></span> <span class='ocrx_word' id='word_1_257' title='bbox 1354 3317 1508 3366; x_wconf 88' lang='lat' dir='ltr'><strong>artus</strong></span> <span class='ocrx_word' id='word_1_258' title='bbox 1525 3315 1582 3385; x_wconf 87' lang='lat' dir='ltr'><strong>et</strong></span> <span class='ocrx_word' id='word_1_259' title='bbox 1607 3323 1799 3375; x_wconf 83' lang='lat' dir='ltr'><strong>venas,</strong></span> <span class='ocrx_word' id='word_1_260' title='bbox 1826 3323 1893 3364; x_wconf 87' lang='lat' dir='ltr'><strong>ac</strong></span> 
     </span>
    </p>
   </div>
   <div class='ocr_carea' id='block_1_36' title="bbox 297 3400 1916 3476">
    <p class='ocr_par' dir='ltr' id='par_1_36' title="bbox 297 3400 1916 3476">
     <span class='ocr_line' id='line_1_36' title="bbox 297 3400 1916 3476; baseline -0.003 -15"><span class='ocrx_word' id='word_1_261' title='bbox 297 3405 572 3463; x_wconf 85' lang='lat' dir='ltr'><strong>medullas</strong></span> <span class='ocrx_word' id='word_1_262' title='bbox 597 3419 902 3476; x_wconf 85' lang='lat' dir='ltr'><strong>nervosque</strong></span> <span class='ocrx_word' id='word_1_263' title='bbox 928 3404 1244 3461; x_wconf 79' lang='lat' dir='ltr'><strong>fundantur.</strong></span> <span class='ocrx_word' id='word_1_264' title='bbox 1278 3404 1432 3462; x_wconf 87' lang='lat' dir='ltr'><strong>Unde</strong></span> <span class='ocrx_word' id='word_1_265' title='bbox 1450 3411 1507 3459; x_wconf 92' lang='lat' dir='ltr'><strong>et</strong></span> <span class='ocrx_word' id='word_1_266' title='bbox 1531 3400 1753 3467; x_wconf 87' lang='lat' dir='ltr'><strong>multos,</strong></span> <span class='ocrx_word' id='word_1_267' title='bbox 1797 3400 1916 3472; x_wconf 87' lang='lat' dir='ltr'><strong>qui_</strong></span> 
     </span>
    </p>
   </div>
   <div class='ocr_carea' id='block_1_37' title="bbox 297 3493 1895 3567">
    <p class='ocr_par' dir='ltr' id='par_1_37' title="bbox 297 3493 1895 3567">
     <span class='ocr_line' id='line_1_37' title="bbox 297 3493 1895 3567; baseline -0.006 -12"><span class='ocrx_word' id='word_1_268' title='bbox 297 3500 441 3555; x_wconf 91' lang='lat' dir='ltr'><strong>vitio</strong></span> <span class='ocrx_word' id='word_1_269' title='bbox 486 3497 752 3553; x_wconf 87' lang='lat' dir='ltr'><strong>stomachi</strong></span> <span class='ocrx_word' id='word_1_270' title='bbox 788 3504 1065 3567; x_wconf 85' lang='lat' dir='ltr'><strong>perpetem</strong></span> <span class='ocrx_word' id='word_1_271' title='bbox 1107 3496 1412 3553; x_wconf 86' lang='lat' dir='ltr'><strong>sustineant</strong></span> <span class='ocrx_word' id='word_1_272' title='bbox 1449 3493 1734 3557; x_wconf 88' lang='lat' dir='ltr'><strong>vomitum,</strong></span> <span class='ocrx_word' id='word_1_273' title='bbox 1770 3498 1895 3563; x_wconf 87' lang='lat' dir='ltr'><strong>post</strong></span> 
     </span>
    </p>
   </div>
   <div class='ocr_carea' id='block_1_38' title="bbox 296 3586 1892 3660">
    <p class='ocr_par' dir='ltr' id='par_1_38' title="bbox 296 3586 1892 3660">
     <span class='ocr_line' id='line_1_38' title="bbox 296 3586 1892 3660; baseline -0.005 -12"><span class='ocrx_word' id='word_1_274' title='bbox 296 3606 491 3648; x_wconf 74' lang='lat' dir='ltr'><strong>ctenas</strong></span> <span class='ocrx_word' id='word_1_275' title='bbox 522 3597 578 3646; x_wconf 87' lang='lat' dir='ltr'><strong>et</strong></span> <span class='ocrx_word' id='word_1_276' title='bbox 609 3590 835 3660; x_wconf 89' lang='lat' dir='ltr'><strong>prandia</strong></span> <span class='ocrx_word' id='word_1_277' title='bbox 861 3589 1043 3645; x_wconf 90' lang='lat' dir='ltr'><strong>statim</strong></span> <span class='ocrx_word' id='word_1_278' title='bbox 1068 3602 1320 3645; x_wconf 90' lang='lat' dir='ltr'><strong>evomere</strong></span> <span class='ocrx_word' id='word_1_279' title='bbox 1356 3586 1502 3659; x_wconf 92' lang='lat' dir='ltr'><strong>quod</strong></span> <span class='ocrx_word' id='word_1_280' title='bbox 1524 3586 1892 3658; x_wconf 76' lang='lat' dir='ltr'><strong>ingesserunt,</strong></span> 
     </span>
    </p>
   </div>
   <div class='ocr_carea' id='block_1_39' title="bbox 296 3678 1895 3755">
    <p class='ocr_par' dir='ltr' id='par_1_39' title="bbox 296 3678 1895 3755">
     <span class='ocr_line' id='line_1_39' title="bbox 296 3678 1895 3755; baseline -0.007 -13"><span class='ocrx_word' id='word_1_281' title='bbox 296 3694 358 3743; x_wconf 90' lang='lat' dir='ltr'><strong>et</strong></span> <span class='ocrx_word' id='word_1_282' title='bbox 374 3695 558 3741; x_wconf 91' lang='lat' dir='ltr'><strong>tamen</strong></span> <span class='ocrx_word' id='word_1_283' title='bbox 588 3683 934 3755; x_wconf 90' lang='lat' dir='ltr'><strong>corpulentos</strong></span> <span class='ocrx_word' id='word_1_284' title='bbox 961 3696 1115 3739; x_wconf 87' lang='lat' dir='ltr'><strong>esse:</strong></span> <span class='ocrx_word' id='word_1_285' title='bbox 1148 3682 1276 3751; x_wconf 87' lang='lat' dir='ltr'><strong>quia</strong></span> <span class='ocrx_word' id='word_1_286' title='bbox 1322 3681 1391 3736; x_wconf 90' lang='lat' dir='ltr'><strong>ad</strong></span> <span class='ocrx_word' id='word_1_287' title='bbox 1425 3678 1662 3750; x_wconf 91' lang='lat' dir='ltr'><strong>primum</strong></span> <span class='ocrx_word' id='word_1_288' title='bbox 1690 3684 1895 3735; x_wconf 87' lang='lat' dir='ltr'><strong>tactum</strong></span> 
     </span>
    </p>
   </div>
   <div class='ocr_carea' id='block_1_40' title="bbox 297 3765 1897 3849">
    <p class='ocr_par' dir='ltr' id='par_1_40' title="bbox 297 3765 1897 3849">
     <span class='ocr_line' id='line_1_40' title="bbox 297 3765 1897 3849; baseline -0.006 -18"><span class='ocrx_word' id='word_1_289' title='bbox 297 3777 564 3849; x_wconf 80' lang='lat' dir='ltr'><strong>liquidior</strong></span> <span class='ocrx_word' id='word_1_290' title='bbox 588 3775 760 3840; x_wconf 89' lang='lat' dir='ltr'><strong>cibus,</strong></span> <span class='ocrx_word' id='word_1_291' title='bbox 790 3782 846 3830; x_wconf 91' lang='lat' dir='ltr'><strong>et</strong></span> <span class='ocrx_word' id='word_1_292' title='bbox 872 3781 1034 3845; x_wconf 91' lang='lat' dir='ltr'><strong>potus</strong></span> <span class='ocrx_word' id='word_1_293' title='bbox 1061 3787 1160 3843; x_wconf 87' lang='lat' dir='ltr'><strong>per</strong></span> <span class='ocrx_word' id='word_1_294' title='bbox 1191 3772 1434 3826; x_wconf 90' lang='lat' dir='ltr'><strong>membra</strong></span> <span class='ocrx_word' id='word_1_295' title='bbox 1462 3769 1739 3824; x_wconf 92' lang='lat' dir='ltr'><strong>fundatur.</strong></span> <span class='ocrx_word' id='word_1_296' title='bbox 1788 3765 1897 3822; x_wconf 86' lang='lat' dir='ltr'><strong>Sed</strong></span> 
     </span>
    </p>
   </div>
   <div class='ocr_carea' id='block_1_41' title="bbox 298 3859 1897 3932">
    <p class='ocr_par' dir='ltr' id='par_1_41' title="bbox 298 3859 1897 3932">
     <span class='ocr_line' id='line_1_41' title="bbox 298 3859 1897 3932; baseline -0.008 -6"><span class='ocrx_word' id='word_1_297' title='bbox 298 3868 585 3926; x_wconf 88' lang='lat' dir='ltr'><strong>itiusmodi</strong></span> <span class='ocrx_word' id='word_1_298' title='bbox 608 3867 857 3924; x_wconf 88' lang='lat' dir='ltr'><strong>homines</strong></span> <span class='ocrx_word' id='word_1_299' title='bbox 878 3866 1005 3922; x_wconf 92' lang='lat' dir='ltr'><strong>dum</strong></span> <span class='ocrx_word' id='word_1_300' title='bbox 1022 3864 1210 3921; x_wconf 88' lang='lat' dir='ltr'><strong>volunt</strong></span> <span class='ocrx_word' id='word_1_301' title='bbox 1228 3862 1451 3918; x_wconf 88' lang='lat' dir='ltr'><strong>alterius</strong></span> <span class='ocrx_word' id='word_1_302' title='bbox 1465 3859 1790 3932; x_wconf 89' lang='lat' dir='ltr'><strong>imperitiam</strong></span> <span class='ocrx_word' id='word_1_303' title='bbox 1814 3873 1897 3915; x_wconf 89' lang='lat' dir='ltr'><strong>re-</strong></span> 
     </span>
    </p>
   </div>
   <div class='ocr_carea' id='block_1_42' title="bbox 298 3948 1893 4031">
    <p class='ocr_par' dir='ltr' id='par_1_42' title="bbox 298 3948 1893 4031">
     <span class='ocr_line' id='line_1_42' title="bbox 298 3948 1893 4031; baseline -0.006 -16"><span class='ocrx_word' id='word_1_304' title='bbox 298 3958 669 4031; x_wconf 85' lang='lat' dir='ltr'><strong>prehendere,</strong></span> <span class='ocrx_word' id='word_1_305' title='bbox 697 3956 984 4014; x_wconf 90' lang='lat' dir='ltr'><strong>ostendunt</strong></span> <span class='ocrx_word' id='word_1_306' title='bbox 1007 3968 1160 4010; x_wconf 88' lang='lat' dir='ltr'><strong>suam</strong></span> <span class='ocrx_word' id='word_1_307' title='bbox 1187 3970 1202 4009; x_wconf 91' lang='lat'><strong>:</strong></span> <span class='ocrx_word' id='word_1_308' title='bbox 1226 3951 1488 4019; x_wconf 83' lang='lat' dir='ltr'><strong>Quamvis</strong></span> <span class='ocrx_word' id='word_1_309' title='bbox 1512 3950 1660 4006; x_wconf 90' lang='lat' dir='ltr'><strong>enim</strong></span> <span class='ocrx_word' id='word_1_310' title='bbox 1689 3948 1893 4005; x_wconf 90' lang='lat' dir='ltr'><strong>tenuis-</strong></span> 
     </span>
    </p>
   </div>
   <div class='ocr_carea' id='block_1_43' title="bbox 302 4038 1898 4119">
    <p class='ocr_par' dir='ltr' id='par_1_43' title="bbox 302 4038 1898 4119">
     <span class='ocr_line' id='line_1_43' title="bbox 302 4038 1898 4119; baseline -0.008 -12"><span class='ocrx_word' id='word_1_311' title='bbox 302 4049 483 4107; x_wconf 86' lang='lat' dir='ltr'><strong>simus</strong></span> <span class='ocrx_word' id='word_1_312' title='bbox 504 4049 700 4106; x_wconf 85' lang='lat' dir='ltr'><strong>humor</strong></span> <span class='ocrx_word' id='word_1_313' title='bbox 730 4059 786 4105; x_wconf 89' lang='lat' dir='ltr'><strong>et</strong></span> <span class='ocrx_word' id='word_1_314' title='bbox 809 4046 1021 4119; x_wconf 86' lang='lat' dir='ltr'><strong>liquens</strong></span> <span class='ocrx_word' id='word_1_315' title='bbox 1040 4058 1163 4102; x_wconf 89' lang='lat' dir='ltr'><strong>esca</strong></span> <span class='ocrx_word' id='word_1_316' title='bbox 1187 4041 1280 4111; x_wconf 88' lang='lat' dir='ltr'><strong>sit,</strong></span> <span class='ocrx_word' id='word_1_317' title='bbox 1302 4055 1425 4100; x_wconf 89' lang='lat' dir='ltr'><strong>cum</strong></span> <span class='ocrx_word' id='word_1_318' title='bbox 1457 4038 1513 4098; x_wconf 92' lang='lat' dir='ltr'><strong>in</strong></span> <span class='ocrx_word' id='word_1_319' title='bbox 1534 4038 1693 4098; x_wconf 86' lang='lat' dir='ltr'><strong>venis</strong></span> <span class='ocrx_word' id='word_1_320' title='bbox 1727 4044 1780 4097; x_wconf 90' lang='lat' dir='ltr'><strong>et</strong></span> <span class='ocrx_word' id='word_1_321' title='bbox 1803 4050 1898 4096; x_wconf 86' lang='lat' dir='ltr'><strong>ar-</strong></span> 
     </span>
    </p>
   </div>
   <div class='ocr_carea' id='block_1_44' title="bbox 300 4133 1897 4208">
    <p class='ocr_par' dir='ltr' id='par_1_44' title="bbox 300 4133 1897 4208">
     <span class='ocr_line' id='line_1_44' title="bbox 300 4133 1897 4208; baseline -0.007 -9"><span class='ocrx_word' id='word_1_322' title='bbox 300 4143 475 4200; x_wconf 89' lang='lat' dir='ltr'><strong>tubus</strong></span> <span class='ocrx_word' id='word_1_323' title='bbox 502 4149 758 4199; x_wconf 89' lang='lat' dir='ltr'><strong>concocta</strong></span> <span class='ocrx_word' id='word_1_324' title='bbox 791 4140 954 4196; x_wconf 88' lang='lat' dir='ltr'><strong>fuerit</strong></span> <span class='ocrx_word' id='word_1_325' title='bbox 973 4146 1028 4193; x_wconf 91' lang='lat' dir='ltr'><strong>et</strong></span> <span class='ocrx_word' id='word_1_326' title='bbox 1047 4137 1258 4207; x_wconf 87' lang='lat' dir='ltr'><strong>digesta</strong></span> <span class='ocrx_word' id='word_1_327' title='bbox 1278 4150 1379 4208; x_wconf 90' lang='lat' dir='ltr'><strong>per</strong></span> <span class='ocrx_word' id='word_1_328' title='bbox 1408 4133 1656 4191; x_wconf 89' lang='lat' dir='ltr'><strong>occultos</strong></span> <span class='ocrx_word' id='word_1_329' title='bbox 1683 4141 1897 4190; x_wconf 86' lang='lat' dir='ltr'><strong>meatus</strong></span> 
     </span>
    </p>
   </div>
   <div class='ocr_carea' id='block_1_45' title="bbox 300 4224 1893 4306">
    <p class='ocr_par' dir='ltr' id='par_1_45' title="bbox 300 4224 1893 4306">
     <span class='ocr_line' id='line_1_45' title="bbox 300 4224 1893 4306; baseline -0.008 -15"><span class='ocrx_word' id='word_1_330' title='bbox 300 4234 575 4305; x_wconf 83' lang='lat' dir='ltr'><strong>corporis,</strong></span> <span class='ocrx_word' id='word_1_331' title='bbox 601 4248 738 4304; x_wconf 89' lang='lat' dir='ltr'><strong>quos</strong></span> <span class='ocrx_word' id='word_1_332' title='bbox 760 4231 935 4289; x_wconf 68' lang='grc' dir='ltr'><strong>(ἓνωεί</strong></span> <span class='ocrx_word' id='word_1_333' title='bbox 964 4230 1157 4306; x_wconf 75' lang='grc' dir='ltr'><strong>πόρους</strong></span> <span class='ocrx_word' id='word_1_334' title='bbox 1180 4235 1400 4295; x_wconf 86' lang='lat' dir='ltr'><strong>vocant,</strong></span> <span class='ocrx_word' id='word_1_335' title='bbox 1423 4224 1492 4282; x_wconf 91' lang='lat' dir='ltr'><strong>ad</strong></span> <span class='ocrx_word' id='word_1_336' title='bbox 1518 4224 1780 4281; x_wconf 82' lang='lat' dir='ltr'><strong>inferiora</strong></span> <span class='ocrx_word' id='word_1_337' title='bbox 1809 4224 1893 4282; x_wconf 88' lang='lat' dir='ltr'><strong>di-</strong></span> 
     </span>
    </p>
   </div>
   <div class='ocr_carea' id='block_1_46' title="bbox 300 4318 1176 4391">
    <p class='ocr_par' dir='ltr' id='par_1_46' title="bbox 300 4318 1176 4391">
     <span class='ocr_line' id='line_1_46' title="bbox 300 4318 1176 4391; baseline -0.009 -10"><span class='ocrx_word' id='word_1_338' title='bbox 300 4325 528 4391; x_wconf 87' lang='lat' dir='ltr'><strong>labitur,</strong></span> <span class='ocrx_word' id='word_1_339' title='bbox 557 4332 613 4380; x_wconf 88' lang='lat' dir='ltr'><strong>ct</strong></span> <span class='ocrx_word' id='word_1_340' title='bbox 635 4324 690 4379; x_wconf 92' lang='lat' dir='ltr'><strong>in</strong></span> <span class='ocrx_word' id='word_1_341' title='bbox 712 4335 987 4379; x_wconf 89' lang='lat' dir='ltr'><strong>secessum</strong></span> <span class='ocrx_word' id='word_1_342' title='bbox 1009 4318 1176 4375; x_wconf 88' lang='lat' dir='ltr'><strong>vadit.</strong></span> 
     </span>
    </p>
   </div>
   <div class='ocr_carea' id='block_1_47' title="bbox 379 4410 1899 4485">
    <p class='ocr_par' dir='ltr' id='par_1_47' title="bbox 379 4410 1899 4485">
     <span class='ocr_line' id='line_1_47' title="bbox 379 4410 1899 4485; baseline -0.005 -14"><span class='ocrx_word' id='word_1_343' title='bbox 379 4416 516 4483; x_wconf 79' lang='lat' dir='ltr'><strong>Qua:</strong></span> <span class='ocrx_word' id='word_1_344' title='bbox 545 4424 719 4470; x_wconf 87' lang='lat' dir='ltr'><strong>autem</strong></span> <span class='ocrx_word' id='word_1_345' title='bbox 753 4412 1037 4485; x_wconf 81' lang='lat' dir='ltr'><strong>procedunt</strong></span> <span class='ocrx_word' id='word_1_346' title='bbox 1067 4411 1132 4468; x_wconf 90' lang='lat' dir='ltr'><strong>de</strong></span> <span class='ocrx_word' id='word_1_347' title='bbox 1151 4427 1263 4478; x_wconf 91' lang='lat' dir='ltr'><strong>ore,</strong></span> <span class='ocrx_word' id='word_1_348' title='bbox 1283 4412 1349 4466; x_wconf 89' lang='lat' dir='ltr'><strong>de</strong></span> <span class='ocrx_word' id='word_1_349' title='bbox 1362 4410 1518 4466; x_wconf 90' lang='lat' dir='ltr'><strong>corde</strong></span> <span class='ocrx_word' id='word_1_350' title='bbox 1530 4415 1741 4475; x_wconf 67' lang='lat' dir='ltr'><strong>exeunt,</strong></span> <span class='ocrx_word' id='word_1_351' title='bbox 1754 4417 1805 4464; x_wconf 87' lang='lat' dir='ltr'><strong>et</strong></span> <span class='ocrx_word' id='word_1_352' title='bbox 1835 4426 1899 4464; x_wconf 91' lang='lat' dir='ltr'><strong>ea</strong></span> 
     </span>
    </p>
   </div>
   <div class='ocr_carea' id='block_1_48' title="bbox 1990 591 3569 665">
    <p class='ocr_par' dir='ltr' id='par_1_48' title="bbox 1990 591 3569 665">
     <span class='ocr_line' id='line_1_48' title="bbox 1990 591 3569 665; baseline 0.002 -19"><span class='ocrx_word' id='word_1_353' title='bbox 1990 591 2048 646; x_wconf 92' lang='lat' dir='ltr'><strong>Si</strong></span> <span class='ocrx_word' id='word_1_354' title='bbox 2080 607 2361 649; x_wconf 92' lang='lat' dir='ltr'><strong>rancorem</strong></span> <span class='ocrx_word' id='word_1_355' title='bbox 2392 602 2577 650; x_wconf 90' lang='lat' dir='ltr'><strong>contra</strong></span> <span class='ocrx_word' id='word_1_356' title='bbox 2610 595 2915 665; x_wconf 79' lang='lat' dir='ltr'><strong>proximum</strong></span> <span class='ocrx_word' id='word_1_357' title='bbox 2941 610 3039 651; x_wconf 92' lang='lat' dir='ltr'><strong>nos</strong></span> <span class='ocrx_word' id='word_1_358' title='bbox 3072 595 3252 651; x_wconf 87' lang='lat' dir='ltr'><strong>levare</strong></span> <span class='ocrx_word' id='word_1_359' title='bbox 3276 609 3569 664; x_wconf 76' lang='lat' dir='ltr'><strong>conspexe-</strong></span> 
     </span>
    </p>
   </div>
   <div class='ocr_carea' id='block_1_49' title="bbox 1989 682 3570 755">
    <p class='ocr_par' dir='ltr' id='par_1_49' title="bbox 1989 682 3570 755">
     <span class='ocr_line' id='line_1_49' title="bbox 1989 682 3570 755; baseline 0.002 -19"><span class='ocrx_word' id='word_1_360' title='bbox 1989 682 2081 749; x_wconf 84' lang='lat' dir='ltr'><strong>rit,</strong></span> <span class='ocrx_word' id='word_1_361' title='bbox 2105 682 2358 755; x_wconf 78' lang='lat' dir='ltr'><strong>intelligit</strong></span> <span class='ocrx_word' id='word_1_362' title='bbox 2380 684 2641 739; x_wconf 84' lang='lat' dir='ltr'><strong>invidiam</strong></span> <span class='ocrx_word' id='word_1_363' title='bbox 2668 692 2726 753; x_wconf 89' lang='lat' dir='ltr'><strong>et</strong></span> <span class='ocrx_word' id='word_1_364' title='bbox 2748 684 2933 739; x_wconf 89' lang='lat' dir='ltr'><strong>odium</strong></span> <span class='ocrx_word' id='word_1_365' title='bbox 2956 700 3055 740; x_wconf 92' lang='lat' dir='ltr'><strong>nos</strong></span> <span class='ocrx_word' id='word_1_366' title='bbox 3079 685 3133 740; x_wconf 92' lang='lat' dir='ltr'><strong>in</strong></span> <span class='ocrx_word' id='word_1_367' title='bbox 3159 684 3322 739; x_wconf 85' lang='lat' dir='ltr'><strong>corde</strong></span> <span class='ocrx_word' id='word_1_368' title='bbox 3345 684 3570 748; x_wconf 87' lang='lat' dir='ltr'><strong>habere,</strong></span> 
     </span>
    </p>
   </div>
   <div class='ocr_carea' id='block_1_50' title="bbox 1986 773 3570 846">
    <p class='ocr_par' dir='ltr' id='par_1_50' title="bbox 1986 773 3570 846">
     <span class='ocr_line' id='line_1_50' title="bbox 1986 773 3570 846; baseline -0.001 -16"><span class='ocrx_word' id='word_1_369' title='bbox 1986 783 2042 830; x_wconf 93' lang='lat' dir='ltr'><strong>et</strong></span> <span class='ocrx_word' id='word_1_370' title='bbox 2079 790 2177 837; x_wconf 84' lang='lat' dir='ltr'><strong>per</strong></span> <span class='ocrx_word' id='word_1_371' title='bbox 2203 775 2340 831; x_wconf 89' lang='lat' dir='ltr'><strong>iram</strong></span> <span class='ocrx_word' id='word_1_372' title='bbox 2364 776 2431 831; x_wconf 92' lang='lat' dir='ltr'><strong>ad</strong></span> <span class='ocrx_word' id='word_1_373' title='bbox 2448 775 2798 831; x_wconf 90' lang='lat' dir='ltr'><strong>homicidium</strong></span> <span class='ocrx_word' id='word_1_374' title='bbox 2814 775 3233 846; x_wconf 87' lang='lat' dir='ltr'><strong>perpetrandum</strong></span> <span class='ocrx_word' id='word_1_375' title='bbox 3255 773 3570 829; x_wconf 78' lang='lat' dir='ltr'><strong>inflammat.</strong></span> 
     </span>
    </p>
   </div>
   <div class='ocr_carea' id='block_1_51' title="bbox 1988 863 3575 938">
    <p class='ocr_par' dir='ltr' id='par_1_51' title="bbox 1988 863 3575 938">
     <span class='ocr_line' id='line_1_51' title="bbox 1988 863 3575 938; baseline 0.001 -18"><span class='ocrx_word' id='word_1_376' title='bbox 1988 863 2047 920; x_wconf 89' lang='lat' dir='ltr'><strong>Si</strong></span> <span class='ocrx_word' id='word_1_377' title='bbox 2078 881 2178 922; x_wconf 91' lang='lat' dir='ltr'><strong>nos</strong></span> <span class='ocrx_word' id='word_1_378' title='bbox 2204 866 2464 923; x_wconf 88' lang='lat' dir='ltr'><strong>ardenter</strong></span> <span class='ocrx_word' id='word_1_379' title='bbox 2486 867 2541 922; x_wconf 92' lang='lat' dir='ltr'><strong>in</strong></span> <span class='ocrx_word' id='word_1_380' title='bbox 2569 864 2797 936; x_wconf 89' lang='lat' dir='ltr'><strong>alicujus</strong></span> <span class='ocrx_word' id='word_1_381' title='bbox 2824 868 2900 922; x_wconf 88' lang='lat' dir='ltr'><strong>rei</strong></span> <span class='ocrx_word' id='word_1_382' title='bbox 2925 866 3378 938; x_wconf 88' lang='lat' dir='ltr'><strong>pulchritudinem</strong></span> <span class='ocrx_word' id='word_1_383' title='bbox 3408 867 3575 936; x_wconf 70' lang='lat' dir='ltr'><strong>inspi-</strong></span> 
     </span>
    </p>
   </div>
   <div class='ocr_carea' id='block_1_52' title="bbox 1985 946 3577 1032">
    <p class='ocr_par' dir='ltr' id='par_1_52' title="bbox 1985 946 3577 1032">
     <span class='ocr_line' id='line_1_52' title="bbox 1985 946 3577 1032; baseline -0.001 -18"><span class='ocrx_word' id='word_1_384' title='bbox 1985 972 2109 1014; x_wconf 89' lang='lat' dir='ltr'><strong>cere</strong></span> <span class='ocrx_word' id='word_1_385' title='bbox 2135 958 2353 1026; x_wconf 85' lang='lat' dir='ltr'><strong>viderit,</strong></span> <span class='ocrx_word' id='word_1_386' title='bbox 2384 959 2635 1032; x_wconf 83' lang='lat' dir='ltr'><strong>intelligit</strong></span> <span class='ocrx_word' id='word_1_387' title='bbox 2661 960 2945 1015; x_wconf 84' lang='lat' dir='ltr'><strong>avaritiam</strong></span> <span class='ocrx_word' id='word_1_388' title='bbox 2976 973 3076 1015; x_wconf 92' lang='lat' dir='ltr'><strong>nos</strong></span> <span class='ocrx_word' id='word_1_389' title='bbox 3104 959 3269 1015; x_wconf 88' lang='lat' dir='ltr'><strong>corde</strong></span> <span class='ocrx_word' id='word_1_390' title='bbox 3297 946 3505 1024; x_wconf 88' lang='lat' dir='ltr'><strong>tenere,</strong></span> <span class='ocrx_word' id='word_1_391' title='bbox 3523 966 3577 1013; x_wconf 89' lang='lat' dir='ltr'><strong>ct</strong></span> 
     </span>
    </p>
   </div>
   <div class='ocr_carea' id='block_1_53' title="bbox 1986 1049 3576 1109">
    <p class='ocr_par' dir='ltr' id='par_1_53' title="bbox 1986 1049 3576 1109">
     <span class='ocr_line' id='line_1_53' title="bbox 1986 1049 3576 1109; baseline -0.002 -3"><span class='ocrx_word' id='word_1_392' title='bbox 1986 1052 2056 1106; x_wconf 91' lang='lat' dir='ltr'><strong>ad</strong></span> <span class='ocrx_word' id='word_1_393' title='bbox 2079 1049 2224 1107; x_wconf 89' lang='lat' dir='ltr'><strong>furta</strong></span> <span class='ocrx_word' id='word_1_394' title='bbox 2269 1052 2483 1108; x_wconf 91' lang='lat' dir='ltr'><strong>incitat.</strong></span> <span class='ocrx_word' id='word_1_395' title='bbox 2517 1052 2575 1109; x_wconf 91' lang='lat' dir='ltr'><strong>Si</strong></span> <span class='ocrx_word' id='word_1_396' title='bbox 2604 1053 2814 1109; x_wconf 89' lang='lat' dir='ltr'><strong>levibus</strong></span> <span class='ocrx_word' id='word_1_397' title='bbox 2843 1069 2943 1109; x_wconf 91' lang='lat' dir='ltr'><strong>nos</strong></span> <span class='ocrx_word' id='word_1_398' title='bbox 2975 1051 3319 1108; x_wconf 89' lang='lat' dir='ltr'><strong>sermonibus</strong></span> <span class='ocrx_word' id='word_1_399' title='bbox 3342 1050 3576 1106; x_wconf 86' lang='lat' dir='ltr'><strong>senserit</strong></span> 
     </span>
    </p>
   </div>
   <div class='ocr_carea' id='block_1_54' title="bbox 1986 1143 3579 1216">
    <p class='ocr_par' dir='ltr' id='par_1_54' title="bbox 1986 1143 3579 1216">
     <span class='ocr_line' id='line_1_54' title="bbox 1986 1143 3579 1216; baseline -0.001 -19"><span class='ocrx_word' id='word_1_400' title='bbox 1986 1151 2257 1211; x_wconf 87' lang='lat' dir='ltr'><strong>assuetos,</strong></span> <span class='ocrx_word' id='word_1_401' title='bbox 2287 1144 2538 1216; x_wconf 76' lang='lat' dir='ltr'><strong>intelligit</strong></span> <span class='ocrx_word' id='word_1_402' title='bbox 2563 1153 2842 1216; x_wconf 91' lang='lat' dir='ltr'><strong>promptos</strong></span> <span class='ocrx_word' id='word_1_403' title='bbox 2870 1159 2992 1200; x_wconf 90' lang='lat' dir='ltr'><strong>esse</strong></span> <span class='ocrx_word' id='word_1_404' title='bbox 3031 1144 3098 1200; x_wconf 91' lang='lat' dir='ltr'><strong>ad</strong></span> <span class='ocrx_word' id='word_1_405' title='bbox 3126 1143 3491 1206; x_wconf 89' lang='lat' dir='ltr'><strong>mendacium,</strong></span> <span class='ocrx_word' id='word_1_406' title='bbox 3524 1151 3579 1196; x_wconf 84' lang='lat' dir='ltr'><strong>et</strong></span> 
     </span>
    </p>
   </div>
   <div class='ocr_carea' id='block_1_55' title="bbox 1987 1233 3574 1308">
    <p class='ocr_par' dir='ltr' id='par_1_55' title="bbox 1987 1233 3574 1308">
     <span class='ocr_line' id='line_1_55' title="bbox 1987 1233 3574 1308; baseline -0.003 -20"><span class='ocrx_word' id='word_1_407' title='bbox 1987 1234 2055 1289; x_wconf 91' lang='lat' dir='ltr'><strong>ad</strong></span> <span class='ocrx_word' id='word_1_408' title='bbox 2087 1234 2282 1291; x_wconf 91' lang='lat' dir='ltr'><strong>falsum</strong></span> <span class='ocrx_word' id='word_1_409' title='bbox 2308 1237 2679 1294; x_wconf 89' lang='lat' dir='ltr'><strong>testimonium</strong></span> <span class='ocrx_word' id='word_1_410' title='bbox 2709 1235 3096 1308; x_wconf 88' lang='lat' dir='ltr'><strong>proferendum</strong></span> <span class='ocrx_word' id='word_1_411' title='bbox 3120 1233 3294 1290; x_wconf 90' lang='lat' dir='ltr'><strong>illicit.</strong></span> <span class='ocrx_word' id='word_1_412' title='bbox 3328 1233 3419 1289; x_wconf 90' lang='lat' dir='ltr'><strong>Sic</strong></span> <span class='ocrx_word' id='word_1_413' title='bbox 3440 1249 3574 1303; x_wconf 84' lang='lat' dir='ltr'><strong>quo-</strong></span> 
     </span>
    </p>
   </div>
   <div class='ocr_carea' id='block_1_56' title="bbox 1985 1326 3581 1398">
    <p class='ocr_par' dir='ltr' id='par_1_56' title="bbox 1985 1326 3581 1398">
     <span class='ocr_line' id='line_1_56' title="bbox 1985 1326 3581 1398; baseline -0.001 -17"><span class='ocrx_word' id='word_1_414' title='bbox 1985 1342 2092 1398; x_wconf 91' lang='lat' dir='ltr'><strong>que</strong></span> <span class='ocrx_word' id='word_1_415' title='bbox 2126 1335 2182 1382; x_wconf 88' lang='lat' dir='ltr'><strong>et</strong></span> <span class='ocrx_word' id='word_1_416' title='bbox 2210 1341 2308 1397; x_wconf 91' lang='lat' dir='ltr'><strong>per</strong></span> <span class='ocrx_word' id='word_1_417' title='bbox 2330 1335 2565 1385; x_wconf 65' lang='lat' dir='ltr'><strong>casteras</strong></span> <span class='ocrx_word' id='word_1_418' title='bbox 2601 1328 2950 1384; x_wconf 85' lang='lat' dir='ltr'><strong>habitudines</strong></span> <span class='ocrx_word' id='word_1_419' title='bbox 2981 1343 3195 1384; x_wconf 90' lang='lat' dir='ltr'><strong>morum</strong></span> <span class='ocrx_word' id='word_1_420' title='bbox 3224 1328 3435 1382; x_wconf 89' lang='lat' dir='ltr'><strong>rimans</strong></span> <span class='ocrx_word' id='word_1_421' title='bbox 3462 1326 3581 1380; x_wconf 84' lang='lat' dir='ltr'><strong>ani-</strong></span> 
     </span>
    </p>
   </div>
   <div class='ocr_carea' id='block_1_57' title="bbox 1986 1421 3579 1493">
    <p class='ocr_par' dir='ltr' id='par_1_57' title="bbox 1986 1421 3579 1493">
     <span class='ocr_line' id='line_1_57' title="bbox 1986 1421 3579 1493; baseline -0.003 -17"><span class='ocrx_word' id='word_1_422' title='bbox 1986 1421 2060 1476; x_wconf 90' lang='lat' dir='ltr'><strong>mi</strong></span> <span class='ocrx_word' id='word_1_423' title='bbox 2087 1422 2405 1493; x_wconf 88' lang='lat' dir='ltr'><strong>qualitatem</strong></span> <span class='ocrx_word' id='word_1_424' title='bbox 2431 1422 2692 1493; x_wconf 90' lang='lat' dir='ltr'><strong>antiquus</strong></span> <span class='ocrx_word' id='word_1_425' title='bbox 2720 1422 2912 1486; x_wconf 90' lang='lat' dir='ltr'><strong>hostis,</strong></span> <span class='ocrx_word' id='word_1_426' title='bbox 2944 1422 3242 1476; x_wconf 87' lang='lat' dir='ltr'><strong>humanum</strong></span> <span class='ocrx_word' id='word_1_427' title='bbox 3278 1433 3447 1490; x_wconf 91' lang='lat' dir='ltr'><strong>genus</strong></span> <span class='ocrx_word' id='word_1_428' title='bbox 3494 1433 3579 1472; x_wconf 84' lang='lat' dir='ltr'><strong>sc-</strong></span> 
     </span>
    </p>
   </div>
   <div class='ocr_carea' id='block_1_58' title="bbox 1988 1512 3593 1584">
    <p class='ocr_par' dir='ltr' id='par_1_58' title="bbox 1988 1512 3593 1584">
     <span class='ocr_line' id='line_1_58' title="bbox 1988 1512 3593 1584; baseline -0.003 -15"><span class='ocrx_word' id='word_1_429' title='bbox 1988 1514 2186 1571; x_wconf 89' lang='lat' dir='ltr'><strong>ducere</strong></span> <span class='ocrx_word' id='word_1_430' title='bbox 2211 1513 2451 1581; x_wconf 84' lang='lat' dir='ltr'><strong>festinat,</strong></span> <span class='ocrx_word' id='word_1_431' title='bbox 2482 1523 2537 1571; x_wconf 88' lang='lat' dir='ltr'><strong>et</strong></span> <span class='ocrx_word' id='word_1_432' title='bbox 2577 1516 2644 1571; x_wconf 91' lang='lat' dir='ltr'><strong>ad</strong></span> <span class='ocrx_word' id='word_1_433' title='bbox 2697 1530 2760 1571; x_wconf 90' lang='lat' dir='ltr'><strong>ea</strong></span> <span class='ocrx_word' id='word_1_434' title='bbox 2787 1530 2907 1584; x_wconf 81' lang='lat' dir='ltr'><strong>quae</strong></span> <span class='ocrx_word' id='word_1_435' title='bbox 2934 1513 3132 1569; x_wconf 87' lang='lat' dir='ltr'><strong>divinis</strong></span> <span class='ocrx_word' id='word_1_436' title='bbox 3165 1512 3377 1584; x_wconf 86' lang='lat' dir='ltr'><strong>legibus</strong></span> <span class='ocrx_word' id='word_1_437' title='bbox 3410 1512 3593 1566; x_wconf 85' lang='lat' dir='ltr'><strong>vetita-</strong></span> 
     </span>
    </p>
   </div>
   <div class='ocr_carea' id='block_1_59' title="bbox 1989 1601 3578 1676">
    <p class='ocr_par' dir='ltr' id='par_1_59' title="bbox 1989 1601 3578 1676">
     <span class='ocr_line' id='line_1_59' title="bbox 1989 1601 3578 1676; baseline -0.003 -19"><span class='ocrx_word' id='word_1_438' title='bbox 1989 1611 2118 1658; x_wconf 90' lang='lat' dir='ltr'><strong>sunt</strong></span> <span class='ocrx_word' id='word_1_439' title='bbox 2145 1602 2392 1662; x_wconf 88' lang='lat' dir='ltr'><strong>facienda</strong></span> <span class='ocrx_word' id='word_1_440' title='bbox 2413 1607 2724 1676; x_wconf 88' lang='lat' dir='ltr'><strong>persuadet,</strong></span> <span class='ocrx_word' id='word_1_441' title='bbox 2747 1614 2809 1660; x_wconf 90' lang='lat' dir='ltr'><strong>ut</strong></span> <span class='ocrx_word' id='word_1_442' title='bbox 2839 1611 3147 1661; x_wconf 84' lang='lat' dir='ltr'><strong>creaturam</strong></span> <span class='ocrx_word' id='word_1_443' title='bbox 3174 1603 3241 1657; x_wconf 90' lang='lat' dir='ltr'><strong>ad</strong></span> <span class='ocrx_word' id='word_1_444' title='bbox 3289 1601 3578 1672; x_wconf 84' lang='lat' dir='ltr'><strong>imaginem</strong></span> 
     </span>
    </p>
   </div>
   <div class='ocr_carea' id='block_1_60' title="bbox 1988 1690 3589 1766">
    <p class='ocr_par' dir='ltr' id='par_1_60' title="bbox 1988 1690 3589 1766">
     <span class='ocr_line' id='line_1_60' title="bbox 1988 1690 3589 1766; baseline -0.004 -18"><span class='ocrx_word' id='word_1_445' title='bbox 1988 1693 2085 1750; x_wconf 89' lang='lat' dir='ltr'><strong>Dei</strong></span> <span class='ocrx_word' id='word_1_446' title='bbox 2107 1694 2381 1751; x_wconf 88' lang='lat' dir='ltr'><strong>conditam</strong></span> <span class='ocrx_word' id='word_1_447' title='bbox 2415 1695 2528 1751; x_wconf 91' lang='lat' dir='ltr'><strong>suis</strong></span> <span class='ocrx_word' id='word_1_448' title='bbox 2549 1696 2802 1752; x_wconf 87' lang='lat' dir='ltr'><strong>sordibus</strong></span> <span class='ocrx_word' id='word_1_449' title='bbox 2825 1694 3048 1766; x_wconf 84' lang='lat' dir='ltr'><strong>polluat.</strong></span> <span class='ocrx_word' id='word_1_450' title='bbox 3075 1692 3231 1748; x_wconf 80' lang='lat' dir='ltr'><strong>Unde</strong></span> <span class='ocrx_word' id='word_1_451' title='bbox 3253 1698 3309 1748; x_wconf 91' lang='lat' dir='ltr'><strong>et</strong></span> <span class='ocrx_word' id='word_1_452' title='bbox 3333 1690 3589 1746; x_wconf 81' lang='lat' dir='ltr'><strong>Salvator</strong></span> 
     </span>
    </p>
   </div>
   <div class='ocr_carea' id='block_1_61' title="bbox 1990 1782 3152 1854">
    <p class='ocr_par' dir='ltr' id='par_1_61' title="bbox 1990 1782 3152 1854">
     <span class='ocr_line' id='line_1_61' title="bbox 1990 1782 3152 1854; baseline -0.003 -15"><span class='ocrx_word' id='word_1_453' title='bbox 1990 1799 2152 1854; x_wconf 91' lang='lat' dir='ltr'><strong>supra</strong></span> <span class='ocrx_word' id='word_1_454' title='bbox 2179 1785 2323 1840; x_wconf 89' lang='lat' dir='ltr'><strong>dicta</strong></span> <span class='ocrx_word' id='word_1_455' title='bbox 2345 1785 2477 1839; x_wconf 90' lang='lat' dir='ltr'><strong>vitia</strong></span> <span class='ocrx_word' id='word_1_456' title='bbox 2496 1799 2820 1840; x_wconf 89' lang='lat' dir='ltr'><strong>enumerans</strong></span> <span class='ocrx_word' id='word_1_457' title='bbox 2843 1782 3152 1852; x_wconf 75' lang='lat' dir='ltr'><strong>subiunxit:</strong></span> 
     </span>
    </p>
   </div>
   <div class='ocr_carea' id='block_1_62' title="bbox 1914 1849 3581 1947">
    <p class='ocr_par' dir='ltr' id='par_1_62' title="bbox 1914 1849 3581 1947">
     <span class='ocr_line' id='line_1_62' title="bbox 1914 1849 3581 1947; baseline -0.004 -17"><span class='ocrx_word' id='word_1_458' title='bbox 1914 1849 1964 1908; x_wconf 77' lang='grc' dir='ltr'><strong>Β</strong></span> <span class='ocrx_word' id='word_1_459' title='bbox 2056 1849 2193 1930; x_wconf 53' lang='lat' dir='ltr'><strong>haec</strong></span> <span class='ocrx_word' id='word_1_460' title='bbox 2241 1884 2362 1931; x_wconf 89' lang='lat' dir='ltr'><strong>sunt</strong></span> <span class='ocrx_word' id='word_1_461' title='bbox 2424 1891 2543 1946; x_wconf 70' lang='lat' dir='ltr'><strong>qua:</strong></span> <span class='ocrx_word' id='word_1_462' title='bbox 2590 1849 3246 1947; x_wconf 33' lang='lat' dir='ltr'><strong>coinquinant—hominem.</strong></span> <span class='ocrx_word' id='word_1_463' title='bbox 3300 1871 3423 1927; x_wconf 84' lang='lat' dir='ltr'><strong>Non</strong></span> <span class='ocrx_word' id='word_1_464' title='bbox 3455 1872 3581 1926; x_wconf 83' lang='lat' dir='ltr'><strong>lotis</strong></span> 
     </span>
    </p>
   </div>
   <div class='ocr_carea' id='block_1_63' title="bbox 1990 1961 3595 2035">
    <p class='ocr_par' dir='ltr' id='par_1_63' title="bbox 1990 1961 3595 2035">
     <span class='ocr_line' id='line_1_63' title="bbox 1990 1961 3595 2035; baseline -0.005 -15"><span class='ocrx_word' id='word_1_465' title='bbox 1990 1975 2166 2021; x_wconf 86' lang='lat' dir='ltr'><strong>autem</strong></span> <span class='ocrx_word' id='word_1_466' title='bbox 2196 1966 2442 2021; x_wconf 87' lang='lat' dir='ltr'><strong>manibus</strong></span> <span class='ocrx_word' id='word_1_467' title='bbox 2470 1965 2791 2021; x_wconf 79' lang='lat' dir='ltr'><strong>manducare</strong></span> <span class='ocrx_word' id='word_1_468' title='bbox 2816 1982 2919 2020; x_wconf 91' lang='lat' dir='ltr'><strong>non</strong></span> <span class='ocrx_word' id='word_1_469' title='bbox 2966 1964 3267 2035; x_wconf 84' lang='lat' dir='ltr'><strong>coinquinat</strong></span> <span class='ocrx_word' id='word_1_470' title='bbox 3294 1961 3595 2016; x_wconf 68' lang='lat' dir='ltr'><strong>anatinam.-</strong></span> 
     </span>
    </p>
   </div>
   <div class='ocr_carea' id='block_1_64' title="bbox 1991 2050 3580 2127">
    <p class='ocr_par' dir='ltr' id='par_1_64' title="bbox 1991 2050 3580 2127">
     <span class='ocr_line' id='line_1_64' title="bbox 1991 2050 3580 2127; baseline -0.003 -18"><span class='ocrx_word' id='word_1_471' title='bbox 1991 2052 2174 2127; x_wconf 71' lang='grc' dir='ltr'><strong>(ΕΑΒ.)</strong></span> <span class='ocrx_word' id='word_1_472' title='bbox 2220 2052 2327 2110; x_wconf 84' lang='lat' dir='ltr'><strong>Sed</strong></span> <span class='ocrx_word' id='word_1_473' title='bbox 2368 2053 2624 2110; x_wconf 71' lang='lat' dir='ltr'><strong>Pharisaei</strong></span> <span class='ocrx_word' id='word_1_474' title='bbox 2657 2054 2919 2125; x_wconf 86' lang='lat' dir='ltr'><strong>spiritalia</strong></span> <span class='ocrx_word' id='word_1_475' title='bbox 2980 2054 3369 2125; x_wconf 88' lang='lat' dir='ltr'><strong>prophetarum</strong></span> <span class='ocrx_word' id='word_1_476' title='bbox 3415 2050 3580 2105; x_wconf 84' lang='lat' dir='ltr'><strong>verba</strong></span> 
     </span>
    </p>
   </div>
   <div class='ocr_carea' id='block_1_65' title="bbox 1991 2139 3579 2215">
    <p class='ocr_par' dir='ltr' id='par_1_65' title="bbox 1991 2139 3579 2215">
     <span class='ocr_line' id='line_1_65' title="bbox 1991 2139 3579 2215; baseline -0.004 -14"><span class='ocrx_word' id='word_1_477' title='bbox 1991 2144 2287 2201; x_wconf 88' lang='lat' dir='ltr'><strong>carnaliter</strong></span> <span class='ocrx_word' id='word_1_478' title='bbox 2312 2144 2663 2215; x_wconf 90' lang='lat' dir='ltr'><strong>accipientes,</strong></span> <span class='ocrx_word' id='word_1_479' title='bbox 2695 2158 2815 2214; x_wconf 69' lang='lat' dir='ltr'><strong>quae</strong></span> <span class='ocrx_word' id='word_1_480' title='bbox 2853 2142 2929 2198; x_wconf 91' lang='lat' dir='ltr'><strong>illi</strong></span> <span class='ocrx_word' id='word_1_481' title='bbox 2965 2143 3031 2199; x_wconf 90' lang='lat' dir='ltr'><strong>de</strong></span> <span class='ocrx_word' id='word_1_482' title='bbox 3057 2142 3242 2199; x_wconf 90' lang='lat' dir='ltr'><strong>cordis</strong></span> <span class='ocrx_word' id='word_1_483' title='bbox 3289 2147 3345 2196; x_wconf 91' lang='lat' dir='ltr'><strong>et</strong></span> <span class='ocrx_word' id='word_1_484' title='bbox 3394 2139 3579 2209; x_wconf 86' lang='lat' dir='ltr'><strong>operis</strong></span> 
     </span>
    </p>
   </div>
   <div class='ocr_carea' id='block_1_66' title="bbox 1992 2230 3593 2306">
    <p class='ocr_par' dir='ltr' id='par_1_66' title="bbox 1992 2230 3593 2306">
     <span class='ocr_line' id='line_1_66' title="bbox 1992 2230 3593 2306; baseline -0.006 -13"><span class='ocrx_word' id='word_1_485' title='bbox 1992 2235 2347 2306; x_wconf 87' lang='lat' dir='ltr'><strong>castigatione</strong></span> <span class='ocrx_word' id='word_1_486' title='bbox 2361 2234 2767 2306; x_wconf 60' lang='lat' dir='ltr'><strong>praecipiebant,</strong></span> <span class='ocrx_word' id='word_1_487' title='bbox 2787 2235 3027 2290; x_wconf 88' lang='lat' dir='ltr'><strong>dicentes</strong></span> <span class='ocrx_word' id='word_1_488' title='bbox 3047 2253 3058 2287; x_wconf 93' lang='lat'>:</span> <span class='ocrx_word' id='word_1_489' title='bbox 3086 2232 3377 2296; x_wconf 80' lang='lat' dir='ltr'><strong>Lavamini,</strong></span> <span class='ocrx_word' id='word_1_490' title='bbox 3396 2230 3593 2285; x_wconf 72' lang='lat' dir='ltr'><strong>mundi</strong></span> 
     </span>
    </p>
   </div>
   <div class='ocr_carea' id='block_1_67' title="bbox 1992 2322 3581 2397">
    <p class='ocr_par' dir='ltr' id='par_1_67' title="bbox 1992 2322 3581 2397">
     <span class='ocr_line' id='line_1_67' title="bbox 1992 2322 3581 2397; baseline -0.003 -17"><span class='ocrx_word' id='word_1_491' title='bbox 1992 2332 2174 2392; x_wconf 86' lang='lat' dir='ltr'><strong>estote,</strong></span> <span class='ocrx_word' id='word_1_492' title='bbox 2190 2334 2241 2380; x_wconf 87' lang='lat' dir='ltr'><strong>et</strong></span> <span class='ocrx_word' id='word_1_493' title='bbox 2269 2325 2621 2391; x_wconf 85' lang='lat' dir='ltr'><strong>mundamini,</strong></span> <span class='ocrx_word' id='word_1_494' title='bbox 2651 2327 2740 2397; x_wconf 83' lang='lat' dir='ltr'><strong>qui</strong></span> <span class='ocrx_word' id='word_1_495' title='bbox 2768 2326 2916 2396; x_wconf 77' lang='lat' dir='ltr'><strong>[erlis</strong></span> <span class='ocrx_word' id='word_1_496' title='bbox 2959 2343 3082 2381; x_wconf 79' lang='lat' dir='ltr'><strong>vasa</strong></span> <span class='ocrx_word' id='word_1_497' title='bbox 3108 2325 3321 2380; x_wconf 86' lang='lat' dir='ltr'><strong>Domini</strong></span> <span class='ocrx_word' id='word_1_498' title='bbox 3348 2323 3483 2396; x_wconf 87' lang='lat' dir='ltr'><strong>(lsa.</strong></span> <span class='ocrx_word' id='word_1_499' title='bbox 3518 2322 3581 2390; x_wconf 78' lang='lat' dir='ltr'><strong>r);</strong></span> 
     </span>
    </p>
   </div>
   <div class='ocr_carea' id='block_1_68' title="bbox 1993 2411 3582 2485">
    <p class='ocr_par' dir='ltr' id='par_1_68' title="bbox 1993 2411 3582 2485">
     <span class='ocr_line' id='line_1_68' title="bbox 1993 2411 3582 2485; baseline -0.003 -17"><span class='ocrx_word' id='word_1_500' title='bbox 1993 2413 2084 2469; x_wconf 87' lang='lat' dir='ltr'><strong>isti</strong></span> <span class='ocrx_word' id='word_1_501' title='bbox 2110 2413 2179 2470; x_wconf 90' lang='lat' dir='ltr'><strong>de</strong></span> <span class='ocrx_word' id='word_1_502' title='bbox 2206 2427 2435 2485; x_wconf 88' lang='lat' dir='ltr'><strong>corpore</strong></span> <span class='ocrx_word' id='word_1_503' title='bbox 2460 2414 2638 2470; x_wconf 90' lang='lat' dir='ltr'><strong>solum</strong></span> <span class='ocrx_word' id='word_1_504' title='bbox 2661 2414 2888 2470; x_wconf 90' lang='lat' dir='ltr'><strong>lavando</strong></span> <span class='ocrx_word' id='word_1_505' title='bbox 2902 2413 3213 2470; x_wconf 87' lang='lat' dir='ltr'><strong>servabant.</strong></span> <span class='ocrx_word' id='word_1_506' title='bbox 3243 2411 3468 2467; x_wconf 85' lang='lat' dir='ltr'><strong>Frustra</strong></span> <span class='ocrx_word' id='word_1_507' title='bbox 3491 2426 3582 2465; x_wconf 87' lang='lat' dir='ltr'><strong>au-</strong></span> 
     </span>
    </p>
   </div>
   <div class='ocr_carea' id='block_1_69' title="bbox 1993 2504 3582 2573">
    <p class='ocr_par' dir='ltr' id='par_1_69' title="bbox 1993 2504 3582 2573">
     <span class='ocr_line' id='line_1_69' title="bbox 1993 2504 3582 2573; baseline -0.004 -11"><span class='ocrx_word' id='word_1_508' title='bbox 1993 2515 2103 2562; x_wconf 90' lang='lat' dir='ltr'><strong>tem</strong></span> <span class='ocrx_word' id='word_1_509' title='bbox 2114 2504 2394 2573; x_wconf 64' lang='lat' dir='ltr'><strong>Pharisaei,</strong></span> <span class='ocrx_word' id='word_1_510' title='bbox 2418 2506 2619 2563; x_wconf 79' lang='lat' dir='ltr'><strong>frustra</strong></span> <span class='ocrx_word' id='word_1_511' title='bbox 2631 2520 2819 2562; x_wconf 87' lang='lat' dir='ltr'><strong>omnes</strong></span> <span class='ocrx_word' id='word_1_512' title='bbox 2832 2505 3001 2561; x_wconf 76' lang='lat' dir='ltr'><strong>Judaei</strong></span> <span class='ocrx_word' id='word_1_513' title='bbox 3025 2504 3207 2560; x_wconf 89' lang='lat' dir='ltr'><strong>lavant</strong></span> <span class='ocrx_word' id='word_1_514' title='bbox 3233 2519 3448 2569; x_wconf 88' lang='lat' dir='ltr'><strong>manus,</strong></span> <span class='ocrx_word' id='word_1_515' title='bbox 3472 2510 3527 2558; x_wconf 90' lang='lat' dir='ltr'><strong>et</strong></span> <span class='ocrx_word' id='word_1_516' title='bbox 3553 2520 3582 2557; x_wconf 89' lang='lat' dir='ltr'><strong>a</strong></span> 
     </span>
    </p>
   </div>
   <div class='ocr_carea' id='block_1_70' title="bbox 1993 2593 3597 2668">
    <p class='ocr_par' dir='ltr' id='par_1_70' title="bbox 1993 2593 3597 2668">
     <span class='ocr_line' id='line_1_70' title="bbox 1993 2593 3597 2668; baseline -0.001 -18"><span class='ocrx_word' id='word_1_517' title='bbox 1993 2595 2113 2654; x_wconf 93' lang='lat' dir='ltr'><strong>foro</strong></span> <span class='ocrx_word' id='word_1_518' title='bbox 2133 2596 2476 2668; x_wconf 82' lang='lat' dir='ltr'><strong>baptizantur</strong></span> <span class='ocrx_word' id='word_1_519' title='bbox 2502 2598 2738 2667; x_wconf 90' lang='lat' dir='ltr'><strong>quandiu</strong></span> <span class='ocrx_word' id='word_1_520' title='bbox 2760 2604 3111 2653; x_wconf 87' lang='lat' dir='ltr'><strong>contemnunt</strong></span> <span class='ocrx_word' id='word_1_521' title='bbox 3124 2595 3271 2652; x_wconf 90' lang='lat' dir='ltr'><strong>fonte</strong></span> <span class='ocrx_word' id='word_1_522' title='bbox 3283 2593 3597 2651; x_wconf 74' lang='lat' dir='ltr'><strong>Salvatoris</strong></span> 
     </span>
    </p>
   </div>
   <div class='ocr_carea' id='block_1_71' title="bbox 1995 2684 3598 2757">
    <p class='ocr_par' dir='ltr' id='par_1_71' title="bbox 1995 2684 3598 2757">
     <span class='ocr_line' id='line_1_71' title="bbox 1995 2684 3598 2757; baseline -0.002 -15"><span class='ocrx_word' id='word_1_523' title='bbox 1995 2685 2160 2742; x_wconf 89' lang='lat' dir='ltr'><strong>ablui.</strong></span> <span class='ocrx_word' id='word_1_524' title='bbox 2190 2685 2250 2743; x_wconf 89' lang='lat' dir='ltr'><strong>In</strong></span> <span class='ocrx_word' id='word_1_525' title='bbox 2284 2701 2484 2742; x_wconf 90' lang='lat' dir='ltr'><strong>vanum</strong></span> <span class='ocrx_word' id='word_1_526' title='bbox 2513 2686 2844 2757; x_wconf 88' lang='lat' dir='ltr'><strong>baptismata</strong></span> <span class='ocrx_word' id='word_1_527' title='bbox 2888 2694 3107 2743; x_wconf 89' lang='lat' dir='ltr'><strong>servant</strong></span> <span class='ocrx_word' id='word_1_528' title='bbox 3161 2700 3435 2750; x_wconf 89' lang='lat' dir='ltr'><strong>vasorum,</strong></span> <span class='ocrx_word' id='word_1_529' title='bbox 3485 2684 3598 2754; x_wconf 32' lang='lat' dir='ltr'><strong>qui,</strong></span> 
     </span>
    </p>
   </div>
   <div class='ocr_carea' id='block_1_72' title="bbox 1993 2776 3587 2849">
    <p class='ocr_par' dir='ltr' id='par_1_72' title="bbox 1993 2776 3587 2849">
     <span class='ocr_line' id='line_1_72' title="bbox 1993 2776 3587 2849; baseline -0.003 -16"><span class='ocrx_word' id='word_1_530' title='bbox 1993 2777 2238 2833; x_wconf 90' lang='lat' dir='ltr'><strong>cordium</strong></span> <span class='ocrx_word' id='word_1_531' title='bbox 2259 2792 2481 2834; x_wconf 89' lang='lat' dir='ltr'><strong>suorum</strong></span> <span class='ocrx_word' id='word_1_532' title='bbox 2501 2784 2556 2833; x_wconf 92' lang='lat' dir='ltr'><strong>et</strong></span> <span class='ocrx_word' id='word_1_533' title='bbox 2577 2793 2866 2849; x_wconf 89' lang='lat' dir='ltr'><strong>corporum</strong></span> <span class='ocrx_word' id='word_1_534' title='bbox 2885 2778 3067 2834; x_wconf 91' lang='lat' dir='ltr'><strong>cluere</strong></span> <span class='ocrx_word' id='word_1_535' title='bbox 3081 2777 3269 2833; x_wconf 90' lang='lat' dir='ltr'><strong>sordes</strong></span> <span class='ocrx_word' id='word_1_536' title='bbox 3282 2776 3587 2847; x_wconf 82' lang='lat' dir='ltr'><strong>negligant,</strong></span> 
     </span>
    </p>
   </div>
   <div class='ocr_carea' id='block_1_73' title="bbox 1996 2866 3585 2939">
    <p class='ocr_par' dir='ltr' id='par_1_73' title="bbox 1996 2866 3585 2939">
     <span class='ocr_line' id='line_1_73' title="bbox 1996 2866 3585 2939; baseline -0.003 -15"><span class='ocrx_word' id='word_1_537' title='bbox 1996 2883 2121 2924; x_wconf 93' lang='lat' dir='ltr'><strong>cum</strong></span> <span class='ocrx_word' id='word_1_538' title='bbox 2159 2876 2370 2925; x_wconf 89' lang='lat' dir='ltr'><strong>certum</strong></span> <span class='ocrx_word' id='word_1_539' title='bbox 2405 2867 2479 2925; x_wconf 90' lang='lat' dir='ltr'><strong>sit</strong></span> <span class='ocrx_word' id='word_1_540' title='bbox 2505 2867 2748 2939; x_wconf 88' lang='lat' dir='ltr'><strong>Moysen,</strong></span> <span class='ocrx_word' id='word_1_541' title='bbox 2778 2876 2834 2924; x_wconf 91' lang='lat' dir='ltr'><strong>et</strong></span> <span class='ocrx_word' id='word_1_542' title='bbox 2855 2868 3169 2939; x_wconf 84' lang='lat' dir='ltr'><strong>prophetas,</strong></span> <span class='ocrx_word' id='word_1_543' title='bbox 3207 2866 3298 2937; x_wconf 90' lang='lat' dir='ltr'><strong>qui</strong></span> <span class='ocrx_word' id='word_1_544' title='bbox 3332 2879 3460 2921; x_wconf 90' lang='lat' dir='ltr'><strong>vasa</strong></span> <span class='ocrx_word' id='word_1_545' title='bbox 3489 2871 3585 2934; x_wconf 84' lang='lat' dir='ltr'><strong>po-</strong></span> 
     </span>
    </p>
   </div>
   <div class='ocr_carea' id='block_1_74' title="bbox 1994 2956 3585 3032">
    <p class='ocr_par' dir='ltr' id='par_1_74' title="bbox 1994 2956 3585 3032">
     <span class='ocr_line' id='line_1_74' title="bbox 1994 2956 3585 3032; baseline -0.003 -17"><span class='ocrx_word' id='word_1_546' title='bbox 1994 2959 2108 3032; x_wconf 90' lang='lat' dir='ltr'><strong>puli</strong></span> <span class='ocrx_word' id='word_1_547' title='bbox 2154 2958 2252 3015; x_wconf 87' lang='lat' dir='ltr'><strong>Dei</strong></span> <span class='ocrx_word' id='word_1_548' title='bbox 2286 2959 2373 3015; x_wconf 92' lang='lat' dir='ltr'><strong>vel</strong></span> <span class='ocrx_word' id='word_1_549' title='bbox 2424 2959 2581 3030; x_wconf 90' lang='lat' dir='ltr'><strong>aquis</strong></span> <span class='ocrx_word' id='word_1_550' title='bbox 2635 2959 2788 3027; x_wconf 92' lang='lat' dir='ltr'><strong>dilui,</strong></span> <span class='ocrx_word' id='word_1_551' title='bbox 2820 2959 2904 3017; x_wconf 87' lang='lat' dir='ltr'><strong>vel</strong></span> <span class='ocrx_word' id='word_1_552' title='bbox 2932 2960 3054 3031; x_wconf 88' lang='lat' dir='ltr'><strong>igne</strong></span> <span class='ocrx_word' id='word_1_553' title='bbox 3082 2957 3325 3030; x_wconf 89' lang='lat' dir='ltr'><strong>purgari,</strong></span> <span class='ocrx_word' id='word_1_554' title='bbox 3355 2956 3440 3012; x_wconf 89' lang='lat' dir='ltr'><strong>vel</strong></span> <span class='ocrx_word' id='word_1_555' title='bbox 3464 2956 3585 3012; x_wconf 87' lang='lat' dir='ltr'><strong>oleo</strong></span> 
     </span>
    </p>
   </div>
   <div class='ocr_carea' id='block_1_75' title="bbox 1998 3047 3584 3121">
    <p class='ocr_par' dir='ltr' id='par_1_75' title="bbox 1998 3047 3584 3121">
     <span class='ocr_line' id='line_1_75' title="bbox 1998 3047 3584 3121; baseline -0.004 -15"><span class='ocrx_word' id='word_1_556' title='bbox 1998 3047 2329 3107; x_wconf 84' lang='lat' dir='ltr'><strong>sanctiﬁcari</strong></span> <span class='ocrx_word' id='word_1_557' title='bbox 2352 3065 2675 3121; x_wconf 89' lang='lat' dir='ltr'><strong>quacunque</strong></span> <span class='ocrx_word' id='word_1_558' title='bbox 2703 3065 2770 3105; x_wconf 79' lang='lat' dir='ltr'><strong>ex</strong></span> <span class='ocrx_word' id='word_1_559' title='bbox 2808 3064 2972 3107; x_wconf 86' lang='lat' dir='ltr'><strong>causa</strong></span> <span class='ocrx_word' id='word_1_560' title='bbox 3014 3048 3318 3120; x_wconf 85' lang='lat' dir='ltr'><strong>jusserunt,</strong></span> <span class='ocrx_word' id='word_1_561' title='bbox 3368 3062 3473 3102; x_wconf 88' lang='lat' dir='ltr'><strong>non</strong></span> <span class='ocrx_word' id='word_1_562' title='bbox 3530 3047 3584 3101; x_wconf 91' lang='lat' dir='ltr'><strong>in</strong></span> 
     </span>
    </p>
   </div>
   <div class='ocr_carea' id='block_1_76' title="bbox 1999 3137 3586 3205">
    <p class='ocr_par' dir='ltr' id='par_1_76' title="bbox 1999 3137 3586 3205">
     <span class='ocr_line' id='line_1_76' title="bbox 1999 3137 3586 3205; baseline -0.003 -11"><span class='ocrx_word' id='word_1_563' title='bbox 1999 3139 2106 3196; x_wconf 89' lang='lat' dir='ltr'><strong>hoc</strong></span> <span class='ocrx_word' id='word_1_564' title='bbox 2132 3139 2495 3196; x_wconf 87' lang='lat' dir='ltr'><strong>materialium</strong></span> <span class='ocrx_word' id='word_1_565' title='bbox 2517 3156 2700 3196; x_wconf 90' lang='lat' dir='ltr'><strong>rerum</strong></span> <span class='ocrx_word' id='word_1_566' title='bbox 2719 3138 3178 3205; x_wconf 90' lang='lat' dir='ltr'><strong>emundationem,</strong></span> <span class='ocrx_word' id='word_1_567' title='bbox 3202 3137 3296 3194; x_wconf 91' lang='lat' dir='ltr'><strong>sed</strong></span> <span class='ocrx_word' id='word_1_568' title='bbox 3320 3137 3586 3192; x_wconf 85' lang='lat' dir='ltr'><strong>mentium</strong></span> 
     </span>
    </p>
   </div>
   <div class='ocr_carea' id='block_1_77' title="bbox 1923 3205 3587 3302">
    <p class='ocr_par' dir='ltr' id='par_1_77' title="bbox 1923 3205 3587 3302">
     <span class='ocr_line' id='line_1_77' title="bbox 1923 3205 3587 3302; baseline -0.004 -14"><span class='ocrx_word' id='word_1_569' title='bbox 1923 3205 1968 3270; x_wconf 65' lang='grc' dir='ltr'><strong>(ἶ</strong></span> <span class='ocrx_word' id='word_1_570' title='bbox 1998 3231 2179 3301; x_wconf 91' lang='lat' dir='ltr'><strong>potius</strong></span> <span class='ocrx_word' id='word_1_571' title='bbox 2200 3238 2257 3287; x_wconf 90' lang='lat' dir='ltr'><strong>et</strong></span> <span class='ocrx_word' id='word_1_572' title='bbox 2283 3246 2509 3302; x_wconf 92' lang='lat' dir='ltr'><strong>operum</strong></span> <span class='ocrx_word' id='word_1_573' title='bbox 2545 3230 2980 3302; x_wconf 86' lang='lat' dir='ltr'><strong>castigationem,</strong></span> <span class='ocrx_word' id='word_1_574' title='bbox 3035 3246 3101 3285; x_wconf 91' lang='lat' dir='ltr'><strong>ac</strong></span> <span class='ocrx_word' id='word_1_575' title='bbox 3146 3228 3587 3293; x_wconf 85' lang='lat' dir='ltr'><strong>sanctimoniam,</strong></span> 
     </span>
    </p>
   </div>
   <div class='ocr_carea' id='block_1_78' title="bbox 1997 3321 3258 3394">
    <p class='ocr_par' dir='ltr' id='par_1_78' title="bbox 1997 3321 3258 3394">
     <span class='ocr_line' id='line_1_78' title="bbox 1997 3321 3258 3394; baseline -0.002 -17"><span class='ocrx_word' id='word_1_576' title='bbox 1997 3331 2160 3394; x_wconf 90' lang='lat' dir='ltr'><strong>atque</strong></span> <span class='ocrx_word' id='word_1_577' title='bbox 2189 3323 2495 3379; x_wconf 89' lang='lat' dir='ltr'><strong>animarum</strong></span> <span class='ocrx_word' id='word_1_578' title='bbox 2531 3323 2690 3389; x_wconf 86' lang='lat' dir='ltr'><strong>nobis</strong></span> <span class='ocrx_word' id='word_1_579' title='bbox 2719 3322 2981 3378; x_wconf 87' lang='lat' dir='ltr'><strong>mandare</strong></span> <span class='ocrx_word' id='word_1_580' title='bbox 3007 3321 3258 3379; x_wconf 71' lang='lat' dir='ltr'><strong>salutem.</strong></span> 
     </span>
    </p>
   </div>
   <div class='ocr_carea' id='block_1_79' title="bbox 2071 3408 3602 3488">
    <p class='ocr_par' dir='ltr' id='par_1_79' title="bbox 2071 3408 3602 3488">
     <span class='ocr_line' id='line_1_79' title="bbox 2071 3408 3602 3488; baseline -0.007 -18"><span class='ocrx_word' id='word_1_581' title='bbox 2071 3412 2194 3488; x_wconf 88' lang='lat' dir='ltr'><strong>[ll.]</strong></span> <span class='ocrx_word' id='word_1_582' title='bbox 2242 3413 2312 3469; x_wconf 85' lang='lat' dir='ltr'><strong>Et</strong></span> <span class='ocrx_word' id='word_1_583' title='bbox 2334 3431 2571 3486; x_wconf 84' lang='lat' dir='ltr'><strong>egressus</strong></span> <span class='ocrx_word' id='word_1_584' title='bbox 2598 3414 2722 3468; x_wconf 85' lang='lat' dir='ltr'><strong>inde</strong></span> <span class='ocrx_word' id='word_1_585' title='bbox 2735 3412 2892 3470; x_wconf 76' lang='lat' dir='ltr'><strong>Iesus</strong></span> <span class='ocrx_word' id='word_1_586' title='bbox 2914 3414 3122 3468; x_wconf 77' lang='lat' dir='ltr'><strong>secessit</strong></span> <span class='ocrx_word' id='word_1_587' title='bbox 3149 3413 3205 3467; x_wconf 91' lang='lat' dir='ltr'><strong>in</strong></span> <span class='ocrx_word' id='word_1_588' title='bbox 3234 3420 3409 3482; x_wconf 82' lang='lat' dir='ltr'><strong>partes</strong></span> <span class='ocrx_word' id='word_1_589' title='bbox 3460 3408 3501 3461; x_wconf 85' lang='grc' dir='ltr'><em>Τ</em></span> <span class='ocrx_word' id='word_1_590' title='bbox 3504 3410 3602 3478; x_wconf 72' lang='lat' dir='ltr'><strong>yri~</strong></span> 
     </span>
    </p>
   </div>
   <div class='ocr_carea' id='block_1_80' title="bbox 1997 3501 3583 3578">
    <p class='ocr_par' dir='ltr' id='par_1_80' title="bbox 1997 3501 3583 3578">
     <span class='ocr_line' id='line_1_80' title="bbox 1997 3501 3583 3578; baseline -0.004 -17"><span class='ocrx_word' id='word_1_591' title='bbox 1997 3515 2047 3561; x_wconf 86' lang='lat' dir='ltr'><strong>et</strong></span> <span class='ocrx_word' id='word_1_592' title='bbox 2086 3504 2322 3561; x_wconf 85' lang='lat' dir='ltr'><strong>Sidonis.</strong></span> <span class='ocrx_word' id='word_1_593' title='bbox 2352 3503 2629 3578; x_wconf 70' lang='lat' dir='ltr'><strong>(Hierom)</strong></span> <span class='ocrx_word' id='word_1_594' title='bbox 2651 3504 2860 3562; x_wconf 89' lang='lat' dir='ltr'><strong>Scribis</strong></span> <span class='ocrx_word' id='word_1_595' title='bbox 2883 3515 2939 3561; x_wconf 89' lang='lat' dir='ltr'><strong>et</strong></span> <span class='ocrx_word' id='word_1_596' title='bbox 2965 3503 3256 3560; x_wconf 66' lang='lat' dir='ltr'><strong>Pharisaais</strong></span> <span class='ocrx_word' id='word_1_597' title='bbox 3286 3501 3583 3557; x_wconf 62' lang='lat' dir='ltr'><strong>calumnia—</strong></span> 
     </span>
    </p>
   </div>
   <div class='ocr_carea' id='block_1_81' title="bbox 2000 3595 3578 3669">
    <p class='ocr_par' dir='ltr' id='par_1_81' title="bbox 2000 3595 3578 3669">
     <span class='ocr_line' id='line_1_81' title="bbox 2000 3595 3578 3669; baseline -0.003 -15"><span class='ocrx_word' id='word_1_598' title='bbox 2000 3598 2208 3654; x_wconf 92' lang='lat' dir='ltr'><strong>toribus</strong></span> <span class='ocrx_word' id='word_1_599' title='bbox 2245 3598 2533 3664; x_wconf 90' lang='lat' dir='ltr'><strong>derelictis,</strong></span> <span class='ocrx_word' id='word_1_600' title='bbox 2567 3598 2962 3669; x_wconf 81' lang='lat' dir='ltr'><strong>transgreditur</strong></span> <span class='ocrx_word' id='word_1_601' title='bbox 3010 3598 3063 3651; x_wconf 88' lang='lat' dir='ltr'><strong>in</strong></span> <span class='ocrx_word' id='word_1_602' title='bbox 3116 3604 3301 3667; x_wconf 87' lang='lat' dir='ltr'><strong>partes</strong></span> <span class='ocrx_word' id='word_1_603' title='bbox 3348 3595 3476 3665; x_wconf 86' lang='lat' dir='ltr'><strong>Tyri</strong></span> <span class='ocrx_word' id='word_1_604' title='bbox 3515 3609 3578 3649; x_wconf 83' lang='lat' dir='ltr'><strong>ac</strong></span> 
     </span>
    </p>
   </div>
   <div class='ocr_carea' id='block_1_82' title="bbox 2000 3685 3583 3756">
    <p class='ocr_par' dir='ltr' id='par_1_82' title="bbox 2000 3685 3583 3756">
     <span class='ocr_line' id='line_1_82' title="bbox 2000 3685 3583 3756; baseline -0.003 -14"><span class='ocrx_word' id='word_1_605' title='bbox 2000 3686 2241 3752; x_wconf 90' lang='lat' dir='ltr'><strong>Sidonis,</strong></span> <span class='ocrx_word' id='word_1_606' title='bbox 2268 3686 2359 3741; x_wconf 91' lang='lat' dir='ltr'><strong>ubi</strong></span> <span class='ocrx_word' id='word_1_607' title='bbox 2386 3686 2671 3741; x_wconf 82' lang='lat' dir='ltr'><strong>manifeste</strong></span> <span class='ocrx_word' id='word_1_608' title='bbox 2696 3685 3073 3756; x_wconf 57' lang='lat' dir='ltr'><strong>praefiguntur</strong></span> <span class='ocrx_word' id='word_1_609' title='bbox 3112 3686 3256 3752; x_wconf 91' lang='lat' dir='ltr'><strong>quod</strong></span> <span class='ocrx_word' id='word_1_610' title='bbox 3305 3691 3428 3751; x_wconf 88' lang='lat' dir='ltr'><strong>post</strong></span> <span class='ocrx_word' id='word_1_611' title='bbox 3459 3698 3583 3752; x_wconf 89' lang='lat' dir='ltr'><strong>pas-</strong></span> 
     </span>
    </p>
   </div>
   <div class='ocr_carea' id='block_1_83' title="bbox 1999 3768 3587 3838">
    <p class='ocr_par' dir='ltr' id='par_1_83' title="bbox 1999 3768 3587 3838">
     <span class='ocr_line' id='line_1_83' title="bbox 1999 3768 3587 3838; baseline -0.003 -13"><span class='ocrx_word' id='word_1_612' title='bbox 1999 3771 2205 3826; x_wconf 88' lang='lat' dir='ltr'><strong>sionem</strong></span> <span class='ocrx_word' id='word_1_613' title='bbox 2231 3771 2789 3838; x_wconf 87' lang='lat' dir='ltr'><strong>resurrcctionemque</strong></span> <span class='ocrx_word' id='word_1_614' title='bbox 2815 3784 2968 3824; x_wconf 88' lang='lat' dir='ltr'><strong>suam</strong></span> <span class='ocrx_word' id='word_1_615' title='bbox 3023 3768 3287 3823; x_wconf 89' lang='lat' dir='ltr'><strong>Dominus</strong></span> <span class='ocrx_word' id='word_1_616' title='bbox 3335 3769 3389 3822; x_wconf 92' lang='lat' dir='ltr'><strong>in</strong></span> <span class='ocrx_word' id='word_1_617' title='bbox 3446 3784 3587 3838; x_wconf 71' lang='lat' dir='ltr'><strong>pra:-</strong></span> 
     </span>
    </p>
   </div>
   <div class='ocr_carea' id='block_1_84' title="bbox 1999 3858 3593 3930">
    <p class='ocr_par' dir='ltr' id='par_1_84' title="bbox 1999 3858 3593 3930">
     <span class='ocr_line' id='line_1_84' title="bbox 1999 3858 3593 3930; baseline -0.003 -13"><span class='ocrx_word' id='word_1_618' title='bbox 1999 3861 2330 3918; x_wconf 83' lang='lat' dir='ltr'><strong>dicatoribus</strong></span> <span class='ocrx_word' id='word_1_619' title='bbox 2363 3861 2477 3916; x_wconf 88' lang='lat' dir='ltr'><strong>suis</strong></span> <span class='ocrx_word' id='word_1_620' title='bbox 2504 3858 2812 3915; x_wconf 61' lang='lat' dir='ltr'><strong>Iudaeorum</strong></span> <span class='ocrx_word' id='word_1_621' title='bbox 2841 3858 3059 3930; x_wconf 72' lang='lat' dir='ltr'><strong>perfida</strong></span> <span class='ocrx_word' id='word_1_622' title='bbox 3082 3859 3247 3915; x_wconf 89' lang='lat' dir='ltr'><strong>corda</strong></span> <span class='ocrx_word' id='word_1_623' title='bbox 3275 3858 3593 3922; x_wconf 84' lang='lat' dir='ltr'><strong>relicturus,</strong></span> 
     </span>
    </p>
   </div>
   <div class='ocr_carea' id='block_1_85' title="bbox 2000 3950 3583 4023">
    <p class='ocr_par' dir='ltr' id='par_1_85' title="bbox 2000 3950 3583 4023">
     <span class='ocr_line' id='line_1_85' title="bbox 2000 3950 3583 4023; baseline -0.002 -15"><span class='ocrx_word' id='word_1_624' title='bbox 2000 3959 2057 4008; x_wconf 87' lang='lat' dir='ltr'><strong>et</strong></span> <span class='ocrx_word' id='word_1_625' title='bbox 2098 3952 2153 4007; x_wconf 90' lang='lat' dir='ltr'><strong>in</strong></span> <span class='ocrx_word' id='word_1_626' title='bbox 2201 3959 2385 4022; x_wconf 90' lang='lat' dir='ltr'><strong>partes</strong></span> <span class='ocrx_word' id='word_1_627' title='bbox 2425 3950 2665 4023; x_wconf 89' lang='lat' dir='ltr'><strong>gentium</strong></span> <span class='ocrx_word' id='word_1_628' title='bbox 2716 3960 3027 4009; x_wconf 67' lang='lat' dir='ltr'><strong>exterarum</strong></span> <span class='ocrx_word' id='word_1_629' title='bbox 3063 3958 3211 4009; x_wconf 88' lang='lat' dir='ltr'><strong>esset</strong></span> <span class='ocrx_word' id='word_1_630' title='bbox 3229 3966 3583 4008; x_wconf 82' lang='lat' dir='ltr'><strong>secessums:</strong></span> 
     </span>
    </p>
   </div>
   <div class='ocr_carea' id='block_1_86' title="bbox 1999 4041 3584 4119">
    <p class='ocr_par' dir='ltr' id='par_1_86' title="bbox 1999 4041 3584 4119">
     <span class='ocr_line' id='line_1_86' title="bbox 1999 4041 3584 4119; baseline -0.004 -16"><span class='ocrx_word' id='word_1_631' title='bbox 1999 4044 2178 4119; x_wconf 84' lang='lat' dir='ltr'><strong>Tyrus</strong></span> <span class='ocrx_word' id='word_1_632' title='bbox 2192 4042 2391 4117; x_wconf 84' lang='lat' dir='ltr'><strong>quippe</strong></span> <span class='ocrx_word' id='word_1_633' title='bbox 2412 4052 2468 4102; x_wconf 84' lang='lat' dir='ltr'><strong>et</strong></span> <span class='ocrx_word' id='word_1_634' title='bbox 2489 4041 2674 4108; x_wconf 85' lang='lat' dir='ltr'><strong>Sidon,</strong></span> <span class='ocrx_word' id='word_1_635' title='bbox 2700 4061 2820 4115; x_wconf 72' lang='lat' dir='ltr'><strong>qua:</strong></span> <span class='ocrx_word' id='word_1_636' title='bbox 2845 4046 3090 4101; x_wconf 82' lang='lat' dir='ltr'><strong>civitates</strong></span> <span class='ocrx_word' id='word_1_637' title='bbox 3117 4044 3268 4100; x_wconf 87' lang='lat' dir='ltr'><strong>fuere</strong></span> <span class='ocrx_word' id='word_1_638' title='bbox 3282 4042 3584 4115; x_wconf 87' lang='lat' dir='ltr'><strong>gentilium.</strong></span> 
     </span>
    </p>
   </div>
   <div class='ocr_carea' id='block_1_87' title="bbox 2000 4133 3603 4208">
    <p class='ocr_par' dir='ltr' id='par_1_87' title="bbox 2000 4133 3603 4208">
     <span class='ocr_line' id='line_1_87' title="bbox 2000 4133 3603 4208; baseline -0.007 -13"><span class='ocrx_word' id='word_1_639' title='bbox 2000 4138 2333 4195; x_wconf 89' lang='lat' dir='ltr'><strong>munimenta</strong></span> <span class='ocrx_word' id='word_1_640' title='bbox 2387 4136 2650 4193; x_wconf 84' lang='lat' dir='ltr'><strong>doctrinae</strong></span> <span class='ocrx_word' id='word_1_641' title='bbox 2687 4151 2753 4192; x_wconf 89' lang='lat' dir='ltr'><strong>ac</strong></span> <span class='ocrx_word' id='word_1_642' title='bbox 2799 4137 2927 4192; x_wconf 77' lang='lat' dir='ltr'><strong>vitae</strong></span> <span class='ocrx_word' id='word_1_643' title='bbox 2974 4135 3247 4208; x_wconf 84' lang='lat' dir='ltr'><strong>gentibus,</strong></span> <span class='ocrx_word' id='word_1_644' title='bbox 3299 4134 3355 4190; x_wconf 92' lang='lat' dir='ltr'><strong>in</strong></span> <span class='ocrx_word' id='word_1_645' title='bbox 3387 4133 3603 4205; x_wconf 87' lang='lat' dir='ltr'><strong>quibus.</strong></span> 
     </span>
    </p>
   </div>
   <div class='ocr_carea' id='block_1_88' title="bbox 1998 4230 2759 4299">
    <p class='ocr_par' dir='ltr' id='par_1_88' title="bbox 1998 4230 2759 4299">
     <span class='ocr_line' id='line_1_88' title="bbox 1998 4230 2759 4299; baseline -0.005 -9"><span class='ocrx_word' id='word_1_646' title='bbox 1998 4231 2150 4290; x_wconf 90' lang='lat' dir='ltr'><strong>stulti</strong></span> <span class='ocrx_word' id='word_1_647' title='bbox 2176 4230 2478 4299; x_wconf 81' lang='lat' dir='ltr'><strong>confidunt,</strong></span> <span class='ocrx_word' id='word_1_648' title='bbox 2501 4232 2759 4288; x_wconf 90' lang='lat' dir='ltr'><strong>indicant.</strong></span> 
     </span>
    </p>
   </div>
   <div class='ocr_carea' id='block_1_89' title="bbox 2070 4320 3595 4394">
    <p class='ocr_par' dir='ltr' id='par_1_89' title="bbox 2070 4320 3595 4394">
     <span class='ocr_line' id='line_1_89' title="bbox 2070 4320 3595 4394; baseline 0.001 -17"><span class='ocrx_word' id='word_1_649' title='bbox 2070 4321 2141 4377; x_wconf 86' lang='lat' dir='ltr'><strong>Et</strong></span> <span class='ocrx_word' id='word_1_650' title='bbox 2168 4338 2284 4376; x_wconf 89' lang='lat' dir='ltr'><strong>ecce</strong></span> <span class='ocrx_word' id='word_1_651' title='bbox 2309 4320 2499 4376; x_wconf 84' lang='lat' dir='ltr'><strong>mulier</strong></span> <span class='ocrx_word' id='word_1_652' title='bbox 2527 4320 2796 4377; x_wconf 81' lang='lat' dir='ltr'><strong>Cananwa</strong></span> <span class='ocrx_word' id='word_1_653' title='bbox 2820 4340 2855 4377; x_wconf 91' lang='lat' dir='ltr'><strong>a</strong></span> <span class='ocrx_word' id='word_1_654' title='bbox 2883 4322 3075 4392; x_wconf 76' lang='lat' dir='ltr'><strong>ﬁnibus</strong></span> <span class='ocrx_word' id='word_1_655' title='bbox 3096 4322 3203 4378; x_wconf 81' lang='lat' dir='ltr'><strong>illis</strong></span> <span class='ocrx_word' id='word_1_656' title='bbox 3228 4338 3455 4394; x_wconf 80' lang='lat' dir='ltr'><strong>egressa,</strong></span> <span class='ocrx_word' id='word_1_657' title='bbox 3485 4323 3595 4378; x_wconf 77' lang='lat' dir='ltr'><strong>cla-</strong></span> 
     </span>
    </p>
   </div>
   <div class='ocr_carea' id='block_1_90' title="bbox 2000 4412 3589 4483">
    <p class='ocr_par' dir='ltr' id='par_1_90' title="bbox 2000 4412 3589 4483">
     <span class='ocr_line' id='line_1_90' title="bbox 2000 4412 3589 4483; baseline -0.003 -14"><span class='ocrx_word' id='word_1_658' title='bbox 2000 4413 2458 4469; x_wconf 79' lang='lat' dir='ltr'><strong>ntavitdicensei:</strong></span> <span class='ocrx_word' id='word_1_659' title='bbox 2507 4412 2761 4468; x_wconf 80' lang='lat' dir='ltr'><strong>Miserere</strong></span> <span class='ocrx_word' id='word_1_660' title='bbox 2801 4416 2924 4481; x_wconf 81' lang='lat' dir='ltr'><strong>mei,</strong></span> <span class='ocrx_word' id='word_1_661' title='bbox 2976 4414 3217 4482; x_wconf 85' lang='lat' dir='ltr'><strong>Domine,</strong></span> <span class='ocrx_word' id='word_1_662' title='bbox 3272 4413 3352 4483; x_wconf 81' lang='lat' dir='ltr'><strong>fili</strong></span> <span class='ocrx_word' id='word_1_663' title='bbox 3396 4414 3589 4469; x_wconf 76' lang='lat' dir='ltr'><strong>David.</strong></span> 
     </span>
    </p>
   </div>
   <div class='ocr_carea' id='block_1_91' title="bbox 303 4501 3595 4580">
    <p class='ocr_par' dir='ltr' id='par_1_91' title="bbox 303 4501 3595 4580">
     <span class='ocr_line' id='line_1_91' title="bbox 303 4501 3595 4580; baseline -0.002 -15"><span class='ocrx_word' id='word_1_664' title='bbox 303 4507 653 4580; x_wconf 84' lang='lat' dir='ltr'><strong>coinquinant</strong></span> <span class='ocrx_word' id='word_1_665' title='bbox 679 4506 962 4561; x_wconf 86' lang='lat' dir='ltr'><strong>hominem.</strong></span> <span class='ocrx_word' id='word_1_666' title='bbox 993 4503 1071 4559; x_wconf 90' lang='lat' dir='ltr'><strong>De</strong></span> <span class='ocrx_word' id='word_1_667' title='bbox 1084 4503 1243 4560; x_wconf 88' lang='lat' dir='ltr'><strong>corde</strong></span> <span class='ocrx_word' id='word_1_668' title='bbox 1258 4504 1398 4560; x_wconf 87' lang='lat' dir='ltr'><strong>enim</strong></span> <span class='ocrx_word' id='word_1_669' title='bbox 1410 4510 1598 4558; x_wconf 74' lang='lat' dir='ltr'><strong>exeunt</strong></span> <span class='ocrx_word' id='word_1_670' title='bbox 1627 4501 1897 4573; x_wconf 83' lang='lat' dir='ltr'><strong>cogitatio-</strong></span> <span class='ocrx_word' id='word_1_671' title='bbox 1922 4554 1977 4580; x_wconf 55' lang='grc' dir='ltr'><strong>ι</strong></span> <span class='ocrx_word' id='word_1_672' title='bbox 2001 4505 2146 4572; x_wconf 79' lang='lat' dir='ltr'><strong>Bene</strong></span> <span class='ocrx_word' id='word_1_673' title='bbox 2170 4502 2383 4569; x_wconf 88' lang='lat' dir='ltr'><strong>mulier,</strong></span> <span class='ocrx_word' id='word_1_674' title='bbox 2407 4519 2529 4575; x_wconf 66' lang='lat' dir='ltr'><strong>quae</strong></span> <span class='ocrx_word' id='word_1_675' title='bbox 2552 4503 2842 4560; x_wconf 91' lang='lat' dir='ltr'><strong>Dominum</strong></span> <span class='ocrx_word' id='word_1_676' title='bbox 2867 4505 3086 4561; x_wconf 89' lang='lat' dir='ltr'><strong>credula</strong></span> <span class='ocrx_word' id='word_1_677' title='bbox 3112 4513 3390 4575; x_wconf 90' lang='lat' dir='ltr'><strong>precatur,</strong></span> <span class='ocrx_word' id='word_1_678' title='bbox 3417 4520 3449 4559; x_wconf 90' lang='lat' dir='ltr'><strong>a</strong></span> <span class='ocrx_word' id='word_1_679' title='bbox 3473 4503 3595 4564; x_wconf 83' lang='lat' dir='ltr'><strong>lini-</strong></span> 
     </span>
    </p>
   </div>
   <div class='ocr_carea' id='block_1_92' title="bbox 305 4591 1896 4665">
    <p class='ocr_par' dir='ltr' id='par_1_92' title="bbox 305 4591 1896 4665">
     <span class='ocr_line' id='line_1_92' title="bbox 305 4591 1896 4665; baseline -0.006 -10"><span class='ocrx_word' id='word_1_680' title='bbox 305 4617 402 4655; x_wconf 83' lang='lat' dir='ltr'><strong>nes</strong></span> <span class='ocrx_word' id='word_1_681' title='bbox 424 4597 604 4664; x_wconf 72' lang='lat' dir='ltr'><strong>malta,</strong></span> <span class='ocrx_word' id='word_1_682' title='bbox 624 4594 928 4659; x_wconf 85' lang='lat' dir='ltr'><strong>homicidia,</strong></span> <span class='ocrx_word' id='word_1_683' title='bbox 963 4593 1249 4661; x_wconf 86' lang='lat' dir='ltr'><strong>adulteria,</strong></span> <span class='ocrx_word' id='word_1_684' title='bbox 1291 4593 1690 4665; x_wconf 81' lang='lat' dir='ltr'><strong>fornicationes,</strong></span> <span class='ocrx_word' id='word_1_685' title='bbox 1727 4591 1896 4661; x_wconf 79' lang='lat' dir='ltr'><strong>furta,</strong></span> 
     </span>
    </p>
   </div>
   <div class='ocr_carea' id='block_1_93' title="bbox 305 4682 1900 4762">
    <p class='ocr_par' dir='ltr' id='par_1_93' title="bbox 305 4682 1900 4762">
     <span class='ocr_line' id='line_1_93' title="bbox 305 4682 1900 4762; baseline -0.004 -17"><span class='ocrx_word' id='word_1_686' title='bbox 305 4690 453 4762; x_wconf 80' lang='lat' dir='ltr'><strong>falsa</strong></span> <span class='ocrx_word' id='word_1_687' title='bbox 467 4687 782 4753; x_wconf 84' lang='lat' dir='ltr'><strong>testimonia,</strong></span> <span class='ocrx_word' id='word_1_688' title='bbox 796 4692 852 4740; x_wconf 88' lang='lat' dir='ltr'><strong>et</strong></span> <span class='ocrx_word' id='word_1_689' title='bbox 874 4685 1028 4755; x_wconf 91' lang='lat' dir='ltr'><strong>reliq.</strong></span> <span class='ocrx_word' id='word_1_690' title='bbox 1045 4682 1122 4740; x_wconf 89' lang='lat' dir='ltr'><strong>De</strong></span> <span class='ocrx_word' id='word_1_691' title='bbox 1139 4686 1319 4752; x_wconf 89' lang='lat' dir='ltr'><strong>corde,</strong></span> <span class='ocrx_word' id='word_1_692' title='bbox 1342 4685 1538 4756; x_wconf 84' lang='lat' dir='ltr'><strong>inquit,</strong></span> <span class='ocrx_word' id='word_1_693' title='bbox 1559 4696 1745 4740; x_wconf 72' lang='lat' dir='ltr'><strong>exeunt</strong></span> <span class='ocrx_word' id='word_1_694' title='bbox 1761 4686 1900 4755; x_wconf 83' lang='lat' dir='ltr'><strong>cogi-</strong></span> 
     </span>
    </p>
   </div>
   <div class='ocr_carea' id='block_1_94' title="bbox 302 4773 1900 4848">
    <p class='ocr_par' dir='ltr' id='par_1_94' title="bbox 302 4773 1900 4848">
     <span class='ocr_line' id='line_1_94' title="bbox 302 4773 1900 4848; baseline -0.003 -15"><span class='ocrx_word' id='word_1_695' title='bbox 302 4778 538 4834; x_wconf 84' lang='lat' dir='ltr'><strong>tationes</strong></span> <span class='ocrx_word' id='word_1_696' title='bbox 560 4777 735 4833; x_wconf 68' lang='lat' dir='ltr'><strong>malae.</strong></span> <span class='ocrx_word' id='word_1_697' title='bbox 767 4777 910 4848; x_wconf 87' lang='lat' dir='ltr'><strong>Ergo</strong></span> <span class='ocrx_word' id='word_1_698' title='bbox 932 4776 1126 4831; x_wconf 77' lang='lat' dir='ltr'><strong>animae</strong></span> <span class='ocrx_word' id='word_1_699' title='bbox 1151 4774 1449 4846; x_wconf 89' lang='lat' dir='ltr'><strong>principale</strong></span> <span class='ocrx_word' id='word_1_700' title='bbox 1467 4790 1574 4832; x_wconf 90' lang='lat' dir='ltr'><strong>non</strong></span> <span class='ocrx_word' id='word_1_701' title='bbox 1589 4773 1746 4844; x_wconf 81' lang='lat' dir='ltr'><strong>juxta</strong></span> <span class='ocrx_word' id='word_1_702' title='bbox 1780 4773 1900 4830; x_wconf 86' lang='lat' dir='ltr'><strong>Pla-</strong></span> 
     </span>
    </p>
   </div>
   <div class='ocr_carea' id='block_1_95' title="bbox 308 4864 1895 4936">
    <p class='ocr_par' dir='ltr' id='par_1_95' title="bbox 308 4864 1895 4936">
     <span class='ocr_line' id='line_1_95' title="bbox 308 4864 1895 4936; baseline -0.004 -12"><span class='ocrx_word' id='word_1_703' title='bbox 308 4877 499 4925; x_wconf 88' lang='lat' dir='ltr'><strong>tonem</strong></span> <span class='ocrx_word' id='word_1_704' title='bbox 525 4868 580 4923; x_wconf 94' lang='lat' dir='ltr'><strong>in</strong></span> <span class='ocrx_word' id='word_1_705' title='bbox 617 4868 863 4934; x_wconf 86' lang='lat' dir='ltr'><strong>cerebro,</strong></span> <span class='ocrx_word' id='word_1_706' title='bbox 892 4866 986 4922; x_wconf 91' lang='lat' dir='ltr'><strong>sed</strong></span> <span class='ocrx_word' id='word_1_707' title='bbox 1008 4865 1164 4936; x_wconf 77' lang='lat' dir='ltr'><strong>juxta</strong></span> <span class='ocrx_word' id='word_1_708' title='bbox 1188 4864 1468 4921; x_wconf 87' lang='lat' dir='ltr'><strong>Christum</strong></span> <span class='ocrx_word' id='word_1_709' title='bbox 1502 4865 1559 4920; x_wconf 93' lang='lat' dir='ltr'><strong>in</strong></span> <span class='ocrx_word' id='word_1_710' title='bbox 1587 4865 1753 4921; x_wconf 89' lang='lat' dir='ltr'><strong>corde</strong></span> <span class='ocrx_word' id='word_1_711' title='bbox 1789 4870 1895 4921; x_wconf 90' lang='lat' dir='ltr'><strong>est.</strong></span> 
     </span>
    </p>
   </div>
   <div class='ocr_carea' id='block_1_96' title="bbox 307 4956 1898 5032">
    <p class='ocr_par' dir='ltr' id='par_1_96' title="bbox 307 4956 1898 5032">
     <span class='ocr_line' id='line_1_96' title="bbox 307 4956 1898 5032; baseline -0.003 -16"><span class='ocrx_word' id='word_1_712' title='bbox 307 4960 382 5016; x_wconf 87' lang='lat' dir='ltr'><strong>Et</strong></span> <span class='ocrx_word' id='word_1_713' title='bbox 407 4958 669 5032; x_wconf 90' lang='lat' dir='ltr'><strong>arguendi</strong></span> <span class='ocrx_word' id='word_1_714' title='bbox 696 4974 762 5015; x_wconf 80' lang='lat' dir='ltr'><strong>ex</strong></span> <span class='ocrx_word' id='word_1_715' title='bbox 789 4959 894 5014; x_wconf 89' lang='lat' dir='ltr'><strong>hac</strong></span> <span class='ocrx_word' id='word_1_716' title='bbox 912 4957 1200 5023; x_wconf 87' lang='lat' dir='ltr'><strong>sententia,</strong></span> <span class='ocrx_word' id='word_1_717' title='bbox 1228 4957 1322 5027; x_wconf 88' lang='lat' dir='ltr'><strong>qui</strong></span> <span class='ocrx_word' id='word_1_718' title='bbox 1348 4957 1703 5030; x_wconf 88' lang='lat' dir='ltr'><strong>cogitationes</strong></span> <span class='ocrx_word' id='word_1_719' title='bbox 1723 4972 1755 5011; x_wconf 91' lang='lat' dir='ltr'><strong>a</strong></span> <span class='ocrx_word' id='word_1_720' title='bbox 1778 4956 1898 5012; x_wconf 89' lang='lat' dir='ltr'><strong>dia-</strong></span> 
     </span>
    </p>
   </div>
   <div class='ocr_carea' id='block_1_97' title="bbox 310 5050 1901 5123">
    <p class='ocr_par' dir='ltr' id='par_1_97' title="bbox 310 5050 1901 5123">
     <span class='ocr_line' id='line_1_97' title="bbox 310 5050 1901 5123; baseline -0.003 -14"><span class='ocrx_word' id='word_1_721' title='bbox 310 5052 442 5110; x_wconf 88' lang='lat' dir='ltr'><strong>bolo</strong></span> <span class='ocrx_word' id='word_1_722' title='bbox 468 5053 687 5109; x_wconf 91' lang='lat' dir='ltr'><strong>immitti</strong></span> <span class='ocrx_word' id='word_1_723' title='bbox 708 5060 921 5123; x_wconf 90' lang='lat' dir='ltr'><strong>putant,</strong></span> <span class='ocrx_word' id='word_1_724' title='bbox 953 5059 1009 5107; x_wconf 92' lang='lat' dir='ltr'><strong>et</strong></span> <span class='ocrx_word' id='word_1_725' title='bbox 1035 5066 1144 5107; x_wconf 92' lang='lat' dir='ltr'><strong>non</strong></span> <span class='ocrx_word' id='word_1_726' title='bbox 1176 5065 1246 5106; x_wconf 80' lang='lat' dir='ltr'><strong>ex</strong></span> <span class='ocrx_word' id='word_1_727' title='bbox 1288 5052 1504 5122; x_wconf 89' lang='lat' dir='ltr'><strong>propria</strong></span> <span class='ocrx_word' id='word_1_728' title='bbox 1530 5052 1681 5109; x_wconf 88' lang='lat' dir='ltr'><strong>nasci</strong></span> <span class='ocrx_word' id='word_1_729' title='bbox 1710 5050 1901 5109; x_wconf 89' lang='lat' dir='ltr'><strong>volun-</strong></span> 
     </span>
    </p>
   </div>
   <div class='ocr_carea' id='block_1_98' title="bbox 312 5143 1905 5215">
    <p class='ocr_par' dir='ltr' id='par_1_98' title="bbox 312 5143 1905 5215">
     <span class='ocr_line' id='line_1_98' title="bbox 312 5143 1905 5215; baseline -0.003 -11"><span class='ocrx_word' id='word_1_730' title='bbox 312 5156 450 5204; x_wconf 88' lang='lat' dir='ltr'><strong>tate.</strong></span> <span class='ocrx_word' id='word_1_731' title='bbox 466 5145 722 5203; x_wconf 88' lang='lat' dir='ltr'><strong>Diabolus</strong></span> <span class='ocrx_word' id='word_1_732' title='bbox 741 5143 957 5215; x_wconf 76' lang='lat' dir='ltr'><strong>adiutor</strong></span> <span class='ocrx_word' id='word_1_733' title='bbox 975 5159 1096 5201; x_wconf 89' lang='lat' dir='ltr'><strong>esse</strong></span> <span class='ocrx_word' id='word_1_734' title='bbox 1113 5153 1170 5200; x_wconf 94' lang='lat' dir='ltr'><strong>et</strong></span> <span class='ocrx_word' id='word_1_735' title='bbox 1194 5143 1443 5200; x_wconf 88' lang='lat' dir='ltr'><strong>incentor</strong></span> <span class='ocrx_word' id='word_1_736' title='bbox 1464 5143 1733 5200; x_wconf 87' lang='lat' dir='ltr'><strong>malarum</strong></span> <span class='ocrx_word' id='word_1_737' title='bbox 1759 5144 1905 5215; x_wconf 86' lang='lat' dir='ltr'><strong>cogi-</strong></span> 
     </span>
    </p>
   </div>
   <div class='ocr_carea' id='block_1_99' title="bbox 311 5234 1902 5310">
    <p class='ocr_par' dir='ltr' id='par_1_99' title="bbox 311 5234 1902 5310">
     <span class='ocr_line' id='line_1_99' title="bbox 311 5234 1902 5310; baseline -0.004 -15"><span class='ocrx_word' id='word_1_738' title='bbox 311 5239 586 5295; x_wconf 86' lang='lat' dir='ltr'><strong>tationum</strong></span> <span class='ocrx_word' id='word_1_739' title='bbox 611 5244 813 5310; x_wconf 88' lang='lat' dir='ltr'><strong>potest,</strong></span> <span class='ocrx_word' id='word_1_740' title='bbox 841 5245 1032 5294; x_wconf 91' lang='lat' dir='ltr'><strong>auctor</strong></span> <span class='ocrx_word' id='word_1_741' title='bbox 1054 5251 1175 5292; x_wconf 91' lang='lat' dir='ltr'><strong>esse</strong></span> <span class='ocrx_word' id='word_1_742' title='bbox 1199 5250 1305 5291; x_wconf 93' lang='lat' dir='ltr'><strong>non</strong></span> <span class='ocrx_word' id='word_1_743' title='bbox 1328 5243 1528 5305; x_wconf 91' lang='lat' dir='ltr'><strong>potest.</strong></span> <span class='ocrx_word' id='word_1_744' title='bbox 1581 5234 1677 5290; x_wconf 89' lang='lat' dir='ltr'><strong>Sin</strong></span> <span class='ocrx_word' id='word_1_745' title='bbox 1723 5243 1902 5291; x_wconf 92' lang='lat' dir='ltr'><strong>autem</strong></span> 
     </span>
    </p>
   </div>
   <div class='ocr_carea' id='block_1_100' title="bbox 312 5326 1924 5401">
    <p class='ocr_par' dir='ltr' id='par_1_100' title="bbox 312 5326 1924 5401">
     <span class='ocr_line' id='line_1_100' title="bbox 312 5326 1924 5401; baseline -0.007 -14"><span class='ocrx_word' id='word_1_746' title='bbox 312 5345 536 5401; x_wconf 88' lang='lat' dir='ltr'><strong>semper</strong></span> <span class='ocrx_word' id='word_1_747' title='bbox 555 5331 608 5386; x_wconf 94' lang='lat' dir='ltr'><strong>in</strong></span> <span class='ocrx_word' id='word_1_748' title='bbox 636 5329 846 5385; x_wconf 88' lang='lat' dir='ltr'><strong>insidiis</strong></span> <span class='ocrx_word' id='word_1_749' title='bbox 859 5328 1084 5400; x_wconf 90' lang='lat' dir='ltr'><strong>positus,</strong></span> <span class='ocrx_word' id='word_1_750' title='bbox 1096 5327 1271 5383; x_wconf 89' lang='lat' dir='ltr'><strong>levem</strong></span> <span class='ocrx_word' id='word_1_751' title='bbox 1289 5326 1673 5395; x_wconf 85' lang='lat' dir='ltr'><strong>cogitationum</strong></span> <span class='ocrx_word' id='word_1_752' title='bbox 1689 5334 1903 5382; x_wconf 89' lang='lat' dir='ltr'><strong>nostra-</strong></span> <span class='ocrx_word' id='word_1_753' title='bbox 1920 5372 1924 5376; x_wconf 83' lang='lat'><strong>.</strong></span> 
     </span>
    </p>
   </div>
   <div class='ocr_carea' id='block_1_101' title="bbox 314 5417 1903 5486">
    <p class='ocr_par' dir='ltr' id='par_1_101' title="bbox 314 5417 1903 5486">
     <span class='ocr_line' id='line_1_101' title="bbox 314 5417 1903 5486; baseline -0.002 -8"><span class='ocrx_word' id='word_1_754' title='bbox 314 5438 445 5478; x_wconf 84' lang='lat' dir='ltr'><strong>rum</strong></span> <span class='ocrx_word' id='word_1_755' title='bbox 479 5423 771 5480; x_wconf 90' lang='lat' dir='ltr'><strong>scintillam</strong></span> <span class='ocrx_word' id='word_1_756' title='bbox 800 5421 914 5477; x_wconf 91' lang='lat' dir='ltr'><strong>suis</strong></span> <span class='ocrx_word' id='word_1_757' title='bbox 936 5419 1215 5477; x_wconf 86' lang='lat' dir='ltr'><strong>fomitibus</strong></span> <span class='ocrx_word' id='word_1_758' title='bbox 1241 5417 1609 5486; x_wconf 85' lang='lat' dir='ltr'><strong>inflammarit,</strong></span> <span class='ocrx_word' id='word_1_759' title='bbox 1650 5434 1757 5475; x_wconf 92' lang='lat' dir='ltr'><strong>non</strong></span> <span class='ocrx_word' id='word_1_760' title='bbox 1808 5420 1903 5476; x_wconf 90' lang='lat' dir='ltr'><strong>de-</strong></span> 
     </span>
    </p>
   </div>
   <div class='ocr_carea' id='block_1_102' title="bbox 312 5509 1905 5584">
    <p class='ocr_par' dir='ltr' id='par_1_102' title="bbox 312 5509 1905 5584">
     <span class='ocr_line' id='line_1_102' title="bbox 312 5509 1905 5584; baseline 0 -15"><span class='ocrx_word' id='word_1_761' title='bbox 312 5512 516 5569; x_wconf 86' lang='lat' dir='ltr'><strong>bemus</strong></span> <span class='ocrx_word' id='word_1_762' title='bbox 536 5512 750 5584; x_wconf 89' lang='lat' dir='ltr'><strong>opinari</strong></span> <span class='ocrx_word' id='word_1_763' title='bbox 769 5526 896 5567; x_wconf 90' lang='lat' dir='ltr'><strong>eum</strong></span> <span class='ocrx_word' id='word_1_764' title='bbox 918 5511 1099 5568; x_wconf 86' lang='lat' dir='ltr'><strong>cordis</strong></span> <span class='ocrx_word' id='word_1_765' title='bbox 1119 5523 1335 5581; x_wconf 91' lang='lat' dir='ltr'><strong>quoque</strong></span> <span class='ocrx_word' id='word_1_766' title='bbox 1357 5509 1570 5566; x_wconf 89' lang='lat' dir='ltr'><strong>occulta</strong></span> <span class='ocrx_word' id='word_1_767' title='bbox 1584 5510 1792 5577; x_wconf 89' lang='lat' dir='ltr'><strong>rimari,</strong></span> <span class='ocrx_word' id='word_1_768' title='bbox 1809 5512 1905 5569; x_wconf 85' lang='lat' dir='ltr'><strong>sed</strong></span> 
     </span>
    </p>
   </div>
   <div class='ocr_carea' id='block_1_103' title="bbox 317 5601 1906 5674">
    <p class='ocr_par' dir='ltr' id='par_1_103' title="bbox 317 5601 1906 5674">
     <span class='ocr_line' id='line_1_103' title="bbox 317 5601 1906 5674; baseline 0.001 -17"><span class='ocrx_word' id='word_1_769' title='bbox 317 5616 395 5659; x_wconf 78' lang='lat' dir='ltr'><strong>ex</strong></span> <span class='ocrx_word' id='word_1_770' title='bbox 408 5605 651 5674; x_wconf 85' lang='lat' dir='ltr'><strong>corporis</strong></span> <span class='ocrx_word' id='word_1_771' title='bbox 679 5602 865 5659; x_wconf 89' lang='lat' dir='ltr'><strong>habitu</strong></span> <span class='ocrx_word' id='word_1_772' title='bbox 898 5609 955 5657; x_wconf 88' lang='lat' dir='ltr'><strong>et</strong></span> <span class='ocrx_word' id='word_1_773' title='bbox 978 5601 1221 5674; x_wconf 88' lang='lat' dir='ltr'><strong>gestibus</strong></span> <span class='ocrx_word' id='word_1_774' title='bbox 1241 5602 1514 5657; x_wconf 67' lang='lat' dir='ltr'><strong>aestimare</strong></span> <span class='ocrx_word' id='word_1_775' title='bbox 1550 5602 1679 5673; x_wconf 90' lang='lat' dir='ltr'><strong>quid</strong></span> <span class='ocrx_word' id='word_1_776' title='bbox 1724 5618 1906 5671; x_wconf 83' lang='lat' dir='ltr'><strong>verse-</strong></span> 
     </span>
    </p>
   </div>
   <div class='ocr_carea' id='block_1_104' title="bbox 319 5691 1904 5765">
    <p class='ocr_par' dir='ltr' id='par_1_104' title="bbox 319 5691 1904 5765">
     <span class='ocr_line' id='line_1_104' title="bbox 319 5691 1904 5765; baseline 0.001 -17"><span class='ocrx_word' id='word_1_777' title='bbox 319 5707 451 5750; x_wconf 86' lang='lat' dir='ltr'><strong>mus</strong></span> <span class='ocrx_word' id='word_1_778' title='bbox 470 5693 815 5751; x_wconf 87' lang='lat' dir='ltr'><strong>iutrinsecus.</strong></span> <span class='ocrx_word' id='word_1_779' title='bbox 850 5692 1014 5749; x_wconf 76' lang='lat' dir='ltr'><strong>Verbi</strong></span> <span class='ocrx_word' id='word_1_780' title='bbox 1042 5692 1213 5765; x_wconf 84' lang='lat' dir='ltr'><strong>gratia</strong></span> <span class='ocrx_word' id='word_1_781' title='bbox 1240 5691 1283 5747; x_wconf 92' lang='lat' dir='ltr'><strong>si</strong></span> <span class='ocrx_word' id='word_1_782' title='bbox 1312 5691 1596 5762; x_wconf 87' lang='lat' dir='ltr'><strong>pulchram</strong></span> <span class='ocrx_word' id='word_1_783' title='bbox 1624 5692 1904 5749; x_wconf 88' lang='lat' dir='ltr'><strong>mulierem</strong></span> 
     </span>
    </p>
   </div>
   <div class='ocr_carea' id='block_1_105' title="bbox 320 5784 1904 5857">
    <p class='ocr_par' dir='ltr' id='par_1_105' title="bbox 320 5784 1904 5857">
     <span class='ocr_line' id='line_1_105' title="bbox 320 5784 1904 5857; baseline 0.001 -15"><span class='ocrx_word' id='word_1_784' title='bbox 320 5800 430 5842; x_wconf 90' lang='lat' dir='ltr'><strong>nos</strong></span> <span class='ocrx_word' id='word_1_785' title='bbox 448 5787 638 5843; x_wconf 86' lang='lat' dir='ltr'><strong>crebro</strong></span> <span class='ocrx_word' id='word_1_786' title='bbox 667 5788 859 5843; x_wconf 84' lang='lat' dir='ltr'><strong>viderit</strong></span> <span class='ocrx_word' id='word_1_787' title='bbox 892 5787 1176 5857; x_wconf 76' lang='lat' dir='ltr'><strong>respicere,</strong></span> <span class='ocrx_word' id='word_1_788' title='bbox 1195 5784 1442 5857; x_wconf 85' lang='lat' dir='ltr'><strong>intelligit</strong></span> <span class='ocrx_word' id='word_1_789' title='bbox 1466 5800 1559 5842; x_wconf 86' lang='lat' dir='ltr'><strong>cor</strong></span> <span class='ocrx_word' id='word_1_790' title='bbox 1598 5787 1797 5842; x_wconf 85' lang='lat' dir='ltr'><strong>amoris</strong></span> <span class='ocrx_word' id='word_1_791' title='bbox 1817 5787 1904 5857; x_wconf 82' lang='lat' dir='ltr'><strong>ja-</strong></span> 
     </span>
    </p>
   </div>
   <div class='ocr_carea' id='block_1_106' title="bbox 1922 4554 1977 4614">
    <p class='ocr_par' dir='ltr' id='par_1_106' title="bbox 1922 4554 1977 4614">
     <span class='ocr_line' id='line_1_106' title="bbox 1922 4554 1977 4614; baseline 0 0"><span class='ocrx_word' id='word_1_792' title='bbox 1922 4554 1977 4614; x_wconf 76' lang='grc' dir='ltr'>Β</span> 
     </span>
    </p>
   </div>
   <div class='ocr_carea' id='block_1_107' title="bbox 2006 4592 3594 4667">
    <p class='ocr_par' dir='ltr' id='par_1_107' title="bbox 2006 4592 3594 4667">
     <span class='ocr_line' id='line_1_107' title="bbox 2006 4592 3594 4667; baseline -0.003 -14"><span class='ocrx_word' id='word_1_793' title='bbox 2006 4596 2106 4653; x_wconf 90' lang='lat' dir='ltr'><strong>bus</strong></span> <span class='ocrx_word' id='word_1_794' title='bbox 2132 4592 2238 4649; x_wconf 89' lang='lat' dir='ltr'><strong>illis</strong></span> <span class='ocrx_word' id='word_1_795' title='bbox 2270 4609 2491 4667; x_wconf 89' lang='lat' dir='ltr'><strong>egressa</strong></span> <span class='ocrx_word' id='word_1_796' title='bbox 2519 4593 2856 4664; x_wconf 89' lang='lat' dir='ltr'><strong>perhibetur,</strong></span> <span class='ocrx_word' id='word_1_797' title='bbox 2896 4594 3022 4666; x_wconf 90' lang='lat' dir='ltr'><strong>quia</strong></span> <span class='ocrx_word' id='word_1_798' title='bbox 3054 4593 3161 4649; x_wconf 90' lang='lat' dir='ltr'><strong>nisi</strong></span> <span class='ocrx_word' id='word_1_799' title='bbox 3215 4594 3410 4665; x_wconf 71' lang='lat' dir='ltr'><strong>priscae</strong></span> <span class='ocrx_word' id='word_1_800' title='bbox 3457 4610 3594 4651; x_wconf 87' lang='lat' dir='ltr'><strong>con-</strong></span> 
     </span>
    </p>
   </div>
   <div class='ocr_carea' id='block_1_108' title="bbox 2007 4684 3600 4755">
    <p class='ocr_par' dir='ltr' id='par_1_108' title="bbox 2007 4684 3600 4755">
     <span class='ocr_line' id='line_1_108' title="bbox 2007 4684 3600 4755; baseline -0.001 -15"><span class='ocrx_word' id='word_1_801' title='bbox 2007 4685 2332 4742; x_wconf 89' lang='lat' dir='ltr'><strong>versationis</strong></span> <span class='ocrx_word' id='word_1_802' title='bbox 2357 4684 2665 4742; x_wconf 85' lang='lat' dir='ltr'><strong>babitacula</strong></span> <span class='ocrx_word' id='word_1_803' title='bbox 2684 4700 2825 4741; x_wconf 91' lang='lat' dir='ltr'><strong>vana</strong></span> <span class='ocrx_word' id='word_1_804' title='bbox 2853 4684 3182 4755; x_wconf 89' lang='lat' dir='ltr'><strong>reliquisset,</strong></span> <span class='ocrx_word' id='word_1_805' title='bbox 3220 4685 3290 4740; x_wconf 89' lang='lat' dir='ltr'><strong>ad</strong></span> <span class='ocrx_word' id='word_1_806' title='bbox 3316 4684 3600 4742; x_wconf 85' lang='lat' dir='ltr'><strong>Christum</strong></span> 
     </span>
    </p>
   </div>
   <div class='ocr_carea' id='block_1_109' title="bbox 2006 4778 3593 4850">
    <p class='ocr_par' dir='ltr' id='par_1_109' title="bbox 2006 4778 3593 4850">
     <span class='ocr_line' id='line_1_109' title="bbox 2006 4778 3593 4850; baseline -0.001 -17"><span class='ocrx_word' id='word_1_807' title='bbox 2006 4778 2244 4834; x_wconf 89' lang='lat' dir='ltr'><strong>Ecclesia</strong></span> <span class='ocrx_word' id='word_1_808' title='bbox 2274 4793 2550 4849; x_wconf 90' lang='lat' dir='ltr'><strong>nunquam</strong></span> <span class='ocrx_word' id='word_1_809' title='bbox 2574 4778 2923 4846; x_wconf 88' lang='lat' dir='ltr'><strong>veniret,nisi</strong></span> <span class='ocrx_word' id='word_1_810' title='bbox 2951 4780 3103 4849; x_wconf 90' lang='lat' dir='ltr'><strong>prius</strong></span> <span class='ocrx_word' id='word_1_811' title='bbox 3125 4779 3332 4850; x_wconf 88' lang='lat' dir='ltr'><strong>antiqui</strong></span> <span class='ocrx_word' id='word_1_812' title='bbox 3369 4779 3593 4849; x_wconf 83' lang='lat' dir='ltr'><strong>dogma-</strong></span> 
     </span>
    </p>
   </div>
   <div class='ocr_carea' id='block_1_110' title="bbox 2008 4869 3592 4943">
    <p class='ocr_par' dir='ltr' id='par_1_110' title="bbox 2008 4869 3592 4943">
     <span class='ocr_line' id='line_1_110' title="bbox 2008 4869 3592 4943; baseline -0.003 -16"><span class='ocrx_word' id='word_1_813' title='bbox 2008 4880 2063 4927; x_wconf 89' lang='lat' dir='ltr'><strong>ta</strong></span> <span class='ocrx_word' id='word_1_814' title='bbox 2089 4870 2604 4927; x_wconf 88' lang='lat' dir='ltr'><strong>anathematizasset</strong></span> <span class='ocrx_word' id='word_1_815' title='bbox 2629 4871 2858 4939; x_wconf 89' lang='lat' dir='ltr'><strong>erroris,</strong></span> <span class='ocrx_word' id='word_1_816' title='bbox 2884 4887 3229 4943; x_wconf 90' lang='lat' dir='ltr'><strong>nequaquam</strong></span> <span class='ocrx_word' id='word_1_817' title='bbox 3258 4887 3451 4928; x_wconf 86' lang='lat' dir='ltr'><strong>novam</strong></span> <span class='ocrx_word' id='word_1_818' title='bbox 3469 4869 3592 4926; x_wconf 85' lang='lat' dir='ltr'><strong>ﬁdei</strong></span> 
     </span>
    </p>
   </div>
   <div class='ocr_carea' id='block_1_111' title="bbox 2010 4962 3594 5036">
    <p class='ocr_par' dir='ltr' id='par_1_111' title="bbox 2010 4962 3594 5036">
     <span class='ocr_line' id='line_1_111' title="bbox 2010 4962 3594 5036; baseline -0.001 -16"><span class='ocrx_word' id='word_1_819' title='bbox 2010 4964 2286 5033; x_wconf 89' lang='lat' dir='ltr'><strong>suscipere</strong></span> <span class='ocrx_word' id='word_1_820' title='bbox 2335 4962 2566 5034; x_wconf 88' lang='lat' dir='ltr'><strong>gratiam</strong></span> <span class='ocrx_word' id='word_1_821' title='bbox 2610 4971 2813 5020; x_wconf 87' lang='lat' dir='ltr'><strong>nosset.</strong></span> <span class='ocrx_word' id='word_1_822' title='bbox 2847 4962 3120 5036; x_wconf 87' lang='lat' dir='ltr'><strong>(Hieron.)</strong></span> <span class='ocrx_word' id='word_1_823' title='bbox 3149 4964 3278 5020; x_wconf 80' lang='lat' dir='ltr'><strong>inde</strong></span> <span class='ocrx_word' id='word_1_824' title='bbox 3303 4964 3455 5019; x_wconf 88' lang='lat' dir='ltr'><strong>novit</strong></span> <span class='ocrx_word' id='word_1_825' title='bbox 3493 4980 3594 5019; x_wconf 88' lang='lat' dir='ltr'><strong>vo-</strong></span> 
     </span>
    </p>
   </div>
   <div class='ocr_carea' id='block_1_112' title="bbox 2005 5052 3607 5123">
    <p class='ocr_par' dir='ltr' id='par_1_112' title="bbox 2005 5052 3607 5123">
     <span class='ocr_line' id='line_1_112' title="bbox 2005 5052 3607 5123; baseline -0.006 -12"><span class='ocrx_word' id='word_1_826' title='bbox 2005 5069 2133 5111; x_wconf 88' lang='lat' dir='ltr'><strong>care</strong></span> <span class='ocrx_word' id='word_1_827' title='bbox 2160 5053 2328 5109; x_wconf 84' lang='lat' dir='ltr'><strong>filium</strong></span> <span class='ocrx_word' id='word_1_828' title='bbox 2351 5052 2544 5119; x_wconf 89' lang='lat' dir='ltr'><strong>David,</strong></span> <span class='ocrx_word' id='word_1_829' title='bbox 2567 5053 2695 5123; x_wconf 88' lang='lat' dir='ltr'><strong>quia</strong></span> <span class='ocrx_word' id='word_1_830' title='bbox 2714 5068 2931 5123; x_wconf 84' lang='lat' dir='ltr'><strong>egressa</strong></span> <span class='ocrx_word' id='word_1_831' title='bbox 2949 5052 3064 5123; x_wconf 91' lang='lat' dir='ltr'><strong>jam</strong></span> <span class='ocrx_word' id='word_1_832' title='bbox 3090 5054 3271 5109; x_wconf 88' lang='lat' dir='ltr'><strong>fuerat</strong></span> <span class='ocrx_word' id='word_1_833' title='bbox 3294 5053 3364 5109; x_wconf 85' lang='lat' dir='ltr'><strong>de</strong></span> <span class='ocrx_word' id='word_1_834' title='bbox 3393 5053 3607 5107; x_wconf 86' lang='lat' dir='ltr'><strong>tluihus.</strong></span> 
     </span>
    </p>
   </div>
   <div class='ocr_carea' id='block_1_113' title="bbox 2006 5141 3590 5215">
    <p class='ocr_par' dir='ltr' id='par_1_113' title="bbox 2006 5141 3590 5215">
     <span class='ocr_line' id='line_1_113' title="bbox 2006 5141 3590 5215; baseline -0.003 -14"><span class='ocrx_word' id='word_1_835' title='bbox 2006 5145 2141 5211; x_wconf 89' lang='lat' dir='ltr'><strong>suis,</strong></span> <span class='ocrx_word' id='word_1_836' title='bbox 2167 5153 2223 5200; x_wconf 90' lang='lat' dir='ltr'><strong>et</strong></span> <span class='ocrx_word' id='word_1_837' title='bbox 2247 5158 2487 5200; x_wconf 90' lang='lat' dir='ltr'><strong>errorem</strong></span> <span class='ocrx_word' id='word_1_838' title='bbox 2517 5143 2804 5215; x_wconf 87' lang='lat' dir='ltr'><strong>Tyriorum</strong></span> <span class='ocrx_word' id='word_1_839' title='bbox 2833 5159 2898 5202; x_wconf 88' lang='lat' dir='ltr'><strong>ac</strong></span> <span class='ocrx_word' id='word_1_840' title='bbox 2927 5144 3274 5201; x_wconf 82' lang='lat' dir='ltr'><strong>Sidoniorum</strong></span> <span class='ocrx_word' id='word_1_841' title='bbox 3303 5141 3410 5199; x_wconf 88' lang='lat' dir='ltr'><strong>loci</strong></span> <span class='ocrx_word' id='word_1_842' title='bbox 3437 5155 3503 5197; x_wconf 89' lang='lat' dir='ltr'><strong>ac</strong></span> <span class='ocrx_word' id='word_1_843' title='bbox 3530 5143 3590 5197; x_wconf 71' lang='grc' dir='ltr'><strong>ίίυ-</strong></span> 
     </span>
    </p>
   </div>
   <div class='ocr_carea' id='block_1_114' title="bbox 2007 5236 2875 5297">
    <p class='ocr_par' dir='ltr' id='par_1_114' title="bbox 2007 5236 2875 5297">
     <span class='ocr_line' id='line_1_114' title="bbox 2007 5236 2875 5297; baseline 0.003 -3"><span class='ocrx_word' id='word_1_844' title='bbox 2007 5239 2092 5294; x_wconf 91' lang='lat' dir='ltr'><strong>dei</strong></span> <span class='ocrx_word' id='word_1_845' title='bbox 2119 5236 2546 5294; x_wconf 85' lang='lat' dir='ltr'><strong>commutatione</strong></span> <span class='ocrx_word' id='word_1_846' title='bbox 2573 5237 2875 5297; x_wconf 83' lang='lat' dir='ltr'><strong>dimiserat.</strong></span> 
     </span>
    </p>
   </div>
   <div class='ocr_carea' id='block_1_115' title="bbox 2080 5328 3606 5405">
    <p class='ocr_par' dir='ltr' id='par_1_115' title="bbox 2080 5328 3606 5405">
     <span class='ocr_line' id='line_1_115' title="bbox 2080 5328 3606 5405; baseline 0.003 -21"><span class='ocrx_word' id='word_1_847' title='bbox 2080 5329 2129 5384; x_wconf 70' lang='grc' dir='ltr'><em>Ρ</em></span> <span class='ocrx_word' id='word_1_848' title='bbox 2132 5328 2237 5385; x_wconf 69' lang='grc' dir='ltr'><strong>ἱιὶαο</strong></span> <span class='ocrx_word' id='word_1_849' title='bbox 2250 5347 2365 5385; x_wconf 82' lang='lat' dir='ltr'><strong>mea</strong></span> <span class='ocrx_word' id='word_1_850' title='bbox 2388 5348 2421 5385; x_wconf 91' lang='lat' dir='ltr'><strong>a</strong></span> <span class='ocrx_word' id='word_1_851' title='bbox 2440 5330 2700 5387; x_wconf 62' lang='lat' dir='ltr'><strong>daemonio</strong></span> <span class='ocrx_word' id='word_1_852' title='bbox 2729 5333 2867 5389; x_wconf 81' lang='lat' dir='ltr'><strong>male</strong></span> <span class='ocrx_word' id='word_1_853' title='bbox 2894 5342 3129 5387; x_wconf 71' lang='lat' dir='ltr'><strong>vexatur.</strong></span> <span class='ocrx_word' id='word_1_854' title='bbox 3167 5329 3349 5405; x_wconf 69' lang='grc' dir='ltr'><strong>(ΚΑΒ.)</strong></span> <span class='ocrx_word' id='word_1_855' title='bbox 3396 5332 3606 5404; x_wconf 87' lang='lat' dir='ltr'><strong>Typice</strong></span> 
     </span>
    </p>
   </div>
   <div class='ocr_carea' id='block_1_116' title="bbox 2010 5420 3596 5494">
    <p class='ocr_par' dir='ltr' id='par_1_116' title="bbox 2010 5420 3596 5494">
     <span class='ocr_line' id='line_1_116' title="bbox 2010 5420 3596 5494; baseline -0.001 -17"><span class='ocrx_word' id='word_1_856' title='bbox 2010 5433 2197 5477; x_wconf 86' lang='lat' dir='ltr'><strong>autem</strong></span> <span class='ocrx_word' id='word_1_857' title='bbox 2217 5420 2409 5477; x_wconf 91' lang='lat' dir='ltr'><strong>mulier</strong></span> <span class='ocrx_word' id='word_1_858' title='bbox 2430 5422 2547 5477; x_wconf 63' lang='lat' dir='ltr'><strong>hare</strong></span> <span class='ocrx_word' id='word_1_859' title='bbox 2573 5423 2814 5494; x_wconf 87' lang='lat' dir='ltr'><strong>gentilis,</strong></span> <span class='ocrx_word' id='word_1_860' title='bbox 2841 5424 2936 5479; x_wconf 88' lang='lat' dir='ltr'><strong>sed</strong></span> <span class='ocrx_word' id='word_1_861' title='bbox 2961 5438 3086 5478; x_wconf 92' lang='lat' dir='ltr'><strong>cum</strong></span> <span class='ocrx_word' id='word_1_862' title='bbox 3129 5423 3235 5479; x_wconf 87' lang='lat' dir='ltr'><strong>tide</strong></span> <span class='ocrx_word' id='word_1_863' title='bbox 3281 5424 3351 5478; x_wconf 89' lang='lat' dir='ltr'><strong>ad</strong></span> <span class='ocrx_word' id='word_1_864' title='bbox 3407 5421 3596 5478; x_wconf 89' lang='lat' dir='ltr'><strong>Domi-</strong></span> 
     </span>
    </p>
   </div>
   <div class='ocr_carea' id='block_1_117' title="bbox 2011 5514 3598 5587">
    <p class='ocr_par' dir='ltr' id='par_1_117' title="bbox 2011 5514 3598 5587">
     <span class='ocr_line' id='line_1_117' title="bbox 2011 5514 3598 5587; baseline 0.001 -19"><span class='ocrx_word' id='word_1_865' title='bbox 2011 5528 2140 5569; x_wconf 82' lang='lat' dir='ltr'><strong>num</strong></span> <span class='ocrx_word' id='word_1_866' title='bbox 2162 5514 2387 5569; x_wconf 91' lang='lat' dir='ltr'><strong>veniens</strong></span> <span class='ocrx_word' id='word_1_867' title='bbox 2415 5514 2733 5581; x_wconf 87' lang='lat' dir='ltr'><strong>Ecclesiam,</strong></span> <span class='ocrx_word' id='word_1_868' title='bbox 2780 5523 2842 5571; x_wconf 92' lang='lat' dir='ltr'><strong>ut</strong></span> <span class='ocrx_word' id='word_1_869' title='bbox 2876 5530 3037 5587; x_wconf 89' lang='lat' dir='ltr'><strong>supra</strong></span> <span class='ocrx_word' id='word_1_870' title='bbox 3065 5515 3321 5581; x_wconf 77' lang='lat' dir='ltr'><strong>diximus,</strong></span> <span class='ocrx_word' id='word_1_871' title='bbox 3352 5515 3598 5584; x_wconf 89' lang='lat' dir='ltr'><strong>designat</strong></span> 
     </span>
    </p>
   </div>
   <div class='ocr_carea' id='block_1_118' title="bbox 2011 5604 3611 5678">
    <p class='ocr_par' dir='ltr' id='par_1_118' title="bbox 2011 5604 3611 5678">
     <span class='ocr_line' id='line_1_118' title="bbox 2011 5604 3611 5678; baseline 0 -19"><span class='ocrx_word' id='word_1_872' title='bbox 2011 5604 2079 5659; x_wconf 90' lang='lat' dir='ltr'><strong>de</strong></span> <span class='ocrx_word' id='word_1_873' title='bbox 2115 5604 2367 5675; x_wconf 85' lang='lat' dir='ltr'><strong>gentibus</strong></span> <span class='ocrx_word' id='word_1_874' title='bbox 2409 5604 2714 5673; x_wconf 85' lang='lat' dir='ltr'><strong>collectam,</strong></span> <span class='ocrx_word' id='word_1_875' title='bbox 2773 5622 2893 5677; x_wconf 77' lang='lat' dir='ltr'><strong>qua:</strong></span> <span class='ocrx_word' id='word_1_876' title='bbox 2947 5622 3046 5678; x_wconf 93' lang='lat' dir='ltr'><strong>pro</strong></span> <span class='ocrx_word' id='word_1_877' title='bbox 3094 5605 3201 5661; x_wconf 85' lang='lat' dir='ltr'><strong>lilia</strong></span> <span class='ocrx_word' id='word_1_878' title='bbox 3263 5605 3611 5661; x_wconf 63' lang='lat' dir='ltr'><strong>daamoniaca</strong></span> 
     </span>
    </p>
   </div>
   <div class='ocr_carea' id='block_1_119' title="bbox 2012 5696 3617 5770">
    <p class='ocr_par' dir='ltr' id='par_1_119' title="bbox 2012 5696 3617 5770">
     <span class='ocr_line' id='line_1_119' title="bbox 2012 5696 3617 5770; baseline 0 -20"><span class='ocrx_word' id='word_1_879' title='bbox 2012 5696 2182 5751; x_wconf 82' lang='lat' dir='ltr'><strong>Deum</strong></span> <span class='ocrx_word' id='word_1_880' title='bbox 2209 5707 2379 5769; x_wconf 85' lang='lat' dir='ltr'><strong>rogat,</strong></span> <span class='ocrx_word' id='word_1_881' title='bbox 2411 5713 2533 5753; x_wconf 89' lang='lat' dir='ltr'><strong>cum</strong></span> <span class='ocrx_word' id='word_1_882' title='bbox 2560 5715 2658 5769; x_wconf 87' lang='lat' dir='ltr'><strong>pro</strong></span> <span class='ocrx_word' id='word_1_883' title='bbox 2689 5699 2901 5770; x_wconf 87' lang='lat' dir='ltr'><strong>populis</strong></span> <span class='ocrx_word' id='word_1_884' title='bbox 2925 5699 3058 5766; x_wconf 88' lang='lat' dir='ltr'><strong>suis,</strong></span> <span class='ocrx_word' id='word_1_885' title='bbox 3092 5699 3322 5755; x_wconf 80' lang='lat' dir='ltr'><strong>necdum</strong></span> <span class='ocrx_word' id='word_1_886' title='bbox 3371 5697 3617 5754; x_wconf 70' lang='lat' dir='ltr'><strong>crcden~.</strong></span> 
     </span>
    </p>
   </div>
   <div class='ocr_carea' id='block_1_120' title="bbox 2015 5790 3595 5862">
    <p class='ocr_par' dir='ltr' id='par_1_120' title="bbox 2015 5790 3595 5862">
     <span class='ocr_line' id='line_1_120' title="bbox 2015 5790 3595 5862; baseline -0.001 -19"><span class='ocrx_word' id='word_1_887' title='bbox 2015 5790 2175 5857; x_wconf 87' lang='lat' dir='ltr'><strong>tibus,</strong></span> <span class='ocrx_word' id='word_1_888' title='bbox 2208 5801 2266 5845; x_wconf 92' lang='lat' dir='ltr'><strong>ut</strong></span> <span class='ocrx_word' id='word_1_889' title='bbox 2297 5799 2347 5845; x_wconf 87' lang='lat' dir='ltr'><strong>et</strong></span> <span class='ocrx_word' id='word_1_890' title='bbox 2379 5790 2481 5862; x_wconf 79' lang='lat' dir='ltr'><strong>ipsi</strong></span> <span class='ocrx_word' id='word_1_891' title='bbox 2509 5808 2537 5846; x_wconf 88' lang='lat' dir='ltr'><strong>a</strong></span> <span class='ocrx_word' id='word_1_892' title='bbox 2563 5791 2763 5849; x_wconf 85' lang='lat' dir='ltr'><strong>diaboli</strong></span> <span class='ocrx_word' id='word_1_893' title='bbox 2793 5791 3073 5848; x_wconf 84' lang='lat' dir='ltr'><strong>fraudibus</strong></span> <span class='ocrx_word' id='word_1_894' title='bbox 3104 5790 3471 5855; x_wconf 85' lang='lat' dir='ltr'><strong>absolvantur,</strong></span> <span class='ocrx_word' id='word_1_895' title='bbox 3501 5803 3595 5843; x_wconf 83' lang='lat' dir='ltr'><strong>su-</strong></span> 
     </span>
    </p>
   </div>
  </div>
