3998 6188
403 388 506 445 979

1014 384 1070 438 Β.
1111 383 1361 439 RABANI
1403 385 1621 442 MAURI
1657 387 1975 445 ARCHIEP.
2018 387 2326 446 MOGUNT.
2370 387 2653 445 OPERUM
2687 387 2868 445 PARS
2907 390 2945 444 l.

3550 397 3656 458 980

402 515 584 572 pernae
638 498 826 569 pietati
881 496 1164 566 supplicat.
1200 496 1335 552 item
1370 495 1478 551 ﬁlia
1511 498 1840 554 daemoniosa
1882 515 1981 570 pro
2008 505 2058 564 Α
2086 499 2236 553 illum
2265 498 2412 554 venit
2439 497 2628 553 eadem
2668 499 2865 554 mulier
2887 513 2988 569 pro
3012 498 3122 554 ﬁlia
3148 515 3244 556 sua
3275 517 3492 575 rogans.
3529 505 3669 564 Μαι-

402 607 508 663 qua
533 589 790 661 postulat,
825 587 1002 641 anima
1032 586 1285 654 quaelibet
1316 596 1400 642 est
1442 589 1494 642 in
1531 588 1772 645 Ecclesia
1827 591 1978 646 mali-

405 697 634 753 gnorum
663 678 833 750 magis
858 677 1144 748 spirituum
1176 677 1580 747 deceptionibus
1607 695 1768 749 quam
1793 681 1980 736 condi-

406 775 540 830 toris
581 773 662 828 sui
700 770 1006 839 mancipata
1043 771 1345 840 praeceptis.
1389 770 1494 826 Pro
1517 787 1623 842 qua
1656 787 1878 828 necesse
1899 781 1981 828 est

405 864 645 920 Ecclesia
698 871 872 916 mater
924 860 1210 916 Dominum
1257 862 1489 917 sollicita
1547 863 1872 933 interpellet,
1921 872 1979 918 ut

405 969 565 1024 quam
594 953 707 1022 ipsa
739 951 872 1007 foris
902 951 1188 1016 monendo,
1228 950 1582 1018 obsecrando,
1629 954 1977 1023 increpando,

402 1059 511 1102 non
543 1044 705 1110 valet,
739 1044 830 1098 ille
853 1043 1076 1098 interius
1095 1043 1408 1113 inspirando
1437 1045 1694 1115 corrigat,
1728 1054 1888 1115 atque
1912 1048 1980 1102 ab

407 1154 657 1196 errorum
713 1138 951 1194 tenebris
1004 1153 1345 1202 conversam,
1383 1138 1450 1192 ad
1479 1137 1812 1208 agnitionem
1839 1153 1981 1195 verte

405 1229 541 1283 lueis
577 1229 798 1284 excitet.
827 1228 961 1282 Item
992 1227 1337 1296 tropologice,
1371 1227 1414 1282 si
1446 1227 1568 1298 quis
1592 1240 1836 1283 nostrum
1859 1244 1982 1284 con-

403 1319 687 1374 scientiam
711 1319 874 1373 habet
903 1318 1163 1383 avaritim,
1194 1317 1464 1380 elationis,
1491 1333 1642 1396 vanae
1671 1318 1876 1389 gloriae,
1901 1319 1982 1372 in-

403 1409 753 1476 dignationis,
785 1408 1099 1473 iracundiar,
1133 1407 1215 1462 vel
1238 1408 1450 1462 invidiae
1473 1417 1865 1464 czeterorumve
1905 1409 1984 1462 vi-

405 1500 600 1556 tiorum
631 1501 791 1556 sorde
819 1499 1101 1570 pollutam,
1131 1499 1295 1554 filiam
1327 1501 1568 1570 profecto
1597 1501 1763 1556 habet
1783 1501 1921 1557 male
1951 1517 1982 1556 a

403 1589 672 1647 daemonio
703 1599 973 1646 vexatam.
1008 1590 1116 1646 Pro
1145 1589 1299 1659 cujus
1334 1593 1613 1646 sanatione
1656 1593 1878 1663 supplex
1911 1594 1978 1648 ad

405 1680 692 1738 Dominum
745 1691 947 1748 currat,
1003 1685 1127 1754 quia
1179 1684 1432 1739 nimirum
1483 1686 1865 1756 cogitationem
1919 1687 1984 1742 de

405 1777 568 1830 corde
589 1776 926 1845 progenitam
955 1776 1218 1831 diabolica
1244 1777 1436 1832 tolerat
1457 1788 1572 1834 arte
1596 1780 1980 1835 demenlatam.

2084 588 2256 645 thaaus
2281 597 2462 644 autem
2494 597 2679 658 posset
2707 589 2927 660 quidem
2953 589 3112 646 facile
3139 591 3368 665 intelligi
3409 596 3478 651 de
3505 598 3663 655 (Ιοιιιο

2083 683 2336 748 tacuisse,
2363 683 2609 738 eamdem
2640 690 2820 737 tamen
2864 697 2981 738 rem
3031 699 3508 746 commemorasse.
3558 691 3662 748 Sed

2082 773 2337 844 quoniam
2361 771 2494 828 dicit
2506 771 2798 843 discipulos
2817 771 3048 829 Domino
3071 777 3432 845 suggessisse:
3456 778 3663 836 Dimitte

2081 863 2253 929 illam,
2278 865 2526 934 quoniam
2554 862 2745 918 clamat
2771 874 2887 934 post
2929 881 3043 930 nos,
3084 866 3217 920 nihil
3262 867 3479 922 videtur
3519 870 3662 927 aliud

2083 955 2411 1027 signiﬁcare,
2441 972 2601 1026 quam
2627 964 2750 1028 post
2773 957 3137 1012 ambulantem
3171 958 3453 1014 Dominum
3475 962 3663 1018 mulie-

2085 1060 2198 1100 rem
2232 1045 2377 1100 illam
2427 1046 2829 1116 deprecatorias
2877 1061 3040 1102 voces
3077 1048 3343 1104 emisisse.
3389 1048 3665 1117 Quomodo

2085 1151 2212 1207 ergo
2239 1137 2293 1191 in
2319 1136 2498 1202 domo,
2523 1136 2626 1191 nisi
2651 1136 2775 1206 quia
2797 1136 3200 1208 intelligendum
3222 1146 3307 1193 est
3330 1138 3529 1194 dixisse
3549 1143 3666 1211 qui-

2083 1226 2204 1281 dem
2238 1225 2498 1292 Marcum,
2531 1229 2674 1296 quod
2723 1227 3007 1282 intraverit
3049 1229 3140 1283 ubi
3186 1237 3301 1283 erat
3338 1228 3514 1296 Jesus,
3543 1248 3664 1286 eum

2085 1331 2208 1370 eum
2235 1317 2574 1387 praedixisset
2605 1317 2772 1372 fuisse
2802 1319 2857 1372 in
2880 1319 3078 1374 domo?
3106 1317 3212 1374 Sed
3238 1321 3366 1390 quia
3388 1320 3667 1378 Mattbzeus

2087 1407 2162 1460 ait
2190 1424 2202 1460 :
2231 1405 2355 1460 Non
2378 1407 2641 1476 respondit
2665 1408 2713 1460 ei
2739 1407 2947 1461 verbum
2968 1447 2982 1473 ,
3012 1408 3160 1463 dedit
3201 1424 3493 1479 agnoscere
3525 1412 3667 1480 quod

2088 1503 2244 1557 ambo
2269 1509 2571 1566 tacuerunt,
2603 1511 2659 1556 et
2704 1501 2756 1555 in
2806 1517 2872 1557 eo
2917 1501 3130 1557 silentio
3172 1517 3450 1574 egressum
3502 1503 3670 1558 fuisse

2085 1592 2268 1648 Jesum
2301 1593 2366 1647 de
2393 1592 2553 1648 domo
2582 1591 2704 1658 illa;
2738 1600 2898 1662 atque
2942 1592 3014 1648 ita
3059 1601 3252 1648 caitera
3286 1600 3665 1656 contexuntur,

2088 1699 2208 1754 qum.
2229 1681 2341 1752 jam
2370 1683 2423 1737 in
2449 1683 2598 1738 nullo
2621 1684 2951 1740 discordant.

2161 1772 2282 1843 Ipse
2308 1783 2482 1827 autem
2507 1773 2820 1844 respondens
2861 1776 2936 1828 ait
2967 1791 2986 1829 :
3016 1774 3138 1829 Non
3168 1791 3284 1830 sum
3311 1775 3537 1840 missus,
3570 1778 3668 1830 nisi

404 1863 568 1932 Cujus
594 1864 1026 1920 emendationem
1069 1881 1100 1920 a
1152 1867 1242 1936 pio
1289 1868 1566 1924 conditore
1617 1872 1825 1926 crebris
1873 1872 1983 1927 imo
2013 1865 2059 1924 Β
2086 1865 2154 1919 ad
2184 1881 2299 1918 oues
2334 1881 2450 1935 qua:
2478 1865 2742 1934 perierunt
2766 1865 2952 1919 domus
2983 1863 3172 1920 Israel.
3200 1865 3317 1921 Non
3347 1867 3495 1938 quod
3526 1876 3582 1922 et
3603 1868 3666 1921 ad

403 1956 682 2011 continuis
703 1956 864 2011 debet
895 1955 1138 2028 ﬂagitare
1164 1959 1415 2015 lamentis
1444 1976 1508 2016 ac
1527 1962 1874 2031 precibus,ut
1897 1980 1984 2019 sa-

405 2055 581 2101 netur.
620 2046 774 2112 Item,
805 2049 851 2102 si
879 2048 1001 2118 quis
1033 2049 1170 2104 bona
1202 2065 1323 2118 quae
1350 2052 1517 2121 gessit
1557 2051 1696 2108 forte
1736 2053 1982 2130 periurii,

404 2135 556 2202 furti,
586 2135 954 2208 blasphemiae,
987 2139 1359 2207 detractionis,
1389 2142 1540 2206 rixae,
1567 2143 1652 2198 vel
1683 2145 1845 2199 etiam
1869 2161 1984 2202 cor-

339 2263 342 2268 .
404 2225 606 2294 poralis
644 2226 1000 2283 immunditite
1043 2240 1434 2287 caaterorumve
1476 2233 1779 2304 hujusmodi
1833 2246 1986 2307 peste

405 2314 649 2382 foedavit,
683 2315 846 2372 filiam
879 2319 1043 2374 habet
1070 2321 1329 2377 immundi
1359 2324 1584 2394 spiritus
1620 2326 1780 2383 furiis
1813 2329 1984 2400 agita-

407 2415 516 2461 tam
544 2425 558 2463 :
587 2408 712 2477 quia
745 2408 998 2464 videlicet
1038 2411 1307 2467 actionem
1337 2429 1499 2482 quam
1531 2415 1668 2471 bene
1691 2416 1986 2474 laborando

405 2499 804 2572 ediderat,jam
829 2502 1026 2558 diaboli
1057 2503 1336 2561 fraudibus
1369 2507 1531 2562 stulte
1556 2511 1840 2566 serviendo
1875 2511 1986 2566 dis-

405 2591 658 2659 perdidit.
687 2593 920 2664 Ideoque
945 2609 1168 2651 necesse
1195 2597 1317 2652 talis
1349 2607 1406 2652 ut
1427 2607 1636 2654 reatum
1680 2616 1838 2655 suum
1893 2618 1984 2658 co-

406 2682 675 2750 gnoverit,
731 2698 856 2739 mox
918 2683 985 2738 ad
1043 2700 1233 2754 preces
1284 2687 1660 2760 lacrymasque
1684 2691 1983 2764 confugiat,

408 2782 832 2845 sanctorumque
859 2775 1048 2830 creber
1077 2777 1494 2834 intercessiones
1519 2789 1575 2835 et
1613 2783 1814 2836 auxilia
1839 2799 1985 2853 qua:-

409 2872 512 2916 rat.
548 2862 824 2933 Sequitur.

478 2955 582 3023 Qui
623 2974 727 3012 non
773 2960 1035 3030 respondit
1069 2961 1118 3014 ei
1165 2963 1392 3016 uerbum.
1447 2962 1716 3037 (Ηὶειόη.)
1768 2965 1880 3021 Non
1921 2969 1986 3023 de

295 3111 308 3118 _
405 3048 656 3116 superbia
689 3047 1034 3115 Pharisaica,
1065 3065 1166 3105 nec
1211 3049 1278 3106 de
1323 3052 1625 3108 scribarum
1677 3055 1984 3125 supercilio,

405 3137 500 3192 sed
531 3153 601 3192 ne
640 3139 754 3208 ipse
793 3141 1074 3195 sententiae
1103 3157 1214 3196 suae
1244 3143 1517 3198 videretur
1543 3147 1868 3214 contrarius,
1889 3162 1989 3218 per

2083 1963 2270 2026 gentes
2307 1969 2417 2009 non
2449 1955 2645 2010 missus
2687 1955 2775 2021 sit,
2812 1955 2904 2010 sed
2933 1954 3077 2024 quod
3093 1957 3337 2025 primum
3388 1958 3459 2014 ad
3506 1957 3667 2013 lsrael

2082 2045 2281 2100 missus
2312 2045 2402 2111 sit,
2435 2053 2493 2100 ut
2545 2045 2651 2100 illis
2695 2060 2804 2100 non
2851 2046 3235 2116 recipientibus
3281 2046 3666 2120 Evangelinm,

2077 2133 2224 2203 jnsta
2255 2131 2409 2188 fieret
2430 2133 2497 2187 ad
2523 2141 2710 2203 gentes
2733 2134 3142 2206 transmigratio
3177 2133 3314 2203 ejus.
3357 2135 3425 2190 Et
3470 2136 3670 2207 signiﬁ-

2085 2228 2272 2278 canter
2300 2223 2437 2278 dixit
2463 2242 2476 2277 :
2508 2223 2589 2278 Ad
2615 2241 2729 2279 oves
2760 2225 2995 2295 perditas
3028 2225 3213 2280 domus
3258 2225 3446 2292 Israel,
3497 2238 3557 2283 ut
3600 2244 3666 2283 ex

2084 2313 2188 2368 hoc
2217 2313 2336 2368 loco
2364 2312 2530 2369 etiam
2575 2329 2737 2370 unam
2763 2329 3050 2372 erroneam
3078 2329 3235 2371 ovem
3261 2318 3327 2373 de
3365 2318 3468 2379 alia
3511 2335 3667 2391 para-

2083 2402 2204 2458 bola
2235 2402 2616 2475 intelligamus.

2154 2493 2220 2546 At
2237 2492 2333 2546 illa
2354 2493 2510 2558 venit,
2525 2502 2573 2548 et
2594 2493 2835 2548 adoravit
2846 2510 2986 2560 eum,
3002 2495 3199 2561 dicens,
3217 2495 3455 2563 Domine,
3472 2498 3664 2568 adjuea

2085 2599 2185 2636 me.
2217 2581 2444 2657 (ΜΑυιι.)
2473 2583 2612 2651 Quid
2635 2591 2717 2640 est
2740 2586 2882 2654 quod
2911 2585 3129 2652 dicitur,
3155 2588 3221 2640 At
3249 2586 3342 2641 illa
3371 2590 3664 2658 oenit,cnm

2087 2683 2212 2730 ante
2250 2675 2368 2745 ipsa
2399 2675 2595 2746 legitur
2629 2675 2697 2731 ad
2747 2675 3082 2732 Salvatorem
3133 2676 3298 2748 loqui,
3334 2687 3390 2733 et
3422 2693 3521 2749 pro
3555 2679 3663 2734 ﬁlia

2086 2766 2341 2836 rogasset
2389 2765 2496 2821 Sed
2537 2767 2663 2836 quia
2709 2775 2836 2824 tunc
2881 2777 3003 2839 post
3046 2768 3228 2824 Jesum
3277 2768 3550 2836 clamavit,
3580 2785 3665 2826 se-

2085 2857 2298 2924 quendo
2326 2871 2473 2912 nunc
2492 2859 2656 2923 venit,
2681 2859 2734 2914 id
2756 2869 2861 2926 est,
2885 2869 3177 2916 consecuta
3203 2870 3309 2928 est,
3335 2869 3391 2915 et
3419 2861 3663 2916 adoravit

2085 2961 2208 3001 eum
2233 2946 2420 3005 dicens
2449 2967 2463 3003 :
2497 2949 2738 3016 Domine,
2768 2951 2967 3022 adjuva
2993 2967 3096 3006 me.

2159 3040 2262 3108 Qui
2287 3043 2620 3114 respondens,
2643 3045 2717 3098 ait
2748 3059 2766 3096 :
2801 3044 2922 3100 Non
2943 3055 3019 3099 est
3046 3045 3236 3099 bonum
3257 3062 3460 3101 sumere
3481 3034 3664 3117 partem

2087 3136 2318 3206 filiorum
2368 3146 2415 3192 et
2444 3140 2647 3193 mittere
2687 3139 2921 3194 canibus.
2958 3139 3027 3193 At
3056 3139 3150 3193 illa
3185 3141 3256 3193 ait
3289 3154 3306 3191 :
3336 3138 3539 3207 Etiam,
3564 3140 3665 3194 Do-

406 3244 568 3298 quam
597 3229 839 3300 jusserat
872 3247 885 3284 :
918 3230 984 3284 In
1029 3233 1164 3286 riam
1193 3235 1419 3304 gentium
1450 3253 1512 3289 ne
1541 3236 1806 3302 abies-itis,
1839 3249 1887 3294 ει
1927 3240 1984 3294 δη
2012 3223 2056 3285 C
2087 3229 2244 3294 mine,
2277 3245 2398 3283 nam
2428 3237 2477 3282 et
2513 3229 2686 3284 catelli
2719 3229 2882 3284 edunt
2917 3230 2982 3283 de
3025 3230 3173 3284 micis
3208 3246 3328 3300 qua:
3371 3231 3565 3284 cadunt
3602 3228 3666 3282 de

408 3318 637 3371 civitates
665 3317 1121 3373 Samaritanorum
1151 3337 1215 3374 ne
1242 3321 1557 3378 intrareritis
1583 3323 1731 3397 (Sap.
1765 3324 1842 3392 χ).
1873 3325 1985 3382 Νο-

405 3407 552 3461 lebat
585 3408 730 3462 enim
769 3409 1108 3464 occasionem
1157 3412 1636 3472 calumniatoribus
1681 3417 1830 3485 dare,
1860 3433 1984 3489 pcr-

405 3496 713 3568 lectamque
731 3499 957 3555 salutem
993 3501 1231 3572 gentium
1262 3504 1524 3573 passionis
1553 3516 1608 3562 et
1639 3511 1988 3566 resurrectio-

407 3591 492 3646 nis
523 3592 751 3661 tempori
799 3594 1126 3648 reservabat.
1173 3594 1356 3669 (ΚΑΒ.)
1394 3597 1614 3669 Mystice
1639 3610 1817 3656 autem
1847 3605 1891 3658 si
1920 3605 1986 3659 ad

402 3681 609 3750 primas
640 3693 890 3752 rogantes
910 3683 1164 3740 Ecclesiae
1189 3685 1455 3758 lacrymas
1479 3690 1738 3748 Dominus
1761 3708 1984 3765 respon-

405 3777 552 3840 dere,
584 3776 638 3832 id
675 3787 778 3842 est,
806 3779 1130 3848 postulatam
1159 3782 1467 3838 errantibus
1496 3785 1805 3856 sospitatem
1835 3805 1988 3845 men-

406 3870 476 3923 tis
507 3869 636 3924 dare
675 3868 963 3934 distulerit,
993 3886 1092 3925 nec
1127 3872 1206 3926 sic
1241 3873 1459 3943 quidem
1489 3877 1808 3946 appetendo,
1841 3893 1987 3949 quae-

404 3961 598 4027 rendo,
621 3961 901 4030 pulsando,
937 3963 1301 4020 desistendum
1330 3975 1435 4031 est,
1459 3983 1633 4037 neque
1663 3969 1985 4042 impetrandi

403 4053 682 4109 subeunda
719 4053 1055 4124 desperatio,
1093 4055 1185 4110 sed
1218 4065 1366 4111 tanta
1412 4058 1592 4127 potius
1635 4073 1988 4128 perseveran-

403 4146 530 4200 dum
569 4145 847 4210 instantia,
881 4153 989 4199 tam
1019 4145 1293 4200 obstinato
1333 4145 1756 4217 frequentandus
1804 4165 1986 4207 amore

402 4236 675 4302 Salvator,
698 4245 906 4292 tantum
931 4239 1093 4292 etiam
1121 4247 1432 4293 sanctorum
1453 4239 1571 4310 ejus
1594 4240 1734 4294 inter
1759 4240 1989 4297 letanias

399 4327 736 4399 apppetenda
763 4326 1037 4398 suﬁ‘ragia,
1068 4327 1240 4383 donec
1264 4338 1319 4382 et
1356 4329 1456 4400 ipsi
1484 4331 1549 4384 de
1579 4329 1731 4385 caelis
1760 4330 1987 4386 Domino

399 4435 498 4488 pro
527 4419 796 4474 audienda
837 4418 1138 4488 supplicent
1181 4419 1450 4486 Ecclesia;
1497 4421 1685 4493 sicque
1730 4422 1788 4476 ﬁt
1837 4431 1896 4477 ut
1941 4423 1987 4476 si

399 4518 636 4563 mentem
670 4506 738 4564 ab
773 4509 1070 4563 intentione
1097 4510 1369 4578 proposita
1401 4526 1506 4565 non
1537 4515 1849 4580 mutaverit,
1885 4531 1982 4571 ne-

2091 3333 2270 3372 mensa
2295 3317 2627 3372 dominorum
2655 3334 2890 3372 suorum.
2929 3316 3200 3392 (Hieron.)
3241 3317 3374 3373 Mira
3401 3319 3500 3374 sub
3543 3331 3669 3389 per-

2090 3427 2220 3468 sons
2261 3412 2504 3468 mulieris
2529 3411 2864 3468 Cananitidis
2903 3411 3158 3467 Ecclesiae
3202 3411 3354 3475 fides,
3385 3412 3663 3481 patientia,

2092 3502 2368 3559 humilitas
2395 3503 2722 3574 praedicatur
2769 3517 2784 3557 :
2830 3502 2965 3558 ﬁdes
3003 3516 3110 3572 qua
3149 3501 3442 3558 crediderit
3488 3502 3667 3556 sanari

2089 3608 2246 3665 posse
2270 3593 2435 3648 ﬁliam
2457 3609 2644 3657 suam,
2693 3593 2954 3663 patientia
3004 3609 3110 3664 qua
3155 3593 3318 3648 toties
3355 3599 3667 3661 mntempta

2090 3687 2142 3740 in
2165 3684 2416 3756 precibus
2437 3692 2749 3754 perseverat
2767 3700 2782 3749 ;
2805 3683 3082 3739 humilitas
3099 3698 3207 3753 qua
3222 3697 3281 3738 se
3297 3696 3403 3737 non
3416 3680 3667 3745 canibus,

2091 3778 2185 3833 sed
2210 3777 2405 3833 catulis
2430 3783 2724 3846 comparat.
2759 3773 2934 3830 Canes
2972 3781 3151 3829 autem
3199 3771 3403 3828 ethnici
3445 3779 3671 3842 propter

2091 3869 2450 3926 idololatriam
2478 3869 2753 3933 dicuntur,
2776 3867 2868 3936 qui
2893 3867 3007 3922 esui
3056 3865 3336 3937 sanguinis
3383 3863 3572 3926 dediti,
3618 3871 3671 3917 et

2089 3960 2444 4016 cadaveribus
2473 3967 2810 4014 mortuorum
2861 3957 3110 4013 feruntur
3156 3957 3211 4010 in
3255 3956 3488 4011 rabiem.
3536 3953 3670 4010 Nota

2089 4053 2232 4124 quod
2275 4054 2379 4108 ista
2431 4052 2682 4108 Cananea
2735 4059 3148 4123 perseveranter
3201 4049 3438 4121 primum
3503 4048 3670 4103 ﬁlium

2090 4144 2277 4207 David,
2307 4143 2501 4198 deinde
2527 4143 2810 4198 Dominum
2840 4150 3017 4207 vocet,
3045 4150 3101 4197 et
3122 4143 3190 4197 ad
3209 4151 3516 4197 extremum
3544 4141 3672 4195 ado-

2089 4243 2195 4303 ret,
2220 4243 2280 4290 ut
2303 4234 2492 4289 Deum.
2539 4233 2666 4290 Scio
2701 4249 2808 4300 me,
2839 4234 3037 4305 inquit,
3066 4231 3297 4288 ﬁliorum
3333 4248 3531 4304 panem
3563 4247 3668 4286 non

2090 4329 2308 4394 mereri,
2343 4343 2442 4383 nec
2469 4329 2706 4400 integros
2733 4342 2928 4397 capere
2956 4340 3115 4398 posse
3140 4326 3324 4391 cibos,
3352 4339 3452 4380 nec
3486 4325 3674 4380 sedere
3755 4345 3763 4353 ο

2089 4419 2155 4474 ad
2192 4433 2436 4475 mensam
2464 4433 2585 4474 cum
2613 4427 2792 4489 patre,
2819 4418 2914 4473 sed
2961 4424 3214 4474 contenta
3257 4432 3377 4472 sum
3428 4417 3668 4486 reliquiis

2089 4511 2415 4576 catulorum,
2445 4519 2505 4564 ut
2529 4510 2833 4566 humilitate
2876 4509 3136 4564 micarum
3177 4508 3243 4563 ad
3277 4508 3434 4578 panis
3477 4509 3670 4580 integri

399 4614 670 4668 quaquam
700 4598 878 4653 fructu
913 4600 1189 4669 petitionis
1239 4600 1534 4665 fraudetur,
1586 4604 1682 4658 sed
1728 4606 1840 4662 sive
1886 4623 1984 4677 pro
2011 4585 2064 4644 D
2091 4604 2302 4662 veniam
2347 4601 2788 4675 magnitudinem.
2822 4600 2867 4657 Ο
2917 4598 3053 4655 mira
3109 4613 3292 4654 rerum
3341 4599 3667 4654 conversio!

399 4708 496 4746 sua
525 4691 816 4762 fragilitate
839 4692 984 4761 quis,
1011 4708 1104 4748 seu
1134 4708 1231 4763 pro
1256 4693 1375 4748 aliis
1399 4693 1749 4752 intervenerit
1776 4698 1986 4754 deside-

399 4797 519 4840 rato
547 4785 788 4854 potiatur
808 4783 1020 4840 effectu.

469 4880 537 4934 Et
571 4879 872 4934 accedentes
901 4878 1144 4949 discipuli
1164 4880 1280 4950 ejus
1303 4881 1554 4952 rogabant
1576 4899 1692 4936 eum
1716 4883 1941 4938 dicentes
1963 4901 1981 4938 :

394 4973 612 5026 Dimitte
640 4987 754 5026 eam
772 5011 788 5038 ,
815 4972 943 5042 quia
971 4970 1165 5025 clamat
1192 4981 1305 5042 post
1338 4988 1449 5026 nos.
1491 4971 1759 5046 (Hieron.)
1804 4974 1980 5029 Disci-

394 5062 504 5133 puli
531 5061 622 5129 illo
652 5061 832 5118 adhuc
858 5069 1100 5132 tempore
1134 5061 1391 5133 mysteria
1418 5063 1630 5118 Domini
1659 5064 1984 5146 nescientes,

394 5157 479 5211 vel
522 5155 898 5212 misericordia
937 5155 1218 5221 commoti,
1269 5157 1530 5226 rogabant
1575 5171 1674 5226 pro
1723 5155 1986 5211 Cananaea

392 5248 642 5312 muliere,
668 5263 833 5318 quam
869 5247 1005 5302 alter
1025 5245 1355 5318 evangelista
1389 5245 1862 5318 Syropbmnissam
1887 5262 1985 5316 ap-

391 5340 575 5414 pellat,
605 5340 689 5396 vel
729 5340 1136 5410 importunitate
1170 5339 1288 5409 ejus
1317 5354 1504 5394 carere
1533 5339 1837 5409 cupientes,
1859 5338 1986 5408 quia

392 5449 501 5488 non
531 5440 591 5488 ut
614 5431 959 5498 clementem,
982 5432 1077 5488 sed
1107 5441 1167 5486 ut
1197 5431 1391 5487 durum
1426 5429 1695 5485 medicum
1735 5429 1984 5484 crebrius

393 5525 732 5579 inclamaret.
761 5523 877 5579 Hoc
903 5523 971 5579 de
1011 5522 1239 5578 muliere
1268 5521 1535 5579 Cananaea
1563 5522 1728 5577 etiam
1772 5521 1982 5578 Marcus

391 5623 784 5670 commemorat
803 5654 820 5681 ,
882 5615 1132 5670 eumdem
1177 5628 1359 5669 rerum
1410 5619 1683 5684 gestarum
1731 5612 1980 5668 ordinem

393 5718 642 5770 servans,
674 5719 776 5760 nec
799 5705 1031 5760 atl'erens
1060 5706 1298 5775 aliquam
1329 5703 1700 5775 repugnantia:
1726 5703 1982 5774 quaestio-

397 5809 546 5860 nem,
584 5796 687 5850 nisi
711 5797 856 5864 quod
886 5798 939 5850 in
970 5799 1128 5852 domo
1151 5798 1282 5857 dicit
1309 5797 1475 5854 fuisse
1502 5797 1738 5865 Domini,
1762 5815 1882 5855 cum
1913 5800 1979 5855 ad

2089 4697 2253 4754 lsrael
2275 4697 2545 4767 quondam
2569 4694 2733 4760 ﬁlius,
2757 4709 2857 4750 nos
2876 4707 3056 4760 canes,
3072 4706 3172 4764 pro
3205 4689 3520 4745 diversitate
3547 4688 3668 4743 fidei

2089 4789 2223 4844 ordo
2247 4788 2524 4842 nominum
2547 4784 2940 4841 commutatur!
2973 4783 3050 4838 De
3084 4783 3189 4837 illis
3209 4790 3397 4853 postea
3427 4779 3627 4836 dicitur
3654 4799 3666 4834 :

2089 4881 2558 4937 Circumdederunt
2583 4895 2664 4932 me
2687 4894 2840 4932 canes
2865 4875 3017 4930 multi
3057 4874 3229 4942 (Psal.
3258 4873 3394 4945 ut).
3423 4872 3491 4928 Et
3527 4890 3540 4925 :
3583 4869 3672 4924 Vi-

2087 4975 2203 5028 dete
2231 4987 2407 5036 canes,
2431 4969 2593 5025 videte
2620 4967 2786 5022 malos
2827 4967 3110 5037 operarios,
3139 4964 3302 5019 videte
3325 4963 3669 5018 coneisionem

2093 5063 2313 5137 (Philip.
2345 5062 2450 5136 ιιι).
2480 5062 2558 5116 De
2585 5061 2742 5116 nobis
2764 5074 2794 5114 a
2822 5059 3016 5114 latratu
3059 5057 3408 5127 blasphemia:
3447 5064 3666 5111 contra-

2090 5155 2346 5211 dictionis
2369 5155 2436 5209 ad
2459 5153 2678 5224 pietatis
2707 5151 2937 5223 gratiam
2967 5148 3244 5204 conversis
3272 5148 3389 5219 ipse
3427 5147 3552 5202 alibi
3583 5145 3666 5200 di-

2087 5247 2164 5302 cit
2193 5264 2206 5299 :
2239 5245 2307 5299 Et
2333 5243 2467 5299 alias
2508 5259 2623 5298 oves
2650 5242 2832 5304 habeo,
2865 5257 2982 5312 quae
3011 5257 3116 5294 non
3147 5249 3269 5294 sunt
3302 5255 3367 5293 ea:
3399 5238 3498 5292 hoc
3525 5235 3667 5300 ouili,

2087 5349 2135 5390 et
2158 5335 2278 5390 illas
2303 5344 2500 5405 oportet
2534 5351 2616 5388 me
2643 5332 2927 5398 adducere,
2960 5342 3008 5387 et
3039 5346 3211 5386 vocem
3246 5345 3418 5384 meam
3457 5326 3669 5382 audient

2089 5425 2270 5500 (Joan.
2295 5424 2370 5497 ι).
2403 5423 2709 5479 Notandum
2759 5438 2890 5478 sane
2929 5422 3072 5492 quod
3114 5420 3346 5491 mystice
3397 5418 3662 5488 loquitur,

2085 5517 2312 5572 credens
2342 5531 2409 5571 ex
2449 5514 2698 5586 gentibus
2743 5512 2969 5578 mulier,
2997 5513 3122 5582 quia
3147 5510 3324 5567 catelli
3357 5509 3459 5565 sub
3487 5520 3664 5563 mensa

2084 5608 2374 5664 comedunt
2394 5608 2462 5664 de
2483 5607 2638 5662 micis
2662 5621 2976 5677 puerorum.
3005 5604 3187 5659 Mensa
3201 5603 3400 5674 quippe
3416 5609 3502 5658 est
3528 5598 3667 5655 Scri-

2082 5708 2239 5770 ptura
2269 5708 2480 5764 sancta,
2509 5714 2630 5770 quae
2659 5697 2818 5755 nobis
2841 5712 3037 5769 panem
3064 5695 3190 5751 vita
3219 5695 3512 5750 ministrat.
3535 5690 3668 5745 Hinc

2084 5795 2282 5851 ctenim
2305 5795 2436 5851 dicit
2465 5794 2702 5852 Ecclesia
2730 5813 2742 5847 :
2775 5791 2988 5847 Parasti
3012 5790 3065 5845 in
3091 5796 3364 5858 conspectu
3388 5799 3500 5840 meo
3526 5791 3665 5836 meu-
