3998 6188
325 378 425 436 981
1281 372 1637 430 COMMENT.
1672 371 1742 428 lN
1780 370 1904 427 MA’I

2008 367 2218 427 ΙιΕυΜ.
2253 398 2324 409 --
2361 366 2488 425 ιω.
2528 366 2590 421 Υ.
3479 374 3587 433 982

324 507 441 548 sam
464 490 710 546 adversus
735 505 821 542 eos
838 488 928 558 qui
961 485 1217 542 tribulam
1245 503 1327 542 me
1365 484 1538 559 (Psal.
1561 483 1720 556 xm).
1749 483 1901 538 Ilicte
1925 486 1976 545 Δ
2001 478 2259 535 ducentes
2304 492 2488 534 secum
2532 485 2728 541 mutos,
2771 489 2973 540 caecos,
3008 475 3246 541 claudos,
3278 476 3481 537 debiles
3521 486 3579 536 et

324 595 613 653 puerorum
633 580 852 632 interna
880 587 1007 633 sunt
1031 579 1286 650 mysteria
1317 578 1745 648 Scripturarum,
1773 574 1899 644 qui-
2000 568 2134 624 alios
2170 568 2386 624 multos.
2418 566 2553 635 Quia
2575 581 2670 624 eos
2709 567 2803 638 qui
2844 567 3195 623 confessionis
3243 568 3470 627 verbum
3522 571 3575 628 in

325 676 426 729 bus
453 670 735 731 humilium
763 668 939 724 solent
967 670 1131 724 corda
1177 668 1348 724 reﬁci.
1403 667 1480 723 De
1526 666 1721 737 quibus
1763 664 1899 721 alias
1998 673 2095 716 ore
2139 674 2249 715 non
2276 658 2576 724 habebant,
2604 658 2690 714 vel
2716 674 2853 730 quos
2880 658 3169 716 inﬁdelitas
3213 661 3455 729 accavit,
3485 677 3583 718 seu

325 770 527 819 sanctae
573 758 827 815 Ecclesiae
872 759 1228 828 promittitur,
1257 758 1473 814 dicente
1512 756 1782 826 Propheta
1831 756 1900 812 de
1999 750 2215 805 demum
2245 749 2397 821 pravi
2431 749 2612 821 cperis
2638 749 3027 818 claudicantes,
3056 751 3169 807 sive
3204 766 3341 823 quos
3385 767 3580 824 pecca-

326 855 556 911 Domino
585 871 599 908 :
628 851 733 919 Qui
756 852 927 923 posuit
961 852 1092 921 ﬁnes
1114 861 1230 906 tuo:
1254 867 1456 922 pacem,
1496 860 1543 905 et
1586 849 1739 904 adioe
1786 847 1903 917 [ru-
2000 850 2178 898 torum
2203 843 2416 898 sarcina
2443 841 2650 898 debiles
2674 840 2927 907 reddidit,
2942 843 3269 914 evangelicis
3295 844 3586 901 documen-

324 942 485 999 menu'
509 943 711 997 saliens
735 950 784 996 te
812 940 986 1012 (Psal.
1009 939 1231 1012 curn).
1263 937 1382 993 Non
1409 952 1542 1009 ergo
1567 936 1783 1001 cristas,
1805 934 1903 991 sed
2001 933 2072 988 tis
2091 934 2158 988 ad
2184 933 2343 989 ﬁdem
2363 942 2770 989 convertuntur.
2795 933 3010 1004 Easque
3030 935 3099 990 ad
3124 936 3286 1006 pedes
3306 934 3437 993 Jesu
3456 952 3585 1007 pro-

326 1034 496 1089 micas
517 1034 583 1088 de
607 1048 747 1104 pane
765 1046 1055 1104 puerorum
1082 1030 1249 1085 edunt
1276 1029 1475 1094 catelli,
1500 1028 1629 1098 quia
1652 1023 1903 1082 conversi
1993 1020 2210 1091 jiciunt,
2233 1022 2359 1093 quia
2386 1032 2607 1094 peccata
2628 1040 2724 1080 sua
2761 1024 3105 1090 conﬁtentes,
3128 1026 3230 1095 ipsi
3252 1025 3351 1083 soli
3379 1028 3584 1084 media-

325 1126 391 1180 ad
418 1125 604 1190 ﬁdem,
630 1125 723 1195 qui
751 1131 907 1181 erant
930 1122 1169 1193 despecti
1196 1122 1250 1176 in
1269 1120 1539 1193 gentibus,
1571 1134 1678 1175 non
1708 1118 1902 1173 littera:
2001 1113 2108 1169 tori
2141 1112 2235 1171 Dei
2264 1121 2319 1170 et
2342 1113 2620 1177 hominum
2644 1116 2913 1172 curandos
2938 1115 3249 1186 subjiciunt.
3285 1116 3430 1185 Quos
3468 1119 3584 1189 ipse

325 1214 666 1287 superﬁciem
689 1216 744 1270 in
767 1213 1087 1283 Scripturis,
1108 1212 1203 1268 sed
1224 1209 1520 1282 spiritalem
1541 1222 1902 1277 seusum,quo
2002 1207 2167 1264 etiam
2208 1207 2283 1263 ita
2317 1217 2496 1272 curat,
2525 1216 2584 1262 ut
2632 1207 2801 1263 turba:
2843 1209 3108 1264 mirentur
3135 1217 3190 1265 et
3234 1211 3586 1280 magniﬁcum

323 1309 377 1363 in
408 1309 565 1364 benis
594 1307 807 1363 actibus
836 1306 1102 1377 proﬁcere
1129 1304 1368 1368 valeant,
1392 1301 1690 1373 inquirunt.
1713 1300 1782 1355 Et
1800 1298 1904 1354 hoc
2002 1298 2172 1353 Deum
2195 1298 2377 1354 lsrael.
2405 1298 2541 1368 Quia
2562 1300 2779 1368 agmina
2802 1298 3040 1356 ﬁdelium
3068 1300 3431 1355 inaestimabili
3453 1311 3580 1357 tunc

323 1399 425 1456 sub
448 1413 634 1455 mensa
660 1399 1003 1455 dominorum
1054 1410 1307 1459 suorum,
1357 1394 1484 1449 dum
1530 1391 1715 1448 verbis
1761 1390 1902 1447 sacri
2002 1386 2275 1442 exsultant
2302 1387 2516 1459 gaudio,
2559 1388 2774 1459 quando
2819 1388 3053 1444 viderint
3097 1403 3221 1455 eos,
3254 1404 3389 1460 quos
3419 1390 3582 1446 varia:

321 1489 520 1559 eloquii
549 1489 824 1547 humiliter
848 1486 1048 1544 subditi
1082 1487 1153 1542 ad
1191 1484 1460 1557 implenda
1486 1498 1606 1553 quae
1632 1488 1904 1552 przccepta
2004 1492 2250 1535 errorum
2275 1479 2622 1549 aegritudines
2660 1481 2878 1536 insanos
2922 1488 2978 1536 et
3025 1495 3225 1553 egenos
3267 1480 3587 1545 ell‘eccrant.

321 1590 678 1648 mancum-ta
705 1581 789 1637 sui
813 1580 995 1637 cordis
1019 1587 1078 1636 et
1102 1577 1348 1649 corporis
1370 1575 1544 1632 cilicia
1577 1580 1902 1644 supponunt,
2005 1567 2234 1625 diversis
2261 1569 2523 1625 virtutum
2544 1571 2736 1641 opibus
2762 1572 2980 1639 ditatos,
3004 1582 3059 1627 et
3085 1571 3191 1628 ﬁ.le
3232 1573 3483 1629 robustos
3526 1575 3593 1630 in.

321 1682 590 1744 quatenus
617 1673 685 1729 ad
713 1672 978 1744 speranda
1007 1685 1128 1741 qua:
1164 1684 1197 1724 a
1235 1666 1466 1724 Domino
1486 1664 1753 1736 promissa
1781 1670 1907 1719 sunt
2006 1657 2186 1729 divino
2218 1661 2438 1717 servitio
2466 1661 2604 1718 bene
2634 1661 2899 1719 laborare.
2927 1662 2995 1718 Et
3027 1662 3097 1719 ob
3148 1663 3252 1720 hoc
3298 1665 3588 1734 magniﬁce

319 1764 543 1833 praemia
572 1763 629 1818 in
658 1761 810 1819 emlis
846 1761 1041 1817 merito
1081 1773 1141 1815 se
1189 1757 1385 1814 debita:
1430 1754 1753 1811 humilitatis
1798 1751 1941 1833 eri-7
2006 1748 2192 1805 laudes
2221 1751 2330 1806 Deo
2361 1753 2670 1818 dccantant,
2698 1753 2938 1808 dicentes
2961 1769 3084 1807 cum
3111 1753 3378 1822 Propheta
3412 1773 3424 1807 :
3457 1754 3586 1819 Quis

320 1832 472 1927 gant.
1931 1832 1975 1891 B
2003 1839 2147 1895 Deus
2177 1858 2397 1913 magnus
2420 1844 2485 1896 si.
2501 1852 2553 1895 ut
2586 1841 2724 1896 Deus
2756 1852 2946 1896 noster.
2980 1841 3056 1895 Tu
3084 1860 3136 1897 es
3167 1842 3305 1898 Deus
3333 1846 3419 1916 qui
3453 1845 3587 1914 fucis

395 1944 540 1999 Tunc
561 1943 874 2015 respondens
895 1941 1087 2008 Iesus,
1114 1942 1188 1996 ait
1222 1938 1301 1994 illi
1334 1952 1354 1992 .'
1387 1938 1432 1996 Ο
1462 1936 1679 2002 mulier,
1711 1952 1902 2007 magna
2001 1930 2264 1991 mirabilia
2318 1931 2482 1987 solus.
2537 1932 2733 1987 Nolam
2773 1932 2940 2003 fecisti
2989 1935 3044 1987 in
3099 1935 3305 2006 populis
3348 1938 3593 1991 uirtutem

318 2044 393 2091 est
416 2034 548 2104 ﬁdes
576 2042 707 2100 tua;
735 2033 830 2104 ﬁat
857 2033 972 2098 tibi,
1004 2032 1140 2087 sicut
1165 2031 1261 2085 vis.
1286 2026 1513 2102 (Μωιι.)
1543 2027 1599 2082 ln
1629 2026 1734 2083 hac
1773 2041 1903 2098 ergo
2004 2036 2169 2091 tuam,
2197 2025 2432 2082 liberasti
2457 2028 2512 2081 in
2541 2027 2754 2081 brachio
2780 2026 3032 2099 populum
3060 2037 3208 2082 tuum
3233 2030 3373 2099 ﬁlios
3414 2029 3589 2085 Israel

319 2124 740 2195 Syrophmnissa
772 2123 1025 2179 laudatur
1053 2121 1186 2176 ﬁdes
1226 2118 1503 2191 gentium,
1543 2132 1663 2189 quae
1707 2116 1904 2173 merito
2001 2125 2049 2171 et
2077 2114 2271 2187 Ioseph
2302 2114 2473 2188 (Psal.
2499 2120 2703 2188 um).

318 2220 513 2286 magna
533 2215 750 2281 dicitur,
778 2215 903 2286 quia
934 2229 1058 2270 cum
1104 2227 1205 2268 nec
1249 2211 1368 2282 lege
1411 2208 1614 2266 fuerint
1660 2208 1900 2272 imbuta,
2072 2204 2230 2261 Jesus
2256 2216 2430 2260 autem
2454 2208 2747 2262 convocatis
2770 2207 3041 2277 discipulis
3063 2208 3282 2274 suis,ait
3301 2220 3319 2259 .'
3334 2207 3591 2264 Misereor

317 2321 420 2361 nec
444 2305 665 2361 vocibus
691 2305 1077 2376 prophetarum
1121 2303 1424 2367 instructae,
1450 2301 1519 2357 ad
1562 2299 1902 2371 pmdicatio-
2002 2296 2189 2362 turbw,
2211 2297 2335 2368 quia
2372 2297 2493 2366 jam
2538 2298 2714 2352 triduo
2751 2308 3081 2368 perseverant
3131 2316 3352 2365 mecum,
3381 2310 3429 2355 et
3481 2316 3587 2355 non

317 2406 440 2449 nem
472 2407 597 2448 mox
634 2391 999 2463 apostolorum
1032 2391 1103 2447 ab
1128 2391 1320 2446 auditu
1344 2388 1494 2445 auris
1541 2388 1861 2444 obedierunt
1887 2427 1903 2454 ,
2002 2387 2189 2442 habent
2208 2389 2346 2460 quod
2371 2388 2716 2455 manducent;
2745 2400 2793 2445 et
2816 2391 3073 2445 dimittere
3100 2407 3187 2446 eos
3204 2391 3417 2462 jejunos
3440 2390 3586 2457 nolo,

317 2485 587 2555 ﬁdemque
602 2485 1099 2541 sanctac'frinitatis
1112 2482 1506 2540 cordecredulo
1522 2491 1901 2554 perceperunt,
2004 2493 2068 2532 ne
2097 2476 2343 2547 deﬁciant
2370 2479 2426 2534 in
2446 2480 2548 2534 via.
2570 2478 2796 2553 (Hilar.)
2838 2481 2897 2536 ln
2945 2481 3047 2536 hac
3080 2480 3309 2537 lectione
3342 2482 3584 2537 conside-

317 2577 598 2646 ipsamque
625 2576 785 2633 ﬁdem
805 2577 1088 2648 condignis
1105 2576 1361 2646 operibus
1375 2575 1720 2641 adornantes,
1735 2589 1905 2644 usque
2003 2570 2174 2625 randa
2205 2578 2289 2627 est
2315 2570 2372 2627 in
2403 2587 2509 2629 uno
2536 2572 2835 2649 eodemque
2868 2575 3225 2645 Redemptore
3274 2584 3462 2630 nostro
3505 2576 3584 2631 div

317 2670 390 2728 ,ιι
420 2675 650 2722 mortem
691 2666 1003 2723 inviolatam
1043 2681 1266 2723 servare
1303 2665 1645 2724 studuerunt.
1672 2664 1905 2735 Ideoque
2004 2659 2201 2715 stincta
2250 2660 2493 2730 operatio
2534 2661 2852 2728 divinitatis,
2899 2671 2955 2716 et
2998 2663 3373 2725 humanitatis,
3422 2672 3584 2734 atque

315 2754 851 2826 perfecumsalumm
872 2757 975 2813 sibi
997 2757 1219 2827 suisque
1247 2757 1540 2827 impetrare
1566 2764 1901 2813 meruerunt.
2003 2764 2158 2806 error
2190 2749 2526 2822 Eutychetis,
2556 2751 2647 2821 qui
2692 2768 2854 2807 unam
2889 2760 3092 2808 tantum
3133 2754 3502 2825 operationem
3529 2755 3591 2809 in

319 2843 480 2904 Unde
505 2854 561 2902 et
588 2845 871 2903 subditur:
2003 2844 2220 2902 Christo
2247 2846 2613 2916 dogmatizare
2647 2847 2951 2917 prmsumit,
2972 2848 3161 2919 procul
3193 2864 3225 2905 a
3257 2848 3589 2906 Christianis

389 2938 462 2994 Et
491 2946 683 2994 sanata
702 2947 778 2994 est
803 2937 919 3008 ﬁlia
939 2939 1054 3009 ejus
1080 2955 1146 2995 ea:
1174 2938 1268 2994 illa
1291 2939 1443 3014 hora.
1476 2938 1707 3010 Propter
1732 2940 1906 2996 humi-
2003 2936 2204 2993 ﬁnibus
2231 2936 2598 3008 expellendus.
2631 2938 2762 3006 Quis
2785 2938 2930 2993 enim
2961 2954 3065 2994 non
3096 2939 3273 2994 videat
3312 2940 3417 2996 hoc
3439 2940 3620 3010 quod.

316 3031 429 3089 lem
476 3030 726 3088 videlicet
762 3031 957 3087 matris
1002 3030 1322 3104 ﬁdelemque
1373 3046 1707 3099 sermonem,
1734 3032 1901 3088 ﬁliam
2005 3040 2168 3097 super
2190 3027 2404 3083 turbam
2431 3027 2720 3086 miseretur
2742 3029 3020 3101 Dominus,
3048 3045 3117 3087 ne
3146 3030 3233 3087 vel
3268 3031 3479 3099 inediae,
3501 3032 3593 3085 vel

314 3121 562 3180 deseruit
587 3121 928 3178 daemonium.
962 3121 1067 3179 Ubi
1112 3122 1273 3178 datur
1313 3123 1618 3194 exemplum
1665 3124 1904 3181 catechi-
1935 3178 1975 3194 ,-
2004 3119 2107 3174 vite
2136 3119 2393 3191 longioris
2421 3120 2607 3178 labore
2629 3121 2862 3189 deﬁciat,
2889 3121 3139 3179 allectum
3166 3138 3319 3189 esse,
3346 3132 3402 3179 et
3439 3138 3588 3179 com-

316 3178 480 3267 eandi
500 3218 555 3266 et
588 3210 895 3280 baptizandi
922 3210 1177 3278 infantes,
1198 3212 1325 3283 quia
1345 3178 1597 3270 videlicet
1621 3178 1902 3284 per
1930 3178 1976 3241 C
2006 3178 2315 3282 pessimam
2354 3212 2603 3269 humanm
2629 3178 2968 3285 fragilitatis?
3010 3178 3153 3268 Vult
3190 3178 3415 3286 pascere
3453 3230 3589 3286 quos

313 3308 375 3356 et
401 3300 796 3358 confessionem
819 3312 1104 3374 parentum
1134 3303 1190 3359 in
1233 3303 1505 3375 baptismo
1541 3303 1841 3361 liberantur
1869 3321 1902 3360 a
2007 3305 2236 3360 curavit.
2268 3304 2424 3361 Prius
2455 3304 2636 3362 aufert
2668 3306 2991 3373 debilitates,
3017 3314 3074 3362 ct
3102 3313 3290 3377 postea
3321 3305 3476 3361 offert
3500 3324 3589 3362 sa-

311 3393 535 3450 diabolo
550 3393 781 3465 parvuli,
801 3395 889 3466 qui
916 3395 1144 3452 necdum
1166 3412 1265 3467 per
1282 3412 1342 3452 se
1369 3411 1578 3468 sapere,
1593 3396 1677 3453 vel
1702 3397 1904 3468 aliquid
2006 3395 2093 3451 nis
2110 3396 2280 3453 cibos.
2303 3395 2575 3454 Conth
2596 3413 2807 3469 quoque
2827 3398 3140 3470 discipulos,
3162 3407 3219 3455 et
3245 3400 3392 3471 quod
3416 3398 3590 3455 factu-

312 3499 481 3557 agere
508 3484 633 3539 boni
661 3494 909 3554 possunt,
940 3495 1033 3541 aut
1055 3487 1200 3541 mali.
1438 3528 1451 3535 -
2006 3504 2101 3545 rus
2127 3497 2212 3546 est
2235 3489 2493 3561 loquitur,
2525 3500 2587 3547 ut
2610 3491 2697 3548 vel
2733 3492 3004 3565 magistris
3030 3491 3338 3564 exemplum
3383 3492 3591 3548 tribuat

387 3573 552 3648 [ιιι]
579 3574 784 3631 Etcum
807 3577 1078 3632 transisset
1101 3578 1222 3634 inde
1241 3577 1568 3645 lesus,venit
1590 3596 1738 3643 secus
1758 3597 1903 3637 mare
2005 3595 2130 3637 cum
2174 3580 2473 3637 minoribus
2500 3588 2664 3652 atque
2695 3581 2971 3652 discipulis
2998 3584 3431 3641 communicandi
3457 3600 3587 3640 con-

312 3654 575 3732 Galilazte,
603 3676 651 3723 et
677 3668 960 3729 ascendens
989 3670 1045 3724 in
1068 3679 1315 3737 montem,
1338 3671 1545 3729 sedebat
1580 3673 1673 3728 ibi.
1701 3672 1902 3729 Notau-
2004 3670 2143 3733 silia,
2170 3671 2253 3725 vel
2276 3688 2343 3727 ex
2369 3672 2698 3728 l'abulatione
2738 3674 3044 3744 intelligant
3080 3676 3219 3743 signi
3261 3676 3587 3746 magnitudi.

316 3755 450 3811 dum
476 3770 607 3829 ergo
627 3758 770 3828 quod
794 3773 901 3814 non
924 3758 1042 3815 sine
1062 3760 1244 3829 magni
1270 3760 1515 3832 mysterii
1545 3762 1757 3817 ratione
1790 3762 1900 3816 Do-
2003 3775 2148 3825 nem,
2177 3762 2564 3829 respondentes
2591 3777 2650 3818 se
2675 3778 2845 3832 [tenes
2871 3764 2928 3819 in
2976 3780 3162 3822 eremo
3202 3780 3310 3820 non
3360 3767 3587 3823 habere.

312 3846 518 3914 minus,
542 3857 734 3904 sanata
760 3848 869 3904 ﬁlia
902 3849 1146 3905 mulieris
1169 3848 1537 3915 Cananitidis,
1565 3849 1633 3906 ad
1657 3850 1900 3907 Judacam
2003 3849 2273 3917 Misereor,
2306 3852 2500 3923 inquit,
2524 3855 2712 3922 turbae,
2735 3858 2877 3927 quod
2900 3858 3076 3915 triduo
3097 3859 3218 3929 jam
3258 3872 3585 3931 perseverant

314 3944 370 3994 et
404 3952 553 3994 mare
587 3937 823 3995 Galilzem
851 3940 1141 3995 revertitur
1171 3959 1184 3995 :
1217 3940 1343 4010 quia
1379 3950 1600 4011 peracta
1629 3940 1904 4011 dispensa-
2002 3960 2222 3998 mecum.
2269 3943 2556 4002 Miseretur
2586 3948 2774 4016 turbas,
2805 3952 2931 4020 quia
2959 3953 3014 4008 in
3043 3954 3221 4010 triduo
3244 3955 3450 4012 dierum
3481 3972 3583 4012 nu-

312 4027 465 4082 tione
491 4027 682 4085 salutis
719 4029 958 4101 gentium
1001 4030 1308 4102 regreditur
1348 4031 1406 4086 iu
1459 4030 1791 4097 doctoribus,
1840 4040 1901 4087 ut
1944 4110 1951 4112 _
2001 4046 2154 4090 mero
2178 4035 2348 4103 Patri,
2375 4036 2537 4104 Filio,
2563 4038 2897 4112 Spit-iurique
2939 4053 3136 4102 sancto
3169 4046 3481 4103 credebant.
3513 4048 3584 4101 Et

311 4118 503 4175 visitet
525 4128 737 4189 gentem
767 4119 1007 4176 ludit-am
1027 4162 1041 4187 ,
1063 4136 1185 4192 qua:
1210 4120 1282 4178 ob
1315 4120 1595 4193 perﬁdiam
1629 4121 1901 4193 apostolos
1944 4110 1957 4125 ’
2002 4142 2107 4183 non
2135 4127 2324 4185 habent
2348 4130 2488 4201 quod
2512 4110 2843 4189 manducaui.
2879 4135 3056 4192 Turba
3079 4152 3294 4207 semper
3312 4138 3503 4205 esurit,
3528 4149 3583 4194 et

231 4267 253 4279 η
309 4219 366 4263 et
391 4210 598 4280 primos
618 4212 1002 4281 pmdicatores
1023 4211 1301 4285 Evangelii
1327 4228 1356 4268 a
1383 4226 1443 4270 se
1469 4213 1683 4284 repulit.
1705 4213 1901 4285 Fitque
2001 4217 2140 4274 cibis
2166 4218 2389 4291 indiget,
2422 4221 2529 4277 nisi
2566 4231 2841 4293 saturetur
2877 4242 2908 4281 a
2946 4226 3195 4284 Domino.
3226 4228 3294 4284 Et
3319 4229 3589 4286 dimittere

312 4300 448 4356 illud
479 4302 621 4372 quod
638 4301 1171 4394 l‘aulusapostolus,
1197 4312 1256 4394 et
1280 4304 1469 4365 doctor
1506 4305 1749 4394 gentium
1778 4322 1897 4362 ser-
1999 4325 2087 4365 eos
2105 4310 2321 4381 jejunus
2347 4313 2488 4380 nolo,
2519 4331 2582 4369 ne
2608 4316 2856 4385 deﬁciant
2885 4320 2939 4373 in
2973 4320 3080 4374 via.
3112 4320 3439 4378 Esuriebant
3459 4332 3585 4394 post

309 4404 476 4446 moue
497 4392 817 4461 prophetico
837 4393 1036 4448 dudum
1062 4393 1304 4463 protulit,
1334 4394 1463 4466 quia
1485 4411 1603 4450 cum
1628 4393 1899 4486 plenitudo
2000 4417 2223 4474 magnas
2245 4403 2568 4472 debilitates,
2598 4414 2652 4461 et
2688 4422 2785 4478 per
2810 4410 3125 4478 patientiam
3152 4411 3362 4469 futuros
3390 4392 3584 4486 exspe-

308 4481 547 4551 gentium
562 4481 793 4552 januam
826 4482 951 4553 ﬁdei
978 4482 1369 4550 subintraverit,
1392 4493 1516 4539 tunc
1539 4485 1708 4539 omnis
1728 4483 1887 4540 Israel

2004 4502 2155 4550 ctant
2174 4496 2477 4554 cibos.Non
2505 4499 2621 4554 vult
2646 4515 2742 4556 eos
2767 4499 2926 4559 Jesus
2953 4504 3227 4561 dimittere
3249 4481 3581 4578 jejunus,’ue

308 4572 488 4626 salvus
510 4573 605 4626 erit
635 4570 812 4645 (Rom.
829 4573 930 4646 si).
951 4573 1212 4629 Ascendit
1235 4589 1364 4645 ergo
1385 4574 1647 4632 Dominus
1666 4574 1721 4631 in
1743 4590 1887 4631 mon-

2005 4585 2258 4645 deliciant
2276 4589 2332 4645 in
2362 4590 2465 4645 via.
2499 4589 2845 4649 Periclitatur
2873 4609 3001 4667 ergo
3028 4595 3145 4652 sine
3189 4570 3396 4653 etnlesti
3444 4570 3584 4668 pane

312 4672 447 4729 tein,
479 4664 697 4719 utsicut
725 4663 841 4719 avis
884 4673 1098 4721 teneros
1139 4664 1281 4721 fetus
1308 4674 1564 4737 provocat
1602 4667 1671 4724 ad
1717 4667 1891 4724 volan-

2005 4679 2094 4751 qui
2124 4678 2193 4735 ad
2225 4689 2464 4749 optatam
2495 4683 2829 4738 mansionem
2852 4663 3135 4754 pervenire
3160 4687 3396 4745 festinat.
3431 4663 3584 4748 [inde

309 4753 464 4820 dum,
500 4754 580 4811 sic
607 4756 720 4825 ipse
755 4755 1031 4812 auditores
1072 4770 1200 4847 suos
1244 4757 1420 4829 erigat
1467 4759 1537 4816 ad
1573 4774 1802 4830 superna
1847 4767 1901 4814 cl
2004 4777 2059 4823 et
2089 4768 2312 4840 angelus
2348 4769 2587 4841 loquitur
2630 4772 2696 4826 ad
2740 4753 2909 4828 Eliam
2940 4796 2952 4828 :
2988 4774 3159 4847 Surge
3207 4785 3255 4830 et
3298 4779 3581 4842 manduca,

315 4845 557 4903 coelestia
598 4854 945 4939 sacramenta
984 4846 1689 4939 medit:tnda.hSedebatque
1726 4850 1815 4914 ibi,
1843 4859 1900 4905 ut
2004 4860 2129 4931 quia
2153 4860 2403 4930 grandem
2432 4862 2572 4916 viam
2616 4863 2981 4920 ambulatum:
3032 4845 3111 4921 est
3133 4864 3252 4939 (Ill
3280 4866 3409 4938 Reg.
3440 4866 3577 4939 xix).

312 4936 715 4991 demonstraret
753 4951 858 4992 non
894 4934 1001 4991 nisi
1038 4935 1092 4990 in
1132 4935 1443 4993 cmlestibus
1487 4937 1728 5008 requiem
1780 4954 1891 4994 esse

2007 4948 2211 5023 [Greg.]
2237 4950 2368 5005 ltem
2400 4950 2556 5007 turba
2588 4954 2765 5009 triduo
2787 4954 3073 5011 Dominum
3096 4934 3345 5024 sustinet,
3360 4934 3586 5026 quando

314 5029 683 5099 quaerendam.
2003 5039 2293 5095 multitudo
2321 5039 2556 5096 ﬁdelium
2584 5053 2809 5112 peccata
2839 5060 2960 5114 quae
2987 5047 3319 5117 perpetravit
3336 5062 3437 5117 per
3465 5063 3581 5117 poe-

391 5120 459 5175 Et
495 5133 823 5178 accesserunt
844 5123 912 5178 ad
926 5139 1045 5178 eum
1067 5124 1233 5177 turbae
1253 5122 1431 5177 multa-
1458 5124 1703 5179 habentes
1723 5141 1896 5179 secum
2004 5131 2286 5187 nitentiam
2311 5130 2623 5199 declinans,
2650 5133 2719 5189 ad
2764 5135 3050 5193 Dominum
3094 5150 3154 5192 se
3194 5136 3250 5191 in
3295 5151 3480 5206 opere,
3523 5138 3585 5195 in

313 5221 523 5279 mutos,
550 5228 746 5277 ca’cos,
791 5214 1037 5279 claudos,
1065 5213 1258 5267 debiles
1296 5223 1345 5267 et
1384 5214 1517 5268 alios
1570 5214 1780 5270 multos.
1829 5214 1898 5272 Et
2001 5219 2274 5277 locutione
2315 5229 2478 5292 atque
2514 5223 2570 5277 in
2599 5226 2923 5296 cogitatione
2968 5226 3254 5282 convertit.
3299 5226 3444 5295 Quos
3491 5230 3579 5287 di-

312 5307 647 5377 projecerunt
689 5324 778 5363 eos
818 5307 887 5362 ad
923 5307 1077 5377 pedes
1104 5307 1241 5377 ejus,
1266 5316 1315 5361 et
1354 5308 1552 5360 curavit
1603 5322 1712 5372 eos,
1741 5307 1815 5362 ita
1841 5319 1897 5362 ut
2003 5310 2219 5367 mittere
2241 5310 2456 5382 jejunus
2485 5313 2539 5368 in
2568 5314 2787 5369 domum
2812 5331 2969 5372 suam
3006 5317 3266 5373 Dominus
3288 5334 3393 5373 non
3438 5320 3581 5386 vult,

314 5395 481 5453 turbte
524 5399 847 5453 mirarentur
880 5398 1107 5453 uidentes
1147 5407 1318 5453 mutos
1366 5396 1652 5469 loquentes,
1678 5397 1894 5455 claudos
2002 5415 2072 5457 ne
2098 5400 2351 5458 deﬁciant
2373 5403 2428 5457 in
2451 5404 2557 5459 via.
2583 5402 2719 5471 Quia
2750 5406 2999 5462 videlicet
3038 5408 3284 5465 conversi
3323 5419 3577 5478 peccato-

315 5486 664 5553 ambulantes,
695 5504 860 5543 caecos
892 5488 1151 5554 uidentes,
1184 5498 1230 5544 et
1269 5488 1677 5559 magniﬁcabant
1722 5488 1894 5544 Deum
2002 5493 2173 5549 resin
2199 5496 2481 5564 pmsentis
2511 5497 2632 5552 vita:
2670 5497 2754 5551 via
2795 5496 3081 5565 deﬁciunt,
3124 5498 3169 5554 si
3205 5499 3258 5554 in
3305 5515 3401 5557 sua
3444 5513 3576 5555 con-

314 5575 507 5631 Isracl.
553 5576 787 5634 Sedente
828 5592 958 5650 ergo
1017 5579 1244 5635 Domino
1299 5579 1356 5633 in
1401 5589 1603 5643 monte,
1629 5579 1682 5635 id
1708 5589 1811 5648 est,
1842 5581 1895 5636 iu
2003 5585 2228 5641 scientia
2257 5586 2377 5643 sine
2395 5586 2653 5644 doctrina:
2673 5596 2872 5644 sancta:
2894 5588 3092 5659 pabulo
3113 5589 3473 5645 dimittantur.
3502 5589 3587 5647 Nc

316 5666 576 5723 oculorum
605 5680 730 5725 arce
757 5669 988 5741 gloriose
1012 5679 1068 5725 et
1095 5671 1413 5733 mirabiliter
1433 5680 1709 5742 regnante,
1726 5673 1897 5729 turbat
2003 5689 2131 5747 ergo
2155 5675 2421 5732 lassentur
2452 5678 2504 5733 in
2540 5678 2699 5749 h'ujus
2744 5680 3194 5750 peregrinationis
3239 5681 3453 5747 itinere,
3481 5697 3580 5752 pa-

319 5761 554 5818 ﬁdelium
576 5779 699 5818 eum
718 5763 1098 5821 metitcdcvota
1119 5764 1192 5820 illi
1217 5780 1429 5833 semper
1445 5763 1891 5835 appropinquant,
2003 5764 2185 5820 sccndi
2219 5773 2345 5821 sunt
2389 5782 2544 5822 sacra
2592 5768 2974 5827 admonitione.
3025 5768 3326 5827 Notandum
3369 5785 3582 5842 quoque
