4006 6194
389 396 493 452 985

1026 387 1087 440 Β.
1124 384 1379 439 RABANI
1419 381 1637 438 MAURI
1677 375 1998 433 ARCHlEP.
2040 373 2349 432 MOGUNT.
2387 374 2676 432 OPERUM
2711 373 2890 430 PA'RS
2927 373 2966 428 Ι.

3543 377 3647 432 98δ

385 508 531 580 quod
555 508 606 562 in
633 504 894 576 superiori
917 499 1198 571 signo,qui
1219 497 1503 570 propinqui
1525 501 1698 558 erant,
1713 501 1769 549 et
1783 490 1964 558 vicini,
1996 485 2048 547 Α
2073 486 2241 541 nostri
2270 487 2554 558 signiﬁcat.
2585 488 2662 543 Ibi
2697 503 2859 558 super
2885 485 3090 552 fenum,
3117 485 3206 542 hic
3240 487 3401 556 super
3451 495 3653 544 terrain

382 601 622 672 quinque
651 611 908 653 sensuum
930 609 1036 648 non
1073 593 1189 662 ipse
1214 590 1474 646 Dominus
1498 601 1686 644 eorum
1714 581 1967 640 recorda-

388 704 498 760 tur,
526 691 618 747 sed
647 687 891 757 discipuli
923 685 1296 747 recordamur,
1325 694 1570 750 vespere,
1598 677 1776 732 vicina
1809 682 1966 730 nocte

384 793 442 840 et
477 783 770 838 inclinante
794 780 907 850 jam
945 775 1075 832 sole.
1110 773 1208 828 llic
1236 782 1414 828 autem
1447 771 1561 839 ipse
1601 766 1860 822 Dominus
1883 777 1967 818 re—

387 875 664 940 cordatur,
684 878 739 926 et
763 867 1011 925 misereri
1040 881 1098 921 se
1125 863 1275 927 dicit,
1290 869 1344 916 et
1365 872 1584 915 causam
1607 851 1968 911 miserationis

387 965 628 1036 exponit,
659 962 784 1034 quia
809 961 987 1016 triduo
1015 959 1127 1029 jam
1161 957 1510 1026 perseverant
1539 962 1663 1002 cum
1685 961 1770 1010 eo,
1802 951 1856 998 et
1885 942 1968 997 di-

385 1033 606 1112 mittere
644 1033 738 1112 eos
764 1051 978 1122 jejunos
1006 1064 1114 1103 non
1138 1045 1270 1109 vult,
1300 1060 1367 1098 ne
1393 1039 1643 1097 deﬁciant
1673 1038 1726 1091 in
1762 1035 1866 1089 via.
1908 1033 1966 1086 ln

390 1155 503 1203 toto
527 1147 671 1202 enim
716 1142 912 1199 saeculo
955 1137 1170 1208 generis
1222 1131 1443 1189 humani
1486 1129 1707 1184 tertium
1753 1136 1966 1194 tempus

389 1246 491 1304 est,
525 1236 669 1306 quod
710 1233 832 1288 ﬁdei
872 1230 1192 1287 Christianae
1217 1225 1390 1298 gratia
1420 1221 1546 1277 data
1579 1227 1681 1274 est.
1719 1215 1960 1270 Primum

386 1343 517 1399 ergo
541 1335 624 1383 est
651 1333 776 1380 ante
798 1324 991 1395 legem,
1015 1317 1308 1376 secundum
1339 1315 1439 1370 sub
1466 1313 1603 1383 lege,
1628 1309 1846 1366 tertium
1867 1308 1966 1363 sub

387 1420 583 1493 gratia.
611 1419 679 1474 Et
697 1417 952 1488 quoniam
976 1422 1228 1484 quartum
1275 1409 1451 1464 adhuc
1493 1413 1684 1470 restat,
1708 1403 1853 1473 quod
1899 1400 1969 1455 ad

388 1511 752 1582 plenissimam
790 1523 978 1579 pacem
1007 1503 1341 1561 Hierusalem
1375 1497 1613 1556 caelestis
1638 1494 1848 1550 venturi
1873 1508 1968 1548 su-

389 1618 530 1667 mus,
560 1615 666 1671 quo
691 1599 861 1656 tendit
881 1595 1124 1668 quisquis
1152 1601 1298 1649 recte
1340 1589 1512 1646 credit
1559 1586 1615 1641 in
1659 1584 1966 1648 Christum,

389 1701 678 1764 propterea
709 1707 768 1747 se
806 1691 938 1747 dicit
963 1688 1176 1743 turbam
1204 1685 1349 1740 illam
1396 1681 1623 1738 reﬁcere
1675 1677 1964 1737 Dominus.

388 1799 458 1838 ne
479 1782 728 1838 deﬁciant
753 1781 806 1835 in
838 1779 943 1833 via.

2069 579 2312 634 reﬁcitur
2342 598 2355 632 :
2397 579 2469 634 ibi
2492 581 2636 634 enim
2671 579 2930 635 celsitudo
2967 577 3169 634 Christi
3199 588 3423 648 propter
3458 594 3655 636 carna-

2069 669 2146 724 les
2178 671 2444 736 homines,
2470 679 2525 726 et
2547 670 2878 726 Hierusalem
2911 679 3180 724 terrenam
3196 709 3212 734 ,
3235 670 3444 724 carnali
3471 686 3566 740 spe
3593 681 3654 728 et

2068 760 2334 816 desiderio
2362 761 2591 832 tegitur;
2625 761 2712 816 hic
2739 769 2920 816 autem
2947 767 3154 815 remota
3178 761 3326 816 omni
3355 761 3656 832 cupiditate

2069 852 2293 920 carnali,
2322 853 2574 919 convivas
2598 853 2731 909 Novi
2763 852 3093 909 Testamenti
3119 853 3233 923 spei
3278 857 3654 923 pcrmanentis

2069 943 2468 1000 ﬁrmamentum
2499 954 2756 1014 tanquam
2778 943 2948 1014 ipsius
2976 943 3176 1000 montis
3215 944 3462 1002 soliditas
3501 947 3653 1001 nullo

2067 1033 2192 1090 feno
2222 1036 2538 1105 interposito
2563 1034 2894 1091 continebat.

2139 1124 2209 1179 Et
2237 1126 2496 1195 accipiens
2523 1124 2678 1180 Jesus
2705 1136 2897 1197 septem
2922 1142 3082 1195 panes
3102 1135 3151 1181 et
3174 1144 3361 1198 pisces,
3377 1137 3426 1184 et
3447 1129 3656 1198 gratias

2067 1233 2243 1287 agens,
2268 1216 2420 1286 fregit
2445 1225 2494 1270 et
2515 1215 2657 1270 dedit
2685 1216 2954 1288 discipulis
2979 1219 3108 1282 suis,
3133 1227 3182 1272 et
3220 1216 3462 1288 discipuli
3486 1218 3641 1272 dede-

2069 1317 2189 1361 runt
2218 1307 2429 1378 populo.
2458 1306 2734 1380 (Venant.)
2762 1309 3025 1365 Dominus
3046 1311 3319 1381 accipiens
3347 1325 3517 1381 panes
3553 1311 3656 1366 da-

2069 1401 2164 1456 bat
2190 1399 2463 1470 discipulis
2486 1400 2619 1468 suis,
2633 1409 2694 1457 ut
2711 1401 2814 1470 ipsi
2834 1411 3085 1474 acceptos
3103 1403 3274 1460 turba:
3295 1414 3651 1475 apponerent,

2069 1491 2195 1561 quia
2224 1490 2481 1562 spiritalis
2509 1493 2650 1548 dona
2682 1493 2926 1549 scientia:
2970 1494 3212 1552 tribuens
3251 1497 3511 1567 apostolis
3553 1512 3656 1569 per

2071 1596 2256 1637 eorum
2287 1582 2648 1638 ministerium
2683 1583 2852 1640 voluit
2881 1583 3134 1642 Ecclesia;
3160 1601 3273 1642 suae
3317 1603 3416 1658 per
3462 1588 3653 1644 orbem

2071 1670 2195 1726 vitae
2232 1671 2437 1726 cibaria
2461 1671 2732 1729 distribui.
2760 1673 2913 1742 Quod
2941 1689 3068 1730 vero
3097 1674 3260 1747 fregit
3299 1692 3471 1748 panes
3512 1693 3654 1748 quos

2071 1761 2350 1834 discipulis
2369 1765 2538 1831 dedit,
2553 1767 2885 1836 apertionem
2905 1768 3152 1839 designat
3164 1777 3648 1834 sacramentorum,

462 1835 530 1925 ἐκ
558 1835 740 1925 dicunt
766 1871 813 1923 ei
850 1865 1090 1936 discipuli
1122 1879 1139 1916 :
1173 1863 1322 1918 Unde
1352 1836 1647 1932 ergo'nobis
1668 1872 1828 1928 panes
1853 1864 1972 1910 tan-
1999 1835 2046 1892 Β
2074 1857 2270 1927 quibus
2294 1857 2361 1913 ad
2387 1835 2704 1928 perpetuam
2735 1857 2963 1914 salutem
2994 1835 3314 1916 nutriendus
3338 1867 3456 1915 erat
3495 1876 3657 1915 mun-

388 1954 467 2017 τοι
511 1971 569 2016 ut
600 1970 895 2016 saturemus
921 1956 1129 2012 turbam
1162 1953 1404 2008 tantum?
1437 1949 1663 2024 (MAUR.)
1694 1946 1822 2003 Hatc
1851 1961 1972 2002 sen-

388 2051 557 2106 tentia
587 2050 772 2105 rudem
797 2048 957 2103 lidem
981 2045 1156 2100 adhuc
1185 2040 1422 2098 ostendit
1445 2037 1852 2109 discipulorum,
1877 2035 1969 2106 qui

389 2162 498 2200 non
529 2141 883 2197 recordantur
912 2137 1149 2206 quinque
1178 2132 1408 2204 panibus
1453 2128 1768 2185 hordeaceis
1814 2127 1972 2198 quin-

389 2251 494 2306 que
524 2233 687 2289 millia
714 2230 994 2286 hominum
1018 2225 1176 2297 paulo
1205 2230 1329 2278 ante
1357 2221 1584 2286 satiata;
1610 2220 1656 2275 si
1684 2219 1828 2276 enim
1850 2232 1972 2289 per-

385 2330 528 2385 fecte
577 2323 938 2393 intelligerent
987 2325 1264 2373 auctorem
1293 2323 1348 2369 et
1384 2313 1797 2394 datorem,_'non
1841 2323 1972 2364 cun-

385 2425 667 2476 ctarentur
685 2414 830 2471 unde
856 2412 1082 2468 haberet
1109 2407 1268 2462 turba
1303 2402 1670 2460 refectionem.

458 2512 527 2565 Et
559 2509 634 2564 ait
661 2507 768 2562 illis
796 2503 952 2560 Iesus
981 2517 998 2554 :
1027 2501 1164 2567 Quot
1199 2513 1359 2570 panes
1390 2493 1632 2549 habetis?
1667 2491 1970 2562 lnterrogat

390 2601 604 2672 quidem
633 2613 740 2653 non
789 2594 942 2664 quasi
992 2592 1231 2662 ignarus,
1263 2586 1358 2644 sed
1392 2584 1544 2656 quasi
1597 2580 1852 2639 docendo
1887 2594 1970 2634 re-

387 2705 704 2763 SPOHSUI‘OS.

456 2785 524 2838 At
553 2782 634 2837 illi
662 2781 905 2836 dixerunt
949 2790 966 2829 :
1001 2775 1130 2831 Octo
1156 2784 1202 2830 et
1233 2788 1427 2843 paucos
1452 2766 1749 2841 pisciculos.
1781 2762 1964 2836 (ΗΑΒ.)

385 2880 529 2935 Bene
554 2885 678 2932 octo
696 2887 864 2946 panes
884 2872 939 2927 in
964 2869 1222 2942 mysterio
1243 2866 1376 2922 Novi
1402 2862 1734 2921 Testamenti
1761 2874 1970 2932 ponun-

371 2979 494 3039 ‘tur,
523 2972 576 3025 in
601 2984 708 3040 quo
733 2964 1066 3039 septiformis
1091 2961 1265 3034 gratia
1301 2959 1539 3030 Spiritus
1561 2954 1733 3012 sancti
1759 2951 1968 3023 plenius

385 3059 634 3116 ﬁdelibus
662 3056 900 3118 cunctis,
943 3061 999 3108 et
1043 3050 1308 3108 credenda
1355 3045 1644 3109 revelatur,
1674 3051 1730 3098 et
1764 3040 1967 3097 credita

2071 1949 2191 2006 dus.
2214 1948 2350 2006 Cum
2377 1951 2521 2006 enim
2565 1950 2643 2005 ait
2687 1951 2803 2020 ipse
2843 1951 3148 2006 Dominus:
3187 1950 3256 2006 Et
3309 1969 3458 2006 nemo
3510 1952 3651 2006 novit

2071 2037 2120 2091 F
2122 2037 2270 2093 ilium
2295 2039 2397 2094 nisi
2418 2039 2599 2105 Pater,
2617 2055 2778 2110 neque
2803 2037 3015 2094 Patrem
3037 2040 3154 2111 quis
3175 2040 3310 2095 nouit
3324 2041 3427 2095 nisi
3451 2039 3650 2108 Filius,

2069 2143 2118 2186 et
2141 2133 2226 2188 cui
2250 2133 2465 2188 voluerit
2497 2131 2672 2188 Filius
2699 2133 2926 2188 reuelare
2973 2131 3126 2204 (Luc.
3153 2131 3210 2204 x)
3228 2174 3242 2199 ,
3270 2131 3396 2204 quid
3428 2133 3530 2188 nisi
3558 2148 3654 2203 pa-

2070 2240 2194 2281 nem
2224 2225 2346 2280 vitae
2384 2226 2541 2281 nobis
2583 2241 2682 2296 per
2729 2239 2789 2280 se
2832 2223 3180 2295 aperiendum
3229 2223 3657 2279 demonstravit?

2071 2317 2134 2373 ad
2166 2317 2320 2388 cujus
2345 2316 2603 2372 interiora
2629 2316 2900 2372 cernenda
2927 2329 3025 2386 per
3049 2329 3149 2370 nos
3188 2315 3335 2386 ipsos
3362 2323 3658 2386 penetrare

2069 2410 2429 2482 nequivimus.
2458 2409 2556 2466 Cui
2581 2418 2772 2466 contra
2803 2409 3064 2481 propheta
3107 2408 3472 2465 miserabilem
3518 2425 3658 2478 quo-

2071 2502 2317 2558 rumdam
2345 2501 2631 2572 deplorans
2658 2501 2861 2557 famem
2890 2500 3072 2556 aiebat
3102 2514 3116 2554 :
3147 2497 3368 2555 Parvuli
3392 2500 3658 2570 petierunt

2067 2609 2278 2664 panem,
2310 2608 2402 2646 nec
2426 2599 2542 2646 erat
2559 2592 2650 2663 qui
2675 2590 2936 2660 frangeret
2975 2589 3050 2644 eis
3090 2587 3304 2659 (Thren.
3349 2587 3446 2660 iv).
3495 2586 3654 2654 Quod

2067 2693 2150 2738 est
2178 2682 2299 2737 aliis
2329 2681 2512 2737 verbis
2557 2681 2740 2736 dicere
2773 2697 2786 2734 :
2819 2678 3026 2735 lndocti
3075 2677 3404 2750 quaesierunt
3455 2676 3658 2746 pabula

2066 2773 2217 2831 verbi
2241 2773 2338 2828 Dei
2367 2785 2475 2842 quo
2507 2773 2574 2827 ad
2595 2770 2856 2827 virtutem
2897 2770 3053 2825 bona:
3095 2768 3430 2839 operationis
3455 2781 3658 2822 conva-

2068 2866 2335 2920 lescerent
2361 2861 2530 2928 reﬁci,
2558 2876 2660 2917 nec
2687 2867 2828 2928 erat,
2849 2859 3125 2932 magistris
3145 2857 3542 2923 deﬁcientibus,
3561 2858 3660 2927 qui

2065 2958 2146 3013 eis
2169 2957 2572 3026 Scripturarum
2599 2969 2796 3010 arcana
2822 2951 3168 3024 patefaceret,
3191 2967 3391 3022 eosque
3417 2952 3484 3006 ad
3505 2951 3660 3006 viam

2067 3049 2312 3104 veritatis
2336 3048 2664 3103 institueret.
2685 3043 2936 3114 Acceptis
2962 3051 3144 3100 autem
3187 3044 3257 3099 ad
3294 3041 3660 3114 frangendum

384 3153 564 3206 datur.
590 3148 774 3218 Neque
800 3145 1087 3202 hordeacei
1112 3142 1280 3198 fuisse
1302 3139 1695 3243 producuntur,
1719 3131 1964 3243 sicutlilli
1993 3181 2037 3243 C
2069 3141 2300 3211 panibus
2319 3140 2578 3196 Dominus
2601 3140 2806 3222 gratias
2828 3138 2957 3209 agit,
2980 3137 3038 3190 ui
3072 3143 3126 3191 ei
3150 3135 3266 3205 ipse
3295 3142 3556 3205 quantum
3589 3133 3660 3188 de

383 3243 642 3312 quinque,
674 3239 741 3294 de
768 3236 966 3308 quibus
1012 3235 1250 3305 quinque
1295 3239 1422 3288 sunt
1468 3227 1748 3284 hominum
1793 3221 1963 3278 millia

383 3333 634 3398 saturati,
665 3346 733 3386 ne
757 3331 954 3385 iterum
984 3327 1124 3383 sicut
1150 3326 1204 3379 in
1243 3324 1362 3394 lege
1409 3319 1575 3377 vitale
1628 3317 1822 3374 anima:
1867 3313 1966 3369 ali-

381 3433 626 3482 mentum
653 3418 1027 3493 corporalibus
1053 3415 1410 3474 sacramentis
1440 3415 1804 3482 obtegeretur.
1830 3405 1968 3461 Hor-

385 3517 474 3574 dei
522 3515 668 3571 enim
713 3511 945 3567 medulla
994 3507 1338 3564 tenacissima
1383 3504 1539 3574 palea
1585 3501 1806 3572 tegitur.
1856 3496 1967 3552 Nec

383 3608 488 3680 ipsi
533 3603 800 3678 pisciculi,
843 3617 980 3674 quos
1021 3599 1182 3657 simul
1219 3613 1342 3655 cum
1387 3596 1618 3668 panibus
1672 3609 1731 3650 se
1765 3593 1968 3648 habere

383 3696 614 3770 apostoli
641 3693 1055 3766 proﬁtebantur,
1084 3692 1203 3746 sine
1231 3687 1494 3761 mysterio
1542 3693 1687 3741 sunt.
1740 3682 1874 3739 Nam
1921 3681 1967 3737 si

381 3792 438 3844 in
468 3787 696 3858 panibus
739 3794 946 3855 septem
979 3781 1258 3852 Scriptura
1298 3779 1434 3835 Novi
1461 3776 1790 3834 Testamenti
1827 3773 1970 3830 desi-

383 3888 604 3951 gnatur,
633 3878 686 3932 in
724 3877 881 3948 cujus
915 3875 1149 3931 lectione
1176 3889 1276 3944 per
1311 3872 1542 3944 gratiam
1581 3870 1757 3927 sancti
1792 3865 1966 3937 Spiri-

381 3982 470 4024 tus
500 3969 746 4023 internas
773 3966 1035 4020 mentium
1064 3963 1250 4034 epulas
1277 3962 1582 4018 invenimus
1599 4001 1615 4026 ,
1645 3959 1774 4029 quid
1799 3958 1854 4012 in
1881 3955 1968 4027 pi-

381 4058 603 4114 sciculis
623 4072 761 4129 quos
778 4056 1107 4112 benedicens
1131 4053 1338 4125 pariter
1371 4051 1630 4108 Dominus
1662 4050 1832 4105 turba:
1853 4047 1969 4118 jus-

380 4151 454 4204 sit
481 4149 700 4220 apponi,
728 4147 832 4203 nisi
875 4154 1092 4203 sanctos
1142 4143 1438 4214 accipimus
1481 4141 1625 4198 illius
1676 4142 1967 4212 temporis,

380 4255 480 4311 per
508 4255 646 4310 quos
681 4240 872 4296 eadem
905 4245 989 4294 est
1017 4235 1235 4292 condita
1265 4234 1564 4304 Scriptura,
1609 4231 1694 4288 vel
1739 4247 1969 4303 quorum

383 4332 503 4402 ipsa
533 4330 815 4400 Scriptura
841 4329 1023 4394 ﬁdem,
1055 4328 1224 4383 vitam
1267 4333 1323 4381 et
1359 4324 1640 4396 passiones
1693 4323 1971 4380 continet?

381 4423 474 4492 qui
518 4423 584 4479 de
625 4421 949 4476 turbulentis
982 4419 1144 4490 hujus
1185 4417 1366 4474 saeculi
1407 4415 1658 4472 (luctibus
1702 4415 1873 4486 erepti
1907 4430 1971 4470 ac

382 4515 564 4569 divina
619 4512 995 4570 benedictione
1041 4509 1366 4574 consecrati,
1417 4506 1766 4564 refectionem
1813 4505 1971 4561 nobis

384 4608 675 4669 internam,
719 4619 790 4660 ne
832 4605 886 4658 in
932 4603 1095 4674 hujus
1138 4601 1324 4656 mundi
1375 4599 1709 4655 transeuntis
1733 4611 1966 4654 excursu

382 4695 735 4761 deﬁciamus,
792 4695 1038 4764 exemplo
1083 4709 1194 4750 suae
1243 4692 1525 4763 prabuere
1582 4690 1666 4746 vel
1715 4690 1840 4747 vita:
1881 4691 1968 4748 vel

387 4789 599 4842 mortis.

454 4880 525 4934 Et
565 4881 806 4951 praecepit
847 4887 1013 4935 turbae
1058 4889 1112 4933 ut
1164 4877 1505 4934 discumberet
1552 4893 1709 4948 super
1749 4886 1963 4932 terram.

385 4975 560 5044 Supra
585 4973 641 5028 in
671 4971 965 5028 refectione
991 4972 1229 5042 quinque
1259 4986 1458 5042 panum
1491 4971 1645 5027 turba
1677 4987 1840 5042 super
1889 4971 1968 5026 fe-

384 5082 514 5122 num
549 5065 720 5120 viride
745 5063 1141 5129 discumbebat,
1169 5079 1313 5119 nunc
1355 5063 1444 5118 ubi
1489 5073 1694 5135 septem
1737 5065 1969 5134 panibus

383 5155 675 5212 reﬁcienda
704 5164 808 5220 est,
835 5171 995 5226 supra
1028 5162 1227 5209 terram
1245 5155 1591 5210 discumbere
1619 5155 1929 5226 praecipitur
1952 5174 1964 5208 :

386 5243 514 5313 quia
536 5261 636 5316 per
661 5244 996 5314 Scripturam
1020 5244 1154 5315 legis
1179 5244 1360 5299 carnis
1383 5243 1649 5299 desideria
1685 5243 1897 5299 calcare
1915 5251 1972 5298 et

379 5339 637 5411 jubemur
684 5338 1063 5407 comprimere.
1109 5334 1292 5390 Omnis
1330 5335 1474 5390 enim
1521 5351 1644 5388 caro
1684 5334 1884 5405 fenum,
1920 5345 1970 5389 et

385 5429 554 5485 omnis
574 5427 743 5501 gloria
763 5429 878 5498 ejus
903 5437 1154 5498 tanquam
1178 5428 1275 5496 ﬂos
1299 5425 1402 5492 teni
1429 5424 1572 5496 (Isa.
1592 5442 1659 5481 χι,
1673 5425 1713 5496 ).
1737 5425 1796 5481 In
1819 5424 1971 5482 Novo

385 5529 571 5576 autem
601 5521 948 5577 Testamento
975 5521 1148 5590 ipsam
1179 5532 1392 5588 quoque
1421 5527 1620 5572 terram
1647 5533 1712 5572 ac
1747 5519 1976 5575 faculta-

385 5622 470 5667 tes
514 5612 840 5684 temporales
883 5610 1256 5680 derelinquere
1296 5607 1654 5678 praecipimur,
1683 5608 1768 5664 vel
1801 5618 1972 5675 certe,

386 5704 513 5772 quia
538 5719 692 5758 mons
724 5704 777 5757 in
807 5719 916 5773 quo
943 5702 1102 5756 turba
1127 5701 1424 5756 Dominicis
1443 5700 1673 5769 panibus
1693 5700 1972 5757 reﬁcieba-

390 5802 506 5860 tur,
546 5794 914 5851 altitudinem,
968 5803 1028 5848 ut
1083 5809 1243 5865 supra
1295 5793 1565 5860 diximus,
1617 5794 1973 5866 redemptoris

1994 4563 2048 4626 D

2068 3233 2243 3288 salute
2271 3233 2484 3304 generis
2512 3233 2735 3288 humani
2763 3230 3117 3302 congaudeat,
3145 3229 3426 3293 ostendat,
3457 3236 3509 3283 et
3552 3243 3659 3283 nos

2069 3323 2135 3379 ad
2159 3324 2396 3395 agendas
2419 3323 2621 3395 gratias
2652 3323 2764 3379 Deo
2792 3322 3066 3379 informet.
3113 3318 3249 3377 Cum
3293 3319 3380 3374 vel
3434 3327 3658 3374 terreno

2069 3432 2208 3488 pane
2232 3431 2474 3482 carnem,
2507 3415 2594 3471 vel
2630 3416 2865 3471 animam
2907 3413 3145 3481 cmlesti,
3191 3427 3424 3483 superna
3470 3411 3657 3482 gratia

2070 3508 2353 3579 largiente,
2383 3507 2677 3564 reﬁcimus.

2143 3597 2210 3650 Et
2243 3601 2576 3651 comederunt
2599 3613 2797 3663 omnes,
2823 3605 2872 3650 et
2908 3596 3133 3651 saturati
3152 3603 3294 3650 sunt.
3325 3592 3662 3650 Manducant

2069 3687 2136 3742 de
2169 3686 2400 3756 panibus
2442 3686 2657 3743 Domini
2695 3701 2761 3742 ac
2803 3687 3067 3759 piscibus,
3096 3694 3154 3742 et
3196 3694 3522 3752 saturantur,
3551 3687 3658 3756 qui

2070 3779 2351 3836 audientes
2393 3778 2560 3834 verba
2609 3778 2727 3845 Dei,
2759 3786 2814 3834 et
2838 3776 3084 3848 exempla
3111 3777 3400 3844 intuentes,
3426 3777 3492 3832 ad
3514 3792 3660 3847 pro-

2071 3870 2272 3926 fectum
2299 3870 2427 3926 vitae
2449 3869 2804 3925 correctionis
2825 3883 2921 3940 per
2941 3869 3059 3924 haec
3098 3869 3324 3924 excitari
3370 3876 3530 3938 atque
3571 3884 3662 3924 as-

2071 3977 2294 4035 surgere
2318 3961 2594 4018 festinant.
2628 3961 2834 4030 Quibus
2875 3968 2998 4030 apte
3041 3959 3290 4031 congruit
3335 3959 3466 4014 illud
3505 3959 3660 4016 Psal-

2071 4055 2244 4110 mista:
2276 4074 2288 4108 :
2329 4054 2500 4109 Edent
2537 4070 2788 4125 pauperes
2809 4094 2823 4120 ,
2855 4063 2905 4108 et
2940 4053 3338 4118 saturabuntur,
3366 4062 3414 4106 et
3455 4052 3660 4107 lauda-

2071 4147 2196 4200 bunt
2219 4145 2386 4201 Deum
2407 4146 2498 4218 qui
2518 4145 2785 4216 requirunt
2814 4161 2955 4210 eum,
2985 4144 3111 4198 uiuet
3136 4159 3227 4196 cor
3245 4159 3426 4197 eorum
3466 4143 3522 4197 in
3554 4159 3658 4197 sce-

2071 4238 2248 4294 culum
2273 4237 2454 4293 saeculi
2485 4234 2657 4310 (Psal.
2696 4235 2833 4310 xxi).
2867 4235 3020 4303 Quod
3045 4242 3129 4289 est
3170 4242 3356 4304 aperte
3401 4233 3590 4289 dicere
3643 4255 3661 4306 ;

2070 4327 2559 4384 Audienthumiles
2579 4327 2802 4383 verbum
2839 4326 2958 4393 Dei,
2981 4334 3037 4381 et
3062 4325 3283 4391 facient,
3318 4333 3374 4380 et
3416 4325 3486 4379 ad
3531 4325 3654 4380 laus

2071 4421 2195 4477 dem
2225 4435 2332 4476 non
2371 4435 2522 4475 suam
2545 4460 2560 4486 ,
2587 4419 2681 4475 sed
2709 4419 2929 4491 superni
2981 4417 3255 4490 largitoris
3293 4426 3487 4473 cuncta
3531 4432 3663 4488 qua

2071 4513 2208 4569 bene
2235 4519 2554 4586 gesserunt,
2581 4511 2840 4568 referent.
2871 4509 3026 4566 Unde
3051 4510 3246 4565 merito
3272 4508 3341 4564 ad
3367 4509 3534 4564 vitam
3567 4510 3662 4565 in-

2074 4603 2291 4660 terioris
2321 4603 2554 4658 hominis
2576 4601 2868 4667 internam,
2891 4607 2952 4656 ut
2992 4606 3118 4670 pote
3154 4613 3296 4669 pane
3323 4597 3452 4652 vitae
3496 4606 3661 4652 satu-

2075 4695 2178 4750 rati
2203 4694 2538 4764 pervenient.
2566 4691 2665 4748 Cui
2710 4699 2901 4748 contra
2948 4690 3117 4745 tardis
3167 4688 3505 4745 auditoribus
3555 4703 3664 4759 per

2075 4787 2391 4860 prophetam
2444 4786 2804 4858 exprobratur
2837 4798 2852 4838 :
2892 4782 3252 4838 Manducastis
3289 4791 3338 4836 et
3379 4797 3483 4836 non
3527 4783 3662 4836 estis

2074 4877 2300 4934 saturati
2330 4876 2515 4950 (Mich.
2545 4875 2644 4948 VI).
2678 4875 3003 4930 Manducant
3046 4888 3301 4944 namque,
3330 4880 3386 4928 et
3417 4887 3526 4926 non
3568 4887 3662 4927 sa-

2076 4975 2348 5035 turantur,
2374 4969 2465 5039 qui
2511 4983 2705 5039 panem
2751 4967 2902 5023 verbi
2928 4965 3021 5022 Dei
3048 4963 3314 5021 audiendo
3341 4964 3658 5035 degustant,

2073 5060 2166 5116 sed
2196 5075 2299 5115 non
2332 5059 2580 5114 faciendo
2614 5074 2733 5128 quae
2758 5057 3005 5123 audiunt,
3031 5055 3165 5110 nihil
3203 5069 3270 5110 ex
3305 5055 3389 5109 his
3423 5055 3662 5108 internae

2072 5149 2394 5214 dulcedinis,
2425 5163 2533 5218 quo
2570 5163 2666 5203 cor
2695 5147 2935 5219 ipsorum
2968 5144 3347 5210 conﬁrmetur,
3381 5145 3434 5199 in
3463 5153 3661 5200 ventre

2074 5242 2350 5298 memoriis
2375 5240 2656 5310 recipiunt.

2145 5332 2217 5386 Et
2253 5329 2390 5401 quod
2426 5329 2682 5399 superfuit
2725 5328 2791 5383 de
2833 5328 3139 5400 fragmentis
3190 5329 3419 5384 tulerunt
3459 5339 3660 5398 septem

2075 5433 2280 5492 sportas
2326 5420 2527 5490 plenas.
2587 5418 2740 5486 Quod
2793 5420 2964 5475 turbis
3029 5419 3286 5475 saturatis
3347 5427 3658 5488 supererat,

2076 5511 2303 5583 apostoli
2331 5509 2638 5576 sustollant,
2672 5517 2728 5565 et
2761 5517 2967 5580 septem
2997 5518 3213 5581 sportas
3242 5509 3486 5581 implent,
3529 5511 3657 5579 quia

2076 5613 2202 5660 sunt
2227 5604 2416 5658 altiora
2454 5600 2804 5672 perfectionis
2827 5609 3116 5672 praecepta,
3144 5600 3229 5657 vel
3253 5601 3432 5672 potius
3458 5599 3658 5655 exhor-

2077 5704 2314 5752 tamenta
2359 5703 2414 5749 et
2449 5691 2691 5758 consilia,
2736 5707 2857 5762 qua:
2899 5691 3166 5763 generalis
3201 5691 3440 5746 ﬁdelium
3469 5689 3656 5744 inulti-

2079 5791 2204 5848 tudo
2229 5788 2411 5860 nequit
2439 5787 2701 5843 servanda
2725 5795 2776 5844 et
2805 5787 3071 5858 implenda
3099 5787 3390 5857 attingere;
3422 5797 3655 5854 quorum
