3998 6188
297 393 399 454 985

1246 389 1598 447 COMMENT.
1640 390 1706 445 IN
1749 387 2182 447 MATTH/EUM.
2220 420 2291 430 —
2328 389 2454 446 LIB.
2499 389 2557 446 ν.

3435 393 3542 452 986

294 503 569 564 exsecutio
603 502 722 559 illos
749 501 965 572 proprie
1007 500 1248 571 respicit,
1296 501 1387 571 qui
1441 499 1645 570 majore
1688 499 1863 555 sancti
1893 503 1942 563 Α
1967 509 2022 556 et
2065 516 2317 567 errores,
2361 503 2648 557 mulierum
2691 511 2748 557 et
2791 515 3082 572 puerorum
3131 501 3439 557 nominibus
3481 504 3543 559 ﬁ-

293 597 524 668 Spiritus
551 595 724 666 gratia
764 593 928 664 pleni,
954 593 1258 664 generalem
1287 593 1468 664 populi
1494 592 1588 647 Dei
1637 606 1865 647 conver-

292 686 550 743 sationem
585 683 783 739 mentis
823 690 985 752 atque
1016 683 1197 753 operis
1224 670 1553 736 sublimitate
1588 689 1864 736 transcen-

290 780 441 843 dunt,
486 764 738 847 qualibus
777 775 976 831 dicitur
1000 792 1014 828 :
1041 774 1102 829 Si
1132 775 1210 828 vis
1249 773 1508 844 perfectus
1537 789 1668 838 esse,
1712 773 1860 837 vade,

287 868 444 924 vende
493 867 667 921 omnia
713 884 830 937 qua?
867 867 1045 930 habes,
1089 873 1194 920 etc.
1237 862 1453 936 (Matth.
1502 861 1640 933 χιχ).
1708 860 1863 917 Unde

286 962 422 1015 bene
453 966 672 1030 sporta),
699 958 894 1028 quibus
912 957 1314 1012 Dominicorum
1361 963 1486 1010 sunt
1509 953 1723 1010 condita
1752 954 1864 1007 fra-

285 1057 499 1120 gmenta
546 1049 816 1113 ciborum,
845 1055 1050 1117 septem
1077 1045 1244 1101 fuisse
1283 1053 1671 1100 memorantur.
1723 1044 1861 1099 Nam

284 1139 406 1209 quia
441 1146 640 1208 Sportaz
659 1138 825 1208 junco
850 1144 904 1192 et
929 1137 1227 1207 palmarum
1249 1134 1390 1190 foliis
1416 1135 1589 1190 solent
1620 1134 1856 1199 contexi,

284 1231 478 1286 merito
509 1230 566 1285 in
595 1237 908 1286 sanctorum
930 1227 1318 1298 signiﬁcatione
1346 1233 1632 1296 ponuntur.
1659 1225 1860 1280 Juncus

281 1323 480 1393 quippe
524 1336 687 1392 super
729 1334 900 1391 aquas
935 1319 1084 1375 nasci
1127 1319 1406 1375 consuevit
1448 1336 1461 1373 :
1504 1318 1683 1388 palma
1729 1331 1860 1372 vero

282 1412 562 1468 victricem
597 1419 756 1467 ornat
782 1426 1021 1466 manum.
1069 1409 1136 1464 Et
1159 1409 1337 1480 juncis
1361 1409 1508 1464 vasis
1535 1415 1684 1464 recte
1712 1423 1858 1462 com-

278 1508 542 1572 parantur
574 1499 752 1566 electi,
799 1515 924 1555 cum
966 1499 1204 1555 radicem
1255 1498 1457 1564 cordis,
1502 1513 1570 1552 ne
1611 1497 1750 1552 forte
1791 1497 1858 1552 ab

275 1591 602 1648 aeternitatis
636 1605 821 1646 amore
855 1597 1090 1657 arescat,
1126 1589 1180 1644 in
1219 1588 1336 1659 ipso
1363 1588 1489 1643 vitae
1516 1588 1664 1645 fonte
1687 1587 1855 1643 collo-

274 1691 421 1738 cant.
452 1682 840 1740 Assimilantur
866 1689 922 1738 et
946 1681 1025 1737 eis
1055 1694 1176 1751 qua:
1199 1680 1266 1735 de
1292 1679 1591 1749 palmarum
1622 1687 1749 1734 sunt
1778 1677 1857 1733 fo-

274 1776 362 1831 liis
392 1783 671 1842 contexta,
702 1791 826 1832 cum
862 1775 1239 1832 indefectivam
1275 1783 1492 1830 aeterna:
1540 1775 1856 1830 retributio-

1965 604 2154 667 gurata
2182 604 2325 651 sunt.
2381 595 2630 650 inﬁrmus
2661 602 2747 650 est
2767 595 2912 649 enim
2941 610 3104 650 sexus
3145 595 3450 659 mulierum,
3487 605 3542 650 et

1965 686 2138 742 facilis
2165 686 2232 741 ad
2260 686 2436 741 lusum
2476 687 2728 756 pueritia.
2757 686 2894 753 Quid
2935 695 3112 742 autem
3156 687 3296 742 lusui
3344 687 3540 757 puerili

1963 785 2072 833 tam
2102 777 2278 834 simile
2303 793 2466 848 quam
2503 778 2642 833 idola
2670 777 2886 833 colere?
2921 778 3144 844 Quando
3169 787 3224 833 et
3254 777 3546 848 Apostolus

1961 869 2030 924 ad
2079 869 2181 923 hoc
2227 867 2412 922 retulit
2459 869 2562 923 hoc
2606 883 2774 939 genus
2820 869 3237 938 superstitionis,
3270 884 3394 923 cum
3431 868 3537 922 ait:

1962 958 2146 1029 Neque
2183 956 2338 1011 idolis
2376 958 2684 1022 serviamus,
2725 957 3161 1028 quemadmodum
3191 958 3406 1028 quidam
3449 975 3540 1012 eo-

1960 1064 2100 1113 rum,
2131 1049 2265 1101 sicut
2293 1049 2544 1118 scriptum
2586 1058 2659 1102 est
2683 1062 2701 1099 :
2729 1046 2875 1102 Sedit
2919 1047 3145 1117 populus
3193 1049 3539 1115 manducare,

1958 1146 2005 1191 et
2035 1137 2222 1202 bibere,
2250 1148 2297 1191 et
2321 1147 2660 1191 surrexerunt
2684 1136 2862 1190 ludere
2895 1129 2946 1203 (I
2969 1134 3092 1191 Cor.
3122 1136 3198 1208 χ).
3225 1135 3539 1192 Mulieribus

1958 1241 2086 1297 ergo
2110 1227 2314 1282 similes
2347 1235 2525 1292 erant,
2568 1227 2660 1296 qui
2705 1226 2758 1280 in
2788 1227 3062 1282 laboribus
3092 1225 3535 1295 exspectationis,

1959 1333 2240 1389 quousque
2269 1319 2336 1374 ad
2360 1319 2625 1389 promissa
2655 1318 2749 1372 Dei
2776 1318 3143 1388 pervenirent,
3173 1333 3281 1371 non
3307 1316 3539 1371 viriliter

1957 1418 2396 1479 perseverantes,
2449 1418 2791 1465 tentaverunt
2836 1411 3034 1476 Deum;
3097 1409 3280 1480 pueris
3332 1417 3534 1473 autem,

1958 1499 2050 1569 qui
2094 1500 2352 1556 sederunt
2389 1500 2718 1556 manducare
2763 1512 2821 1556 et
2853 1501 3057 1565 bibere,
3084 1509 3139 1555 et
3183 1507 3537 1555 surrexerunt

1957 1595 2161 1652 ludere.
2214 1596 2331 1652 Non
2362 1597 2534 1653 solum
2562 1612 2689 1652 vero
2718 1597 2811 1660 ibi,
2844 1597 2937 1651 sed
2971 1596 3132 1650 etiam
3163 1593 3358 1665 populo
3399 1592 3536 1646 Novi

1957 1685 2310 1753 Testamenti,
2339 1689 2428 1758 qui
2472 1703 2579 1743 non
2614 1687 2908 1756 perdurant
2939 1700 3227 1741 occurrere
3276 1685 3332 1738 in
3357 1684 3534 1737 virum

1954 1779 2276 1850 perfectum,
2297 1779 2382 1834 vel
2408 1777 2720 1832 inﬁrmitate
2745 1775 2961 1840 virium,
2991 1775 3072 1828 vel
3099 1774 3292 1827 mentis
3322 1773 3538 1824 levitate

272 1868 357 1922 nis
408 1868 729 1923 memoriam
776 1882 914 1937 puro
967 1867 1024 1922 in
1079 1867 1242 1924 corde
1296 1866 1548 1922 retinent.
1607 1865 1674 1920 Et
1717 1866 1854 1920 bene
1884 1859 1929 1918 B
1957 1869 2270 1924 mulieribus
2296 1877 2354 1922 et
2377 1867 2560 1938 pueris
2587 1864 2936 1934 comparandi
2967 1871 3109 1918 sunt.
3149 1861 3282 1916 Nam
3319 1861 3425 1915 illis
3457 1861 3538 1914 di-

270 1958 456 2024 turba,
488 1957 735 2028 quamvis
771 1957 1026 2026 reliquias
1056 1957 1322 2012 Dominici
1356 1954 1569 2027 prandii
1614 1970 1722 2010 non
1764 1969 1850 2012 ca-

268 2053 448 2113 peret,
478 2046 833 2100 manducasse
861 2056 1040 2100 tamen
1066 2053 1120 2099 et
1147 2053 1389 2100 saturata
1418 2059 1539 2100 esse
1561 2052 1846 2100 narratur:

264 2137 398 2205 quia
436 2145 564 2191 sunt
596 2135 837 2191 nonnulli
885 2135 995 2205 qui,
1028 2134 1130 2189 etsi
1177 2134 1360 2190 omnia
1415 2149 1511 2189 sua
1543 2133 1851 2205 relinquere

265 2236 569 2298 nequeunt,
615 2241 792 2296 neque
837 2226 1055 2296 explere
1099 2226 1202 2282 hoc
1241 2226 1387 2296 quod
1433 2226 1500 2281 de
1550 2225 1852 2297 virginibus

264 2320 469 2374 dicitur
502 2335 516 2373 :
563 2317 666 2384 Qui
692 2326 858 2388 potest
890 2333 1072 2388 capere
1099 2318 1293 2388 capiat,
1330 2327 1633 2387 caeteraque
1669 2315 1853 2386 hujus-

265 2410 442 2474 modi,
471 2417 652 2464 tamen
681 2408 984 2464 esurientes
1025 2415 1082 2464 et
1105 2407 1352 2463 sitientes
1391 2406 1657 2476 justitiam
1705 2416 1853 2462 satu-

265 2509 479 2565 rantur,
512 2514 634 2554 cum
669 2497 935 2554 audiendo
983 2498 1237 2554 mandata
1285 2497 1418 2570 legis
1445 2497 1541 2552 Dei
1585 2499 1653 2554 ad
1683 2498 1851 2554 vitam

262 2590 591 2661 perveniunt
619 2596 898 2644 aeternam.

335 2679 511 2734 Erant
555 2687 730 2732 autem
773 2679 862 2749 qui
903 2677 1368 2744 manducaverunt,
1408 2689 1637 2751 quatuor
1673 2679 1845 2735 millia

259 2773 541 2826 hominum
591 2781 738 2824 extra
788 2770 1028 2825 mulieres
1073 2779 1122 2824 et
1160 2771 1423 2842 parvulos.
1476 2771 1657 2845 (ΗΑΒ.)
1703 2771 1848 2828 Bene

258 2869 507 2932 quatuor
523 2861 711 2927 millia,
730 2869 790 2916 ut
810 2861 926 2930 ipso
946 2861 1110 2916 etiam
1135 2877 1362 2917 numero
1388 2861 1666 2929 docerent,
1691 2878 1827 2918 evan

258 2955 458 3032 gelicis
483 2969 542 3010 se
566 2962 750 3024 pastos
783 2968 904 3009 esse
931 2953 1171 3008 cibariis.
1230 2953 1414 3026 (Aug.)
1441 2953 1567 3010 Haec
1594 2970 1723 3026 ergo
1749 2970 1848 3025 pa-

259 3047 370 3104 5tio
400 3046 470 3102 de
497 3046 726 3117 panibus
751 3053 982 3115 quatuor
997 3053 1051 3099 et
1072 3044 1260 3114 paucis
1287 3043 1581 3114 pisciculis,
1600 3053 1660 3098 ut
1688 3059 1850 3114 supra

258 3137 377 3191 dixi
387 3151 532 3202 mus,
548 3136 614 3192 ad
627 3144 1024 3192 sacramentum
1036 3145 1088 3190 et
1101 3136 1333 3208 gratiam
1349 3136 1584 3207 pertinet
1597 3137 1851 3192 Ecclesia:

257 3233 320 3282 et
349 3226 489 3281 Novi
525 3227 878 3282 Testamenti.
933 3225 1064 3294 Quae
1090 3227 1373 3282 notissima
1427 3227 1516 3282 illa
1546 3227 1850 3297 septenaria

256 3315 444 3372 sancti
475 3313 709 3386 Spiritus
737 3316 1052 3385 operatione
1089 3317 1453 3388 cognoscitur.
1491 3317 1559 3371 Et
1595 3318 1714 3373 ideo
1744 3333 1852 3373 non

255 3405 350 3462 hic
376 3404 488 3459 duo
512 3404 690 3474 pisces
711 3403 876 3458 fuisse
903 3403 1233 3471 scribuntur,
1263 3405 1402 3460 sicut
1430 3406 1484 3460 in
1513 3407 1684 3461 veteri
1710 3406 1850 3478 lege,

257 3499 352 3554 ubi
380 3499 494 3554 duo
525 3497 624 3554 soli
651 3497 1007 3568 ungebantur,
1039 3512 1137 3553 rex
1168 3506 1224 3552 et
1253 3499 1538 3565 sacerdos;
1576 3499 1668 3555 sed
1693 3499 1852 3570 pauci

257 3592 464 3660 pisces,
492 3588 547 3644 id
575 3595 680 3654 est,
707 3587 797 3657 qui
821 3588 984 3658 primi
1011 3587 1240 3644 Domino
1263 3587 1391 3644 Jesu
1421 3587 1639 3645 Christo
1676 3590 1853 3646 credi-

257 3680 486 3741 dcrunt,
527 3687 584 3733 et
621 3678 677 3732 in
715 3676 834 3748 ejus
877 3692 1074 3734 nomen
1119 3679 1266 3734 uncti
1315 3687 1472 3746 sunt,
1511 3689 1566 3736 et
1596 3681 1747 3736 missi
1783 3681 1848 3735 ad

256 3770 713 3841 praedicationem
739 3769 1036 3841 Evangelii,
1077 3777 1132 3824 et
1166 3768 1234 3824 ad
1261 3770 1636 3824 sustinendum
1666 3771 1853 3824 turbu-

254 3860 475 3916 lentum
512 3875 662 3916 mare
699 3859 860 3930 hujus
885 3858 1088 3924 saeculi,
1113 3867 1174 3914 ut
1198 3874 1298 3928 pro
1326 3861 1444 3928 ipso
1465 3874 1659 3930 magno
1683 3860 1847 3930 pisce,

255 3952 310 4008 id
333 3961 441 4016 est,
471 3967 576 4023 pro
600 3951 816 4008 Christo
857 3951 1130 4020 legatione
1153 3949 1527 4021 fungerentur,
1559 3951 1698 4004 sicut
1724 3965 1854 4019 apo-

255 4043 436 4098 stolus
492 4042 625 4098 dicit
648 4041 866 4097 Paulus.
920 4039 1106 4110 Neque
1156 4040 1212 4095 in
1260 4040 1376 4109 ipsa
1420 4029 1575 4095 turba
1615 4040 1853 4110 quinque

256 4135 433 4190 millia
465 4135 748 4190 hominum
774 4133 1008 4197 fuerunt,
1040 4133 1182 4210 sicut
1223 4131 1351 4199 illic,
1381 4131 1472 4187 ubi
1504 4131 1748 4188 carnales
1771 4133 1851 4188 le-

255 4242 381 4297 gem
416 4227 774 4296 accipientes,
798 4225 854 4280 id
881 4233 985 4290 est,
1018 4225 1255 4294 quinque
1282 4223 1462 4278 carnis
1487 4223 1737 4279 sensibus
1761 4224 1854 4279 de-

256 4320 360 4376 diti
409 4318 815 4390 signiﬁcantur,
865 4324 1087 4388 propter
1136 4323 1368 4385 quatuor
1392 4314 1557 4369 animi
1602 4314 1852 4381 virtutes,

255 4410 469 4480 quibus
513 4408 568 4462 in
599 4407 703 4462 hac
729 4408 838 4462 vita
881 4405 1443 4477 spiritaliterxivitur,
1487 4405 1872 4477 prudentiam,

257 4501 689 4573 temperantiam
712 4538 728 4564 ,
786 4497 1155 4554 fortitudinem
1180 4537 1196 4564 ,
1263 4497 1566 4569 justitiam,
1620 4512 1851 4567 quarum

254 4599 441 4670 prima
477 4604 567 4653 est
604 4593 840 4665 cognitio
886 4607 1068 4649 rerum
1111 4591 1536 4662 appetendarum
1563 4599 1621 4646 et
1645 4591 1854 4662 fugien-

255 4687 502 4753 darum;
545 4687 780 4742 secunda
819 4683 1112 4742 refrenatio
1146 4683 1476 4754 cupiditatis,
1520 4685 1590 4740 ab
1618 4683 1704 4739 his
1736 4698 1858 4754 quae.

260 4778 651 4851 temporaliter
678 4777 974 4842 delectant;
1016 4777 1176 4832 tertia
1208 4776 1439 4832 ﬁrmitas
1465 4777 1633 4831 animi
1661 4774 1855 4832 adver-

257 4888 358 4928 sus
395 4887 465 4929 ea
495 4887 615 4942 quae
651 4870 1018 4941 temporaliter
1054 4869 1281 4924 molesta
1319 4877 1476 4934 sunt;
1517 4877 1712 4939 quarta
1736 4884 1855 4938 qua:

256 4973 363 5028 per
405 4965 644 5012 cmteras
685 4971 875 5012 omnes
911 4954 1224 5010 diffunditur
1259 4954 1476 5011 dilectio
1510 4955 1606 5011 Dei
1642 4965 1698 5011 et
1722 4971 1851 5025 pro-

261 5047 399 5100 ximi
443 5064 459 5102 :
497 5061 627 5102 sane
673 5053 728 5102 et
771 5047 846 5102 ibi
891 5047 1126 5116 quinque
1176 5046 1362 5110 millia,
1398 5057 1453 5101 et
1496 5047 1583 5103 hic
1627 5056 1856 5119 quatuor

261 5136 463 5200 millia,
524 5136 764 5206 exceptis
814 5137 995 5206 pueris
1037 5147 1093 5191 et
1138 5136 1481 5203 mulieribus,
1531 5137 1696 5194 fuisse
1745 5155 1859 5195 mc-

244 5235 580 5284 'morantur.
642 5227 795 5294 Quod
839 5227 971 5282 mihi
1024 5228 1234 5283 videtur
1285 5228 1354 5282 ad
1403 5228 1506 5284 hoc
1559 5230 1856 5298 pertinere,

262 5328 326 5374 ut
357 5317 732 5388 intelligamus
759 5357 776 5385 ,
826 5301 909 5373 et.
939 5319 994 5373 in
1041 5318 1237 5389 populo
1265 5318 1478 5374 Veteris
1526 5321 1855 5376 Testamenti

265 5411 448 5466 fuisse
489 5411 751 5480 quosdam
800 5410 1040 5465 inﬁrmos
1087 5411 1155 5465 ad
1196 5410 1521 5479 implendam
1555 5413 1853 5481 justitiam,

263 5517 397 5572 quae
444 5503 738 5557 secundum
774 5501 946 5572 legem
991 5509 1095 5566 est,
1144 5501 1198 5554 in
1241 5516 1346 5570 qua
1384 5499 1592 5570 justitia
1632 5519 1690 5559 se
1732 5518 1857 5573 apo-

263 5590 451 5646 stolus
483 5588 680 5646 Paulus
710 5591 826 5647 sine
859 5590 1078 5660 querela
1105 5600 1479 5646 conversatum
1511 5591 1642 5647 dicit
1668 5591 1854 5648 fuisse.

262 5677 406 5735 ltcm
446 5678 587 5735 alios
624 5680 882 5747 inﬁrmos,
919 5680 1010 5750 qui
1047 5680 1205 5735 facile
1239 5681 1622 5736 seducerentur
1659 5683 1712 5737 in
1741 5683 1856 5738 cul-

268 5781 389 5826 tum
424 5771 710 5828 idolorum.
742 5771 869 5841 Qua:
903 5773 1006 5827 duo
1035 5788 1254 5843 genera,
1300 5773 1352 5828 id
1379 5783 1483 5839 cst,
1520 5775 1856 5831 inﬁrmitates

1957 1959 2127 2014 citur:
2151 1957 2212 2014 Si
2234 1967 2408 2012 tamen
2428 1956 2634 2010 initium
2657 1955 2962 2009 substantia:
2979 1955 3094 2024 ejus
3116 1971 3276 2024 usque
3301 1955 3355 2006 in
3377 1953 3534 2020 ﬁnem

1952 2050 2164 2118 ﬁrmum
2203 2050 2518 2102 retineamus
2551 2044 2736 2116 (Hebr.
2769 2044 2872 2116 ιιι).
2918 2043 3026 2098 Illis
3065 2051 3246 2098 autem
3283 2061 3295 2095 :
3337 2040 3533 2103 Nolite,

1951 2143 2121 2212 pueri,
2145 2142 2274 2211 ει]ῖεὶ
2325 2139 2581 2203 sensibus,
2627 2138 2716 2191 sed
2757 2135 2964 2189 malitia
3009 2134 3237 2202 infantes
3263 2141 3445 2196 estote,
3477 2140 3534 2184 ut

1951 2231 2187 2286 sensibus
2216 2230 2428 2300 perfecti
2463 2228 2579 2282 sitis
2606 2227 2658 2299 (Ι
2681 2224 2805 2280 Cor.
2840 2226 2978 2296 xw).
3012 2224 3078 2278 Et
3100 2224 3221 2278 ideo
3255 2237 3435 2291 neque
3479 2224 3532 2275 in

1954 2321 2169 2386 Vetere,
2205 2331 2381 2389 neque
2409 2318 2465 2372 in
2495 2317 2644 2372 Novo
2676 2315 3026 2370 Testamento
3058 2311 3193 2367 tales
3247 2311 3536 2365 admittun-

1955 2419 2043 2465 tur
2077 2407 2145 2463 ad
2172 2422 2488 2474 numerum,
2520 2405 2615 2462 sed
2657 2405 2770 2460 sive
2811 2402 2884 2457 ibi
2913 2402 3151 2472 quinque
3193 2399 3380 2464 millia,
3420 2398 3534 2452 sive

1952 2503 2042 2558 hic
2064 2509 2298 2572 quatuor
2338 2499 2535 2567 millia,
2581 2497 2822 2568 exceptis
2865 2495 3182 2551 mulieribus
3226 2504 3283 2550 et
3328 2493 3532 2563 pueris,

1953 2589 2119 2645 fuisse
2147 2589 2419 2644 dicuntur.

2025 2680 2096 2734 Et
2117 2681 2334 2735 dimissa
2362 2679 2515 2734 turba
2545 2678 2778 2734 ascendit
2807 2679 2862 2733 in
2894 2675 3212 2743 naviculam,
3239 2684 3286 2729 et
3318 2674 3448 2729 venit
3476 2675 3532 2727 in

1951 2776 2082 2844 ﬁnes
2126 2774 2409 2845 Magedan.
2465 2774 2524 2828 In
2553 2773 2733 2829 Marco
2780 2781 2963 2829 autem
3010 2773 3084 2828 ita
3131 2771 3389 2842 scriptum
3418 2778 3531 2825 est:

1952 2865 2022 2920 Et
2054 2867 2231 2922 statim
2262 2866 2546 2920 ascendens
2573 2882 2752 2920 navem
2785 2881 2904 2919 cum
2937 2863 3206 2934 discipulis
3239 2863 3369 2925 suis,
3398 2861 3528 2915 venit

1951 2960 2004 3012 in
2025 2966 2198 3028 partes
2218 2956 2579 3011 Dalmanutlia
2608 2955 2801 3028 (Marc.
2833 2954 2974 3028 νιιι).
3021 2953 3138 3009 Non
3168 2962 3349 3008 autem
3379 2952 3533 3006 dubi-

1951 3049 2173 3104 tandum
2204 3057 2288 3104 est
2341 3049 2589 3104 eumdem
2636 3049 2812 3105 locum
2847 3063 2966 3104 esse
3015 3048 3116 3104 sub
3164 3055 3396 3115 utroque
3440 3061 3536 3100 no-

1952 3141 2118 3195 mine.
2149 3138 2417 3212 (Hieron.)
2469 3139 2604 3195 Nam
2635 3139 2877 3209 plerique
2905 3139 3120 3194 codices
3149 3137 3312 3192 etiam
3339 3150 3537 3190 secun-

1878 3206 1923 3268 C
1955 3230 2083 3284 dum
2127 3206 2366 3285 Marcum
2399 3206 2523 3284 ⁷ῐιοῐι
2551 3206 2751 3284 habent
2778 3206 2882 3283 nisi
2911 3227 3189 3298 Magedan.
3225 3226 3322 3280 Est
3354 3232 3534 3278 autem

1954 3321 2248 3394 Magedana
2295 3321 2444 3392 regio
2490 3321 2635 3376 circa
2679 3319 2960 3386 Gerasan,
3038 3318 3535 3387 interpretaturque

1953 3411 2173 3483 Mageda
2219 3428 2376 3483 poma
2435 3413 2569 3482 ejus,
2621 3412 2735 3466 sive
2774 3411 2979 3466 nuntia.
3039 3408 3267 3481 (Μλυιι.)
3314 3407 3537 3478 Mystice

1951 3502 2261 3573 signiﬁcans
2289 3502 2505 3558 hortum
2540 3501 2710 3568 illum,
2741 3501 2808 3556 de
2835 3516 2943 3571 quo
2968 3515 3197 3571 sponsus
3230 3499 3283 3554 in
3314 3497 3536 3554 Cantico

1953 3594 2287 3650 canticorum
2337 3594 2468 3649 dicit
2512 3610 2525 3647 :
2571 3591 2770 3647 Hortus
2825 3591 3134 3656 conclusus,
3199 3606 3350 3644 soror
3417 3605 3533 3642 mea

1951 3701 2143 3754 sponsa
2190 3682 2368 3755 (Cant.
2415 3683 2513 3753 ιν),
2566 3683 2655 3738 ubi
2700 3682 2994 3751 gignuntur
3041 3694 3200 3749 poma
3248 3679 3529 3740 virtutum,

1954 3773 2153 3841 ubique
2193 3771 2298 3827 rite
2335 3772 2615 3824 nuntiatur
2652 3783 2848 3823 nomen
2879 3766 3113 3824 Domini.
3143 3765 3279 3832 Quia
3309 3774 3418 3818 tota
3452 3765 3537 3818 die

1953 3871 2001 3916 et
2032 3878 2136 3916 non
2157 3871 2266 3916 tota
2288 3871 2435 3914 nocte
2461 3859 2700 3914 custodes
2728 3875 2998 3913 murorum
3024 3857 3139 3926 ejus
3163 3873 3265 3911 non
3295 3855 3534 3910 tacebunt

1953 3952 2174 4007 laudare
2204 3969 2388 4006 nomen
2414 3952 2624 4006 Domini
2647 3950 2782 4022 (Isa.
2814 3951 2970 4023 1.x").
3003 3950 3242 4005 Refectis
3267 3964 3396 4018 ergo
3421 3959 3536 4002 tur-

1954 4043 2038 4098 bis
2064 4044 2362 4099 ascendens
2410 4043 2463 4097 in
2493 4042 2797 4098 naviculam
2830 4043 3087 4097 Dominus
3117 4041 3267 4094 venit
3313 4041 3366 4094 in
3400 4040 3535 4093 lines

1955 4135 2236 4206 Magedan,
2266 4142 2326 4189 ut
2354 4150 2453 4190 nos
2504 4135 2722 4190 doceret
2751 4143 3036 4205 postquam
3084 4133 3254 4187 turba:
3277 4129 3534 4202 pabulum

1954 4227 2105 4284 verbi
2160 4226 2295 4283 foris
2347 4228 2852 4293 ministraverimus,
2912 4228 3056 4282 intus
3106 4227 3176 4281 ob
3232 4223 3534 4280 custodiam

1954 4317 2134 4374 cordis
2186 4317 2366 4373 redire
2409 4333 2514 4372 non
2562 4318 2920 4388 negligamus,
2957 4327 3026 4376 ,ιιι
3069 4316 3222 4372 suavi
3273 4316 3533 4370 virtutum

1953 4409 2264 4466 reﬁciamur
2285 4411 2428 4475 cibo,
2457 4420 2513 4465 et
2548 4411 2689 4465 intra
2730 4409 3036 4465 cubiculum
3079 4417 3322 4464 nostrum
3351 4406 3534 4462 clauso

1955 4502 2096 4558 ostio
2122 4500 2337 4557 Patrem
2365 4501 2642 4558 caelestem
2670 4502 2975 4557 adoremus.

2543 4635 2769 4692 CAPUT
2810 4635 2948 4691 XVI.

1992 4745 2070 4800 De
2097 4746 2322 4818 cavendo
2351 4748 2602 4817 fermento
2630 4745 3045 4802 Pharistrorum.
3072 4747 3149 4802 De
3177 4747 3495 4818 confessione

2177 4814 2414 4882 Petri,'et
2439 4833 2498 4871 eo
2523 4819 2772 4890 increpito
2797 4835 2860 4872 ne
2887 4818 3140 4872 scandala
3165 4819 3254 4884 sit,
3277 4814 3388 4874 etc.

2030 4952 2118 5026 [1.]
2148 4951 2215 5006 Et
2245 4962 2568 5008 accesserunt
2605 4953 2674 5006 ad
2709 4969 2827 5006 eum
2851 4950 3115 5008 Phariswi
3151 4961 3200 5006 et
3227 4951 3534 5019 Sadductei,

1961 5055 2235 5111 tentantes,
2263 5055 2309 5100 et
2335 5055 2640 5115 rogaverunt
2666 5062 2805 5111 eum,
2833 5055 2888 5099 ut
2912 5047 3115 5115 signum
3143 5045 3206 5097 de
3231 5043 3357 5097 caelo
3382 5044 3537 5111 o/fer—

1965 5146 2040 5190 ret
2069 5139 2164 5191 eis.
2205 5135 2387 5206 (ΗΑΒ.)
2439 5135 2664 5207 Signum
2717 5138 2783 5192 de
2827 5137 2964 5192 cmlo
3014 5142 3280 5206 quaerunt,
3335 5141 3394 5188 ut
3444 5133 3536 5202 qui

1963 5227 2130 5282 multa
2171 5227 2448 5282 hominum
2499 5225 2664 5279 millia
2714 5227 2948 5281 secundo
2991 5224 3178 5294 paucis
3216 5224 3282 5278 de
3307 5223 3540 5294 panibus

1965 5320 2206 5386 satiavit,
2255 5335 2397 5374 nunc
2438 5319 2492 5372 in
2533 5318 2838 5388 exemplum
2873 5318 3039 5389 Moysi
3084 5332 3279 5371 manna
3320 5314 3539 5371 cmlitus

1967 5411 2131 5465 misso
2159 5451 2172 5477 ,
2235 5419 2290 5464 et
2336 5424 2432 5479 per
2490 5409 2672 5473 omnia
2731 5409 2931 5478 passim
2987 5409 3229 5477 disperso
3283 5407 3536 5477 populum

1960 5517 2176 5558 omnem
2223 5504 2394 5558 multo
2433 5512 2668 5572 tempore
2695 5501 2918 5556 reﬁciat.
2969 5501 3121 5568 Quod
3165 5502 3220 5555 in
3245 5497 3540 5570 Evangelio

1959 5593 2182 5650 Joannis
2225 5604 2346 5664 post
2375 5595 2608 5651 edulium
2635 5610 2832 5664 panum
2881 5595 3065 5649 turbas
3093 5595 3161 5648 ab
3187 5609 3253 5649 eo
3277 5593 3538 5662 quaesisse

1959 5687 2210 5758 legimus,
2239 5687 2480 5744 dicentes
2505 5706 2517 5740 :
2550 5687 2702 5752 Quod
2740 5704 2859 5758 ergo
2892 5697 2948 5740 tu
2970 5688 3102 5756 facis
3133 5688 3362 5757 signum,
3387 5695 3443 5738 ut
3467 5685 3537 5739 ri-

1962 5779 2196 5846 deamus,
2222 5789 2267 5834 ct
2296 5781 2567 5835 credamus
2589 5779 2679 5834 tibi
2709 5779 2834 5850 quid
2861 5781 3134 5851 operaria?
3164 5779 3349 5836 Patres
3373 5777 3538 5835 nostri
