4006 6194
449 391 553 450 987

1119 384 1180 438 Β.
1222 377 1474 437 RABANI
1511 376 1729 435 MAURI
1767 372 2083 430 ARCHIEP.
2123 369 2430 426 MOGUNT.
2468 365 2752 425 OPERUM
2792 363 2972 421 PARS
3009 364 3050 418 l.

3595 365 3708 422 988

441 524 636 564 manna
686 503 1129 560 manducauerunt
1193 499 1250 552 in
1289 497 1494 551 deserto
1530 514 1548 553 :
1587 493 1723 549 sicut
1767 491 2020 561 scriptum
2045 489 2097 548 A
2123 499 2328 549 amore.
2382 482 2508 552 quia
2553 496 2766 552 semper
2814 481 2960 534 intus
3007 477 3393 536 reﬁciebantur
3430 483 3484 535 in
3514 482 3707 548 corde,

441 593 769 653 est:Panem
796 593 858 646 de
880 589 1006 644 caelo
1031 589 1173 642 dedit
1198 588 1274 642 eis
1297 587 1618 640 manducare
1644 581 1826 654 (Ioan.
1855 579 1950 650 γι).

512 688 582 742 At
611 685 700 741 ille
735 683 1047 754 respondens
1079 683 1154 734 ait
1185 680 1289 734 illis
1323 693 1342 732 :
1379 677 1548 732 Facto
1581 691 1790 748 uespere
1817 673 2024 728 dicitis:

444 778 699 835 Serenum
729 776 845 839 erit,
876 773 1220 827 rubicundum
1243 780 1318 826 est
1345 771 1481 825 enim
1511 768 1729 831 caelum;
1757 774 1804 820 et
1837 779 2024 818 mane:

445 867 618 923 Hodie
655 873 955 938 tempestas,
999 861 1181 916 rutilat
1205 863 1342 915 enim
1375 861 1521 914 triste
1558 858 1761 913 caelum.
1808 854 2026 910 Faciem

446 975 566 1029 ergo
591 955 703 1011 caeli
725 955 1019 1023 dijudicare
1041 953 1224 1018 nostis,
1245 953 1394 1020 signa
1418 961 1587 1004 autem
1611 958 1899 1018 temporum
1922 961 2028 1000 non

445 1051 674 1122 potestis.
701 1047 970 1118 (Hieron.)
995 1045 1298 1100 Secundum
1321 1044 1600 1099 historiam
1629 1050 1808 1095 autem
1839 1053 2029 1094 sensus

447 1139 549 1194 iste
591 1135 909 1192 manifestus
955 1144 1056 1199 est,
1095 1123 1239 1204 quod
1285 1149 1350 1189 ex
1409 1133 1799 1188 elementorum
1840 1129 2030 1183 ordine

449 1237 610 1298 atque
656 1228 1006 1284 consonantia
1055 1226 1265 1296 possint
1304 1234 1360 1278 et
1405 1224 1582 1280 sereni
1623 1231 1680 1276 et
1703 1221 1867 1291 pluvii
1915 1220 2031 1275 dies

447 1319 732 1388 praznosci.
766 1316 969 1372 Scriba:
995 1325 1172 1371 autem
1201 1323 1255 1370 et
1280 1314 1559 1379 Pharisaei,
1589 1313 1682 1382 qui
1711 1312 2032 1366 videbantur

449 1424 571 1466 esse
617 1409 749 1480 legis
789 1408 1060 1472 doctores,
1099 1423 1164 1462 ex
1211 1407 1596 1478 prophetarum
1645 1401 2031 1457 vaticinatione

453 1513 560 1554 non
627 1506 880 1567 poterant
961 1496 1259 1567 intelligere
1331 1494 1634 1549 Salvatoris
1715 1493 2028 1546 adventum.

449 1586 634 1661 (Aug.)
665 1587 992 1658 Spiritaliter
1020 1595 1198 1642 autem
1227 1587 1371 1655 quod
1395 1586 1532 1641 dixit
1556 1583 1833 1648 Dominus,
1865 1581 2031 1635 Facto

450 1693 655 1746 uespere
673 1678 847 1731 dicitis
880 1693 1119 1732 serenum
1141 1677 1257 1741 erit,
1295 1677 1642 1730 rubicundum
1669 1683 1742 1728 est
1770 1674 1906 1728 enim
1933 1687 2031 1726 cae-

449 1766 559 1819 lum
587 1765 872 1834 signiﬁcat,
897 1767 1042 1834 quod
1066 1782 1164 1834 per
1191 1765 1507 1833 sanguinem
1538 1764 1805 1834 passionis
1829 1764 2028 1819 Christi

2126 576 2306 630 minus
2335 575 2400 630 de
2431 583 2644 628 terreno
2671 587 2830 644 pane,
2858 586 2966 642 quo
2996 586 3193 641 corpus
3222 571 3371 641 pasci
3409 571 3569 639 solet,
3610 588 3716 628 cu-

2127 670 2344 722 rabant.
3075 663 3094 690 '

2198 758 2302 824 Qui
2347 759 2479 812 dixit
2519 756 2622 810 illis
2664 775 2681 813 :
2730 742 3019 809 Intuemini
3058 765 3105 810 et
3161 765 3331 810 cavete
3381 773 3414 810 a
3452 754 3716 824 fermento

2129 852 2518 906 Pharisteorum
2539 861 2584 906 et
2612 849 3045 905 Sadductcarum.
3070 849 3128 902 ln
3147 847 3323 902 Marco
3344 848 3416 901 ita
3443 850 3714 917 scriptum

2126 954 2248 999 est:
2284 943 2486 1007 Videte,
2523 951 2694 998 cauete
2725 960 2758 996 a
2791 942 3044 1012 fermento
3068 941 3485 1003 Pharisaeorum,
3520 953 3569 996 et
3603 942 3718 1011 fer-

2127 1045 2297 1090 mento
2320 1035 2546 1090 Herodis
2594 1033 2788 1106 (Marc.
2827 1033 2966 1099 vm).
3015 1032 3364 1088 Fermentum
3407 1033 3720 1088 Pharisaeo-

2130 1143 2246 1181 rum
2275 1135 2359 1183 est
2387 1128 2601 1182 decreta
2629 1127 2762 1198 legis
2790 1126 2986 1180 divinae
3019 1125 3400 1182 traditionibus
3428 1125 3718 1179 hominum

2128 1225 2485 1287 postponere;
2519 1217 2600 1271 vel
2631 1226 2776 1271 certe
2801 1216 2972 1286 legem
2997 1216 3177 1270 verbis
3206 1215 3521 1284 praedicare,
3549 1214 3723 1270 factis

2130 1309 2464 1379 impugnare.
2479 1308 2825 1365 Fermentum
2852 1324 3038 1363 eorum
3062 1317 3148 1363 est
3169 1309 3452 1364 Dominum
3476 1317 3721 1376 tentare,

2131 1418 2232 1456 nec
2255 1403 2511 1457 doctrina:
2539 1401 2656 1470 ejus
2695 1409 2791 1456 aut
2829 1402 3084 1471 operibus
3111 1402 3354 1465 credere,
3397 1402 3492 1458 sed
3539 1402 3719 1456 insul-

2133 1491 2295 1546 tando
2337 1491 2463 1557 alia,
2509 1491 2706 1560 quibus
2751 1492 2978 1547 credere
3021 1491 3277 1556 debeant,
3315 1499 3518 1561 petere.
3579 1493 3722 1548 Fer-

2133 1592 2374 1638 mentum
2399 1582 2626 1638 Herodis
2648 1591 2733 1638 est
2756 1581 3100 1644 adulterium,
3133 1582 3500 1648 homicidium,
3537 1591 3720 1638 teme-

2135 1676 2266 1730 ritas
2296 1675 2535 1744 jurandi,
2563 1674 2836 1730 simulatio
2873 1673 3173 1744 religionis,
3209 1681 3265 1727 et
3291 1673 3434 1742 quod
3467 1674 3722 1730 onmium

2135 1776 2217 1823 est
2245 1777 2405 1838 caput
2427 1777 2481 1823 et
2508 1768 2661 1838 origo
2696 1766 2987 1831 scelerum,
3015 1765 3198 1820 odium
3234 1780 3300 1820 ac
3323 1766 3630 1835 persecutio
3659 1765 3721 1819 in

452 1855 506 1909 in
531 1832 707 1924 primo
735 1832 966 1910 adventu
1008 1832 1333 1928 indulgentia
1364 1832 1703 1925 peccatorum
1749 1859 1925 1912 datur.
1960 1858 2028 1912 Et
2060 1832 2104 1890 Β
2132 1832 2404 1915 Christum
2444 1868 2499 1914 et
2537 1832 2923 1929 praecursorem
2965 1855 3104 1924 ejus,
3147 1832 3558 1926 praeconemque
3605 1857 3721 1927 pri-

452 1962 647 2000 mane:
678 1945 848 2000 Hodie
871 1956 1166 2018 tempestas,
1190 1946 1335 2000 rubet
1371 1947 1509 2000 enim
1540 1963 1658 2002 cum
1697 1947 1909 2001 tristitia
1933 1963 2033 2002 ete-

451 2038 586 2107 lum,
621 2040 890 2112 signiﬁcat
925 2041 1067 2110 quod
1111 2043 1345 2097 secundo
1385 2043 1623 2098 adventu
1671 2042 1792 2113 igne
1830 2059 2032 2112 praece-

451 2130 613 2185 dente
633 2141 892 2186 venturus
916 2140 1018 2186 est.
1043 2130 1256 2186 Faciem
1283 2133 1419 2186 enim
1449 2131 1562 2186 caeli
1576 2133 1822 2201 judicare
1845 2135 2027 2200 nostis,

450 2221 602 2292 signa
633 2233 805 2275 autem
836 2231 1124 2292 temporum
1150 2240 1251 2276 non
1278 2225 1507 2293 potestis.
1538 2222 1701 2293 Signa
1729 2232 2032 2294 temporum

453 2311 590 2365 dixit
625 2312 690 2366 de
735 2313 964 2367 adventu
1014 2328 1132 2379 suo,
1177 2313 1260 2368 vel
1307 2314 1578 2383 passione,
1607 2315 1692 2369 cui
1739 2315 1915 2371 simile
1950 2324 2033 2371 est

453 2419 667 2459 roseum
723 2406 918 2460 cmlum
977 2421 1236 2477 vespere;
1296 2415 1351 2462 et
1397 2407 1526 2462 item
1568 2409 1637 2462 de
1686 2407 2034 2464 tribulatione

454 2505 581 2550 ante
615 2496 903 2551 adventum
949 2513 1107 2552 suum
1140 2497 1401 2564 futurum,
1431 2498 1519 2553 cui
1553 2497 1730 2553 simile
1755 2506 1840 2554 est
1875 2514 2034 2554 mane

458 2600 672 2639 roseum
700 2602 824 2641 cum
854 2587 1074 2642 tristitia
1100 2589 1314 2643 cmlum.

531 2673 811 2731 Generatio
846 2678 987 2732 mala
1031 2689 1078 2734 et
1109 2678 1350 2734 adultera
1391 2682 1596 2752 signum
1635 2682 1840 2752 quaerit,
1877 2690 1926 2736 et
1962 2682 2036 2735 si-

456 2769 614 2836 gnum
651 2784 754 2823 non
779 2769 992 2823 dabitur
1029 2771 1099 2836 ei,
1137 2773 1238 2825 nisi
1271 2772 1475 2842 signum
1503 2772 1676 2827 Jontc.
1705 2773 1884 2845 (ΗΑΒ.)
1916 2772 2035 2828 Non

454 2872 585 2928 ergo
613 2858 770 2912 datur
806 2860 1017 2932 signum
1062 2863 1396 2931 generationi
1433 2863 1541 2928 illi,
1581 2863 1636 2918 id
1677 2871 1782 2927 est,
1819 2870 2035 2917 tentan-

459 2947 592 3001 tium
643 2947 930 3004 Dominum
987 2962 1044 3006 et
1092 2951 1469 3009 resultantium
1517 2954 1694 3008 verbis
1740 2953 1886 3022 ejus;
1931 2953 2036 3009 tale

457 3039 646 3107 utique
685 3040 922 3109 signum,
964 3043 1124 3113 quale
1171 3050 1442 3100 tentantes
1485 3045 1819 3113 quzerehant,
1849 3043 1904 3098 id
1931 3051 2034 3108 est,

459 3125 526 3179 de
577 3127 978 3198 cwlozquibus
1026 3141 1206 3187 tamen
1253 3133 1419 3187 multa
1470 3133 1711 3188 coelestia
1764 3133 1929 3187 dabat
1981 3133 2034 3188 in

459 3224 625 3269 terra.
670 3217 938 3274 Caeterum
978 3223 1309 3291 generationi
1345 3225 1702 3294 quaerentium
1729 3225 2033 3292 Dominum,

459 3307 853 3378 requirentium
906 3311 1098 3368 faciem
1152 3315 1246 3370 Dei
1289 3316 1476 3385 Jacob,
1528 3319 1737 3389 signum
1786 3319 1852 3374 de
1898 3319 2038 3375 coelo

457 3401 798 3468 ostendebat,
833 3406 1047 3472 quando
1097 3409 1442 3464 cernentibus
1491 3411 1749 3479 apostolis
1794 3413 2038 3466 ascendit

461 3491 515 3544 in
545 3490 762 3557 coelum,
789 3495 1004 3563 quando
1032 3496 1198 3551 misso
1223 3497 1456 3568 desuper
1477 3500 1679 3570 Spiritu
1707 3502 2037 3571 primitivam

461 3579 702 3650 implevit
726 3583 1045 3652 Ecclesiam,
1069 3588 1284 3656 quando
1314 3591 1381 3644 ad
1410 3591 1806 3660 impositioncm
1849 3609 2039 3651 manus

459 3672 822 3740 apostolorum
860 3676 914 3729 in
941 3675 1208 3743 Samaria,
1239 3677 1509 3746 Caesarea,
1538 3681 1772 3752 Epheso,
1816 3665 2040 3754 aliisque

460 3761 686 3818 urbibus
723 3779 788 3819 ac
824 3764 957 3820 locis
993 3767 1258 3837 plurimis,
1287 3772 1516 3841 gratiam
1544 3773 1610 3827 de
1636 3773 1774 3829 ccelo
1805 3773 2038 3844 Spiritus

461 3854 635 3908 sancti
663 3857 1005 3913 credentibus
1027 3859 1371 3916 ministravit.
1397 3863 1666 3938 (Hieron.)
1693 3867 1830 3934 Quid
1857 3878 2036 3924 autem

459 3942 675 4013 signum
700 3944 852 4001 Jonas
885 3949 989 4003 sibi
1018 3949 1166 4016 velit,
1200 3952 1312 4021 jam
1340 3968 1500 4022 supra
1527 3954 1729 4010 dictum
1757 3965 1856 4012 est.

533 4035 603 4093 Et
633 4037 824 4092 relictis
853 4038 959 4094 illis
980 4040 1126 4094 abiit.
1160 4042 1383 4098 Relictis
1424 4046 1618 4100 scribis
1651 4055 1707 4101 et
1729 4046 2036 4114 Pharisaeis,

462 4125 660 4195 quibus
704 4129 917 4184 dixerat
945 4148 959 4184 :
986 4129 1262 4187 Generatio
1305 4135 1448 4188 mala
1477 4146 1525 4190 et
1557 4138 1798 4193 adultera
1835 4141 2038 4212 signum

457 4218 667 4287 quierit,
702 4229 750 4274 et
793 4223 999 4290 signum
1031 4239 1134 4276 non
1165 4223 1378 4278 dabitur
1400 4228 1468 4291 ei,
1507 4227 1607 4281 nisi
1639 4228 1844 4298 signum
1864 4230 2035 4296 lance,

459 4317 610 4364 recte
641 4311 773 4366 abiit
799 4320 950 4369 trans
981 4313 1200 4383 fretum,
1228 4324 1282 4371 et
1310 4319 1550 4386 gentium
1590 4328 1806 4376 secutus
1835 4328 1920 4376 est
1944 4337 2041 4392 po-

457 4401 637 4470 pulus.

532 4491 600 4546 Et
622 4511 738 4548 cum
767 4501 1020 4554 venissent
1045 4500 1290 4560 discipuli
1326 4510 1472 4558 trans
1494 4503 1705 4574 fretum,
1745 4507 1891 4563 obliti
1914 4521 2035 4566 sunt
2063 4533 2114 4592 D

455 4599 618 4654 panes
656 4587 906 4655 accipere.
957 4589 1173 4657 Qumrat
1201 4591 1414 4661 aliquis,
1442 4602 1496 4648 et
1541 4595 1724 4650 dicat:
1759 4597 2036 4664 Quomodo

457 4685 628 4742 panes
670 4689 778 4729 non
826 4677 1126 4742 habebant,
1180 4680 1271 4748 qui
1318 4681 1499 4735 statim
1549 4683 1785 4754 impletis
1831 4699 2036 4758 septem

457 4765 660 4834 sportis
688 4768 1048 4824 ascenderunt
1090 4773 1413 4840 naviculam,
1447 4783 1501 4830 et
1532 4789 1793 4833 venerunt
1822 4781 1875 4835 in
1903 4781 2038 4837 ﬁnes

460 4854 740 4926 Magedan,
779 4859 962 4930 ibique
1006 4863 1231 4917 audiunt
1270 4865 1613 4936 navigantes,
1668 4870 1809 4937 quod
1845 4885 2037 4927 cavere

457 4945 691 5003 debeant
729 4965 760 5004 a
787 4950 1052 5008 fermento
1078 4953 1473 5012 Pharisaeorum
1505 4969 1559 5014 et
1586 4958 2038 5017 Sadducaaorum?

457 5038 568 5095 Sed
596 5039 873 5112 Scriptura
920 5055 1170 5112 testatur,
1197 5049 1339 5120 quod
1389 5051 1539 5106 obliti
1576 5054 1686 5108 sint
1729 5067 1822 5108 eos
1851 5069 2036 5110 secum

457 5130 664 5187 tollere.
701 5132 880 5208 (ΗΑΒ.)
921 5136 1073 5204 Quod
1103 5151 1284 5196 autem
1313 5143 1614 5215 navigaturi
1655 5153 1806 5200 trans
1841 5146 2036 5201 fretum

457 5221 607 5276 obliti
653 5232 778 5278 sunt
824 5227 1077 5282 viaticum
1129 5243 1344 5285 sumere
1394 5247 1598 5298 secum,
1653 5233 1908 5289 indicium
1957 5246 2039 5291 est

456 5326 621 5378 quam
650 5315 916 5371 modicam
948 5321 1128 5375 carnis
1160 5337 1345 5377 curam
1391 5322 1655 5377 haberent
1701 5322 1758 5377 in
1783 5323 2035 5394 reliquis;

456 5403 654 5472 quibus
678 5405 791 5476 ipsa
817 5409 1090 5466 reﬁciendi
1121 5414 1364 5484 corporis
1389 5415 1704 5481 necessitas,
1735 5431 1855 5485 quae
1880 5426 2040 5471 natu-

460 5494 649 5550 raliter
673 5500 882 5554 cunctis
911 5504 1230 5558 mortalibus
1257 5506 1418 5571 inest,
1447 5505 1746 5561 intentione
1770 5506 2039 5564 Dominici

460 5587 748 5645 comitatus
775 5600 952 5648 mente
977 5604 1302 5650 excesserat.
1337 5595 1488 5651 Unus
1513 5603 1642 5651 vero
1667 5599 1846 5667 panis,
1876 5614 2037 5669 quem

461 5687 645 5730 secum
674 5679 942 5737 habebant
968 5682 1023 5736 in
1053 5683 1197 5749 navi,
1223 5684 1448 5754 mystice
1473 5684 1646 5756 ipsum
1671 5702 1868 5756 panem
1891 5689 2038 5756 vitae,

465 5757 748 5822 Dominum
796 5771 1046 5830 videlicet
1105 5773 1466 5846 Salvatorem,
1537 5779 1816 5852 designat,
1888 5782 2040 5852 cujus

2133 1965 2281 2005 mum
2329 1949 2481 2020 regni
2531 1949 2789 2004 cmlestis.
2832 1946 3012 2016 Aquo
3043 1954 3396 2014 utrorumque
3443 1945 3720 2000 fermento

2133 2043 2296 2097 etiam
2320 2040 2608 2111 Apostolus
2641 2054 2740 2094 nos
2771 2037 3064 2108 prohibens
3091 2036 3167 2090 ait
3191 2053 3204 2090 :
3231 2035 3421 2106 Itaque
3445 2035 3723 2105 epulemur

2134 2149 2238 2186 non
2280 2133 2332 2185 in
2363 2130 2616 2201 fermento
2655 2131 2846 2194 ueteri,
2907 2145 3069 2199 neque
3108 2128 3165 2182 in
3201 2126 3456 2196 fermento
3493 2127 3720 2182 malitia

2133 2231 2182 2277 et
2223 2222 2485 2294 nequitice,
2507 2221 2595 2276 sed
2640 2221 2694 2275 in
2719 2220 2916 2291 azymis
2961 2220 3275 2274 sinceritatis
3313 2230 3361 2274 et
3396 2221 3625 2275 veritatis
3654 2219 3716 2291 (ι

2135 2315 2260 2370 Cor.
2295 2315 2370 2387 v).

2206 2408 2270 2461 At
2317 2406 2396 2460 illi
2431 2405 2726 2476 cogitabant
2766 2405 2903 2459 inter
2939 2420 3016 2469 se,
3062 2403 3286 2457 dicentes
3321 2416 3339 2454 :
3387 2400 3522 2467 Quia
3550 2419 3726 2472 panes

2135 2514 2240 2552 non
2267 2498 2580 2567 accepimus.
2624 2494 2806 2551 Sciens
2846 2505 3020 2548 autem
3053 2492 3206 2547 Jesus
3245 2492 3378 2546 dixit
3406 2509 3424 2546 :
3455 2491 3594 2557 Quid
3620 2508 3726 2545 co—

2133 2590 2311 2660 gitatis
2334 2590 2469 2642 inter
2490 2605 2593 2651 vos,
2621 2587 2840 2640 modicae
2858 2585 3005 2655 ﬁdei,
3027 2585 3148 2655 quia
3167 2601 3327 2654 panes
3356 2601 3456 2637 non
3475 2583 3681 2637 habetis
3697 2585 3730 2639 2

2141 2678 2396 2738 Nondum
2419 2676 2732 2746 intelligitis,
2772 2691 2933 2745 neque
2972 2674 3316 2728 recordamini
3354 2674 3577 2743 quinque
3611 2689 3726 2742 pa-

2134 2783 2282 2833 num,
2316 2775 2366 2820 et
2409 2767 2637 2837 quinque
2673 2763 2839 2819 millia
2879 2765 3180 2830 hominum,
3221 2772 3269 2816 et
3311 2773 3433 2834 quot
3469 2764 3727 2834 cophinos

2135 2858 2470 2929 sumpsistis?
2505 2856 2688 2928 Neque
2729 2865 2922 2926 septem
2953 2871 3146 2926 panum
3167 2893 3182 2920 ,
3210 2865 3264 2928 et
3296 2865 3519 2926 quatuor
3545 2855 3729 2910 millia

2136 2951 2426 3014 hominum,
2455 2958 2503 3003 et
2531 2958 2655 3020 quot
2683 2957 2884 3018 sportas
2915 2946 3250 3016 sumpsistis?
3285 2944 3462 3012 Quare
3491 2963 3596 3000 non
3635 2948 3732 3001 iss-

2137 3038 2368 3109 telligitis
2408 3038 2533 3109 quia
2569 3053 2673 3091 non
2710 3037 2774 3090 de
2814 3052 2949 3106 pane
2985 3036 3096 3089 dixi
3135 3032 3518 3091 uobis:Cauete
3548 3053 3583 3090 α
3611 3037 3732 3106 [er-

2137 3139 2310 3184 mento
2352 3127 2746 3183 Pharisamrum
2785 3137 2832 3181 et
2858 3126 3313 3183 Sadducarorum?
3342 3127 3448 3182 Per
3482 3129 3734 3184 occasio-

2140 3235 2264 3276 nem
2285 3220 2562 3291 przecepti,
2587 3218 2727 3289 quod
2750 3217 2996 3273 Salvator
3016 3218 3279 3289 iusserat,
3305 3217 3510 3284 dicens,
3533 3219 3733 3274 Cauete

2137 3329 2170 3366 a
2193 3311 2444 3382 fermento
2471 3308 2865 3366 Pharisazorum
2890 3321 2936 3364 et
2962 3327 2994 3364 a
3017 3309 3268 3379 fermento
3289 3309 3533 3376 Herodis,
3557 3311 3732 3366 docet

2138 3420 2232 3461 eos
2262 3405 2391 3475 quid
2419 3403 2724 3475 signiﬁcent
2753 3403 2990 3473 quinque
3021 3416 3220 3471 panes,
3249 3411 3306 3457 et
3333 3412 3559 3472 septem,
3603 3405 3730 3460 sive

2138 3497 2352 3568 pisculi,
2403 3504 2498 3550 aut
2541 3497 2778 3566 quinque
2811 3494 2978 3548 millia
3012 3494 3324 3558 hominum,
3365 3503 3419 3549 et
3463 3504 3728 3565 quatuor,

2140 3601 2259 3655 qua:
2287 3593 2439 3655 pasta
2470 3593 2596 3640 sunt
2637 3585 2690 3638 in
2728 3598 2932 3638 eremo.
2963 3582 3116 3649 Quod
3143 3581 3273 3638 licet
3301 3583 3574 3651 signorum
3604 3600 3732 3638 ma-

2138 3675 2360 3746 gnitudo
2400 3677 2679 3746 perspicua
2711 3674 2804 3740 sit,
2838 3683 3017 3730 tamen
3063 3673 3211 3728 aliud
3250 3673 3471 3744 spiritali
3516 3674 3732 3730 intelli-

2140 3768 2320 3840 gentia
2369 3768 2791 3824 demonstretur.
2851 3765 2909 3821 Si
2957 3766 3099 3820 enim
3144 3765 3470 3820 fermentum
3518 3763 3730 3821 Phari-

2139 3876 2369 3917 smorum
2417 3869 2473 3915 et
2519 3858 2935 3915 Sadducaaorum
3001 3866 3058 3912 et
3116 3857 3438 3913 fermentum
3490 3857 3732 3916 Herodis

2138 3969 2246 4008 non
2299 3953 2634 4021 corporalem
2697 3966 2916 4021 panem.
2942 3951 3038 4007 sed
3085 3952 3406 4007 traditiones
3431 3967 3727 4022 perversa:

2139 4056 2196 4104 et
2239 4047 2490 4102 hazretica
2541 4046 2808 4117 signiﬁcat
2841 4045 3312 4117 dogmata,.quare
3336 4054 3392 4100 et
3435 4044 3563 4109 cibi,
3592 4045 3729 4114 qui-

2139 4139 2242 4194 bus
2276 4139 2508 4192 nutritus
2536 4145 2619 4192 est
2646 4136 2872 4207 populus
2904 4137 3018 4202 Dei,
3060 4153 3168 4192 non
3205 4153 3390 4192 veram
3416 4138 3724 4193 doctrinam

2141 4231 2512 4302 integramque
2563 4228 2916 4299 signiﬁcent?
2997 4229 3302 4285 Istiusmodi
3370 4229 3726 4298 fermentum,

2139 4324 2282 4395 quod
2324 4323 2470 4378 omni
2523 4323 2734 4378 ratione
2777 4323 3057 4378 vitandum
3103 4331 3206 4388 est,
3240 4322 3426 4377 habuit
3455 4323 3725 4390 Marcion,

2138 4422 2194 4470 et
2222 4413 2556 4480 Valentinus,
2586 4422 2642 4468 et
2687 4428 2877 4469 omnes
2910 4413 3169 4468 haeretici.
3202 4413 3546 4469 Fermentum
3578 4415 3729 4470 hanc

2139 4509 2249 4563 vim
2297 4508 2478 4573 habet,
2516 4515 2575 4562 ut
2610 4507 2654 4562 si
2690 4504 2878 4562 farinae
2924 4507 3140 4562 mistum
3190 4505 3374 4583 fuerit,
3419 4507 3564 4576 quod
3603 4523 3732 4578 par-

2139 4612 2266 4652 vum
2302 4597 2604 4661 videbatur,
2651 4605 2862 4652 crescat
2931 4597 2987 4652 in
3033 4597 3206 4668 majus
3255 4607 3312 4653 et
3348 4598 3414 4653 ad
3468 4613 3726 4667 saporem

2140 4702 2297 4742 suum
2334 4689 2641 4743 universam
2690 4687 3127 4757 conspersionem
3160 4689 3358 4743 trahat.
3410 4689 3491 4743 ita
3524 4698 3584 4744 et
3619 4691 3727 4745 do-

2138 4778 2314 4833 ctrina
2343 4778 2613 4844 haaretica,
2642 4779 2689 4834 si
2713 4778 2797 4832 vel
2833 4779 3097 4834 modicam
3136 4779 3424 4834 scintillam
3471 4778 3526 4834 in
3568 4789 3726 4835 tuum

2137 4875 2326 4936 pectus
2363 4867 2576 4938 iecerit,
2622 4868 2676 4922 in
2714 4869 2865 4924 brevi
2907 4871 3094 4940 ingens
3134 4867 3350 4924 ﬂamma
3389 4882 3723 4936 succrescet,

2140 4966 2196 5012 et
2249 4964 2414 5011 totam
2457 4958 2689 5012 hominis
2728 4960 3122 5028 possessionem
3164 4960 3231 5014 ad
3272 4974 3332 5014 se
3378 4959 3576 5015 trahet.
3610 4961 3730 5016 Hoc

2143 5059 2226 5105 est
2271 5051 2337 5104 de
2397 5065 2504 5118 quo
2550 5059 2608 5105 et
2642 5050 2932 5121 Apostolus
2973 5051 3256 5120 loquitur:
3303 5051 3574 5107 Modicum
3613 5055 3725 5124 [er-

2142 5147 2372 5194 mentum
2414 5149 2575 5195 totam
2616 5157 2844 5196 massam
2887 5145 3173 5214 corrumpit
3215 5140 3357 5213 (Gal.
3383 5144 3459 5217 v).

2217 5230 2361 5285 Tunc
2401 5230 2767 5286 intellexerunt
2811 5233 2935 5304 quia
2985 5249 3089 5287 non
3130 5233 3322 5288 dixerit
3369 5236 3658 5288 cavendum
3693 5253 3726 5288 ι

2143 5322 2396 5392 fermento
2420 5340 2636 5394 panum,
2658 5325 2747 5379 sed
2773 5342 2804 5378 a
2824 5326 3063 5380 doctrina
3085 5323 3480 5382 Pharisa’orum
3511 5337 3560 5381 et
3581 5327 3723 5383 Sad-

2145 5414 2468 5469 ducazorum.
2503 5415 2729 5489 (hlium)
2772 5417 2925 5485 Quod
2961 5419 3042 5474 eis
3082 5419 3213 5474 utile
3263 5429 3384 5476 erat
3429 5422 3721 5489 persuasit,

2147 5505 2289 5576 quod
2314 5507 2562 5563 nocivum
2587 5510 2762 5564 vitare
2783 5509 2962 5578 jussit.
3043 5509 3301 5566 Doctrina
3337 5511 3484 5565 enim
3525 5526 3720 5583 ξυνίει-α

2146 5599 2379 5667 stitiosa,
2423 5607 2478 5654 et
2513 5600 2789 5669 haeretica,
2831 5611 3020 5673 gravat
3056 5604 3230 5674 magis
3257 5618 3419 5673 quam
3469 5602 3724 5672 adjuvat:

2147 5692 2363 5760 mergit,
2401 5700 2456 5747 et
2481 5706 2588 5747 non
2635 5693 2816 5763 erigit.
2847 5694 2890 5748 A
2920 5694 3062 5750 bono
3105 5710 3235 5765 ergo
3271 5696 3535 5767 magistro
3567 5697 3730 5752 disci-

2147 5785 2254 5853 puli
2285 5784 2533 5841 instructi
2569 5785 2947 5844 intellexerunt
2976 5788 3030 5844 in
3062 5787 3325 5848 fermento
3349 5790 3725 5848 seductioneul
