4006 6194
295 395 398 453 989

1267 383 1618 442 COMMENT.
1659 383 1727 440 IN
1765 383 2203 440 ΜΑΤΤΗᾸΞΗΜ.
2245 414 2314 425 --
2349 383 2477 439 LIB.
2515 383 2576 441 ν.

3449 387 3555 447 990

295 505 692 564 Pharisaeorum
721 510 777 558 et
801 499 1240 564 Sadducteorum,
1284 497 1394 552 imo
1427 495 1668 552 omnium
1703 496 1875 549 hare—
1899 498 1952 556 Α
1977 507 2186 548 summa
2224 493 2486 548 virtutum
2526 502 2631 560 est,
2676 492 2845 549 Deum
2887 494 3068 550 vivum
3107 495 3340 568 appellat
3380 500 3447 554 ad
3485 501 3563 557 di-

300 597 537 652 ticorum
567 591 659 662 qui
697 588 967 645 contraria
1017 587 1234 657 sapiunt
1275 585 1511 644 veritati.
1560 598 1879 654 expressam

297 683 574 742 vitandam
599 697 739 738 esse.
786 681 959 748 Quam
998 686 1054 734 et
1078 679 1300 733 omnino
1331 677 1431 748 ipsi
1463 677 1792 741 vitaverunt,
1824 682 1880 729 et

301 777 458 834 nobis
484 774 795 846 fugiendam
817 786 938 827 esse
965 777 1312 827 censuerunt.
1337 767 1465 823 Post
1492 767 1609 823 hinc
1635 767 1881 838 sequitur

302 871 606 934 Matthaeus,
636 875 693 923 et
716 866 846 923 dicit
872 883 885 919 :

375 958 487 1034 [IL]
524 957 674 1014 Venit
695 965 868 1011 autem
887 953 1046 1010 Iesus
1075 953 1130 1008 in
1153 962 1327 1024 partes
1344 948 1602 1007 Caesarea:
1623 948 1879 1022 Philippi.

305 1049 586 1119 Philippus
621 1047 722 1102 iste
749 1053 835 1100 est
873 1043 1045 1098 frater
1068 1040 1322 1106 Herodis,
1353 1039 1420 1095 de
1448 1054 1554 1108 quo
1576 1039 1690 1110 jam
1719 1054 1883 1108 supra

307 1143 560 1205 diximus,
594 1137 866 1194 tetrarcha
892 1135 1085 1190 ltureaa
1112 1141 1166 1190 et
1191 1129 1589 1187 Trachonitidis
1623 1128 1882 1200 regionis,

308 1235 399 1305 qui
429 1233 484 1288 in
509 1233 771 1287 honorem
798 1226 998 1283 Tiberii
1028 1223 1277 1289 Caesaris,
1303 1221 1605 1278 Cassaream
1631 1220 1884 1290 Philippi,

309 1339 431 1394 quas
462 1337 604 1378 nunc
627 1320 838 1375 Paneas
865 1316 1084 1378 dicitur.
1113 1312 1414 1384 appellavit.
1461 1309 1529 1365 Et
1557 1318 1642 1366 est
1679 1311 1734 1364 in
1761 1325 1888 1380 pro-

311 1414 490 1468 vincia
515 1409 789 1467 thnicis
839 1406 1082 1462 imitatus
1108 1403 1375 1459 Herodem
1421 1409 1662 1470 patrem,
1698 1400 1791 1468 qui
1832 1399 1886 1453 in

311 1503 574 1558 honorem
597 1500 822 1568 Augusti
851 1494 1083 1551 Caesaris
1108 1491 1394 1564 appellavit
1417 1487 1740 1553 Caesaream,
1768 1502 1889 1557 quae

310 1595 463 1667 prius
490 1593 678 1648 Turris
713 1589 986 1647 Stratonis
1012 1585 1323 1649 vocabatur,
1354 1592 1410 1639 et
1435 1599 1503 1639 ex
1532 1583 1747 1638 nomine
1773 1581 1890 1650 ejus

312 1684 435 1738 ﬁliae
454 1682 748 1738 Lubiadem
778 1690 927 1734 trans
949 1675 1239 1732 Jordauem
1276 1673 1563 1730 exstruxit.
1594 1673 1701 1729 lste
1737 1673 1889 1727 locus

309 1785 395 1834 est
427 1775 690 1832 Caesareae
706 1771 960 1840 Philippi,
987 1769 1078 1824 ubi
1105 1767 1355 1824 Jordanis
1383 1766 1557 1822 oritur
1581 1766 1650 1820 ad
1676 1764 1887 1820 radices

1981 583 2325 640 stinctionem
2374 584 2636 640 falsorum
2690 585 2940 652 deorum,
2995 603 3132 657 quos
3172 591 3325 644 vario
3377 589 3564 648 delusa

1981 691 2166 731 errore
2210 675 2483 746 gentilitas
2521 675 2606 731 vel
2634 675 2700 730 de
2725 677 2955 731 mortuis
2994 679 3095 732 sibi
3133 679 3438 735 hominibus
3485 681 3571 735 in-

1981 765 2178 831 stituit,
2203 765 2288 819 vel
2326 763 2533 834 majore
2571 764 2844 820 dementia
2882 765 2948 820 de
2984 767 3280 822 insensibili
3318 771 3564 836 materia,

1983 870 2119 926 quos
2141 854 2414 920 adoraret,
2440 854 2661 909 creavit.
2689 854 2765 908 De
2792 852 2986 923 quibus
3009 857 3221 911 canitur
3249 859 3300 912 iu
3325 860 3563 928 psalmo:

1987 942 2286 1000 Simulacra
2325 943 2576 1014 gentium,
2625 953 2897 1013 argentum
2932 953 2980 997 et
3016 961 3227 1012 aurum,
3257 964 3414 1017 opera
3453 965 3567 1002 ma-

1985 1051 2148 1090 nuum
2195 1035 2484 1101 hominum,
2531 1052 2586 1088 os
2623 1034 2832 1100 habent,
2875 1045 2924 1090 et
2966 1054 3068 1091 non
3109 1037 3413 1109 loquuntur,
3457 1051 3563 1097 etc.

1986 1126 2356 1200 (Psal.cxm).
2402 1126 2706 1182 Notandum
2757 1136 2938 1184 autem
2987 1144 3148 1198 quam
3199 1132 3444 1187 miranda
3481 1135 3564 1188 di-

1985 1221 2274 1276 stinctione
2307 1221 2380 1274 sit
2419 1219 2642 1286 factum,
2688 1229 2748 1275 ut
2791 1238 2911 1276 cum
2957 1223 3023 1277 de
3065 1231 3291 1294 utraque
3328 1226 3565 1295 ejusdem

1988 1309 2198 1364 Domini
2231 1317 2286 1364 et
2313 1307 2607 1363 Salvatoris
2645 1310 2812 1364 nostri
2849 1318 3038 1365 natura
3078 1314 3145 1366 ab
3177 1313 3289 1382 ipso
3319 1315 3564 1379 Domino,

1985 1409 2044 1456 et
2085 1417 2115 1455 a
2145 1400 2284 1456 ﬁdeli
2315 1400 2431 1471 ejus
2459 1399 2721 1470 discipulo
2757 1409 2900 1456 esset
2927 1401 3244 1470 proferenda
3277 1405 3565 1470 sententia,

1988 1495 2247 1550 Dominus
2298 1494 2412 1564 ipse
2465 1495 2821 1550 humilitatem
2878 1507 3168 1567 assumpta:
3218 1499 3572 1558 humanitatis

1987 1585 2325 1656 proﬁteatur,
2363 1585 2660 1655 discipulus
2689 1586 3062 1642 excellentiam
3111 1589 3304 1643 divinae
3353 1593 3573 1647 aeterni—

1989 1677 2118 1732 tatis
2146 1678 2416 1732 ostendat.
2448 1677 2708 1732 Dominus
2745 1679 2812 1733 de
2851 1693 2908 1733 se
2955 1681 3097 1749 quod
3136 1681 3315 1736 minus
3354 1691 3454 1748 est,
3490 1684 3570 1737 di-

1989 1771 2228 1840 scipulus
2257 1771 2323 1825 de
2345 1772 2572 1826 Domino
2602 1772 2818 1826 intimat
2845 1773 2986 1840 quod
3023 1770 3196 1839 majus
3230 1781 3345 1837 est;
3390 1772 3572 1827 Domi-

311 1869 526 1932 Libani,
559 1875 614 1922 et
649 1865 813 1921 habet
840 1863 974 1917 duos
1013 1859 1208 1925 fontes,
1240 1873 1406 1912 unum
1442 1857 1659 1911 nomine
1682 1854 1802 1922 lor,
1836 1847 1963 1908 etB
1992 1876 2095 1915 nus
2132 1861 2197 1915 de
2233 1875 2292 1916 se
2322 1861 2464 1929 quod
2510 1860 2685 1915 factus
2722 1870 2805 1916 est
2842 1870 3062 1931 propter
3109 1875 3225 1922 nos,
3277 1862 3571 1931 discipulus
3637 1899 3649 1914 .

307 1959 541 2014 alterum
580 1955 724 2022 Dan,
755 1953 846 2022 qui
889 1949 1048 2007 simul
1082 1949 1226 2005 misti
1253 1946 1505 2002 Jordanis
1542 1958 1738 2000 nomen
1778 1943 1890 1997 elli-

309 2050 487 2104 ciunt.

383 2137 452 2191 Et
487 2133 838 2205 interrogabat
867 2130 1151 2200 discipulos
1192 2144 1333 2193 suos,
1365 2126 1581 2181 dicens:
1615 2124 1781 2191 Quem
1811 2123 1890 2176 di-

310 2237 434 2283 cunt
465 2228 698 2280 homines
726 2239 835 2278 esse
862 2221 1031 2291 filium
1065 2219 1330 2274 hominis?
1354 2217 1472 2272 Non
1504 2216 1638 2271 dixit
1674 2233 1686 2268 :
1719 2215 1892 2280 Quem

313 2335 400 2375 me
433 2318 621 2373 dicunt
651 2314 899 2370 homines
928 2326 1072 2377 esse,
1097 2310 1192 2366 sed
1216 2309 1387 2379 ﬁlium
1425 2307 1674 2371 hominis,
1704 2320 1772 2359 ne
1809 2303 1893 2374 ja-

315 2419 525 2468 ctantcr
552 2409 619 2464 de
645 2423 703 2464 se
728 2419 972 2478 qumrere
997 2404 1290 2459 videretur.
1343 2400 1408 2454 Et
1434 2407 1562 2454 nota
1600 2397 1742 2467 quod
1769 2395 1892 2450 ubi-

313 2517 527 2572 cunque
556 2500 818 2568 scriptum
841 2505 926 2553 est
953 2496 1008 2550 in
1034 2494 1216 2550 Veteri
1245 2491 1592 2548 Testamento
1622 2489 1764 2543 ﬁlius
1792 2487 1890 2543 ho-

315 2594 496 2658 minis,
528 2593 582 2646 in
609 2589 834 2646 Hebraeo
870 2587 1105 2658 positum
1148 2585 1217 2640 sit
1254 2583 1397 2638 ﬁlius
1417 2582 1619 2646 Adam;
1660 2580 1896 2648 illudque

315 2685 461 2756 quod
512 2685 565 2739 in
601 2681 810 2754 psalmo
857 2679 1126 2750 legimus:
1157 2674 1286 2730 Filii
1326 2675 1592 2730 hominum
1633 2690 1895 2744 usquequo

317 2778 463 2847 gravi
483 2775 636 2830 corde
664 2771 836 2845 (Psal.
869 2770 968 2841 tv),
999 2769 1052 2823 in
1081 2767 1306 2823 Hebraeo
1337 2766 1554 2832 dicitur,
1579 2764 1678 2834 ﬁlii
1700 2766 1893 2819 Adam.

318 2867 549 2923 Pulchre
578 2875 758 2920 autem
801 2859 1208 2931 interrogabat:
1239 2857 1405 2926 Quem
1441 2857 1619 2912 dicunt
1662 2857 1896 2911 homines

317 2977 428 3017 esse
456 2959 624 3028 [ilium
665 2955 932 3010 hominis?
981 2952 1118 3020 Quia
1159 2952 1251 3022 qui
1292 2951 1358 3006 de
1397 2949 1510 3005 filio
1545 2949 1778 3005 hominis
1820 2949 1897 3004 lo-

318 3060 581 3123 quuntur,
607 3046 855 3104 homines
883 3053 1026 3101 sunt.
1081 3044 1182 3112 Qui
1227 3058 1358 3099 vero
1403 3042 1736 3098 divinitatem
1783 3041 1900 3113 ejus

317 3142 651 3211 intelligunt,
675 3153 783 3194 non
810 3137 1074 3202 homines,
1105 3136 1200 3190 sed
1225 3136 1299 3190 dii
1326 3133 1681 3205 appellantur.

392 3233 462 3288 Et
494 3230 574 3284 illi
608 3230 895 3283 dixerunt:
917 3227 1024 3282 Alii
1053 3227 1311 3281 Joannem
1333 3224 1648 3295 Baptistam,
1677 3222 1771 3278 alii
1801 3239 1898 3277 au-

319 3335 425 3380 tem
446 3320 643 3387 Eliam,
676 3317 768 3373 alii
800 3334 918 3372 vero
942 3316 1250 3381 Jeremiam,
1286 3325 1378 3369 aut
1410 3330 1574 3369 unum
1597 3329 1661 3367 ea;
1683 3314 1901 3384 prophe-

321 3414 410 3471 tis.
457 3411 623 3467 Miror
663 3409 922 3480 quosdam
968 3407 1292 3477 interpretes
1333 3419 1573 3459 errorem
1627 3404 1902 3474 inquirere

324 3504 678 3576 singulorum,
727 3509 784 3556 et
817 3499 1232 3570 disputationem
1276 3497 1646 3569 longissimam
1694 3506 1898 3563 texere,

324 3610 492 3668 quare
513 3594 799 3650 Dominum
823 3600 1066 3647 nostrum
1086 3589 1268 3646 Jesum
1297 3589 1588 3655 Christum,
1621 3590 1709 3645 alii
1735 3589 1901 3646 Joan-

327 3699 452 3739 nem
487 3688 838 3752 putaverunt,
868 3680 960 3735 alii
988 3679 1182 3746 Eliam,
1219 3679 1311 3734 alii
1341 3679 1652 3745 Jeremiam,
1701 3689 1796 3734 aut
1836 3694 1901 3734 ex

324 3774 604 3848 prophetis
644 3789 835 3839 unum,
866 3787 987 3828 cum
1026 3773 1107 3827 sic
1143 3785 1328 3826 errare
1365 3778 1659 3840 potuerunt
1684 3771 1738 3824 in
1764 3769 1899 3833 Elia,

326 3873 426 3922 aut
450 3865 504 3919 in
525 3863 780 3930 Ieremia,
807 3862 1076 3934 quomodo
1101 3861 1338 3917 Herodes
1364 3861 1570 3917 erravit
1594 3861 1649 3914 in
1676 3859 1902 3928 Joanne,

328 3960 514 4016 dicens
543 3977 555 4012 :
584 3956 749 4024 Quem
790 3972 884 4028 ego
921 3953 1173 4010 decollari
1205 3954 1486 4019 Joannem,
1527 3953 1636 4023 ipse
1677 3953 1907 4007 surrexit

329 4067 363 4104 a
384 4050 625 4115 mortuis,
645 4058 694 4103 et
713 4048 830 4102 ideo
853 4049 1064 4102 virtutes
1087 4055 1366 4117 operantur
1388 4046 1442 4099 in
1467 4060 1527 4099 eo
1552 4043 1766 4117 (Matth.
1793 4058 1903 4111 xxv;

333 4143 506 4198 Marc.
538 4158 625 4208 vl;
657 4141 785 4197 Luc.
812 4141 914 4214 ix).

412 4233 516 4289 Vos
539 4243 714 4288 autem
741 4249 893 4304 quem
925 4249 1007 4288 me
1029 4248 1138 4288 esse
1162 4232 1336 4287 dicitis
1353 4233 1379 4285 ?
1403 4221 1628 4304 (Mirm)
1657 4231 1773 4288 Non
1809 4247 1908 4287 an-

335 4333 442 4380 tem
474 4325 628 4394 quasi
665 4324 913 4380 nesciens
959 4324 1283 4379 sententiam
1317 4323 1384 4379 de
1423 4338 1483 4379 se
1506 4323 1591 4378 vel
1621 4322 1910 4394 discipulo-

335 4431 477 4482 rum,
503 4414 588 4472 vel
617 4423 1000 4471 extraneorum
1029 4415 1271 4486 inquirit,
1310 4415 1406 4471 sed
1440 4415 1562 4471 ideo
1599 4415 1910 4486 discipulos,

1989 1953 2227 2008 declarat
2275 1953 2340 2008 de
2383 1952 2610 2008 Domino
2654 1954 2796 2022 quod
2843 1953 2958 2022 ipse
3003 1961 3088 2008 est
3131 1953 3223 2022 qui
3280 1952 3405 2008 fecit
3449 1969 3566 2008 nos.

1991 2039 2144 2096 Sicut
2182 2050 2237 2096 et
2277 2041 2332 2096 in
2367 2041 2657 2112 Evangelio
2703 2042 2961 2096 Dominus
3006 2041 3176 2095 multo
3222 2043 3463 2096 crebrius
3508 2053 3580 2096 se-

1991 2131 2157 2187 lilium
2187 2133 2420 2188 hominis
2446 2148 2606 2203 quam
2629 2131 2825 2187 Filium
2846 2131 2941 2186 Dei
2968 2131 3239 2202 appellare
3265 2134 3568 2197 consuevit,

1991 2233 2050 2279 ut
2099 2240 2199 2280 nos
2243 2225 2559 2278 admoneret
2606 2223 3022 2294 dispensationis
3065 2237 3224 2292 quam
3270 2237 3367 2292 pro
3415 2223 3572 2278 nobis

1991 2317 2245 2384 suscepit.
2296 2315 2403 2371 Sed
2429 2331 2528 2370 nos
2561 2331 2781 2371 necesse
2807 2323 2889 2370 est
2918 2323 3070 2370 tanto
3099 2315 3354 2369 humilius
3380 2315 3573 2369 divini-

1993 2411 2118 2466 tatis
2157 2409 2273 2478 ejus
2315 2409 2424 2464 alta
2470 2409 2742 2474 venerari,
2791 2417 2996 2478 quanto
3043 2407 3193 2462 illum
3224 2407 3570 2462 meminimus

1991 2515 2091 2571 pro
2134 2508 2320 2554 nostra
2370 2498 2697 2555 exaltatione
2746 2497 2813 2554 ad
2864 2497 3216 2553 humanitatis
3254 2495 3436 2552 inﬁma
3481 2498 3574 2551 de-

1995 2590 2287 2646 scendisse.

2067 2683 2402 2754 Respondens
2424 2693 2598 2737 autem
2623 2683 2779 2738 Jesus
2799 2683 2934 2736 dixit
2958 2682 3006 2736 ei
3029 2695 3048 2733 :
3075 2680 3268 2735 Beatus
3290 2689 3365 2734 est
3393 2676 3576 2733 Simon

1994 2778 2253 2848 Barjona,
2289 2778 2412 2849 quia
2437 2793 2560 2830 caro
2589 2785 2639 2830 et
2663 2775 2877 2846 sanguis
2921 2767 3023 2828 non
3071 2772 3309 2828 reuelauit
3339 2771 3452 2837 tibi,
3484 2771 3575 2825 sed

1999 2869 2163 2925 Pater
2181 2885 2326 2922 meus
2355 2869 2446 2938 qui
2472 2868 2527 2921 in
2555 2868 2693 2921 caelis
2715 2875 2812 2920 est.
2842 2863 3071 2932 Barjona
3101 2863 3343 2934 Syriace,
3384 2861 3576 2916 Latine

1999 2961 2198 3018 dicitur
2225 2960 2368 3029 ﬁlius
2398 2957 2669 3013 columbae.
2700 2956 2864 3012 Recte
2911 2963 3135 3011 vocatur
3161 2953 3434 3025 apostolus
3479 2953 3579 3007 Pe-

2001 3062 2118 3108 trus
2148 3052 2288 3108 ﬁlius
2315 3051 2596 3117 columbae,
2634 3052 2760 3121 quia
2797 3049 3048 3105 videlicet
3075 3049 3321 3102 columba
3352 3046 3578 3100 multum

2003 3145 2231 3214 simplex
2259 3152 2343 3199 est
2372 3143 2592 3209 animal,
2621 3151 2676 3198 et
2725 3143 2840 3212 ipse
2865 3142 3115 3212 prudenti
3151 3157 3215 3194 ac
3261 3139 3346 3210 pia
3377 3137 3584 3206 simpli-

2000 3236 2166 3291 citate
2191 3234 2476 3289 Dominum
2501 3232 2845 3303 sequebatur,
2887 3247 3096 3286 memor
3142 3230 3284 3284 illius
3326 3226 3580 3299 praecepti

1999 3329 2142 3400 quod
2167 3343 2288 3383 cum
2317 3328 2430 3382 suis
2458 3325 2835 3396 condiscipulis
2860 3325 2925 3380 ab
2955 3325 3144 3380 eodem
3166 3324 3424 3394 magistro
3455 3321 3584 3377 sim-

1999 3420 2257 3492 plicitatis
2276 3427 2331 3474 et
2353 3419 2598 3474 veritatis
2629 3418 2837 3487 accepit
2867 3436 2879 3471 .-
2915 3417 3095 3471 Estote
3137 3417 3418 3487 prudentes
3448 3414 3583 3468 sicut

2000 3521 2280 3581 serpentes,
2309 3519 2356 3565 et
2387 3509 2646 3580 simplices
2680 3511 2813 3563 sicut
2842 3505 3236 3580 columbtc.‘Vel
3261 3514 3428 3571 certe,
3454 3505 3580 3575 quia

2004 3600 2238 3671 Spiritus
2269 3609 2489 3655 sanctus
2511 3615 2674 3667 super
2701 3599 2983 3652 Dominum
3013 3598 3064 3651 in
3095 3596 3356 3651 columba:
3405 3597 3584 3664 specie

2004 3690 2300 3755 descendit,
2331 3696 2478 3742 recte
2509 3688 2651 3740 ﬁlius
2675 3687 2938 3741 columba:
2959 3695 3316 3753 nuncupatur,
3354 3685 3446 3754 qui
3469 3686 3582 3754 spi-

2005 3781 2148 3835 ritali
2194 3780 2365 3851 gratia
2397 3778 2588 3846 plenus
2631 3776 2906 3830 exstitisse
2945 3783 3298 3829 monstratur.
3343 3775 3410 3828 Et
3438 3773 3584 3842 justa

2007 3871 2138 3927 satis
2158 3871 2316 3925 laude
2327 3869 2639 3923 dilectorem
2662 3865 3134 3936 confessoremque
3151 3882 3303 3922 suum
3328 3866 3589 3921 Dominus

2008 3970 2341 4027 remunerat,
2373 3975 2497 4015 cum
2522 3975 2646 4014 eum
2677 3958 2846 4014 sancti
2897 3957 3129 4028 Spiritus
3158 3956 3327 4010 ﬁlium
3357 3970 3477 4012 esse
3509 3963 3588 4010 tc-

2010 4064 2205 4122 statur,
2235 4071 2266 4109 a
2285 4069 2391 4124 quo
2416 4054 2530 4124 ipse
2556 4053 2649 4106 Dei
2676 4051 2782 4106 vivi
2813 4049 2982 4105 Filius
3009 4058 3367 4111 asseveratur,
3394 4062 3590 4118 quam-

2009 4147 2094 4201 vis
2130 4147 2232 4201 hoc
2265 4145 2438 4215 ipsum
2463 4141 2691 4196 multum
2715 4139 3050 4195 dissimiliter
3089 4138 3203 4192 ﬁeri
3250 4136 3427 4192 nullus
3463 4136 3596 4191 ﬁde.

2011 4239 2142 4294 lium
2167 4238 2391 4293 dubitet.
2431 4234 2690 4289 Dominus
2718 4231 2860 4287 enim
2885 4230 3131 4286 Christus
3159 4229 3326 4285 Filius
3365 4229 3460 4284 Dei
3499 4243 3596 4297 per

2013 4341 2288 4395 naturam,
2315 4329 2506 4384 Petrus
2552 4327 2692 4382 sicut
2721 4333 2776 4381 et
2804 4325 2984 4379 caeteri
3037 4323 3195 4378 electi
3229 4321 3371 4378 ﬁlius
3419 4321 3594 4377 sancti

2017 4423 2250 4494 Spiritus
2271 4429 2356 4475 est
2378 4435 2475 4489 per
2497 4417 2747 4489 gratiam.
2777 4414 3026 4470 Christus
3049 4413 3216 4468 Filius
3245 4414 3364 4479 Dei,
3385 4413 3508 4483 quia
3531 4413 3597 4467 de

335 4507 466 4576 quid
493 4507 558 4562 de
587 4521 646 4563 se
673 4506 932 4574 sentiant,
961 4507 1280 4579 interrogat,
1308 4515 1369 4563 ut
1392 4507 1784 4564 confessionem
1819 4524 1912 4563 re-
1939 4547 1992 4608 Β
2017 4516 2134 4585 ipso
2153 4522 2314 4567 natus
2342 4517 2444 4575 est,
2473 4509 2666 4564 Petrus
2697 4505 2836 4561 ﬁlius
2861 4505 3096 4575 Spiritus
3143 4505 3335 4571 sancti,
3379 4505 3504 4574 quia
3530 4505 3598 4559 de

337 4606 440 4654 cm
484 4599 608 4653 ﬁdei
655 4598 870 4654 illorum
917 4600 1075 4672 digna
1129 4599 1379 4656 mercede
1425 4608 1750 4656 remuneret.
1789 4598 1914 4656 Ideo

337 4689 468 4759 quid
498 4688 590 4743 alii
617 4689 684 4745 de
713 4705 773 4746 se
801 4691 1055 4756 sentiant,
1094 4690 1342 4759 inquirit,
1371 4699 1432 4746 ut
1457 4691 1716 4760 expositis
1742 4691 1916 4761 primo

338 4781 624 4839 sententiis
667 4783 990 4849 errantium,
1030 4783 1275 4853 discipuli
1308 4784 1672 4854 probarentur
1712 4782 1916 4838 verita-

341 4885 450 4931 tem
497 4891 608 4931 suae
649 4873 1025 4940 confessionis,
1056 4890 1164 4930 non
1190 4873 1258 4929 de
1286 4875 1538 4945 opinione
1566 4873 1796 4946 vulgata,
1824 4875 1920 4929 sed

340 4965 409 5021 de
459 4967 575 5036 ipso
614 4967 921 5036 percepisse
965 4966 1254 5020 Dominicze
1307 4963 1648 5020 revelationis
1697 4980 1916 5020 arcano.

344 5059 559 5133 (Beda.)
593 5060 719 5125 Vos,
751 5059 944 5130 inquit,
974 5061 1125 5130 quem
1154 5075 1233 5112 me
1269 5073 1378 5112 esse
1419 5057 1634 5112 dicitis?
1661 5057 1822 5124 Quasi
1854 5060 1922 5113 ab

344 5150 626 5206 hominum
657 5149 1011 5221 generalitate
1059 5147 1178 5202 illos
1216 5155 1580 5216 sequestrans,
1611 5155 1666 5200 et
1706 5147 1834 5201 deos
1862 5163 1922 5202 ac

344 5239 442 5295 Dei
469 5240 606 5295 ﬁlios
629 5256 726 5311 per
752 5239 1090 5310 adoptionem
1115 5239 1227 5308 jam
1257 5235 1426 5291 factos
1451 5237 1747 5300 insinuans,
1772 5237 1925 5306 juxta

347 5329 477 5386 illud
509 5331 808 5387 Psalmisla:
831 5352 843 5386 :
870 5331 984 5402 Ego
1023 5331 1173 5385 dixi:
1201 5329 1287 5385 Dii
1323 5331 1467 5395 estis,
1511 5339 1561 5384 et
1595 5329 1696 5399 ﬁlii
1718 5329 1928 5384 Επειεὶ

346 5435 527 5476 omnes
553 5419 725 5492 (Psal.
758 5421 963 5493 LXXXI).

422 5509 753 5582 Respondens
798 5510 980 5566 Simon
1021 5511 1207 5566 Petrus
1249 5512 1382 5566 dixit
1419 5525 1437 5563 :
1477 5511 1556 5566 Tu
1595 5529 1650 5568 es
1690 5511 1926 5567 Christus

353 5597 527 5656 Filius
562 5601 656 5657 Dei
685 5603 800 5657 vivi.
839 5602 989 5657 Licet
1017 5604 1198 5658 caeteri
1236 5603 1460 5672 apostoli
1501 5604 1691 5670 sciant,
1735 5603 1928 5660 Petrus

352 5701 534 5747 tamen
581 5693 854 5763 respondit
881 5707 977 5762 pro
1015 5692 1242 5748 caeteris.
1286 5693 1608 5762 Complexus
1634 5701 1717 5748 est
1744 5693 1928 5764 itaque

351 5787 558 5853 munia,
581 5787 673 5856 qui
713 5792 768 5840 et
804 5794 1050 5841 naturam
1091 5794 1144 5841 et
1186 5800 1381 5840 nomen
1425 5785 1708 5855 expressit.
1740 5785 1790 5840 in
1821 5801 1927 5856 quo

2019 4609 2137 4678 ipso
2163 4613 2382 4660 renatus
2407 4611 2510 4658 est.
2540 4601 2788 4657 Christus
2834 4598 3002 4654 Filius
3044 4598 3137 4652 Dei
3169 4605 3294 4652 ante
3325 4605 3596 4667 tempora;

2020 4699 2134 4768 ipse
2153 4705 2236 4752 est
2259 4697 2403 4751 enim
2433 4695 2528 4750 Dei
2554 4695 2727 4750 virtus
2753 4700 2808 4748 et
2833 4692 2929 4746 Dei
2949 4690 3231 4760 sapientia,
3279 4705 3399 4760 qum
3426 4691 3554 4746 dicit
3583 4705 3596 4743 :

2022 4790 2276 4846 Dominus
2305 4789 2530 4858 possedit
2560 4804 2641 4840 me
2667 4788 2720 4840 in
2752 4787 2902 4840 initio
2952 4784 3155 4838 viarum
3187 4800 3422 4843 suarum,
3462 4794 3603 4836 ante-

2021 4896 2177 4951 quam
2197 4877 2480 4948 quidquam
2505 4875 2693 4944 faceret
2720 4892 2751 4928 a
2773 4870 3380 4945 principio(Prov.vm);
3411 4871 3602 4925 Petrus

2024 4969 2166 5024 ﬁlius
2197 4967 2430 5037 Spiritus
2453 4965 2621 5019 sancti
2649 4979 2712 5018 ex
2738 4979 2806 5019 eo
2831 4973 3069 5034 tempore
3109 4978 3214 5032 quo
3236 4965 3303 5017 ab
3337 4964 3451 5031 ipso
3480 4965 3600 5016 illu-

2024 5061 2258 5115 minatus
2294 5059 2521 5128 gratiam
2546 5059 2738 5111 divina:
2761 5058 3083 5126 cognitionis
3127 5055 3353 5123 accepit.
3382 5053 3447 5106 Et
3475 5053 3600 5122 quia

2027 5167 2130 5205 una
2151 5151 2401 5205 voluntas
2433 5148 2617 5203 eadem
2657 5160 2739 5202 est
2768 5148 3009 5217 operatio
3057 5152 3257 5200 sancta‘
3284 5144 3565 5199 Trinitatis
3588 5185 3606 5208 ,

2027 5251 2173 5296 recte
2196 5257 2316 5295 cum
2343 5240 2583 5294 dixisset.
2614 5237 2810 5291 Beatus
2836 5247 2909 5290 est
2934 5235 3112 5290 Simon
3139 5233 3395 5301 Barjona,
3421 5233 3470 5285 id
3496 5242 3600 5298 est,

2028 5331 2100 5386 ﬁli
2131 5331 2317 5401 gratiae
2343 5329 2618 5398 spiritalis,
2643 5327 2890 5397 protinus
2925 5323 3204 5394 adjunxit:
3237 5323 3374 5388 Quia
3403 5339 3524 5376 caro
3554 5331 3604 5375 et

1923 5447 1938 5457 -
2028 5422 2240 5492 sanguis
2271 5437 2373 5473 non
2400 5419 2640 5474 revelarit
2666 5418 2775 5483 tibi,
2807 5417 2896 5470 sed
2925 5415 3085 5468 Pater
3111 5431 3257 5468 meus
3302 5414 3391 5484 qui
3419 5414 3470 5467 in
3507 5430 3607 5466 cae-

2026 5514 2090 5568 lis
2132 5523 2224 5570 est.
2266 5513 2428 5567 Pater
2469 5513 2664 5584 quippe
2701 5511 2810 5565 ﬁlio
2857 5509 3115 5564 columbae
3160 5506 3437 5570 revelavit,
3480 5505 3606 5574 quia

2027 5621 2135 5661 una
2155 5613 2237 5660 est
2259 5607 2432 5676 gratia
2458 5605 2656 5669 Patris,
2681 5611 2734 5658 et
2765 5601 2998 5673 Spiritus
3021 5600 3211 5662 sancti,
3245 5598 3432 5652 eadem
3465 5610 3602 5666 quo-

2028 5712 2132 5767 que
2152 5706 2207 5750 ct
2227 5696 2385 5762 Filii;
2413 5698 2539 5766 quia
2563 5712 2666 5750 una
2687 5705 2769 5750 est
2795 5693 3041 5747 voluntas
3067 5700 3122 5746 et
3141 5689 3382 5760 operatio
3404 5685 3608 5750 Patris,

2029 5797 2083 5844 ct
2104 5786 2248 5854 Filii,
2287 5796 2338 5844 et
2363 5785 2598 5856 Spiritus
2626 5786 2816 5842 sancti.
2851 5785 2917 5840 Et
2951 5792 3238 5855 propterea
3280 5777 3610 5836 convenietin
