4006 6194
329 3177 344 3188 °
444 3181 546 3237 per
571 3165 728 3220 ﬁdem
754 3173 809 3220 et
856 3165 1200 3221 dilectionem
1239 3163 1461 3229 Christi,
1494 3177 1591 3234 per
1631 3162 2026 3233 susceptionem

421 418 520 480 99!
1098 407 1160 462 Β.
1203 400 1714 462 RABANI'MAIS'R!
1747 396 2066 457 A‘RCHIEP.
2108 393 2417 451 MOGUNT.
2458 390 2742 450 OPERUM
2781 387 2962 444 PARS
2999 389 3041 442 ι.
3575 383 3700 440 9ίή

422 539 508 588 ter
535 528 748 586 dicitur.
799 524 936 593 Quia
983 523 1144 577 Pater
1167 520 1259 591 qui
1293 518 1347 574 in
1370 517 1522 574 caelis
1567 525 1652 572 est
1683 513 1998 570 revelaverit
2025 510 2077 570 Α
2104 522 2289 562 renam
2335 505 2634 577 quamlibet
2675 502 3029 574 fragilemque
3065 500 3132 556 ob
3178 513 3396 554 causam
3439 497 3700 554 habitum

420 619 532 674 filio
581 617 844 674 columbae
888 613 1207 684 mysterium
1249 609 1397 675 ﬁdei,
1443 609 1586 680 quod
1632 608 1734 665 hoc
1781 620 1908 660 caro
1943 611 2000 658 et
2101 601 2454 671 praetendisse
2483 598 2796 654 Christiani.
2824 597 3117 667 Sequitur:

422 710 644 778 sanguis
687 705 927 761 revelare
957 703 1236 774 nequibat.
1291 700 1431 758 Caro
1457 709 1634 754 autem
1683 707 1739 755 et
1783 697 2002 767 sanguis
2174 689 2242 744 Et
2277 690 2414 744 dabo
2434 689 2528 743 tibi
2555 689 2722 742 claves
2750 689 2896 758 regni
2933 685 3200 740 caelorum.
3232 685 3334 753 Qui
3365 700 3548 757 regem
3579 703 3707 744 etn-

422 777 571 853 recte
592 795 958 868 intelliguntur
983 794 1233 849 homines
1283 792 1545 862 sapientia
1576 790 1760 844 carnis
1805 786 1998 852 inﬂati,
2103 783 2279 837 lorum
2325 781 2516 852 majori
2563 795 2674 851 prae
2724 779 2936 834 caeteris
2963 778 3249 834 devotione
3274 777 3557 833 confessus
3583 790 3700 844 est,

424 887 744 944 columbimn
783 883 1146 955 simplicitatis
1171 881 1340 936 nescii
1395 880 1624 948 ideoque
1666 893 1697 931 a
1736 875 2001 947 sapientia
2105 873 2300 930 merito
2330 887 2441 944 prae
2464 872 2676 927 caeteris
2701 871 2815 941 ipse
2841 869 3054 924 collatis
3099 869 3344 924 clavibus
3380 871 3530 939 regni
3580 883 3705 925 (ω-

425 983 659 1056 Spiritus
695 979 974 1036 commode
1022 975 1220 1040 aversi,
1253 975 1320 1030 de
1356 974 1552 1044 quibus
1601 986 1763 1040 supra
1801 970 2005 1024 dictum
2106 965 2257 1021 lestis
2280 965 2507 1020 donatus
2526 971 2628 1027 est,
2652 971 2712 1017 ut
2734 969 3009 1018 constaret
3025 961 3298 1026 omnibus,
3329 962 3455 1031 quia
3485 962 3704 1033 absque

422 1052 529 1142 est,
565 1075 690 1146 quia
724 1073 1002 1129 Christum
1045 1084 1154 1126 non
1204 1067 1567 1134 intelligentes
1607 1064 1697 1117 alii
1741 1061 2004 1116 Joannem
2107 1073 2170 1112 ea
2195 1054 2550 1146 confessione,
2581 1069 2645 1109 ac
2666 1053 2791 1120 ﬁde,
2826 1068 3052 1124 regnum
3079 1052 3340 1146 caelorum
3377 1053 3555 1108 nullus
3593 1071 3704 1125 po—

423 1142 742 1238 Baptistam,
767 1164 857 1218 alii
884 1169 1064 1217 autem
1087 1159 1281 1224 Eliam,
1309 1157 1400 1212 alii
1421 1171 1550 1211 vero
1569 1153 1882 1218 Jeremiam,
1916 1160 2010 1207 aut
2110 1157 2218 1203 test
2241 1148 2475 1238 intrare.
2493 1145 2684 1238 Claves
2703 1152 2882 1198 autem
2905 1143 3056 1238 regni
3088 1142 3349 1198 etelorum
3379 1144 3554 1214 ipsam
3581 1146 3704 1200 dis—

427 1234 592 1311 uuum
639 1270 706 1310 ex
732 1255 1009 1326 prephetis
1045 1267 1165 1308 esse
1210 1250 1470 1314 dicerent,
1522 1248 1588 1302 de
1631 1247 1828 1316 quibus
1880 1245 2011 1300 dicit
2111 1237 2362 1293 cernendi
2405 1235 2688 1291 scientiam
2718 1234 3122 1326 potentiamque
3163 1235 3428 1326 nominat,
3475 1250 3582 1326 qua
3612 1236 3708 1289 di-

427 1323 756 1416 Apostolusi
789 1323 1032 1399 carnalis
1059 1350 1233 1396 autem
1253 1339 1406 1392 homo
1439 1353 1543 1390 non
1571 1336 1783 1406 percipit
1805 1351 1866 1389 ea
1893 1349 2011 1405 qua:
2113 1343 2246 1400 gnos
2268 1327 2507 1396 recipere
2537 1327 2591 1382 in
2616 1339 2862 1396 regnum,
2894 1323 3143 1396 indignos
3170 1323 3450 1380 secludere
3477 1325 3711 1380 deberet

427 1447 549 1490 sunt
578 1435 809 1506 Spiritus
837 1433 1005 1489 sancti
1041 1432 1091 1496 (Ι
1123 1431 1244 1486 Cor.
1284 1429 1367 1502 ιι).
2115 1435 2146 1472 a
2180 1434 2366 1489 regno.

501 1525 571 1579 Et
593 1541 684 1596 ego
699 1524 816 1580 dico
836 1524 928 1579 tibi
951 1541 970 1578 :
996 1522 1133 1589 Quia
1156 1531 1211 1576 tu
1226 1539 1277 1577 es
1294 1521 1506 1588 Petrus,
1523 1533 1570 1577 et
1595 1538 1750 1592 super
1770 1521 1904 1574 hanc
1926 1535 2014 1590 pe—
2186 1509 2256 1564 Ει
2289 1509 2634 1582 quodcunque
2663 1509 2905 1580 ligaveris
2925 1523 3082 1578 super
3108 1516 3325 1574 terram,
3355 1509 3452 1562 erit
3480 1507 3710 1579 ligatum

425 1626 571 1673 lram
596 1616 869 1686 aediﬁcabo
893 1616 1184 1671 Ecclesium
1209 1632 1400 1670 meam.
1420 1613 1688 1686 (Hieron.)
1704 1613 1782 1668 Ac
1804 1613 1850 1668 si
1867 1611 2012 1666 diee—
2116 1614 2165 1658 el
2192 1605 2247 1658 in
2269 1603 2428 1670 cwlis,
2455 1612 2503 1657 et
2546 1603 2891 1673 quodcunque
2915 1600 3130 1655 solveris
3147 1616 3302 1670 super
3339 1608 3558 1665 terram,
3602 1601 3710 1654 erit

431 1719 517 1766 ret
533 1730 545 1764 :
560 1710 766 1777 Quiatu
784 1708 916 1763 mihi
933 1708 1112 1762 dixisti
1136 1726 1147 1760 :
1167 1707 1243 1760 Tu
1259 1721 1318 1761 es
1330 1705 1578 1761 Christus
1594 1704 1759 1760 Filius
1773 1702 1869 1757 Dei
1884 1701 2013 1766 vivi,
2117 1693 2344 1749 solutum
2372 1702 2418 1746 et
2447 1693 2502 1746 in
2529 1691 2688 1746 caelis.
2715 1691 2844 1758 Quae
2859 1690 3100 1746 solvendi
3126 1704 3190 1744 ac
3210 1688 3412 1758 ligandi
3439 1697 3710 1758 potestas,

433 1810 489 1857 et
511 1815 610 1872 ego
632 1800 756 1854 dico
781 1798 875 1852 tibi
899 1813 1004 1853 non
1025 1811 1276 1852 sermone
1299 1811 1455 1851 casso
1477 1803 1532 1850 et
1553 1793 1759 1848 nullum
1783 1793 2017 1848 habente
2045 1858 2091 1872 _
2120 1785 2366 1856 quamvis
2394 1784 2492 1839 soli
2525 1783 2686 1838 Petro
2714 1784 2838 1838 data
2869 1781 3118 1837 videatur
3147 1796 3177 1834 a
3204 1779 3455 1846 Domino,
3499 1781 3713 1850 absque

433 1858 591 1960 opus,
615 1888 709 1944 sed
737 1889 858 1943 dico
886 1885 1006 1952 tibi,
1027 1886 1153 1955 quia
1185 1900 1362 1939 meum
1407 1883 1608 1938 dixisse
1657 1882 1850 1937 fecisse
1893 1889 2011 1935 est:
2045 1858 2093 1918 Β
2120 1877 2229 1932 ulla
2251 1886 2430 1931 tamen
2460 1875 2734 1931 dubietate
2761 1875 3090 1930 noscendum
3121 1880 3202 1927 est
3235 1872 3380 1942 quod
3405 1879 3462 1926 et
3491 1874 3714 1928 catteris

437 1982 575 2048 Quia
616 1990 673 2035 tu
713 1997 768 2036 es
798 1977 1010 2044 Petrus,
1059 1987 1107 2032 et
1153 1994 1310 2048 super
1331 1977 1466 2031 hanc
1503 1986 1706 2045 petram
1743 1974 2018 2044 wdiﬁcabo
2121 1967 2380 2039 apostolis
2409 1966 2588 2032 datur,
2619 1966 2735 2036 ipso
2756 1973 2914 2031 teste,
2945 1964 3036 2034 qui
3063 1973 3184 2034 post
3208 1963 3496 2033 passionis,
3525 1978 3717 2018 resur—

436 2073 729 2128 Ecclesiam
755 2089 944 2126 meam.
976 2069 1127 2127 Sicut
1154 2071 1267 2139 ipse
1289 2070 1468 2124 lumen
1495 2068 1756 2140 apostolis
1777 2067 2016 2133 donavit,
2120 2059 2484 2128 rectionisque
2517 2073 2628 2112 sua:
2661 2057 2993 2127 triumphum
3014 2069 3298 2126 apparens,
3320 2055 3400 2109 eis
3422 2053 3716 2109 insuﬁlavit

436 2175 496 2221 ut
524 2165 701 2219 lumen
731 2162 917 2218 mundi
967 2161 1324 2232 appellentur,
1357 2169 1658 2230 caeteraque
1685 2175 1754 2214 ex
1794 2159 2021 2214 Domino
2121 2158 2178 2206 et
2212 2149 2348 2206 dixit
2391 2148 2642 2203 omnibus
2673 2162 2687 2201 :
2721 2147 2950 2217 Accipite
2981 2144 3238 2216 Spiritum
3271 2153 3546 2210 sanctum;
3583 2162 3715 2215 quo-

435 2257 618 2315 σοι·ιίιί
642 2254 901 2312 vocabula
929 2261 1074 2318 sunt,
1113 2254 1186 2308 ita
1212 2260 1267 2308 et
1302 2251 1532 2317 Simoni,
1564 2252 1655 2320 qui
1682 2251 1940 2307 credebat
1965 2250 2021 2304 in
2121 2259 2238 2295 rum
2287 2241 2586 2296 remiseritis
2623 2249 2855 2310 peccata,
2900 2239 3359 2310 remillentur‘et's,
3393 2247 3440 2292 et
3483 2255 3718 2308 quorum

438 2357 648 2420 petram
674 2347 974 2411 Christum,
998 2344 1143 2399 Petri
1166 2343 1392 2416 largitus
1424 2352 1510 2398 est
1555 2357 1772 2396 nomen.
1806 2339 2020 2412 (Beda.)
2124 2333 2459 2397 retinueritis,
2491 2339 2690 2386 retenta
2733 2339 2854 2384 sunt
2885 2329 3066 2398 (Joan.
3100 2329 3216 2400 xx).
3242 2327 3352 2385 Nec
3391 2344 3499 2384 non
3539 2330 3715 2385 etiam

439 2435 520 2492 Ac
548 2436 843 2492 secundum
870 2434 1241 2503 metaphoram
1289 2440 1458 2502 petra;
1505 2440 1653 2487 recte
1700 2431 1900 2486 dicitur
1925 2431 1975 2486 ei
2005 2449 2018 2485 :
2125 2442 2268 2482 nunc
2312 2427 2367 2480 in
2405 2425 2670 2496 episcopis
2701 2438 2765 2478 ac
2801 2421 3131 2495 presbyteris
3161 2422 3410 2477 omnibus
3452 2422 3720 2478 Ecclesia:

441 2527 745 2597 zEdiﬁcabo
773 2526 1062 2580 Ecclesium
1091 2541 1261 2580 meam
1290 2539 1454 2594 super
1503 2532 1574 2590 te,
1605 2525 1731 2594 quia
1762 2523 1837 2578 illi
1878 2524 2024 2578 vide-
2123 2517 2356 2574 oﬁieium
2381 2517 2522 2572 idem
2555 2515 2931 2578 committitur,
2973 2522 3030 2568 ut
3055 2513 3308 2569 videlicet
3351 2514 3546 2584 agnitis
3583 2529 3716 2584 pec-

443 2617 569 2674 lieet
597 2619 750 2674 ﬁrma
782 2619 884 2673 hac
929 2616 1103 2672 tenaci
1129 2623 1310 2671 mente
1358 2615 1605 2680 adhaesit,
1634 2614 1699 2669 de
1733 2629 1840 2683 quo
1891 2613 2026 2668 scri-
2124 2607 2363 2664 cantium
2390 2606 2588 2669 causis,
2619 2620 2968 2675 quoscunque
2994 2603 3228 2660 humiles
3272 2619 3336 2659 ac
3364 2620 3487 2660 vere
3522 2607 3718 2674 paeni-

443 2719 592 2785 ptum
617 2719 737 2765 est:
767 2708 928 2764 Petra
954 2719 1128 2764 autem
1155 2717 1268 2763 erat
1307 2706 1548 2763 Christus
1578 2706 1629 2779 (ι
1676 2703 1800 2762 Cor.
1826 2705 1905 2774 ι).
1955 2706 2023 2761 Et
2125 2703 2300 2751 ῑθηῑθε
2319 2695 2608 2766 aspexerit.
2635 2695 2733 2750 hOS
2753 2694 2864 2765 iam
2907 2709 2939 2747 3
2965 2694 3156 2749 timore
3195 2701 3465 2764 perpetua!
3513 2695 3720 2748 mortis

441 2819 602 2874 super
621 2803 756 2857 hanc
783 2810 1006 2872 petram,
1039 2800 1093 2855 id
1116 2808 1219 2866 est,
1262 2815 1425 2870 super
1443 2800 1731 2854 Dominum
1775 2796 2024 2853 Salvato-
2125 2787 2391 2843 misel‘ans
2430 2785 2705 2851 absolvat;
2735 2799 2869 2854 quos
2897 2799 3024 2874 vero
3052 2785 3104 2839 in
3136 2785 3376 2855 peccatis
3419 2799 3540 2854 (111:2
3569 2798 3697 2874 iege

444 2873 582 2959 rem,
621 2894 712 2965 qui
763 2892 905 2948 ﬁdeli
955 2907 1053 2948 suo
1084 2891 1369 2963 cognitori,
1423 2889 1673 2955 amatori,
1709 2886 2026 2944 confessori
2128 2877 2238 2931 τίηῑ
2263 2876 2555 2946 Per-Siste"2
2577 2873 3056 2945 εοεηονθτίινίιιοε
3084 2875 3408 2965 immunibus
3428 2873 3726 2965 §PPPli§ii$

444 2962 791 3057 participium
817 2985 901 3039 sui
925 2962 1172 3038 nominis
1187 2981 1427 3047 donavit,
1455 2989 1514 3036 ut
1542 2980 1749 3036 scilicet
1802 2995 1833 3034 a
1875 2988 2027 3051 petra
2127 2966 2442 3038 obligandos
2465 2966 2718 3057 insinuet.
2741 2965 2898 3021 Omni
2927 2965 3088 3036 igitur
3107 2964 3401 3020 electorum
3429 2962 3716 3028 Ecclesiae,

443 3056 640 3133 Petrus
661 3085 964 3141 vocaretur,
990 3075 1290 3132 aediﬁcatur
1311 3074 1570 3139 Ecclesia,
1613 3073 1738 3144 quia
1769 3089 1874 3128 non
1923 3071 2025 3128 nisi

2135 3069 2188 3114 ut
2222 3059 2476 3122 diximus,
2501 3056 2652 3126 juxta
2683 3057 2900 3112 modum
2938 3057 3216 3126 culparum
3242 3057 3324 3111 vel
3356 3057 3717 3127 paenitentiae,

2055 3207 2100 3269 Ο
2131 3150 2330 3223 ligandi
2359 3165 2424 3205 ac
2452 3149 2691 3204 solvendi
2712 3150 2874 3203 datur
2898 3148 3214 3204 auctoritas.
3241 3146 3348 3203 Sed
3377 3148 3496 3202 ideo
3515 3149 3723 3203 beatus

2130 3242 2321 3269 πλε-...η
2399 3243 2486 3269 ,ηιξ
2526 3241 2797 3269 ρι-ζσιηνν-
2827 3242 2962 3269 In“...
2992 3241 3094 3269 ΩᾹΑ
3125 3239 3402 3269 ηηηθηρρ-ιι-
3454 3255 3583 3269 νηί-η
3629 3249 3720 3269 ΜΩ

447 3262 914 3312 sacramentorum
948 3254 1171 3320 Christi,
1201 3268 1300 3325 per
1325 3253 1726 3309 observantiam
1751 3252 2029 3308 mandato-
2055 3239 2100 3269 υ
2130 3242 2343 3309 Petrus,
2397 3243 2488 3312 (ἱυὶ
2525 3241 2799 3297 (Ἇπίδῑυῐῐι
2827 3242 2965 3296 bona
2991 3241 3095 3295 ﬁde
3124 3239 3427 3304 confessus,
3454 3255 3583 3294 vero
3628 3249 3726 3294 est

445 3361 570 3402 rum
605 3343 826 3410 Christi,
859 3345 926 3399 ad
952 3351 1153 3400 sortem
1192 3344 1488 3400 electorum
1517 3352 1574 3399 et
1599 3351 1857 3398 aeternam
1899 3359 2028 3414 per-
2132 3349 2317 3389 amore
2344 3342 2581 3398 secutus,
2631 3331 2936 3402 specialiter
2965 3331 3143 3387 claves
3179 3331 3330 3401 regni
3362 3329 3619 3386 caelorum
3658 3339 3726 3384 et

446 3435 672 3506 tingitur
692 3435 878 3500 vitam,
902 3434 1160 3504 Apostolo
1185 3441 1498 3500 attestante,
1529 3433 1621 3505 qui
1661 3433 1737 3488 ait
1762 3451 1774 3486 :
1804 3431 2028 3488 Funda-

2141 3425 2491 3496 prineipatum
2511 3421 2810 3490 iudiciaria:
2837 3421 3118 3491 potestatis
3163 3421 3390 3490 accepit,
3423 3428 3481 3474 ut
3519 3433 3723 3473 omnes

445 3535 678 3581 mentum
706 3526 842 3580 enim
873 3542 1021 3581 nemo
1042 3526 1190 3580 aliud
1211 3534 1374 3597 potest
1394 3542 1584 3597 ponere
1603 3534 1791 3596 prwter
1815 3526 1870 3580 id
1891 3525 2031 3597 quod
2132 3530 2228 3587 per
2245 3516 2432 3571 orbem
2477 3515 2760 3570 credentes
2790 3513 3110 3585 intelligant,
3141 3511 3288 3583 quod
3313 3511 3618 3582 quicunque
3644 3510 3728 3564 ab

445 3619 669 3690 positum
695 3627 791 3684 est,
817 3607 912 3688 qui
937 3626 1011 3672 est
1037 3615 1193 3672 Iesus
1223 3616 1462 3671 Christus
1491 3613 1544 3685 (Ι
1574 3613 1698 3669 Cor.
1728 3613 1832 3677 In).
2131 3608 2338 3662 unitate
2360 3606 2482 3662 ﬁdei
2508 3606 2592 3661 vel
2608 3605 2884 3662 societatis
2905 3604 3046 3660 illius
3067 3602 3307 3674 quolibet
3331 3601 3484 3657 modo
3504 3608 3725 3655 semet-

520 3708 588 3762 Et
634 3719 799 3779 porta:
827 3708 1020 3778 inferni
1061 3725 1165 3762 non
1208 3706 1558 3778 prtevalebunt
1603 3707 1850 3762 adversm
1891 3725 2028 3762 eam.
2132 3700 2278 3770 ipsos
2312 3707 2620 3770 segregant,
2661 3699 2795 3754 tales
2833 3713 2935 3753 nec
2961 3695 3192 3752 Vincuiis
3231 3702 3573 3766 peccatorum
3622 3693 3730 3746 3b-

446 3800 559 3869 Ego
583 3805 767 3869 portas
795 3796 990 3853 inferni
1018 3798 1144 3852 vitia
1171 3813 1296 3853 reor
1317 3806 1480 3867 atque
1501 3805 1746 3868 peccata,
1771 3798 1857 3852 vel
1884 3806 2031 3855 certe
2133 3794 2290 3860 solvi,
2334 3808 2434 3849 nec
2466 3790 2686 3862 januam
2739 3792 2948 3864 possint
2997 3791 3148 3863 regni
3197 3789 3434 3846 caelestis
3483 3789 3726 3859 ingredi.

447 3892 825 3947 haereticorum
859 3890 1154 3956 doctrinas,
1185 3905 1284 3960 per
1304 3906 1440 3960 quas
1463 3889 1629 3945 illecti
1663 3889 1911 3946 homines
1935 3891 2031 3944 du-
2133 3883 2402 3957 (Hierom)
2424 3884 2591 3940 Istum
2615 3893 2797 3939 tamen
2819 3883 2994 3939 locimi
3021 3882 3239 3953 quidam
3265 3881 3637 3951 episcoporum
3667 3888 3730 3933 et

445 3991 644 4038 cuntur
663 3982 732 4036 ad
754 3990 1037 4036 tartarum.
1061 3981 1231 4036 Nemo
1252 3981 1434 4050 itaque
1454 3989 1606 4050 putet
1626 3983 1692 4036 de
1709 3989 1882 4036 morte
1901 3981 2028 4048 diei,
2131 3974 2568 4046 presbyterorum
2599 3990 2706 4030 non
2731 3973 3111 4045 intelligentes,
3133 3971 3337 4041 aliquid
3358 3970 3462 4026 sibi
3489 3970 3554 4023 de
3580 3970 3733 4023 Pha—

446 4071 592 4142 quod
621 4071 852 4142 apostoli
877 4071 1172 4126 conditioni
1198 4071 1389 4126 mortis
1413 4070 1640 4141 subjecti
1671 4086 1778 4126 non
1809 4070 2030 4127 fuerint.
2131 4068 2411 4124 risrcorum
2436 4075 2722 4122 assumunt
2745 4065 3056 4134 supercilio,
3085 4072 3144 4118 ut
3174 4063 3260 4118 vel
3281 4063 3536 4118 damnent
3564 4061 3726 4116 inno-

446 4161 626 4222 Portze
664 4178 878 4234 quoque
921 4162 1103 4229 inferi,
1144 4171 1200 4218 et
1241 4171 1534 4229 tormenta,
1566 4172 1620 4219 et
1664 4162 2031 4218 blandimenta
2131 4165 2335 4223 centes,
2388 4156 2474 4212 vel
2522 4155 2731 4212 solvere
2777 4156 2968 4211 noxios
3008 4155 3374 4218 arbitrentur,
3405 4169 3530 4208 eum
3578 4153 3729 4222 apud

449 4264 576 4312 sunt
595 4263 1023 4326 persecutorum,
1048 4253 1433 4324 quasiuﬁrmos
1453 4269 1694 4324 quosque
1710 4253 2033 4309 deterrendo
2132 4254 2302 4308 Deum
2339 4266 2446 4306 non
2485 4251 2752 4306 sententia
2803 4249 3165 4314 sacerdotum,
3202 4246 3297 4302 sed
3340 4261 3555 4301 reorum
3610 4244 3729 4300 vita

449 4357 505 4404 et
525 4347 849 4404 cmolliendo
872 4362 902 4400 a
930 4346 1224 4403 stabilitate
1254 4345 1378 4400 ﬁdei
1404 4345 1682 4400 introitum
1713 4345 1794 4400 eis
1817 4351 2034 4402 aeterna:
2131 4355 2425 4417 quieratur.
2454 4346 2708 4418 Legimus
2735 4347 2788 4401 in
2829 4345 3071 4401 Levitico
3102 4345 3170 4400 de
3208 4342 3454 4413 leprosis,
3495 4342 3588 4395 ubi
3629 4341 3728 4410 ju-

451 4439 644 4496 mortis
672 4437 939 4508 aperiunt.
984 4437 1092 4493 Sed
1125 4446 1182 4492 et
1201 4453 1368 4509 prava
1409 4437 1704 4492 inﬁdelium
1730 4451 1898 4508 opera
1919 4437 2034 4492 ine-
2132 4440 2329 4494 bentur
2369 4447 2431 4494 ut
2475 4453 2535 4494 se
2571 4438 2858 4493 ostendant
2909 4436 3280 4492 sacerdotibus
3320 4444 3381 4490 ut
3419 4434 3464 4489 si
3514 4433 3732 4504 lepram

450 4540 653 4601 ptaquc
683 4528 947 4600 colloquia
982 4537 1152 4599 porta:
1176 4528 1362 4598 utique
1390 4536 1516 4584 sunt
1557 4526 1716 4583 inferi
1763 4528 1820 4582 in
1853 4543 2030 4598 quan—
2058 4555 2110 4616 Β
2135 4529 2441 4594 habuerint,
2468 4538 2596 4583 tunc
2616 4544 2650 4583 a
2683 4527 2964 4584 sacerdote
3000 4526 3258 4582 immundi
3290 4524 3444 4591 ﬁant,
3477 4539 3585 4578 non
3614 4540 3734 4594 quo

453 4628 568 4675 tum
591 4619 704 4674 suis
732 4619 817 4674 vel
854 4619 1190 4685 auctoribus,
1222 4619 1307 4674 vel
1329 4619 1670 4688 sequacibus,
1717 4618 1820 4674 iter
1845 4619 2030 4690 perdi-
2134 4622 2442 4677 sacerdotes
2477 4621 2720 4690 leprosos
2764 4619 2970 4677 faciant
3016 4628 3069 4676 et
3098 4620 3424 4684 immundos,
3472 4617 3568 4673 sed
3615 4634 3733 4686 quo

454 4707 617 4764 ιῖοηίε
645 4706 952 4762 οειειιάυηῑ·
980 4707 1116 4762 Nam
1153 4715 1210 4762 θι
1251 4707 1382 4775 ﬁdes
1407 4708 1516 4761 εὲηε
1543 4707 1781 4777 operibus
1823 4718 2033 4762 mortua
2133 4714 2368 4768 habeant
2415 4713 2662 4769 notitiam
2699 4713 2896 4784 leprosi
2933 4722 2989 4768 et
3035 4728 3142 4767 non
3188 4711 3404 4782 leprosi,
3432 4719 3488 4766 et
3513 4710 3736 4781 possint

451 4809 527 4856 est
552 4799 606 4853 in
629 4799 939 4869 semetipsa,
967 4807 1022 4852 et
1049 4805 1387 4869 corrumpunt
1407 4814 1575 4852 mores
1598 4797 1757 4853 bonos
1775 4799 2032 4871 colloquia
2133 4802 2444 4858 discernere
2477 4803 2567 4872 qui
2624 4803 2859 4858 mundus
2896 4811 2952 4857 et
2980 4803 3072 4872 qui
3101 4801 3410 4856 immundus
3444 4800 3534 4855 sit.
3575 4799 3728 4866 Quo-

454 4907 635 4960 prava.
671 4887 849 4943 Multa:
871 4889 1054 4960 itaque
1096 4896 1224 4944 sunt
1273 4897 1442 4958 portae
1495 4888 1676 4955 inferi,
1703 4890 1798 4945 sed
1839 4890 2030 4945 harum
2133 4894 2295 4949 modo
2331 4909 2462 4966 ergo
2498 4894 2570 4949 ibi
2603 4893 2877 4964 leprosum
2919 4892 3172 4949 sacerdos
3205 4890 3544 4946 immundum
3571 4888 3727 4952 facit,

453 4980 599 5036 nulla
628 4979 901 5045 Ecclesiae,
925 4995 1044 5050 quae
1067 4994 1230 5051 super
1253 4987 1461 5050 petram
1486 4979 1710 5035 fundata
1760 4989 2030 5050 est,,prae-
2136 4986 2214 5040 sic
2250 4995 2304 5040 et
2341 4985 2428 5040 hic
2465 4984 2652 5054 alligat
2680 4983 2767 5038 vel
2807 4982 2966 5040 solvit
2997 4983 3282 5052 episcopus
3323 4988 3380 5036 et
3409 4979 3730 5051 presbyter,

453 5071 624 5137 valet;
671 5071 798 5141 quia
835 5070 927 5142 qui
968 5069 1127 5124 ﬁdem
1174 5069 1372 5125 Christi
1412 5071 1602 5125 intimo
1622 5070 1803 5126 cordis
1846 5087 2032 5127 amore
2136 5091 2242 5130 non
2269 5089 2364 5129 eos
2403 5075 2494 5144 qui
2519 5074 2764 5129 insontes
2785 5083 2912 5130 sunt
2933 5073 3016 5128 vel
3054 5073 3284 5139 innoxii,
3309 5072 3403 5127 sed
3427 5087 3526 5141 pro
3548 5070 3731 5126 cilicio

453 5162 774 5233 perceperit,
813 5177 973 5217 omne
997 5161 1258 5232 quidquid
1278 5161 1518 5216 eXlel'iUS
1548 5159 1772 5231 periculi
1819 5168 2032 5216 lentan—
2136 5183 2236 5222 suo
2261 5181 2382 5220 cum
2409 5174 2755 5236 peccatorum
2783 5166 3014 5221 audierit
3046 5165 3354 5231 varietates,
3396 5165 3501 5220 scit
3527 5165 3620 5233 qui
3655 5165 3728 5219 li-

455 5255 524 5310 tis
549 5255 835 5325 ingruerit,
864 5254 1118 5309 facillime
1140 5253 1457 5309 contemnit.
1482 5253 1550 5307 At
1587 5253 1893 5322 quicunque
1912 5266 2032 5307 crc—
2137 5257 2344 5327 gandus
2372 5257 2462 5321 sit,
2490 5256 2582 5326 qui
2612 5255 2920 5311 solvendus.

453 5345 696 5400 dentium
726 5345 884 5400 ﬁdem
916 5345 1001 5400 vel
1037 5360 1201 5415 opere
1245 5344 1330 5398 vel
1374 5344 1660 5414 negatione
1710 5342 2033 5412 depravatus
2212 5346 2355 5401 Tunc
2402 5348 2644 5418 prazcepit
2687 5347 2956 5418 discipulis
2995 5348 3130 5412 suis,
3162 5357 3217 5400 ut
3249 5347 3441 5401 nem-ini
3469 5347 3723 5410 dicerent,

453 5433 709 5506 prodidit,
733 5451 840 5491 non
873 5437 961 5491 hic
982 5451 1145 5506 super
1174 5443 1404 5505 petram,
1434 5435 1658 5491 Domino
1687 5442 2029 5504 cooperante,
2137 5440 2262 5511 quia
2287 5439 2395 5509 ipse
2414 5448 2542 5492 esset
2573 5438 2727 5493 Jesus
2753 5438 3013 5493 Christus.
3043 5437 3270 5509 (ΜΑυιι.)
3300 5436 3474 5508 Supra
3505 5439 3726 5493 mittens

453 5529 672 5583 domum
701 5544 812 5584 suae
849 5529 1204 5598 professionis
1231 5528 1554 5593 aediﬁcasse,
1578 5529 1671 5584 sed
1693 5527 1850 5599 juxta
1901 5527 2034 5582 alte-
2139 5528 2433 5596 discipulos
2462 5543 2588 5583 suos
2618 5529 2684 5582 ad
2709 5529 3113 5598 praedicandum
3137 5527 3378 5597 jusserat
3403 5529 3507 5594 eis,
3541 5536 3602 5582 ut
3625 5544 3724 5582 an-

457 5620 570 5675 rius
591 5620 693 5676 loci
717 5620 1050 5690 parabolam,
1083 5634 1248 5690 super
1274 5635 1492 5675 arenam
1535 5618 1654 5674 sine
1683 5617 2032 5674 fundamento
2139 5620 2452 5674 nuntiarent
2481 5620 2769 5674 adventum
2793 5636 2969 5684 suum,
3012 5619 3104 5673 hic
3140 5619 3394 5688 princepit
3432 5634 3502 5673 ne
3542 5620 3730 5674 dicant

457 5712 702 5780 posuisse
726 5712 1027 5767 credendus
1053 5719 1136 5766 est
1162 5711 1376 5782 (Matth.
1421 5710 1518 5783 vn)
1560 5730 1572 5765 :
1615 5710 1720 5765 hoc
1767 5718 1868 5777 cst,
1923 5725 2029 5765 non
2138 5723 2258 5764 esse
2283 5707 2490 5763 Jesum.
2523 5708 2648 5763 lllibi
2670 5709 2882 5763 videtur
2908 5709 3053 5764 aliud
3078 5725 3198 5765 esse
3227 5708 3503 5764 Christum
3530 5710 3731 5778 praedi-

458 5800 690 5870 simplici
719 5817 780 5858 ae
806 5818 929 5858 vera
959 5803 1249 5858 intentione
1290 5803 1561 5859 Christum
1603 5803 1777 5885 sequi,
1806 5801 1900 5859 sed
1924 5810 2030 5858 ter-
2139 5817 2281 5869 care,
2321 5801 2464 5858 aliud
2505 5801 2686 5858 Jcsum
2725 5799 3020 5858 Christum.
3050 5801 3298 5859 Christus
3329 5816 3618 5858 commune
3643 5798 3728 5856 di-
