3998 6188
303 267 400 326 995

1316 265 1667 323 COMMENT.
1706 263 1772 320 lN
1812 261 2250 319 MATTHIEUM.
2283 293 2352 303 —
2390 263 2518 319 LIB.
2559 262 2626 318 ν.

3446 261 3552 323 994

269 454 275 459 ⁸
302 378 515 452 gnitatis
536 386 621 435 est
642 395 856 448 nomen,
889 378 1046 435 .lesus
1066 379 1341 450 proprium
1379 379 1702 434 vocabulum
1745 376 1868 432 Sal-
1897 379 1952 439 Α
1973 383 2077 430 rat.
2109 375 2354 432 Prudens
2378 376 2550 433 lector
2573 377 2829 448 inquirat,
2877 376 3144 448 quomodo
3176 384 3298 448 post
3345 385 3552 434 tantam

300 470 516 527 vatoris.
531 467 720 528 Potest
744 480 922 527 autem
949 471 1088 537 ﬁeri,
1117 481 1174 526 ut
1196 471 1395 526 idcirco
1417 480 1542 526 ante
1571 471 1870 546 passionem

300 578 448 619 suam
494 570 549 618 et
595 563 1043 618 resurrectionem
1086 578 1144 618 se
1191 563 1423 618 noluerit
1463 562 1766 632 praedicari,
1812 569 1874 616 ut

299 651 562 723 completo
596 661 785 723 postea
826 653 1104 725 sanguinis
1145 663 1487 709 sacramento
1516 653 1874 724 opportunius

300 744 550 816 apostolis
576 745 779 802 diceret
802 760 817 798 :
851 745 1046 800 Euntes
1075 744 1252 800 docete
1278 762 1456 800 omnes
1480 754 1677 816 gentes,
1706 752 1762 800 et
1789 757 1874 798 re-

301 836 456 907 liqua.
488 835 641 904 Quod
669 852 736 892 ne
762 837 883 906 quis
905 843 1058 905 putet
1087 844 1284 891 nostra:
1321 850 1442 891 esse
1478 844 1684 890 tantum
1714 832 1873 888 intel-

301 930 547 1001 ligentiae,
570 939 623 983 et
653 944 760 983 non
783 943 975 983 sensus
1022 927 1352 998 Evangelici,
1389 942 1508 996 quae
1549 935 1873 995 sequuntur,

300 1035 487 1076 causas
516 1019 800 1090 prohibita:
840 1027 950 1072 tum
978 1017 1374 1086 praedicationis
1404 1024 1697 1085 exponunt.

365 1104 500 1182 [11].]
532 1109 740 1163 Exinde
768 1109 917 1180 erepit
938 1107 1094 1163 Iesus
1131 1106 1398 1162 ostendere
1427 1105 1694 1177 discipulis
1724 1105 1833 1160 suis
1856 1147 1871 1170 ,

297 1203 415 1271 quia
443 1207 639 1271 oportet
668 1215 785 1254 eum
820 1200 897 1253 ire
929 1197 1366 1268 Hierosolymam,
1416 1207 1466 1251 et
1494 1196 1662 1250 multa
1703 1198 1814 1267 pati
1843 1214 1877 1251 a

297 1290 605 1355 senioribus,
637 1289 957 1360 principibus
985 1288 1338 1353 sacerdotum,
1381 1296 1428 1342 et
1458 1287 1664 1353 scribis,
1694 1297 1741 1341 et
1792 1304 1878 1342 oc-

296 1379 418 1444 cidi,
443 1387 490 1431 et
519 1379 674 1432 tertia
710 1378 794 1432 die
815 1395 1099 1448 resurgere.
1123 1377 1218 1432 Est
1241 1385 1423 1433 autem
1453 1392 1648 1432 sensus
1679 1392 1693 1430 :
1725 1377 1878 1432 Tunc

295 1483 380 1522 me
401 1468 709 1538 prmdicate,
749 1484 872 1524 cum
907 1470 1006 1524 ista
1037 1485 1230 1539 passus
1256 1468 1428 1534 fuero,
1456 1469 1581 1539 quia
1615 1485 1720 1525 non
1751 1486 1878 1540 pro-

297 1559 416 1613 dest
442 1557 717 1614 Cbristum
747 1559 960 1629 publice
985 1559 1302 1630 praedicare,
1328 1569 1382 1614 et
1405 1557 1522 1626 ejus
1572 1559 1792 1629 vulgare
1822 1559 1877 1615 in

296 1647 512 1719 populis
539 1647 902 1718 majestatem,
927 1664 1087 1718 quem
1109 1658 1231 1720 post
1252 1648 1526 1719 paululum
1555 1649 1877 1722 ﬂagellatum

1975 465 2362 523 beatitudinem
2407 485 2421 523 :
2454 467 2649 524 Beatus
2688 486 2742 524 es
2762 511 2776 537 ,
2806 468 2989 525 Simon
3019 468 3256 539 Barjona
3273 485 3292 534 ;
3314 476 3371 523 et
3393 467 3472 523 Tu
3499 487 3555 526 es

1974 552 2166 609 Petrus
2189 595 2205 622 ,
2254 565 2304 609 et
2341 572 2499 627 super
2529 557 2664 612 hanc
2700 567 2904 628 petram
2951 557 3222 626 aediﬁcabo
3263 555 3556 611 Ecclesium

1973 660 2163 709 meam,
2188 652 2236 697 et
2258 654 2422 714 porta:
2437 646 2632 714 inferni
2654 663 2757 701 non
2775 645 3127 718 praevalebunt
3141 646 3388 700 adversus
3405 662 3521 702 eam
3539 661 3559 711 ;

1974 739 2050 796 et,
2081 731 2193 786 Tibi
2219 732 2354 787 dabo
2381 732 2550 789 claves
2580 736 2724 805 regni
2747 735 3027 802 caelorum,
3063 746 3111 790 et
3139 737 3278 806 quod
3317 736 3560 807 ligaveris

1973 837 2131 890 super
2169 831 2396 889 terram,
2430 833 2478 878 et
2507 824 2739 888 solveris,
2773 828 2869 880 erit
2891 825 3110 896 ligatum
3153 836 3202 880 et
3228 826 3458 882 solutum
3507 821 3562 876 ἱη

1978 910 2108 966 caelo
2134 925 2151 963 :
2181 911 2336 968 Nunc
2358 923 2540 970 autem
2585 913 2729 971 Vade
2757 925 2894 970 retro
2924 934 3026 982 me,
3077 916 3300 983 Satana,
3331 915 3560 971 scanda-

1975 999 2085 1054 lum
2129 1002 2257 1056 mihi
2291 1020 2378 1070 es;
2414 1014 2510 1060 aut
2546 1021 2665 1076 qua:
2703 1007 2775 1061 sit
2804 1015 2912 1060 tam
2945 1006 3222 1077 repentina
3254 1008 3558 1074 conversio,

1975 1098 2036 1145 ut
2056 1099 2177 1161 post
2198 1100 2348 1148 tanta
2366 1096 2588 1164 praemia
2615 1096 2844 1152 Satanas
2869 1105 3015 1153 retro
3045 1098 3273 1152 dicatur.
3305 1097 3412 1155 Sed
3430 1115 3561 1154 con-

1976 1179 2179 1236 sideret
2212 1181 2306 1252 qui
2331 1183 2434 1238 hoc
2461 1184 2674 1254 quaerit,
2709 1185 2856 1240 illam
2885 1187 3314 1242 benedictionem
3343 1202 3408 1242 ac
3433 1189 3564 1244 bea-

1977 1273 2295 1342 titudinem,
2341 1292 2405 1332 ac
2439 1286 2758 1348 potestatem
2785 1321 2799 1345 ,
2843 1291 2899 1337 et
2945 1281 3357 1338 aediﬁcationem
3399 1299 3561 1353 super

1977 1379 2099 1419 eum
2135 1365 2390 1422 Ecclesiae
2418 1368 2473 1422 in
2514 1369 2694 1424 futuro
2713 1371 3058 1440 promissam,
3087 1387 3194 1427 non
3220 1372 3275 1426 in
3307 1374 3559 1442 praesenti

1977 1457 2190 1523 datam;
2241 1457 2580 1528 AEdiﬁcabo,
2626 1461 2820 1531 inquit,
2865 1479 3021 1532 super
3061 1473 3110 1518 te
3155 1463 3467 1530 Ecclesium,
3512 1474 3562 1520 et

1977 1556 2142 1619 porta:
2172 1549 2367 1620 inferni
2401 1567 2504 1607 non
2545 1552 2896 1622 praeualebunt
2937 1555 3188 1610 adversus
3218 1573 3354 1621 eam,
3389 1567 3437 1611 et
3468 1557 3562 1611 tibi
3609 1585 3614 1592 -

1978 1639 2115 1694 dabo
2160 1640 2328 1696 claves
2371 1644 2516 1713 regni
2557 1643 2822 1698 caelorum.
2863 1643 3056 1700 Omnia
3088 1646 3154 1701 de
3181 1645 3363 1702 futuro
3397 1666 3408 1701 :
3443 1663 3564 1717 quae

300 1741 470 1796 visuri
495 1741 604 1797 sint
637 1749 691 1796 et
719 1740 1056 1796 cruciﬁxum.
1087 1739 1256 1794 Multa
1281 1742 1391 1811 pati
1423 1760 1454 1796 a
1485 1742 1794 1805 senioribus,
1828 1749 1876 1794 et
1905 1733 1952 1792 Β
1979 1729 2025 1783 Si
2055 1730 2239 1784 statim
2271 1731 2510 1788 dedisse!
2535 1734 2608 1799 εἰ»
2640 1749 2916 1803 nunquam
2957 1736 3011 1790 ίη
3037 1750 3103 1790 eo
3129 1752 3310 1806 Nam
3351 1738 3559 1794 confes-

293 1833 521 1896 scribis,
562 1841 611 1886 et
660 1832 982 1903 principibus
1026 1833 1374 1887 sacerdotum.
1418 1834 1485 1887 Et
1537 1850 1678 1888 nunc
1721 1833 1880 1888 Jesus

291 1922 463 1976 multa
494 1921 698 1992 patitur
722 1922 790 1976 ab
818 1923 902 1978 bis
929 1922 1019 1992 qui
1059 1937 1273 1977 rursum
1308 1923 1409 1977 sibi
1436 1922 1760 1994 cruciﬁgunt
1785 1922 1877 1976 Fi-

289 2008 427 2064 lium
459 2009 812 2064 Dei.'Etcum
855 2011 1097 2065 seniores
1117 2018 1373 2081 putentur
1416 2011 1469 2064 in
1520 2011 1781 2076 Ecclesia,
1824 2020 1880 2066 et

293 2102 574 2172 principes
617 2102 991 2168 sacerdotum,
1050 2102 1348 2172 simplicem
1394 2111 1681 2172 sequentes
1729 2103 1878 2158 litte-

295 2208 440 2257 ram,
487 2192 742 2248 occidunt
772 2191 967 2246 Filium
1016 2191 1142 2257 Dei,
1185 2193 1309 2262 quia
1355 2201 1522 2248 totum
1558 2194 1790 2249 sentitur
1826 2195 1879 2249 in

295 2282 525 2352 Spiritu.

371 2372 442 2426 Et
472 2389 743 2429 assumens
764 2391 882 2430 eum
905 2375 1096 2429 Petrus
1117 2377 1262 2447 erupit
1289 2377 1559 2446 increpare
1598 2376 1768 2441 illum,
1799 2377 1882 2431 di-

292 2479 419 2517 cens
446 2477 465 2515 .·
495 2463 642 2518 Absit
667 2483 699 2519 a
727 2475 796 2531 te,
827 2465 1068 2529 Domine,
1101 2483 1205 2520 non
1232 2467 1328 2520 erit
1358 2467 1451 2520 tibi
1479 2467 1594 2520 hoc.
1626 2465 1729 2533 Qui
1757 2484 1882 2522 con-

289 2569 475 2609 uersus
497 2555 630 2610 dixit
651 2555 811 2610 Petro
837 2573 854 2610 :
888 2555 1031 2610 Vade
1051 2566 1164 2627 post
1190 2573 1288 2622 me,
1314 2556 1550 2624 Satana;
1571 2559 1881 2614 scandalum

294 2663 350 2699 es
376 2647 530 2714 mihi,
577 2649 702 2718 quia
730 2665 832 2702 non
854 2648 996 2719 sapis
1019 2666 1080 2702 ea
1108 2665 1226 2720 qua:
1252 2649 1350 2704 Dei
1379 2660 1520 2716 sunt,
1553 2651 1644 2705 sed
1669 2667 1731 2706 ea
1763 2668 1881 2722 qua:

287 2737 583 2792 hominum.
629 2737 784 2809 Saepe
829 2740 1064 2795 diximus
1117 2740 1269 2795 nimii
1308 2743 1520 2798 ardoris
1573 2744 1882 2814 amorisque

288 2841 461 2896 quam
487 2826 708 2882 maximi
733 2826 898 2883 fuisse
941 2827 1159 2884 Petrum
1215 2831 1269 2884 in
1307 2829 1594 2886 Dominum
1639 2831 1884 2890 Salvato-

287 2933 433 2973 rem.
468 2918 602 2985 Quia
625 2935 754 2990 ergo
779 2929 900 2989 post
920 2919 1316 2977 confessionem
1345 2938 1496 2977 suam
1519 2965 1534 2990 ,
1573 2941 1678 2994 qua
1726 2926 1882 2982 dixe-

285 3017 378 3062 rat
415 3027 428 3061 :
467 3007 544 3062 Tu
572 3026 625 3063 es
678 3007 918 3064 Christus
965 3009 1138 3066 Filius
1181 3011 1280 3066 Dei
1322 3013 1455 3078 vivi;
1504 3023 1559 3069 et
1598 3017 1880 3086 praemium

1981 1819 2148 1874 sionis
2171 1835 2326 1875 error
2349 1821 2620 1877 inveniret
2641 1823 2840 1878 locum.

2055 1908 2201 1964 Tunc
2227 1910 2384 1966 Iesus
2407 1913 2540 1967 dixit
2580 1914 2853 1984 discipulis
2879 1916 2987 1970 suis
3024 1929 3043 1968 :
3075 1915 3135 1972 Si
3164 1920 3279 1988 quis
3308 1917 3416 1972 vult
3447 1930 3562 1989 post

1979 2016 2060 2054 me
2086 2003 2282 2068 venire,
2311 2004 2524 2074 abneget
2552 2007 2904 2078 semetipsum.
2937 2006 3118 2080 (ΗΑΒ.)
3150 2009 3441 2078 Postquam
3483 2011 3565 2065 di-

1980 2084 2202 2165 scipulis
2251 2096 2568 2165 mysterium
2614 2112 2725 2152 sua:
2767 2098 3036 2168 passionis
3065 2107 3120 2154 et
3145 2101 3566 2158 resurrectionis

1980 2186 2238 2252 ostendit,
2282 2187 2533 2242 hortatur
2573 2204 2669 2244 eos
2710 2190 2780 2244 ad
2804 2192 3137 2261 sequendum
3161 2196 3271 2247 sua:
3298 2194 3568 2262 passionis

1979 2278 2303 2348 exemplum.
2347 2279 2414 2334 Et
2456 2281 2708 2336 omnibus
2738 2282 2954 2351 quidem
2974 2291 3196 2354 propter
3231 2297 3291 2339 se
3335 2284 3563 2340 tribula-

1983 2371 2186 2426 tionem
2216 2371 2488 2440 perpessis
2515 2371 2745 2427 salutem
2775 2373 2828 2428 in
2858 2371 3040 2428 futuro
3064 2373 3330 2443 promittit
3357 2374 3568 2430 anima-

1983 2479 2131 2529 rum;
2173 2478 2281 2518 non
2319 2472 2496 2520 tamen
2539 2465 2824 2533 omnibus,
2881 2480 3068 2521 verum
3109 2465 3566 2537 perfectioribus,

1985 2561 2186 2625 quanta
2209 2555 2323 2625 ipse
2345 2570 2605 2625 passurus
2627 2565 2684 2612 et
2711 2559 2856 2628 quod
2877 2573 2910 2612 a
2929 2559 3158 2638 mortuis
3183 2568 3328 2615 esset
3377 2575 3566 2616 resur-

1981 2652 2231 2701 recturus
2272 2647 2503 2716 aperuit.
2557 2647 2619 2702 Si
2648 2650 2765 2719 quis
2789 2650 2914 2716 vult,
2943 2651 3136 2722 inquit,
3159 2661 3273 2722 post
3299 2669 3380 2706 me
3399 2653 3566 2725 sequi,

1981 2734 2196 2806 deneget
2221 2737 2469 2807 seipsum.
2503 2734 2706 2809 (Greg.)
2741 2738 2894 2794 Tunc
2914 2748 3094 2795 autem
3138 2754 3236 2795 nos
3276 2740 3422 2811 ipsos
3472 2741 3568 2797 ab-

1981 2842 2269 2898 negamus,
2301 2844 2425 2884 cum
2455 2829 2688 2884 vitamus
2707 2831 2848 2899 quod
2871 2846 2969 2901 per
2991 2838 3318 2886 vetustatem
3344 2831 3566 2897 fuimus,

1981 2927 2038 2975 et
2059 2922 2129 2976 ad
2155 2920 2260 2976 hoc
2282 2921 2510 2976 nitimur
2528 2937 2634 2992 quo
2661 2937 2760 2992 per
2786 2923 3080 2978 novitatem
3127 2938 3401 2978 vocamur.
3431 2921 3571 2977 Pen-

1983 3025 2165 3067 semus
2188 3012 2458 3081 quomodo
2480 3028 2540 3068 se
2562 3012 2760 3069 Paulus
2785 3015 3166 3085 abnegaverat,
3193 3015 3283 3083 qui
3311 3013 3526 3070 dicebat
3550 3031 3566 3068 :

289 3099 594 3154 Salvatoris
617 3101 760 3169 quod
785 3102 1063 3156 audierat:
1087 3101 1286 3157 Beatus
1307 3120 1384 3171 es,
1413 3102 1594 3159 Simon
1609 3085 1876 3177 rBarjona,
1906 3085 1952 3147 (ἶ
1992 3101 2116 3157 Vivo
2137 3111 2311 3157 autem
2333 3103 2451 3173 jam
2475 3121 2578 3158 non
2605 3121 2696 3176 ego
2725 3103 2867 3176 (Gal.
2895 3106 2958 3177 ιι)
2989 3124 3002 3159 :
3029 3105 3328 3161 exstinctus
3369 3105 3568 3176 quippe

189 3246 200 3257 ,
282 3186 418 3263 quia
473 3208 597 3246 caro
642 3203 690 3246 et
720 3194 934 3263 sanguis
978 3210 1081 3248 non
1128 3194 1368 3249 reuelauit
1416 3196 1530 3261 tibi,
1573 3197 1664 3250 sed
1718 3196 1878 3253 Pater

282 3297 438 3335 meus
472 3281 562 3350 qui
585 3281 639 3335 in
671 3280 812 3336 caelis
833 3291 928 3348 est,
979 3293 1200 3354 repente
1227 3285 1374 3339 audit
1404 3301 1436 3340 a
1461 3285 1691 3342 Domino
1713 3303 1876 3359 opor-

282 3379 406 3428 tere
441 3371 520 3426 ire
542 3370 988 3444 Hierosolymam,
1033 3375 1213 3444 ibique
1250 3376 1416 3430 multa
1462 3377 1573 3446 pati
1595 3392 1626 3432 a
1655 3379 1879 3433 seniori-

283 3463 408 3530 bus,
442 3471 498 3518 et
527 3464 740 3530 scribis,
762 3473 816 3518 et
843 3465 1176 3535 principibus
1205 3468 1572 3531 sacerdotum,
1602 3475 1658 3522 et
1682 3469 1875 3535 occidi,

280 3563 338 3608 et
366 3555 535 3610 tertio
561 3555 647 3610 die
672 3569 978 3626 resurgere.
1013 3555 1128 3611 Non
1182 3556 1295 3612 vult
1323 3557 1531 3612 destrui
1577 3557 1875 3616 confessio-

281 3661 413 3700 nem
439 3661 614 3710 suam,
639 3662 740 3701 nec
766 3654 920 3716 putat
947 3647 1062 3703 ﬁeri
1083 3663 1262 3720 posse,
1303 3657 1362 3704 ut
1407 3650 1504 3705 Dei
1526 3649 1696 3706 Filius
1735 3652 1879 3706 occi-

281 3737 474 3790 datur.
521 3736 762 3792 Assumit
810 3739 994 3808 itaque
1031 3754 1154 3794 eum
1185 3739 1239 3794 in
1277 3739 1529 3795 aﬁ‘ectum
1568 3755 1746 3804 suum,
1792 3740 1880 3796 vel

280 3827 585 3897 separatim
610 3827 776 3893 ducit,
806 3844 874 3884 ne
901 3829 1258 3898 praesentibus
1297 3831 1509 3885 caeteris
1541 3829 1880 3900 condiscipu-

281 3919 350 3974 lis
381 3921 707 3991 magistrum
732 3922 980 3977 videatur
1023 3936 1267 3992 arguere,
1293 3931 1348 3975 et
1394 3923 1562 3992 coepit
1599 3923 1880 3992 increpare

281 4008 444 4063 illum
470 4011 704 4065 amantis
732 4010 950 4076 affectu,
979 4019 1032 4066 et
1052 4011 1292 4081 optantis
1314 4013 1495 4068 dicere
1520 4030 1533 4066 :
1567 4012 1714 4068 Absit
1744 4031 1777 4067 a
1804 4022 1877 4080 te,

281 4099 551 4166 Domine;
581 4101 666 4158 vel
684 4111 754 4179 .ut
781 4102 977 4158 melius
1003 4102 1235 4158 habetur
1262 4103 1316 4158 in
1347 4103 1536 4160 Graeco
1567 4124 1581 4160 :
1612 4105 1878 4177 Propitius

280 4202 397 4246 esto
424 4192 536 4257 tibi,
566 4192 810 4260 Domine,
843 4211 946 4248 non
967 4195 1066 4248 erit
1096 4195 1258 4261 istud,
1293 4195 1348 4250 id
1386 4202 1488 4262 est,
1533 4211 1642 4250 non
1679 4204 1876 4266 potest,

281 4297 390 4338 nec
428 4282 697 4352 recipiunt
742 4299 902 4340 aures
938 4299 1104 4351 meai,
1128 4292 1188 4340 ut
1223 4285 1320 4340 Dei
1349 4284 1517 4340 Filius
1554 4285 1880 4343 occidendus

281 4375 379 4432 sit.
420 4373 505 4430 Ad
534 4391 695 4445 quem
730 4375 992 4431 Dominus
1023 4391 1321 4432 conversus
1359 4377 1436 4432 ait
1485 4394 1499 4432 :
1559 4376 1705 4432 Vade
1740 4388 1877 4432 retro

281 4477 403 4538 post
427 4485 529 4533 me,
558 4466 782 4533 Satana,
816 4467 1124 4522 scandalum
1166 4468 1296 4522 mihi
1338 4484 1412 4523 es.
1453 4466 1686 4525 Satanas
1715 4469 1883 4524 inter-

283 4570 545 4633 pretatur
567 4560 932 4626 adversarius,
958 4561 1074 4615 sive
1091 4560 1416 4626 contrarius,
1441 4559 1566 4630 quia
1587 4560 1880 4626 contraria,

285 4652 511 4724 inquit,
558 4651 800 4722 loqueris
844 4650 1107 4705 voluntati
1150 4665 1304 4716 mete,
1331 4650 1493 4706 debes
1542 4650 1884 4706 adversarius

283 4741 572 4812 appellari.
599 4739 747 4794 Multi
770 4748 966 4810 putant
990 4739 1132 4809 quod
1153 4755 1258 4796 non
1274 4739 1468 4795 Petrus
1489 4748 1772 4810 correptus
1790 4740 1879 4805 sit,

283 4833 388 4888 sed
431 4832 778 4888 adversarius
817 4832 1071 4901 spiritus,
1116 4831 1208 4900 qui
1245 4831 1362 4886 haec
1412 4832 1593 4887 dicere
1642 4831 1884 4902 apostolo

283 4925 638 4997 suggerebat.
692 4924 798 4980 Sed
838 4924 972 4979 mihi
1003 4938 1158 4979 error
1205 4922 1531 4993 apostolicus
1565 4937 1630 4976 ex
1669 4923 1885 4994 pietatis

287 5017 497 5072 all'ectu
524 5016 771 5083 veniens,
799 5031 1074 5086 nunquam
1106 5014 1437 5071 incentivum
1477 5014 1748 5070 videbitur
1772 5015 1887 5070 dia-

287 5107 429 5164 boli.
456 5107 606 5163 Vade
621 5116 789 5173 retro,
811 5107 1044 5172 Satana;
1071 5105 1284 5162 diabolo
1305 5105 1501 5160 dicitur
1520 5119 1535 5158 :
1559 5103 1704 5158 Vade
1726 5114 1882 5158 retro.

287 5197 492 5254 Petrus
517 5198 704 5253 audit:
737 5196 883 5252 Vade
908 5205 1044 5251 retro
1069 5212 1170 5261 me,
1203 5195 1256 5249 id
1283 5203 1387 5260 est,
1413 5208 1639 5263 sequere
1662 5203 1884 5249 senten-

288 5291 431 5346 tiam
457 5305 655 5355 meam,
687 5289 812 5360 quia
840 5305 942 5342 non
963 5288 1100 5358 sapis
1129 5303 1190 5340 ea
1209 5303 1326 5357 quae
1356 5285 1451 5340 Dei
1478 5294 1622 5350 sunt,
1649 5285 1740 5339 sed
1766 5301 1884 5356 qua:

286 5385 586 5438 hominum.
619 5381 748 5436 Mea:
789 5381 1081 5436 voluntatis
1102 5387 1186 5435 est
1230 5387 1284 5434 et
1322 5378 1524 5444 Patris,
1557 5376 1713 5446 cujus
1759 5378 1884 5432 veni

287 5475 482 5531 facere
528 5473 875 5536 voluntatem,
915 5479 975 5524 ut
999 5486 1098 5541 pro
1142 5469 1416 5525 hominum
1447 5468 1621 5524 salute
1659 5467 1882 5522 moriar.

290 5564 384 5621 Tu
407 5574 553 5622 tuam
581 5572 791 5620 tantum
822 5563 1140 5619 desiderans
1167 5561 1502 5617 voluntatem
1527 5576 1633 5614 non
1658 5560 1740 5615 vis
1763 5575 1885 5628 gra-

267 5704 272 5708 .
295 5673 430 5715 num
463 5657 628 5715 tritici
649 5656 704 5713 in
732 5664 934 5713 terram
955 5655 1169 5723 cadere,
1196 5661 1256 5710 ut
1281 5653 1478 5710 multos
1507 5649 1720 5708 fructus
1754 5649 1884 5707 atl‘e-

1980 3191 2157 3248 t‘uerat
2187 3208 2362 3249 saevus
2381 3192 2470 3247 ille
2498 3203 2837 3264 persecutor,
2867 3204 2921 3250 et
2955 3196 3134 3250 vivere
3160 3195 3325 3265 coepit
3376 3196 3572 3265 praedi-

1979 3292 2132 3338 cator
2176 3285 2319 3354 pius.
2374 3283 2434 3340 Si
2474 3285 2619 3340 enim
2661 3287 2775 3357 ipse
2815 3294 2981 3352 esset,
3026 3287 3146 3357 pius
3186 3285 3427 3356 profecto
3463 3303 3570 3343 non

1977 3383 2148 3440 esset;
2167 3375 2260 3430 sed
2286 3376 2380 3445 qui
2403 3391 2461 3432 se
2485 3376 2669 3432 vivere
2693 3378 2942 3449 denegat,
2969 3377 3116 3432 dicat
3140 3377 3290 3432 unde
3317 3384 3409 3431 est
3428 3374 3573 3446 quod

1979 3476 2166 3523 sancta
2195 3469 2364 3523 verba
2388 3483 2486 3538 per
2514 3468 2817 3525 doctrinam
2841 3470 3089 3526 veritatis
3138 3469 3357 3525 clamat.
3395 3468 3576 3525 Proti«

1976 3574 2080 3614 nus
2108 3559 2290 3614 subdit
2317 3577 2329 3613 :
2377 3558 2507 3614 Vivit
2534 3577 2652 3615 vero
2673 3562 2728 3615 in
2759 3578 2842 3615 me
2870 3559 3147 3625 Christus;
3179 3575 3244 3616 ac
3291 3560 3338 3615 si
3383 3569 3571 3630 aperte

1958 3648 2123 3703 ‘dicat
2145 3665 2160 3703 :
2182 3648 2296 3720 Ego
2319 3649 2535 3719 quidem
2554 3665 2584 3703 a
2605 3651 2926 3719 memetipso
2953 3651 3257 3705 exstinctus
3277 3665 3420 3716 sum,
3447 3652 3573 3720 quia

1976 3739 2270 3794 carnaliter
2294 3754 2401 3793 non
2428 3739 2574 3804 vivo,
2606 3741 2700 3795 sed
2729 3746 2911 3796 tamen
2938 3740 3304 3795 essentialiter
3329 3748 3574 3798 mortuus

1977 3843 2085 3881 non
2135 3843 2293 3892 sum,
2337 3828 2464 3897 quia
2511 3827 2566 3881 in
2609 3826 2828 3883 Christo
2873 3829 3193 3899 spiritaliter
3223 3829 3364 3885 vivo.
3420 3829 3574 3884 Dicat

1980 3932 2108 3989 ergo
2140 3919 2382 3984 Veritas,
2420 3919 2566 3974 dicat
2600 3937 2612 3973 :
2655 3917 2714 3974 Si
2760 3921 2878 3990 quis
2905 3921 3013 3976 vult
3041 3930 3156 3992 post
3184 3938 3266 3976 me
3291 3923 3457 3993 sequi,
3490 3922 3574 3977 de-

1978 4019 2124 4080 neget
2148 4015 2413 4080 seipsum;
2438 4010 2564 4080 quia
2592 4011 2696 4067 nisi
2721 4013 2846 4084 quis
2874 4029 2905 4066 a
2927 4014 3216 4085 semetipso
3243 4014 3477 4081 deﬁciat,
3505 4016 3574 4072 ad

1979 4116 2101 4157 cum
2129 4103 2220 4172 qui
2244 4118 2406 4172 super
2425 4103 2601 4174 ipsum
2625 4115 2711 4160 est
2731 4120 2838 4160 non
2861 4106 3288 4176 appr0pinquat;
3311 4121 3411 4162 nec
3431 4107 3574 4164 valet

1953 4192 2388 4262 apprehendere
2415 4195 2558 4264 quod
2584 4195 2727 4250 ultra
2757 4196 2932 4266 ipsum
2955 4205 3056 4260 est,
3091 4197 3138 4252 si
3161 4197 3419 4253 nescierit
3460 4214 3572 4253 ma-

1985 4292 2136 4340 ctare
2163 4285 2306 4355 quod
2329 4293 2431 4341 est.
2468 4286 2573 4342 Sed
2600 4288 2711 4359 jam
2737 4289 2828 4359 qui
2853 4304 2910 4345 se
2945 4305 2974 4344 a
3022 4289 3167 4345 vitiis
3199 4292 3450 4362 abnegat,
3483 4306 3571 4345 ex-

1983 4377 2259 4445 quirenda:
2282 4375 2398 4446 ejus
2422 4378 2649 4434 virtutes
2686 4387 2812 4434 sunt
2855 4379 2908 4434 in
2938 4380 3134 4450 quibus
3169 4390 3397 4436 crescat.
3437 4380 3574 4435 Nam

1988 4482 2109 4521 cum
2137 4466 2338 4522 dictum
2365 4477 2450 4522 est
2474 4485 2487 4520 :
2515 4467 2576 4523 Si
2603 4469 2718 4539 quis
2748 4467 2853 4523 vult
2880 4478 2994 4539 post
3035 4485 3116 4524 me
3145 4469 3311 4542 sequi,
3358 4469 3574 4541 abneget

1987 4557 2236 4627 seipsum,
2258 4558 2506 4626 protinus
2519 4557 2859 4630 adjungitur:

2059 4647 2130 4701 Et
2180 4647 2331 4703 tollat
2381 4666 2586 4704 crucem
2628 4666 2812 4714 suam,
2857 4660 2905 4704 et
2949 4661 3196 4723 sequatur
3223 4667 3323 4706 me.
3357 4650 3578 4710 Duobus

1989 4738 2193 4793 etenim
2240 4739 2416 4795 modis
2442 4756 2574 4795 crux
2608 4741 2836 4805 tollitur,
2866 4757 2989 4796 cum
3035 4751 3128 4796 aut
3157 4757 3257 4813 per
3301 4741 3577 4799 abstinen~

1988 4830 2120 4885 tiam
2143 4829 2375 4885 adicitur
2393 4846 2606 4901 corpus,
2640 4841 2733 4887 aut
2760 4848 2860 4903 per
2885 4835 3316 4903 compassionem
3344 4833 3582 4904 proximi

1987 4919 2242 4992 allligitur
2280 4922 2515 4978 animus.
2556 4922 2854 4979 Pensemus
2883 4923 3117 4994 qualiter
3139 4933 3369 4993 utroque
3417 4921 3580 4978 modo

1986 5013 2186 5069 Paulus
2234 5029 2455 5070 crucem
2501 5031 2655 5071 suam
2686 5015 2904 5083 tulerat,
2943 5017 3036 5086 qui
3061 5017 3274 5073 dicebat
3318 5034 3330 5068 :
3364 5013 3580 5084 Castigo

1987 5120 2176 5174 corpus
2223 5121 2415 5171 meum,
2464 5115 2512 5158 et
2547 5105 2604 5160 in
2622 5106 2918 5160 seruitutem
2962 5105 3163 5173 redigo,
3195 5121 3257 5158 ne
3284 5104 3419 5174 forte
3456 5101 3576 5158 aliis

1986 5195 2281 5264 praedicans
2312 5195 2419 5266 ipse
2461 5195 2709 5265 reprobus
2742 5196 2936 5266 cmciar
2965 5193 3016 5265 (1
3040 5193 3161 5247 Cor.
3207 5192 3305 5264 ιι).
3343 5193 3482 5248 Ecce
3519 5193 3576 5248 in

1991 5283 2278 5338 afﬂictione
2306 5284 2549 5354 corporis
2574 5284 2880 5338 audivimus
2909 5299 3128 5337 crucem
3161 5283 3342 5337 carnis
3369 5323 3383 5347 ,
3434 5298 3578 5338 nunc

1990 5377 2043 5430 in
2096 5375 2472 5444 compassione
2505 5373 2739 5444 proximi
2783 5373 3068 5427 audiamus
3092 5387 3309 5428 crucem
3356 5371 3573 5426 mentis.

1987 5467 2078 5521 Ait
2105 5474 2284 5520 autem
2317 5484 2330 5520 :
2368 5466 2498 5532 Quis
2541 5466 2863 5535 inﬁrmatur,
2917 5473 2967 5518 et
3006 5481 3100 5534 ego
3145 5481 3249 5519 non
3288 5462 3581 5533 inﬁt-mor?

1991 5559 2122 5625 Quis
2163 5557 2580 5622 scandalizatur,
2637 5567 2684 5612 et
2731 5573 2824 5627 ego
2849 5573 2952 5611 non
2995 5557 3164 5610 uror?
3192 5554 3280 5629 (ΙΙ
3309 5553 3431 5610 Cor.
3464 5550 3568 5620 XI.)

1986 5649 2269 5708 Perfectus
2312 5651 2513 5722 quippe
2558 5649 2882 5721 pmdicator
2907 5690 2922 5716 ,
2964 5657 3024 5704 ut
3073 5646 3380 5720 exemplum
3421 5645 3572 5704 daret
