3998 6188
495 239 602 296 993

1148 238 1208 294 Β.
1249 235 1502 294 RABANI
1541 236 1758 294 MAURI
1795 235 2067 293 ARCﬂlEl

2172 231 2463 292 HOGUNT.
2507 230 2790 290 OPERUM
2826 230 3008 288 PARS
3041 230 3086 292 ῐ.

3661 249 3766 305 996

497 351 861 418 abstinentiaa,
899 365 1114 406 erucem
1155 351 1407 421 portabat
1429 350 1483 405 in
1506 366 1763 422 corpore;
1785 359 1841 405 et
1864 349 1990 422 quia
2021 349 2076 404 in
2103 352 2156 413 Λ
2179 347 2386 405 Idcirco
2413 346 2656 402 tristibus
2682 345 2804 400 laeta
2829 347 3158 409 succedunt,
3183 352 3240 400 et
3268 343 3438 400 dicit:
3475 343 3522 398 Ρ
3524 345 3644 402 ilius
3666 351 3763 404 lto-

497 460 558 500 se
580 444 826 498 trahebat
850 443 1043 498 damna
1079 440 1415 498 inﬁrmitatis
1447 441 1654 506 alienae,
1685 456 1904 498 crucem
1946 455 2075 512 por-

498 539 648 596 tabat
681 537 736 592 in
765 536 947 594 corde.

570 629 676 697 Qui
723 629 860 684 enim
900 627 1116 682 uoluerit
1158 627 1392 682 animum
1427 643 1578 682 suam
1620 625 1820 682 saluam
1867 628 2076 698 facere,

494 721 673 795 perdet
693 737 807 775 eam
831 736 848 784 ;
870 721 960 790 qui
983 731 1159 772 autem
1183 719 1466 790 perdiderit
1489 719 1720 773 animam
1765 735 1918 773 suam
1958 735 2082 789 pro-

494 825 609 886 pter
631 828 730 875 me,
756 811 980 865 inveniet
1015 827 1150 864 eam.
1183 809 1410 884 (Hilar.)
1458 810 1648 881 Magna
1691 820 1746 864 ct
1771 810 1909 864 mira
1957 823 2081 864 sen-

493 904 704 965 tentia,
759 901 1213 971 quemadmodum
1267 911 1394 956 sunt
1442 902 1677 957 hominis
1725 902 1782 956 in
1839 901 2079 956 animam

492 1010 646 1050 suam
670 1007 825 1047 amor
844 1004 903 1046 ut
926 1001 1132 1062 pereat,
1155 992 1338 1048 odium
1368 1008 1436 1047 ne
1458 1000 1666 1062 pereat,
1689 993 1735 1046 si
1762 992 1902 1047 male
1930 1006 2080 1046 ama-

491 1088 657 1152 veris,
685 1087 1007 1152 tuncodisti,
1033 1087 1079 1140 si
1107 1087 1245 1142 bene
1259 1086 1460 1152 oderis,
1485 1094 1614 1141 tunc
1635 1085 1851 1140 amasti.
1874 1081 2076 1156 (Greg.)

491 1180 702 1236 Felices
721 1182 813 1250 qui
836 1181 1066 1236 oderunt
1089 1181 1460 1245 custodiendo,
1487 1197 1555 1236 ne
1577 1189 1802 1252 pereant
1823 1180 2073 1236 amando.

491 1269 583 1324 Sic
605 1270 807 1326 dicitur
830 1269 977 1325 ﬁdeli
1006 1288 1020 1324 :
1050 1269 1154 1336 Qui
1183 1270 1402 1325 voluerit
1426 1271 1658 1325 animam
1701 1286 1852 1324 suam
1877 1269 2076 1324 salvam

489 1362 700 1430 facere,
744 1363 924 1434 perdet
968 1379 1116 1428 eam;
1171 1363 1259 1434 qui
1303 1373 1475 1416 autem
1513 1363 1795 1432 perdiderit
1842 1362 2076 1414 animam

488 1472 640 1508 suam
678 1465 892 1528 propter
927 1473 1028 1520 me,
1070 1454 1269 1509 salvam
1296 1471 1410 1509 eam
1438 1454 1613 1523 faciet.
1653 1453 1731 1508 Ac
1755 1455 1800 1508 si
1828 1452 2076 1524 agricolae

489 1549 703 1603 dicatur
737 1566 751 1602 :
779 1548 1136 1602 Frumentum
1174 1548 1220 1602 si
1260 1563 1468 1611 servas,
1494 1546 1706 1617 perdis;
1737 1547 1781 1602 si
1813 1546 2072 1610 seminas,

488 1655 736 1695 renovas.
771 1640 905 1706 Quis
933 1640 1079 1694 enim
1110 1639 1316 1694 nesciat
1351 1640 1495 1708 quod
1542 1638 1893 1705 frumentum,
1949 1654 2073 1694 cum

2182 441 2336 495 minis
2364 449 2608 494 venturus
2651 449 2725 493 est
2762 438 2814 492 in
2865 437 3034 509 gloria
3064 435 3246 492 Patris
3283 438 3369 492 sui
3411 454 3532 493 cum
3574 439 3769 511 angelis

2179 534 2311 589 suis.
2349 532 2532 588 Times
2584 531 2860 587 mortem?
2898 529 3037 586 Audi
3076 529 3307 602 gloriam
3363 531 3767 602 triumphantis.

2183 623 2402 680 Vereris
2427 623 2682 680 crucem?
2703 622 2962 678 Ausculta
2991 621 3307 694 angelorum
3347 624 3672 680 ministeria.
3705 623 3769 678 Et

2181 728 2327 784 tunc,
2361 718 2568 787 inquit,
2600 717 2776 770 reddet
2803 716 3085 787 unicuique
3115 717 3405 770 secundum
3439 734 3598 789 opera
3635 718 3766 787 ejus.

2181 807 2300 863 Non
2328 816 2413 863 est
2435 807 2707 862 distinctio
2731 805 2903 862 Judaei
2932 813 2989 860 et
3015 805 3256 871 ethnici;
3285 806 3390 860 viri
3411 814 3469 861 et
3493 806 3765 869 mulieris;

2179 917 2473 974 pauperum
2502 909 2558 957 et
2580 901 2808 956 divitum
2829 940 2845 967 ,
2888 899 2983 956 ubi
3023 915 3133 955 non
3164 913 3413 971 personae
3433 941 3450 967 ,
3482 903 3578 958 sed
3609 919 3764 976 opera

2181 994 2615 1050 considerantur.

2249 1087 2414 1141 Amen
2439 1085 2554 1139 dico
2583 1083 2752 1150 vobis,
2785 1092 2906 1138 sunt
2930 1083 3145 1155 quidam
3173 1084 3237 1138 de
3275 1084 3361 1138 hic
3394 1087 3654 1142 stantibus
3681 1090 3764 1160 qui

2181 1198 2282 1237 non
2307 1180 2588 1252 gustabunt
2616 1187 2853 1244 mortem,
2878 1177 3042 1230 donec
3070 1177 3278 1231 videant
3302 1176 3508 1232 Filium
3547 1181 3762 1237 hominis

2179 1275 2464 1328 venientem
2501 1271 2556 1325 in
2585 1287 2740 1340 regno
2769 1286 2885 1323 suo.
2917 1268 3084 1341 (Ras.
3109 1268 3128 1340 )
3158 1269 3403 1341 Regnum
3443 1271 3542 1326 Dei
3582 1272 3635 1325 in
3663 1288 3762 1343 quo

2178 1362 2351 1418 Filius
2372 1362 2464 1417 Dei
2491 1361 2634 1417 idem
2658 1359 2750 1429 qui
2779 1367 2834 1414 et
2855 1358 3025 1414 Filius
3044 1358 3280 1415 hominis
3311 1371 3504 1430 regnat
3529 1360 3633 1417 hoc
3654 1362 3761 1416 loco

2178 1470 2419 1524 praesens
2449 1453 2694 1510 Ecclesia
2719 1461 2964 1508 vocatur.
2991 1452 3059 1506 Et
3080 1451 3205 1521 quia
3236 1452 3485 1506 nonnulli
3511 1468 3577 1508 ex
3611 1454 3760 1510 disci-

2177 1549 2319 1619 pulis
2350 1563 2521 1618 usque
2554 1548 2688 1602 adeo
2721 1545 2905 1601 victuri
2943 1545 2998 1600 in
3045 1559 3271 1614 corpore
3291 1553 3481 1610 erant,
3508 1555 3570 1600 ut
3589 1545 3760 1601 Eccle-

2179 1640 2315 1694 siam
2348 1639 2444 1693 Dei
2472 1645 2839 1694 constructam
2877 1636 3259 1706 conspicerent
3285 1643 3340 1690 et
3363 1643 3554 1691 contra
3587 1637 3754 1692 mundi

488 1731 542 1784 in
572 1731 778 1785 semine
822 1731 1072 1793 mittitur,
1121 1731 1262 1799 perit
1294 1729 1364 1784 ob
1397 1729 1585 1789 oculis,
1611 1731 1662 1784 in
1689 1738 1832 1784 terra
1859 1728 2072 1794 deﬁcit;
2103 1727 2150 1785 B
2179 1725 2338 1796 hujus
2365 1727 2590 1799 gloriam
2619 1741 2716 1796 per
2756 1725 2997 1781 auctoris
3039 1724 3122 1778 sui
3166 1724 3462 1793 potentiam
3507 1734 3756 1790 erectam,

489 1821 584 1874 sed
615 1821 756 1874 unde
790 1819 1051 1889 putrescit
1082 1820 1134 1872 in
1161 1819 1412 1888 pulvere,
1444 1819 1724 1874 viridescit
1765 1819 1818 1872 in
1847 1833 2077 1873 renova-

487 1914 653 1967 tione.
691 1911 827 1978 Quia
869 1926 997 1965 vero
1022 1919 1207 1965 sancta
1231 1910 1474 1965 Ecclesia
1501 1910 1644 1964 aliud
1675 1919 1886 1979 tempus
1913 1909 2079 1964 habet

485 2002 884 2074 persecutionis
929 2011 1092 2072 atque
1136 2001 1282 2055 aliud
1323 2002 1508 2071 pacis,
1537 2000 1868 2070 Redemptor
1889 2005 2076 2055 noster

486 2095 604 2166 ipsa
652 2094 769 2163 ejus
820 2101 1062 2162 tempora
1121 2093 1420 2162 designavit
1468 2093 1521 2146 in
1579 2093 1879 2163 praeceptis.
1937 2091 2074 2146 Nam

484 2184 881 2256 persecutionis
911 2193 1151 2254 tempore
1174 2184 1422 2254 ponenda
1459 2192 1542 2238 est
1567 2184 1768 2249 anima,
1796 2185 1944 2254 pacis
1973 2199 2072 2238 au-

484 2287 592 2333 tem
648 2285 891 2346 tempore
937 2291 1001 2330 ea
1045 2290 1168 2344 quae
1221 2275 1455 2346 amplius
1511 2275 1781 2330 dominari
1847 2282 2076 2344 possunt

484 2366 780 2436 frangenda
804 2373 934 2421 sunt
956 2365 1228 2421 desideria
1257 2373 1494 2421 terrena.
1547 2364 1701 2420 Unde
1731 2375 1786 2420 et
1809 2381 1954 2422 nunc
1987 2365 2070 2420 di-

483 2460 628 2515 citur
662 2476 676 2513 :

554 2550 695 2616 Quid
735 2550 872 2604 enim
901 2550 1110 2621 prodest
1145 2551 1365 2613 homini,
1400 2549 1446 2602 si
1478 2549 1779 2604 universum
1815 2549 2070 2604 mundum

482 2639 734 2704 lucretur,
759 2641 952 2695 anima:
975 2657 1092 2695 vero
1119 2657 1230 2694 suae
1249 2640 1617 2694 detrimentum
1641 2641 1915 2709 patiatur?
1933 2642 2070 2698 Cum

483 2731 784 2802 persecutio
815 2732 882 2786 ab
905 2731 1231 2787 adversariis
1257 2731 1428 2796 deest,
1459 2730 1615 2786 valde
1639 2731 1948 2803 vigilantius
1976 2748 2072 2788 cor

478 2822 892 2877 custodiendum
921 2831 1024 2876 est.
1049 2820 1184 2876 Nam
1213 2821 1362 2891 pacis
1388 2831 1648 2893 tempore,
1683 2824 1810 2892 quia
1837 2823 1966 2878 licet
1993 2823 2072 2877 vi-

483 2924 607 2966 vere
633 2951 648 2977 ,
691 2912 822 2966 libet
855 2911 1019 2967 etiam
1049 2911 1276 2966 ambire.
1306 2911 1631 2981 Plerumque
1653 2921 1835 2968 autem
1863 2920 1918 2969 et
1945 2927 2073 2968 ava-

482 3001 661 3056 ritiam
683 3002 970 3065 vincimus,
1001 3000 1096 3055 sed
1125 3001 1302 3056 adhuc
1327 3000 1512 3057 obstat
1541 3002 1684 3070 quod
1700 3002 1818 3057 vias
1847 3002 2068 3058 rectitu-

481 3091 623 3146 dinis
674 3091 870 3145 minori
919 3099 1167 3147 tenemus
1215 3092 1458 3147 custodia
1510 3091 1875 3162 perfectionis.
1931 3092 2066 3147 Nam
2093 3079 2140 3141 C

481 3197 624 3252 sape
661 3182 894 3237 labentia
930 3191 1124 3237 cuncta
1153 3185 1481 3255 despicimus
1501 3226 1518 3252 ,
1557 3185 1652 3240 sed
1680 3193 1861 3241 tamen
1892 3185 2070 3241 adhuc

481 3272 730 3328 humanae
765 3273 1102 3328 verecundiae
1136 3289 1236 3329 usu
1273 3277 1632 3346 praepedimur
1654 3318 1669 3342 ,
1706 3286 1766 3331 ut
1791 3278 2071 3333 rectitudi-

481 3377 605 3420 nem
629 3405 644 3428 ,
675 3379 838 3434 quam
867 3378 1146 3420 servamus
1179 3365 1230 3418 in
1257 3375 1437 3422 mente
1456 3406 1472 3430 ,
1503 3368 1740 3424 nondum
1764 3368 2070 3438 exprimere

480 3453 758 3510 valeamus
804 3455 858 3508 in
904 3470 1058 3510 voce.
1098 3455 1166 3509 Et
1200 3463 1351 3512 tanto
1395 3457 1492 3511 Dei
1525 3456 1719 3514 faciem
1757 3459 1825 3514 ad
1846 3457 2070 3527 iustitia

481 3543 851 3602 defensionem
896 3546 1234 3618 negligamus
1260 3587 1275 3612 ,
1332 3556 1535 3617 quanto
1585 3549 1852 3604 humanas
1901 3548 2070 3605 facies

479 3645 670 3693 contra
703 3637 968 3708 justitiam
995 3653 1265 3694 veremur.
1309 3638 1415 3694 Sed
1449 3639 1603 3695 valde
1639 3641 1935 3696 cavendum
1959 3649 2064 3708 est,

476 3742 544 3782 ne
570 3743 667 3798 per
680 3728 962 3782 avaritiam
988 3729 1380 3797 pecuniariam,
1401 3730 1514 3784 sive
1533 3745 1630 3800 per
1654 3730 1900 3787 timorem
1917 3747 2064 3788 mor-

477 3819 570 3882 tis,
607 3827 769 3888 atque
813 3834 1054 3874 amorem
1091 3821 1384 3888 corporalis
1410 3821 1568 3888 vitm,
1603 3822 1830 3878 salutem
1859 3825 2066 3880 anima-

480 3926 600 3965 rum
647 3927 891 3980 quaerere
932 3913 1299 3985 negligamus;
1341 3915 1469 3983 quia
1498 3915 1634 3970 nihil
1657 3915 1900 3986 proderit
1931 3925 2066 3972 tem-

475 4003 681 4074 poralia
730 4004 1068 4071 lucrifacere,
1113 4007 1163 4061 si
1206 4008 1505 4078 perdantur
1539 4016 1762 4064 aeterna.
1806 4007 1959 4066 Unde
2006 4017 2065 4066 et

478 4096 726 4151 subditur
754 4114 768 4152 :

546 4188 650 4242 Aut
687 4207 846 4260 quam
889 4189 1034 4244 dabit
1077 4189 1231 4244 homo
1274 4195 1733 4246 commutationem
1759 4209 1854 4263 pro
1881 4196 2060 4249 anima

474 4296 571 4335 sua
589 4280 615 4334 ?
640 4280 661 4353 (
687 4280 904 4336 Hieron.
929 4280 946 4351 )
979 4280 1084 4336 Pro
1111 4281 1281 4336 Israel
1319 4282 1479 4337 datur
1507 4283 1864 4339 commutatio
1893 4283 2061 4357 Egy-

474 4379 599 4438 ptus
621 4409 636 4434 ,
675 4368 951 4440 Ethiopia
971 4409 986 4435 ,
1025 4377 1080 4424 et
1120 4385 1217 4440 pro
1245 4372 1426 4427 anima
1457 4373 1688 4428 humana
1712 4373 1800 4428 illa
1829 4374 1942 4430 sola
1967 4390 2060 4430 re-

475 4461 697 4517 tributio
728 4479 889 4533 quam
919 4463 1204 4518 Psalmista
1234 4465 1382 4519 canit
1411 4483 1424 4520 :
1461 4463 1602 4532 Quid
1639 4467 1924 4521 retribuam
1957 4466 2060 4521 Do-
2084 4444 2138 4505 Ῐ)

474 4555 616 4606 mino
641 4571 732 4622 pro
770 4555 1008 4609 omnibus
1035 4573 1152 4626 quae
1186 4558 1423 4611 retribuit
1454 4559 1623 4612 mihi?
1647 4556 1877 4613 Calicem
1914 4558 2059 4613 salu-

474 4644 606 4709 taris
629 4645 902 4714 accipiam,
925 4655 974 4698 et
997 4663 1180 4700 nomen
1200 4647 1413 4701 Domini
1430 4649 1679 4703 invocabo
1706 4646 1877 4722 (Psal.
1906 4649 2052 4721 cxv).

545 4730 719 4786 Filius
741 4734 877 4786 enim
916 4735 1139 4788 hominis
1175 4745 1422 4790 uenturus
1460 4746 1533 4791 est
1574 4737 1628 4791 in
1663 4737 1833 4807 gloria
1876 4737 2055 4794 Patris

475 4825 560 4880 sui
586 4841 704 4878 cum
728 4824 926 4894 angelis
952 4827 1082 4882 suis.
1115 4826 1250 4893 Quia
1276 4828 1368 4897 qui
1396 4827 1450 4882 in
1472 4829 1707 4884 hominis
1737 4839 1928 4885 natura
1954 4831 2056 4884 mi-

473 4929 577 4971 nor
587 4924 671 4971 est
681 4915 863 4983 Patre,
881 4916 995 4987 ipse
1009 4918 1217 4974 unitate
1236 4919 1396 4975 unius
1415 4918 1763 4990 ejusdemque
1781 4930 1863 4976 est
1874 4923 2056 4993 gloria:

473 5023 597 5063 cum
628 5006 810 5064 Patre.

543 5098 615 5152 Et
666 5110 790 5152 tunc
828 5098 1005 5154 reddet
1051 5101 1332 5172 unicuique
1375 5100 1663 5156 secundum
1709 5117 1867 5172 opera
1918 5103 2052 5173 ejus.

472 5188 665 5245 Petrus
712 5193 1093 5260 praedicatione
1144 5194 1334 5248 mortis
1378 5193 1678 5249 Dominiae
1723 5193 2056 5251 scandaliza-

474 5290 560 5336 tus
594 5284 860 5338 sententia
905 5284 1116 5340 Domini
1157 5285 1334 5341 fuerat
1363 5287 1674 5357 increpatus
1695 5326 1708 5352 ,
1747 5289 2054 5356 provocatis

471 5371 748 5442 discipulis
793 5375 906 5429 suis
953 5385 1012 5430 ut
1059 5377 1327 5444 abncgent
1378 5391 1454 5440 se,
1501 5385 1556 5431 et
1603 5376 1792 5431 tollant
1837 5392 2054 5433 crucem

471 5474 648 5526 suam,
677 5471 731 5516 et
755 5464 1094 5519 morientium
1121 5465 1302 5519 animo
1329 5465 1645 5534 magistrum
1674 5477 2049 5536 sequerentur.

471 5547 703 5607 Grandis
748 5560 922 5608 terror
958 5553 1327 5619 audientium,
1376 5562 1432 5608 et
1476 5556 1566 5625 qui
1614 5557 1786 5626 possit
1824 5557 2054 5629 principi

473 5653 540 5711 ap
557 5641 833 5698 vstolorum
858 5683 875 5708 ,
915 5645 1078 5700 etiam
1115 5638 1520 5718 aliis'apostolis
1562 5658 1760 5706 metum
1807 5650 2047 5719 injicere.

2177 1817 2538 1874 consolatoria
2561 1816 2921 1887 promissione
2946 1830 3090 1870 nunc
3116 1812 3316 1868 dicitur
3349 1831 3362 1866 :
3395 1811 3528 1868 Sunt
3553 1814 3757 1884 quidam

2175 1913 2239 1968 de
2266 1913 2352 1968 hic
2378 1913 2660 1977 stantibus,
2685 1911 2774 1983 qui
2798 1928 2903 1966 non
2923 1911 3206 1982 gustabunt
3237 1921 3478 1973 mortem,
3503 1911 3667 1965 donec
3687 1912 3758 1965 si-

2175 2005 2332 2058 deant
2359 2001 2558 2056 Filium
2584 2002 2811 2057 hominis
2843 2003 3125 2056 venientem
3147 2001 3203 2054 in
3231 2016 3390 2070 regno
3411 2016 3532 2064 suo,
3565 2001 3618 2054 id
3650 2008 3754 2066 est,

2173 2093 2549 2150 ostendentem
2578 2092 2876 2164 potentiam
2915 2107 3090 2147 suam.
3121 2089 3228 2146 Sed
3253 2105 3377 2145 cum
3410 2098 3560 2144 tanta
3589 2090 3759 2145 Domi-

2174 2201 2278 2241 nus
2321 2184 2614 2240 subeuuda‘.
2642 2184 2836 2240 mortis
2860 2192 3128 2254 prmeepta
3157 2184 3380 2248 ederet,
3413 2182 3544 2252 quid
3579 2198 3757 2238 neces-

2137 2263 2143 2282 ¹
2173 2275 2376 2330 sarium
2406 2272 2550 2342 fuit,
2586 2282 2647 2328 ut
2682 2274 2750 2328 ad
2779 2274 2920 2329 hanc
2953 2273 3132 2328 subito
3168 2273 3582 2342 promissionem
3622 2274 3759 2328 veni-

2172 2367 2290 2422 ret?
2315 2366 2469 2434 Quod
2493 2366 2540 2421 si
2561 2364 2832 2422 subtiliter
2857 2364 3222 2428 attendamus,
3257 2372 3460 2433 quanta
3485 2364 3756 2434 dispensa-

2173 2458 2322 2515 tione
2347 2458 2566 2530 pietatis
2589 2467 2783 2529 agatur
2802 2457 3165 2529 agnoscimus.
3189 2456 3483 2526 Discipulis
3505 2457 3650 2511 enim
3675 2473 3760 2511 ru-

2171 2548 2330 2604 dibus
2356 2548 2521 2602 etiam
2560 2547 2628 2603 de
2661 2549 2917 2616 praesenti
2945 2546 3057 2601 vita
3095 2546 3300 2616 aliquid
3336 2547 3756 2617 promittendum

2169 2639 2292 2705 fuit,
2318 2647 2380 2694 ut
2395 2646 2617 2709 possent
2637 2638 2907 2694 robustius
2927 2638 2980 2692 in
3001 2640 3183 2692 futura
3206 2638 3447 2694 solidari.
3472 2637 3565 2694 Sic
3586 2639 3758 2694 Israe-

2170 2732 2320 2787 litico
2346 2730 2542 2802 populo
2577 2746 2644 2785 ex
2666 2729 2882 2801 Egypti
2911 2739 3056 2786 terra
3079 2730 3362 2786 liberanda
3389 2732 3762 2802 repromissio-

2170 2826 2256 2880 nis
2290 2833 2435 2879 terra
2459 2823 2816 2894 promittitur,
2840 2832 2897 2877 et
2918 2822 3044 2877 dum
3068 2823 3342 2878 vocandus
3367 2832 3514 2878 esset
3533 2824 3602 2878 ad
3624 2824 3760 2877 dona

2168 2914 2451 2981 caelestia,
2501 2916 2734 2969 terrenis
2778 2913 3228 2984 promissionibus
3275 2913 3555 2969 suadetur.
3609 2913 3757 2970 Unde

2171 3014 2319 3060 recte
2355 3018 2569 3076 quoque
2600 3020 2696 3074 per
2723 3003 3063 3059 Psalmistam
3095 3005 3293 3060 dicitur
3323 3022 3337 3058 :
3369 3003 3530 3058 Dedit
3575 3006 3650 3060 eis
3675 3023 3756 3060 re-

2169 3095 2347 3165 giones
2374 3095 2605 3164 gentium
2633 3134 2648 3159 ,
2677 3103 2724 3147 et
2749 3092 2952 3148 labores
2978 3093 3292 3164 populorum
3310 3094 3674 3160 possederunt,
3701 3105 3756 3149 ut

2169 3185 2467 3240 custodiant
2499 3185 2910 3255 justiﬁcationes
2951 3186 3086 3256 ejus,
3122 3195 3172 3240 et
3211 3185 3376 3257 legem
3417 3187 3535 3257 ejus
3574 3190 3756 3258 exqui-

2169 3287 2289 3332 rant
2325 3274 2498 3349 (Psal.
2521 3275 2651 3349 etv).
2677 3275 2769 3331 Sic
2805 3292 2934 3348 ergo
2959 3277 3064 3332 hoc
3085 3275 3206 3332 loco
3231 3277 3458 3332 rudibus
3485 3279 3757 3349 discipulis

2170 3369 2384 3424 Veritas
2413 3368 2661 3438 loquens,
2704 3369 2993 3424 videndum
3020 3384 3243 3439 regnum
3283 3369 3380 3424 Dei
3408 3370 3673 3440 promittit
3703 3370 3758 3425 in

2169 3467 2338 3526 terra,
2377 3469 2439 3515 ut
2474 3461 2581 3520 hoc
2606 3461 2675 3516 ab
2697 3461 2777 3516 eis
2813 3460 3058 3517 ﬁdelibus
3097 3462 3152 3516 in
3196 3462 3334 3517 caelo
3374 3473 3755 3531 praesumatm‘.

2168 3549 2323 3618 Quod
2343 3551 2392 3606 si
2412 3565 2634 3622 regnum
2655 3551 2750 3605 Dei
2773 3551 2828 3606 in
2850 3553 2951 3606 hac
2972 3553 3240 3607 sententia
3264 3551 3502 3607 futuram
3527 3554 3585 3608 in
3607 3555 3758 3610 uelis

2165 3645 2556 3702 beatitudinem
2602 3646 2830 3702 velimus
2863 3647 3109 3718 accipere
3131 3687 3148 3715 ,
3195 3657 3250 3704 et
3288 3649 3386 3704 hoc
3417 3649 3648 3718 quidem
3692 3651 3758 3705 de

2165 3737 2473 3793 astantibus
2500 3753 2607 3792 non
2636 3749 2756 3808 post
2801 3738 3000 3794 multos
3027 3739 3141 3794 dies
3173 3740 3230 3794 in
3270 3748 3452 3796 monte
3476 3741 3754 3796 viderunt.

2165 3828 2319 3896 Quod
2365 3829 2454 3900 pia
2483 3830 2670 3898 utique
2699 3830 3010 3900 provisione
3048 3831 3248 3886 factum
3275 3841 3382 3897 est,
3420 3840 3482 3887 ut
3514 3843 3759 3888 contem-

2163 3921 2401 3990 platione
2429 3935 2642 3991 semper
2663 3922 2936 3977 manentis
2965 3921 3172 3993 gaudii,
3206 3923 3422 3978 tametsi
3449 3925 3649 3994 raptim
3676 3935 3760 3978 at-

2163 4027 2270 4082 que
2297 4012 2366 4067 ad
2392 4013 2557 4067 breve
2590 4023 2923 4069 momentum
2947 4015 3181 4070 delibata
3203 4055 3219 4080 ,
3260 4015 3456 4070 fortius
3496 4018 3752 4071 instantia

2163 4104 2346 4161 saeculi
2393 4104 2729 4160 transeuntis
2765 4105 2990 4161 adversa
3025 4105 3334 4161 tolerarent.
3363 4107 3753 4163 Deeentissimo

2163 4213 2294 4254 sane
2317 4198 2484 4254 verbo
2521 4207 2742 4255 sanctos
2771 4209 3001 4255 mortem
3023 4209 3240 4272 gustare
3273 4210 3546 4269 testatur;
3576 4221 3608 4258 a
3638 4205 3756 4274 qui-

2161 4290 2265 4345 bus
2292 4291 2550 4346 nimirum
2586 4307 2736 4348 mors
2773 4294 3020 4364 corporis
3044 4295 3199 4365 quasi
3225 4295 3443 4350 libando
3471 4306 3752 4368 gustatur,

2162 4379 2278 4435 vita
2296 4395 2426 4437 vero
2451 4382 2646 4436 animae
2672 4384 2944 4439 veraciter
2972 4386 3304 4455 possidendo
3331 4394 3568 4440 tenetur.

2731 4520 2959 4579 CAPUT
3012 4503 3222 4578 xvn.'

2163 4647 2232 4703 In
2264 4660 2436 4728 monte
2476 4651 2890 4728 transﬁguratur
2929 4653 3184 4728 Dominus
3227 4671 3405 4728 coram
3450 4657 3752 4728 discipulis,

2232 4730 2280 4774 et
2307 4719 2505 4798 Eliaet
2530 4719 2735 4798 Moyse.
2759 4722 3072 4779 Lunaticum
3094 4737 3264 4780 curat.
3298 4725 3460 4782 Petro
3481 4719 3641 4798 jubet
3659 4719 3757 4796 pro

2232 4807 2287 4844 se
2309 4800 2355 4844 et
2389 4790 2479 4846 illo
2505 4790 2886 4848 dare—censum.

2233 4919 2324 4994 [1.]
2356 4921 2422 4976 Et
2449 4931 2564 4993 post
2602 4923 2713 4978 dies
2759 4941 2852 4980 sea:
2889 4927 3170 4997 assumpsit
3210 4927 3367 4983 Iesus
3403 4926 3634 4985 Petrum
3657 4972 3673 4996 ,
3710 4941 3759 4985 et

2155 5011 2415 5067 Joannem
2434 5054 2450 5079 ,
2476 5023 2525 5068 et
2556 5013 2846 5082 Iacobum,
2877 5017 3095 5087 fratrem
3119 5020 3256 5089 ejus,
3287 5031 3334 5074 et
3366 5021 3513 5075 ducit
3543 5023 3674 5078 illos
3701 5025 3756 5076 in

2156 5111 2382 5156 montem
2403 5103 2662 5159 excelsum
2683 5122 2936 5161 seorsum.
2952 5107 3009 5162 ln
3031 5108 3324 5180 Evangelio
3343 5111 3505 5168 Lucae
3521 5113 3600 5167 ita
3622 5114 3760 5169 scri-

2153 5199 2308 5261 ptum
2333 5199 2418 5247 est
2443 5210 2456 5246 :
2489 5191 2719 5248 Factum
2747 5205 2821 5250 est
2861 5206 2974 5268 post
3009 5198 3122 5252 hwc
3151 5199 3306 5254 verba
3336 5203 3446 5272 fere
3469 5203 3588 5257 dies
3613 5214 3752 5266 octo,

2153 5296 2202 5340 et
2234 5289 2513 5359 assumpsit
2558 5287 2776 5344 Petrum
2801 5332 2816 5357 ,
2864 5300 2912 5346 et
2953 5291 3232 5359 Iacobum,
3275 5306 3323 5349 et
3355 5295 3631 5350 Joannem
3656 5338 3672 5360 ,
3706 5307 3751 5350 et

2155 5379 2389 5433 ascendit
2430 5380 2485 5433 in
2516 5390 2838 5436 montem'ut
2869 5393 3063 5446 oraret,
3107 5394 3214 5442 etc.
3263 5385 3415 5460 (Luc.
3457 5387 3562 5459 Ix).
3612 5387 3750 5442 Hinc

2153 5472 2434 5541 quairitur,
2465 5475 2732 5544 quomodo
2754 5485 2876 5546 post
2902 5478 3018 5534 dies
3042 5493 3139 5534 sex
3166 5483 3524 5552 assumpserit
3547 5496 3671 5548 eos,
3696 5488 3753 5534 et

2154 5561 2372 5618 duxerit
2413 5564 2467 5618 in
2509 5574 2746 5620 montem
2780 5568 3056 5622 exceisutu
3091 5585 3377 5636 seorsum,
3428 5573 3575 5642 quod
3614 5572 3752 5625 Mat-

2152 5653 2326 5709 thteus
2352 5653 2670 5726 Marcusque
2709 5665 2996 5727 testantur,
3037 5674 3161 5715 cum
3200 5660 3374 5716 Lucas
3409 5661 3752 5729 evangelista
