3998 6188
293 268 388 329 99Ἱ

1302 263 1659 322 COMMENT.
1699 263 1766 319 IN
1806 263 2242 324 MATTHIEUM.
2281 300 2354 311 —
2391 271 2517 326 LIB.
2556 272 2626 329 V.

3444 281 3544 340 998

287 388 449 459 ponat
486 381 826 437 octonarium
869 396 1173 437 numerum.
1227 379 1334 437 Sed
1367 381 1541 438 facilis
1579 381 1864 454 responsio
1889 391 1940 448 Α
1967 382 2020 438 in
2051 385 2212 440 terris
2240 387 2572 443 consistente
2602 387 2849 458 despecta
2879 390 3215 463 aliorumque
3249 393 3441 452 similia
3471 400 3551 454 vi-

288 483 370 533 est
400 493 413 528 :
445 472 571 544 quia
604 472 694 528 hic
723 473 883 528 medii
912 479 1187 542 ponuntur
1215 472 1360 539 dies,
1407 473 1482 529 ibi
1520 473 1728 544 primus
1754 488 1861 544 quo

288 567 542 625 Dominus
569 565 684 621 haec
716 565 992 636 promisit,
1035 575 1089 620 et
1114 575 1422 631 extremus,
1460 583 1567 638 quo
1605 585 1700 623 sua
1735 584 1862 640 pro—

288 658 449 713 missa
493 658 814 728 complevit,
864 659 1100 714 additur.
1129 659 1360 728 ideoque
1399 661 1572 716 Lucas
1604 677 1709 716 non
1742 669 1863 732 post

290 748 399 804 dies
426 757 571 814 octo,
613 750 708 804 sed
733 750 1113 819 temperatius,
1150 750 1265 806 fere
1291 751 1405 807 dies
1432 760 1557 807 octo
1585 753 1754 822 ponit.
1797 752 1863 806 Et

290 841 340 897 itt
370 841 577 897 ratione
599 841 824 914 mystica
848 842 954 898 illic
975 852 1096 912 post
1117 858 1209 898 sex
1234 842 1416 897 mundi
1445 851 1634 898 aetates
1659 844 1861 898 sanctis

289 931 354 987 ab
394 931 542 986 onmi
591 931 775 987 labore
811 932 1198 1002 quiescendum
1250 951 1263 986 :
1315 933 1404 987 hic
1450 948 1582 987 vero
1624 943 1862 1002 tempore

282 1032 471 1079 octavo
501 1021 743 1093 designat
780 1037 900 1079 esse
937 1023 1346 1094 resurgendum.
1383 1023 1534 1079 Unde
1558 1023 1781 1093 pulchre
1808 1033 1862 1078 et

285 1121 466 1168 sextus
503 1112 740 1181 psalmus
776 1129 870 1182 pro
913 1123 1094 1166 octavo
1135 1112 1409 1178 scribitur,
1462 1111 1613 1182 cujus
1646 1113 1860 1166 initium

283 1213 362 1260 est
390 1222 402 1257 :
429 1204 673 1270 Domine,
704 1221 767 1258 ne
795 1206 848 1259 in
872 1206 953 1259 ira
978 1214 1070 1258 tua
1101 1221 1295 1275 arguas
1327 1221 1424 1259 me.
1451 1205 1585 1272 Quia
1608 1205 1862 1260 nimirum

283 1311 375 1367 per
398 1312 493 1352 sex
528 1305 736 1362 aetates,
765 1296 962 1366 quibus
987 1297 1200 1366 operari
1230 1297 1373 1360 licet,
1399 1297 1651 1366 precibus
1673 1306 1753 1351 est
1776 1298 1860 1352 in-

283 1388 576 1442 sistendum
603 1429 617 1452 ,
655 1403 722 1443 ne
750 1389 802 1442 in
829 1396 1022 1444 octavo
1053 1388 1425 1443 retributionis
1449 1396 1689 1458 tempore
1717 1405 1746 1442 a
1773 1387 1862 1457 ju-

281 1479 398 1534 dice
437 1479 794 1549 corripiamur
820 1479 958 1533 irato
1004 1497 1017 1532 :
1059 1479 1205 1549 quod
1235 1488 1289 1534 et
1325 1479 1440 1550 ipse
1468 1478 1726 1534 Dominus
1762 1480 1866 1534 hoc

281 1572 396 1627 loco
438 1573 606 1627 voluit
639 1588 738 1628 nos
771 1581 988 1628 ostenso
1028 1588 1139 1627 suae
1182 1573 1445 1628 orationis
1491 1572 1736 1644 exemplo
1771 1573 1864 1627 do-

280 1680 421 1718 cere.
447 1663 523 1719 De
548 1679 655 1734 quo
684 1664 980 1719 secundum
1010 1663 1210 1719 Lucam
1241 1665 1439 1719 dicitur
1472 1682 1484 1716 :
1520 1663 1657 1730 Quia
1678 1681 1863 1719 ascen-

1963 476 2250 543 debantur,
2295 479 2389 534 sed
2424 479 2541 550 ipso
2579 491 2818 536 montem
2866 492 3080 552 petente
3123 501 3263 541 novo
3309 490 3548 546 candore

1963 565 2228 638 refulgent
2269 584 2284 622 :
2338 570 2463 640 quia
2507 588 2644 625 nunc
2684 573 2890 642 quidem
2929 574 3029 643 ﬁlii
3071 575 3170 630 Dei
3211 594 3412 646 sumus,
3453 587 3543 641 sed

1963 656 2196 709 nondum
2221 661 2464 727 apparuit
2487 661 2613 730 quid
2637 663 2864 728 erimus;
2891 665 3081 719 scimus
3101 708 3113 730 ,
3155 669 3277 738 quia
3306 687 3421 725 cum
3447 690 3544 743 ap-

1961 748 2195 814 paruerit
2219 789 2233 811 ,
2271 749 2467 803 similes
2495 753 2542 805 ei
2568 753 2762 807 erimus
2801 772 2818 809 :
2848 757 3128 813 videbimus
3161 763 3296 815 enim
3323 781 3441 819 eum
3470 767 3548 820 si-

1963 836 2069 888 cuti
2097 847 2172 890 est
2195 836 2246 906 (Ι
2277 837 2441 893 Joan.
2468 841 2574 910 ttt).
2609 841 2764 897 Unde
2783 845 2918 899 bene
2941 847 3008 900 de
3031 847 3232 903 eisdem
3261 853 3550 909 vestimen-

1962 926 2032 979 tis
2057 941 2155 994 per
2180 926 2420 982 Marcum
2443 930 2642 984 dicitur
2675 950 2688 985 :
2721 932 2862 996 Quia
2889 935 3032 1003 facta
3055 947 3175 990 sunt
3201 939 3548 1010 splendentia,

1961 1019 2190 1072 candida
2219 1021 2374 1074 nimis
2395 1021 2526 1075 velut
2551 1023 2664 1090 nix,
2686 1024 2868 1094 qualia
2895 1026 3027 1095 fullo
3049 1045 3206 1099 super
3227 1042 3421 1087 terram
3445 1053 3550 1090 non

1961 1118 2126 1177 potest
2149 1110 2378 1163 candida
2407 1112 2579 1182 facere
2613 1113 2807 1184 (Marc.
2841 1116 2982 1190 vm).
3014 1117 3148 1173 Nam
3175 1122 3301 1190 quia
3329 1123 3416 1178 ille
3449 1125 3552 1180 hoc

1962 1199 2081 1255 loco
2109 1201 2488 1272 intelligendus
2517 1212 2602 1257 est
2632 1203 2762 1260 fullo
2785 1246 2798 1271 ,
2832 1222 2992 1276 quem
3019 1211 3288 1280 paenitens
3319 1213 3548 1270 Psalmi-

1963 1298 2046 1344 sta
2075 1292 2146 1344 ita
2171 1301 2426 1361 precatur
2454 1293 2728 1365 :Amplius
2757 1296 2875 1352 lava
2912 1316 2994 1354 me
3025 1301 3088 1354 ab
3129 1303 3387 1371 injustitia
3411 1324 3548 1374 mea,

1963 1390 2010 1434 et
2037 1399 2069 1435 a
2095 1382 2285 1437 delicto
2312 1401 2425 1438 meo
2455 1385 2653 1440 munda
2676 1403 2756 1440 me
2777 1387 2950 1458 (Psal.
2976 1389 3050 1462 ι),
3081 1408 3187 1447 non
3221 1404 3395 1463 potest
3423 1397 3550 1452 lide-

1964 1471 2104 1528 libus
2130 1475 2244 1530 suis
2268 1476 2320 1530 in
2347 1485 2489 1530 terra
2520 1478 2651 1532 dare
2677 1478 2978 1536 claritatem
3003 1523 3018 1546 ,
3058 1497 3178 1552 quae
3210 1501 3305 1540 eos
3337 1503 3552 1544 conser-

1963 1574 2087 1620 vata
2117 1577 2301 1623 manet
2334 1569 2388 1623 in
2412 1570 2583 1626 ccelis.
2617 1569 2744 1626 Sive
2773 1572 2930 1629 aliter
2958 1589 2972 1628 :
3005 1573 3173 1633 Nemo
3203 1588 3286 1633 est
3313 1581 3403 1649 qui
3435 1582 3552 1638 sine

1967 1669 2171 1716 attactu
2206 1663 2433 1734 alicujus
2460 1666 2669 1734 peccati
2703 1667 2885 1722 vivere
2925 1669 3096 1736 possit
3135 1685 3299 1742 super
3326 1681 3546 1730 terram.

279 1756 356 1810 dit
394 1757 449 1810 in
491 1766 714 1811 montem
745 1765 800 1809 ut
833 1765 1027 1809 oraret.
1071 1755 1128 1809 lu
1159 1764 1396 1810 montem
1424 1770 1659 1825 namque
1677 1764 1864 1809 oratu-
1892 1737 1937 1796 Β
1967 1750 2072 1806 Sed
2100 1753 2244 1822 quod
2272 1753 2420 1818 fullo,
2454 1755 2506 1809 id
2535 1765 2637 1820 est,
2675 1759 2865 1812 doctor
2896 1737 3239 1826 animarum',
3270 1777 3364 1817 seu
3392 1780 3551 1819 mun-

281 1861 394 1912 rus,
423 1855 479 1900 et
505 1845 585 1902 sic
610 1846 1094 1917 transfiguraturus
1121 1846 1384 1910 ascendit,
1411 1853 1470 1899 ut
1501 1847 1750 1899 ostendat
1773 1860 1866 1900 eos

277 1938 371 2007 qui
403 1937 637 1992 fructum
665 1937 1074 1993 resurrectionis
1103 1945 1448 2006 exspectant,
1481 1937 1571 2006 qui
1595 1951 1779 2005 regem
1809 1936 1864 1990 in

275 2027 475 2084 decore
509 2043 608 2083 suo
636 2028 818 2082 videre
848 2029 1159 2082 desiderant
1183 2069 1198 2094 ,
1226 2038 1405 2081 mente
1430 2027 1485 2082 in
1514 2029 1744 2084 excelsis
1771 2029 1867 2084 ha-

273 2118 475 2185 bitare,
505 2129 559 2174 et
579 2119 850 2174 continuis
869 2119 1123 2190 precibus
1150 2118 1461 2173 incumbere
1486 2118 1702 2174 debere.
1731 2119 1867 2175 Tres

275 2209 617 2264 solummodo
646 2224 827 2265 secum
871 2209 1162 2279 discipulos
1200 2210 1369 2277 ducit,
1415 2209 1501 2266 vel
1541 2210 1665 2282 quia
1713 2209 1864 2264 multi

273 2308 394 2352 sunt
421 2299 604 2363 vocati,
627 2300 782 2370 pauci
808 2316 926 2353 vero
948 2301 1117 2366 electi,
1144 2300 1230 2355 vel
1257 2302 1380 2372 quia
1409 2303 1482 2366 bi,
1516 2303 1607 2372 qui
1633 2317 1776 2358 nunc
1805 2302 1866 2357 ﬁ-

275 2387 398 2442 dem
439 2402 543 2456 qua
580 2387 771 2443 imbuti
820 2398 945 2443 sunt
983 2399 1187 2445 sanetae
1229 2390 1512 2446 Trinitatis
1552 2393 1865 2464 incorrupta

273 2487 458 2534 mente
494 2489 876 2546 servaverunt,
919 2489 1048 2537 tunc
1083 2491 1288 2538 aeterna
1323 2485 1439 2556 ejus
1477 2499 1755 2541 merentur
1781 2489 1862 2542 vi-

271 2570 428 2626 sione
457 2570 646 2625 lzetari.
674 2572 743 2626 Et
766 2573 904 2626 bene
923 2588 1046 2628 cum
1077 2574 1282 2630 diceret
1314 2594 1326 2628 :
1359 2575 1498 2642 Quia
1526 2577 1670 2632 ducit
1699 2595 1784 2633 eos
1810 2581 1864 2635 in

272 2670 502 2714 montem
551 2661 831 2726 excelsum,
878 2662 1083 2717 addidit
1123 2679 1357 2718 seorsum
1393 2680 1413 2718 :
1451 2667 1577 2736 quia
1609 2667 1778 2737 justi,
1810 2677 1866 2723 et

273 2767 420 2805 nunc
445 2767 566 2806 cum
598 2766 890 2820 pravorum
915 2754 1064 2808 vitiis
1083 2763 1433 2823 premuntur,
1469 2759 1651 2813 animo
1682 2769 1860 2814 tamen

269 2847 404 2894 sunt
432 2847 546 2895 toto
580 2849 742 2911 atque
769 2843 1066 2899 intentione
1111 2845 1233 2900 ﬁdei
1274 2848 1506 2917 separati
1553 2849 1620 2903 ab
1650 2849 1775 2916 illis,
1808 2859 1863 2904 et

270 2931 325 2986 in
353 2930 540 2987 futuro
572 2932 810 2989 funditus
835 2949 1080 2992 seorsum
1124 2937 1466 2991 abducuntur
1498 2938 1565 2994 ab
1598 2940 1697 2994 eis.
1727 2940 1860 2996 Cum

269 3025 558 3082 abscondit
593 3022 686 3082 eo's
724 3026 778 3080 in
819 3028 1004 3082 abdito
1033 3027 1211 3083 vultus
1251 3028 1354 3094 sui,
1383 3044 1414 3082 a
1453 3026 1862 3088 conturbatiOne

269 3116 580 3175 hominum.

348 3210 418 3264 Et
450 3209 858 3281 transﬁguratus
897 3219 971 3266 est
1002 3219 1122 3266 ante
1150 3229 1256 3266 eos.
1297 3211 1566 3288 (Ηὶενοη.)
1590 3213 1741 3283 Quod
1767 3232 1862 3270 au-

269 3308 384 3355 tem
411 3300 542 3354 dicit
573 3318 586 3352 :
618 3299 686 3352 Et
710 3300 1116 3371 transﬁguratus
1143 3312 1218 3355 est
1241 3312 1362 3356 ante
1381 3319 1488 3367 eos,
1522 3319 1682 3359 nemo
1709 3313 1864 3376 putet

266 3392 562 3462 pristinam
591 3405 714 3445 eum
745 3391 972 3445 formam
1003 3392 1268 3448 etfaciem
1291 3394 1589 3462 perdidisse
1613 3436 1628 3460 ,
1655 3404 1710 3450 et
1730 3398 1864 3451 ami-

269 3485 412 3540 sisse
449 3483 693 3554 corporis
719 3483 1036 3550 veritatem,
1073 3492 1130 3538 et
1168 3485 1526 3554 assumpsisse
1563 3501 1760 3557 corpus
1782 3488 1865 3544 vel

268 3577 538 3649 spiritale,
583 3577 665 3631 vel
713 3591 949 3631 aereum.
983 3576 1422 3646 Transtigurattts
1469 3577 1718 3635 Salvator
1756 3596 1865 3636 non

270 3671 634 3727 substantiam
664 3684 807 3724 verte
831 3670 1012 3725 carnis
1038 3670 1249 3735 amisit,
1287 3670 1379 3724 sed
1419 3671 1645 3741 gloriam
1673 3670 1867 3727 futurae

267 3763 354 3816 vel
383 3777 520 3827 sum,
547 3762 633 3816 vel
661 3770 862 3816 nostra:
883 3762 1300 3816 resurrectionis
1327 3763 1594 3826 ostendit;
1623 3762 1715 3831 qui
1737 3777 1869 3830 qua-

265 3853 336 3909 lis
368 3862 503 3907 tunc
533 3842 790 3924 apostolis
819 3853 1066 3922 apparuit
1093 3893 1108 3918 ,
1144 3853 1270 3907 talis
1295 3861 1419 3921 post
1434 3852 1696 3922 judicium
1730 3868 1866 3908 cun-

265 3945 371 4000 ctis
423 3945 710 4015 apparebit
756 3943 965 3998 electis.
991 3941 1126 3995 Nam
1174 3943 1228 3996 in
1278 3943 1394 4012 ipso
1436 3951 1675 4012 tempore
1717 3942 1868 4012 judi-

265 4035 454 4101 candi,
487 4042 544 4088 et
575 4033 730 4091 bouis
757 4031 917 4087 simul
944 4039 998 4086 et
1022 4031 1176 4086 malis
1209 4031 1263 4086 in
1295 4030 1468 4087 forma
1496 4032 1636 4087 servi
1664 4033 1870 4095 videbi-

267 4139 376 4195 tur,
407 4136 476 4184 ut
513 4127 762 4184 videlicet
803 4126 952 4196 impii
993 4140 1155 4195 quem
1199 4141 1471 4195 sprevere,
1498 4125 1666 4181 Judaei
1707 4141 1870 4196 quem

150 4230 165 4245 '
265 4235 566 4293 negavere,
620 4219 819 4275 milites
862 4233 1024 4288 quem
1066 4217 1409 4284 crucifixere,
1449 4217 1652 4272 Pilatus
1698 4216 1870 4273 Hero-

267 4320 482 4387 desque
504 4329 664 4384 quem
685 4312 997 4383 judicavere
1020 4351 1035 4376 ,
1071 4319 1276 4380 queant
1301 4325 1593 4381 agnoscere
1609 4310 1868 4380 judicem,

343 4412 409 4466 Et
435 4406 756 4478 resplenduit
777 4404 938 4474 facies
958 4404 1072 4473 ejus
1094 4404 1225 4456 sicut
1247 4402 1347 4467 sol,
1372 4405 1670 4458 vestimenta
1694 4415 1866 4459 autem

267 4504 387 4575 ejus
443 4501 590 4573 facta
643 4506 765 4551 sunt
807 4494 928 4549 alba
971 4494 1105 4548 sicut
1160 4495 1271 4546 nix.
1318 4492 1521 4566 (ΗΑΒ.)
1570 4494 1638 4549 Et
1677 4495 1764 4550 hic
1810 4495 1866 4549 in

269 4592 589 4665 exemplum
614 4588 807 4644 futura:
832 4585 1234 4641 clariﬁcationis
1261 4585 1426 4655 ipsius
1451 4585 1764 4657 resplenduit
1786 4585 1868 4656 fa-

269 4689 376 4742 cies
408 4685 528 4756 ejus
569 4682 702 4736 sicut
737 4677 858 4745 sol;
908 4693 1014 4732 non
1059 4678 1184 4746 quia
1229 4676 1442 4732 Domini
1476 4684 1526 4731 et
1557 4685 1866 4731 sanctorum

269 4779 393 4849 ejus
421 4773 652 4844 aequalis
680 4770 853 4842 possit
877 4785 998 4825 esse
1025 4768 1243 4822 claritas
1269 4775 1322 4822 et
1343 4766 1532 4838 gloria,
1563 4782 1687 4821 cum
1715 4773 1770 4821 et
1803 4766 1870 4820 de

270 4867 487 4922 eisdem
514 4863 717 4919 sanctis
744 4861 885 4916 dicat
907 4858 1194 4928 Apostolus
1225 4871 1240 4910 :
1273 4855 1437 4912 Stella
1463 4867 1636 4912 autem
1655 4875 1686 4910 a
1717 4857 1869 4912 stella

271 4956 459 5026 di/fert
482 4955 538 5006 in
565 4951 805 5006 claritate
831 4949 880 5020 (Ι
905 4947 1026 5003 Cor.
1049 4946 1164 5020 xv),
1190 4947 1267 5002 sic
1289 4956 1345 5002 et
1372 4949 1698 5004 resurrectio
1725 4963 1868 5003 mor-

275 5055 533 5109 tuorum;
567 5041 659 5096 sed
689 5041 817 5111 quia
843 5037 976 5094 nihil
1002 5037 1115 5094 sole
1144 5037 1344 5092 clarius
1371 5038 1553 5094 videre
1576 5040 1824 5095 novimus
1847 5081 1862 5106 ,

273 5154 388 5195 non
433 5134 608 5191 solum
647 5133 896 5197 Domini,
939 5131 1033 5187 sed
1080 5140 1135 5186 et
1171 5138 1480 5185 sanctorum
1526 5132 1582 5185 in
1629 5147 1871 5187 resurre-

275 5229 466 5283 ctione
488 5225 654 5297 gloria
685 5224 814 5280 solis
840 5223 1078 5294 aspectui
1104 5230 1480 5293 comparatur,
1513 5223 1638 5293 quia
1668 5223 1866 5280 clarius

276 5319 398 5374 sole
437 5316 659 5387 aliquid,
699 5316 839 5371 unde
880 5313 1183 5384 exentplmn
1218 5314 1371 5368 daret
1405 5313 1734 5379 hominibus,
1763 5315 1865 5369 mi-

277 5408 433 5462 nime
460 5409 635 5479 potuit
660 5407 908 5463 inveniri.
941 5405 1274 5461 Vestimenta
1301 5414 1480 5460 autem
1508 5404 1752 5469 Domini,
1782 5419 1867 5459 re—

278 5514 369 5562 cte
391 5506 566 5562 sancti
593 5505 709 5574 ejus
745 5505 1117 5576 accipiuntur,
1162 5510 1300 5558 teste
1335 5501 1592 5572 Apostolo
1621 5501 1713 5572 qui
1745 5502 1820 5555 ait
1849 5520 1862 5556 :

279 5596 598 5670 Quicunque
629 5615 750 5670 ergo
791 5599 846 5653 in
881 5596 1086 5652 Christo
1125 5595 1373 5666 baptizati
1407 5594 1564 5659 estis,
1604 5592 1868 5648 Christum

276 5689 532 5746 induistis
561 5688 703 5764 (Gal.
727 5689 840 5764 tu).
871 5689 1000 5758 Quae
1028 5689 1274 5746 videlicet
1295 5687 1618 5746 vestimenta
1642 5687 1870 5744 Domino

1891 4448 1945 4507 D

1967 1840 2124 1894 dator
2149 1842 2345 1910 aliquis
2381 1843 2464 1896 sui
2489 1847 2734 1912 corporis
2766 1847 2998 1900 eximius
3025 1863 3188 1919 super
3210 1858 3408 1906 terram
3444 1869 3550 1910 non

1964 1939 2180 2002 potest,
2213 1931 2470 1988 Dominus
2513 1933 2676 1989 faciet
2723 1936 2775 1990 in
2818 1937 2978 2004 caelo,
3021 1941 3322 1997 emundans
3366 1944 3552 2000 Eccle-

1966 2025 2124 2091 siam,
2174 2036 2378 2082 vestem
2409 2028 2654 2083 videlicet
2690 2045 2842 2084 suam
2874 2032 2942 2086 ab
2966 2034 3112 2087 omni
3146 2034 3553 2104 inquinamento

1966 2118 2164 2182 carnis,
2199 2128 2253 2173 et
2281 2121 2521 2189 spiritus,
2555 2121 2774 2191 insuper
2792 2132 2991 2178 aeterna
3025 2127 3204 2183 carnis
3237 2144 3302 2185 ac
3334 2133 3553 2201 spiritus

1964 2209 2295 2265 beatitudine
2322 2227 2386 2265 ac
2413 2212 2531 2267 luce
2562 2213 2830 2270 reﬁciens.
2856 2215 3112 2286 Sequitur
3145 2234 3159 2273 :

2035 2299 2106 2352 Et
2139 2317 2254 2354 ecce
2275 2303 2515 2372 apparuit
2535 2302 2640 2358 illis
2677 2303 2882 2374 Moyses
2920 2316 2968 2360 et
2998 2306 3145 2362 Elius
3181 2326 3295 2363 cum
3344 2311 3450 2366 illis
3477 2313 3553 2367 lo-

1963 2399 2198 2462 quentes.
2228 2389 2423 2456 Quales
2449 2395 2833 2462 apparuerint,
2868 2404 2922 2449 et
2947 2397 3073 2465 quid
3097 2398 3260 2453 locuti
3290 2402 3398 2456 sint
3427 2418 3550 2458 cum

1964 2496 2058 2546 eo,
2098 2479 2272 2534 Lucas
2305 2481 2640 2536 manifestius
2667 2483 2888 2551 scribit,
2922 2487 3106 2542 dicens
3137 2506 3150 2542 :
3179 2489 3348 2544 Erant
3377 2503 3551 2547 autem

1965 2571 2171 2641 Moyses
2208 2580 2257 2624 et
2292 2570 2439 2625 Elius
2461 2574 2558 2626 visi
2591 2574 2646 2627 in
2687 2574 2990 2644 majestate,
3027 2587 3072 2631 et
3101 2577 3343 2633 dicebant
3369 2598 3548 2635 exces-

1962 2677 2079 2716 sum
2107 2661 2242 2730 ejus,
2272 2678 2420 2732 quem
2443 2663 2792 2734 completurus
2815 2677 2926 2719 erat
2947 2667 3000 2720 in
3034 2667 3366 2724 Hierusalem
3395 2671 3546 2743 (Luc.

1964 2751 2062 2825 rx).
2097 2752 2310 2824 Moyses
2337 2769 2466 2826 ergo
2498 2763 2554 2809 et
2582 2755 2726 2812 Elias
2749 2797 2763 2822 ,
2797 2757 2889 2828 qui
2929 2757 3093 2813 locuti
3129 2768 3256 2814 sunt
3292 2775 3412 2815 cum
3441 2761 3551 2817 Do-

1959 2843 2110 2897 mino
2135 2843 2188 2897 in
2227 2851 2412 2898 monte
2436 2885 2450 2909 ,
2493 2853 2548 2898 et
2578 2847 2884 2915 passionem
2925 2848 3073 2916 ejus,
3109 2865 3173 2905 ac
3204 2852 3554 2906 resurrectio-

1957 2951 2089 2992 ‘nem
2117 2937 2370 2992 dicebant
2391 2979 2406 3004 ,
2433 2939 2652 2994 oracula
2681 2940 2813 3012 legis
2842 2951 2895 2996 et
2919 2945 3216 3014 prophetia:
3247 2947 3552 3018 designant,

1965 3041 2086 3096 quae
2115 3027 2168 3081 in
2198 3027 2426 3082 Domino
2456 3029 2724 3098 completa
2753 3070 2767 3096 ,
2804 3038 2859 3085 et
2881 3048 3025 3086 nunc
3055 3034 3226 3088 doctis
3252 3037 3552 3106 quibusque

1888 3092 1933 3155 (ἶ
1965 3092 2130 3186 patet,
2160 3125 2215 3171 et
2239 3117 2427 3172 electis
2450 3092 2702 3175 omnibus
2731 3092 2783 3174 in
2820 3120 3004 3177 futuro
3041 3092 3378 3180 manifestius
3405 3092 3557 3196 palle-

1963 3207 2062 3261 bit.
2096 3206 2199 3274 Qui
2243 3209 2380 3264 bene
2415 3209 2514 3264 visi
2544 3210 2598 3263 in
2647 3211 2928 3281 majestate
2973 3214 3244 3278 dicuntur,
3277 3217 3400 3285 quia
3430 3225 3556 3274 tunc

1964 3299 2204 3368 apertius
2228 3301 2496 3357 videbitur
2524 3345 2539 3371 ,
2587 3315 2790 3375 quanta
2820 3307 3060 3363 veritatis
3086 3308 3347 3380 dignitate
3381 3314 3557 3368 omnis

1965 3391 2270 3448 divinorum
2321 3394 2657 3466 eloquiorum
2708 3415 2815 3453 non
2870 3401 3044 3456 solum
3094 3418 3308 3471 sensus,
3361 3406 3454 3461 sed
3501 3417 3556 3462 et

1952 3494 2145 3538 sermo
2198 3483 2360 3538 fuerit
2404 3487 2668 3555 prolatus,
2713 3491 2963 3559 quamvis
2999 3491 3055 3548 in
3099 3492 3283 3566 Moyse
3330 3503 3384 3552 et
3414 3497 3554 3564 Elia,

1965 3587 2155 3628 omnes
2177 3575 2268 3644 qui
2299 3592 2421 3631 cum
2449 3577 2676 3635 Domino
2700 3583 2974 3650 regnaturi
3005 3592 3151 3650 sunt,
3184 3595 3328 3640 recte
3348 3571 3557 3657 possint

1967 3664 2215 3736 intelligi.
2245 3667 2302 3720 In
2341 3669 2523 3739 Moyse
2551 3672 2768 3739 quidem
2786 3712 2800 3736 ,
2833 3675 2922 3741 qui
2949 3683 3204 3730 mortuus
3231 3687 3287 3731 et
3315 3681 3556 3748 sepultus

1967 3765 2072 3820 est,
2103 3757 2160 3810 hi
2189 3759 2279 3827 qui
2321 3760 2375 3813 in
2407 3761 2612 3829 judicio
2647 3763 3006 3817 resuscitandi
3035 3778 3065 3816 a
3087 3775 3302 3832 morte;
3348 3767 3403 3822 in
3437 3769 3554 3825 Elia

1968 3863 2114 3913 vero,
2158 3853 2250 3920 qui
2296 3853 2526 3906 necdum
2561 3854 2753 3908 mortis
2790 3855 3030 3910 debitum
3070 3856 3246 3922 solvit,
3287 3859 3342 3914 hi
3371 3861 3462 3931 qui
3499 3862 3554 3917 in

1970 3942 2200 3996 adventu
2245 3942 2444 4012 judicis
2486 3944 2592 3998 vivi
2634 3945 2939 4000 inveniendi
2981 3948 3194 4002 suntin
3228 3964 3392 4005 carne
3417 3991 3432 4018 ,
3462 3952 3556 4021 qui

1969 4034 2186 4102 utrique
2227 4034 2431 4104 pariter
2461 4033 2514 4088 in
2558 4049 2667 4089 uno
2695 4035 2992 4104 eodemque
3023 4046 3301 4093 momento
3329 4040 3468 4109 rapti
3499 4041 3556 4094 in

1969 4123 2222 4187 nubibus,
2250 4124 2462 4178 obviam
2485 4123 2713 4178 Domino
2742 4123 2796 4178 in
2821 4139 2947 4179 aera
2969 4165 2984 4190 ,
3016 4140 3140 4180 mox
3175 4138 3394 4196 peracto
3411 4127 3556 4197 judi-

1972 4218 2077 4283 cio,
2133 4218 2201 4272 ad
2245 4217 2410 4271 vitam
2452 4217 2822 4287 perducuntur
2867 4225 3145 4271 aeternam.
3193 4217 3401 4285 Quibus
3432 4229 3558 4292 apte

1973 4307 2246 4371 convenit,
2281 4307 2423 4377 quod
2465 4306 2675 4377 Moyses
2715 4314 2770 4361 et
2800 4306 2944 4361 Elias
2988 4307 3042 4361 in
3073 4306 3352 4376 majestate
3387 4309 3558 4368 fuisse

1974 4400 2076 4456 visi
2101 4401 2467 4470 perhibentur.
2500 4398 2602 4454 Per
2634 4397 3008 4453 excellentiam
3045 4414 3276 4468 namque
3305 4402 3558 4472 majesta-

1971 4496 2040 4550 tis
2064 4493 2567 4564 insigne-muneris,
2605 4508 2715 4563 quo
2751 4501 2876 4547 sunt
2921 4493 3216 4548 coronandi
3238 4534 3254 4560 ,
3285 4503 3555 4551 monstra-

1972 4595 2076 4639 tur.
2105 4583 2370 4639 Convenit
2397 4584 2598 4648 ethoc,
2620 4583 2762 4652 quod
2782 4595 3064 4637 excessum
3084 4581 3201 4652 ejus
3223 4598 3383 4652 quem
3407 4598 3552 4640 como

1969 4676 2214 4747 pleturus
2258 4683 2378 4730 erat
2414 4673 2467 4728 in
2503 4671 2860 4738 Hierusalem,
2904 4672 3104 4728 dixisse
3153 4683 3550 4741 memorantur;

1970 4765 2097 4836 quia
2139 4765 2396 4819 nimirum
2443 4765 2604 4819 unica
2632 4764 2806 4820 laudis
2831 4765 3056 4820 materia
3096 4763 3342 4819 fidelibus
3384 4766 3466 4821 sui
3494 4766 3556 4820 ﬁt

1970 4857 2150 4928 passio
2177 4856 2587 4925 Redemptoris;
2624 4857 2750 4926 quia
2772 4863 2974 4925 quanto
3001 4855 3171 4927 magis
3197 4871 3263 4911 ea
3287 4857 3552 4912 memine-

1971 4948 2100 5014 rint,
2133 4947 2300 5018 ipsius
2324 4948 2511 5018 gratia:
2552 4947 2870 5002 memoriam
2904 4947 3099 5002 devoto
3131 4961 3345 5017 semper
3377 4949 3432 5002 in
3462 4963 3556 5017 pe-

1971 5047 2121 5095 ctore
2149 5047 2404 5106 versant,
2434 5039 2623 5094 devota
2663 5037 3002 5094 confessione
3022 5045 3310 5094 testantur.
3352 5038 3554 5092 Verum

1971 5133 2096 5202 quia
2127 5146 2234 5202 quo
2263 5129 2493 5201 amplius
2534 5131 2764 5200 quisque
2794 5131 2918 5184 vita:
2947 5130 3184 5186 cmlestis
3218 5129 3552 5184 dulcedinem

1974 5223 2240 5294 degustat,
2267 5236 2332 5277 eo
2360 5221 2588 5290 amplius
2611 5221 2817 5278 fastidit
2840 5221 3022 5276 omnia
3046 5236 3165 5291 quae
3185 5220 3472 5290 placebant
3496 5221 3551 5276 in

1972 5317 2206 5381 intimis,
2253 5315 2446 5369 merito
2492 5301 2713 5380 Petrus,
2744 5314 2860 5368 visa
2887 5313 3099 5367 Domini
3142 5321 3198 5367 et
3241 5321 3552 5368 sanctorum

1971 5409 2088 5479 ejus
2117 5408 2417 5478 majestate,
2449 5415 2670 5476 repente
2699 5413 2892 5460 cuncta
2934 5420 3054 5475 qua:
3091 5413 3309 5458 noverat
3338 5415 3553 5460 terrena

1971 5499 2308 5555 obliviscitur
2326 5539 2342 5565 ,
2371 5498 2500 5554 solis
2535 5497 2620 5553 his
2641 5513 2762 5569 quae
2792 5496 2941 5552 videt
2961 5502 3222 5566 perpetuo
3252 5495 3554 5550 delectatur

1973 5592 2272 5657 adhaerere,
2307 5591 2495 5646 dicens
2524 5608 2538 5645 :

2046 5684 2291 5753 Domine,
2309 5685 2497 5741 bonum
2522 5695 2597 5740 est
2623 5701 2716 5740 nos
2736 5684 2820 5738 hic
2840 5700 2982 5751 esse;
3005 5685 3049 5740 si
3071 5685 3166 5749 eis,
3191 5683 3448 5755 faciamus
3471 5684 3554 5740 hic
