3998 6188
472 237 577 293 999

1147 231 1207 284 B.
1249 228 1502 284 RABANI
1540 228 1757 285 MAURI
1792 229 2107 286 ARCHIEP.
2147 227 2457 286 MOGUNT.
2499 225 2783 284 OPERUM
2821 226 3001 284 PARS
3036 228 3080 283 Ι.

3582 230 3719 288 1000

469 354 574 407 tria
614 347 974 410 tabernacula,
999 345 1091 400 tibi
1128 361 1320 408 unum,
1354 352 1402 398 et
1434 342 1605 413 Moysi
1630 359 1812 408 unum,
1838 352 1886 396 et
1915 341 2052 397 Elia:
2077 351 2128 413 Α
2155 341 2429 412 Evangelii
2479 340 2627 396 locus
2672 355 2795 395 cum
2833 341 3015 396 verbis
3055 339 3225 412 ipsius
3255 341 3455 416 Moysis
3476 383 3493 411 ,
3530 346 3724 417 quibus

467 457 653 495 unum.
685 437 752 492 Et
781 436 998 506 quidem
1026 436 1218 489 beatus
1251 432 1461 498 Petrus,
1495 433 1636 490 sicut
1659 430 1795 486 alius
1821 445 2051 502 evange-

469 531 591 586 lista
617 537 847 584 testatur
865 567 881 593 ,
911 527 1165 580 nesciebat
1191 525 1318 595 quid
1349 527 1563 590 diceret,
1596 525 1649 579 in
1677 539 1742 579 eo
1767 525 1910 594 quod
1938 537 2052 579 οω-

465 620 586 676 lesti
617 617 1016 675 conversatibni
1066 615 1416 671 tabernacula
1449 614 1693 670 facienda
1723 615 1952 687 putavit.
1989 613 2048 668 In

467 711 555 766 illa
594 725 825 780 namque
863 708 1098 765 caelestis
1139 708 1263 762 vita:
1297 707 1468 777 gloria
1514 708 1705 763 domus
1739 706 2047 762 necessaria

464 819 572 858 non
601 803 733 868 erit,
763 801 852 855 ubi
877 800 1073 856 divinae
1107 798 1577 869 contemplationis
1596 798 1716 853 luce
1741 798 1922 853 omnia
1948 813 2048 868 pa-

464 891 731 956 cificante,
767 907 897 945 aura
921 889 1264 945 adversitatis
1291 887 1519 956 alicujus
1547 888 1782 944 timenda
1803 888 1948 942 nulla
1969 902 2050 942 re-

465 983 724 1047 manebit,
757 990 890 1036 teste
912 980 1155 1050 apostolo
1181 977 1389 1034 Joanne
1415 979 1508 1049 qui
1530 978 1770 1049 ejusdem
1803 993 2049 1047 supernae

463 1073 700 1129 civitatis
727 1072 1028 1128 claritatem
1066 1069 1379 1125 describens
1402 1110 1417 1133 ,
1456 1069 1588 1123 dicit
1626 1069 1767 1123 inter
1794 1068 1897 1122 alia
1931 1086 1943 1121 :
1977 1067 2047 1121 Et

462 1165 708 1236 templum
753 1181 857 1218 non
903 1162 1010 1216 vidi
1038 1163 1093 1215 in
1114 1178 1175 1216 ea
1203 1201 1217 1227 ,
1257 1159 1514 1214 Dominus
1557 1161 1693 1214 enim
1725 1160 2046 1230 omnipotens

462 1253 710 1322 templum
734 1252 877 1306 illius
899 1262 996 1317 est,
1027 1261 1074 1306 et
1095 1267 1259 1321 agnus
1287 1249 1470 1320 (Apoc.
1496 1247 1634 1320 XXI).
1663 1247 1769 1304 Sed
1789 1249 1928 1304 bene
1953 1263 2049 1304 no-

461 1350 618 1398 verat
647 1343 776 1412 quid
805 1343 1031 1407 diceret,
1063 1357 1187 1396 cum
1217 1341 1292 1394 ait
1324 1358 1336 1392 :
1367 1339 1610 1405 Domine,
1637 1339 1830 1394 bonum
1859 1348 1931 1392 est
1962 1338 2046 1392 hic

459 1451 605 1499 esse;
639 1433 765 1502 quia
806 1447 993 1488 revera
1025 1432 1197 1486 solum
1241 1430 1477 1487 hominis
1501 1431 1705 1486 bonum
1729 1437 1813 1485 est
1841 1429 2047 1485 intrare

459 1527 514 1581 in
560 1526 814 1597 gaudium
858 1524 1072 1580 Domini
1113 1525 1229 1590 sui,
1267 1531 1323 1578 et
1371 1522 1498 1578 huic
1537 1521 1951 1591 contemplando
1991 1522 2047 1576 in

459 1625 724 1673 aeternum
749 1616 1040 1681 assistere;
1073 1615 1216 1669 unde
1262 1616 1456 1668 merito
1495 1612 1632 1667 nihil
1657 1628 1892 1682 unquam
1918 1611 2044 1668 boni

2151 430 2508 502 incarnationi
2541 429 2834 486 Dominicis
2857 432 3229 486 testimonium
3261 432 3463 500 ferens,
3502 435 3677 492 aiebat
3706 455 3723 490 :

2148 517 2465 590 Prophetam
2492 521 2633 574 vobis
2654 521 2922 576 suscitabit
2951 521 3206 577 Dominus
3238 522 3377 579 Deus
3397 535 3578 593 vester,
3605 537 3728 581 tan-

2147 629 2305 684 quam
2347 611 2599 683 mcipsum
2646 613 2905 678 audietis,
2943 612 3106 683 juxta
3139 614 3315 668 omnia
3361 631 3480 685 qua:
3525 616 3730 672 locutus

2149 703 2306 774 fuerit
2326 703 2489 758 vobis.
2515 700 2632 756 Erit
2661 712 2836 758 autem
2860 703 3026 757 omnis
3055 705 3258 771 anima,
3283 721 3603 778 quaecunque
3626 725 3728 764 non

2148 795 2376 850 audierit
2427 794 2730 865 prophetam
2771 793 2954 860 illum,
3008 795 3443 850 exterminabitur
3483 797 3547 852 de
3588 799 3732 869 plebe

2149 886 2328 960 (Deut.
2365 886 2544 958 xvm).
2591 885 2762 954 Quem
2808 900 2937 956 ergo
2975 886 3204 959 Moyses,
3255 902 3380 943 cum
3425 889 3632 943 venerit
3674 890 3729 946 in

2147 995 2312 1036 carne
2337 979 2662 1035 audiendum
2689 977 2758 1033 ab
2786 979 2934 1034 omni
2962 979 3141 1034 anima
3177 994 3300 1050 qua:
3327 978 3524 1034 salvari
3556 979 3729 1044 vellet,

2146 1069 2433 1138 praedixit,
2461 1068 2605 1123 hunc
2641 1066 2755 1137 jam
2781 1067 3088 1124 venientem
3117 1068 3172 1123 in
3205 1083 3370 1125 carne
3403 1069 3543 1125 Deus
3573 1069 3732 1126 Pater

2148 1159 2472 1214 audiendum
2513 1156 2790 1228 discipulis
2817 1157 3086 1224 ostendit,
3122 1164 3178 1214 et
3212 1173 3370 1213 suum
3416 1172 3539 1215 esse
3564 1158 3730 1215 filium

2148 1251 2356 1308 caelesti
2383 1265 2513 1307 voce
2538 1249 2799 1322 signavit;
2830 1259 2886 1305 et
2903 1250 3059 1321 quasi
3081 1249 3426 1306 manifestius
3448 1249 3607 1306 ﬁdem
3633 1251 3728 1305 ad-

2145 1351 2340 1399 ventus
2367 1342 2482 1414 ejus
2512 1341 2619 1397 illis
2640 1342 2920 1398 insiuuaus
2951 1356 2966 1396 :
3006 1341 3107 1398 Hic
3147 1341 3254 1409 vir,
3286 1342 3503 1414 inquit,
3537 1345 3626 1400 hic
3650 1355 3729 1400 est

2147 1434 2259 1501 ille,
2283 1449 2447 1505 quem
2470 1433 2681 1504 Moyses
2709 1435 2810 1489 iste
2835 1433 2990 1490 vobis
3014 1434 3211 1505 saepius
3239 1434 3294 1488 in
3323 1434 3526 1490 mundo
3554 1437 3728 1490 nasci-

2148 1535 2327 1583 turum
2349 1525 2620 1597 promisit.
2649 1524 2819 1597 Hujus
2837 1525 3017 1582 verbis
3032 1525 3188 1596 juxta
3214 1536 3547 1598 prteceptum
3569 1528 3730 1599 ipsius

2149 1618 2348 1690 Moysis
2369 1657 2383 1683 ,
2427 1625 2483 1672 et
2507 1632 2606 1673 vos
2637 1616 2964 1683 auscultate,
3008 1624 3063 1672 et
3108 1630 3298 1672 omnes
3324 1617 3436 1672 veri
3466 1626 3730 1673 amatores

458 1707 574 1760 veri
603 1707 858 1761 habuisse
892 1705 1164 1774 putandus
1210 1710 1312 1768 est,
1355 1703 1442 1758 cui
1471 1711 1623 1756 reatu
1661 1716 1760 1756 suo
1797 1701 2047 1772 exigente
2078 1700 2122 1760 Β
2150 1708 2458 1765 auscultare
2490 1707 2694 1778 jubere.
2745 1707 2812 1762 Et
2861 1708 3182 1775 notandum,
3231 1708 3371 1763 sicut
3418 1708 3646 1764 Domino
3680 1710 3727 1765 in

461 1797 689 1868 contigit
731 1811 1004 1864 nunquam
1037 1795 1117 1848 sui
1145 1792 1336 1848 faciem
1363 1793 1550 1848 videre
1576 1792 1859 1847 creatoris.
1891 1791 2045 1860 Quod

460 1888 506 1942 si
552 1888 742 1943 beatus
770 1885 964 1940 Petrus
1008 1883 1362 1956 glorificatam
1412 1883 1614 1938 Christi
1651 1882 2045 1952 humanitatem

459 1975 874 2045 contemplatus,
917 1982 1069 2027 tanto
1096 1971 1326 2026 afﬁcitur
1359 1971 1587 2042 gaudio,
1633 1981 1691 2026 ut
1739 1970 2046 2026 nullatenus

459 2069 528 2124 ab
553 2066 670 2136 ejus
696 2066 890 2120 intuitu
917 2065 1044 2121 velit
1073 2065 1316 2130 secerni,
1355 2063 1483 2133 quid
1508 2064 1804 2134 putandum
1830 2071 1914 2119 est
1940 2062 2045 2119 illis

460 2155 639 2210 inesse
665 2153 848 2226 gaudii
877 2153 1248 2217 beatitudinis,
1278 2152 1368 2222 qui
1396 2152 1696 2207 divinitatis
1722 2150 1838 2220 ejus
1865 2151 2046 2206 altitu-

458 2246 639 2302 dinem
670 2246 852 2301 videre
887 2245 1223 2300 meruerint?
1263 2245 1331 2299 Et
1371 2245 1417 2301 si
1449 2261 1570 2300 cum
1602 2245 1812 2300 duobus
1833 2253 2045 2300 tantum

457 2337 683 2402 sanctis,
713 2335 894 2406 Moyse
933 2335 1184 2392 videlicet
1229 2343 1285 2392 et
1312 2335 1462 2403 Elia,
1505 2335 1948 2408 transﬁguratam
1989 2335 2045 2391 in

459 2435 644 2482 monte
676 2426 909 2482 hominis
935 2425 1138 2481 Christi
1168 2427 1401 2498 speciem
1435 2427 1620 2483 videre
1646 2428 1847 2484 bonum
1876 2427 2045 2483 maxi-

459 2535 606 2573 mum
627 2519 800 2585 duxit,
839 2519 960 2588 quis
993 2535 1172 2576 sermo
1195 2520 1469 2590 explicare
1487 2560 1502 2587 ,
1535 2520 1657 2591 quis
1683 2535 1875 2577 sensus
1901 2520 2045 2577 valet

459 2607 944 2676 comprehendere,
983 2619 1185 2678 quanta
1213 2609 1323 2665 sint
1349 2609 1544 2681 gaudia
1568 2610 1839 2681 justorum
1865 2651 1880 2677 ,
1919 2626 2045 2666 cum

456 2699 785 2754 accesserint
813 2699 880 2753 ad
909 2697 1036 2754 Sion
1068 2709 1414 2767 montem,.et
1438 2700 1715 2757 civitatem
1741 2701 1838 2756 Dei
1861 2701 2048 2756 viven-

460 2790 531 2845 tis
570 2789 907 2846 Hierusalem
946 2790 1143 2864 (Hebr.
1193 2791 1340 2863 xn),
1387 2801 1443 2846 et
1489 2791 1780 2848 multorum
1817 2791 2044 2847 millium

457 2882 770 2954 angelorum
804 2881 1188 2953 frequentiam,
1228 2882 1512 2958 ipsumque
1536 2881 1773 2938 civitatis
1801 2879 2043 2952 ejusdem

458 2976 745 3042 artificem,
775 2984 830 3032 et
852 2976 1187 3031 conditorem
1212 2975 1379 3030 Deum
1401 2989 1508 3030 non
1539 2989 1638 3044 per
1658 2974 1958 3045 speculum,
1990 2981 2046 3030 et

460 3065 516 3121 in
552 3067 841 3137 amigmate
880 3067 1021 3122 sicut
1048 3082 1192 3122 nunc
1214 3107 1230 3133 ,
1261 3065 1356 3123 sed
1391 3065 1530 3122 facie
1563 3063 1631 3120 ad
1664 3063 1861 3120 faciem
1905 3077 2039 3119 con-
2067 3051 2112 3115 C

459 3157 843 3230 spexerint?(1
867 3156 992 3213 Cor.
1020 3159 1164 3231 xm.)
1186 3160 1261 3216 De
1286 3174 1392 3230 qua
1420 3159 1627 3216 visione
1653 3159 1785 3216 dicit
1807 3160 1921 3229 ipse
1942 3157 2043 3214 Pe-

461 3260 596 3314 trus,
643 3249 868 3319 loquens
901 3251 967 3305 de
995 3250 1224 3306 Domino
1267 3252 1514 3309 fidelibus
1561 3270 1574 3306 :
1620 3249 1689 3306 In
1715 3268 1866 3323 quem
1903 3267 2041 3305 nunc

456 3360 661 3414 quoque
701 3359 806 3398 non
854 3343 1082 3399 videntes
1122 3346 1332 3400 creditis
1357 3385 1373 3412 ,
1427 3361 1578 3418 quem
1623 3362 1742 3399 cum
1787 3343 2037 3408 videritis,

455 3432 785 3486 ea‘sultabitis
803 3431 989 3487 lwtitia
1012 3433 1355 3488 inenarrabili
1369 3443 1416 3488 et
1436 3433 1732 3505 gloriﬁcata
1747 3433 1800 3504 (I
1815 3428 1959 3488 Petr.
1977 3430 2038 3504 ι).

529 3524 714 3579 Adhuc
743 3540 801 3578 eo
826 3523 1064 3595 loquente
1088 3565 1103 3592 ,
1138 3542 1252 3581 ecce
1299 3526 1458 3581 nubes
1497 3525 1676 3580 lucida
1721 3525 2041 3580 obumbravit

457 3633 565 3671 eos.
593 3615 693 3682 Qui
717 3616 998 3670 materiale
1030 3616 1433 3672 tabernaculum
1465 3616 1735 3688 quaesivit,
1766 3616 1925 3671 nubis
1952 3629 2044 3671 ac-

458 3709 589 3779 cipit
627 3708 1022 3774 umbraculum,
1070 3716 1131 3762 ut
1171 3707 1344 3763 discat
1391 3709 1447 3763 in
1495 3708 1893 3764 resurrectione
1932 3721 2042 3762 non

460 3798 692 3870 tegmine
720 3797 1018 3862 domorum,
1045 3796 1140 3852 sed
1171 3795 1406 3867 Spiritus
1435 3797 1610 3852 sancti
1635 3795 1803 3868 gloria
1823 3803 2042 3852 sanctos

459 3905 580 3944 esse
609 3888 992 3960 protegendos,
1021 3888 1087 3943 de
1112 3902 1216 3957 qua
1241 3886 1531 3942 Psalmista
1556 3887 1633 3941 ait
1662 3904 1675 3940 :
1707 3885 1837 3940 Filii
1864 3893 2040 3940 autem

454 3981 727 4034 hominum
773 3980 828 4033 in
879 3980 1194 4050 protectione
1243 3977 1452 4033 alarum
1501 3987 1713 4032 tuarum
1758 3977 2040 4049 sperabunt

458 4071 631 4142 (Psal.
658 4071 846 4143 xxxv).
875 4071 942 4125 Et
961 4071 1014 4125 in
1038 4069 1356 4142 Apocalypsi
1389 4085 1484 4126 sua
1513 4067 1747 4126 Joannes
1773 4087 1787 4124 :
1818 4069 1887 4124 Et
1915 4079 2035 4125 tem-

451 4168 618 4238 plum,
645 4166 842 4236 inquit,
868 4183 974 4220 non
990 4166 1095 4220 vidi
1118 4167 1173 4220 in
1193 4182 1276 4220 ea.
1301 4165 1555 4220 Dominus
1571 4166 1891 4237 omnipotens
1909 4175 2038 4222 tem-

451 4256 597 4327 plum
615 4255 758 4309 illius
779 4264 854 4310 est
878 4265 928 4311 et
954 4272 1122 4328 agnus
1161 4254 1345 4327 (Apoc.
1374 4255 1510 4328 XXI).

527 4347 593 4401 Et
617 4364 732 4402 ecce
756 4364 854 4402 vos:
873 4347 937 4402 de
959 4346 1090 4402 nube
1117 4345 1334 4401 dicens:
1361 4345 1463 4401 Hic
1493 4355 1566 4401 est
1589 4345 1756 4402 Filius
1778 4365 1922 4404 meus
1953 4349 2037 4404 di-

453 4435 636 4503 lect-us,
674 4438 730 4492 in
773 4453 875 4509 quo
918 4437 1047 4492 mihi
1087 4438 1212 4492 bene
1252 4437 1575 4509 complacui;
1617 4439 1788 4510 ipsum
1833 4439 2033 4495 audite.

455 4523 734 4594 (Hierom)
762 4525 900 4592 Quia
943 4525 1312 4596 imprudenter
1360 4525 1856 4596 interrogaverunt,
1909 4543 2034 4598 pro-

453 4623 640 4684 pterea
671 4616 1075 4684 responsionem
1102 4617 1313 4671 Domini
1351 4632 1460 4672 non
1487 4625 1782 4683 merentur,
1811 4619 1905 4674 sed
1932 4617 2034 4672 Pa-

451 4713 537 4759 ter
565 4707 856 4777 respondet
881 4723 981 4778 pro
1006 4708 1142 4763 Filio
1165 4749 1180 4776 ,
1211 4717 1272 4764 ut
1297 4710 1518 4765 verbum
1545 4708 1759 4766 Domini
1790 4711 2030 4782 comple-

453 4803 645 4850 retur:
673 4796 783 4867 Ego
809 4797 1159 4854 testimonium
1203 4815 1305 4854 non
1332 4800 1448 4854 dico
1472 4817 1566 4872 pro
1604 4818 1706 4869 me,
1743 4803 1834 4856 sed
1870 4800 2032 4858 Pater

449 4889 541 4959 qui
567 4888 705 4942 misit
739 4904 849 4954 me,
881 4887 986 4958 ipse
1001 4905 1096 4959 pro
1119 4906 1199 4943 me
1227 4890 1350 4944 dicit
1369 4891 1722 4946 testimonium
1743 4891 1925 4963 (Joan.
1950 4891 2026 4964 v).

452 4978 568 5033 Vox
593 4993 808 5049 quoque
835 4977 902 5032 de
929 4978 1067 5033 caelo
1110 4980 1287 5036 Patris
1326 4979 1594 5051 loquentis
1635 4981 1883 5048 auditur,
1911 4998 2032 5052 qua:

452 5069 820 5124 testimonium
847 5070 1127 5140 perhibeat
1171 5087 1268 5142 pro
1296 5069 1435 5126 Filio
1459 5113 1474 5139 ,
1517 5081 1573 5128 et
1601 5071 1819 5129 Petrum
1846 5087 2032 5128 errore

450 5159 664 5216 sublato
685 5160 875 5216 doceat
904 5163 1212 5229 veritatem,
1242 5162 1350 5218 imo
1378 5163 1433 5218 in
1462 5163 1624 5220 Petro
1651 5174 1878 5223 caeteros
1905 5183 2033 5238 apo—

447 5249 618 5306 stolas
647 5269 662 5304 :
699 5251 804 5306 Hie
835 5262 943 5319 est,
973 5254 1070 5319 ait,
1117 5253 1287 5308 Filius
1322 5270 1466 5308 meus
1497 5255 1855 5312 charissimus.
1895 5256 2032 5313 Huic

450 5342 720 5414 figendum
767 5354 851 5400 est
885 5347 1312 5414 tabernaculum,
1355 5348 1481 5403 huic
1521 5343 2024 5421 obtemperandum.

451 5431 549 5490 Hic
577 5444 660 5490 est
689 5435 850 5504 filius,
881 5437 958 5492 illi
985 5439 1126 5493 servi
1146 5447 1272 5494 sunt
1299 5438 1511 5510 Moyses
1535 5450 1590 5496 et
1614 5443 1793 5510 Elias;
1833 5445 2030 5500 debent

449 5531 504 5577 et
532 5525 632 5595 ipsi
669 5528 946 5584 vobiscum
985 5530 1040 5584 in
1069 5531 1437 5601 penetralibus
1479 5534 1659 5589 cordis
1683 5536 1766 5590 sui
1801 5537 2027 5592 Domino

452 5615 852 5674 tabernaculum
891 5637 1213 5693 praeparare.
1245 5623 1424 5695 (llam)
1452 5623 1754 5682 Concordat
1782 5643 1910 5684 sane
1940 5629 2025 5684 hic

2145 1799 2380 1874 Iordane
2404 1800 2709 1870 baptizata,
2739 1799 2818 1855 sic
2849 1806 2905 1854 et
2940 1800 2996 1855 in
3040 1809 3224 1855 monte
3249 1799 3548 1856 clarificato
3574 1802 3731 1856 totius

2146 1896 2349 1945 sanctae
2395 1887 2676 1943 Trinitatis
2705 1889 3021 1960 mysterium
3056 1887 3394 1956 declaratur;
3421 1889 3551 1959 quia
3579 1889 3729 1944 nimi-

2146 1995 2267 2033 rum
2295 1978 2522 2049 glOriam
2545 1977 2682 2048 ejus,
2713 1993 2876 2050 quam
2904 1978 2960 2032 in
2991 1978 3263 2048 baptismo
3289 1979 3577 2034 credentes
3605 1993 3728 2033 con-

2145 2071 2382 2139 fitemur,
2435 2072 2490 2127 in
2545 2072 2946 2128 resurrectione
2987 2072 3237 2128 videntes
3285 2071 3725 2128 collaudabimus.

2145 2161 2256 2220 Nec
2288 2162 2490 2220 frustm
2511 2163 2746 2236 Spiritus
2767 2174 2988 2222 sanctus
3018 2165 3107 2222 hic
3128 2165 3184 2221 in
3213 2165 3391 2222 lucida
3421 2167 3585 2232 nuhe,
3615 2166 3722 2222 illic

2145 2255 2439 2325 apparebat
2466 2254 2523 2310 in
2543 2255 2792 2312 columba
2815 2296 2830 2321 ,
2855 2257 2982 2327 quia
3005 2257 3099 2327 qui
3140 2273 3285 2312 nunc
3311 2257 3547 2328 simplici
3571 2260 3728 2314 corde

2145 2341 2309 2399 ﬁdem
2331 2360 2493 2415 quam
2514 2347 2746 2417 percipit
2768 2355 2969 2415 servat,
2993 2356 3122 2404 tunc
3143 2347 3262 2404 luce
3283 2358 3486 2420 apertae
3513 2350 3730 2407 visionis

2145 2440 2290 2510 quod
2330 2441 2636 2497 crediderat
2685 2442 3160 2513 contemplabitur,
3203 2443 3428 2515 ipsaque
3462 2459 3571 2516 qua
3609 2444 3729 2500 illu-

2146 2531 2411 2586 strabitur
2433 2532 2487 2586 in
2518 2540 2836 2604 perpetuum
2860 2534 3033 2604 gratia
3066 2542 3398 2607 protegetur.

2217 2619 2286 2674 Et
2318 2622 2588 2678 audientes
2617 2623 2862 2695 discipuli
2901 2624 3198 2680 ceciderunt
3217 2627 3286 2680 'in
3329 2626 3512 2697 faciem
3551 2644 3726 2682 suam.

2145 2708 2416 2785 (Ηὶενοη.)
2445 2711 2733 2784 Triplicem
2755 2715 2825 2770 ob
2845 2730 3063 2771 causam
3085 2731 3286 2787 pavore
3309 2726 3617 2780 terrentur:
3647 2719 3732 2774 vel

2144 2802 2272 2873 quia
2297 2817 2355 2860 se
2383 2817 2595 2860 errasse
2622 2815 3026 2877 cognoverant,
3063 2808 3146 2863 vel
3181 2809 3310 2880 quia
3355 2812 3531 2867 nubes
3557 2811 3729 2866 lucida

2143 2903 2433 2966 Operuerat
2458 2911 2553 2952 eos
2572 2936 2587 2961 ,
2615 2906 2711 2952 aut
2740 2897 2866 2967 quia
2905 2898 2999 2954 Dei
3025 2898 3205 2955 Patris
3234 2915 3427 2956 vocem
3462 2901 3732 2972 loquentis

2145 2984 2445 3041 audierant.
2501 2985 2748 3042 Humana
2798 2987 3062 3061 fragilitas
3104 3000 3457 3060 conspectum
3512 2992 3732 3062 majoris

2144 3077 2330 3149 glorize
2369 3077 2510 3133 ferre
2534 3094 2640 3134 non
2669 3081 2941 3147 sustinet,
2977 3096 3042 3136 ac
3071 3089 3187 3138 toto
3209 3082 3393 3139 animo
3422 3092 3477 3139 et
3505 3099 3732 3155 corpore

2143 3166 2570 3223 contremiseens
2619 3168 2673 3223 in
2719 3179 2923 3225 terram
2966 3170 3143 3239 cadit;
3194 3171 3322 3242 quia
3362 3182 3565 3243 quanto
3613 3174 3733 3244 quis

2143 3258 2405 3329 ampliora
2439 3260 2753 3330 quaesierit,
2800 3270 2952 3318 tanto
2998 3265 3172 3333 magis
3219 3265 3288 3319 ad
3322 3263 3581 3322 inferiora
3617 3267 3732 3323 eol-

2143 3348 2366 3418 labitur,
2393 3351 2439 3406 si
2463 3351 2792 3422 ignoraverit
2821 3368 3131 3410 mensuram
3158 3371 3335 3412 suam.

2214 3464 2286 3518 Et
2314 3465 2530 3521 accessit
2551 3465 2732 3532 Iesus,
2756 3475 2805 3522 et
2831 3468 2998 3539 tetigit
3025 3484 3132 3523 eos.
3165 3467 3458 3544 (MLUIUS.)
3487 3469 3625 3538 Quia
3656 3469 3732 3524 illi

2136 3553 2391 3625 iacebant
2412 3595 2428 3622 ,
2464 3563 2522 3612 et
2556 3570 2780 3628 surgere
2813 3573 2920 3614 non
2955 3568 3241 3629 poterant,
3281 3560 3395 3629 ipse
3433 3560 3734 3616 clementer

2143 3645 2384 3716 accedit,
2418 3657 2474 3704 et
2512 3649 2684 3720 tangit
2719 3662 2844 3716 eos,
2881 3658 2944 3705 ut
2979 3658 3127 3708 tactu
3163 3653 3408 3708 timorem
3448 3651 3642 3724 fuget,
3683 3663 3735 3709 et

2142 3735 2422 3794 debilitata
2447 3740 2688 3796 membra
2721 3741 3043 3798 solidentur.

2214 3850 2460 3923 Dixitque
2497 3853 2572 3907 eis
2600 3869 2619 3907 :
2655 3851 2864 3924 Surgite
2895 3864 2941 3910 et
2976 3854 3136 3911 nolite
3163 3857 3361 3912 timere.
3393 3856 3542 3926 Quos
3570 3874 3737 3914 manu

2140 3939 2300 3998 Iesus
2339 3952 2662 4011 sanaverat,
2703 3954 2861 4000 sanat
2895 3954 2950 4001 et
2991 3946 3236 4019 imperio.
3285 3948 3531 4005 Primum
3571 3950 3738 4006 timor

2141 4031 2461 4103 expellitur,
2494 4041 2555 4088 ut
2582 4043 2771 4104 postea
2809 4036 3054 4092 doctrina
3085 4038 3351 4094 tribuatur
3377 4057 3392 4094 :
3422 4041 3550 4112 quia
3577 4057 3738 4097 mens

2139 4137 2435 4193 pavescens
2461 4133 2518 4179 et
2543 4125 2692 4179 varia
2721 4125 2967 4198 cogitans
2998 4127 3204 4182 intenta
3229 4143 3338 4184 non
3363 4131 3470 4185 erit
3499 4132 3731 4186 auditui.

2139 4214 2421 4272 Libentius
2454 4216 2600 4273 enim
2635 4226 2784 4275 metu
2819 4218 3034 4276 sublato
3069 4221 3311 4279 dicendis
3353 4223 3602 4280 auditum
3633 4225 3734 4279 ad-

2139 4309 2325 4364 mittit.

2211 4425 2459 4481 Levantes
2491 4437 2662 4483 autem
2692 4429 2869 4486 oculos
2894 4448 3017 4486 suos
3047 4435 3305 4489 neminem
3333 4435 3598 4501 viderunt,
3635 4436 3738 4490 nisi

2139 4516 2309 4572 solum
2336 4515 2539 4573 Iesum.
2567 4517 2838 4594 (Hierom)
2869 4521 2926 4578 Si
2966 4523 3176 4596 Moyses
3205 4535 3260 4580 et
3293 4525 3437 4581 Elias
3468 4542 3740 4598 perseve-

2140 4618 2354 4664 rassent
2392 4625 2515 4665 cum
2547 4611 2774 4670 Domino
2795 4655 2808 4680 ,
2841 4613 3020 4672 Patris
3059 4632 3164 4673 vox
3193 4618 3470 4674 videretur
3498 4621 3741 4685 incerta,

2137 4703 2223 4757 cui
2249 4704 2588 4774 potissimum
2633 4705 2787 4761 daret
2825 4709 3209 4764 testimonium.
3249 4711 3444 4766 Vident
3481 4725 3620 4784 ergo
3643 4712 3740 4770 Je-

2137 4807 2255 4846 sum
2287 4801 2539 4860 stantem,
2573 4793 2749 4851 ablata
2775 4797 2951 4864 nube,
2979 4807 3034 4854 et
3063 4798 3282 4870 Moysen
3306 4809 3361 4856 et
3391 4799 3570 4857 Eliam
3600 4818 3738 4858 eva-

2134 4882 2334 4938 nuisse.
2368 4883 2502 4951 Quia
2537 4893 2820 4955 postquam
2864 4887 2996 4959 legis
3023 4897 3078 4944 et
3118 4891 3506 4962 prophetarum
3536 4894 3745 4950 umbra

2133 4975 2459 5030 discesserat
2505 4991 2626 5046 quae
2671 4977 2974 5035 velamento
3027 4997 3124 5037 suo
3169 4983 3443 5053 apostolos
3493 4994 3738 5051 texerat,

2131 5074 2423 5136 utrumque
2453 5066 2506 5120 in
2538 5067 2829 5140 Evangelio
2858 5072 3146 5141 reperitur.

2205 5178 2316 5252 [IL]
2351 5178 2418 5233 Et
2455 5180 2882 5236 descendentibus
2916 5183 3021 5238 illis
3058 5184 3123 5238 de
3150 5195 3322 5240 monte
3355 5190 3610 5259 precepit
3637 5189 3738 5244 Je-

2135 5287 2224 5325 sus
2251 5271 2426 5326 dicens
2457 5289 2475 5326 :
2517 5273 2729 5329 Nemini
2759 5275 2996 5329 dixeritis
3032 5277 3311 5343 visionem,
3350 5278 3519 5334 donec
3552 5279 3739 5334 Filius

2135 5363 2359 5416 hominis
2388 5381 2421 5417 a
2443 5365 2664 5420 mortuis
2691 5377 2947 5437 resurgat.
2976 5367 3164 5423 Futuri
3194 5371 3344 5440 regni
3375 5373 3738 5440 praemedita-

2133 5453 2242 5520 tio,
2287 5463 2342 5510 et
2377 5455 2546 5526 gloria
2592 5457 2975 5528 triumphantis
3027 5461 3394 5518 demonstrata
3446 5462 3633 5519 fuerat
3683 5465 3740 5517 in

2133 5554 2335 5599 monte.
2369 5543 2485 5600 Non
2520 5545 2633 5600 vult
2661 5562 2790 5616 ergo
2817 5549 2921 5604 hoc
2952 5549 3008 5604 in
3046 5551 3271 5622 populos
3295 5554 3618 5623 praedicari,
3670 5570 3746 5607 ne

2132 5643 2186 5689 et
2215 5635 2528 5693 incredibile
2555 5647 2700 5694 esset
2720 5654 2832 5710 prae
2855 5641 2932 5696 rei
2965 5643 3353 5714 magnitudine,
3377 5655 3433 5700 et
3458 5655 3581 5715 post
3605 5655 3744 5699 tan-
