4006 6194
312 257 431 313 1001

1337 244 1686 314 COMMENT.
1727 242 1793 298 1N
1835 242 2271 300 ΜΛΤΤΙΙᾸΞΗΜ.
2312 273 2361 281 α-
2418 240 2542 311 LIB.
2583 243 2648 300 ν..

3430 242 3571 303 1002

311 382 412 426 tam
446 369 668 441 gloriam
698 369 836 439 apud
858 367 1027 425 rudes
1058 367 1266 449 animos
1302 380 1537 436 sequens
1560 380 1692 422 crux
1731 379 1888 420 scan-
1916 362 1963 417 Α
1991 362 2232 417 cursoris
2268 363 2542 431 sui‘quam
2567 376 2681 433 iam
2720 362 3038 432 completam
3069 364 3390 431 cernebant,
3414 364 3578 422 disei~

316 462 492 517 dalun‘t
521 459 745 515 faceret.
994 514 1001 519 ,

383 551 445 604 Et
487 552 944 619 interrogaverunt-
970 566 1093 603 eum
1132 546 1378 620 discipuli
1422 545 1649 602 dicentes
1695 561 1712 598 :
1757 545 1897 613 Quid

315 657 426 713 ergo
461 640 657 694 scriba!
679 638 861 703 dicunt
883 680 896 703 ,
922 639 1062 719 quod
1108 638 1286 693 Etiam
1326 647 1525 709 oportet
1551 639 1778 709 primum
1809 654 1895 693 ve-

312 734 437 786 nire.
479 730 592 785 Nisi
631 745 824 785 causas
871 731 1180 800 noverimus
1225 744 1394 799 quare
1444 729 1899 807 interrogaverint

315 821 554 893 discipuli
582 837 742 892 super
772 821 901 875 Elim
924 821 1166 887 nomine,
1200 820 1361 877 stulta
1388 821 1603 876 videtur
1630 829 1684 877 et
1716 828 1900 875 extra-

312 913 579 971 ordinaria
610 927 794 968 eorum
824 912 1197 981 interrogatio.
1227 910 1363 979 Quid
1394 913 1538 983 enim
1565 913 1800 983 pertinet
1829 911 1897 971 ad

311 1022 370 1062 ea
411 1020 537 1075 quae.
571 1019 733 1074 supra
773 1004 917 1060 dicta
958 1013 1116 1070 sunt,
1158 1004 1228 1063 de
1265 1005 1389 1075 Elia,
1419 1013 1476 1074 et
1513 1005 1745 1060 adventu
1781 1002 1900 1074 ejus

314 1096 588 1167 quaerere?
615 1095 858 1151 Traditio
882 1092 1283 1151 Phariszeorum
1296 1106 1380 1151 est
1398 1096 1556 1167 juxta
1577 1096 1896 1152 Malachiam

280 1187 799 1261 .prophetam,.qui
833 1196 915 1242 est
959 1187 1286 1247 uovissirtius
1320 1190 1377 1243 in
1409 1188 1729 1254 duodecim,
1753 1190 1899 1260 quod

312 1278 450 1334 Elias
492 1278 673 1334 veniat
716 1287 842 1359 ante
882 1279 1172 1347 adventum
1218 1276 1542 1346 Salvatoris,
1585 1289 1641 1335 et
1677 1281 1921 1348 reducat~

306 1369 469 1423 corda
501 1376 716 1449 patrum
746 1369 814 1424 ad
841 1369 981 1424 ﬁlios
1000 1410 1014 1435 ,
1046 1377 1109 1425 et
1138 1369 1373 1454 ﬁliorum
1411 1371 1479 1425 ad
1504 1373 1705 1441 patres,
1730 1379 1785 1427 et
1809 1388 1915 1428 re—-

311 1458 499 1513 stituat
542 1458 721 1513 omnia
771 1458 843 1513 in»,
878 1459 1159 1528 antiquum
1211 1460 1413 1517 statum
1468 1457 1738 1531 (Malaclt.
1789 1461 1896 1533 tv).

310 1546 604 1605 AZStimant
645 1564 775 1621 ergo
828 1550 1095 1620 discipuli
1128 1549 1675 1623 transl’ormationemr
1716 1552 1901 1624 gloriae

311 1639 448 1694 hanc
487 1654 606 1695 esse
644 1655 805 1711 quam
847 1640 901 1694 in
937 1649 1121 1696 monte
1156 1642 1436 1709 viderant-,
1472 1653 1527 1699 et
1563 1644 1750 1700 dicunt
1792 1665 1804 1700 :
1841 1645 1897 1702 Si

302 1731 417 1802 jam
457 1724 649 1788 Venisti
692 1733 744 1788 in
770 1726 974 1804 gloria,
1004 1735 1276 1803 quomodo
1303 1724 1612 1807 prmcursor
1647 1745 1769 1793 tuus
1795 1755 1900 1794 non

307 1825 578 1895 apparet?
619 1822 867 1899 Maxime
896 1826 1023 1895 quia
1072 1826 1243 1881 Eliam
1288 1827 1538 1882 viderant
1588 1829 1898 1884 recessisse.

306 1912 539 1987 Quando
574 1924 754 1971 autem
788 1915 1048 1985 adjiciunt
1080 1931 1095 1970 :
1128 1915 1327 1972 Seribw
1354 1917 1532 1971 dicunt
1557 1918 1698 1989 quod
1725 1918 1902 1974 Eliam

305 2013 548 2074 oporteat
582 2005 819 2075 primum
839 2004 1026 2070 venire,
1058 2005 1291 2079 primum
1317 2004 1545 2062 dicendo
1564 2046 1579 2072 ,
1610 2007 1905 2065 ostendunt

302 2094 452 2171 quod
482 2094 584 2153 nisi
616 2095 759 2153 Elias
784 2096 1018 2165 venerit,
1042 2106 1153 2161 non
1181 2096 1253 2152 sit
1276 2097 1571 2154 secundum
1592 2095 1905 2169 Scriptores

306 2184 615 2242 Salvatoris
646 2176 928 2244 adventus.
996 2250 1007 2265 Ι
1089 2178 1097 2184 ’
1858 2196 1863 2205 ’

377 2277 933 2348 Atillerespondens,
961 2281 1035 2335 ait
1071 2283 1145 2337 eis
1176 2298 1195 2336 :
1229 2280 1377 2339 Elius
1413 2283 1623 2354 quidem
1658 2293 1903 2341 uenturus

304 2376 403 2432 est,
433 2376 484 2421 et
500 2368 751 2433 ,,restituet
781 2370 978 2423 omnia.
1017 2369 1213 2443 (me).
1239 2368 1431 2445 O‘mnia
1458 2374 1695 2429 restituet
1721 2374 1906 2445 utique

307 2458 398 2512 illa
422 2473 547 2529 quae
570 2458 832 2529 propheta
857 2458 1112 2529 praelatus
1138 2462 1375 2527 ostendit
1395 2462 1583 2519 dicens
1612 2481 1626 2516 :
1655 2463 1792 2518 Ecce
1812 2480 1905 2536 ego

305 2549 519 2602 mittam
546 2547 893 2625 vobis‘Eliam
924 2548 1251 2621 prapheta’m,
1285 2563 1565 2625 antequam
1594 2557 1765 2622 veniat
1793 2556 1905 2613 dies

307 2636 529 2692 Domini
566 2656 786 2723 magnus
813 2650 864 2695 et
889 2640 1155 2697 horribilis
1173 2684 1187 2706 ,
1218 2653 1552 2723 etfconvertet
1576 2661 1675 2723 cor
1697 2656 1906 2718 patrum

305 2728 378 2783 ad
404 2722 554 2799 ﬁlios
574 2764 593 2797 ,
620 2714 679 2785 et
705 2748 796 2786 cor
817 2731 1051 2801 ﬁliorum
1079 2733 1149 2786 aTd
1171 2718 1345 2804 patres
1376 2752 1557 2790 eorum
1576 2714 1783 2809 (Misit.
1803 2736 1902 2809 tv).

310 2819 594 2895 Restituet
634 2824 690 2878 et
724 2823 829 2895 hoc
874 2822 1215 2894 qupd‘morti
1253 2825 1423 2895 debet
1450 2840 1513 2881 ac
1547 2822 1640 2881 diu
1676 2827 1906 2901 vivendo

302 2910 543 2967 distulit.
573 2911 729 2980 Quod
758 2913 922 2973 etiam
954 2912 1135 2970 Marco
1154 2922 1452 2973 attestante
1481 2906 1749 2973 Dominus
1769 2933 1903 2975 con-

303 3010 607 3071 sequenter
637 3002 904 3083 intimavit
930 3044 945 3070 ,
974 3020 1099 3083 cum
1126 3005 1373 3076 protinus
1402 3005 1648 3077 adjuuxit
1673 3007 1899 3065 dicens:
1932 3062 1974 3087 η

300 3062 687 3162 Fit-quomodo.
708 3062 1079 3164 scrip-tumest
1106 3062 1163 3150 iii
1186 3068 1354 3152 ﬁlium
1382 3062 1623 3153 hominis
1644 3106 1704 3154 ut
1732 3097 1902 3155 multa
1929 3062 1976 3128 (ί

293 3182 573 3253 patiatur,
604 3185 1097 3259 ettcondemnetur;
1126 3184 1181 3241 id
1199 3195 1301 3253 cst,
1329 3189 1597 3257 quomodo
1616 3190 1681 3245 de
1697 3188 1903 3249 Christi

295 3271 572 3341 passione
594 3271 904 3339 multifaria
941 3264 1216 3347 prophetat
1242 3277 1413 3333 multa
1440 3281 1792 3348 scripserunt,
1824 3280 1905 3336 sic

298 3373 358 3421 et
390 3364 550 3422 Elias
578 3381 698 3427 cum
724 3362 1144 3449 venerin'multa
1172 3376 1431 3441 passurus
1453 3380 1555 3438 est,
1583 3381 1639 3427 et
1665 3380 1905 3449 contem-

296 3459 530 3536 neqdus
559 3457 627 3518 ab
646 3459 847 3530 impiis.
885 3445 1151 3518 Restituet
1174 3477 1303 3534 ergo
1326 3463 1530 3530 omnia,
1555 3465 1731 3535 primo
1750 3445 1901 3520 vide-

297 3549 436 3605 licet
473 3549 641 3604 corda
684 3549 962 3605 hominum
1001 3552 1145 3608 illius
1177 3554 1278 3609 aevi
1315 3553 1647 3615 instituendo
1676 3556 1743 3611 ad
1781 3571 1902 3631 cre-

298 3636 551 3693 dandum
574 3632 806 3703 Christo,
832 3640 896 3695 ac
916 3640 1275 3699 resistendum
1298 3634 1537 3712 perﬁdiae
1549 3630 1899 3712 Antichristi;

299 3732 513 3787 deinde
550 3731 666 3807 ipse
697 3748 852 3809 suam
893 3734 1127 3789 animam
1170 3742 1392 3804 propter
1425 3735 1753 3806 martyrium
1779 3734 1904 3789 ﬁdei

295 3818 514 3893 Christi
544 3824 817 3893 ponendo.
854 3825 929 3880 De
966 3818 1073 3894 quo
1107 3825 1161 3880 in
1188 3825 1513 3895 Apocalypsi
1549 3823 1761 3896 plenius
1784 3840 1907 3898 my-

297 3910 448 3970 stico
483 3898 741 3987 sermone
754 3904 1043 3995 narratur.
1241 3986 1251 3995 _
1512 3912 1517 3915 ⁷
1582 3974 1591 3979 -

370 4005 514 4059 Dico
550 4014 728 4060 autem
768 3988 915 4060 vobis.
935 4006 1058 4078 quia
1090 3988 1251 4060 Elias'
1262 4006 1385 4077 jam
1407 4004 1579 4071 venit,
1610 4013 1658 4059 et
1687 4021 1791 4061 non
1812 4021 1903 4060 co-

296 4105 605 4168 gnoverunt
639 4111 789 4161 eum,
817 4096 908 4151 sed
941 4092 1172 4166 fecerunt
1208 4097 1264 4151 in
1299 4112 1704 4172 eoqutecunque
1730 4094 1906 4157 volue—

297 4199 450 4245 runt.
488 4187 768 4261 (Hierom)
807 4187 925 4260 ipse
952 4187 1172 4244 scilicet
1208 4186 1301 4258 qui
1335 4188 1596 4243 venturus
1621 4197 1706 4243 est
1733 4187 1790 4242 in
1812 4186 1929 4253 se?

297 4280 488 4345 eundo
520 4277 827 4333 Salvatoris
854 4278 1106 4343 adventu,
1126 4277 1284 4360 juxta
1310 4277 1555 4349 corporis
1581 4275 1740 4333 ﬁdem
1762 4292 1905 4362 nunc

294 4387 398 4443 per
430 4369 707 4427 Joannem
737 4368 882 4429 venit
914 4368 970 4424 in
1004 4353 1203 4435 virtute
1233 4376 1285 4424 et
1320 4367 1544 4438 spiritu,
1574 4353 1904 4439 feceruntque

294 4465 343 4517 ei
368 4479 709 4535 quaecunque
742 4448 1036 4527 voluerunt,
1078 4461 1267 4539 idest,
1304 4471 1623 4533 spreverunt
1648 4449 1905 4518 et'decol-

298 4555 568 4609 laverunt
599 4568 744 4609 eum.

375 4645 479 4709 Sic,
501 4655 554 4698 et
584 4642 730 4713 ﬁlius
768 4646 994 4700 hominis
1025 4634 1280 4717 passurus
1310 4644 1392 4700 est
1417 4646 1481 4699 ab
1510 4646 1603 4700 eis.
1637 4644 1908 4713 Qumritur

299 4744 493 4790 autem
525 4748 651 4789 cum
683 4732 923 4791 Herodes
951 4743 1007 4795 et
1034 4735 1297 4793 Herodias
1329 4734 1588 4792 Joannem
1616 4728 1905 4792 interfece-

300 4826 437 4893 rint,
468 4823 750 4895 quomodo
764 4816 873 4899 "ipsi
892 4841 1117 4899 quoque
1139 4826 1322 4896 Jesum
1357 4826 1691 4895 cruciﬁxisse
1717 4827 1906 4883 dican-

246 4960 249 4963 .
298 4927 413 4983 tur,
449 4931 587 4973 cum
618 4914 846 4986 legimus
870 4920 1008 4973 eum
1051 4935 1082 4974 a
1117 4918 1313 4975 scribis
1338 4919 1394 4974 et
1427 4919 1716 4985 Pharisaais
1740 4922 1900 4976 inter-

301 4993 540 5063 fectum.
593 5004 650 5063 ln
689 5020 797 5075 quo
836 5006 1072 5063 breviter
1109 5007 1537 5077 respondendum
1580 5008 1724 5078 quod
1763 5017 1816 5063 et
1853 5009 1905 5064 in

299 5094 541 5152 Joannis
576 5110 710 5151 nece
739 5104 794 5151 et
834 5094 1224 5153 Pharisaeorum
1252 5096 1412 5153 l‘aetio
1442 5108 1818 5164 consenserat,
1853 5110 1910 5156 et

301 5188 358 5241 in
405 5184 696 5242 occisione
745 5176 957 5239 Domini
1011 5185 1246 5242 Herodes
1289 5185 1531 5255 iunxerit
1576 5190 1905 5246 voluntatem

301 5270 509 5343 suam,
543 5268 645 5346 qui»
667 5275 887 5332 illusum
906 5276 1066 5357 atque
1091 5277 1399 5353 despectum
1416 5274 1696 5357 remiserit
1725 5282 1792 5337 ad
1816 5281 1904 5337 Pi-

302 5371 509 5437 latum,
542 5377 606 5425 ut
621 5369 1010 5439 .cru‘ciﬁgerent
1034 5384 1176 5424 eum.
1264 5386 1270 5393 ο
1684 5359 1695 5369 “

380 5460 542 5515 Tunc
568 5459 933 5516 intellexerunt
952 5459 1196 5530 discipuli
1214 5463 1335 5533 quia
1357 5461 1421 5517 de
1437 5461 1644 5518 Joanne
1665 5463 1902 5536 Baptista

302 5553 541 5608 dixisset
574 5551 666 5605 eis.
695 5549 984 5623 (Μᾼυιιυε.)
1017 5548 1094 5602 Ex
1119 5549 1315 5629 indicio
1341 5551 1483 5606 enim
1515 5554 1809 5622 passionis,
1847 5565 1901 5613 et

305 5663 424 5703 eum
447 5657 626 5715 quam
649 5641 1045 5711 ipse‘Domimts
1074 5639 1267 5709 sacpius
1284 5642 1363 5695 eis
1391 5644 1656 5712 praedixit,
1692 5654 1739 5699 et
1771 5662 1905 5717 prac-

692 5732 964 5798 Ps‘rnou.
1015 5733 1202 5801 CVII.

1930 4411 1984 4472 Β

1998 450 2107 520 puli
2136 453 2531 523 cognoscebant
2555 449 2817 511 Joannem
2839 455 2940 510 sibi
2965 457 3018 511 in
3045 457 3178 513 Elite
3196 458 3463 517 vocabulo
3483 464 3579 518 de-

1998 549 2353 602 monstratum
2387 554 2508 601 esse
2541 557 2557 597 :
2589 551 2645 599 et
2679 544 2899 610 merito,
2942 546 3068 615 quia
3104 548 3243 604 sicut
3279 549 3371 604 ille
3398 553 3581 623 novi»

1997 630 2148 694 simi,
2188 631 2263 686 ita
2302 632 2404 693 iste
2424 633 2588 702 primi
2606 648 2910 703 praecursor
2936 646 3019 691 est
3056 637 3266 695 Domini
3291 626 3578 695 adventus.

1998 711 2067 777 Et
2086 736 2246 799 quem
2276 721 2375 777 iste
2394 722 2709 801 prmdicavit
2729 724 3014 781 advenisse
3032 726 3467 805 Redemptorem,
3493 729 3583 786 ille

2000 795 2284 866 testabitur
2310 806 2477 866 aﬂ‘ore
2499 796 2758 883 judicent.

2069 900 2202 977 [ιιι]
2240 901 2307 956 Et
2341 919 2459 957 cum
2494 906 2711 961 uenisset
2749 907 2820 960 ad
2859 909 3070 975 turbas,
3104 920 3324 965 accessit
3358 911 3429 966 ad
3461 928 3582 968 eum

1997 992 2150 1045 homo
2188 992 2403 1062 genibus
2446 988 2987 1064 provolutus,dicens
3014 1014 3032 1052 :
3056 996 3305 1066 Domine,
3336 1002 3577 1057 miserere

1995 1074 2109 1151 ﬁlio
2137 1099 2268 1149 meo,
2283 1084 2408 1155 quia
2440 1085 2701 1140 lunaticus
2725 1095 2886 1153 est,‘et
2914 1087 3049 1143 male
3071 1091 3290 1160 patitur.
3312 1090 3583 1165 (Hierom)

1998 1170 2302 1231 Notandum
2327 1180 2505 1228 autem
2524 1174 2667 1243 quod
2690 1190 2903 1245 semper
2922 1177 3040 1233 loca
3064 1179 3223 1237 rebus
3245 1194 3582 1252 congruunt:

2001 1262 2054 1316 in
2081 1271 2260 1317 monte
2284 1263 2541 1320 Dominus
2565 1274 2703 1329 orat,
2737 1267 3170 1335 transformatur,
3200 1272 3476 1345 discipulis
3499 1291 3588 1330 ar-

2000 1366 2135 1413 cana
2165 1367 2275 1407 sure
2302 1351 2604 1421 majestatis
2639 1356 2847 1425 aperit;
2888 1358 2940 1413 in
2969 1358 3224 1415 inferiora
3250 1363 3588 1420 descendens

2000 1444 2173 1505 turbas
2203 1438 2430 1500 occursu
2474 1444 2774 1517 excipitur,
2807 1449 3124 1513 miserorum
3156 1450 3282 1509 ﬂetu
3309 1455 3585 1525 pulsatur;

2003 1536 2220 1588 sursum
2252 1535 2529 1607 discipulis
2558 1540 2876 1609 mysterium
2905 1543 3057 1614 regni
3088 1554 3315 1612 reserat,
3338 1547 3591 1602 deorsum

1970 1696 1975 1699 ἦ
2005 1627 2181 1682 turbis
2205 1637 2427 1697 peccata
2462 1630 2795 1689 inﬁdelitatis
2825 1636 3147 1705 exprobrat;
3172 1652 3387 1693 sursum
3415 1639 3595 1694 Patris

1930 1701 1978 1761 Β
2008 1730 2191 1771 vocem
2234 1717 2319 1773 his
2357 1718 2446 1787 qui
2491 1721 2643 1790 sequi
2684 1720 2742 1777 Se
2782 1701 3032 1793 poterant
3075 1701 3293 1796 pandit,
3338 1728 3594 1783 deorsum

2006 1798 2229 1877 spiritus
2261 1809 2441 1888 malos
2481 1809 2667 1866 abhis
2704 1814 2795 1883 qui
2833 1814 3169 1871 vexabantur
3209 1818 3446 1895 expellit.
3490 1819 3594 1888 Qui

2004 1899 2171 1961 etiam
2201 1916 2344 1957 nunc
2370 1918 2469 1982 pro
2495 1904 2757 1982 qualitate
2780 1908 3100 1964 meritorum
3127 1910 3247 1966 aliis
3272 1912 3591 1979 ascendere,

2004 1991 2126 2063 aliis
2154 2008 2282 2049 vero
2309 1980 2417 2050 non
2446 1980 2659 2051 desistit
2690 1998 3037 2055 descendere.
3068 2000 3201 2055 Nam
3229 2003 3474 2059 carnales
3499 2007 3596 2061 ad-

2004 2085 2113 2139 huc
2134 2091 2188 2139 et
2207 2077 2549 2154 insipientes,
2574 2087 2727 2156 quasi
2756 2088 2860 2142 ima
2886 2098 3079 2159 petens
3120 2091 3409 2159 confortat,
3436 2097 3595 2151 docet

2006 2182 2057 2230 et
2078 2164 2314 2245 castigat
2342 2193 2355 2227 :
2389 2175 2661 2246 perfectos
2695 2186 2877 2247 autem
2911 2194 3138 2249 quorum
3164 2186 3505 2240 conversatio
3537 2187 3591 2241 in

2005 2264 2159 2320 castis
2188 2272 2290 2327 est,
2323 2265 2606 2323 sublimius
2632 2267 2938 2324 extollendo
2968 2270 3254 2341 gloriﬁcat,
3278 2271 3497 2331 liberius
3527 2277 3595 2332 de

2006 2356 2223 2417 internis
2258 2357 2501 2422 instruit,
2527 2366 2583 2412 et
2607 2373 2758 2428 saepe
2777 2372 2896 2429 quae
2921 2376 2953 2415 a
2983 2363 3153 2418 turbis
3178 2379 3247 2419 ne
3276 2366 3448 2421 audiri
3476 2369 3595 2438 qui-

2006 2445 2128 2529 dem
2158 2447 2393 2527 valeant,
2420 2448 2594 2513 docet.
2626 2449 3021 2507 Dtcmoniacum
3050 2456 3406 2513 autemdtunc
3434 2458 3593 2529 quem

2007 2520 2341 2597 descendens
2367 2539 2435 2594 de
2459 2549 2643 2595 monte
2676 2540 2934 2598 Dominus
2965 2546 3205 2609 sanavit,
3238 2546 3451 2604 Marcus
3472 2550 3591 2620 qui-

2007 2625 2128 2691 dem
2158 2629 2378 2691 surdum
2418 2637 2735 2700 mutumque
2765 2628 2967 2703 (Marc.
2997 2632 3083 2705 ix)
3106 2675 3120 2697 ,
3145 2634 3427 2693 Mattlnnus
3467 2653 3595 2693 vero

2009 2710 2302 2775 luna'ticum
2336 2718 2503 2780 fuiSse
2544 2731 2952 2783 commemorat.
2993 2725 3282 2800 (Mannum)
3306 2728 3421 2786 Non
3450 2737 3595 2805 quod

2007 2809 2137 2865 luna
2178 2811 2511 2873 dtcmonibus
2552 2814 2782 2880 serviat,
2816 2814 2936 2872 ideo
2974 2816 3457 2888 lunaticumdicit,
3498 2825 3594 2878 sed

2012 2906 2286 2958 rumbrem
2325 2903 2466 2975 vulgi
2501 2904 2552 2963 in
2583 2905 2842 2961 vocabulo
2869 2896 3199 2979 evangelista
3228 2913 3486 2983 sequitur.
3514 2913 3593 2972 0b

2007 2991 2146 3047 hanc
2181 3006 2310 3063 ergo
2349 3007 2572 3048 causam
2611 2992 2818 3050 daemon
2862 2996 3002 3053 lunze
3038 3015 3254 3067 cursum
3295 3003 3593 3065 observans

2007 3083 2230 3153 corripit
2260 3084 2535 3153 homines,
2565 3092 2641 3138 ut
2662 3101 2759 3155 per
2781 3090 3117 3161 creaturam,
3147 3092 3195 3149 si
3220 3091 3423 3163 possit,
3454 3096 3598 3153 inta-

2007 3182 2117 3229 met
2140 3181 2466 3229 creatorem.
2492 3173 2758 3230 Cancrum
2783 3186 2977 3231 cuncta
3004 3193 3124 3248 quae
3154 3181 3457 3240 Deuslecit
3484 3177 3595 3244 non

2007 3265 2229 3330 nociva,
2264 3279 2366 3320 nec
2401 3280 2603 3334 prava,
2644 3266 2740 3321 sed
2780 3268 2944 3323 etiam
2982 3270 3133 3325 utilia
3177 3282 3303 3328 sunt
3345 3286 3400 3331 et
3441 3277 3598 3333 valde

2003 3357 2166 3412 bona.
2202 3356 2458 3427 Sequitur
2483 3359 2646 3416 homo
2678 3358 2767 3414 hic
2791 3360 3118 3432 deprecans,
3145 3376 3199 3421 et
3218 3370 3444 3438 exponit
3474 3376 3595 3426 ntu-

2007 3466 2121 3505 rem
2136 3488 2139 3493 .
2154 3452 2342 3522 mgroti
2365 3447 2552 3513 dicens
2574 3473 2586 3508 :
3058 3463 3062 3466 ’

2081 3545 2222 3600 Nam
2247 3563 2382 3617 stupe
2404 3547 2544 3601 cadit
2566 3532 2635 3603 in
2653 3550 2845 3621 ignem,
2880 3553 3059 3608 crebro
3094 3555 3148 3608 in
3171 3571 3398 3625 aquam;
3429 3566 3476 3610 et
3501 3557 3595 3613 ob-

2005 3635 2105 3690 tuli
2128 3650 2245 3690 eum
2268 3626 2541 3707 discipulis
2569 3640 2697 3705 tuis,
2729 3651 2777 3694 et
2809 3658 2913 3695 non
2934 3653 3215 3711 potuerunt
3237 3661 3424 3700 curare
3451 3663 3594 3702 eum.

2008 3724 2279 3799 (Hieron.)
2318 3727 2446 3784 Mihi
2496 3730 2710 3785 videtur
2736 3730 2899 3800 juxta
2938 3735 3289 3806 tropologiam
3329 3737 3597 3795 lunaticus

2006 3832 2149 3883 esse,
2164 3819 2264 3888 qui
2287 3832 2384 3888 per
2401 3816 2658 3876 horarum
2681 3832 2956 3885 momenta
2985 3824 3223 3883 mutatur
3244 3829 3315 3884 ad
3336 3828 3464 3885 vitia
3492 3846 3595 3886 nec

2005 3910 2250 3987 persistit
2282 3910 2338 3971 in
2378 3922 2590 3983 coepto,
2636 3914 2732 3970 sed
2769 3917 2967 3973 crescit
3007 3927 3171 3989 atque
3208 3919 3492 3978 decrescit.
3526 3921 3595 3977 Et

2008 4017 2156 4069 nunc
2195 4002 2249 4056 in
2291 4001 2471 4072 ignem
2509 4003 2746 4060 libidinis
2785 4005 2989 4072 fertur,
3024 4024 3137 4078 quo
3180 4009 3595 4086 adulterantiuut

1960 4090 1965 4091 ί
2005 4097 2168 4151 corda
2198 4109 2457 4151 succensa
2479 4106 2629 4164 sunt,
2655 4114 2797 4154 nunc
2827 4099 2882 4153 in
2913 4113 3083 4170 aquas
3110 4102 3441 4172 cupiditatis,
3470 4120 3594 4175 quae

2006 4198 2115 4239 non
2140 4185 2321 4242 valent
2341 4185 2691 4258 exstinguere
2708 4188 3051 4244 charitatemt
3066 4188 3221 4258 Quod
3243 4202 3424 4249 autem
3443 4195 3594 4263 dicit,

2009 4275 2190 4335 Obtuli
2216 4278 2345 4332 eum
2384 4276 2657 4350 discipulis
2694 4279 2832 4345 tuis,
2868 4290 2916 4335 et
2958 4296 3061 4335 non
3097 4290 3375 4352 potuerunt
3407 4300 3596 4342 curare

2007 4385 2157 4435 eum,
2192 4368 2424 4425 latenter
2457 4377 2680 4426 accusat
2706 4370 3007 4440 apostolos,
3034 4385 3159 4431 cum
3189 4372 3593 4443 impossibilitas

2008 4461 2233 4517 curandi
2272 4461 2542 4527 interdum
2568 4460 2778 4537 nonad
2815 4460 3235 4517 imbecillitatem
3261 4464 3593 4528 curantium,

2008 4553 2102 4610 sed
2128 4552 2197 4609 ad
2219 4566 2406 4608 eorum
2439 4552 2532 4624 qui
2565 4551 2792 4608 curandi
2833 4559 2959 4607 sunt
2992 4550 3151 4608 ﬁdem
3192 4550 3488 4619 referatur,
3510 4555 3595 4610 di-

2009 4630 2165 4698 cente
2186 4631 2416 4701 Domino
2448 4660 2461 4697 :
2497 4640 2619 4697 Fiat
2642 4641 2735 4697 tibi
2758 4641 3044 4697 secundum
3068 4641 3226 4712 ﬁdem
3245 4654 3412 4699 tuam.
3602 4637 3607 4642 ’

2081 4730 2418 4802 Respondeas
2455 4731 2614 4787 Jesu’s
2651 4724 2727 4787 ait
2761 4744 2781 4783 :
2812 4729 2870 4789 _0
2911 4733 3177 4802 generatio
3233 4733 3507 4789 incredula
3532 4745 3593 4788 νει

2009 4838 2269 4907 perversa,
2291 4838 2556 4893 usquequo
2572 4839 2662 4877 ero
2684 4822 2964 4887 vobiscum,
2990 4839 3254 4896 usquequo
3271 4827 3449 4895 patiar
3470 4842 3554 4880 vos
3572 4827 3597 4879 ?

2008 4913 2129 4971 Non
2154 4915 2297 4985 quod
2325 4915 2485 4970 taedio
2507 4923 2813 4985 superatus,
2840 4923 2934 4969 aut
2958 4916 3107 4971 mitis
3133 4918 3223 4987 qui
3249 4933 3355 4972 non
3381 4918 3595 4988 aperuit

2008 5021 2071 5062 os
2104 5021 2291 5073 suum,
2321 5012 2382 5059 ut
2414 4996 2588 5076 agnus
2621 5019 2804 5059 coram
2842 5006 3098 5063 tondente
3122 5021 3208 5070 se,
3243 5004 3489 5062 inverba
3514 5006 3595 5062 i‘u-

2010 5097 2149 5155 raris
2187 5095 2456 5166 eruperit,
2493 5094 2589 5149 sed
2628 5109 2736 5167 quo
2768 5096 2822 5149 in
2863 5096 3270 5152 similitudinem
3303 5096 3499 5161 medici
3545 5100 3591 5157 si

2009 5196 2269 5260 aegrotum
2300 5186 2478 5243 videat
2516 5194 2705 5242 contra
2744 5203 2841 5244 sua
2870 5196 3135 5259 praecepta
3164 5204 3371 5260 gerere,
3402 5191 3547 5249 dicat
3578 5213 3593 5254 ;

2016 5277 2309 5346 Usquequo
2346 5274 2600 5335 accedam
2637 5276 2706 5330 ad
2732 5277 2947 5331 domum
2987 5278 3169 5333 tuam?
3194 5276 3485 5347 Quousque
3509 5295 3597 5338 ar-

2016 5370 2085 5424 tis
2112 5369 2334 5439 perdam
2361 5366 2707 5431 industriam,
2736 5381 2822 5422 me
2849 5365 2991 5425 aliud
3008 5364 3260 5436 jubente,
3286 5378 3341 5424 et
3369 5379 3424 5425 te
3446 5362 3590 5428 aliud

2014 5467 2379 5533 perpetrante.
2408 5457 2465 5512 In
2490 5465 2696 5511 tantum
2723 5465 2900 5511 autem
2931 5472 3036 5512 non
3064 5467 3146 5513 est
3168 5458 3339 5516 iratus
3364 5460 3589 5528 homini,

2015 5551 2107 5606 sed
2131 5550 2262 5605 vitio
2284 5591 2297 5614 ,
2330 5558 2385 5604 et
2412 5564 2510 5619 per
2539 5564 2702 5604 unum
2731 5548 3001 5604 hominem
3028 5547 3240 5605 Judtcos
3266 5552 3444 5621 arguit
3472 5551 3596 5626 i_uﬁ«

2016 5643 2274 5711 delitatis,
2303 5650 2361 5695 ut
2383 5642 2564 5696 statim
2597 5630 2869 5723 intulerit:

3076 5732 3154 5793 32
