4006 6194
1064 272 1125 328 Β.
1166 265 1419 326 RABANI
1460 261 1678 319 MAURI
1716 236 2034 314 ARCHll‘IIl.
2073 251 2381 310 MOGL'NT.
2422 246 2705 305 OPERUM
2745 244 2924 301 PARS
2963 243 3004 299 1.

485 398 681 471 Aﬂ'erte
712 408 829 449 eum
861 394 962 444 huc
998 386 1065 441 ad
1100 400 1199 439 me.
1228 381 1294 436 Et
1325 354 1785 449 increpavit'illum
1817 371 1997 434 Iesus,
2029 374 2074 432 A
2105 368 2297 439 capitis
2335 364 2690 451 saluberrime
2733 362 2981 433 prodest;
3028 372 3153 411 nam
3190 356 3234 410 si
3263 354 3465 423 Optime
3500 354 3688 408 ιιιῑιυηι

1448 467 1457 471 “
1491 466 1551 471 “”“
1986 462 2000 471 -
2144 468 2151 471 Α
2252 460 2282 471 η
2371 466 2383 471 ρ
2515 464 2527 471 .
2605 456 2655 471 ..
2730 454 2775 471 Α.
2832 470 2851 471 η
2880 454 2908 471 ν,
2956 452 3119 471 dm.“
3164 465 3185 471 Δ
3214 449 3462 471 ΙΑᾸΞΛΔΑ--
3503 457 3549 471 Δ.
3588 449 3688 471 .m‘

414 503 462 551 et
491 462 617 547 eiiit
643 485 707 542 ab
728 501 786 539 eo
811 478 1149 537 dwmonium.
1176 467 1469 547 (Marinus)
1491 466 1589 523 Hic
1614 471 1837 535 apparet
1859 462 2002 533 quod

416 575 558 654 δειερθ
600 576 887 634 traduntur
928 566 1176 623 homines
1212 568 1436 633 propter
1471 564 1692 628 peccata
1733 568 1862 619 sua,
1911 559 2006 607 aut

419 643 702 746 parentum
730 679 951 723 suorum
988 659 1057 716 ad
1084 652 1448 717 invadendum
1484 646 1777 704 immundis
1801 643 2007 715 spiriti—

423 732 541 822 bus.
570 762 629 818 Si
664 756 804 816 enim
845 753 1005 809 nullis
1040 743 1470 821 praecedentibus
1500 738 1656 794 noxis
1683 736 1890 791 daemon
1921 732 2005 786 in—

421 821 644 913 uaderet
675 852 821 907 hunc
844 844 1166 905 lunaticum,
1192 852 1300 892 non
1334 833 1422 888 ille
1445 831 1537 902 qui
1566 826 1887 898 patiebatur,
1916 821 2010 878 sed

424 951 634 1005 daemon
670 942 893 1000 deberet
924 952 956 991 a
982 932 1210 990 Domino
1250 922 1538 995 increpari.
1575 919 1684 975 Sed
1715 914 2014 985 increpavit

423 1052 673 1111 puerum,
707 1041 763 1089 et
785 1029 912 1087 exiit
946 1026 1013 1080 ab
1040 1038 1105 1078 co
1126 1022 1333 1076 daemon
1360 1035 1372 1069 :
1397 1013 1521 1084 quia
1544 1015 1767 1082 propter
1787 1013 2013 1078 peccata

427 1100 546 1197 sua,
573 1100 666 1184 aut.
689 1128 977 1197 parentum
1002 1128 1221 1172 suorum
1253 1125 1283 1164 a
1314 1104 1558 1163 dzcmone
1593 1100 1767 1157 fuerat
1792 1111 2008 1170 oppres-

357 1229 361 1233 ’
427 1240 541 1279 sus.
574 1190 978 1276 Nec-silendum
1005 1207 1240 1263 arbitror
1269 1199 1412 1273 quod
1445 1192 1741 1253 secundum
1776 1190 2015 1245 Marcum

429 1316 529 1369 iste
560 1308 925 1367 dmmoniacns
966 1314 1088 1356 cum
1127 1296 1349 1350 vidisset
1374 1288 1663 1346 Dominum
1702 1283 1878 1339 statim
1908 1279 2014 1350 spi-

430 1408 566 1461 ritus
594 1397 919 1457 conturbavit
949 1408 1088 1456 eum,
1110 1399 1157 1444 et
1184 1387 1340 1442 elisus
1368 1384 1426 1437 in
1464 1391 1658 1436 terram
1690 1374 2023 1432 volutabatur

436 1507 688 1567 spumans
704 1507 723 1557 ;
750 1497 806 1543 et
832 1492 953 1557 post
976 1481 1270 1555 iussionem
1298 1472 1515 1529 Domini
1536 1477 1599 1525 ut
1619 1460 1822 1529 exiret,
1851 1461 2023 1518 excla—

432 1604 585 1642 mans
627 1582 882 1647 multant,
916 1570 1286 1645 ettdiscerpens
1325 1583 1440 1621 eum
1475 1560 1601 1618 exiit
1639 1559 1702 1614 ab
1735 1574 1793 1612 eo
1827 1554 2019 1628 (Marc.

2104 468 2159 515 et
2187 449 2481 513 cribratmn
2513 456 2690 527 tepide
2727 454 2911 525 pingui
2953 452 3126 506 nmlso
3162 449 3465 504 admisceas
3499 457 3552 501 et
3588 449 3695 503 hoc

2097 549 2316 621 jejunus
2355 555 2543 603 contra
2583 544 2749 601 solem
2782 544 3016 599 calidum
3057 551 3114 597 et
3149 543 3201 595 in
3232 539 3428 595 balneo
3453 538 3695 609 gargari-

2107 658 2215 701 zes.
2243 653 2458 695 onmem
2488 639 2771 699 humorem
2800 633 3049 697 noxium,
3065 631 3228 686 etiam
3251 629 3295 684 si
3320 628 3559 683 crassior
3583 626 3698 684 fue-

2109 735 2200 800 rit,
2224 735 2288 789 de
2313 733 2490 802 capite
2519 736 2741 800 purgat,
2767 735 2822 781 et
2852 722 3248 780 imminentium
3277 733 3494 790 quoque
3523 719 3700 773 imbe-

2108 826 2390 882 cillitatem
2445 820 2573 877 facit
2617 816 2854 891 pericula
2905 814 3086 870 vitari.
3136 811 3228 867 Sic
3276 810 3520 880 profecto
3567 807 3703 862 ﬁdes

2113 918 2469 976 tentationum
2494 913 2698 985 pistillo
2724 898 2971 982 probata,
3003 907 3073 962 ab
3098 906 3243 961 omni
3274 904 3468 967 levium
3498 903 3707 972 cegita—

2113 1013 2319 1067 tionum
2366 1003 2878 1078 superﬁciecribro
2925 998 3268 1056 diSCrctionis
3308 996 3606 1065 castigata,
3652 1000 3710 1047 et

2114 1100 2367 1173 perfectae
2390 1095 2692 1153 dilectionis
2712 1093 2873 1149 melle
2902 1091 3199 1152 dulcorata,
3222 1100 3411 1142 omnes
3434 1085 3499 1139 de
3521 1084 3709 1148 corde,

2116 1193 2259 1265 quod
2291 1198 2374 1245 est
2400 1183 2675 1243 interioris
2708 1183 2945 1239 hominis
2975 1186 3155 1252 caput,
3179 1179 3434 1233 vitiorum
3466 1174 3709 1230 sentiuas

2118 1290 2224 1339 non
2259 1281 2429 1337 solum
2461 1282 2528 1333 ad
2557 1290 2798 1348 praesens
2825 1271 3113 1333 exhaurit,
3146 1270 3240 1324 sed
3283 1276 3333 1322 et
3377 1267 3431 1320 in
3466 1265 3711 1318 futurum

2120 1390 2187 1431 ne
2209 1366 2446 1443 recolligi
2458 1364 2676 1425 valeant
2695 1376 2986 1438 praecavet,
3002 1364 3189 1434 sicque
3209 1371 3446 1419 mentem
3467 1369 3713 1419 nostram

2122 1476 2373 1534 capacem
2408 1460 2565 1515 donis
2593 1457 2906 1517 cmicstibus
2935 1455 3085 1521 facit,
3110 1454 3183 1508 ita
3204 1462 3265 1507 ut
3292 1468 3395 1508 non
3428 1449 3719 1529 didiculter

2123 1552 2349 1628 quaeque
2375 1552 2623 1616 velimus,
2654 1551 2747 1605 sed
2777 1548 3031 1604 facillime
3058 1563 3088 1601 a
3114 1542 3256 1602 fideli
3278 1545 3516 1619 Domino
3540 1545 3715 1614 impe-

437 1678 537 1750 ιχ).
569 1674 803 1729 Allatum
825 1643 956 1739 ergo
979 1643 1208 1721 Domino
1231 1670 1461 1731 puerum
1490 1652 1712 1745 spiritus
1733 1645 2028 1750 conturbat
2056 1727 2103 1750 η
2127 1660 2272 1744 [rare
2300 1648 2589 1720 possimus.
2626 1645 2857 1721 Unde_et
2888 1643 3132 1713 sequitur
3164 1658 3176 1695 :

436 1727 706 1830 eilelidit,
736 1761 862 1832 quia
891 1727 1035 1828 saepe
1064 1754 1189 1810 dum
1216 1727 1459 1806 converti
1498 1740 1565 1800 ad
1595 1741 1878 1832 Domitilth
1906 1744 2029 1832 βοῇ
2056 1727 2103 1786 Β
2178 1729 2269 1796 Ἐι
2306 1740 2436 1795 nihil
2466 1737 2785 1811 impossibile
2817 1737 2914 1791 erit
2938 1735 3120 1814 probis.
3163 1732 3317 1790 Unde
3346 1732 3473 1787 alibi
3510 1731 3718 1787 dictum

436 1862 662 1930 peccata
688 1826 983 1911 conamur;
1006 1841 1303 1913 majoribus
1332 1836 1592 1903 novisque
1621 1830 1827 1899 antiqui
1858 1826 2029 1882 hostis

438 1915 723 2022 pulsamur
758 1937 1011 1996 insidiis:
1049 1931 1193 2004 quod
1232 1931 1302 1985 ob
1330 1926 1385 1983 id
1422 1927 1608 1995 utique
1644 1921 1870 1977 callidus
1900 1915 2031 1972 facit

442 2007 809 2098 adversarius,
833 2038 892 2086 ut
907 2028 993 2083 vel
1019 2026 1200 2081 odium
1224 2019 1438 2076 virtutis
1467 2018 1714 2079 incutiat,
1739 2010 1823 2066 vel
1846 2007 2032 2078 expul-

444 2130 614 2187 sionis
652 2139 765 2181 sua:
796 2096 1032 2175 vindicet
1072 2112 1346 2185 injuriam.
1383 2107 1523 2162 Hinc
1555 2112 1639 2187 est
1676 2102 1851 2165 enim,
1881 2107 1939 2153 ut
1965 2096 2034 2151 de

445 2223 625 2294 specie
666 2226 1008 2274 transeamus
1039 2208 1105 2263 ad
1142 2219 1338 2279 genus,
1371 2194 1512 2273 quad
1551 2184 1811 2254 Ecclesia:
1834 2201 2034 2249 sancue

445 2289 756 2385 primordiis
785 2313 866 2362 tot
893 2301 1209 2374 gravissima
1235 2294 1501 2351 inferebat
1524 2289 1822 2347 certamina
1848 2300 2033 2356 perse-

448 2378 722 2459 cutionum
742 2440 758 2466 ,
791 2404 923 2469 quot
952 2408 1049 2449 suo
1082 2403 1247 2460 regno
1272 2386 1490 2442 dolebat
1521 2382 1701 2438 subito
1733 2378 2033 2433 animarum

448 2500 598 2555 illata
634 2495 800 2551 fuisse
840 2487 1141 2560 dispendia.
1182 2483 1438 2539 Exiturus
1474 2479 1672 2551 quippe
1711 2476 1779 2530 ab
1816 2472 2036 2529 homine

450 2591 674 2663 spiritus
712 2582 1026 2643 immundus
1048 2621 1060 2645 ,
1089 2574 1373 2645 discerpsit
1407 2580 1561 2637 eum‘,
1596 2585 1660 2625 ac
1688 2566 1886 2653 furenti
1924 2564 2033 2620 cla-

452 2657 604 2738 more
627 2675 816 2733 terruit
840 2674 1138 2737 intuentes;
1158 2666 1284 2737 quia
1299 2663 1613 2734 plerumque
1634 2657 1898 2721 diabolus,
1916 2670 2037 2710 eum

455 2774 523 2827 de
547 2769 709 2826 corde
737 2762 1054 2835 expellitur,
1085 2758 1324 2812 acriores
1352 2754 1403 2808 in
1432 2768 1497 2808 eo
1525 2748 1848 2806 tentationes
1881 2761 2041 2817 gene-

455 2872 541 2920 rat
567 2876 727 2934 quam
756 2859 906 2930 prius
934 2852 1284 2915 excitaverat,
1314 2845 1527 2918 quando
1548 2844 1651 2899 hoc
1673 2840 1887 2912 quietus
1917 2852 2040 2908 pos—

457 2955 662 3011 sidebat
674 2994 687 3006 .

530 3048 597 3102 Et
630 3055 842 3100 curatus
873 3048 945 3097 cst
972 3053 1101 3112 puer
1128 3051 1193 3095 ea:
1220 3032 1313 3088 illa
1338 3031 1488 3087 hora.
1514 3029 1685 3097 Quem
1711 3024 1853 3080 enim
1882 3031 2041 3077 verus

530 3090 597 3102 ,η
630 3090 841 3100 "Mm-
972 3090 1063 3112 Γ---
1132 3090 1167 3095 ,κ
1525 3090 1560 3097 τ

460 3135 702 3193 medicus
739 3138 925 3195 curat,
962 3136 1109 3183 recte
1147 3139 1311 3180 sanus
1346 3120 1598 3190 deinceps
1632 3115 1749 3171 ﬁeri
1786 3112 2047 3169 dcscribl-
2074 3090 2118 3152 (ἶ

460 3233 551 3277 tur
580 3244 593 3279 :
631 3220 759 3291 quia
797 3216 938 3273 nulla
970 3216 1042 3270 ibi
1075 3221 1319 3269 remanet
1346 3209 1666 3274 inﬁrmitas,
1698 3204 1789 3260 ubi
1818 3203 2047 3278 salutem

462 3315 727 3385 integram
750 3307 1093 3377 omnipotens
1116 3309 1339 3373 praestat
1360 3306 1621 3371 potestas.

540 3384 685 3457 Tunc
715 3406 1041 3456 accesserunt
1076 3393 1321 3465 discipuli
1353 3392 1421 3445 ad
1442 3391 1623 3444 Jcsum
1650 3397 1864 3452 secreto,
1896 3395 1942 3439 et
1970 3384 2049 3439 dt-

463 3501 654 3547 :rerunt
696 3492 742 3543 ei
783 3502 801 3539 :
843 3486 1022 3553 Quare
1066 3501 1158 3539 nos
1191 3498 1297 3536 non
1334 3480 1596 3551 potuimus
1635 3478 1822 3548 ejicere
1857 3475 2054 3529 illum?

465 3581 604 3635 Dicit
631 3577 735 3633 illis
759 3592 778 3628 :
823 3574 1045 3645 Propter
1084 3568 1503 3627 incredulitatem
1540 3577 1781 3622 vestram.
1822 3563 1936 3619 Hoc
1966 3571 2056 3619 'cst

465 3671 609 3743 quod
641 3670 694 3724 in
726 3667 832 3723 alio
854 3666 972 3721 loco
991 3664 1189 3720 dieitur
1222 3681 1234 3716 :
1271 3660 1606 3731 Qua’cunque
1625 3659 1679 3712 in
1707 3658 1914 3712 nomine
1944 3671 2054 3709 meo

465 3760 717 3834 petieritis
741 3758 1028 3823 credentes,
1050 3753 1313 3825 accipietis
1334 3750 1550 3823 (Matth.
1575 3748 1657 3823 ιι).
1685 3749 1825 3820 Ergo
1846 3746 2057 3817 quoties

470 3868 577 3908 non
621 3839 959 3921 acéipimus,
1000 3862 1103 3901 non
1141 3842 1451 3914 praestantis
1490 3842 1581 3895 est
1628 3837 2057 3919 impossibilitas,

470 3945 563 3999 sed
597 3915 761 4014 culpa
776 3937 1200 4010 deprecantium.
1794 3915 1799 3919 ’

545 4032 709 4085 Amen
731 4030 916 4102 quippe
952 4028 1069 4081 dico
1094 4025 1236 4080 vobis
1269 4038 1285 4075 :
1316 4022 1376 4079 Si
1410 4021 1696 4077 habueritis
1734 4020 1892 4090 ﬁdem
1926 4020 2059 4074 sicut

471 4138 694 4197 granum
724 4121 947 4191 sinapis,
982 4118 1164 4172 dicetis
1198 4109 1362 4169 monti
1402 4115 1552 4180 huic,
1598 4112 1786 4167 Transi
1820 4114 1972 4179 hinc,
2012 4122 2061 4168 et

474 4213 739 4272 transibit.
771 4212 971 4266 Putant
992 4209 1156 4279 aliqui
1186 4207 1341 4264 fidem
1371 4218 1543 4278 grano
1574 4206 1749 4277 sinapi
1778 4220 2061 4277 compara-

476 4316 589 4362 tam
620 4318 851 4376 parvam
880 4301 989 4357 dici
1010 4342 1024 4367 ,
1054 4299 1309 4373 quoniam
1351 4313 1576 4369 regnum
1607 4296 1868 4373 caelorum
1893 4312 2063 4368 grano

477 4399 682 4471 sinapis
705 4402 1075 4466 comparatur,
1098 4406 1220 4447 cum
1249 4390 1538 4463 Apostolus
1563 4389 1707 4446 dicat
1736 4402 1753 4443 :
1782 4388 1847 4443 Et
1880 4389 1927 4444 si
1949 4397 2067 4442 tan-

479 4504 589 4547 tam
616 4490 774 4560 ﬁdem
805 4487 1066 4551 habuero,
1092 4486 1167 4554 ita
1199 4492 1259 4537 ut
1280 4493 1482 4540 montes
1519 4482 1836 4551 transferam
1866 4481 1918 4555 (Ι
1941 4479 2063 4536 Cor.

480 4595 624 4653 XIII).
668 4581 819 4650 Ergo
845 4588 1041 4647 magna
1077 4576 1212 4634 ﬁdes
1250 4588 1422 4646 grano
1458 4572 1661 4645 sinapis
1701 4584 2062 4646 comparatur.

482 4673 682 4729 Montis
724 4670 1005 4726 translatio
1040 4685 1153 4725 non
1192 4667 1312 4741 ejus
1342 4667 1679 4740 significatur
1706 4682 1865 4736 quem
1896 4656 2070 4723 oculis

486 4765 668 4822 carnis
697 4761 1022 4833 aspicimus,
1062 4760 1162 4816 sed
1196 4756 1339 4831 illius
1382 4758 1475 4829 qui
1504 4773 1533 4812 a
1562 4758 1790 4814 Domino
1835 4758 2068 4814 transla-

489 4868 576 4914 tus
605 4857 782 4914 fuerat
820 4871 887 4931 ex
910 4855 1177 4910 ‘lunatico.
1206 4850 1346 4920 Quid
1371 4851 1513 4908 enim
1542 4852 1661 4908 ait:
1696 4848 1886 4906 Dicett's
1907 4850 2071 4911 monti

488 4954 630 5020 huic,
659 4951 701 5008 Τ
706 4928 1013 5015 ναηδῖιιίησ,
1039 4957 1088 5003 et
1112 4946 1373 5003 transibit.
1405 4946 1485 5001 Ex
1508 4960 1617 5016 quo
1643 4944 1884 5001 stultitia:
1915 4926 2069 4998 coar-

487 5046 685 5120 guendi
712 5045 803 5116 qui
845 5048 1196 5099 contemnunt
1221 5037 1493 5108 apostolos
1520 5050 1813 5107 omnesque
1848 5033 2070 5089 creden-

489 5148 574 5194 tes
600 5153 668 5193 ne
704 5140 926 5208 parram
962 5130 1180 5204 quidem
1219 5129 1473 5184 habuisse
1511 5126 1703 5192 ﬁdem,
1736 5125 1861 5197 quia
1895 5122 2072 5177 nullus

489 5246 677 5289 eorum
701 5236 914 5284 montes
936 5220 1493 5293 traustuleritﬁeque
1514 5222 1659 5276 enim
1682 5227 1892 5280 tantum
1912 5216 2074 5287 prod-

492 5330 575 5379 est
600 5319 801 5376 montis
825 5320 894 5375 de
918 5316 1024 5374 alio
1054 5316 1111 5371 in
1137 5314 1302 5379 alium
1327 5312 1504 5368 locum
1530 5310 1831 5374 translatio,
1855 5318 1910 5362 et
1937 5323 2075 5361 vana

494 5417 770 5484 signorum
809 5408 1095 5480 quaerenda
1120 5402 1452 5470 ostentatio,
1492 5412 1752 5472 quantum
1775 5401 1846 5457 ob
1873 5400 2077 5455 utilitav

492 5515 605 5557 tem
632 5500 910 5555 hominum
937 5500 1040 5554 iste
1065 5512 1219 5552 mons
1246 5492 1672 5567 transferendus,
1697 5492 1786 5562 qui
1811 5507 1908 5563 per
1938 5489 2075 5545 Pro-

497 5595 716 5661 i-hetam
750 5589 945 5646 dicitur
982 5600 1330 5657 corrumpere
1368 5599 1582 5641 omnem
1615 5594 1835 5639 terram.
1880 5580 1987 5638 Sed
2026 5591 2082 5638 et

504 5688 607 5742 hoc
634 5685 923 5743 notandum
960 5683 1084 5755 quia
1117 5695 1343 5757 granum
1383 5677 1582 5751 sinapis
1610 5675 1676 5731 ad
1708 5677 2079 5750 purgationem

2129 1843 2213 1889 est
2236 1848 2265 1911 ⁶ε
2298 1830 2490 1886 Omnia
2528 1827 2799 1901 possibilia
2840 1836 2963 1881 sunt
3002 1824 3228 1881 credenti
3273 1822 3467 1895 (Marc.
3508 1839 3601 1887 ιι,
3637 1823 3717 1889 ι).

2130 1922 2407 1991 Quomodo
2433 1928 2612 1976 autem
2646 1918 2973 1991 protervitas
3008 1914 3203 1971 diaboli
3233 1923 3519 1984 superetur
3540 1922 3723 1969 osteno

2132 2016 2211 2071 dit
2238 2014 2519 2078 Dominus,
2550 2012 2603 2067 in
2636 2006 3091 2081 subsequentibus
3117 2006 3300 2061 dicens
3322 2024 3344 2057 .-

2206 2106 2319 2161 ιιυε
2343 2115 2514 2176 autem
2543 2120 2704 2175 genus
2730 2118 2835 2156 non
2861 2088 3090 2170 ejicitur,
3118 2097 3215 2151 nisi
3239 2113 3331 2169 per
3356 2095 3647 2149 orationem
3673 2103 3721 2147 et

2126 2198 2411 2269 jejunium.
2434 2194 2570 2250 Nam
2593 2194 2721 2248 dum
2747 2193 2902 2248 docet
2927 2188 3201 2261 apostolos
3223 2186 3493 2258 quomodo
3514 2186 3725 2240 dtemon

2136 2289 2501 2361 nequissimus
2521 2286 2714 2343 debeat
2734 2284 2949 2355 expelli,
2970 2294 3161 2338 omnes
3187 2280 3420 2345 instituit
3441 2279 3511 2333 ad
3536 2278 3727 2341 vitam,

2136 2390 2197 2435 ut
2225 2379 2435 2435 scilicet
2458 2376 2768 2432 noverimus
2792 2374 3040 2446 graviora
3063 2385 3291 2443 quaeque
3313 2370 3394 2424 vel
3424 2370 3730 2423 immundo—

2139 2472 2256 2529 rum
2287 2471 2594 2541 spirituum,
2623 2466 2707 2523 vel
2737 2467 3015 2543 hominum
3050 2454 3399 2521 tentantenta,
3429 2457 3652 2529 jejuniis
3679 2469 3733 2513 et

2138 2563 2473 2624 orationibus
2526 2550 2646 2618 eSse
2694 2544 3015 2632 superanda.
3068 2556 3206 2611 Iram
3256 2568 3471 2625 quoque
3517 2551 3735 2606 Dumini

2140 2675 2261 2715 cum
2295 2659 2348 2711 in
2374 2656 2631 2710 ultionem
2669 2658 2976 2731 nostrorum
3018 2646 3282 2703 scelerum
3311 2643 3478 2698 fuerit
3503 2655 3731 2697 accensa

2140 2754 2245 2808 hoc
2271 2750 2510 2805 remedio
2536 2745 2793 2817 singulari
2819 2757 2977 2815 posse
3002 2738 3224 2813 placari.
3251 2735 3523 2817 Ieiunium
3551 2742 3731 2788 autem

2143 2842 2392 2916 generale
2421 2848 2507 2896 est
2542 2854 2652 2895 non
2692 2835 2866 2893 solum
2893 2835 2961 2889 ab
2990 2832 3163 2896 escis,
3194 2830 3347 2886 sed'a
3376 2825 3590 2893 eunetis
3618 2825 3733 2879 ille-

2145 2934 2320 2990 cebris
2344 2930 2617 2986 abstinere
2641 2918 2970 3003 cuittalibus,
2987 2924 3095 2979 imo
3117 2921 3183 2976 ab
3205 2920 3460 2991 omnibus
3481 2919 3736 2973 vitiorum

2147 3026 2424 3091 continere
2452 3015 2815 3095 p’assionibus.
2856 3019 2947 3074 Sic
2973 3025 3027 3072 et
3054 3015 3228 3095 oratio
3258 3012 3533 3086 generalis
3556 3027 3661 3066 non
3684 3011 3739 3064 in

2150 3119 2330 3177 verbis
2368 3117 2542 3173 solum
2570 3124 2685 3180 est,
2723 3112 2919 3184 quibus
2944 3090 3191 3167 divinam
3206 3105 3551 3163 clementiam
3584 3092 3737 3157 invo-

2152 3226 2370 3275 camus,
2400 3222 2586 3263 verum
2626 3205 2789 3260 etiam
2821 3205 2876 3258 in
2906 3191 3154 3259 omnibus
3186 3212 3303 3268 qua?
3334 3196 3389 3251 in
3418 3194 3741 3263 obsequium

2153 3304 2326 3360 nostri
2360 3298 2660 3356 conditoris
2687 3288 2808 3351 ﬁdei
2836 3294 3123 3350 devotione
3150 3290 3407 3364 gerimus,
3438 3297 3573 3343 teste
3597 3287 3743 3355 Apo-

2154 3394 2293 3450 stolo
2316 3393 2405 3462 qui
2432 3382 2507 3445 ait
2533 3409 2545 3443 :
2572 3386 2784 3461 semper
2805 3384 3044 3455 gaudete,
3061 3370 3171 3435 sine
3195 3377 3577 3433 intermissione
3596 3366 3744 3429 erit:

2157 3485 2206 3558 (I
2240 3483 2392 3537 Thes.
2422 3481 2497 3555 v).
2525 3477 2805 3548 Quomodo
2825 3470 2973 3558 enim,
2992 3474 3110 3557 quis
3133 3471 3383 3537 omnibus
3407 3470 3559 3525 boris
3582 3478 3748 3538 atque

2158 3574 2445 3632 momentis
2485 3574 2602 3628 sine
2642 3550 3047 3626 intermissione
3082 3567 3250 3620 Deum
3284 3573 3457 3633 potest
3482 3564 3746 3618 invocare

2159 3664 2543 3724 sermonibus?
2587 3661 2693 3719 Sed
2740 3660 2869 3715 tunc
2914 3658 3030 3713 sine
3078 3656 3475 3712 intermissione
3520 3669 3750 3708 oramus

2160 3774 2284 3814 cum
2310 3768 2373 3812 ea
2401 3756 2571 3812 selum
2600 3768 2764 3825 opera
2794 3751 3205 3823 gerimus,-qu:e
3230 3762 3330 3811 nos
3357 3746 3546 3818 pietati
3576 3746 3750 3799 nostri

2160 3849 2540 3929 commendent
2574 3845 2830 3900 auctoris.
2863 3843 2979 3912 Quo
3021 3837 3517 3909 n'imirum'jejunio
3558 3846 3614 3892 et
3642 3853 3751 3906 qua

2160 3932 2650 4011 orationejuvante
2668 3980 2683 4005 ,
2712 3939 2943 3995 Domino
2966 3944 3190 3993 cunctas
3216 3932 3424 4004 antiqui
3453 3930 3627 3989 hostis
3654 3932 3750 3985 de-

2161 4035 2481 4092 bellabimus
2506 4046 2569 4087 ac
2599 4028 3032 4102 propulsabimus
3061 4026 3304 4081 insidias.
3360 4018 3364 4022 “

2234 4120 2372 4199 [lV.]
2411 4120 2849 4177 Conversantibus
2888 4128 3062 4173 autem
3088 4110 3206 4171 illis
3243 4117 3296 4170 in
3327 4108 3583 4193 Galilrca,
3618 4111 3753 4165 dixit

2161 4188 2269 4272 illis
2296 4188 2455 4270 Iesus
2490 4228 2507 4266 :
2546 4211 2723 4267 Filius
2760 4210 2985 4266 hominis
3018 4207 3317 4264 tradendus
3352 4188 3428 4260 est
3470 4207 3523 4258 in
3564 4221 3755 4257 manus

2166 4306 2434 4366 hominum
2469 4315 2517 4361 et
2558 4296 2791 4360 occident
2820 4319 2971 4367 eum,
3010 4304 3061 4356 et
3095 4296 3249 4354 tertia
3285 4299 3369 4352 die
3398 4306 3648 4367 resurget.
3686 4296 3754 4348 Et

2170 4400 2466 4469 contristati
2489 4406 2609 4454 sunt
2632 4397 2968 4453 vehementer.
2994 4391 3262 4465 (Hieme)
3286 4390 3513 4460 Semper
3532 4400 3759 4457 prusiae-

2171 4493 2249 4548 ris
2290 4491 2489 4549 miscet
2529 4487 2737 4552 tristia,
2789 4494 2850 4540 ut
2894 4482 3020 4541 cum
3060 4489 3281 4552 repente
3320 4479 3601 4543 venerint,
3642 4493 3755 4530 nim

2169 4590 2409 4638 terreant
2434 4577 2708 4653 apostolos
2720 4612 2738 4642 -,
2772 4577 2868 4633 sed
2899 4593 2929 4632 a
2959 4573 3345 4647 prtemeditatis
3368 4571 3614 4627 ferantur
3634 4570 3758 4623 ani-

2171 4676 2294 4731 mis.
2328 4672 2382 4728 Si
2409 4672 2553 4727 euim
2579 4667 2866 4726 contristat
2889 4682 2986 4724 vos
3009 4666 3153 4738 quod
3179 4663 3502 4721 occidendus
3530 4667 3637 4723 est,
3668 4661 3761 4713 de-

2171 4768 2262 4823 bet
2298 4763 2574 4821 laetiticare
2613 4761 2756 4832 quod
2791 4759 2878 4815 die
2919 4758 3087 4831 tertia
3122 4763 3546 4811 resurrecturus.
3586 4749 3760 4805 Porro

2172 4859 2317 4931 quod
2354 4856 2744 4913 contristantur
2776 4852 3154 4919 vehementer,
3189 4861 3294 4903 non
3334 4848 3401 4904 de
3440 4844 3761 4900 inﬁdelitate

2170 4947 2345 5013 venit;
2381 4944 2619 5014 alioquin
2654 4950 2711 4997 et
2737 4941 2955 4996 Petrum
2994 4938 3238 4999 sciebant
3274 4949 3397 4990 esse
3421 4941 3757 5003 correptum.

2172 5053 2342 5109 quare
2369 5040 2478 5093 non
2509 5040 2727 5105 saperet
2749 5038 2815 5086 ea
2840 5045 2960 5101 quae
2984 5029 3082 5085 Dei
3109 5037 3267 5092 sunt,
3299 5028 3393 5083 sed
3419 5042 3483 5081 ea
3514 5039 3637 5096 quae
3666 5024 3765 5077 ho-

2175 5130 2410 5194 minum;
2442 5142 2624 5182 verum
2649 5141 2747 5197 pro
2767 5121 3327 5194 dilectione‘magistri
3350 5118 3481 5175 nihil
3498 5119 3573 5175 de
3599 5134 3667 5173 eo
3693 5118 3765 5172 si-

2177 5222 2407 5279 nistrum
2437 5228 2491 5277 et
2521 5217 2725 5273 humile
2753 5215 3034 5285 patiuntur
3057 5214 3262 5268 audire.
3384 5276 3387 5281 ι

2250 5309 2319 5367 Et
2357 5326 2472 5364 cum
2513 5308 2727 5363 venisset
2765 5307 3166 5376 Capharnaum,
3203 5312 3528 5359 accesserunt
3562 5301 3654 5372 qui
3684 5301 3764 5354 di-

2181 5403 2431 5456 drachma
2463 5399 2785 5469 accipiebant
2819 5396 2888 5455 ad
2932 5394 3181 5461 Petrum,
3221 5404 3270 5448 et
3309 5394 3556 5446 dixerunt
3590 5430 3603 5442 .
3645 5388 3761 5443 Na-

2181 5496 2339 5566 gister
2375 5503 2537 5547 rcstcr
2567 5507 2671 5545 non
2709 5487 2860 5544 solvit
2893 5474 3243 5543 didrachma.’
3280 5485 3362 5538 Ait
3401 5484 3477 5539 eis
3510 5498 3527 5537 .'
3564 5480 3761 5535 Elian.

2181 5585 2313 5640 Post
2340 5582 2636 5654 Augustum
2664 5577 2934 5637 Ctesarem
2960 5576 3145 5633 Judma
3172 5585 3254 5632 est
3285 5576 3422 5645 facta
3456 5573 3763 5628 tributaria.

2182 5686 2238 5734 et
2275 5692 2463 5732 omnes
2502 5675 2648 5731 censi
2689 5674 2865 5746 capite
2904 5671 3236 5731 ferebantur.
3282 5669 3433 5727 llnde
3470 5677 3524 5722 et
3564 5659 3760 5735 Ioseph
