3998 6188
341 300 473 366 tuus

341 519 569 572 Rursum
594 514 845 585 quoniam
873 510 1106 566 nutritus
1125 519 1244 566 erat
1269 512 1325 565 in
1350 510 1638 576 Nazareth,
1666 504 1810 578 Quod
1829 515 1914 563 est

337 605 586 677 Oppidum
623 602 856 659 Gallittae
891 601 1272 670 Capharnauni
1302 598 1483 664 urbis,
1518 592 1589 653 ibi
1624 613 1657 653 a
1687 600 1915 653 censore

338 704 630 768 poscuntur
655 692 886 755 tributa,
918 699 974 745 et
1000 702 1098 760 pro
1132 690 1408 759 signorum
1447 686 1817 758 magnitudine
1854 685 1912 740 hi

337 786 426 857 qui
452 785 739 856 exigebant
762 796 867 838 non
897 781 1298 850 audent’ipsum
1328 787 1592 849 repetere,
1621 778 1714 833 sed
1747 776 1913 832 disci-

336 879 516 951 pulum
544 874 898 940 conveniunt;
931 873 1045 928 sive
1070 872 1335 927 malitiose
1358 872 1707 939 interrogant,
1732 875 1915 923 utrum

337 970 523 1025 reddat
545 967 743 1022 tributa
768 981 835 1019 an
857 964 1190 1019 contradicat
1212 961 1445 1017 Caesaris
1461 958 1742 1022 veluntati,
1760 958 1915 1026 juxta

335 1059 476 1130 quod
501 1059 556 1112 in
586 1056 693 1110 alio
731 1054 961 1125 legimus
1002 1071 1014 1107 :
1054 1052 1195 1107 Licet
1231 1052 1426 1105 tributa
1460 1048 1660 1105 Cwsari
1694 1050 1912 1113 solvere,

334 1168 401 1204 an
436 1165 537 1203 non
558 1149 582 1201 ?
606 1145 821 1217 (Matth.
850 1142 1012 1215 χιιι.)

407 1238 474 1294 Et
511 1255 627 1293 cum
669 1236 937 1290 introisset
971 1235 1027 1289 in
1067 1235 1281 1287 domum
1320 1231 1573 1302 prwvenit
1607 1245 1729 1283 eum
1756 1228 1914 1299 Iesus

334 1333 530 1386 dicens.
557 1328 658 1396 Qui
685 1327 1001 1383 didrachma
1037 1323 1326 1396 exigebant
1370 1335 1619 1376 seorsum
1647 1333 1917 1375 convene-

335 1422 728 1486 mntPetrum;
768 1428 1003 1491 cumque
1038 1417 1293 1471 intrasset
1334 1414 1551 1469 domum
1577 1451 1594 1476 ,
1626 1420 1916 1480 antequam

333 1516 532 1572 Petrus
583 1520 866 1585 suggerat,
899 1506 1160 1567 Dominus
1189 1510 1486 1577 interrogat
1511 1542 1525 1571 ς
1556 1520 1624 1559 ne
1651 1502 1919 1559 scandali—

333 1613 531 1661 zentur
556 1603 803 1674 discipuli
833 1602 900 1658 ad
939 1599 1356 1670 postulationem
1393 1596 1621 1660 tributi,
1668 1608 1789 1649 cum
1839 1594 1918 1648 via

333 1695 499 1751 deant
528 1706 652 1749 eum
682 1707 841 1748 nosse
879 1702 1000 1760 qua:
1028 1692 1252 1743 absente
1280 1690 1339 1743 se
1362 1694 1513 1757 gesta
1538 1693 1682 1741 sunt.
1708 1702 1725 1713 κ
1870 1693 1881 1697 ’

1322 294 1675 362 ΟΟΜΜΕΝΤ.
1712 294 1779 359 ΙΝ
1818 294 2255 361 MATTHAEUM.
2296 335 2365 348 —
2402 303 2532 362 LIB.
2574 300 2640 363 ν.

337 441 454 482 rum
489 421 657 477 Maria
694 426 918 492 cognata
957 430 1053 475 sua
1088 412 1361 488 proiectus
1402 425 1485 472 est
1522 417 1575 472 in
1608 409 1902 471 Bethleem.
1935 419 1984 476 Α

3455 308 3593 372 εσσε)

2566 418 2794 478 CAPUT
2832 412 3016 479 XVIII.

2013 520 2174 583 Docet
2206 528 2553 604 humilitatem
2589 532 2823 604 exemplo
2863 532 3202 604 parvulorum
3221 575 3236 600 ,
3261 543 3310 590 et
3340 540 3588 593 nemiuem

2083 612 2263 653 eorum
2290 601 2795 675 scatidaliaandum;
2819 601 3113 674 eretuplum
3142 608 3385 675 proponit
3413 608 3479 665 de
3501 614 3590 663 ave

2083 680 2323 732 errante,
2349 680 2398 723 et
2417 671 2617 741 quoties
2644 669 2801 741 fratri
2831 674 2895 727 sit
2924 669 3318 744 ig'nosceudum.

2085 777 2177 852 {l.]
2209 778 2274 834 In
2306 778 2399 833 illa
2434 780 2566 835 hora
2611 794 2938 838 accesserunt
2968 784 3214 856 discipuli
3254 787 3325 841 ad
3364 787 3545 844 Iesum
3578 831 3595 857 ,

2014 870 2286 927 dicentes:
2313 869 2621 943 Quisputas
2660 876 2834 946 major
2877 879 2974 931 erit
3020 879 3077 943 in
3111 893 3265 948 regno
3308 879 3591 935 caelorum‘t

2016 956 2286 1034 (Illarum)
2302 956 2454 1029 Quod
2480 976 2622 1033 srepe
2649 965 2831 1019 monui
2847 965 3011 1020 etiam
3036 982 3179 1021 nunc
3203 968 3600 1026 observandum

2015 1062 2117 1109 est.
2151 1053 2342 1110 Causze
2373 1056 2681 1125 quiercndte
2718 1065 2844 1112 sum
2882 1058 3217 1127 singulorum
3262 1061 3473 1117 Domini
3521 1063 3604 1118 di-

2010 1142 2227 1199 ctorum
2276 1152 2438 1214 atque
2491 1143 2778 1201 factorum.
2814 1142 2943 1203 Post
2983 1150 3262 1204 inventum
3290 1158 3550 1208 stateram
3584 1194 3601 1218 ,

2016 1244 2137 1303 post
2173 1236 2372 1296 tributa
2403 1236 2634 1300 reddita,
2662 1239 2791 1306 quid
2815 1240 2915 1293 sibi
2941 1239 3053 1293 vult
3082 1242 3362 1311 repentina
3389 1253 3604 1313 aposto-

2017 1326 2188 1380 lorum
2237 1325 2589 1396 interrogatio
2607 1326 2722 1380 ?‘Iu
2757 1327 2849 1381 illa
2903 1331 3033 1382 hora
3083 1342 3415 1386 accesserunt
3444 1333 3605 1387 diaria

2015 1414 2128 1482 puli
2157 1415 2226 1468 ad
2257 1414 2473 1479 Iesum,
2525 1415 2756 1471 dicentes
2782 1430 2800 1467 :
2845 1415 2979 1482 Quis
3023 1427 3178 1489 putas
3214 1421 3390 1491 major
3422 1431 3498 1476 est
3546 1424 3605 1479 in

2020 1512 2181 1571 regno
2204 1503 2448 1561 eceteram
2474 1505 2499 1557 .9
2525 1505 2628 1571 Qui
2651 1504 2937 1561 audierant
2975 1516 3073 1577 pro
3106 1508 3268 1564 Petro
3292 1520 3347 1565 et
3375 1509 3607 1567 Domino

2019 1595 2281 1649 tributum
2308 1596 2448 1650 idem
2474 1596 2762 1663 redditum,
2777 1612 2841 1652 ex
2858 1598 3168 1667 aequalitate
3187 1598 3332 1655 Petri
3357 1602 3605 1657 arbitrati

2022 1694 2148 1739 sunt
2192 1680 2457 1741 omnibus
2482 1686 2742 1755 apostolis
2785 1682 3002 1743 Petrum
3030 1700 3151 1744 esse
3178 1691 3482 1760 praelatum,
3513 1692 3607 1762 Qui

405 1784 549 1851 Quid
589 1784 682 1837 tibi
734 1783 974 1845 meum,
1010 1779 1241 1836 Simon?
1276 1778 1435 1849 Reges
1476 1787 1631 1832 terra:
1661 1793 1693 1831 a
1732 1776 1920 1847 quibus
1949 1768 1994 1828 Β
2025 1779 2081 1832 in
2128 1779 2430 1835 redditione
2484 1779 2672 1833 tributi
2728 1776 2961 1834 Domino
3009 1778 3189 1835 fuerat
3240 1784 3603 1851 comparatus.

334 1872 605 1947 accipiam
634 1875 909 1939 tributum,
945 1872 1021 1928 rei
1056 1882 1266 1947 censum
1292 1910 1306 1935 ,
1341 1884 1374 1924 a
1401 1867 1527 1937 ﬁliis
1566 1868 1704 1929 suis,
1739 1884 1809 1921 art
1853 1867 1918 1920 ab

333 1966 572 2021 alienis?
622 1965 692 2018 Et
725 1963 813 2018 ille
839 1963 972 2018 dixit
1000 1974 1019 2013 .°
1044 1961 1121 2015 Ab
1151 1958 1354 2014 alienis.
1404 1957 1547 2011 Dixit
1593 1956 1671 2009 illi
1716 1955 1875 2010 Iesus
1900 1970 1920 2008 :

334 2057 484 2128 Ergo
515 2055 666 2109 liberi
695 2062 816 2108 sunt
832 2052 965 2124 ﬁlii.
1017 2050 1277 2105 Dominus
1315 2055 1502 2104 noster
1529 2054 1586 2100 et
1624 2045 1920 2102 secundum

332 2134 560 2203 carnem
588 2154 642 2202 et
673 2134 966 2202 secundum
994 2144 1241 2213 spiritum
1293 2140 1435 2195 illius
1470 2138 1625 2211 "regis
1654 2140 1806 2205 erat,
1837 2140 1921 2194 vel

332 2256 403 2295 ex
434 2239 602 2293 David
639 2239 809 2308 stirpe
841 2242 1153 2308 generatus,
1189 2234 1274 2288 vel
1318 2232 1704 2303 omnipotentis
1746 2232 1924 2287 Patris

335 2330 596 2391 Verbum.
628 2327 772 2397 Ergo
800 2326 1005 2380 tributa
1037 2324 1192 2393 quasi
1223 2336 1412 2392 regum
1440 2321 1583 2375 ﬁlius
1624 2332 1735 2374 non
1760 2320 1925 2375 debe-

332 2418 470 2484 bat;
501 2418 595 2473 sed
622 2417 713 2486 qui
740 2415 1101 2471 humilitatem
1125 2411 1306 2465 carnis
1325 2416 1715 2478 assumpserat,
1741 2409 1927 2463 debuit

333 2507 637 2577 adimplere
668 2517 885 2560 omnem
913 2500 1201 2572 justitiam.
1253 2496 1469 2566 Nosque
1521 2495 1763 2551 infelices
1785 2536 1799 2561 ,
1832 2497 1925 2566 qui

330 2595 538 2651 Christi
591 2606 877 2650 censemur
925 2590 1172 2655 nomine,
1224 2596 1280 2644 et
1325 2586 1462 2641 nihil
1509 2587 1729 2658 dignum
1776 2582 1926 2642 tanta

281 2741 292 2750 ,
331 2685 572 2757 facimus
600 2680 884 2751 majestate
915 2697 928 2733 :
954 2680 1042 2735 ille
1067 2694 1166 2750 pro
1190 2677 1349 2733 nobis
1378 2690 1595 2731 crucem
1624 2676 1882 2731 sustinuit
1908 2716 1922 2740 ,

330 2754 392 2832 et
427 2754 632 2829 tributa
656 2773 843 2839 dedit,
892 2770 986 2826 sed
1026 2785 1125 2825 nos
1151 2784 1249 2839 pro
1284 2767 1428 2823 illius
1473 2767 1680 2822 honore
1726 2766 1926 2822 tributa

330 2880 449 2922 tum
480 2864 757 2921 reddimus
781 2871 839 2918 et
866 2862 1021 2932 quasi
1053 2860 1148 2917 lilii
1185 2861 1331 2933 regis
1373 2875 1404 2914 a
1441 2857 1795 2930 vectigalibus
1828 2858 1929 2912 im-

328 2970 536 3014 mimos
565 2970 773 3011 sumus.

2023 1868 2146 1923 idco
2174 1869 2512 1939 interrogant
2540 1885 2554 1921 :
2586 1866 2717 1933 Quis
2753 1867 2927 1938 major
2951 1871 3101 1923 estin
3128 1886 3285 1941 regno
3312 1869 3557 1927 «elerum
3585 1872 3611 1927 .’

2022 1954 2332 2026 Videasque
2355 1953 2517 2012 .iesas
2543 1956 2901 2026 cogitationes
2925 1966 3132 2024 eorum,
3160 1968 3215 2014 et
3243 1958 3435 2016 causas
3457 1968 3610 2017 errr»

2021 2060 2142 2103 rum
2190 2047 2498 2119 intelligens
2526 2084 2541 2112 ,
2581 2048 2695 2103 vult
2722 2049 3050 2106 desiderium
3079 2050 3264 2121 gloriae
3289 2052 3610 2109 humilitatis

2022 2140 2372 2195 contentione
2404 2143 2537 2194 sane
2546 2146 2624 2195 re.

2094 2228 2162 2283 Et
2190 2229 2451 2283 aduocans
2480 2227 2637 2283 Iesus
2675 2229 2951 2300 parvulum
2979 2271 2994 2295 ,
3039 2230 3221 2289 statuit
3245 2232 3303 2285 in
3327 2232 3497 2286 medio
3527 2244 3613 2287 eo:

2024 2327 2162 2370 rum.
2187 2315 2286 2372 Vel
2308 2315 2627 2385 simpliciter
2650 2315 2946 2385 quemlibet
2969 2316 3289 2386 parvulum,
3305 2308 3607 2389 ut'mtatem

2023 2404 2293 2476 quaereret
2316 2414 2371 2462 et
2405 2404 2815 2463 similitudinem
2843 2406 3163 2463 innocentiae
3189 2407 3609 2478 demonstraret,

2018 2498 2111 2552 rei
2131 2505 2278 2553 certe
2304 2491 2590 2567 parvulum
2614 2497 2803 2553 statuit
2830 2497 2883 2552 in
2909 2496 3087 2553 medio
3116 2497 3328 2553 illorum
3349 2500 3612 2571 seipsum,
3694 2488 3709 2497 ’

2024 2588 2118 2659 qui
2166 2601 2272 2642 non
2319 2587 2614 2643 ministrari
2647 2594 2891 2651 venerat,
2945 2587 3041 2644 sed
3070 2590 3408 2657 ministrare,
3439 2596 3502 2647 ut
3528 2593 3610 2651 eis

2024 2679 2348 2735 humilitatis
2376 2679 2646 2734 tribueret
2681 2679 3008 2749 exemplum.
3050 2678 3155 2735 Alii
3188 2682 3471 2752 parvulum
3520 2684 3608 2738 inn

1994 2775 2393 2838 rterpretantur
2421 2766 2680 2838 Spiritum
2717 2778 3000 2834 sanctum,
3052 2776 3211 2840 quem
3264 2774 3509 2842 posuerit
3550 2774 3607 2831 in

2024 2859 2279 2914 cordibus
2303 2859 2710 2929 discipulorum,
2734 2870 2797 2916 ut
2818 2864 3130 2932 superbiam
3160 2865 3462 2924 humilitate
3489 2880 3607 2923 mu-

2027 2952 2223 3003 tarent.
2248 2948 2469 3022 (Beda.)
2494 2949 2647 3019 Quod
2668 2959 2847 3007 autem
2868 2952 3165 3009 secundum
3194 2955 3431 3012 Marcum
3461 2962 3611 3014 eom-

408 3045 483 3102 Ut
505 3056 680 3102 deum
697 3060 801 3102 non
818 3045 1237 3105 scandalizemus
1263 3061 1371 3110 eos,
1412 3043 1543 3099 vade
1583 3042 1654 3098 ad
1680 3048 1844 3107 mare,
1873 3051 1924 3096 et
1955 3109 1992 3121 _
2024 3034 2278 3112 plectitur
2329 3040 2490 3100 Je'sus
2533 3033 2762 3115 puerum
2803 3044 2996 3118 (Marc.
3046 3047 3154 3119 ut),
3201 3046 3470 3121 significat
3496 3049 3610 3105 hue-

328 3139 490 3194 me'tte
522 3139 736 3193 hamum
764 3177 782 3204 ,
815 3146 863 3193 et
893 3154 1009 3193 eum
1035 3139 1230 3209 piscem
1266 3137 1357 3209 qui
1384 3136 1586 3208 primus
1605 3135 1920 3201 ascenderit,
1949 3109 1994 3172 Β
2025 3109 2180 3188 miles
2204 3148 2305 3188 suo
2328 3134 2518 3205 dignos
2695 3109 2975 3206 complexu
3006 3152 3071 3193 ac
3099 3109 3417 3205 dilectione;
3443 3138 3607 3195 tales-

328 3226 485 3282 tolle.
515 3227 581 3281 Et
602 3237 779 3298 aperto
803 3244 893 3282 ore
917 3226 1031 3297 ejus
1070 3227 1297 3282 invenies
1338 3235 1585 3285 stateram
1612 3239 1633 3279 :
1656 3222 1808 3281 illam
1835 3242 1925 3280 su.

327 3334 509 3384 utens,
536 3320 607 3372 da
639 3320 715 3373 eis
751 3332 847 3390 pro
876 3334 957 3374 me
994 3330 1058 3375 et
1109 3328 1178 3375 te.
1228 3318 1369 3387 Quid
1412 3319 1649 3388 primum
1676 3318 1844 3375 mirer
1869 3318 1924 3372 in

331 3410 445 3465 hoc
483 3409 627 3475 loco,
657 3410 865 3475 nescio,
891 3418 1069 3464 utrum
1119 3410 1517 3481 praescientiam
1548 3423 1618 3463 an
1657 3408 1925 3479 magnitm

329 3503 524 3557 dinem
568 3501 902 3557 Salvatoris?
924 3501 1349 3568 Praescientiam,
1382 3501 1528 3572 quod
1560 3506 1789 3558 noverat
1830 3501 1926 3556 ha-

328 3595 468 3650 bere
497 3595 702 3664 piscem
745 3592 798 3647 in
840 3607 937 3648 ore
964 3600 1220 3649 staterem
1245 3631 1262 3659 ,
1292 3599 1350 3649 et
1372 3593 1518 3664 quod
1557 3594 1767 3663 primus
1806 3593 1926 3662 ipse

330 3685 637 3755 (rapiendas
664 3692 841 3749 esset;
867 3684 1292 3754 magnitudinem
1321 3692 1485 3753 atque
1504 3684 1756 3748 virtutes,
1783 3683 1926 3753 Quod

328 3777 405 3831 ad
433 3772 814 3845 verbumejus
854 3774 1036 3829 statim
1084 3782 1257 3830 stater
1288 3774 1342 3828 in
1371 3788 1469 3828 ore
1501 3773 1667 3843 piscis
1710 3779 1927 3829 creatus

2026 3235 2132 3292 que
2158 3236 2278 3281 eum
2325 3224 2663 3295 impleverim
2703 3228 2846 3296 Quod
2876 3228 3132 3298 praecepit
3183 3247 3195 3282 :
3246 3228 3441 3284 Discite
3468 3248 3499 3284 a
3525 3244 3609 3287 me

2024 3317 2149 3386 quia
2175 3317 2316 3370 mitis
2342 3324 2458 3371 sum
2480 3326 2528 3372 et
2546 3316 2769 3373 humilis
2785 3317 2941 3379 corde
2959 3318 3172 3390 (Matth.
3191 3319 3291 3393 in),
3306 3319 3431 3389 jure
3452 3330 3614 3391 posse

2024 3405 2243 3477 gloriari
2277 3421 2341 3462 ac
2371 3407 2552 3462 dicere
2579 3426 2592 3461 :
2617 3407 2776 3463 Ιιιευα
2797 3408 2913 3480 ejus
2937 3410 3033 3466 sub
3055 3410 3225 3481 capite
3242 3420 3379 3477 meo,
3409 3421 3456 3466 et
3481 3412 3613 3467 dea;-

2025 3496 2302 3553 tera‘illiu‘s
2322 3498 2707 3569 antplexabitur
2730 3516 2832 3557 me.
3155 3547 3164 3556 .

2100 3587 2170 3644 Et
2194 3582 2329 3644 dixit
2360 3602 2380 3641 :
2407 3590 2573 3645 Amen
2597 3590 2717 3646 dico
2744 3586 2906 3655 vobis,
2950 3591 3055 3646 nisi
3096 3591 3334 3646 conversi
3367 3591 3612 3661 fueritis,

2028 3690 2098 3735 et‘
2120 3682 2421 3753 eﬂiciamini
2447 3684 2584 3736 sicut
2608 3679 2845 3751 paruuli,
2870 3695 2974 3736 non
3012 3682 3287 3736 inhabilis
3315 3684 3371 3735 in
3398 3696 3615 3752 regnum

2027 3774 2295 3825 cistarum.
2324 3770 2596 3842 (Hierom)
2630 3769 2748 3825 Non
2773 3770 3087 3840 praecipitur
3113 3770 3371 3842 apostolis
3398 3777 3460 3826 ut
3483 3779 3616 3828 asta-

329 3875 441 3931 est,
477 3865 623 3936 quod
647 3864 888 3921 futurum
913 3873 1053 3931 erat,
1083 3864 1199 3934 ipse
1234 3863 1501 3934 loquendo
1526 3861 1735 3918 fecerit.
1770 3861 1930 3918 Vide-
2030 3866 2139 3913 tem
2168 3860 2406 3915 habeant
2430 3854 2811 3930 parvulorum,
2850 3860 2949 3917 sed
2995 3848 3491 3936 ut_innocentiam.
3547 3861 3619 3918 Et

327 3934 511 4012 buturi
527 3962 705 4010 autem
729 3955 862 4010 mihi
902 3954 1195 4010 secundum
1219 3953 1481 4025 mystieos
1503 3952 1807 4015 biteliectus
1827 3952 1929 4007 iste
2028 3951 2173 4022 quod
2204 3951 2277 4008 illi
2303 3966 2401 4023 per
2424 3965 2598 4009 annos
2622 3952 2920 4021 possident,
2955 3952 3010 4008 hi
3036 3934 3354 4023 pbssiaeam
3384 3966 3485 4023 per
3525 3952 3613 4007 in-

328 4062 458 4103 esse
485 4047 676 4116 piscis,
723 4038 817 4116 qui
843 4045 1050 4116 primus
1068 4051 1260 4115 captus
1299 4050 1404 4119 est,
1435 4040 1529 4113 qui
1566 4043 1619 4105 in
1661 4038 1928 4113 profundo
2029 4045 2294 4101 dustriam
2321 4086 2336 4111 ,
2372 4052 2433 4099 ut
2477 4044 2681 4100 malitia
2709 4086 2723 4110 ,
2776 4058 2884 4099 non
2931 4045 3195 4116 sapientia
3240 4040 3613 4116 parvuli-sint.

331 4141 513 4195 maris
548 4147 686 4206 erat,
714 4146 771 4193 et
814 4138 868 4192 in
906 4136 1063 4192 salsis
1084 4136 1393 4205 umerisque
1417 4134 1719 4207 gurgitibus
1744 4148 1927 4189 mora-
2018 4136 2214 4211 (ΚΑΒ.)
2241 4137 2310 4193 Ut
2334 4134 2399 4191 ad
2423 4136 2597 4194 instar
2616 4135 2793 4192 artatis
2810 4135 3049 4207 parvula:
3071 4135 3471 4206 simplicitatem
3494 4135 3618 4191 sine

329 4228 506 4285 batur
530 4267 546 4293 ,
572 4234 636 4281 ut
674 4242 773 4298 per
802 4225 1106 4281 secundum
1133 4223 1307 4280 Adam
1342 4224 1668 4281 liberaretur
1721 4222 1930 4295 primus
2031 4227 2360 4299 arrogantia,
2391 4227 2711 4284 cbaritatem
2743 4227 2863 4283 sine
2880 4227 3105 4293 invidia,
3133 4225 3470 4283 devotionem
3495 4226 3616 4283 sine

328 4317 539 4385 Adam.
570 4314 640 4369 Et
668 4315 720 4369 id
747 4313 970 4384 quodin
1010 4326 1105 4368 ore
1130 4311 1271 4383 ejus,
1298 4313 1355 4369 id
1375 4320 1479 4378 est,
1506 4313 1564 4368 in
1589 4312 1931 4369 confessione

330 4407 527 4462 fuerat
556 4404 1139 4477 inventum,proPetro
1157 4413 1213 4461 et
1232 4421 1333 4476 pro
1342 4405 1571 4467 Domino
1592 4406 1927 4462 redderetur.

331 4497 403 4553 Et
434 4496 665 4568 pulchre
689 4497 920 4567 idipsum
944 4496 1161 4568 quidem
1190 4497 1349 4553 datur
1378 4537 1394 4564 ,
1440 4505 1496 4554 et
1524 4498 1759 4569 pretium
1788 4497 1926 4553 divi-

331 4603 460 4642 sum
500 4597 606 4655 est,
629 4589 756 4658 quia
786 4603 887 4658 pro
910 4586 1073 4644 Petro
1088 4590 1241 4659 quasi
1261 4605 1361 4660 pro
1388 4578 1675 4661 peccatore
1693 4592 1925 4662 pretium

330 4679 700 4744 reddebatur,
729 4679 991 4735 Dominus
1037 4690 1219 4735 autem
1267 4690 1454 4739 noster
1478 4690 1689 4752 peccata
1718 4698 1831 4737 non.
1846 4682 1926 4753 fe-

332 4783 515 4839 cerat,
553 4788 645 4826 nec
673 4771 828 4825 dolus
855 4772 1090 4825 inventus
1117 4778 1191 4826 est
1237 4773 1293 4829 in
1324 4789 1413 4827 ore
1438 4772 1553 4843 ejus
1579 4771 1629 4845 (I
1661 4771 1801 4827 Petr.
1840 4773 1923 4844 ll).

332 4865 536 4922 Stater
564 4864 761 4929 dicitur
792 4862 883 4933 qui
912 4864 1048 4918 duas
1073 4864 1237 4919 habet
1258 4863 1620 4927 didrachmas,
1661 4872 1723 4919 ut
1748 4874 1928 4920 osten-

332 4959 572 5014 tieretur
601 4956 897 5012 similitudo
923 4956 1106 5011 carnis
1130 4995 1143 5020 ,
1179 4957 1305 5011 dum
1333 4957 1520 5012 eodem
1571 4966 1627 5012 et
1671 4957 1930 5014 Dominus

333 5056 395 5103 et
432 5061 634 5102 servus
667 5046 842 5116 pretio
882 5046 1196 5101 liberantur.
1254 5042 1360 5101 Sed
1413 5054 1470 5103 et
1508 5047 1823 5117 simpliciter
1851 5050 1932 5103 in-

335 5135 599 5191 tellectus
637 5136 867 5191 aediﬁcat
895 5135 1228 5201 auditorem,
1286 5134 1412 5190 dum
1459 5143 1622 5191 tanta
1673 5136 1932 5192 Dominus

335 5226 531 5282 fuerat
563 5227 897 5296 paupertatis
921 5266 935 5289 ,
965 5233 1025 5281 ut
1051 5226 1193 5280 unde
1238 5226 1438 5280 tributa
1481 5226 1776 5283 reddiderit
1822 5243 1928 5284 non

336 5317 627 5373 habuerit.
660 5316 812 5384 Quod
855 5316 902 5372 si
945 5317 1067 5387 quis
1109 5317 1345 5387 objicere
1377 5317 1607 5372 voluerit
1657 5321 1929 5390 quomodo

334 5405 521 5463 sudas
544 5407 601 5462 in
629 5406 822 5463 loculis
851 5408 1099 5476 portabat
1125 5407 1451 5477 pecuariam?
1488 5410 1930 5479 respondebimus

337 5508 467 5553 rem
503 5510 799 5568 pauperum
819 5497 877 5551 in
896 5512 1025 5553 usus
1042 5508 1170 5553 suos
1187 5508 1503 5556 convertere
1527 5499 1681 5556 nefas
1696 5503 1926 5574 putavit,

340 5591 621 5662 uobisque
644 5590 785 5649 idem
815 5592 1007 5648 tribuit
1034 5591 1356 5662 exemplum.

2032 4318 2311 4374 iracundia
2339 4323 2679 4374 conservent.

2107 4399 2413 4482 Quicunque
2440 4424 2562 4479 ergo
2592 4407 2946 4463 humiiiaverit
2973 4423 3028 4463 se
3056 4408 3193 4462 sicut
3216 4406 3466 4478 paruulus
3493 4409 3616 4470 ista,

2032 4500 2116 4555 hic
2144 4510 2218 4554 est
2249 4499 2423 4570 major
2451 4497 2506 4552 in
2528 4513 2688 4569 regno
2711 4496 2978 4553 calorum.
3006 4495 3276 4570 (Hierom)
3308 4494 3461 4552 Sicut
3481 4512 3612 4569 par-

2031 4591 2188 4646 vulus
2216 4588 2373 4659 cujus
2393 4590 2545 4645 vobis
2573 4588 2817 4660 exempla
2847 4589 3047 4656 tribuo,
3088 4603 3199 4643 non
3221 4597 3537 4657 perset'erat
3560 4590 3615 4646 in

2032 4682 2331 4749 iracundia,
2355 4697 2464 4735 non
2494 4681 2653 4737 laesus
2677 4681 2949 4748 meminit,
2980 4696 3089 4751 non
3110 4681 3302 4736 videns
3327 4680 3613 4751 pulchram

2032 4772 2313 4828 mulierem
2343 4771 2665 4837 delectatur,
2707 4782 2813 4826 non
2862 4771 3007 4826 aliud
3057 4772 3317 4841 loquitur,
3347 4771 3493 4826 aliud
3518 4778 3617 4828 co-

2032 4860 2165 4938 gitat
2186 4905 2200 4929 ,
2231 4864 2311 4927 sic
2337 4871 2392 4917 et
2420 4878 2514 4917 vos
2539 4902 2554 4927 ,
2586 4863 2691 4918 nisi
2723 4862 2884 4918 talem
2913 4863 3212 4919 habueritis
3249 4864 3615 4920 innocentiam

2030 4964 2085 5011 et
2125 4955 2289 5010 animi
2322 4952 2636 5024 puritatem,
2665 4968 2890 5025 regnum
2918 4955 3181 5011 (scalarum
3229 4966 3337 5011 non
3389 4957 3618 5026 potestis

2031 5046 2256 5100 intrare.
2287 5043 2413 5100 Sive
2435 5043 2592 5099 aliter
2621 5061 2636 5097 :
2668 5043 2978 5115 Quicunque
3004 5044 3358 5100 humiliarerit
3383 5060 3438 5101 se
3478 5046 3614 5100 sicut

2030 5138 2278 5208 paruulus
2304 5137 2429 5199 iste,
2462 5136 2547 5189 llic
2580 5144 2655 5191 est
2692 5137 2868 5207 major
2902 5137 2958 5192 in
2999 5152 3156 5207 regno
3184 5136 3453 5192 ratorum.
3507 5135 3612 5204 Qui

2032 5228 2275 5282 imitatus
2298 5241 2389 5281 me
2413 5225 2593 5289 fuerit,
2619 5235 2675 5281 et
2705 5241 2764 5282 se
2792 5227 2848 5281 in
2879 5227 3185 5298 exemplum
3218 5228 3328 5284 mei
3355 5227 3610 5284 humilia-

2032 5317 2196 5381 rerit,
2229 5325 2285 5371 ut
2337 5325 2545 5372 tantum
2592 5330 2657 5371 se
2690 5316 2927 5387 dejiciat,
2971 5326 3231 5386 quantum
3276 5326 3361 5373 me
3395 5316 3568 5389 deieci
3595 5356 3611 5384 .

2031 5405 2261 5462 formam
2312 5407 2453 5463 servi
2506 5406 2814 5477 accipiens,
2842 5407 2957 5463 «hic
3006 5407 3233 5464 intrabit
3262 5407 3341 5463 ~in
3383 5418 3617 5480 reptant

2029 5498 2310 5554 caelorum.

2101 5588 2170 5643 Et
2193 5592 2280 5660 qui
2303 5592 2587 5661 sucronem
2614 5604 2777 5645 unum
2807 5589 3082 5662 parvulum
3113 5593 3271 5646 talem
3308 5591 3366 5646 in
3403 5591 3613 5651 neruiue

2032 5693 2167 5749 meo,
2194 5698 2275 5736 me
2304 5681 2539 5753 suscipit.
2564 5680 2666 5750 Qui
2691 5681 2813 5739 talis
2836 5679 3017 5750 fuerit,
3045 5690 3106 5737 ut
3124 5681 3326 5740 Christi
3365 5682 3610 5742 imitante
