4006 6194
457 311 596 368 Η)ῦῖ

1128 309 1188 364 n.
1228 272 1479 364 nABANt
1520 305 1736 362 unum
1775 303 2093 360 ARCHIEP.
2136 302 2449 359 uocum.
2488 299 2777 361 OPERUM
2816 299 2995 357 psus
3034 300 3076 355 ι.

3585 305 3608 354 Ι
3621 302 3720 357 5308

458 428 811 489 humilitatem
837 433 889 481 et
931 424 1299 483 innocentiam
1317 463 1332 489 ,
1362 425 1414 477 in
1441 437 1505 477 eo
1534 421 1781 477 Christus
1806 420 2029 489 suscipi-
2060 419 2108 478 Α
2137 419 2267 474 titur
2292 417 2459 474 ludas
2491 432 2533 483 ,'
2559 420 2650 488 qui
2702 417 2993 488 proditioni
3030 415 3269 470 animum
3299 425 3720 485 praeparaverat.

455 534 563 580 tur.
594 521 663 576 Et
686 520 979 590 prudenter
1023 533 1119 580 ne,
1171 532 1292 571 eum
1335 516 1569 571 delatum
1597 513 1758 569 fuerit
1782 512 2038 583 apostolis

455 614 727 684 fastigium
758 609 1001 674 honoris,
1030 623 1087 662 se
1107 614 1297 678 putent
1322 607 1619 661 honoratos
1643 645 1658 670 ,
1678 603 1895 675 adjecit
1931 618 2038 658 non

426 705 578 761 .illos
615 702 697 758 sui
729 700 923 756 merito
949 700 1043 755 sed
1070 698 1313 769 magistri
1348 699 1555 752 honore
1577 696 1963 765 suscipiendos.

528 793 631 859 Qui
650 802 823 846 autem
852 789 1284 847 scandalizaverit
1312 805 1473 842 unum
1498 791 1563 842 de
1580 788 1785 859 pusillis
1807 782 1921 841 istis
1949 789 2039 858 qui

452 885 506 937 in
532 900 613 937 me
638 882 879 944 credunt,
898 879 1101 950 expedit
1128 879 1176 933 ei
1203 888 1259 932 ut
1287 878 1638 949 suspendatur
1675 877 1813 931 mola
1862 880 2041 932 asina-

455 973 537 1024 ria
565 972 619 1025 in
642 969 775 1024 collo
820 970 935 1038 ejus
979 958 1037 1021 ct‘
1059 967 1391 1038 demergatur
1428 968 1480 1020 in
1506 967 1826 1036 profundum
1848 968 2036 1021 maris.

452 1062 771 1130 Quanquam
812 1057 1276 1131 generalispossit
1304 1070 1424 1111 csse
1458 1057 1724 1111 sententia
1755 1057 2039 1111 adversum

453 1166 644 1206 oznnes
672 1150 763 1220 qui
794 1149 1028 1217 aliquem
1079 1147 1466 1211 scandalizent,
1514 1156 1690 1202 tamen
1724 1145 1879 1217 juxta
1911 1164 2040 1201 con-

454 1241 790 1310 sequentiam
823 1239 1088 1294 sermonis
1117 1239 1494 1293 etiamcontra
1531 1239 1805 1307 apostolos
1834 1239 2041 1297 dictum

454 1331 677 1401 intelligi
704 1338 901 1399 potest.
942 1330 1041 1396 Qui
1090 1330 1469 1399 interrogando
1516 1330 1639 1398 quis
1684 1328 1856 1397 major
1898 1338 2043 1384 esset

454 1422 507 1476 in
536 1435 703 1492 regno
729 1419 1013 1487 caelorum,
1044 1418 1366 1474 videbantur
1404 1418 1547 1473 inter
1585 1434 1643 1475 se
1685 1420 1749 1474 de
1778 1419 2041 1489 dignitate

452 1509 809 1576 contendere;
842 1518 898 1564 et
923 1509 968 1564 si
1020 1509 1074 1563 in
1119 1509 1221 1563 hoc
1248 1508 1375 1561 vitia
1406 1508 1851 1576 permansissent,
1891 1517 2042 1576 pote-

456 1611 580 1657 rant
602 1615 698 1657 eos
725 1616 863 1671 quos
894 1600 962 1655 ad
1008 1599 1167 1654 fidem
1196 1599 1459 1654 vocabant
1487 1614 1584 1670 per
1621 1615 1778 1655 suum
1810 1599 2042 1654 scanda—

454 1695 564 1747 lum
617 1694 863 1763 perdere,
911 1692 1036 1746 dum
1066 1691 1340 1760 apostolos
1372 1690 1554 1745 vident
1594 1691 1736 1746 inter
1761 1705 1819 1745 sc
1845 1691 1911 1745 de
1939 1690 2038 1744 ho-v

2146 509 2288 564 Dicit
2314 520 2369 564 ct
2412 509 2699 579 Apostolus
2726 528 2738 560 ε
2776 505 2990 577 Oportet
3030 518 3203 560 autem
3234 516 3281 559 et
3312 508 3537 561 Iurreses
3572 524 3683 562 esse
3707 548 3722 570 ,

2141 609 2197 652 ut
2226 600 2315 669 qui
2340 599 2544 669 probati
2570 607 2690 659 sunt
2723 596 2983 666 manifesti
3008 596 3138 664 ﬁant
3167 598 3221 648 in
3260 596 3423 649 vobis.
3473 596 3729 667 lmpossi-

2139 684 2246 740 bile
2264 694 2351 741 est
2373 697 2501 755 ergo
2528 693 2589 738 ut
2613 683 2749 736 alius
2773 680 3104 751 evangelista
3131 678 3282 743 dicit,
3312 680 3365 734 in
3397 681 3500 736 hoc
3527 684 3729 736 mundo

2139 774 2788 855 erroribus‘azrumnisque
2814 772 3127 841 plenissimo
3149 771 3399 825 scandala
3429 773 3729 844 smpissime

2139 881 2247 922 non
2274 867 2478 921 venire.
2507 866 2621 937 Sed
2641 881 2721 921 vae
2751 866 2827 919 illi
2853 864 2945 933 qui
2975 864 3117 933 quod
3148 863 3481 933 impossibile
3506 873 3591 919 est
3621 881 3726 920 non

2141 962 2324 1016 venire
2344 975 2442 1015 suo
2469 960 2597 1014 vitio
2620 957 2750 1012 facit
2770 964 2829 1010 ut
2855 969 2953 1026 per
2980 972 3038 1011 se
3064 955 3266 1009 veniat.

2212 1052 2273 1108 Si
2294 1062 2468 1106 autem
2492 1067 2678 1105 manus
2714 1058 2829 1113 tua,
2873 1048 2951 1101 vel
2994 1064 3083 1117 pes
3124 1057 3247 1113 tuus
3281 1048 3612 1102 scandalizat
3638 1060 3725 1114 te,

2140 1146 2383 1200 abscinde
2409 1162 2527 1198 eum
2554 1184 2568 1207 ,
2601 1153 2648 1196 ct
2682 1143 2878 1212 projice
2927 1141 3017 1194 abs
3048 1150 3140 1195 te:
3174 1140 3368 1194 bonum
3410 1142 3503 1194 tibi
3542 1152 3617 1195 est
3657 1144 3727 1195 ad

2141 1238 2298 1290 vitam
2329 1235 2529 1305 ingredi
2571 1234 2815 1296 debilem,
2856 1247 3012 1301 quam
3058 1231 3193 1284 duas
3229 1247 3421 1284 manus
3471 1231 3548 1285 vel
3593 1233 3726 1285 duos

2139 1316 2297 1397 pedes
2318 1330 2587 1382 habentem
2611 1329 2747 1381 mitti
2778 1329 2833 1381 in
2857 1328 3026 1398 ignem
3049 1337 3321 1381 azternum.
3347 1326 3563 1398 (Beda.)
3588 1329 3724 1395 Quia

2141 1435 2303 1490 supra
2326 1420 2583 1474 docuerat
2608 1433 2675 1472 ne
2711 1419 3138 1494 scandalizemus
3168 1433 3263 1473 eos
3297 1419 3651 1488 quicreduut
3674 1418 3727 1473 in

2142 1528 2288 1576 eum,
2318 1526 2459 1565 nunc
2488 1518 2883 1578 consequenter
2932 1510 3189 1565 admonet
3223 1516 3485 1579 quantum
3532 1524 3729 1564 cavere

2143 1600 2435 1656 debeamus
2458 1615 2553 1656 eos
2582 1600 2673 1669 qui
2701 1599 3066 1655 scandalizare
3088 1615 3192 1659 nos
3208 1640 3223 1665 ,
3252 1600 3304 1654 id
3328 1607 3432 1665 est,
3458 1600 3626 1654 verbo
3646 1598 3729 1655 vel

2144 1692 2394 1761 exemplo
2433 1706 2531 1746 suo
2559 1691 2627 1744 ad
2658 1691 2869 1747 ruinam
2912 1691 3121 1761 peccati
3153 1691 3457 1761 propellere
3496 1699 3726 1747 certant.

451 1798 585 1838 uere
607 1796 868 1852 pugnare.
902 1780 1056 1845 Quod
1089 1789 1268 1835 autem
1300 1781 1436 1833 dixit
1467 1797 1482 1833 :
1520 1780 1743 1851 Expedit
1771 1781 1821 1833 ei
1849 1789 2044 1851 ut'sus-
2071 1764 2119 1823 Β
2148 1783 2363 1838 Manum
2413 1784 2612 1853 quippe
2656 1791 2901 1847 nostram
2937 1782 3171 1853 appellat
3199 1780 3569 1845 necessarium
3596 1785 3729 1855 ami-

454 1870 714 1944 pcndatur
730 1868 870 1923 mola
894 1866 1131 1923 asinaria
1164 1870 1219 1922 in
1242 1868 1376 1922 collo
1400 1856 1534 1939 ejus,
1559 1869 1856 1925 secundum
1880 1870 2040 1924 ritum

451 1962 747 2035 provincia
793 1960 1068 2030 loquitur,
1105 1961 1249 2030 quod
1298 1954 1562 2027 majorum
1611 1961 1897 2016 criminum
1935 1962 2042 2016 ista

451 2053 593 2124 apud
619 2060 834 2108 veteres
877 2049 1092 2106 Judaeos
1138 2067 1297 2120 poena
1339 2050 1541 2116 fuerit,
1574 2060 1636 2106 ut
1680 2053 1731 2106 in
1771 2052 2081 2132 profundo.

452 2146 621 2216 ligato
656 2157 789 2198 saxo
820 2143 1263 2211 demergerentur
1293 2141 1475 2214 (n.3,)
1507 2141 1729 2212 Expedit
1766 2151 1948 2198 autem
1990 2144 2041 2198 ei

453 2236 611 2302 dicit,
639 2235 766 2304 quia
812 2233 983 2288 multo
1032 2232 1217 2287 utilius
1260 2240 1345 2287 est
1371 2233 1648 2288 innoxium
1691 2247 1852 2303 plena
1880 2249 2041 2303 quam

454 2324 830 2389 atrocissima,
887 2323 1212 2392 temporaria
1251 2330 1472 2388 tamen,
1513 2312 1680 2395 vitam
1720 2322 1878 2378 (inire
1920 2339 2043 2379 eor-

452 2433 696 2490 poream,
719 2430 880 2490 quam
920 2414 1163 2490 laedendo
1188 2414 1413 2469 fratrem
1440 2423 1670 2469 mortem
1696 2414 1890 2468 animm
1923 2429 2042 2468 me-

454 2508 562 2564 reri
596 2516 936 2578 perpetuam.
974 2503 1140 2559 Recte
1165 2512 1343 2560 autem
1372 2504 1465 2575 qui
1486 2503 1844 2581 scandalizari
1865 2512 2045 2575 potest

451 2598 679 2670 pusillus
708 2597 1038 2669 appellatur;
1069 2597 1159 2666 qui
1193 2597 1338 2651 enim
1384 2602 1613 2669 magnus
1655 2606 1756 2664 est,
1791 2613 2043 2668 quaecun-

452 2703 559 2760 que
587 2688 811 2754 viderit,
847 2701 1184 2758 quaecunque
1221 2703 1410 2757 passus
1456 2687 1650 2753 fuerit,
1675 2705 1782 2743 non
1808 2687 2043 2757 declinat

452 2798 486 2836 a
516 2778 651 2846 fide;
680 2780 773 2852 qui
800 2787 980 2834 autem
1008 2778 1237 2849 pusillus
1277 2787 1361 2833 est
1388 2779 1570 2834 animo
1598 2786 1651 2834 et
1681 2794 1880 2850 parvus
1904 2820 1920 2845 ,
1949 2795 2043 2835 oc-

454 2871 706 2933 casiones
749 2870 945 2941 quaerit
987 2870 1258 2939 quomodo
1306 2870 1721 2925 scandalizctur.
1748 2871 2042 2941 Propterea

455 2964 688 3034 denique
718 2970 934 3034 oportet
962 2976 1061 3017 nos
1087 2959 1322 3017 maxime
1347 2963 1432 3017 his
1454 2962 1735 3029 consulere
1765 2954 1860 3033 qui
1887 2962 2039 3032 parvi

454 3064 581 3110 sunt
608 3054 661 3108 in
689 3053 816 3119 ﬁde,
862 3068 929 3109 ne
953 3053 1239 3109 occasione
1266 3052 1437 3109 nostri
1461 3052 1831 3117 oll‘endantur,
1864 3061 1920 3106 et
1956 3069 2041 3107 re-

456 3145 654 3201 cedant
673 3160 703 3197 a
726 3143 851 3209 tide,
878 3160 943 3199 ac
970 3144 1223 3200 decidant
1265 3160 1296 3198 a
1323 3144 1514 3198 salute.
1555 3140 1760 3215 (ϐπ-ες.)
1795 3143 1928 3198 ltem
1949 3159 2044 3214 per

457 3233 656 3288 molam
688 3233 982 3289 asinariam
1013 3234 1290 3289 secularis
1334 3235 1458 3289 vitae
1486 3234 1744 3291 circuitus
1789 3250 1853 3290 ac
1891 3234 2044 3289 labor

456 3323 801 3393 exprimitur,
831 3329 886 3379 et
914 3338 1013 3393 per
1048 3321 1372 3393 profundum
1402 3323 1570 3377 maris
1609 3331 1852 3378 extrema
1893 3323 2044 3379 dam-

460 3416 609 3470 natio
644 3415 976 3484 designatur.
1026 3414 1127 3480 Qui
1174 3429 1304 3484 ergo
1332 3414 1413 3471 ad
1458 3413 1766 3468 sanctitatis
1796 3413 2043 3487 ‘speciem

459 3508 723 3562 deductus
772 3505 855 3561 vel
890 3507 1055 3570 vet-lio
1089 3515 1318 3560 cmteros
1360 3504 1609 3569 destruit,
1652 3503 1736 3559 vel
1774 3503 2041 3573 exemplo,

460 3592 653 3655 melius
698 3597 942 3669 profecto
993 3605 1109 3653 erat
1141 3606 1203 3650 ut
1238 3596 1380 3650 hunc
1404 3596 1471 3649 ad
1499 3603 1728 3649 mortem
1766 3592 1868 3649 sub
1898 3604 2046 3650 este-

460 3691 591 3746 riori
642 3690 827 3745 habitu
873 3696 1090 3745 terrena
1121 3696 1242 3743 acta
1270 3686 1745 3757 constringerent:
1782 3685 1911 3756 quia
1960 3685 2044 3739 ni-

462 3783 658 3839 mirum
682 3782 735 3837 si
758 3781 902 3837 solus
929 3780 1168 3846 caderet,
1220 3786 1491 3848 utcunque
1531 3778 1676 3833 hunc
1715 3777 2048 3841 tolerabilior

465 3873 661 3930 inferni
688 3888 849 3943 poena
878 3872 1164 3927 cruciaret.
1183 3868 1522 3943 (Maximus.)
1539 3867 1664 3924 Sive
1684 3868 1840 3931 aliter
1864 3869 2049 3924 asinus

460 3973 545 4020 est
574 3963 642 4019 ad
666 3961 886 4027 molam,
911 3976 1086 4017 caecus
1109 3961 1177 4015 ad
1202 3960 1435 4030 lapidem
1454 4000 1468 4024 ,
1496 3959 1712 4030 gentilis
1738 3959 1806 4013 ad
1832 3974 2046 4025 saxum,

462 4052 553 4123 qui
591 4053 933 4119 adorateum
961 4065 1123 4119 quem
1147 4036 1266 4103 non
1294 4046 1463 4112 videt,
1486 4062 1587 4102 nec
1614 4045 1875 4118 agnoscit.
1909 4044 2050 4101 Deus

463 4144 607 4200 enim
659 4160 764 4198 non
814 4142 868 4195 in
901 4139 1222 4210 manufactis
1268 4137 1467 4191 habitat
1501 4137 1639 4209 (Act.
1688 4138 1818 4208 vn).
1851 4150 1951 4191 nec
1976 4136 2048 4193 .in

465 4234 684 4305 metallo
707 4272 727 4299 ,
754 4241 850 4288 aut
877 4246 1009 4289 saxo
1038 4228 1401 4299 cognoscitur.
1429 4226 1686 4296 Hic‘ergo
1713 4225 1930 4297 gentilis
1954 4230 2050 4294 po-

464 4325 647 4396 pulus,
677 4339 800 4379 cum
828 4321 1263 4392 persecutionem
1292 4317 1609 4385 Christiano
1644 4316 1916 4382 intulerit,
1947 4316 2050 4371 hac

465 4431 627 4487 paena
653 4415 909 4487 plectitur
933 4422 992 4467 ut
1016 4414 1139 4466 cum
1172 4425 1269 4465 sua
1296 4409 1561 4479 sacrilega
1598 4407 1741 4463 mola
1775 4406 2049 4476 iudicandi

470 4506 652 4564 smculi
681 4504 934 4561 ﬂuctibus
958 4503 1326 4573 admergatur.
1356 4497 1558 4571 (ὦνερ.)
1587 4497 1887 4552 Notandum
1920 4511 2050 4551 sane

468 4598 596 4668 quia
639 4596 695 4652 in
729 4603 916 4652 nostro
940 4595 1085 4649 bono
1120 4606 1287 4663 opere
1323 4590 1612 4667 aliquando
1641 4587 1940 4642 cavendum
1967 4595 2052 4645 est

467 4664 785 4743 scandalum
816 4682 1049 4752 proximi
1075 4721 1089 4745 ,
1120 4672 1408 4748 aliquando
1450 4664 1593 4731 vero
1615 4690 1714 4747 pro
1738 4675 1904 4730 nihilo
1927 4689 2052 4733 con-

473 4774 842 4833 temnendum.
874 4773 930 4827 In
961 4778 1226 4843 quantum
1256 4768 1403 4824 enim
1432 4767 1549 4822 sine
1589 4774 1812 4837 peccato
1854 4778 2050 4836 possu-

470 4882 631 4931 mus,
664 4864 840 4920 vitare
879 4862 1247 4934 proximorum
1292 4857 1605 4915 scandalum
1666 4857 1943 4914 debemus.
1994 4855 2051 4911 Si

471 4969 653 5031 autem
698 4960 765 5016 de
808 4957 1037 5013 veritate
1077 4952 1389 5031 scandalum
1423 4951 1653 5007 sumitur
1674 4992 1691 5016 ,
1720 4950 1904 5005 utilius
1929 4965 2050 5019 per-

471 5051 705 5107 mittitur
749 5046 1062 5105 scandalum
1091 5045 1240 5100 nasci
1272 5059 1434 5113 quam
1462 5043 1665 5099 veritas
1695 5042 2047 5110 relinquatur.

558 5158 645 5213 Vae
670 5159 867 5215 mundo
891 5175 925 5212 a
945 5156 1230 5212 scandalis.
1266 5153 1489 5209 Necesse
1508 5161 1584 5206 est
1604 5150 1741 5205 enim
1764 5148 2050 5202 tit-veniant

476 5250 768 5318 «quala;
814 5257 1168 5304 verumtamen
1196 5256 1271 5300 vte
1318 5242 1513 5319 homini
1540 5258 1633 5313 per
1650 5256 1801 5319 quem
1829 5228 2054 5316 scanda-

477 5341 587 5396 lum
641 5343 797 5395 venit.
837 5339 1105 5411 (Ηίετοη.)
1142 5336 1258 5391 Non
1307 5349 1415 5405 quo
1463 5346 1688 5389 necesse
1743 5332 1817 5384 sit
1868 5329 2052 5384 venire

477 5431 731 5489 scandala
759 5431 1015 5503 (alioquin
1045 5430 1251 5497 absque
1276 5424 1432 5494 culpa
1463 5429 1645 5478 essent
1691 5420 1783 5491 qui
1827 5419 2055 5475 scanda-

480 5523 593 5580 lum
640 5521 895 5592 faciunt),
948 5521 1041 5575 sed
1090 5533 1214 5573 cum
1253 5528 1475 5570 necesse
1520 5512 1590 5577 sit
1622 5512 1677 5565 in
1704 5511 1811 5565 isto
1855 5508 2054 5563 mundo

482 5613 602 5672 ﬁeri
671 5612 924 5670 scandala
952 5651 967 5675 ,
1018 5608 1388 5678 unusquisque
1438 5618 1553 5687 suo,
1598 5602 1730 5657 vitio
1784 5597 2054 5655 scandalis

486 5713 669 5772 patet;
710 5702 974 5770 simulque
1010 5714 1105 5769 per
1138 5695 1444 5766 generalem
1493 5692 1815 5749 sententiam
1862 5705 2056 5760 percu-

2143 1891 2307 1939 cum,
2350 1873 2505 1943 cujus
2540 1878 2704 1944 opera
2753 1884 2917 1943 atque
2972 1874 3175 1928 auxilio
3226 1872 3542 1943 quotidiano
3594 1889 3728 1942 opus

2142 1965 2422 2020 habemus.
2455 1964 2563 2021 Sed
2584 1964 2708 2019 talis
2731 1964 2776 2019 si
2804 1966 2902 2019 nos
2926 1963 3119 2019 laedere
3149 1965 3204 2019 in
3237 1980 3397 2019 causa
3419 1966 3616 2019 anima:
3638 1980 3729 2019 vo-

2142 2056 2325 2121 luerit,
2355 2056 2723 2111 excludendus
2745 2063 2829 2109 est
2855 2070 2886 2109 a
2916 2063 3104 2110 nostra
3131 2055 3413 2119 societate,
3441 2070 3509 2121 ne
3533 2055 3580 2109 si
3600 2071 3723 2109 cum

2142 2148 2353 2219 perdito
2381 2147 2433 2202 in
2463 2147 2567 2202 hac
2596 2144 2711 2200 vita'
2731 2153 2941 2217 partem
2965 2145 3165 2200 habere
3187 2145 3456 2212 volumus,
3488 2145 3648 2200 simul
3674 2147 3727 2200 iu

2144 2239 2325 2294 futuro
2351 2252 2473 2294 eum
2501 2236 2592 2293 illo
2615 2253 2923 2309 pereamus.
2950 2238 3008 2292 In
3038 2239 3195 2307 pede,
3219 2238 3360 2293 sicut
3380 2247 3435 2293 et
3462 2238 3517 2294 in
3542 2254 3726 2304 manu,

2143 2322 2340 2396 charos
2369 2330 2798 2385 inemendabiles
2830 2330 2989 2386 decet
3027 2331 3342 2387 alienandos
3381 2347 3413 2385 a
3446 2333 3620 2397 nobis,
3662 2348 3728 2386 ne

2142 2436 2240 2492 per
2280 2421 2675 2497 immunditiam
2705 2435 2893 2475 eorum
2920 2436 3056 2489 quos
3084 2422 3356 2492 castigare
3400 2423 3725 2491 nequimus,

2141 2521 2199 2568 et
2240 2512 2340 2582 ipsi
2387 2510 2574 2582 polluti
2627 2524 2932 2581 pereamus.
2964 2510 3070 2565 Sed
3106 2526 3301 2567 manus
3336 2522 3560 2583 propter
3593 2527 3731 2582 opus

2143 2594 2511 2661 necessarium
2556 2602 2747 2669 nobis,
2796 2603 2963 2672 pedes
3015 2608 3143 2657 sunt
3176 2602 3303 2657 dicti
3334 2603 3470 2658 tales
3505 2613 3730 2673 propter

2143 2694 2505 2750 ministerium
2526 2733 2543 2760 ,
2574 2692 2960 2763 discursusque
2988 2692 3042 2769 in
3070 2694 3272 2749 nostris
3295 2694 3479 2750 usibus
3512 2710 3728 2750 accom-

2145 2785 2352 2840 modos.
2401 2818 2408 2825 α
2702 2788 2705 2791 ’
2898 2792 2901 2795 ‘

2214 2877 2283 2931 Et
2310 2863 2358 2931 si
2387 2876 2571 2937 oculus
2597 2886 2718 2932 tuus
2746 2876 3077 2931 scandalizat
3107 2886 3157 2931 te
3174 2918 3196 2943 ι
3219 2893 3344 2932 erue
3364 2893 3505 2943 eum,
3531 2886 3580 2930 et
3603 2892 3732 2946 pro-

2135 2971 2245 3041 jice
2274 2971 2368 3024 abs
2404 2980 2454 3024 te
2480 2986 2498 3025 :
2522 2970 2720 3024 bonum
2758 2969 2852 3023 tibi
2895 2980 2970 3023 est
3019 2970 3291 3023 habentem
3324 2985 3488 3024 unum
3517 2969 3731 3023 oculum

2144 3062 2200 3114 in
2228 3060 2391 3121 vitam
2419 3061 2650 3125 intrare,
2689 3075 2848 3130 quam
2882 3058 3014 3112 duos
3054 3058 3231 3112 oculos
3269 3058 3544 3111 habentem
3590 3058 3732 3109 mitti

2064 3120 2117 3216 ,C
2146 3152 2199 3206 in
2226 3152 2513 3222 gehennam
2544 3120 2713 3222 ignis:
2732 3151 2789 3206 ln
2820 3151 2977 3206 oculo
3003 3144 3217 3221 quoque
3240 3160 3462 3220 propter
3493 3152 3726 3205 scanda—

2146 3242 2255 3296 lum
2279 3241 2521 3298 eruendo
2563 3240 2729 3296 iidem
2770 3243 2943 3316 uestri
2980 3235 3268 3297 carnaliter
3293 3240 3477 3305 amici,
3518 3240 3734 3310 spirita-

2146 3334 2270 3389 liter
2292 3348 2421 3389 vero
2440 3398 2443 3401 b
2462 3330 2760 3389 adversarii
2811 3332 3180 3401 designantur.
3226 3330 3333 3385 Sed
3358 3346 3482 3386 eum
3511 3347 3609 3385 nos
3642 3346 3736 3384 eo-

2147 3442 2265 3482 rum
2305 3426 2533 3482 consilio
2576 3439 2640 3481 ac
2683 3425 2992 3496 provisione
3029 3434 3163 3494 opus
3191 3425 3477 3487 habemus,
3500 3422 3577 3477 illi
3601 3438 3735 3479 vero

2147 3508 2374 3574 consilio
2407 3532 2506 3574 nos
2549 3531 2716 3588 pravo
2758 3517 3009 3587 decipere
3034 3556 3048 3582 ,
3097 3517 3147 3570 in
3186 3517 3292 3570 iter
3330 3515 3540 3570 erroris
3575 3514 3739 3569 delle-

2148 3618 2296 3668 ctere
2323 3619 2573 3683 quaerunt
2596 3651 2612 3678 ,
2656 3610 2873 3682 penitus
2898 3610 3077 3685 nobis
3101 3610 3396 3666 omittenda
3425 3616 3507 3663 est
3538 3622 3737 3664 eoru

2148 3706 2401 3763 societas.

2222 3797 2495 3870 (Hieron.)
2530 3799 2698 3869 Igitur
2750 3796 3030 3856 Dominico
3061 3803 3331 3866 praecepto
3368 3794 3547 3850 omnis
3587 3804 3742 3850 trun-

2134 3896 2307 3949 ‘catur
2337 3886 2584 3954 aﬂ‘ectus,
2615 3895 2671 3943 et
2696 3888 2947 3942 universa
2981 3876 3356 3956 propinquitas
3384 3891 3704 3952 amputatur
3723 3923 3739 3944 ,

2150 3992 2219 4033 ne
2246 3993 2344 4049 per
2367 3972 2705 4035 oceasionem
2735 3976 2953 4048 pietatis
2981 3974 3353 4044 unusquisque
3394 3972 3738 4028 credentium

2150 4067 2420 4124 scandalis
2463 4075 2668 4138 pateat.
2711 4065 2769 4121 Si
2799 4106 2814 4133 ,
2846 4066 3074 4135 inquit,
3105 4064 3178 4118 ita
3205 4072 3290 4119 est
3316 4054 3439 4133 quis
3467 4062 3565 4117 tibi
3607 4077 3739 4116 coa-

2145 4163 2386 4233 junctus,
2419 4169 2479 4215 ut
2505 4175 2718 4227 manus,
2750 4174 2867 4229 pes,
2919 4156 3207 4222 oculus,»et
3243 4166 3327 4210 est
3374 4154 3548 4216 utilis,
3580 4163 3744 4223 atque

2152 4253 2416 4309 sollicitus
2443 4292 2457 4318 ,
2497 4259 2554 4305 et
2596 4256 2787 4304 acutus
2814 4249 2881 4303 ad
2915 4245 3347 4318 perspiciendum
3371 4284 3386 4309 ,
3418 4243 3745 4299 scandalum

2152 4353 2333 4398 autem
2362 4341 2456 4397 tibi
2489 4339 2636 4402 facit,
2665 4346 2719 4392 et
2746 4348 2967 4407 propter
2992 4334 3376 4391 dissonantiam
3419 4347 3641 4386 morum
3695 4339 3749 4385 te

2082 4469 2128 4529 Β
2153 4430 2419 4502 pertrahit
2442 4429 2501 4484 in
2528 4430 2832 4498 gehennam
2861 4466 2876 4492 ,
2907 4425 3098 4480 melius
3127 4432 3210 4480 est
3244 4422 3748 4493 ut‘propinquitale

2153 4532 2209 4579 et
2233 4522 2612 4578 eniolumentis
2653 4519 2772 4589 ejus
2813 4533 3005 4574 careas
3022 4558 3045 4584 ,,
3066 4533 3230 4589 quam
3253 4517 3379 4571 dum
3404 4515 3488 4569 vis
3517 4513 3750 4570 lucrifa-

2148 4629 2278 4670 cere
2298 4600 2637 4683 cognatos"et
2662 4610 2998 4666 necessarios
3024 4650 3037 4673 ,
3068 4624 3288 4663 causam
3318 4606 3525 4663 habeas
3554 4606 3748 4661 ruina-

2153 4722 2295 4762 rum.
2331 4705 2602 4762 Σκάνδαλον
2628 4706 2828 4775 quippe
2851 4719 3029 4759 sermo
3066 4702 3287 4759 Graecus
3311 4710 3429 4764 est,
3458 4700 3611 4769 quod
3644 4714 3759 4754 nos-

2151 4799 2532 4855 ofl‘endiculum
2570 4798 2653 4853 vel
2690 4798 2927 4859 ruinam,
2955 4804 3011 4851 et
3046 4795 3431 4864 impactionem
3473 4793 3641 4863 pedis
3662 4794 3747 4847 di—

2155 4906 2279 4947 cere
2316 4905 2647 4960 possumusx
2670 4888 2771 4943 llle
2816 4903 2948 4957 ergo
2998 4886 3345 4943 scandalizat
3377 4882 3612 4939 fratrem
3651 4884 3745 4954 qui

2156 4982 2301 5037 dicto
2330 4978 2539 5035 factove
2567 4980 2746 5033 minus
2770 4987 2920 5032 recto
2941 4977 3282 5031 occasionem
3311 4973 3482 5027 ruina:
3504 4971 3747 5027 dederit.

2155 5068 2343 5145 Itaque
2385 5085 2491 5126 non
2537 5068 2707 5124 frater
2729 5109 2743 5133 ,
2771 5085 2883 5124 non
2910 5082 3046 5122 uxor
3071 5108 3084 5130 ,
3112 5081 3219 5120 non
3250 5064 3340 5119 filii
3362 5104 3377 5129 ,
3400 5078 3507 5117 non
3532 5064 3708 5118 amici
3731 5104 3748 5125 ,

2160 5176 2268 5216 non
2315 5161 2495 5216 omnis
2545 5159 2810 5223 allectus,
2861 5159 2954 5228 qui
3005 5172 3105 5211 nos
3147 5155 3439 5210 excludere
3476 5163 3673 5222 potest
3720 5169 3754 5205 a

2160 5266 2327 5324 regno
2355 5251 2614 5319 ctelorum
2640 5290 2655 5313 ,
2684 5249 2858 5319 amori
2902 5247 3112 5302 Domini
3157 5252 3524 5316 praeponatur.
3585 5238 3757 5299 Novit

2161 5343 2527 5412 unusquisque
2567 5340 2903 5396 credentium
2939 5339 3068 5407 quid
3113 5337 3215 5392 sibi
3266 5330 3494 5399 noceat,
3548 5334 3647 5388 vel
3698 5334 3751 5386 in

2161 5449 2268 5503 quo
2297 5433 2615 5488 sollicitetur
2643 5432 2875 5496 animus,
2928 5444 2991 5484 ac
3044 5444 3188 5500 saepe
3238 5435 3492 5482 tentetur.
3552 5424 3752 5482 Melius

2160 5541 2291 5595 ergo
2312 5534 2397 5579 est
2420 5524 2585 5578 vitam
2614 5522 2913 5577 solitariam
2936 5520 3154 5584 ducere,
3185 5532 3349 5588 quam
3368 5518 3441 5571 ob
3462 5516 3592 5569 vita:
3611 5529 3752 5585 pra-

2162 5619 2332 5671 sentis
2357 5616 2664 5677 necessaria
2691 5616 2856 5670 vitam
2881 5623 3139 5668 :eternam
3166 5611 3418 5681 perdere.

2248 5707 2421 5763 Videte
2457 5725 2519 5763 ne
2547 5707 2888 5761 contemnatis
2926 5721 3085 5760 unum
3110 5721 3176 5759 ea:
3200 5703 3281 5756 Itis
3301 5700 3530 5772 pusillis.
3564 5699 3762 5770 Supra
