3998 6188
293 334 313 387 l
323 329 419 387 009

1260 320 1612 382 COMMENT.
1649 319 1718 377 ΙΝ
1756 319 2194 382 ΜᾹΤΤΗᾸΞΠΜ.
2234 338 2303 363 -ι-
2339 320 2468 379 LIB.
2506 321 2573 378 γ.

3418 323 3549 387 τοιυ

288 446 519 501 diximus
546 450 643 513 per
671 456 909 504 manum,
940 446 996 494 et
1022 438 1238 509 pedem,
1283 445 1339 506 et
1383 436 1632 500 oculum,
1673 448 1862 490 omnes
1889 433 1941 494 A
1967 443 2187 512 naginta
2223 455 2417 497 novem
2452 450 2511 496 ut
2561 449 2779 498 centum
2818 443 2947 498 sint.
3001 438 3217 496 Variari
3273 452 3403 508 ergo
3454 454 3557 506 per

289 533 716 609 propinquitates
748 541 803 587 et
828 530 1258 597 necessitudines
1287 545 1408 599 qua:
1446 526 1758 584 scandalum
1789 524 1870 581 fa-

288 643 408 683 cere
435 622 691 695 poterant
722 620 1098 693 amputandae.
1122 619 1512 675 Austeritatem
1542 618 1724 685 itaque
1747 631 1871 691 seu-7

290 694 464 772 tentite
490 715 729 785 subjecto
754 694 1024 784 praecepto
1041 719 1322 781 temperat,
1349 711 1536 765 dicens
1566 723 1580 761 :
1616 705 1793 761 Videte
1807 723 1870 759 ne

287 808 627 864 contemnatis
648 824 810 861 unum
837 807 901 861 de
925 804 1131 877 pusillis
1158 806 1291 859 istis.
1320 804 1432 868 Sic,
1458 803 1654 872 inquit,
1679 801 1872 871 praeci-

286 900 375 969 pio
400 898 744 953 severitatem
772 898 1110 972 commistam
1160 895 1493 959 clementiae;
1522 901 1786 962 quantum
1815 892 1870 945 in

286 991 437 1046 vobis
469 997 552 1044 est
581 988 748 1043 nolite
778 980 1127 1042 contemnere
1154 1026 1169 1050 ,
1204 985 1298 1041 sed
1326 1000 1424 1054 per
1446 990 1682 1037 vestram
1729 980 1873 1034 salu-

286 1090 392 1134 tem
420 1078 633 1133 illorum
658 1076 889 1147 quaerite
918 1077 1229 1135 sanitatem.
1259 1074 1327 1129 Et
1362 1088 1485 1129 cum
1523 1086 1872 1144 perseveran-

286 1180 368 1227 tes
406 1172 463 1226 in
510 1167 746 1238 peccatis
786 1166 1027 1222 videritis
1055 1174 1106 1221 et
1137 1165 1284 1220 vitiis
1311 1164 1609 1219 servientes
1635 1203 1651 1228 ,
1681 1161 1874 1219 melius

282 1270 366 1317 est
393 1261 539 1316 solos
567 1260 746 1314 salvos
773 1258 888 1314 fieri
911 1273 1075 1328 quam
1105 1258 1283 1328 perire
1309 1272 1432 1312 cum
1458 1255 1725 1326 pluribus.

353 1352 487 1407 Dico
515 1352 653 1405 enim
682 1350 841 1414 vobis,
868 1350 992 1420 quia
1014 1348 1185 1420 angeli
1210 1365 1389 1413 eorum
1417 1348 1472 1402 in
1502 1345 1644 1402 caelis
1672 1362 1876 1417 semper

280 1444 455 1500 rident
487 1443 672 1511 faciem
699 1441 879 1495 Patris
906 1442 1007 1495 mei
1036 1442 1126 1512 qui
1152 1441 1207 1494 in
1228 1441 1367 1495 caelis
1390 1449 1485 1494 est.
1514 1439 1586 1495 Ut
1614 1454 1873 1509 unaquae-

282 1552 388 1608 que
415 1535 483 1590 ab
512 1544 634 1590 ortu
658 1535 960 1603 nativitatis
986 1535 1038 1591 in
1073 1533 1377 1593 cristodiam
1406 1534 1488 1589 sui
1518 1533 1752 1603 legatum
1779 1534 1875 1591 ba—

281 1626 410 1687 beat
435 1626 712 1697 angelum,
738 1639 934 1694 magna
960 1624 1195 1694 dignitas
1232 1630 1318 1678 est
1357 1623 1681 1678 animarum.
1721 1621 1876 1685 Unde

282 1715 531 1789 legimus
552 1719 605 1772 in
628 1716 948 1787 Apocalypsi
971 1714 1229 1771 Joannis:
1247 1713 1450 1786 Angelo
1476 1714 1673 1786 Ephesi
1701 1715 1877 1786 Thya-

1970 532 2292 588 brcVitatem
2340 541 2396 587 et
2431 534 2854 604 magnitudinem
2900 534 3112 589 numeri
3161 541 3385 602 possunt
3438 531 3558 601 qni-

1936 653 1944 661 -
1968 622 2072 677 bus
2102 638 2267 683 unum
2297 623 2470 687 deest,
2492 633 2553 677 ut
2582 623 2934 694 perﬁciantur
2961 643 2974 678 :
3007 625 3181 693 ipsum
3210 636 3338 679 vero
3366 635 3557 685 unum.

1968 713 2089 767 sine
2116 714 2379 769 varietate
2398 715 2462 769 .in
2488 730 2548 771 se
2572 730 2820 783 manens,
2852 732 2972 772 eum
3001 718 3295 773 accesserit
3328 722 3563 772 ‘ctctems

1970 803 2209 873 perﬁcit.

1990 930 1995 935 -
2030 897 2108 951 ‘Et
2134 899 2180 952 si
2202 899 2473 969 contigerit
2512 908 2567 953 ut
2607 900 2834 955 inveniat
2880 917 2998 955 eam
3071 917 3223 955 amen
3257 901 3374 955 dico
3422 900 3562 955 vobis

1972 990 2095 1059 quia
2117 990 2362 1060 gaudebit
2392 1006 2549 1060 super
2568 1000 2684 1045 eam
2718 992 2884 1061 magis
2907 1006 3065 1061 quam
3088 1007 3245 1059 super
3278 989 3563 1059 nonaginta

1974 1095 2155 1132 novem
2197 1095 2315 1150 qua!
2362 1096 2466 1134 non
2508 1091 2832 1136 erraverunt.
2884 1079 3148 1154 (Didym)
3189 1079 3291 1133 Alii
3340 1094 3469 1133 vero
3506 1079 3558 1133 in

1973 1169 2265 1239 nonaginta
2298 1184 2488 1225 novem
2537 1172 2729 1228 ovibus
2766 1172 3032 1242 justorum
3063 1180 3256 1242 putant
3280 1186 3561 1227 numerum

1975 1258 2220 1329 intelligi,
2265 1268 2319 1314 et
2366 1261 2421 1314 in
2463 1276 2568 1315 uua
2616 1263 2826 1316 avicula
2869 1272 3236 1333 peccatorum,
3267 1263 3563 1318 secundum

1973 1349 2116 1419 quod
2149 1350 2202 1404 in
2230 1351 2337 1405 alio
2366 1351 2483 1425 loco
2510 1352 2723 1407 dixerat
2751 1371 2765 1406 :
2794 1352 2917 1408 Non
2946 1354 3084 1408 enim
3114 1356 3229 1409 veni
3262 1371 3442 1409 vocare
3465 1355 3564 1423 ju-

1975 1452 2104 1507 stos,
2132 1443 2223 1496 sed
2234 1466 2239 1473 ε
2261 1451 2587 1513 peccatores;
2618 1461 2719 1499 non
2752 1445 2889 1499 enim
2929 1461 3057 1517 opus
3087 1445 3275 1501 habent
3309 1447 3427 1500 sani
3460 1463 3568 1499 me-

1975 1531 2114 1595 dico,
2137 1531 2227 1586 sed
2255 1532 2347 1603 qui
2369 1533 2503 1605 male
2528 1534 2714 1589 habent
2748 1534 2958 1607 (Matth.
2989 1534 3088 1605 ix).
3132 1536 3241 1590 Sed
3264 1538 3562 1593 notandum

1976 1625 2121 1693 quod
2152 1624 2204 1678 in
2234 1622 2382 1679 Luca
2418 1623 2571 1692 juxta
2626 1627 2767 1681 banc
2816 1628 3126 1697 parabolam
3174 1629 3435 1698 scriptum
3482 1638 3567 1683 est

1972 1715 2120 1784 .quod
2157 1717 2249 1769 ita'
2278 1715 2529 1786 gaudium
2566 1717 2664 1770 erit
2705 1718 2761 1771 in
2803 1716 2932 1773 ctelo
2962 1734 3120 1790 super
3154 1732 3260 1773 uno
3297 1728 3569 1789 peccatore

284 1810 403 1864 lira:
433 1831 453 1874 ,·
506 1817 560 1863 et
615 1807 809 1877 angelo
847 1806 1230 1874 Philadelphia:
1257 1847 1272 1871 ,
1307 1815 1364 1860 et
1407 1806 1611 1876 angelis
1644 1813 1876 1875 quatuor
1902 1794 1952 1854 Β
1978 1804 2330 1873 ptenitentiam
2363 1813 2566 1872 agente,
2592 1820 2748 1874 quam
2773 1821 2932 1875 super
2963 1808 3249 1877 nonaginta
3275 1823 3453 1862 novem
3472 1809 3566 1877 ju-

280 1900 618 1968 reliquarum
661 1895 1015 1973 ecclesiarum
1064 1895 1243 1951 scribe
1296 1896 1413 1949 htec
1452 1895 1644 1965 '(Apoc.
1690 1911 1744 1959 ι,
1787 1895 1869 1966 ιι).

277 1989 579 2058 Apostolus
607 2002 822 2058 quoque
850 1985 1108 2056 praecepit
1149 1985 1319 2040 velari
1351 1985 1526 2054 capita
1552 1986 1615 2038 in
1630 1984 1875 2039 ecclesiis

278 2083 611 2151 feminarum
659 2090 881 2151 propter
909 2080 1146 2150 angelos.
1183 2078 1480 2150 (MAUBUS.)
1511 2079 1698 2151 Angeli
1730 2079 1873 2134 enim

277 2171 630 2241 parvulorum
654 2212 669 2236 ,
702 2171 753 2224 id
790 2178 873 2224 est
919 2169 1227 2245 humilium,
1272 2169 1324 2223 in
1356 2165 1512 2225 cmlis
1542 2184 1757 2238 semper
1798 2170 1877 2224 vi-

266 2262 416 2316 dent.
448 2260 649 2316 faciem
687 2258 867 2314 Patris
892 2299 907 2323 ,
938 2259 1041 2314 hoc
1065 2265 1153 2313 est
1186 2258 1638 2329 contemplatione
1668 2258 1763 2314 Dei
1792 2274 1878 2315 as-

277 2351 437 2405 Sidua
472 2348 845 2419 perfruuntur.
893 2347 1111 2405 Faciem
1174 2365 1390 2419 quoque
1442 2365 1597 2406 more
1638 2350 1877 2407 humano

276 2443 439 2514 ponit
464 2457 561 2511 pm
586 2441 796 2496 visione
820 2448 873 2494 et
894 2441 1171 2510 agnitione
1194 2441 1517 2496 certissima.

366 2532 517 2589 Yenit
569 2536 707 2589 enim
754 2533 803 2586 F
807 2534 930 2588 ilius
958 2536 1184 2590 hominis
1211 2534 1419 2590 salvare
1459 2536 1599 2607 quod
1630 2538 1877 2607 perierat.

278 2626 365 2681 Ac
421 2626 469 2681 si
513 2627 763 2691 diceret,
798 2625 945 2685 venit
1000 2624 1167 2681 Filius
1197 2691 1200 2695 ,
1228 2626 1325 2681 Dei
1392 2617 1700 2688 restaurare
1738 2629 1881 2699 quod

278 2715 586 2771 contritum
628 2730 692 2773 ac
742 2713 1007 2783 deiectum
1065 2725 1202 2771 erat.
1246 2716 1315 2772 Et
1347 2718 1467 2783 ideo
1516 2720 1783 2775 salvatum
1813 2723 1883 2778 ab

279 2821 352 2861 eo
388 2806 558 2860 nolite
580 2806 824 2874 perdere.
852 2803 982 2861 Sine
1005 2806 1151 2861 enim
1181 2808 1372 2879 grandi
1404 2810 1648 2879 periculo
1685 2822 1751 2866 ac
1792 2812 1885 2867 de-

281 2896 555 2953 trimento
606 2896 689 2951 sui
734 2911 843 2951 non
874 2905 1055 2967 potest
1087 2898 1211 2968 quis
1235 2913 1369 2969 opus
1397 2899 1494 2955 Dei
1535 2901 1835 2959 dissolvere
1866 2943 1881 2969 ,

280 3007 391 3047 nec
447 2999 551 3046 est-
580 2991 800 3060 dignum
859 2999 921 3046 ut
980 2992 1143 3048 homo
1203 2993 1469 3063 despiciat
1528 2994 1674 3063 quod
1744 2996 1886 3052 Deus

280 3084 472 3155 elegit.
532 3084 686 3140 Unde
744 3084 890 3140 aliud
935 3085 1000 3140 de
1032 3083 1219 3141 eadem
1259 3100 1323 3141 re
1372 3084 1650 3158 subjungit
1699 3078 1922 3143 exerit?

1911 3165 1960 3229 α
1990 3165 2298 3233 compuncti
2336 3165 2683 3227 inardescunt
2723 3165 2791 3220 ad
2826 3178 3071 3220 amorem
3104 3163 3225 3229 Dei,
3256 3176 3485 3232 seseque
3520 3162 3573 3216 in

280 3179 462 3248 plum.

363 3268 483 3340 [IL]
519 3268 659 3333 Quid
695 3269 839 3325 vobis
875 3268 1126 3341 videtur}
1153 3268 1213 3324 Si
1252 3269 1449 3340 fuerint
1482 3270 1644 3324 alicui
1677 3280 1883 3326 centum

275 3375 428 3420 oves,
474 3366 524 3411 et
553 3359 803 3413 erraverit
834 3376 941 3412 una
972 3364 1037 3413 ea:
1066 3359 1141 3413 eis
1166 3399 1181 3424 ,
1220 3376 1391 3414 nonne
1426 3359 1671 3432 relinquit
1724 3377 1887 3415 nona-

274 3449 436 3520 ginta
477 3464 654 3502 novem
696 3449 751 3502 in
778 3449 1075 3514 montibus,
1123 3458 1171 3503 et
1197 3449 1342 3504 vadit
1368 3466 1603 3520 quwrere
1628 3467 1745 3505 eam
1769 3467 1886 3522 quae

274 3538 484 3597 erravit
501 3535 825 3607 ?’(Hieron.)
857 3537 1264 3611 Consequenter
1289 3539 1358 3592 ad
1385 3538 1730 3594 clementiam
1757 3554 1883 3609 prs-

276 3634 447 3682 vocat
475 3627 565 3695 qui
591 3622 933 3696 praemiserat
958 3627 1145 3683 dicens
1179 3642 1195 3681 :
1240 3625 1416 3682 Videte
1452 3645 1517 3683 ne
1544 3631 1888 3683 contemnatis

278 3731 461 3770 unum
481 3731 545 3771 ex
566 3715 773 3781 pusillis
804 3717 934 3771 istis.
961 3717 1029 3770 Et
1050 3717 1327 3787 subjungit
1364 3719 1677 3787 pambolam
1718 3734 1888 3772 nona-

277 3808 448 3878 ginta
478 3822 669 3871 novem
694 3807 876 3862 ovium
902 3807 955 3862 in
984 3799 1267 3861 montibus
1287 3807 1617 3868 relictarum,
1643 3815 1699 3860 et
1729 3807 1890 3861 unius

286 3912 553 3954 erronem
576 3937 590 3962 ,
627 3912 790 3966 quam
830 3905 1021 3967 pastor
1059 3897 1234 3951 bonus
1261 3895 1386 3964 quia
1415 3904 1635 3964 pr0pter
1668 3895 1890 3949 nimiam

280 3986 672 4042 infirmitatem
702 3985 979 4041 ambulare
1009 4000 1114 4039 non
1148 3991 1379 4054 poterat,
1412 3983 1655 4038 humeris
1689 3984 1801 4038 suis
1822 3983 1893 4038 ad

279 4092 518 4149 gregem
543 4076 809 4146 reliquum
834 4083 1091 4145 reportet.
1111 4075 1340 4142 Quidam
1362 4074 1745 4149 putant~istum
1774 4088 1892 4128 esse

280 4175 575 4237 pastorem
605 4207 620 4233 ,
666 4167 757 4238 qui
780 4183 898 4229 cum
924 4167 980 4220 in
1009 4166 1180 4235 forma
1206 4164 1305 4218 Dei
1327 4171 1492 4234 esset,
1518 4179 1624 4218 non
1653 4163 1892 4232 rapinam

281 4257 590 4313 arbitratus
623 4267 699 4314 est
727 4274 782 4311 se
809 4273 918 4312 esse
960 4255 1214 4328 trqualem
1234 4254 1365 4320 Deo,
1400 4254 1491 4309 sed
1515 4254 1795 4308 exinan'wit
1818 4271 1889 4319 se,

280 4349 529 4419 formam
579 4349 713 4404 servi
753 4348 1040 4418 accipiens,
1088 4345 1259 4416 factus
1286 4344 1527 4399 obediens
1557 4342 1707 4398 Patri
1735 4361 1896 4416 usque

282 4440 359 4493 ad
398 4446 649 4504 mortem,
680 4446 897 4492 mortem
918 4445 1093 4490 autem
1118 4436 1291 4488 crucis
1317 4433 1572 4506 (Philipp.
1598 4432 1660 4506 ιι)
1700 4452 1717 4487 ι
1738 4443 1798 4488 et
1826 4433 1896 4489 ob

1976 1893 2067 1945 stis
2089 1892 2178 1962 qui
2199 1908 2302 1946 non
2332 1890 2561 1963 indigent
2589 1894 2888 1961 poenitentia
2911 1894 3061 1966 (Luc,
3078 1895 3178 1970 ιιι).
3196 1894 3567 1969 (Greg.)Unde

1977 1984 2422 2041 considerandum
2467 1993 2551 2039 est
2590 2000 2692 2051 cur
2728 1987 2985 2043 Dominus
3028 1988 3151 2058 plus
3188 1988 3257 2044 de
3294 1990 3570 2053 conversis

1977 2074 2352 2143 peccatoribus
2364 2090 2524 2144 quam
2538 2076 2605 2130 de
2616 2076 2885 2132 stantibus
2897 2078 3061 2147 justis
3079 2079 3135 2133 in
3154 2080 3295 2135 coelo
3315 2080 3569 2152 gaudium
3595 2087 3601 2093 ’

1978 2176 2098 2219 esse
2143 2164 2375 2219 fateatur
2406 2181 2418 2216 :
2450 2164 2552 2219 nisi
2603 2166 2706 2220 hoc
2741 2167 2903 2235 quod,
2932 2167 3034 2235 ipsi
3064 2182 3164 2237 per
3193 2163 3566 2238 quotidianum
3668 2177 3673 2181 ’

1979 2255 2204 2309 visionis
2248 2256 2670 2325 experimentum
2708 2255 2976 2322 novimus,
2999 2259 3126 2327 quia
3152 2259 3470 2331 plerumque
3510 2261 3567 2316 bi

1981 2346 2072 2417 qui
2097 2344 2257 2400 nullis
2287 2361 2353 2400 se
2380 2352 2668 2415 Oppressos
2717 2355 3065 2418 peccatorum
3102 2349 3334 2407 molibus
3364 2351 3566 2416 sciunt,

1981 2443 2127 2490 stant
2155 2434 2370 2503 quidem
2399 2436 2456 2490 in
2482 2436 2568 2490 via
2592 2435 2835 2506 justitiaa,
2860 2437 3006 2493 nulla
3028 2437 3212 2497 illicita
3236 2448 3569 2511 perpetrant,

1983 2528 2078 2583 sed
2111 2536 2286 2582 tamen
2314 2528 2383 2582 ad
2411 2528 2689 2587 etnlestem
2715 2529 2947 2599 patriam
2969 2530 3130 2587 anxie
3152 2546 3261 2587 non
3287 2531 3565 2596 anhelant,

1984 2627 2241 2687 tantoque
2268 2619 2372 2687 sibi
2400 2619 2452 2674 in
2481 2620 2643 2675 rebus
2672 2619 2837 2676 licitis
2870 2636 3029 2676 usum
3064 2620 3329 2691 praebent,
3365 2629 3571 2691 quanto

1986 2722 2045 2764 se
2074 2717 2392 2780 perpetrare
2414 2708 2599 2771 illicita
2638 2710 2785 2766 nulla
2823 2712 3218 2777 meminerunt;
3243 2719 3300 2766 et
3329 2710 3570 2782 plerum-

1986 2815 2091 2869 que
2116 2800 2253 2870 pigri
2279 2809 2564 2855 remanent
2591 2800 2656 2854 ad
2683 2803 2984 2858 exercenda
3013 2802 3155 2859 bona
3181 2816 3346 2873 opera
3374 2802 3569 2872 prosci-

1986 2903 2112 2959 pua,
2142 2890 2269 2959 quia
2309 2890 2467 2947 valde
2492 2894 2670 2949 securi
2698 2902 2826 2959 sunt
2859 2894 3003 2964 quod
3033 2893 3179 2949 nulla
3201 2893 3574 2951 commiserint

1990 2980 2131 3037 mala
2158 2982 2424 3052 graviora.
2477 2981 2551 3037 At
2572 2992 2760 3039 contra
2783 2998 3171 3053 nonnunquam
3194 2983 3251 3038 bi
3274 2983 3367 3054 qui
3390 2996 3452 3038 se
3476 2981 3572 3037 ali-

1991 3089 2109 3144 qua,
2136 3074 2318 3130 illicita
2346 3074 2522 3146 egisse
2558 3074 2942 3142 meminerunt,
2985 3089 3054 3130 ex
3095 3075 3211 3145 ipso
3252 3088 3357 3130 suo
3390 3073 3575 3129 dolore

1989 3254 2196 3324 magnis
2239 3255 2527 3311 virtutibus
2576 3262 2851 3311 exercent.
2902 3253 3073 3325 Majas
3111 3265 3241 3324 ergo
3277 3252 3346 3308 de
3381 3265 3574 3322 pecca-

1988 3355 2105 3402 tore
2130 3339 2407 3403 converso
2457 3364 2618 3419 quam
2657 3349 2723 3404 de
2751 3355 2927 3403 stante
2949 3346 3098 3417 justo
3123 3345 3377 3417 gaudium
3417 3344 3478 3398 lit
3520 3343 3576 3398 in

1989 3439 2157 3504 etelo;
2182 3440 2307 3510 quia
2337 3449 2395 3495 et
2416 3441 2520 3496 dux
2546 3441 2599 3499 in
2621 3441 2807 3510 ι)ιωίἰο
2831 3441 2952 3511 plus
2978 3439 3101 3496 eum
3133 3438 3357 3495 militem
3381 3435 3574 3508 diligit,

1988 3528 2079 3596 qui
2103 3536 2225 3597 post
2246 3528 2423 3598 fugam
2436 3543 2690 3585 reversus
2704 3530 2914 3585 hostem
2940 3528 3153 3584 fortiter
3170 3525 3389 3597 premit,
3414 3540 3575 3595 quam

1991 3617 2139 3672 illum
2179 3619 2270 3688 qui
2312 3635 2590 3689 nunquam
2620 3627 2770 3691 terga
2811 3620 3060 3689 prmbuit,
3088 3628 3144 3673 et
3164 3632 3440 3686 nunquam
3475 3617 3575 3670 ali—

1946 3722 1951 3727 ‘
1990 3711 2119 3779 quid
2144 3710 2356 3765 fortiter
2384 3711 2529 3765 fecit.
2568 3710 2677 3765 Sed
2702 3712 2845 3765 inter
2868 3711 2986 3766 baro
3010 3709 3291 3765 sciendum
3317 3717 3402 3762 est
3434 3708 3575 3777 quod

1992 3806 2118 3854 sunt
2146 3799 2385 3869 plerique
2408 3798 2560 3867 justi,
2585 3799 2638 3852 in
2663 3814 2892 3868 quorum
2929 3799 3042 3854 vita
3083 3805 3290 3853 tantum
3323 3808 3411 3853 est
3449 3812 3581 3868 gau-

1992 3892 2160 3956 dium,
2199 3899 2259 3944 ut
2302 3890 2384 3945 eis
2430 3889 2685 3960 quaelibet
2725 3898 3074 3960 peccatorum
3108 3890 3430 3959 pmnitentia
3450 3906 3582 3960 prce-

1954 3982 1959 3983 ⁷
1990 3980 2116 4052 poni
2145 3980 2444 4036 nullatenus
2470 3980 2660 4051 possit.
2717 3979 2850 4035 Nam
2898 3980 3050 4035 multi
3091 3989 3145 4034 et
3177 3978 3443 4036 nullorum
3473 3980 3577 4036 sibi

1994 4070 2256 4126 malorum
2272 4080 2397 4126 sunt
2423 4072 2647 4138 conscii,
2672 4080 2727 4128 et
2757 4081 2935 4126 tamen
2960 4072 3014 4127 in
3045 4070 3178 4126 tanti
3200 4070 3411 4126 ardoris
3447 4069 3577 4125 allii-

1994 4164 2226 4219 ctionem
2258 4179 2316 4218 se
2344 4172 2589 4227 exerunt,
2631 4179 2695 4219 ac
2742 4164 2786 4219 si
2834 4164 3074 4232 peccatis
3121 4161 3375 4218 omnibus
3413 4177 3584 4232 angn-

1995 4260 2223 4309 stcntur.
2271 4252 2476 4307 Cuncta
2501 4254 2664 4308 etiam
2692 4253 2834 4312 licita
2863 4260 3143 4323 respuunt,
3173 4253 3241 4307 ad
3268 4254 3579 4323 despectum

1994 4345 2179 4399 mundi
2203 4344 2509 4401 sublimiter
2534 4346 2908 4415 accinguntur,
2946 4344 3200 4402 lamentis
3230 4346 3487 4417 gaudent,
3527 4346 3583 4399 in

1996 4436 2206 4491 cunctis
2234 4437 2553 4507 semetipsos
2580 4436 2868 4491 bumiliant
2887 4477 2901 4501 ,
2927 4444 2981 4492 et
3006 4438 3149 4494 sicut
3183 4437 3425 4493 nonnulli
3458 4452 3583 4507 pec-

280 4530 342 4585 id
382 4529 464 4584 ad
492 4538 709 4584 terrena
736 4526 1105 4592 descenderit,
1143 4533 1203 4579 ut
1246 4524 1454 4591 salvam
1493 4524 1698 4607 faceret
1725 4540 1890 4587 unam
1916 4513 1968 4573 D
1993 4532 2111 4579 cata
2135 4540 2383 4595 cperum,
2406 4527 2485 4581 sic
2511 4527 2610 4597 ipsi
2634 4536 2853 4596 peccata
2875 4529 3260 4599 cogitationum
3283 4528 3581 4599 deplorant.

280 4621 595 4686 oviculam,
629 4634 747 4689 qua:
798 4612 1055 4688 perierat,
1102 4617 1155 4675 id
1208 4626 1310 4680 est,
1371 4617 1666 4671 humanum
1701 4632 1892 4689 genus.

282 4713 440 4771 Nam
470 4710 613 4780 quod
645 4710 733 4765 hic
754 4708 1081 4780 evangelista
1107 4707 1239 4763 dicit
1264 4706 1484 4763 relictas
1503 4722 1631 4762 oves
1657 4706 1710 4761 in
1744 4723 1895 4762 mon-

284 4807 468 4867 tibus,
496 4803 650 4869 idest
675 4803 730 4857 in
761 4801 1012 4865 excelsis,
1036 4800 1331 4857 aliusdicit
1355 4800 1408 4854 in
1432 4800 1665 4857 deserto.
1688 4798 1752 4870 (ϐ
1762 4800 1893 4870 reg.)

284 4894 409 4951 Cur
445 4900 628 4947 autem
661 4891 856 4946 caelum
887 4891 1161 4945 desertum
1191 4901 1437 4956 vocatur,
1484 4890 1589 4945 nisi
1626 4891 1768 4960 quod
1803 4892 1893 4946 de-

285 4997 516 5043 sertum
538 4978 739 5039 dicitur
773 4983 1086 5039 derelictum
1118 5022 1133 5047 ,
1185 4981 1382 5038 caelum
1438 4990 1616 5037 autem
1658 4985 1897 5039 deseruit

288 5077 497 5138 homo,
538 5087 661 5127 cum
701 5073 964 5140 peccavit.
1010 5070 1069 5124 1n
1108 5060 1333 5126 deserto
1371 5078 1550 5124 autem
1601 5072 1893 5141 nonaginta

290 5180 512 5222 novem
538 5178 669 5218 oves
699 5162 1095 5228 remanserant,
1136 5163 1357 5233 quando
1381 5162 1436 5216 in
1470 5170 1612 5219 terra
1638 5163 1896 5217 Dominus

291 5273 479 5314 unam
509 5257 787 5326 quaerebat
815 5295 830 5322 ,
859 5255 985 5324 quia
1027 5253 1363 5313 rationabilis
1396 5261 1663 5330 creaturae
1704 5269 1896 5309 nume-

292 5365 431 5416 rus,
462 5347 776 5418 angelorum
803 5346 1055 5402 videlicet
1096 5355 1151 5401 et
1203 5346 1482 5401 hominum
1505 5385 1520 5411 ,
1571 5360 1691 5415 quin
1721 5346 1787 5400 ad
1819 5348 1899 5402 vi-

298 5438 551 5497 dendum
577 5438 749 5492 Deum
770 5438 984 5494 condita
1014 5437 1207 5503 fuerat,
1246 5445 1503 5507 pereunte
1534 5437 1753 5493 homine
1780 5448 1900 5493 erat

299 5529 657 5594 imminutus,
673 5538 729 5585 et
753 5537 812 5583 ut
836 5528 1077 5600 perfecta
1100 5542 1307 5584 summa
1321 5527 1503 5591 ovium
1532 5527 1900 5599 integraretur

304 5616 366 5672 in
394 5617 563 5686 calo,
594 5619 756 5675 homo
782 5620 1024 5690 perditus
1053 5619 1396 5690 quaerebatur
1444 5619 1497 5674 in
1546 5628 1713 5673 terra.
1760 5618 1898 5675 Nota

304 5706 466 5775 (μιοά
497 5724 661 5767 ιιιιιιιιι
681 5708 833 5766 deest
863 5711 930 5766 ad
955 5725 1146 5766 novem
1170 5719 1229 5766 ut
1260 5710 1446 5766 decem
1472 5711 1598 5776 sint,
1628 5720 1677 5768 et
1710 5712 1777 5768 ad
1803 5728 1900 5768 no-

1998 4615 2134 4671 llinc
2161 4631 2291 4687 ergo
2318 4616 2675 4687 colligendum
2698 4627 2779 4673 est
2799 4629 3060 4688 quantum
3087 4621 3197 4676 Deo
3219 4620 3469 4691 gaudium
3500 4618 3581 4675 fa-

1995 4710 2105 4764 ciat
2131 4711 2344 4779 quando
2371 4712 2646 4767 humiliter
2674 4712 2875 4783 plangit
2897 4711 3094 4782 justus,
3124 4714 3177 4769 si
3208 4714 3341 4781 facit
3364 4715 3418 4769 in
3447 4713 3583 4770 cmlo

1996 4800 2273 4871 gaudium,
2304 4804 2521 4871 quando
2548 4804 2648 4858 hoc
2675 4804 2817 4873 quod
2841 4805 2980 4859 male
3010 4806 3176 4874 gessit
3197 4819 3293 4874 per
3318 4806 3585 4875 pumilea-

1998 4890 2127 4944 tiam
2166 4890 2387 4945 damnat
2419 4892 2668 4961 injustus.
2702 4894 2959 4962 Sequitur
2980 4895 3237 4949 Dominus
3261 4905 3317 4949 et
3340 4896 3467 4950 dicit
3495 4912 3508 4948 :

2069 4978 2160 5035 Sic
2190 4997 2292 5034 non
2315 4990 2391 5035 est
2418 4982 2652 5043 voluntas
2683 4993 2802 5037 ante
2832 4981 3044 5038 Patrem
3066 4996 3289 5039 vestrum
3309 4988 3398 5054 qui
3419 4987 3471 5038 in
3487 5001 3586 5037 co:-

1996 5070 2062 5126 lis
2087 5082 2186 5138 est,
2215 5083 2272 5126 ut
2298 5082 2471 5143 pereat
2502 5090 2638 5129 unus
2667 5074 2731 5128 de
2750 5075 2957 5144 pusillis
2983 5076 3117 5129 istis.
3161 5073 3427 5144 (Hieron)
3474 5074 3583 5130 Rc-

1998 5160 2107 5218 fert
2151 5164 2218 5218 ad
2260 5162 2507 5231 superius
2532 5164 2886 5232 propositum,
2915 5165 2982 5219 de
3004 5179 3111 5233 quo
3139 5160 3366 5227 dixerat,
3406 5163 3587 5221 Vidua

2001 5276 2064 5313 ne
2093 5257 2432 5313 contemnatis
2464 5273 2621 5311 unum
2646 5259 2710 5312 de
2728 5258 2932 5327 pusillis
2959 5256 3094 5322 istis,
3123 5265 3174 5311 ct
3204 5257 3361 5312 docet
3383 5256 3584 5311 idcirco

2003 5351 2313 5421 parabolam
2343 5348 2694 5419 propositam,
2728 5356 2785 5409 ut
2812 5347 2991 5416 pusilli
3011 5362 3116 5401 non
3146 5355 3583 5401 contemnantur.

2005 5438 2063 5492 In
2091 5452 2156 5493 eo
2188 5444 2369 5491 autem
2414 5436 2554 5507 quod
2589 5437 2718 5490 dicit
2751 5453 2762 5489 :
2799 5436 2923 5513 Non
2947 5446 3019 5489 est
3060 5434 3297 5490 voluntas
3326 5443 3448 5489 ante
3475 5432 3584 5485 Pa-

2004 5541 2134 5584 trem
2162 5540 2407 5596 vestrum,
2441 5538 2493 5583 ut
2521 5540 2694 5600 pereat
2726 5545 2859 5583 unus
2883 5528 2946 5589 de
2973 5527 3180 5599 pusillis
3206 5530 3340 5594 istis,
3376 5528 3590 5597 quoties

2006 5618 2204 5689 aliquis
2238 5619 2457 5687 perierit
2489 5621 2555 5674 de
2585 5618 2812 5688 pusillis,
2853 5616 3157 5674 ostenditur
3180 5618 3324 5687 quod
3353 5632 3460 5673 non
3488 5627 3584 5671 vo-

2008 5710 2210 5766 luntate
2241 5709 2416 5766 Patris
2437 5710 2675 5781 perierit.
