4002 6188
437 346 567 403 1011

1102 340 1161 394 Β.
1204 336 1455 393 [MBAN]
1495 334 1713 394 MAUlll
1750 335 2066 393 ARCHIEP.
2104 335 2412 425 MQGUNT.
2449 334 2732 393 OPERUM
2772 336 2953 392 PARS
2987 337 3029 391 ι.

3557 343 3694 398 1οη

497 451 631 528 [ιιι]
667 451 727 508 Si
755 461 927 509 autem
954 450 1238 521 peccaverit
1276 448 1332 503 ia
1366 458 1412 503 te
1448 446 1613 517 frater
1640 459 1781 513 tuus,
1810 448 1940 503 uade
1962 459 2012 504 et
2042 452 2087 512 Α.
2116 422 2364 505 testatem
2393 450 2579 505 tribuit
2606 449 2863 521 apostolis
2888 459 2951 505 ut
2971 450 3145 535 sciant
3170 454 3263 522 qui
3293 467 3323 506 a
3356 453 3554 511 tabulis
3573 471 3697 513 etni-

427 561 629 615 compe
654 561 770 600 eum
797 544 934 599 inter
960 551 1009 595 te
1037 548 1088 597 et
1124 541 1295 611 ipsum
1332 539 1522 594 solum.
1565 539 1627 595 Si
1675 549 1724 595 te
1764 540 2010 605 audierit,

428 636 664 692 lucratus
693 635 798 691 eris
829 634 1043 704 fratrem
1065 642 1232 687 tuum.
1274 630 1334 687 Si
1361 632 1672 702 peccaverit
1697 633 1751 687 in
1778 647 1878 687 nos
1901 631 2011 686 fra-

428 738 514 786 ter
544 736 748 788 noster,
774 733 831 782 ct
861 724 1099 795 qualibet
1130 739 1295 780 causa
1322 739 1421 780 nos
1459 724 1679 790 laeserit,
1708 723 2012 779 dimittendi

428 818 692 874 habemus
720 824 1063 887 potestatem,
1103 815 1212 869 imo
1251 814 1648 877 necessitatem,
1685 821 2015 883 quapropter

436 918 498 963 ut
521 907 855 965 debitoribus
881 906 1083 963 nostris
1125 905 1304 960 debita
1341 904 1694 960 dimittamus.
1737 902 1793 957 Si
1830 911 2013 957 autem

431 1000 487 1059 in
515 999 681 1059 Deum
707 998 828 1070 quis
854 995 1179 1068 peccaverit,
1206 1010 1312 1052 non
1340 1002 1422 1051 est
1448 994 1616 1051 nostri
1644 993 1874 1049 arbitrii.
1924 993 2013 1047 Di-

430 1092 507 1147 cit
534 1090 678 1147 enim
708 1089 988 1160 Scriptura
1013 1088 1194 1144 divina
1220 1104 1234 1141 :
1269 1086 1331 1143 Si
1352 1086 1639 1157 peccauerit
1663 1085 1816 1139 homo
1842 1085 1897 1138 in
1928 1084 2014 1138 ho-

430 1184 647 1248 minem,
680 1182 880 1252 rogabit
908 1197 1005 1253 pro
1041 1197 1102 1235 eo
1129 1179 1391 1235 sacerdos.
1441 1176 1700 1233 Siautem
1730 1175 2013 1247 peccaverit

416 1276 483 1328 in
509 1274 697 1338 Deum,
729 1274 847 1344 quis
877 1289 967 1343 rog
987 1272 1077 1326 .bit
1102 1287 1199 1342 pro
1223 1287 1283 1324 eo
1307 1268 1359 1342 (1
1380 1269 1506 1340 Reg.
1531 1267 1640 1342 tt)?
1688 1269 1796 1324 Nos
1820 1284 1850 1324 e
1878 1282 2013 1322 con-

432 1365 599 1421 trario
621 1364 675 1421 in
705 1362 801 1421 Dei
833 1361 1029 1433 injuria
1054 1360 1270 1431 benigni
1299 1375 1506 1425 sumus,
1550 1358 1608 1414 in
1648 1359 1849 1413 nostris
1886 1371 2016 1412 cou-

429 1459 669 1515 tumeliis
704 1470 1021 1514 exercemus
1070 1454 1213 1511 odia.
1267 1451 1654 1523 Corripiendus
1699 1458 1807 1506 est»
1832 1460 2014 1506 autem

428 1550 599 1606 frater
627 1565 895 1616 seorsum,
940 1563 1009 1603 ne
1052 1547 1096 1603 si
1136 1545 1303 1602 semel
1344 1545 1603 1625 pudorem
1649 1559 1715 1599 ac
1755 1559 2015 1600 verecun-

429 1642 574 1697 diam
606 1641 873 1705 amiserit,
895 1646 1212 1709 permaneat
1237 1636 1290 1693 in
1313 1644 1559 1707 peccato.
1606 1634 1674 1688 Et
1711 1633 1755 1689 si
1795 1634 2012 1704 quidem

428 1714 685 1798 audierit,
711 1730 1074 1787 lucrificamus
1116 1729 1355 1784 animam
1392 1726 1531 1796 ejus,
1566 1732 1624 1781 et
1658 1740 1757 1797 per
1793 1725 2016 1782 alterius

2115 541 2457 607 demnantur,
2505 541 2796 597 humanam
2839 541 3164 596 sententiam
3203 542 3384 596 divina
3433 548 3697 603 sententia

2114 631 2478 698 corroborari,
2508 639 2566 687 et
2590 631 2949 701 quodcunque
2973 631 3194 702 ligatum
3230 630 3395 688 fuerit
3433 633 3489 689 in
3531 642 3694 704 terra,

2113 726 2267 799 ligari
2297 728 2502 799 pariter
2534 736 2589 783 et
2621 728 2674 782 in
2703 727 2857 783 oculo.

2186 818 2214 871 Ι
2219 829 2387 873 terum
2414 819 2531 873 dico
2557 820 2717 882 vobis,
2747 820 2872 889 quia
2898 819 2944 873 si
2967 819 3070 874 duo
3094 836 3158 873 ea:
3182 820 3324 875 vobis
3347 823 3701 880 consenserint

2114 926 2269 983 super
2295 920 2506 978 terram,
2539 911 2604 965 de
2633 912 2772 965 omni
2818 927 2874 964 re
2913 927 3275 981 quamcunque
3313 912 3572 982 petierint,
3612 915 3681 983 ﬁt

2113 1005 2219 1060 illis
2247 1022 2278 1058 a
2309 1002 2464 1057 Patre
2484 1019 2597 1057 meo
2626 1003 2715 1073 qui
2750 1003 2807 1056 in
2849 1001 2989 1056 cretis
3022 1011 3123 1057 est.
3169 1002 3268 1057 Ubi
3306 1005 3446 1057 enim
3484 1006 3591 1059 duo
3624 1005 3701 1060 cel

2114 1108 2217 1152 tres
2240 1099 2537 1170 congregati
2563 1098 2755 1169 fuerint
2781 1098 2835 1151 in
2865 1098 3073 1151 nomine
3104 1114 3237 1163 meo,
3270 1098 3341 1151 ibi
3370 1115 3486 1152 sum
3514 1101 3569 1152 in
3598 1117 3700 1153 me-

2114 1187 2202 1242 dio
2230 1204 2430 1243 eorum.
2467 1187 2668 1243 Omnes
2701 1202 2864 1258 supra
2895 1201 3145 1242 sermone
3170 1188 3381 1242 monuit
3399 1198 3459 1243 ut
3479 1188 3546 1241 ad
3573 1204 3702 1244 con-

2114 1280 2354 1334 cordiam
2389 1289 2729 1351 provocaret.
2778 1280 2948 1350 igitur
2984 1290 3039 1334 et
3077 1281 3356 1349 praemium
3394 1281 3698 1350 pollicetur,

2114 1378 2174 1423 ut
2208 1369 2492 1425 sollicitius
2518 1368 2859 1435 festinemus,
2889 1385 3013 1425 cum
3049 1386 3107 1426 se
3138 1371 3285 1426 dicat
3313 1371 3456 1426 inter
3489 1372 3621 1427 duos
3647 1382 3703 1427 et

2114 1468 2230 1516 tres
2274 1461 2508 1516 medium
2554 1460 2690 1517 fore.
2742 1458 2968 1533 (Hilam)
3015 1460 3133 1530 Ipse
3179 1462 3323 1516 enim
3370 1477 3476 1530 pax
3537 1471 3702 1531 atque

2116 1552 2359 1609 Charitas
2382 1557 2486 1617 est,
2515 1552 2696 1607 sedem
2723 1558 2883 1621 atque
2900 1551 3299 1608 habitationem
3348 1553 3402 1607 in
3448 1553 3606 1608 bonis
3649 1563 3708 1609 et

2116 1642 2355 1715 paciﬁcis
2389 1642 2759 1698 voluntatibus
2799 1642 3119 1697 collocavit:
3147 1640 3249 1695 Ubi
3274 1643 3411 1695 enim
3448 1650 3569 1696 sunt
3596 1642 3704 1696 duo

2115 1735 2197 1791 vel
2219 1747 2322 1789 tres
2351 1732 2646 1805 congregati
2688 1734 2744 1787 in
2784 1734 2991 1787 nomine
3025 1748 3157 1798 meo,
3196 1732 3266 1786 ibi
3300 1749 3416 1786 sum
3448 1733 3501 1785 in
3531 1732 3705 1785 medio

428 1822 662 1882 “tum
693 1820 853 1875 “his
878 1833 1091 1889 (1³³0ίίυο
1116 1816 1415 1887 acquiritur
1458 1816 1627 1872 sanis-
1683 1815 1801 1881 (ὶυο
1850 1815 2015 1884 ἰεῑιιιτ
2044 1840 2088 1898 Β
2115 1844 2314 1882 eormn.
2356 1823 2451 1881 Vel
2493 1827 2562 1881 ad
2610 1824 2976 1893 recipiendum
3024 1824 3283 1881 humilem
3324 1824 3697 1894 pmritentetu,

427 1915 620 1973 ordine
645 1912 894 1969 scandala
926 1900 1307 1974 declinarefet
1352 1923 1433 1970 vae
1478 1916 1797 1978 perpetuum
1836 1908 2014 1962 vitare

428 2006 698 2080 possimus
717 2004 990 2060 insinuat:
1017 2003 1061 2056 si
1086 2002 1153 2058 ad
1172 2016 1272 2055 nos
1292 1999 1543 2055 videlicet
1570 1999 1734 2069 ipsos,
1759 2014 1827 2052 ne
1851 2013 2013 2069 quem

430 2098 687 2158 bellamus
710 2088 1059 2158 altitudinis,
1086 2093 1129 2147 si
1159 2098 1481 2161 peccantem
1505 2090 1622 2145 zelo
1643 2089 1868 2159 iustitia:
1895 2104 2014 2144 cor-

430 2188 681 2260 ripimus,
707 2187 753 2243 si
782 2201 851 2241 ex
884 2186 1045 2243 corde
1078 2183 1360 2254 paenitenti
1407 2180 1794 2238 misericordia:
1837 2181 2012 2251 pieta-

430 2280 609 2349 tisque
633 2276 841 2339 viscera
863 2274 1169 2348 pandimus.

503 2368 566 2426 Si
591 2378 764 2424 autem
800 2383 905 2422 nou
932 2366 1180 2431 audierit,
1217 2363 1405 2418 adhibe
1434 2368 1605 2419 tecum
1639 2361 1810 2415 adhuc
1851 2377 2013 2419 unum

428 2459 677 2525 uelduos,
707 2468 762 2523 ut
788 2460 849 2513 in
869 2474 959 2512 ore
978 2457 1207 2511 duorum
1227 2454 1303 2510 uel
1322 2455 1481 2509 trium
1508 2454 1716 2508 testium
1742 2461 1840 2507 stet
1865 2467 2015 2506 omne

430 2553 674 2624 uerbum;
710 2551 850 2623 ῳιοά
883 2551 933 2605 si
962 2565 1071 2604 non
1107 2547 1333 2602 audierit
1368 2563 1475 2612 eos,
1515 2544 1601 2599 dic
1648 2543 1931 2609 Ecclesiae;
1967 2544 2014 2597 si

430 2655 608 2705 autem
629 2642 921 2698 Ecclesium
947 2658 1054 2696 nou
1086 2640 1331 2705 audierit,
1368 2640 1436 2697 sit
1471 2640 1564 2694 tibi
1603 2639 1735 2693 sicut
1776 2638 2011 2693 ethnicus

430 2747 481 2795 et
522 2736 849 2808 publicanus.
904 2733 1182 2789 Si'autem
1224 2739 1277 2787 te
1310 2731 1498 2786 audire
1545 2730 1815 2797 noluerit,
1864 2728 2015 2785 adbi-

432 2831 626 2889 bcatur
656 2827 855 2893 frater;
885 2826 1029 2896 quod
1054 2824 1098 2879 si
1132 2838 1237 2881 nec
1260 2823 1379 2879 illos
1414 2822 1667 2888 audierit,
1694 2821 2017 2877 adhibeatur

432 2921 644 2981 tertius,
684 2912 771 2976 vel
807 2916 1113 2988 corrigendi
1159 2916 1353 2981 studio,
1405 2913 1489 2970 vel
1528 2905 1880 2971 conveniendi
1916 2911 2018 2969 sub

434 3014 677 3071 testibus.
710 3011 881 3067 Porro
909 3010 953 3065 si
979 3024 1083 3065 nec
1109 3008 1229 3063 illos
1250 3007 1437 3063 audire
1463 3006 1711 3071 voluerit,
1740 3013 1852 3060 tum
1878 3002 2018 3059 mul~

432 3103 505 3161 tis
533 3101 819 3156 dicendum
854 3107 962 3164 est,
990 3105 1068 3152 'ut.
1100 3096 1445 3153 detestationi
1491 3095 1637 3151 illum
1682 3094 1934 3157 habeant,
1963 3100 2019 3149 et

2114 1920 2199 1974 vel
2237 1919 2305 1972 ad
2342 1918 2730 1988 proﬁciendum
2777 1918 3067 1987 superbum
3107 1925 3163 1972 et
3194 1925 3602 1981 contumacem,
3644 1924 3701 1968 et

2115 2011 2376 2082 quidquid
2406 2010 2480 2064 illi
2511 2010 2786 2064 humiliter
2820 2009 3112 2080 judicanth
3152 2009 3218 2063 ad
3253 2008 3481 2064 salutem
3521 2009 3701 2063 horni-

2116 2117 2243 2156 num
2301 2108 2464 2170 agunt
2517 2100 2571 2154 in
2622 2107 2785 2165 terra,
2831 2099 3065 2169 desuper
3100 2098 3306 2167 judicio
3361 2098 3611 2153 firmatur
3646 2100 3703 2153 in

2116 2190 2271 2245 cmlo.
2305 2188 2598 2244 Possumus
2628 2186 2732 2243 hoc
2760 2195 2815 2242 et
2848 2185 3166 2257 spiritaliter
3195 2186 3515 2257 intelligere,
3558 2187 3704 2256 quod

2116 2282 2207 2335 ubi
2249 2279 2485 2349 Spiritus
2534 2288 2591 2334 et
2634 2278 2834 2344 anima,
2882 2291 3183 2348 corpusque
3218 2278 3614 2339 consenserint,
3649 2285 3705 2330 et

2116 2386 2224 2427 non
2249 2373 2391 2426 inter
2428 2386 2489 2426 se
2514 2369 2712 2426 bellum
2751 2369 3083 2426 diversarum
3127 2368 3419 2423 habuerint
3459 2370 3707 2439 volupta-

2117 2474 2249 2528 tum,
2282 2479 2446 2519 carne
2476 2463 2893 2533 concupiscente
2920 2461 3181 2517 adversus
3206 2448 3478 2531 Spiritum,
3504 2469 3565 2516 et
3590 2456 3705 2531 spi-

2115 2556 2222 2611 ritu
2260 2555 2521 2610 adversus
2555 2569 2773 2611 carnem
2808 2554 2875 2609 de
2909 2554 3055 2608 omni
3099 2568 3159 2608 re
3206 2566 3369 2622 quam
3414 2554 3706 2622 petiverint

2118 2645 2408 2715 impetrent
2435 2659 2464 2698 a
2492 2643 2671 2707 Patre,
2713 2643 2953 2713 nullique
2996 2641 3215 2698 dubium
3264 2642 3395 2712 quin
3440 2638 3703 2696 bonamm

2117 2751 2300 2790 rerum
2329 2733 2622 2805 postulatio
2651 2734 2751 2800 sit,
2772 2733 2865 2790 ubi
2892 2747 3087 2803 corpus
3111 2747 3173 2787 ea
3204 2731 3317 2786 vult
3348 2731 3549 2787 habere
3584 2747 3704 2802 qtae
3800 2737 3810 2745 '

2117 2818 2358 2881 spiritus.

2204 2843 2229 2879 r
2274 2842 2309 2879 n
2346 2866 2358 2879 .

2145 2842 2339 2989 “llis;
2379 2914 2524 2972 Tune
2571 2917 2824 2999 accedens
2868 2915 3058 2972 Petrus
3106 2917 3179 2970 ad
3215 2933 3334 2972 eum
3382 2916 3521 2970 dixit
3546 2928 3567 2969 :
3594 2915 3698 2970 Do-

2118 3010 2275 3075 mine,
2305 3008 2503 3079 quoties
2527 3007 2757 3078 peccabit
2777 3008 2832 3061 in
2859 3023 2941 3060 me
2963 3008 3129 3076 frater
3160 3008 3325 3074 meus,
3363 3018 3413 3060 et
3445 3007 3705 3062 dimittant

2118 3100 2166 3155 ei
2192 3117 2353 3171 usque
2379 3101 2563 3171 septies
2580 3100 2613 3153 io
2649 3098 2791 3153 Dicit
2815 3098 2896 3152 illi
2923 3098 3079 3153 Iesus
3112 3112 3130 3150 :
3163 3098 3284 3154 Non
3322 3100 3443 3153 dico
3486 3101 3581 3153 tibi
3618 3117 3707 3152 ηις

434 3193 531 3262 qui
563 3204 672 3251 non
715 3190 892 3260 potuit
927 3188 1133 3259 pudore
1178 3187 1373 3283 salvari
1418 3185 1654 3242 salvetur
1692 3183 2011 3255 approbriis.
2044 3220 2088 3283 Ο
2116 3209 2216 3264 que
2261 3192 2466 3262 septies,
2509 3191 2599 3244 sed
2647 3194 2809 3261 usque
2854 3192 3146 3261 septuagies
3189 3192 3391 3261 septies.
3436 3189 3704 3261 (Πὶετοη.)

435 3283 664 3350 Quando
687 3289 867 3337 autem
892 3280 1109 3345 dieitur,
1134 3279 1203 3332 Et
1222 3280 1288 3333 sit
1307 3277 1398 3332 tibi
1419 3278 1552 3332 sicut
1573 3278 1828 3341 ethnicus,
1855 3285 1900 3329 et
1921 3292 2018 3345 pu-

435 3372 690 3435 blicanus,
736 3369 1043 3429 ostenditur
1082 3366 1309 3438 majoris
1345 3381 1466 3422 esse
1508 3364 1881 3421 detestationis
1926 3364 2020 3433 qui

434 3462 538 3520 sub
570 3460 789 3517 nomine
825 3458 1000 3518 ﬁdelis
1033 3466 1159 3529 agat
1191 3470 1359 3526 opera
1393 3454 1687 3510 infidelium
1716 3495 1731 3520 ,
1766 3469 1928 3524 quam
1965 3453 2020 3508 hi

435 3552 529 3619 qui
556 3549 795 3620 perfecte
820 3547 1051 3621 gentiles
1084 3555 1209 3603 sunt
1236 3566 1253 3600 :
1277 3545 1417 3607 ἔθνος
1453 3545 1600 3600 enim
1641 3543 1830 3600 Graece
1873 3560 2017 3615 gens,

437 3644 625 3707 ἔονικοι
669 3640 884 3715 gentiles
920 3642 1188 3697 dicuntur.
1239 3640 1516 3696 Publiceni
1570 3642 1714 3696 enim
1760 3651 2022 3711 vocantur

438 3734 733 3793 secundum
758 3731 1134 3803 tropologiam,
1168 3732 1259 3801 qui
1308 3731 1489 3787 sreculi
1532 3741 1811 3788 sectantur
1848 3731 2018 3801 lucra,

438 3837 495 3884 et
514 3827 735 3899 exigunt
764 3825 1044 3897 vectigalia
1083 3840 1182 3896 per
1230 3826 1644 3897 negotiationes,
1686 3836 1740 3883 et
1781 3825 2018 3893 fraudes,

441 3935 504 3980 ac
532 3918 696 3983 furta,
734 3917 1103 3986 scelerataque
1130 3915 1385 3987 periuria.
1432 3916 1532 3973 llic
1554 3925 1732 3971 tamen
1753 3925 1910 3974 caute
1936 3920 2020 3973 in-

442 4006 697 4067 tuendum
739 4014 843 4073 est,
886 4007 1013 4077 quia
1056 4021 1165 4060 non
1198 4007 1397 4076 passim
1434 4007 1677 4077 peccanti
1725 4008 2020 4074 dimittere,

439 4101 535 4155 sed
564 4099 821 4165 audienti,
847 4098 899 4154 id
929 4107 1015 4154 est
1052 4098 1346 4162 obcdienti,
1372 4107 1427 4153 et
1442 4099 1816 4168 paenitentiam
1844 4101 2022 4170 agenti

441 4189 717 4245 dimittere
736 4187 1008 4257 iubemur.
1058 4188 1124 4242 Et
1152 4189 1324 4258 primo
1347 4188 1563 4258 quidem
1586 4201 1898 4259 peccantem
1924 4191 2024 4244 mi-

440 4280 790 4341 sericorditer
825 4281 1129 4349 increpare,
1160 4290 1217 4333 ut
1247 4280 1316 4334 sit
1337 4280 1422 4334 cui
1453 4284 1791 4349 postmodum
1820 4281 2020 4335 habea-

442 4386 564 4433 mus
597 4370 743 4440 juste
785 4370 1071 4425 dimittere.
1112 4370 1213 4436 Qui
1262 4384 1395 4441 ergo
1428 4369 1648 4425 fratrem
1684 4371 1868 4426 videns
1896 4386 2023 4440 pec-

443 4476 570 4518 care
600 4461 851 4526 tacuerit,
884 4476 993 4516 non
1029 4460 1207 4515 minus
1246 4461 1508 4516 Dominici
1549 4462 1800 4531 praecepti
1843 4470 2020 4517 trans-

2123 3283 2303 3337 Περι-οι
2330 3281 2434 3336 sibi
2458 3294 2637 3336 sermo
2675 3279 3002 3341 Dominicus,
3028 3289 3101 3335 et
3142 3282 3201 3334 in
3231 3281 3450 3358 modum
3484 3280 3703 3335 funiculi

2123 3368 2351 3441 triplicis
2373 3370 2550 3440 rumpi
2580 3387 2687 3426 non
2712 3377 2907 3441 potest.
2948 3369 3125 3439 Supra
3145 3371 3358 3426 dixerat
3382 3390 3394 3426 :
3432 3370 3610 3425 Videte
3639 3388 3704 3427 ne

2122 3460 2462 3516 contemnatis
2502 3476 2667 3514 unum
2707 3476 2772 3514 ea:
2810 3460 2890 3513 Itis
2932 3459 3168 3530 pusillis;
3209 3470 3265 3516 et
3301 3461 3574 3531 adiecerat
3603 3480 3615 3514 :
3647 3459 3707 3516 Si

2120 3551 2406 3622 peccauerit
2437 3551 2490 3604 in
2524 3559 2575 3604 te
2603 3549 2768 3619 frater
2793 3552 2931 3614 tuus,
2962 3550 3093 3604 uade
3143 3560 3190 3605 et
3230 3552 3435 3620 corripe
3472 3568 3588 3606 eum
3626 3553 3711 3605 in-

2121 3652 2202 3696 ter
2245 3650 2295 3695 te
2330 3650 2380 3695 et
2417 3641 2625 3713 ipsum;
2657 3648 2715 3696 et
2750 3641 3037 3711 praemium
3068 3642 3449 3711 repromiserat
3473 3641 3662 3696 dicens
3691 3660 3705 3695 :

2124 3731 2189 3787 Si
2215 3731 2320 3785 duo
2346 3747 2411 3785 ea:
2436 3731 2578 3786 vobis
2615 3724 2967 3789 consenserint
3007 3747 3163 3804 super
3205 3741 3420 3797 terram,
3460 3730 3524 3785 de
3566 3734 3710 3786 enini

2120 3837 2178 3877 re
2198 3822 2545 3893 impetrabunt
2571 3838 2727 3894 quam
2749 3823 3007 3893 petierint,
3030 3833 3078 3876 et
3106 3839 3198 3894 ego
3226 3839 3316 3877 ero
3343 3823 3399 3876 in
3423 3822 3596 3876 medio
3622 3838 3711 3875 eo—

2123 3929 2260 3967 rum.
2316 3912 2646 3975 Provocatus
2690 3926 2821 3967 vero
2850 3912 3140 3982 apostolus
3182 3912 3375 3968 Petrus
3411 3912 3714 3983 interrogat

2123 4006 2337 4076 quoties
2383 4005 2539 4059 fratri
2585 4005 2641 4059 in
2688 4020 2747 4060 se
2792 4005 3039 4074 peccanti
3079 4004 3351 4060 dimittere
3395 4004 3608 4069 debeat,
3653 4010 3711 4059 et

2124 4111 2247 4151 cum
2272 4096 2695 4166 interrogatione
2725 4094 2931 4164 profert
2956 4096 3279 4169 sententiam
3303 4112 3467 4165 usque
3486 4097 3671 4166 septies
3690 4095 3713 4147 .’

2123 4187 2222 4243 Cui
2253 4187 2532 4257 respondit
2556 4186 2816 4241 Dominus
2847 4205 2861 4241 :
2895 4185 3017 4241 Non
3056 4204 3218 4258 usque
3251 4188 3458 4258 septies,
3504 4187 3597 4241 sed
3634 4202 3715 4241 se-

2121 4279 2357 4349 ptuagies
2382 4279 2610 4350 septies,
2637 4278 2692 4332 id
2715 4286 2801 4333 est-
2823 4270 3237 4349 quadringentis
3250 4278 3544 4349 nonaginta
3576 4280 3714 4333 vici-

2124 4371 2243 4432 bus,
2281 4379 2340 4424 ut
2373 4370 2532 4425 toties
2555 4370 2801 4440 peccanti
2840 4367 2998 4423 fratri
3029 4369 3329 4423 dimitteret
3354 4368 3407 4421 in
3438 4367 3545 4433 die,
3577 4383 3717 4436 quc-

2128 4463 2229 4517 ties
2258 4462 2347 4518 ille
2372 4477 2599 4533 peccare
2618 4470 2820 4532 posset.
2876 4460 3059 4533 (Rau)
3099 4461 3354 4517 Peccanti
3381 4460 3548 4532 igitur
3577 4462 3629 4515 in
3660 4472 3715 4517 te

440 4569 659 4628 grcsz
699 4561 809 4619 est,
853 4568 1013 4623 quam
1063 4553 1111 4608 is
1151 4552 1241 4623 qui
1281 4551 1452 4607 eidem
1489 4552 1772 4621 poenitenti
1809 4553 2019 4607 veniam
2055 4572 2103 4630 ι)
2130 4555 2282 4610 fratri
2320 4555 2366 4611 si
2400 4554 2775 4625 paenitentiam
2807 4554 3001 4625 egerit,
3030 4554 3334 4610 dimittendi
3367 4554 3537 4609 habes
3563 4563 3715 4624 pote-

442 4647 579 4699 dare
623 4643 874 4702 noluerit.
923 4642 1057 4710 Quia
1100 4642 1190 4711 qui
1238 4642 1371 4696 dixit
1399 4659 1411 4696 :
1442 4640 1499 4696 Si
1546 4642 1892 4712 paenituerit,
1941 4644 2022 4698 di—

443 4737 617 4801 mitte,
642 4734 902 4804 prmisit
930 4752 942 4787 :
971 4734 1026 4789 Si
1052 4734 1377 4813 peccaverit,
1403 4733 1638 4804 increpa.
1664 4734 1850 4803 Itaque
1873 4734 2025 4789 venia

444 4826 598 4889 fratri
639 4832 766 4895 post
791 4824 1212 4896 increpationem
1250 4824 1525 4895 largienda
1558 4833 1662 4890 est,
1696 4824 1791 4881 sed
1821 4825 1893 4882 illi
1926 4825 2028 4880 uti-

439 4934 549 4989 que
585 4916 678 4989 qui
721 4930 782 4971 se
808 4915 1127 4986 pmuitendo
1164 4915 1233 4970 ab
1265 4928 1453 4971 errore
1490 4917 1795 4983 convertit,
1839 4932 1906 4972 ne
1944 4916 2027 4973 vel

440 5009 672 5065 tiillicilis
693 5008 848 5063 venia
873 5008 956 5063 vel
988 5008 1212 5064 remissa
1239 5005 1311 5062 sit
1339 5006 1681 5075 indulgentia.

513 5101 679 5160 Amen
695 5100 812 5155 dico
833 5100 990 5163 vobis,
1017 5095 1343 5173 guwcunque
1372 5097 1711 5169 alligaveriris
1742 5115 1898 5168 super
1925 5109 2025 5153 ter-

442 5213 577 5262 ram,
613 5206 768 5251 erunt
795 5195 958 5267 ligata
982 5204 1031 5250 et
1053 5195 1110 5249 in
1130 5194 1292 5260 calo;
1328 5203 1377 5248 et
1410 5209 1729 5265 quwcunque
1773 5192 2029 5247 solueritis

440 5305 598 5351 super
628 5298 846 5356 terram,
884 5298 1036 5344 erunt
1061 5287 1233 5344 soluta
1268 5297 1315 5342 et
1344 5287 1399 5340 in
1419 5287 1564 5342 creto.
1607 5286 1741 5354 Quia
1778 5286 2024 5341 dixerat:

443 5380 505 5441 Si
531 5389 703 5437 antem
729 5377 1022 5436 Ecclesium
1048 5397 1154 5439 non
1178 5378 1426 5442 audierit,
1464 5377 1530 5431 sit
1567 5376 1661 5430 tibi
1688 5377 1821 5430 sicut
1858 5376 2023 5430 etlmi'

441 5489 537 5535 cus
586 5482 638 5531 et
675 5472 1008 5546 publicanus,
1060 5482 1115 5530 et
1152 5480 1367 5543 poterat
1415 5471 1803 5542 contemptoris
1849 5471 2032 5527 fratris

448 5569 563 5625 haec
595 5562 807 5621 occulta
842 5578 965 5622 esse
995 5564 1278 5636 responsio
1320 5562 1403 5618 vel
1444 5561 1605 5616 tacita
1654 5562 1945 5633 cogitatio:
1972 5560 2030 5617 Si

447 5670 537 5717 me
563 5654 807 5730 despicis
824 5663 881 5713 et
913 5670 1015 5729 ego
1051 5665 1103 5711 te
1140 5654 1463 5726 despiciam;
1514 5654 1558 5709 si
1598 5661 1651 5707 tu
1701 5654 2030 5718 condemnas

448 5762 554 5818 tua.
594 5761 624 5811 ε
664 5747 936 5810 contrario
973 5760 1093 5809 mea
1132 5745 1399 5803 sententia
1433 5744 1894 5811 condemnaberis,
1933 5760 2031 5817 po-

2127 4650 2339 4708 statcm,
2375 4644 2482 4698 imo
2509 4642 2906 4707 necessitatem,
2939 4649 2999 4696 ut
3022 4650 3079 4698 et
3104 4644 3205 4698 tibi
3223 4643 3507 4713 pmnitenti
3531 4658 3596 4698 ac
3615 4659 3711 4697 ve-

2128 4738 2271 4792 niam
2306 4735 2567 4807 ﬂagitanti
2596 4733 2757 4789 Pater
2791 4735 2883 4805 qui
2927 4742 3011 4788 est
3050 4735 3111 4789 in
3146 4734 3298 4790 caelis
3336 4734 3601 4805 ignoscat.
3645 4734 3719 4787 At

2129 4829 2175 4883 si
2198 4828 2512 4897 increpatus
2536 4827 2777 4881 converti
2822 4833 2877 4879 et
2922 4824 3293 4895 pmnitentiam
3329 4840 3491 4895 agere
3526 4826 3716 4895 negle-

2132 4923 2292 4985 xerit,
2319 4920 2447 4991 quid
2469 4935 2631 4991 super
2657 4918 2758 4974 hoc
2783 4918 3029 4974 veritatis
3058 4919 3323 4976 sententia
3352 4919 3617 4973 decernat
3642 4919 3720 4972 in-

2132 5022 2304 5067 tuere.
2352 5012 2527 5066 Aliter
2552 5026 2684 5066 sane
2711 5010 2926 5065 veniam
2958 5009 3111 5065 fratri
3142 5011 3376 5082 petenti,
3417 5010 3581 5065 aliter
3614 5012 3721 5065 ini-

2137 5101 2278 5155 Inico
2299 5100 2644 5170 persequenti
2671 5099 2803 5154 dare
2826 5098 3186 5169 praecipimur.
3222 5098 3358 5154 Huic
3383 5100 3636 5156 videlicet
3660 5109 3722 5154 ut

2131 5201 2352 5264 accepta
2383 5193 2700 5247 remissione
2728 5192 2937 5261 peccati
2963 5205 3069 5261 quo
3094 5191 3248 5245 nobis
3284 5191 3591 5247 insontibus
3614 5206 3717 5245 no-

2130 5286 2241 5340 cuit
2265 5284 2413 5339 socia
2442 5283 2599 5337 nobis
2625 5282 2896 5336 charitate
2925 5281 3323 5348 communicet;
3368 5281 3445 5335 illi
3484 5295 3619 5336 vero
3672 5285 3729 5336 ut

2129 5392 2253 5433 cum
2284 5375 2438 5430 nobis
2467 5364 2830 5438 malum-vult,
2867 5381 2922 5429 et
2956 5374 3000 5427 si
3029 5381 3208 5443 potest
3231 5372 3359 5429 facit
3383 5388 3483 5428 nos
3503 5387 3720 5444 semper

2130 5471 2331 5525 bonum
2366 5467 2614 5531 velimus,
2662 5456 3031 5533 faciamusque
3076 5464 3217 5533 quod
3256 5478 3569 5533 possumus.
3618 5461 3723 5516 Die-

2131 5576 2235 5630 que
2262 5561 2404 5616 enim
2426 5559 2595 5613 David
2621 5556 2867 5613 eumdem
2894 5556 3066 5611 venire
3099 5555 3315 5610 modum
3346 5552 3719 5625 persecutori-

2131 5652 2232 5706 bus
2267 5651 2395 5714 suis,
2438 5648 2771 5720 poenitentia:
2800 5647 3040 5702 remedio
3064 5645 3310 5716 privatis,
3342 5643 3595 5714 quamvis
3623 5642 3724 5695 mi-

2131 5744 2476 5801 sericorditer
2501 5756 2593 5797 eos
2619 5740 2804 5811 lugens
2832 5748 3091 5815 pra‘stare
3118 5738 3312 5813 potuit,
3347 5752 3505 5808 quem
3538 5735 3727 5793 fratri.
