3998 6188
270 352 407 409 isis
479 414 489 427 ,
1209 337 1563 408 COMMENT.
1605 344 1671 401 ΙΝ
1710 342 1849 399 ΜΑτ

1958 339 2143 397 ίΕυΜ.
2172 373 2238 381 -
2275 342 2402 398 LIB.
2453 342 2501 397 δ’.
2868 390 2873 397 .
3398 343 3537 400 1014

266 470 367 523 bus
389 463 595 523 salubri
622 464 1037 535 compunctione
1064 463 1343 537 castigatis
1360 460 1560 532 Joseph
1588 455 1847 515 benevole
1875 460 1924 518 A
2024 456 2272 514 Misenus
2307 469 2483 515 autem
2521 458 2777 514 Dominus
2812 459 2949 515 servi
2974 457 3144 524 illius,
3171 456 3371 513 dimisit
3398 476 3538 526 eum,

262 556 672 630 cognoscendus
700 554 964 611 exhibuit.
1950 562 1999 608 et
2027 552 2256 609 debitum
2283 554 2480 608 dimisit
2512 555 2579 608 ei.
2617 553 2753 622 Quia
2777 555 2921 609 sicut
2948 554 3015 609 de
3042 568 3108 609 eo
3134 554 3395 624 scriptum
3423 566 3537 610 est:

332 647 465 705 Ideo
488 646 833 701 assimilatum
855 655 927 701 est
953 663 1170 718 regnum
1211 645 1459 700 calorum
1502 642 1703 698 homini
1743 632 1851 712 regi
1954 646 2251 701 Misericors
2277 655 2327 701 et
2348 646 2625 700 miseratur
2649 655 2747 712 est,
2774 647 2975 716 patiens
3003 656 3053 717 et
3078 643 3300 699 multum
3329 644 3539 699 miseri-

261 742 352 812 qui
377 739 534 795 uoluit
567 741 826 795 rationem
858 757 1047 811 ponere
1071 757 1189 795 cum
1214 740 1373 795 servis
1406 739 1538 793 suis.
1577 734 1849 810 (Hierom)
1951 755 2067 794 cors
2093 735 2266 811 (Psal.
2294 736 2403 811 in),
2428 737 2746 793 alilictorum
2772 753 2964 808 preces
2986 737 3289 808 suscipiens
3318 753 3427 793 non
3453 752 3543 793 so-

264 833 557 888 Familiare
575 841 657 887 est
686 831 919 903 Syristet
946 833 1180 887 maxime
1210 829 1509 886 Palaestinis
1539 829 1607 884 ad
1632 841 1848 882 omnem
1950 831 2063 886 lum
2092 828 2374 885 ‘Judaicam
2416 829 2779 900 captivitatem
2821 828 3070 893 absolvit,
3113 829 3208 884 sed
3254 829 3421 883 etiam
3447 842 3543 883 ve-

263 936 571 979 sernionem
614 939 770 979 suum
819 906 1107 992 parabolas
1143 921 1410 991 jungere,
1458 927 1522 974 ut
1562 917 1706 988 quod
1752 928 1852 986 per
1950 923 2096 976 uiam
2135 920 2453 975 delictorum
2479 918 2721 974 omnium
2758 918 2818 974 in
2856 918 3059 979 Christi
3095 916 3327 975 adventu
3365 934 3425 976 se
3473 919 3539 976 iis

264 1014 486 1083 simplex
514 1024 840 1085 praeceptum
868 1014 1037 1069 teneri
1060 1015 1127 1069 ab
1152 1011 1489 1069 auditoribus
1510 1025 1619 1066 non
1647 1016 1845 1079 potest,
1950 1012 2082 1068 dare
2107 1010 2372 1082 promisit,
2412 1010 2458 1065 si
2488 1010 2843 1080 persisterent
2880 1010 2933 1065 in
2966 1010 3206 1082 incoepta
3224 1019 3280 1066 et
3303 1026 3412 1068 non
3439 1010 3541 1068 fal—

258 1120 359 1175 per
405 1105 813 1160 similitudinem
866 1105 1221 1175 exemplaque
1256 1112 1526 1159 teneatur.
1586 1101 1850 1171 Praecepit
1950 1103 2123 1157 lerent
2150 1109 2308 1167 voto;
2347 1103 2489 1157 unde
2517 1111 2572 1157 et
2599 1117 2666 1156 ex
2693 1115 2924 1172 persona
2950 1103 3163 1158 Domini
3196 1105 3267 1160 ad
3307 1103 3555 1174 promis!

260 1196 444 1266 itaque
481 1196 644 1251 Petro
678 1197 778 1288 ha'c
818 1194 1077 1266 parabola
1120 1195 1382 1251 Dominus
1421 1195 1523 1250 sub
1560 1208 1847 1264 compara-
1949 1207 2134 1249 sorum
2169 1192 2383 1247 illorum
2412 1200 2466 1247 et
2492 1193 2823 1263 paenitentiae
2866 1195 3180 1249 memoriam
3211 1210 3307 1251 eos
3334 1208 3531 1266 provo-

260 1287 407 1342 tione
453 1288 594 1358 regis
635 1281 837 1343 domini
866 1296 919 1343 et
953 1287 1117 1354 servi,
1141 1289 1234 1358 qui
1265 1288 1476 1343 debitor
1504 1287 1690 1342 decem
1723 1284 1845 1340 mil—
1949 1282 2124 1337 cantis
2161 1283 2263 1337 rite
2289 1297 2386 1352 per
2413 1281 2605 1338 [saiam
2631 1282 2833 1339 dicitur
2865 1302 2877 1339 :
2907 1283 3169 1339 Memento
3198 1286 3406 1352 horum,
3445 1285 3539 1340 Ja—

258 1377 390 1432 lium
424 1377 752 1434 talentorum
786 1394 817 1433 a
846 1380 1067 1437 domino
1106 1379 1545 1450 rogansveniam
1593 1377 1848 1447 impetra—
1948 1372 2062 1435 cob,
2094 1373 2342 1444 quoniam
2389 1390 2566 1429 servus
2610 1390 2754 1430 meus
2795 1391 2848 1429 es
2884 1385 2962 1441 tu,
3005 1375 3228 1445 formari
3260 1385 3330 1442 te,
3360 1393 3536 1431 servus

257 1478 433 1535 verat,
462 1477 521 1524 ut
545 1469 660 1539 ipse
684 1485 899 1540 quoque
918 1470 1154 1525 dimittat
1187 1462 1464 1525 censervis
1490 1462 1604 1524 suis
1632 1468 1844 1523 minora
1948 1481 2092 1529 meus
2113 1483 2168 1527 es
2196 1475 2272 1520 tu.
2301 1464 2490 1532 Israel,
2524 1483 2628 1521 non
2661 1466 2976 1523 Oblivisceris
3003 1470 3143 1535 mei;
3171 1468 3334 1524 delevi
3358 1480 3414 1523 ut
3441 1487 3537 1525 nu-

256 1560 628 1635 peecantibus.
677 1559 891 1631 Nosque
919 1561 1080 1616 simul
1107 1562 1363 1616 admonet
1394 1569 1454 1615 ut
1487 1562 1690 1616 nostris
1717 1576 1844 1617 con.
1948 1555 2060 1610 bem
2084 1556 2383 1629 iniquitates
2413 1566 2553 1622 tuas,
2579 1558 2734 1629 quasi
2762 1557 3003 1612 nebulam
3038 1569 3249 1630 peccata
3287 1571 3413 1626 tua;
3456 1578 3535 1617 re-

255 1653 431 1708 servis
457 1654 674 1724 benigni
713 1662 769 1709 et
803 1654 1185 1710 misericordes
1220 1654 1409 1709 simus.
1461 1652 1519 1708 Si
1561 1654 1706 1708 enim
1754 1654 1844 1708 ille
1945 1656 2139 1701 vertere
2174 1646 2245 1701 ad
2279 1664 2385 1712 me.
2423 1649 2674 1719 quoniam
2710 1648 2904 1704 redemi
2938 1658 2988 1704 te
3021 1649 3176 1721 (Isai.
3210 1651 3376 1723 xm).
3428 1651 3535 1708 Sed

256 1760 352 1799 rex
379 1755 436 1801 et
462 1746 721 1802 Dominus
752 1761 909 1802 servo
947 1747 1177 1801 debitori
1217 1745 1842 1817 summam-decemimil-
1871 1803 1918 1817 _
1949 1741 2075 1811 quid
2100 1755 2290 1797 servus
2325 1740 2413 1796 hic
2437 1740 2687 1810 pertinax
2731 1748 2786 1795 et
2836 1741 3080 1811 ingratus
3119 1752 3307 1813 postea
3348 1743 3538 1800 fecerit

255 1835 387 1890 lium
436 1836 758 1891 talentorum
805 1846 913 1891 tam
963 1836 1121 1892 facile
1161 1836 1382 1900 dimisit,
1424 1847 1628 1906 quanto
1669 1812 1840 1906 magis
1871 1803 1919 1862 Β
1946 1831 2255 1897 audiamus.

252 1926 533 1981 conservis
557 1927 671 1980 suis
695 1926 1062 1995 unusquisque
1090 1934 1337 1979 nostrum
1365 1939 1534 1979 noxas
1566 1925 1841 1981 dimittere
2011 1922 2266 1994 Egressus
2290 1932 2466 1978 autem
2496 1941 2674 1980 servus
2702 1926 2808 1992 ille,
2836 1926 3028 1982 invenit
3054 1943 3214 1981 unum
3246 1928 3312 1983 de
3335 1946 3539 1985 consen-

252 2017 460 2085 debet?
492 2017 645 2083 Quod
671 2024 728 2070 ut
755 2012 1094 2071 manifestius
1124 2015 1214 2071 ﬁat
1252 2016 1493 2070 dicamus
1523 2015 1623 2069 sub
1661 2018 1841 2070 exem-
1938 2017 2015 2073 vis
2036 2018 2147 2071 suis
2170 2019 2260 2088 qui
2281 2018 2496 2073 debebat
2515 2019 2562 2073 ei
2586 2029 2791 2073 centum
2804 2019 3077 2085 denarios,
3101 2030 3150 2074 et
3171 2030 3349 2075 tenens
3369 2023 3537 2091 suffo-

249 2108 345 2177 plo
378 2125 391 2161 :
418 2107 474 2162 Si
500 2108 620 2177 quis
650 2116 897 2162 nostrum
921 2105 1255 2161 commiserit
1288 2104 1633 2171 adulterium,
1668 2106 1841 2161 homi—
1938 2107 2247 2174 cabateum,
2276 2108 2494 2163 dicens:
2519 2107 2697 2163 Redde
2717 2110 2855 2179 quod
2884 2110 3059 2165 debes.
3097 2110 3383 2167 Procidens
3411 2131 3536 2169 con-

249 2198 476 2261 cidium,
511 2197 873 2265 sacrilegium,
913 2196 1117 2266 majora
1156 2196 1386 2270 crimina
1434 2196 1621 2251 decem
1671 2196 1838 2251 millia
1938 2214 2119 2253 servus
2150 2199 2265 2269 ejus
2302 2198 2518 2268 rogabat
2552 2215 2671 2253 eum
2708 2198 2887 2252 dicens
2913 2212 2932 2251 :
2959 2196 3281 2254 Patientiam
3313 2202 3446 2256 habe
3477 2204 3532 2256 in

251 2290 579 2345 talentorum
614 2288 926 2359 rogantibus
965 2287 1330 2354 dimittuntur,
1358 2288 1404 2343 si
1437 2296 1492 2342 et
1520 2287 1620 2357 ipsi
1658 2286 1839 2342 dimit—
1940 2305 2024 2343 me
2048 2300 2096 2343 et
2128 2289 2303 2343 omnia
2331 2286 2546 2342 reddam
2579 2287 2691 2344 tibi.
2724 2286 2823 2341 Ille
2847 2298 3021 2343 autem
3042 2288 3235 2355 noluit,
3262 2289 3354 2344 sed
3380 2290 3531 2356 abiit,

252 2390 372 2436 tant
400 2382 604 2436 minora
632 2380 1003 2451 peccantibus.
1048 2379 1144 2434 Sin
1179 2389 1360 2435 autem
1388 2379 1457 2434 ob
1482 2379 1677 2434 factam
1708 2395 1839 2436 con-
1939 2389 1988 2434 et
2014 2379 2152 2433 misit
2174 2368 2374 2432 eum‘in
2397 2390 2676 2442 carcerem,
2704 2376 2867 2433 donec
2890 2375 3124 2432 redderet
3148 2378 3398 2433 debitum.
3444 2378 3532 2433 Li-

255 2471 528 2526 tumeliam
570 2472 738 2527 simus
784 2469 1176 2540 implacabiles,
1226 2479 1280 2525 et
1323 2479 1544 2540 propter
1591 2486 1834 2527 amarum
1939 2470 2160 2525 beratus
2201 2483 2331 2539 ergo
2372 2468 2441 2523 de
2485 2466 2797 2537 captivitate
2843 2461 3099 2524 Iudaicus
3132 2469 3382 2540 populus,
3423 2485 3529 2525 non

190 2634 195 2637 ν
249 2563 473 2617 verbum
506 2570 755 2631 perpetes
782 2562 1078 2617 habeamus
1115 2561 1436 2626 discordias,
1467 2577 1644 2617 nonne
1680 2564 1836 2620 nobis
1937 2565 2111 2620 solum
2138 2562 2482 2632 Redemptori
2505 2577 2603 2617 suo
2626 2562 2833 2634 gratias
2853 2562 3075 2619 minime
3094 2563 3224 2636 egit,
3245 2563 3339 2618 sed
3360 2562 3527 2619 etiam

247 2651 496 2706 videmur
522 2660 669 2707 recte
693 2652 970 2722 redigendi
1004 2652 1057 2706 in
1091 2666 1387 2718 carcerem,
1422 2662 1478 2708 et
1516 2654 1616 2709 sub
1656 2669 1836 2709 exem-
1938 2656 2175 2729 peccatis
2220 2655 2464 2725 pristinis
2504 2665 2724 2726 peccata
2778 2671 2914 2711 nova
2956 2656 3414 2727 superadjiciens,
3471 2657 3527 2711 in

246 2742 340 2814 pio
359 2742 538 2812 operis
558 2742 731 2797 nostri
764 2743 868 2797 hoc
900 2756 1079 2812 agere,
1106 2751 1167 2797 ut
1194 2743 1459 2813 majorum
1498 2744 1653 2799 nobis
1697 2744 1834 2799 deli-
1938 2756 2303 2819 contemptum
2344 2747 2559 2804 Domini
2604 2749 2689 2803 sui
2735 2762 3056 2804 conservum
3101 2763 3278 2813 suum,
3343 2747 3397 2802 id
3441 2757 3530 2815 est

245 2841 459 2888 ctorum
493 2834 650 2888 venia
694 2847 801 2887 non
839 2832 1157 2887 relaxetur?
1209 2832 1499 2906 (M.tUltUS.)
1550 2832 1608 2889 Si
1654 2844 1833 2888 autem
1938 2842 2193 2914 gentile“)
2224 2840 2681 2912 populum,'quasi
2703 2841 2806 2897 sibi
2832 2842 3124 2897 obnoxium
3160 2839 3386 2912 fatigare
3417 2856 3524 2895 non

244 2922 560 2994 allegoriam
589 2924 643 2977 in
672 2924 776 2979 hac
794 2922 1050 2994 parabole
1085 2924 1208 2993 quis
1242 2932 1468 2993 quaerat,
1515 2933 1693 2995 potest
1734 2925 1835 2980 hos
1938 2932 2164 2988 distulit.
2210 2932 2375 3000 Quasi
2409 2946 2543 3003 ergo
2568 2932 2671 3003 sibi
2706 2932 3004 2987 debitorem
3034 2932 3262 2988 credens
3282 2930 3522 2986 circum-

244 3014 384 3070 duos
406 3013 676 3069 debitores
701 3013 800 3068 sub
825 3020 951 3083 typo
977 3015 1206 3078 duorum
1225 3015 1542 3086 populorum
1567 3017 1830 3087 accipere.
1938 3023 2199 3080 cisionem
2245 3030 2300 3077 et
2342 3021 2692 3077 caeremonias
2736 3019 2871 3091 legis
2912 3022 2981 3077 ab
3025 3035 3090 3077 eo
3136 3020 3428 3091 expetivit,
3473 3028 3530 3076 et

244 3103 423 3159 Homo
442 3118 572 3174 ergo
601 3102 688 3157 hic
713 3109 768 3157 et
792 3118 890 3157 rex
916 3104 1004 3159 cui
1028 3120 1253 3175 regnum
1279 3094 1538 3162 caelorum
1569 3106 1834 3162 assimila-
1861 3158 1907 3184 η
1939 3113 2141 3169 Christi
2184 3111 2411 3184 gratiam
2456 3110 2601 3182 quod
2646 3112 2714 3167 ad
2755 3111 2982 3169 salutem
3033 3111 3140 3166 illis
3188 3111 3381 3167 idonea
3414 3126 3522 3166 non

310 3158 319 3159 ,
458 3158 461 3159 ν
505 3158 535 3174 υ
930 3158 939 3159 ,
996 3158 1039 3159 η
1088 3158 1177 3175 υη
1226 3158 1231 3159 ,
1574 3158 1805 3162 ψηηη
1943 3158 2141 3169 πη---
2184 3158 2411 3184 0.----."
2460 3158 2601 3182 τ.--
2647 3158 2714 3167 __
2755 3158 2981 3169 _--_--...
3033 3158 3138 3166 ---η
3188 3158 3381 3167 -..----_
3414 3158 3522 3166 ---η

244 3205 358 3262 tur,
385 3196 475 3265 qui
506 3196 767 3250 rationem
795 3212 919 3251 cum
949 3196 1119 3252 servis
1139 3197 1252 3252 suis
1277 3198 1477 3267 posuit,
1502 3200 1623 3268 quis
1644 3199 1834 3256 melius
1859 3158 1908 3225 ϐ
1939 3213 2104 3271 esset,
2138 3202 2472 3260 calumnians
2516 3202 2740 3271 respuit.
2795 3202 2948 3258 Unde
2986 3209 3071 3257 est
3104 3200 3235 3258 illud
3269 3201 3416 3271 quod
3443 3210 3529 3258 est

240 3305 411 3360 quam
449 3288 777 3357 Redemptor
815 3296 996 3349 noster
1035 3288 1386 3359 intelligitur?
1431 3290 1507 3344 De
1552 3306 1660 3360 quo
1698 3291 1832 3346 Pro-
1938 3300 1992 3356 in
2024 3300 2247 3356 Actibus
2274 3296 2639 3369 apostolorum
2666 3316 2680 3352 :
2707 3298 2934 3366 Quidam
2980 3301 3049 3355 de
3092 3299 3284 3354 haeresi
3336 3298 3529 3355 Phari-

241 3379 408 3450 pheta
446 3379 575 3433 dicit
612 3397 626 3433 :
666 3378 735 3432 Et
773 3380 925 3435 homo
961 3388 1072 3444 est,
1109 3381 1225 3448 quis
1272 3381 1538 3449 cognoscit
1574 3397 1726 3445 eum;
1779 3391 1820 3437 el

1946 3404 2168 3446 saeorum
2200 3389 2351 3445 Pauli
2388 3397 2444 3445 et
2469 3389 2727 3445 Barnabie
2759 3389 3130 3459 praedicationi
3167 3389 3525 3461 impedimen-

240 3466 564 3533 Psalmista;
594 3467 760 3533 Deus,
803 3469 993 3537 inquit,
1024 3469 1287 3538 judicium
1324 3478 1472 3523 tuum
1515 3471 1623 3541 regi
1658 3470 1751 3537 da,
1783 3487 1819 3526 et

1951 3489 2051 3536 tum
2078 3480 2357 3544 facientes,
2384 3477 2785 3536 afﬁrmaverunt
2811 3495 2906 3536 eos
2928 3480 3022 3550 qui
3051 3494 3116 3534 ex
3141 3482 3391 3550 gentibus
3414 3494 3530 3538 cre-

244 3557 502 3624 iustitiam
530 3568 674 3610 tuam
698 3554 809 3626 ﬁlio
842 3557 973 3628 regis
998 3555 1171 3630 (Psal.
1202 3557 1393 3632 Lxxn).
1435 3558 1536 3626 Qui
1569 3576 1693 3616 cum
1714 3577 1823 3618 ser-

1944 3572 2184 3628 diderunt
2244 3570 2441 3627 debere
2501 3569 2854 3633 circumcidi,
2910 3578 2963 3627 et
3010 3568 3300 3627 observare
3352 3570 3523 3643 legem

245 3648 329 3701 vis
354 3646 467 3701 suis
501 3646 763 3701 rationem
797 3646 949 3713 facit,
979 3647 1195 3717 quando
1222 3649 1644 3720 uniuscujusque
1671 3654 1836 3708 meri—
1935 3662 2126 3733 Moysi,
2164 3669 2221 3717 et
2264 3678 2371 3717 non
2415 3660 2589 3715 solum
2632 3662 2734 3715 hoc
2769 3675 3059 3730 persuasu,
3091 3661 3184 3717 sed
3215 3663 3377 3718 etiam
3414 3673 3525 3718 tur-

248 3747 364 3792 tum
412 3737 653 3792 districte
693 3739 1011 3794 examinans
1056 3741 1358 3809 perpendit.
1408 3742 1484 3797 De
1526 3743 1831 3812 ipsO'enim
1933 3751 2131 3805 mentis
2155 3748 2271 3803 fieri
2299 3749 2584 3817 cogebant.
2636 3746 2788 3802 Sicut
2818 3756 2874 3802 et
2913 3750 3204 3818 prtedictus
3249 3749 3521 3819 apostolus

245 3830 507 3899 scriptum
530 3837 613 3883 est
640 3847 653 3882 :
677 3828 951 3883 Judicabit
971 3830 1145 3884 orbem
1161 3840 1312 3885 terra:
1332 3832 1386 3886 in
1410 3834 1652 3903 wquitate
1670 3844 1719 3889 et
1737 3852 1833 3905 ρο·
1932 3834 2130 3895 Paulus
2177 3836 2749 3894 Thessalonicensibus
2787 3839 3031 3895 scribens
3077 3849 3195 3894 ait:
3236 3838 3340 3894 Vos
3379 3841 3516 3896 enim

243 3921 398 3993 pulos
421 3922 474 3974 in
504 3921 720 3975 veritate
744 3938 852 3974 sua
879 3919 1048 3992 (Psal.
1084 3922 1228 3994 xcv).
1930 3928 2218 3982 imitatores
2242 3928 2370 3997 facti
2390 3929 2512 3982 estis
2542 3927 2732 3997 fratres
2758 3929 3091 3985 ecclesiarum
3116 3930 3229 3997 Dei,
3257 3949 3375 4003 quia
3397 3945 3518 3989 sunt

318 4008 386 4063 Et
426 4026 545 4064 cum
588 4010 821 4081 erupisset
861 4011 1116 4065 rationem
1162 4026 1373 4083 ponere,
1421 4012 1624 4071 oblatus
1665 4026 1738 4072 est
1780 4020 1829 4072 ei
1929 4018 1984 4072 in
2012 4017 2226 4085 Judwa,
2254 4020 2309 4073 in
2333 4017 2542 4073 Christo
2563 4018 2692 4074 Iesu
2720 4034 2738 4073 :
2762 4022 2886 4093 quia
2921 4022 3099 4097 eadem
3126 4023 3270 4093 passi
3309 4024 3434 4077 estis
3470 4035 3520 4078 et

245 4116 381 4155 unus
426 4102 514 4171 qui
554 4101 767 4155 debebat
807 4100 985 4154 decem
1030 4100 1197 4155 millia
1232 4102 1445 4158 talenta.
1488 4103 1623 4162 Cum
1655 4117 1827 4163 autem
1928 4122 2018 4162 vos
2054 4120 2086 4161 a
2123 4107 2499 4164 contribulibus
2530 4113 2734 4177 vestris,
2770 4113 2903 4167 sicut
2929 4121 2981 4167 et
3001 4113 3100 4183 ipsi
3139 4131 3171 4167 a
3199 4113 3404 4170 ludatis
3428 4117 3519 4187 qui

246 4209 357 4246 non
393 4191 603 4245 haberet
641 4192 779 4246 unde
812 4192 1069 4257 redderet,
1104 4192 1267 4262 jussit
1291 4209 1411 4247 eum
1438 4197 1751 4265 venundari,
1778 4210 1828 4254 et
1927 4207 1977 4252 et
2007 4196 2288 4253 Dominum
2323 4200 2622 4256 occiderunt
2647 4200 2829 4255 Iesum
2876 4211 2924 4256 et
2968 4203 3269 4273 prophetas,
3320 4213 3368 4259 et
3420 4221 3514 4260 nos

245 4300 461 4363 nitorem
484 4285 619 4356 ejus,
647 4296 696 4339 et
713 4283 874 4353 ﬁlios,
899 4293 947 4339 et
974 4287 1147 4341 omnia
1175 4300 1292 4357 quis
1313 4288 1552 4357 habebat,
1578 4301 1626 4345 et
1656 4290 1822 4348 reddi.
1925 4290 2180 4359 persecuti
2208 4297 2350 4354 sunt,
2376 4299 2424 4344 et
2446 4288 2558 4344 Deo
2592 4306 2699 4345 non
2720 4290 3050 4361 placuerunt,
3078 4302 3129 4347 et
3163 4293 3402 4348 omnibus
3426 4294 3518 4348 Ito-

246 4379 447 4434 Servas
487 4381 574 4436 hic
606 4381 697 4450 qui
738 4381 922 4435 decem
960 4380 1126 4435 miﬂia
1165 4379 1489 4437 talentorum
1527 4383 1713 4439 debuit
1735 4383 1826 4441 Ju-
1926 4379 2153 4434 minibus
2177 4379 2543 4447 adversantur,
2577 4380 2902 4452 prohibentes
2936 4398 3029 4437 nos
3069 4384 3306 4454 gentibus
3351 4384 3532 4456 loqui,.

245 4470 432 4526 (laicus
456 4478 538 4525 est
561 4468 808 4539 populus,
856 4469 949 4538 qui
999 4470 1257 4542 decalogo
1301 4471 1436 4542 legis
1480 4475 1820 4541 constrictus,
1851 4505 1904 4565 Β
1929 4481 1988 4528 ut
2019 4472 2178 4528 salute
2209 4474 2363 4543 ﬁant,
2390 4482 2457 4527 ut'
2478 4473 2729 4545 impleant
2749 4483 2960 4546 peccata
2987 4490 3091 4530 sua
3110 4490 3313 4548 semper
3339 4490 3358 4529 :
3381 4493 3517 4548 prte-

243 4560 539 4615 multarum‘
562 4561 1049 4631 transgressionem
1091 4560 1289 4617 debitis
1322 4561 1503 4618 fuerat
1535 4564 1820 4622 obnoxius.
1851 4560 1891 4565 ’
1928 4566 2063 4620 venit
2109 4564 2248 4619 enim
2295 4579 2452 4635 super
2493 4562 2614 4619 illos
2665 4564 2746 4618 ira
2804 4560 2899 4620 Dei
2949 4580 3111 4637 usque
3156 4567 3216 4622 in
3256 4566 3413 4637 ﬁnem
3461 4568 3511 4642 (Ι

243 4646 414 4716 Quem
450 4648 710 4705 Dominus
738 4664 867 4706 suus
889 4648 1053 4721 jussit
1074 4653 1393 4719 venundari,
1423 4662 1479 4708 et
1500 4665 1748 4722 uxorem,
1774 4664 1830 4711 et
1930 4654 2111 4710 Thess.
2157 4654 2242 4724 n);
3254 4684 3267 4689 -

244 4738 403 4807 filios,
432 4748 489 4796 et
516 4740 697 4796 omnia
721 4756 845 4811 quae
865 4741 1115 4809 habebat,
1146 4751 1202 4798 et
1219 4743 1367 4798 reddi
1394 4761 1407 4797 :
1432 4745 1569 4814 quia-
1593 4760 1701 4801 non
1737 4762 1828 4803 so-
2014 4743 2254 4803 Videntes
2287 4752 2460 4804 autem
2497 4747 2728 4803 conserui
2774 4747 2891 4818 ejus
2914 4762 3033 4818 quae
3056 4747 3272 4817 fiebant,
3319 4752 3515 4805 contri-

244 4839 356 4894 lum
400 4832 657 4903 popuium
681 4873 699 4900 ,
743 4833 845 4888 sed
881 4833 1047 4888 etiam
1090 4846 1417 4904 synagogam
1475 4833 1781 4892 Judteorum
1808 4879 1824 4904 ,
1931 4835 2055 4890 stati
2086 4844 2206 4890 sunt
2238 4836 2417 4904 valde;
2443 4846 2493 4892 et
2516 4845 2780 4902 uenerunt,
2816 4846 2865 4891 et
2909 4846 3255 4893 narraueram
3299 4838 3512 4895 domino

243 4924 496 4998 praelatos
523 4924 683 4979 simul
711 4932 768 4979 et
791 4924 1039 4980 subditos
1066 4939 1190 4979 cum
1235 4932 1343 4978 tota
1386 4925 1691 4983 substantia
1725 4945 1821 4985 eo-
1933 4942 2030 4983 suo
2059 4927 2236 4982 otnnia
2276 4943 2395 4998 qua
2422 4928 2564 4998 facta
2596 4927 2822 4997 fuerant.
2873 4926 2973 4995 Qui
3009 4937 3137 4984 sunt
3171 4937 3353 4985 autem
3380 4946 3512 4986 con-

245 5014 371 5073 mm
391 5024 611 5088 propter
638 5018 954 5074 delictorum
982 5019 1406 5090 magnitudinem
1434 5021 1486 5076 in
1513 5033 1821 5081 exterarum
1928 5017 2072 5072 servi
2127 5016 2216 5072 isti
2268 5017 2361 5087 qui
2416 5018 2747 5088 proterviam
2794 5019 2941 5073 servi
2991 5034 3221 5090 nequam
3288 5021 3508 5077 domino

242 5116 565 5180 potestatem
585 5108 805 5164 tradidit
826 5111 1125 5176 nationum,
1148 5118 1207 5164 ut
1224 5110 1369 5181 quod
1391 5112 1681 5170 noluerunt
1698 5125 1821 5172 voto
1927 5106 2263 5171 renuntiant.
2289 5105 2393 5162 υἱεῖ
2433 5107 2665 5176 apostoli
2695 5115 2752 5162 θι
2795 5108 3178 5179 Nicatores
3205 5109 3502 5182 Evangelii.

245 5197 552 5269 persolvere
574 5205 896 5269 cogerentur
920 5206 1210 5255 tormento.
1926 5198 2018 5267 qui
2064 5198 2305 5268 quotidie
2350 5213 2451 5269 pro
2493 5197 2665 5254 salute
2710 5200 3045 5255 credentium
3087 5210 3280 5256 contra
3322 5201 3507 5259 dolum

322 5285 602 5344 Procidens
622 5304 798 5343 servus
814 5288 923 5354 ille,
945 5289 1126 5344 orabat
1144 5304 1260 5344 eum
1280 5289 1820 5348 dieens:Patientiam
1926 5297 2335 5359 persecuturum
2382 5287 2667 5343 Dominum
2713 5287 3039 5359 implorant?
3077 5288 3231 5344 Sicut
3278 5298 3333 5345 et
3374 5305 3507 5361 ppo-

240 5375 376 5433 Intbe
396 5378 454 5432 in
476 5392 579 5443 nte,
610 5386 659 5432 et
687 5379 863 5433 omnia
889 5378 1102 5433 reddam
1127 5378 1239 5433 tibi.
1283 5378 1376 5435 Sic
1403 5389 1460 5435 et
1484 5383 1713 5452 populus
1732 5384 1820 5441 ille
1925 5378 2051 5434 stoli
2094 5378 2146 5432 in
2176 5378 2398 5433 Actibus
2435 5376 2797 5449 apostolorum
2832 5376 3027 5434 fecisse
3064 5379 3334 5449 leguntur,
3378 5396 3503 5437 cum

239 5467 453 5541 legalis,
481 5478 766 5541 postquam
790 5485 850 5525 se
879 5478 1123 5526 senserat
1158 5470 1315 5527 malis
1350 5473 1741 5529 circumdatum
1765 5485 1818 5530 et

1925 5468 2253 5535 sacerdotes,
2278 5476 2333 5524 et
2370 5469 2716 5540 magistratus
2757 5466 2962 5538 templi,
3002 5478 3061 5524 et
3105 5470 3385 5525 Sadduccei
3415 5471 3504 5526 do-

241 5565 673 5628 coangustatum,
708 5558 925 5614 tandem
949 5560 1325 5628 paenitentiam
1357 5562 1485 5629 egit,
1528 5562 1596 5618 ad
1630 5578 1819 5633 preces
1923 5559 2096 5615 lentes
2138 5561 2280 5629 quod
2326 5560 2580 5616 docerent
2622 5559 2874 5630 populum
2909 5569 2966 5615 et
3021 5561 3406 5617 annuntiarent
3448 5566 3500 5616 in

241 5660 541 5701 conversus
558 5655 664 5702 eet.
713 5647 866 5714 Quod
910 5649 1059 5718 prius
1092 5656 1280 5719 sponte
1320 5651 1510 5716 noluit,
1546 5663 1733 5723 postea
1764 5653 1816 5708 vi
1923 5646 2106 5703 Jesum
2154 5649 2619 5703 resurrectionem
2661 5658 2727 5702 ex
2772 5648 3018 5715 mortuis,
3066 5647 3291 5722 ﬂagellis
3348 5650 3504 5708 cassis

244 5742 463 5787 coactus
481 5748 541 5789 se
565 5732 828 5794 facturum
848 5738 1112 5811 promisit.
1925 5739 2373 5795 denuntiaverunt
2402 5756 2468 5796 ne
2494 5739 2630 5794 ultra
2678 5740 3021 5812 loquerentur
3059 5743 3111 5797 in
3157 5744 3376 5799 nomine
3408 5738 3500 5796 Je-
