4002 6188
413 319 553 376 1015

1061 317 1123 373 B.
1164 315 1415 375 RABANl
1455 315 1674 374 usus!
1713 294 2030 371 AltClllEP.
2072 310 2380 368 uocum.
2419 310 2703 368 OPERUM
2743 309 2923 365 rans
2961 312 3002 365 ι.

3533 310 3671 369 {016

408 449 475 489 su
513 426 605 484 ulli
634 428 929 483 hominum.
971 424 1040 481 At
1066 426 1166 496 ipsi
1200 426 1269 482 ad
1306 441 1432 483 suos
1473 425 1675 483 reversi
1704 423 1996 479 levaverunt
2025 424 2075 484 Α
2099 435 2229 491 ergo
2271 432 2435 476 verus
2462 421 2722 491 Dominus
2766 435 2993 492 pravum
3048 429 3103 476 et
3148 423 3529 495 blas‘phemum
3581 439 3680 498 po-

409 537 584 577 uocem
621 518 690 573 ad
733 517 920 583 Deum,
947 526 995 571 et
1015 516 1289 583 dixerunt,
1342 514 1441 581 Tu,
1464 515 1692 570 Domine
1719 512 1880 579 Deus,
1905 513 1995 584 qui

414 610 585 679 fecisti
632 608 814 664 ccelum
860 616 908 662 et
950 616 1148 661 terram
1184 615 1232 661 et
1267 605 1441 660 omnia
1478 620 1596 675 qua:
1632 604 1689 658 in
1728 602 1804 658 eis
1851 612 1995 666 sunt,

410 702 501 771 qui
546 698 748 771 Spiritu
780 707 960 752 sancto
1000 713 1093 769 per
1130 713 1187 751 os
1227 696 1393 767 patris
1421 696 1588 750 nostri
1638 693 1803 749 Dauid
1847 694 1998 765 pueri

413 796 497 849 tui
542 793 769 849 dixisti:
809 790 984 859 Quare
1028 790 1349 862 fremuerunt
1384 798 1558 859 gentes
1587 797 1637 843 et
1681 784 1860 858 populi
1883 772 1993 840 me—

413 884 569 938 ditati
594 894 715 937 sunt
747 881 968 936 inania?
1004 881 1278 934 astiterunt
1332 896 1473 949 reges
1504 889 1659 933 teme
1697 886 1745 932 et
1795 865 1997 948 princi-

414 992 503 1047 pes
554 982 900 1030 convenerunt
952 975 1007 1027 in
1053 989 1215 1028 unum
1263 956 1510 1027 adversus
1559 972 1838 1027 Dominum
1874 1013 1888 1036 ,
1924 980 1999 1024 ’et

414 1067 662 1122 adversus
730 1062 996 1120 Christum
1073 1064 1207 1134 ejus.
1292 1058 1653 1117 Convenerunt
1726 1060 1863 1115 enim
1942 1061 1998 1112 in

415 1159 621 1213 civitate
677 1156 779 1211 ista
837 1156 1085 1210 adversus
1141 1164 1380 1209 sanctum
1429 1169 1649 1225 puerum
1704 1165 1852 1208 tuum
1910 1151 1999 1207 Je-

414 1266 532 1306 sum
562 1290 577 1314 ,
622 1264 772 1320 quem
816 1248 1011 1302 auxisti
1037 1287 1051 1314 ,
1115 1245 1350 1301 Herodes
1413 1254 1462 1300 et
1519 1244 1741 1307 Pontius
1793 1242 2001 1299 Pilatus

416 1355 535 1392 cum
593 1337 829 1409 gentibus
879 1346 929 1390 et
964 1335 1170 1407 populis
1217 1334 1389 1390 Israel
1434 1333 1625 1404 facere,
1671 1352 1789 1402 quae
1816 1344 2002 1390 manus

414 1439 521 1484 tute
549 1436 598 1484 et
642 1426 910 1483 consilium
938 1426 1269 1481 decreuerunt
1295 1425 1433 1495 ﬁeri.
1466 1423 1533 1479 Et
1571 1442 1731 1492 nunc,
1761 1425 1999 1494 Domine,

413 1519 610 1590 respice
646 1518 703 1572 in
728 1518 897 1572 minas
947 1531 1147 1584 eorum,
1188 1525 1238 1570 et
1263 1517 1333 1570 da
1360 1517 1519 1571 servis
1564 1518 1668 1572 tuis
1705 1533 1822 1573 cum
1862 1518 2003 1573 omni

412 1611 610 1677 ﬁducia
659 1608 800 1681 loqui
865 1609 1070 1665 verbum
1130 1618 1280 1663 tuum
1328 1610 1385 1663 in
1446 1625 1545 1677 eo,
1616 1627 1736 1665 cum
1788 1627 2001 1666 manum

414 1712 561 1755 tuam
595 1701 845 1755 extendas
902 1701 970 1755 ad
1027 1700 1276 1755 sanitates
1312 1709 1452 1767 tuas,
1499 1711 1547 1756 et
1594 1703 1746 1773 signa
1797 1712 1845 1757 et
1882 1719 2004 1773 pro-

2097 516 2283 583 pulum
2315 509 2621 567 Judteorum
2649 511 2719 567 ob
2762 510 3044 582 perﬁdiam
3080 528 3233 569 suam
3261 515 3315 569 in
3353 530 3551 572 manus
3575 515 3681 575 lto-

2096 620 2405 670 manorum,
2447 604 2641 674 quibus
2688 604 2887 674 partim
2930 603 3073 660 fam’e
3108 606 3435 673 exstinctis,
3481 608 3676 679 partim

2098 698 2276 769 gladio
2304 696 2521 759 occisis,
2566 694 2762 764 partim
2798 698 2961 751 etiam
2992 697 3046 752 in
3074 699 3443 767 captivitatem
3485 699 3681 767 ductis,

2098 789 2172 841 ita
2219 796 2387 843 totam
2442 795 2642 841 terram
2696 795 3065 854 vastaverunt,
3112 795 3172 842 ut
3218 790 3426 845 scilicet
3485 800 3683 848 metro-

2098 879 2244 947 polin
2286 893 2473 932 eorum
2511 876 2845 932 Hierusalem
2882 891 2914 930 a
2950 876 3301 935 fundamento
3348 888 3679 947 everterent,

2101 971 2473 1041 templumque
2520 970 2938 1036 succendercnt,
2981 980 3038 1025 et
3083 984 3299 1025 omnem
3346 972 3551 1035 cultum
3595 990 3685 1028 eo-

2100 1078 2237 1117 rum‘
2266 1063 2613 1133 dissiparant.
2662 1061 2993 1133 Factumque
3036 1071 3121 1137 est
3182 1072 3309 1119 tunc
3363 1065 3509 1134 quod
3574 1068 3687 1137 ipse

2101 1151 2350 1208 Salvator
2383 1161 2508 1207 ante
2536 1152 2617 1206 eis
2660 1151 2938 1221 praedixit:
2998 1151 3134 1219 Quia
3181 1153 3257 1208 ita
3313 1154 3688 1210 destruebatur

2102 1250 2215 1300 tota
2249 1242 2512 1299 habitatio
2547 1241 3111 1312 Hierosolymitarum,
3147 1251 3208 1298 ut
3250 1259 3358 1299 non
3416 1246 3690 1316 relinque-

2102 1343 2254 1389 retur
2290 1333 2427 1404 lapis
2455 1346 2618 1403 super
2663 1333 2896 1404 lapidem
2927 1336 2962 1407 ·(
3006 1332 3197 1390 Hatth.
3250 1352 3382 1391 xxxv
3410 1338 3452 1409 ).
3497 1338 3564 1394 Et
3606 1356 3688 1396 se-

2103 1425 2336 1481 cundum
2381 1424 2619 1481 Danielis
2666 1425 3003 1495 pmphetiam
3036 1426 3298 1484 desolatio
3339 1442 3687 1498 permaneret

2103 1532 2275 1587 usque
2323 1516 2379 1571 in
2431 1515 2616 1571 linem.
2670 1515 2798 1571 Sive
2849 1516 3037 1572 aliter:
3088 1518 3410 1578 Tortoribus
3463 1524 3692 1579 tradidit

2103 1621 2217 1669 eos,
2250 1606 2302 1660 id
2328 1614 2413 1660 est
2456 1603 2705 1674 malignis
2750 1604 3048 1674 spiritibus,
3077 1608 3167 1678 qui
3196 1608 3394 1666 invidia
3423 1614 3691 1682 nequissi—

2106 1714 2248 1755 mam
2277 1698 2511 1753 animam
2540 1696 2975 1769 malitiosamque
3019 1699 3547 1773 et'ineorrigibilem,
3576 1706 3695 1761 sine

413 1793 556 1865 digia
593 1794 711 1863 fieri
764 1810 856 1863 per
907 1807 1091 1847 nomen
1138 1792 1306 1845 sancti
1354 1792 1503 1862 pueri
1554 1793 1631 1847 tui
1682 1790 1834 1858 Iesu,
1893 1801 1999 1849 etc.
2032 1788 2078 1846 B
2108 1790 2213 1844 line
2248 1789 2467 1844 aeternis
2512 1787 2844 1844 cruciatibus
2885 1789 3156 1859 punirent.
3202 1789 3355 1859 Quod
3392 1803 3575 1850 autem
3609 1812 3694 1852 se-

415 1886 556 1956 (Act.
592 1900 644 1940 ιν
670 1885 710 1957 ).

488 1974 635 2029 Tunc
672 1975 869 2029 vocavit
916 1989 1033 2026 eum
1064 1973 1309 2029 dominus
1338 1990 1465 2029 suus
1492 1984 1550 2029 et
1598 1975 1671 2029 ait
1705 1972 1817 2029 illi:
1846 1974 2003 2030 Serve

416 2081 660 2139 nequam,
706 2080 857 2121 omne
881 2062 1113 2117 debitum’
1154 2063 1331 2117 dimisi
1365 2063 1459 2117 tibi
1504 2064 1754 2136 quoniam
1806 2067 2002 2134 rogasti

413 2174 515 2224 me,
548 2172 719 2212 nonne
748 2166 797 2210 et
838 2163 887 2208 te
926 2154 1155 2224 oportuit
1199 2154 1437 2208 misereri
1484 2154 1718 2209 conserui
1743 2154 1841 2218 tui,
1866 2154 2001 2208 sicut

412 2260 462 2306 et
498 2266 590 2322 ego
646 2250 726 2303 tui
799 2247 1043 2302 misertus
1106 2247 1264 2301 sum?
1310 2245 1525 2301 Dimisit
1553 2260 1683 2317 ergo
1730 2240 2009 2314 Dominus

412 2340 560 2413 genti
612 2337 917 2394 Judzcorum
987 2337 1184 2409 saepius
1253 2337 1454 2402 debita,
1520 2337 1736 2408 quando
1805 2338 1859 2392 in
1908 2353 2003 2392 an-

413 2430 605 2502 gustiis
651 2428 930 2486 constituti
953 2436 1009 2482 et
1039 2427 1413 2497 paenitentiam
1454 2436 1682 2498 agentes
1709 2427 1854 2483 illius
1896 2428 1999 2482 mi-

412 2519 761 2577 sericordiam
814 2517 1273 2588 deprecabantur;
1314 2517 1408 2572 sed
1447 2516 1663 2573 liberati
1690 2517 1769 2574 'ab
1804 2533 2003 2590 angus-

410 2612 505 2668 tiis
539 2610 740 2665 nullam
770 2617 957 2680 postea
988 2607 1420 2678 compassionem
1452 2606 1534 2662 vel
1573 2607 2001 2664 misericordiam

410 2719 539 2772 erga
575 2702 852 2771 proximos
875 2712 1141 2771 pauperes
1175 2699 1474 2766 habebant;
1506 2700 1635 2770 quin
1679 2701 1858 2771 potius
1885 2717 2002 2757 om-

408 2808 509 2849 nes
551 2792 824 2848 debitores
877 2806 1025 2857 suos,
1080 2797 1139 2845 ut
1176 2791 1439 2860 scriptum
1479 2798 1582 2857 est,
1615 2792 1871 2848 atrociter
1916 2808 2003 2849 re—

407 2883 683 2954 petebant.
738 2883 960 2954 lnsuper
996 2882 1161 2938 etiam
1206 2889 1262 2938 et
1304 2882 1594 2952 prophetas
1657 2891 1819 2952 atque
1874 2899 2003 2954 apo—

409 2972 577 3027 stolos
610 2973 702 3042 qui
749 2972 831 3028 eis
872 2978 1097 3028 verbum
1150 2971 1609 3026 reconciliationis
1671 2971 1994 3039 alierebant,

410 3066 621 3134 ingrate
655 3073 970 3135 spernentes
1012 3063 1304 3120 crudeliter
1350 3064 1713 3120 trucidabant.
1766 3065 1921 3142 Unde
1947 3075 2002 3121 et

411 3162 731 3211 meruerunt
770 3154 901 3209 illud
948 3156 1150 3210 sentire
1174 3154 1318 3224 quod
1374 3154 1643 3210 subditur.

481 3246 551 3300 Et
591 3248 758 3301 iratus
802 3244 1045 3300 dominus
1093 3246 1209 3316 ejus
1264 3245 1483 3299 tradidit
1531 3263 1651 3301 eum
1696 3248 1999 3314 tortoribus,

409 3336 585 3410 quoad
623 3353 785 3409 usque
820 3337 1059 3391 redderet
1112 3337 1413 3391 universum
1464 3336 1715 3392 debitum.
1762 3338 2008 3395 Tradidit

2103 1881 2289 1952 quitur
2315 1898 2327 1933 :
2376 1914 2383 1919 η

2176 1969 2267 2027 Sic
2291 1979 2340 2025 et
2373 1969 2534 2024 Pater
2567 1986 2713 2025 meus
2753 1970 2970 2026 caelestis
3012 1972 3173 2041 faciet
3200 1973 3366 2040 vobis,
3400 1974 3447 2028 si
3475 1992 3579 2029 non
3615 1993 3694 2031 re-

2102 2061 2349 2115 miseritis
2385 2062 2736 2132 unusquisque
2777 2060 2933 2131 fratri
2967 2074 3064 2116 suo
3100 2061 3165 2116 de
3202 2063 3446 2118 cordibus
3488 2066 3689 2120 uestris.

2104 2150 2122 2224 (
2154 2151 2303 2206 Ilier.
2341 2150 2360 2223 )
2396 2150 2763 2211 Formidolosa
2821 2150 2978 2207 valde
3014 2154 3281 2207 sententia
3313 2163 3418 2220 est,
3453 2154 3503 2208 si
3537 2153 3695 2222 juxta

2102 2240 2342 2297 nostram
2388 2250 2623 2297 mentem
2662 2242 2936 2297 sententia
2984 2232 3079 2298 Dei
3119 2240 3355 2298 ﬂectitur
3384 2254 3550 2315 atque
3575 2262 3694 2301 tnu-

2103 2340 2268 2387 tatur.
2325 2330 2382 2386 Si
2420 2346 2586 2401 parva
2623 2330 2882 2388 fratribus
2921 2347 3053 2387 non.
3082 2332 3445 2403 _dimittamus,
3500 2351 3695 2407 magna

2102 2423 2261 2479 nobis
2292 2438 2323 2476 a
2362 2423 2474 2478 Deo
2502 2437 2609 2478 non
2646 2423 3006 2478 dimittentur.
3038 2423 3104 2478 Et
3141 2423 3268 2494 quia
3308 2432 3493 2494 potest
3530 2441 3695 2480 unus-

2102 2514 2332 2584 quisque
2364 2513 2573 2570 dicere:
2628 2513 2770 2569 Nihil
2804 2515 2978 2570 habeo
3008 2524 3198 2569 contra
3249 2530 3397 2578 eum,
3436 2517 3556 2586 ipse
3601 2530 3701 2570 no-

2102 2606 2180 2661 vit
2212 2622 2227 2672 ;
2259 2607 2423 2662 habet
2445 2605 2615 2662 Deum
2643 2605 2902 2678 judicem,
2933 2622 3040 2661 non
3082 2606 3215 2662 mihi
3259 2623 3393 2662 cura
3442 2617 3526 2663 est
3565 2609 3696 2677 quid

2100 2699 2231 2755 velit
2250 2713 2429 2770 agere,
2455 2713 2555 2768 ego
2582 2697 2758 2768 ignovi
2788 2697 2858 2763 ei,
2883 2695 3167 2752 conﬁrmat
3190 2698 3517 2752 sententiam
3541 2711 3697 2753 suam

2100 2797 2157 2844 et
2179 2804 2393 2843 omnem
2437 2787 2835 2844 simulationem
2886 2787 3023 2842 fictae
3057 2786 3206 2856 pacis
3228 2789 3447 2853 evertit,
3474 2788 3691 2843 dicens:

2103 2881 2165 2939 Si
2200 2880 2305 2937 non
2332 2878 2638 2936 remiseritis
2666 2882 3021 2952 unusquisque
3042 2880 3197 2950 fratri
3234 2897 3330 2935 suo
3366 2881 3430 2935 de
3451 2881 3695 2937 cordibus

2101 2974 2302 3029 vestris.
2337 2971 2357 3044 (
2386 2971 2539 3043 Greg.
2571 2971 2590 3046 )
2637 2971 2712 3026 Ex
2747 2971 2944 3041 quibus
2987 2971 3237 3027 videlicet
3274 2971 3435 3027 dictis
3460 2982 3694 3039 constat,

2104 3067 2248 3139 quod
2285 3066 2329 3121 si
2362 3067 2464 3121 hoc
2492 3064 2635 3136 quod
2668 3064 2722 3118 in
2764 3079 2865 3120 nos
2891 3064 3229 3134 delinquitur
3254 3080 3319 3120 ex
3374 3067 3543 3122 corde
3589 3082 3694 3121 non

2031 3159 2076 3220 C
2108 3157 2464 3221 dimittamus,
2507 3164 2561 3211 et
2599 3154 2727 3210 illud
2778 3167 2971 3211 rursus
2998 3170 3027 3210 a
3057 3156 3212 3212 nobis
3256 3156 3510 3227 exigitur,
3555 3158 3696 3228 quod

2108 3247 2265 3303 nobis
2292 3247 2403 3317 jam
2434 3260 2529 3318 per
2556 3244 2933 3315 paenitentiam
2962 3244 3251 3301 dimissum
3290 3245 3457 3304 fuisse
3486 3248 3693 3320 gaude-

2111 3336 2323 3393 bamus.

1666 3600 1967 3725 LIBER
2042 3600 2298 3679 SEXT
2311 3602 2457 3679 US.

1014 3870 1246 3933 CAPUT
1290 3871 1428 3930 XIX.

413 3995 640 4053 Uxorem
684 4008 790 4048 non
831 3991 1016 4046 debere
1055 3991 1251 4044 dimitti
1293 3989 1461 4052 docet,
1493 3995 1560 4059 et)
1589 3984 1652 4059 de
1699 3983 1998 4059 eunuchis;

479 4065 707 4134 infantes
729 4080 762 4117 a
788 4061 1142 4134 benedictione
1184 4076 1287 4115 non
1323 4073 1433 4134 esse
1459 4054 1711 4110 arcendos
1740 4071 1758 4119 ,'
1789 4054 2000 4134 divitem

478 4125 1016 4207 difﬁcileintraturum
1036 4131 1092 4185 in
1107 4145 1321 4207 regnum
1340 4126 1585 4207 caelorum
1601 4144 1619 4207 ;
1635 4135 1683 4179 et
1703 4125 1999 4207 ςςῃιςιριιιηι

480 4186 825 4276 ἷὲὶίὲῇιὰήὶὴι,
864 4201 956 4274 qui
1003 4186 1188 4259 omnia'
1221 4186 1411 4257 deserit
1461 4186 1671 4268 propter
1709 4186 1993 4248 Christum.

482 4316 778 4388 Explicatis
828 4329 962 4386 ergo
998 4312 1341 4370 sermonibus
1382 4308 1594 4367 Domini
1626 4321 1763 4379 quos
1794 4308 1849 4363 in
1888 4304 1999 4361 Ga-

406 4415 545 4470 lilaea
582 4421 705 4482 post
738 4409 1038 4481 expetitum
1074 4410 1145 4465 ab
1189 4422 1257 4463 eo
1308 4406 1565 4463 tributum
1604 4403 1673 4457 ad
1724 4400 1996 4471 apostolos

406 4501 474 4554 de
506 4497 811 4554 innocentia
839 4507 894 4553 et
921 4495 1226 4551 humilitate
1262 4495 1380 4564 ipse
1421 4492 1671 4548 Salvator
1708 4490 1995 4556 habuerat,

405 4598 596 4645 vetans
629 4603 725 4643 eos
751 4601 819 4643 ne
861 4586 1294 4642 scandalizareut
1326 4583 1548 4659 pusillos
1574 4583 1824 4653 adjuncta
1849 4597 2000 4653 para-

2104 3879 2298 3937 passus
2347 3874 2453 3922 est.
2499 3866 2567 3921 Et
2614 3866 2788 3937 primo
2836 3868 3051 3937 quidem
3096 3874 3250 3921 trans
3291 3866 3582 3924 Jordanem
3628 3872 3691 3927 ad

2103 3956 2386 4021 orientem,
2423 3953 2616 4012 deinde
2654 3956 2817 4011 etiam
2846 3957 2925 4017 cis
2951 3955 3262 4022 Jordanem,
3293 3957 3509 4027 quando
3540 3961 3687 4015 venit

2104 4047 2160 4101 in
2208 4045 2444 4112 Iericho,
2491 4045 2805 4117 Betbphage
2832 4055 2885 4101 et
2923 4045 3384 4118 Hierosolymam;
3416 4063 3541 4103 nam
3576 4065 3695 4105 om-

2100 4138 2185 4193 nis
2245 4136 2552 4194 Judzeorum
2614 4137 2894 4209 provincia
2953 4137 3203 4208 quamvis
3246 4138 3577 4208 generaliter
3625 4142 3694 4195 ad

2102 4220 2503 4286 distinctionem
2529 4228 2756 4284 aliarum
2782 4229 3024 4301 gentium
3058 4227 3241 4284 Judtea
3276 4229 3418 4286 dicta
3449 4231 3540 4295 sit,
3573 4246 3694 4302 spe-

2103 4322 2292 4378 cialius
2319 4330 2502 4377 tamen
2531 4321 2832 4377 meridiana
2864 4321 2982 4391 ejus
3012 4321 3166 4393 plaga
3195 4321 3569 4391 appellabatur
3604 4320 3696 4377 Ju-

2099 4415 2237 4479 data,
2268 4415 2337 4470 ad
2366 4412 2770 4469 distinctionem
2800 4411 3077 4479 Samaria,
3110 4410 3363 4477 Galilaea,
3408 4411 3693 4483 Decapolis

2097 4511 2153 4557 et
2181 4511 2505 4559 caeterarum
2535 4502 2593 4558 in
2620 4501 2808 4557 eadem
2836 4501 3119 4572 provincia
3138 4502 3442 4572 regionum.

2168 4593 2237 4648 Et
2265 4602 2455 4649 secutae
2479 4602 2601 4648 sunt
2626 4608 2743 4648 eum
2770 4592 2938 4648 turba:
2961 4592 3161 4658 multm,
3189 4602 3240 4646 et
3267 4594 3469 4648 curavit
3491 4610 3579 4648 eos

404 4683 550 4748 bola,
580 4689 635 4738 et
663 4686 847 4751 postea
877 4694 999 4750 qua:
1024 4679 1090 4734 de
1118 4678 1460 4748 correptione
1486 4676 1714 4732 fratrum
1744 4677 2000 4734 etindul—
2092 4683 2316 4757 (Hilar.
2341 4684 2361 4757 )
2407 4682 2656 4741 Galilaeos
2694 4685 2747 4738 in
2775 4682 2975 4740 Judazte
3020 4685 3220 4743 ﬁnibus
3267 4694 3445 4741 curat.
3491 4685 3689 4741 Potue-

405 4772 586 4845 gentia
635 4771 1020 4827 convenienter
1058 4769 1283 4835 docens,
1320 4767 1480 4823 Petro
1523 4767 1892 4841 interrogante
1933 4768 2001 4824 de

407 4864 727 4923 remissione
778 4871 1155 4935 peccatorum,
1204 4877 1313 4921 non
1372 4870 1583 4918 tantum
1634 4863 1855 4933 septies,
1904 4862 2000 4919 sed

405 4958 573 5014 etiam
612 4956 920 5030 septuagies
944 4955 1146 5026 septies
1185 4955 1589 5021 remittendum,
1621 4955 1997 5024 responderat,

404 5049 462 5105 id
482 5049 659 5120 ipsum
686 5046 1047 5118 conlprobans
1080 5046 1327 5116 sequenti
1370 5046 1664 5118 parabola;
1712 5053 1999 5116 postquam

405 5139 524 5195 haec
551 5138 799 5195 videlicet
827 5136 1009 5193 omnia
1035 5134 1320 5191 Mattheus
1348 5136 1421 5191 ita
1458 5135 1820 5207 explicuisset,
1846 5149 1999 5189 more

406 5244 513 5286 suo
546 5230 699 5299 quasi
726 5228 793 5284 ad
841 5226 945 5284 alia
973 5243 1033 5284 se
1074 5225 1403 5284 conferendo
1443 5227 1709 5284 narranda
1753 5226 1832 5282 sic
1877 5240 2002 5296 pro-

407 5323 655 5392 sequitur
680 5329 735 5378 et
763 5321 893 5378 dicit
917 5337 933 5374 :

478 5411 574 5487 [1.]
627 5414 693 5469 Et
736 5415 935 5484 factum
964 5424 1042 5469 est
1076 5420 1196 5469 cum
1223 5421 1630 5467 consummasset
1678 5410 1835 5466 Iesus
1885 5428 1998 5466 ser.-

406 5519 584 5560 mones
627 5504 776 5569 istas,
810 5503 1051 5574 migravit
1078 5506 1130 5557 ‘a
1175 5501 1421 5564 Galilcea,
1473 5511 1523 5556 et
1576 5503 1710 5556 venit
1764 5502 1821 5554 in
1870 5502 2001 5570 fines

407 5594 615 5651 Judatce
654 5604 800 5649 trans
835 5593 1144 5649 Iordanem.
1174 5592 1341 5664 (Rm.
1367 5591 1405 5663 ).
1459 5591 1597 5647 Hinc
1645 5607 1776 5664 ergo
1807 5593 2000 5664 incipit

411 5699 475 5741 ea
504 5698 729 5742 narrare
775 5699 897 5755 quae
942 5683 1202 5740 Dominus
1228 5683 1282 5738 in
1327 5680 1509 5738 Judzea
1537 5681 1686 5749 fecit,
1737 5684 1916 5739 docuit
1946 5693 2001 5739 et

2100 4784 2188 4831 rat
2242 4776 2469 4846 quidem
2517 4782 2845 4847 aegrotorum
2911 4776 3099 4831 turbas
3166 4792 3275 4833 non
3334 4775 3584 4848 fatigare,
3634 4784 3691 4830 et

2098 4867 2242 4923 intra
2277 4868 2453 4939 ipsam
2510 4866 2789 4929 Galileam
2839 4881 3000 4938 opem
3056 4866 3199 4923 ferre
3252 4867 3544 4933 debilibus,
3594 4866 3691 4922 sed

2099 4959 2281 5030 typica
2330 4959 2469 5015 ratio
2510 4960 2684 5015 etiam
2738 4959 2980 5017 locorum
3033 4966 3153 5013 erat
3205 4957 3469 5027 explenda
3524 4958 3691 5028 privic

2100 5048 2256 5121 legiis
2295 5057 2354 5103 ut
2399 5057 2622 5121 peccata
2672 5050 2909 5120 gentium
2941 5050 3001 5105 in
3032 5063 3153 5104 eam
3189 5048 3402 5104 veniam
3439 5064 3561 5119 quae
3598 5048 3687 5103 Ju-

2100 5140 2230 5197 dtea:
2269 5140 2587 5211 parabatur,
2632 5140 2957 5196 admitteret.

2172 5232 2241 5288 Et
2272 5242 2602 5287 accesserunt
2631 5230 2702 5286 ad
2729 5248 2848 5285 eum
2878 5231 3141 5285 Pltaristei
3168 5241 3431 5287 tentantes
3468 5248 3592 5285 eum
3639 5240 3684 5285 et

2101 5322 2359 5377 dicentes:
2395 5320 2455 5377 Si
2505 5322 2627 5379 licet
2678 5321 2875 5374 homini
2925 5320 3185 5375 dimittere
3241 5338 3458 5376 uxorem
3513 5336 3684 5386 suam,

2101 5427 2496 5483 quacunqueea:
2522 5410 2821 5466 causa?.Et
2849 5411 2939 5466 hic
2987 5412 3226 5467 notanda
3288 5413 3553 5468 utentium
3607 5412 3685 5471 di-

2103 5503 2300 5558 stantia
2347 5502 2401 5556 in
2435 5501 2606 5557 turbis
2646 5508 2703 5556 et
2745 5500 3062 5556 Pharisaeis:
3114 5501 3199 5556 hae
3250 5502 3582 5557 «inveniunt
3625 5508 3687 5555 ut

2050 5634 2057 5647 .
2102 5593 2416 5660 doceantur,
2447 5604 2501 5650 et
2525 5594 2606 5649 sui
2636 5605 2897 5651 sanentur
2924 5593 3147 5665 inﬁrmi,
3172 5594 3317 5649 sicut
3353 5592 3681 5663 evangelista

2108 5685 2388 5742 Matthazus
2446 5693 2629 5755 aperte
2675 5694 3113 5744 commemorat:
3174 5684 3251 5741 illi
3302 5683 3567 5743 accedunt
3622 5692 3676 5737 ut
