3998 6188
368 290 506 347 1017

1332 292 1682 351 ΟΟΜΜΕΝΤ.
1724 293 1790 349 ΙΝ
1831 293 2261 353 ΜΑΤΤΗΞΗΜ.
2305 326 2374 336 —-
2409 295 2537 352 LIB.
2580 296 2664 354 Vl.

3491 295 3629 351 i018

362 401 703 459 Salvatorem
763 416 827 457 ac
882 401 1157 457 doctorem
1213 402 1461 458 veritatis
1520 402 1780 459 tentando
1850 404 1946 459 de-
1976 407 2024 465 Α
2052 405 2337 461 homicidia
2396 420 2763 475 perseverare.
2826 405 3129 479 Simulque
3176 404 3456 463 considera
3488 408 3630 475 quod

361 494 584 565 cipiant.
632 492 817 563 Neque
851 493 955 549 hoc
1014 493 1360 558 mirandum;
1403 508 1537 548 nam
1588 494 1689 550 has
1733 494 1947 550 devotio

358 585 602 654 pietatis,
628 583 748 638 illos
796 583 1048 639 stimulus
1084 586 1309 639 adduxit
1346 584 1553 640 livoris.
1598 587 1617 656 (
1659 584 1881 640 Hieron.
1926 586 1944 657 )

360 676 704 748 Interrogant
732 692 861 749 ergo
885 692 1008 732 eum
1037 673 1217 732 utrum
1245 679 1402 733 liceat
1441 679 1645 733 homini
1676 680 1949 734 dimittere

361 783 592 826 uxorem
649 786 800 825 suam
861 770 1101 840 qualibet
1150 786 1336 835 causa,
1393 779 1455 824 ut
1512 771 1666 839 quasi
1721 774 1950 824 cornuto

365 870 587 919 teneant
614 862 942 937 syllOgismo,
971 868 1027 917 et
1074 862 1429 931 quodcunque
1478 862 1818 931 responderit
1859 876 1950 916 ca-

365 957 607 1027 ptionem
635 956 889 1024 patiatur.
931 954 989 1009 Si
1026 955 1223 1009 dixerit
1251 955 1626 1009 dimittendam
1651 968 1773 1008 esse
1813 969 1949 1008 uxo—

367 1060 487 1101 rem
539 1045 778 1115 qualibet
808 1061 874 1100 ex
911 1058 1097 1109 causa,
1147 1053 1198 1099 et
1246 1045 1523 1099 ducendas
1581 1044 1739 1109 alias,
1791 1043 1951 1113 pudi-

370 1138 514 1194 citia:
556 1139 881 1209 praedicator
927 1138 1028 1192 sibi
1088 1137 1355 1203 videbitur
1412 1137 1610 1191 docere
1653 1137 1947 1191 contraria.

371 1229 469 1286 Sin
499 1238 680 1285 autem
726 1230 1062 1300 responderit
1101 1247 1205 1285 non
1252 1245 1465 1284 omnem
1495 1229 1565 1285 ob
1594 1245 1810 1285 causam
1862 1230 1954 1284 de—

370 1324 502 1380 bere
532 1322 727 1380 dimitti
765 1323 919 1393 quasi
967 1322 1227 1393 sacrilegii
1268 1336 1395 1377 reus
1443 1322 1732 1387 tenebitur,
1783 1322 1955 1376 etad-

371 1429 561 1471 v-rrsus
592 1413 890 1470 doctrinam
926 1413 1115 1484 Moysi,
1147 1427 1209 1468 ac
1238 1427 1335 1484 per
1363 1411 1603 1484 Moysen,
1636 1413 1730 1468 Dei
1753 1412 1953 1468 facere.

370 1504 541 1574 Igitur
585 1504 845 1560 Dominus
872 1504 951 1560 sic
996 1504 1399 1573 responsionem
1442 1510 1726 1572 temperat,
1767 1510 1829 1557 ut
1864 1502 1959 1558 de-

371 1597 606 1668 cipulam
632 1606 898 1662 transeat,
938 1595 1275 1667 Scripturam
1301 1604 1543 1652 sanetam
1584 1596 1856 1651 adducens
1902 1596 1957 1649 in

374 1689 769 1755 testimonium,
796 1696 854 1743 et
897 1688 1197 1743 naturalem
1242 1688 1414 1759 legem
1471 1688 1815 1758 primamque
1861 1689 1979 1742 Dei'

372 1782 719 1838 sententiam.
770 1781 1016 1837 Secundo
1058 1796 1332 1851 opponens
1366 1795 1485 1850 quae
1523 1796 1628 1834 non
1683 1780 1955 1835 voluntate

370 1862 620 1939 Deipsed
658 1874 994 1944 peccantium
1035 1874 1354 1930 necessitate
1398 1888 1657 1927 concessa
1697 1881 1799 1927 est.

446 1960 550 2030 Qui
574 1964 884 2034 respondens
921 1966 994 2018 ait
1022 1966 1131 2019 eis:
1163 1964 1284 2018 Non
1321 1963 1514 2033 legistis
1546 1964 1673 2033 quia
1716 1964 1806 2031 qui
1834 1964 1955 2033 fecit

373 2055 441 2109 ab
480 2055 633 2109 initio
692 2054 982 2109 masculum
1017 2063 1093 2109 et.
1123 2054 1370 2123 feminam
1421 2053 1543 2123 fecit
1584 2071 1689 2108 eos.
1750 2052 1863 2108 Hoc
1901 2053 1955 2106 in

369 2146 596 2201 exordio
659 2142 933 2202 Geneseos
984 2146 1245 2217 scriptum
1303 2153 1407 2203 est.
1474 2146 1713 2200 Dicendo
1769 2156 1953 2201 autem

372 2235 673 2290 masculum
723 2243 779 2291 et
831 2234 1104 2300 feminam,
1165 2236 1404 2290 ostendit
1450 2236 1690 2291 secunda
1734 2236 1953 2290 vitanda

372 2327 650 2398 conjugia;
682 2343 789 2383 non
828 2329 976 2383 enim
1011 2329 1085 2383 ait
1110 2327 1410 2383 masculum
1435 2334 1490 2382 et
1526 2327 1775 2391 feminas,
1811 2328 1955 2397 quod

371 2435 437 2473 ex
469 2420 709 2489 priorum
747 2418 970 2488 repudio
1007 2420 1368 2489 quazrebatur,
1414 2417 1506 2472 sed
1559 2417 1857 2473 masculum
1901 2427 1957 2474 et

371 2506 650 2573 feminam,
695 2515 753 2561 ut
804 2509 963 2562 unius
1003 2508 1248 2579 conjugis
1282 2509 1553 2563 consortia
1584 2516 1950 2564 necterentur.

450 2597 519 2651 Et
576 2598 742 2651 dixit:
784 2595 1004 2670 Propter
1037 2599 1135 2653 hoc
1193 2599 1416 2653 dimittet
1452 2599 1605 2654 homo
1657 2610 1857 2671 patrem
1907 2611 1955 2656 et

378 2697 617 2754 matrem,
664 2698 711 2741 et
744 2688 1027 2743 adlucrebit
1071 2690 1226 2744 uxori
1250 2707 1382 2746 sure.
1436 2689 1728 2761 Signanter
1755 2693 1832 2746 ait
1876 2692 1952 2747 si-

374 2779 594 2845 militer,
625 2779 779 2833 uxori
810 2796 943 2846 sum,
978 2797 1083 2835 non
1111 2782 1392 2835 uxoribus.

446 2867 515 2920 Et
543 2877 695 2922 erunt
726 2868 829 2922 duo
866 2871 921 2924 in
958 2887 1117 2925 carne
1148 2887 1273 2926 una.
1312 2870 1502 2943 Itaque
1531 2871 1648 2942 jam
1687 2888 1791 2926 non
1832 2880 1955 2928 sunt

374 2958 503 3023 duo,
542 2959 633 3013 sed
661 2976 767 3013 una
804 2976 947 3015 caro.
978 2958 998 3032 (
1028 2960 1245 3034 Iiilar.)
1297 2947 1583 3016 Prtemium
1641 2963 1952 3033 nuptiarum

373 3055 547 3102 estex
579 3048 787 3103 duobus
830 3052 1009 3104 unam‘
1048 3065 1265 3106 carnem
1313 3050 1452 3107 ﬁeri.
1492 3051 1727 3108 Castitas
1767 3053 1951 3123 juncta
1983 3105 2026 3128 η

375 3139 590 3208 Spiritui
637 3157 777 3196 unus
831 3141 1058 3204 edicitur
1129 3144 1371 3213 spiritus.
1421 3143 1819 3216 Omnipotentis
1856 3147 1953 3202 Dei

375 3239 555 3285 actum
592 3240 675 3288 est
698 3242 901 3309 aeterno
935 3249 999 3289 ac
1033 3234 1232 3290 salubri
1269 3236 1520 3301 consilio,
1554 3245 1614 3291 ut
1653 3237 1955 3305 portionem

374 3323 456 3379 sui
484 3324 726 3395 corporis
744 3325 828 3380 vir
848 3312 1263 3396 amplecteretur
1287 3328 1342 3381 in
1369 3327 1588 3393 femina,
1612 3345 1710 3384 nec
1729 3346 1757 3383 a
1778 3345 1835 3385 se
1855 3344 1954 3399 pu-

376 3423 514 3470 taret
572 3431 692 3472 esse
744 3417 1034 3482 diversum,
1084 3418 1224 3487 quod
1282 3420 1346 3473 de
1395 3432 1453 3473 se
1502 3421 1955 3490 cognosceretfa—

373 3503 667 3559 bricatum.

468 3592 621 3659 Quod
667 3611 789 3664 ergo
851 3595 988 3651 Deus
1026 3599 1319 3667 conjunxit,
1359 3600 1511 3652 homo
1566 3616 1669 3653 non
1727 3608 1950 3670 separet.

377 3683 395 3754 (
422 3680 635 3737 Hieron.
665 3682 684 3754 )
711 3683 862 3750 Quod
882 3699 1009 3754 ergo
1038 3685 1180 3741 Deu‘s
1208 3685 1485 3754 conjunxit
1523 3705 1684 3742 unam
1710 3687 1954 3744 faciendo

375 3787 593 3828 carnem
631 3772 735 3827 viri
770 3782 827 3829 et
873 3773 1105 3840 femina),
1129 3775 1270 3830 hanc
1305 3776 1466 3831 homo
1518 3792 1623 3830 non
1664 3786 1840 3845 potest
1869 3793 1954 3833 se-

371 3877 583 3933 parare,
635 3862 741 3917 nisi
800 3861 1023 3918 forsitan
1073 3862 1219 3918 solus
1290 3864 1454 3918 Deus.
1506 3863 1680 3919 Homo
1738 3874 1955 3935 separat

368 3954 587 4023 quando
619 3962 840 4025 propter
880 3956 1204 4011 desiderium
1231 3955 1482 4011 secundm
1516 3957 1700 4012 uxoris
1720 3959 1955 4028 primam

374 4044 901 4129 dimittimus:\Deus
930 4054 1144 4115 separat
1176 4046 1265 4114 qui
1296 4054 1351 4100 et
1382 4045 1757 4116 conjunxerat,
1783 4062 1954 4117 quan-

370 4134 442 4189 do
484 4150 551 4190 ex
585 4148 848 4189 consensu
886 4142 1106 4204 propter
1159 4135 1476 4189 servitutem
1522 4134 1640 4201 Dei,
1676 4150 1742 4191 eo
1807 4138 1952 4208 quod

370 4235 583 4298 tempus
626 4228 680 4282 in
720 4235 946 4298 angusto
992 4226 1084 4292 sit,
1118 4226 1196 4282 sic
1239 4226 1501 4284 habemus
1543 4242 1761 4294 uxores,
1793 4230 1950 4300 quasi

370 4335 476 4373 non
514 4318 792 4373 habentes.
1594 4324 1597 4331 ‘

2053 493 2219 550 dixit:
2249 495 2475 566 Propter
2523 496 2778 550 duritiam
2824 496 3003 552 cordis
3032 495 3194 551 vestri
3241 511 3344 549 non
3393 496 3635 564 permisit

2052 588 2204 644 vobis
2234 588 2379 644 Deus
2411 590 2504 643 sed
2551 589 2779 660 Moyses,
2814 599 2874 645 ut
2918 591 3071 661 juxta
3121 588 3458 656 Apostolum,
3507 605 3636 645 cou-

2052 678 2229 733 silium
2261 680 2332 734 sit
2370 679 2621 745 hominis,
2652 695 2757 734 non
2799 680 3082 750 imperium
3120 681 3237 736 Dei.

2128 772 2253 826 Dico
2284 780 2457 825 autem
2485 773 2646 835 vobis,
2674 773 2797 841 quia
2825 772 3116 842 quicunque
3145 773 3399 827 dimiserit
3421 788 3637 827 uxorem

2053 884 2205 921 suam
2239 866 2339 920 nisi
2372 865 2434 920 ob
2483 864 2903 934 fornicationem,
2928 873 2978 919 et
3033 865 3193 919 aliam
3232 866 3460 929 duxerit,
3508 881 3634 917 mm-

2053 958 2258 1019 chatur,
2285 966 2330 1010 et
2356 956 2445 1026 qui
2473 956 2741 1010 dimissam
2775 956 3000 1019 duxerit,
3045 957 3347 1009 mrrchatur.
3379 956 3500 1009 Sola
3535 954 3641 1009 for-

2054 1045 2255 1100 nicatio
2300 1055 2383 1100 est
2423 1047 2756 1116 qum'uxoris
2799 1045 2982 1100 vincat
3025 1043 3294 1100 affectum.
3348 1046 3460 1099 lmo
3513 1061 3636 1100 cum

2056 1135 2144 1191 illa
2175 1152 2337 1190 unam
2377 1150 2594 1191 carnem
2625 1136 2678 1189 in
2719 1128 2944 1190 alteram
2989 1136 3278 1199 dimiserit,
3327 1147 3382 1192 et
3418 1153 3476 1191 se
3533 1137 3641 1190 for—

2058 1228 2331 1282 nicatione
2359 1228 2689 1297 separaverit
2727 1243 2757 1281 a
2789 1229 3005 1293 marito,
3034 1244 3139 1281 non
3171 1228 3327 1283 debet
3356 1230 3549 1293 teneri,
3578 1244 3644 1283 ne

2057 1313 2232 1375 virum
2263 1336 2473 1390 quoque
2521 1321 2621 1375 sub
2664 1320 2960 1375 maledicto
3005 1320 3185 1383 faciat,
3229 1321 3438 1375 dicente
3493 1320 3641 1376 Scri-

2058 1424 2260 1483 ptura:
2315 1411 2417 1479 Qui
2475 1413 2768 1467 adulteram
2823 1422 2977 1475 tenet,
3017 1411 3207 1466 stultus
3239 1414 3520 1482 et~impius
3561 1421 3637 1463 est

2061 1506 2079 1577 (
2116 1505 2267 1560 Prov.
2300 1502 2491 1576 xvut).
2544 1503 2713 1575 Igitur
2760 1504 3065 1572 ubicunque
3120 1502 3405 1557 fornicatio
3438 1511 3491 1557 et
3532 1503 3643 1559 for-

2062 1598 2348 1654 nicationis
2411 1597 2643 1667 suspicio
2688 1606 2789 1662 est,
2830 1596 2998 1651 libere
3047 1613 3181 1650 uxor
3219 1597 3524 1651 dimittitur.
3575 1597 3639 1651 Et

2064 1692 2187 1761 quia
2211 1698 2420 1760 poterat
2455 1690 2721 1753 accidere,
2753 1698 2813 1742 ut
2841 1689 3031 1758 aliquis
3076 1688 3396 1743 calumniam
3440 1689 3648 1744 faceret

2060 1783 2352 1848 innocenti,
2386 1792 2443 1837 et
2481 1783 2549 1837 ob
2594 1784 2887 1838 seeumlam
2933 1783 3176 1851 capulum
3210 1782 3515 1853 nuptiarum
3549 1798 3642 1835 ve-

2059 1874 2158 1929 teri
2184 1873 2386 1929 crimen
2432 1873 2772 1943 impingeret,
2811 1873 2889 1927 sic
2916 1872 3153 1942 priorem
3183 1872 3452 1927 dimittere
3486 1871 3642 1940 jubet

2056 1983 2302 2030 uxorem,
2342 1976 2402 2022 ut
2457 1967 2746 2021 secundam
2789 1966 2962 2034 prima
3021 1966 3235 2020 vivente
3263 1980 3369 2019 non
3425 1965 3639 2019 habent.

2057 2059 2207 2127 Quod
2235 2058 2377 2113 enim
2424 2058 2554 2112 dicit
2580 2057 2686 2111 tale
2724 2064 2804 2111 est
2833 2076 2844 2110 :
2878 2057 2922 2111 si
2955 2073 3059 2111 non
3088 2065 3306 2126 propter
3344 2056 3640 2119 libidinem,

2058 2150 2150 2206 sed
2206 2158 2428 2227 propter
2479 2146 2731 2216 injuriam
2794 2147 3019 2202 dimittis
3055 2164 3302 2212 uxorem,
3334 2162 3502 2215 quare
3551 2162 3644 2201 cx-

2058 2248 2241 2310 pertus
2294 2235 2535 2292 infelices
2587 2237 2794 2306 priores
2835 2236 3066 2307 nuptias,
3124 2252 3386 2290 novarum
3431 2244 3483 2290 te
3544 2237 3646 2291 im-

2056 2328 2229 2385 mittis
2272 2325 2685 2396 periculo?Nec
2725 2342 2829 2381 non
2867 2327 2992 2396 quia
3038 2335 3250 2396 poterat
3298 2326 3537 2391 evenire,
3584 2335 3644 2381 ut

2014 2418 2019 2424 ’
2051 2419 2205 2488 juxta
2247 2418 2492 2473 eamdem
2524 2416 2693 2488 legem
2741 2433 2877 2472 uxor
2898 2432 3112 2487 quoque
3141 2419 3335 2471 marito
3364 2418 3514 2473 daret
3549 2431 3637 2472 re-

2056 2510 2297 2580 pudium,
2328 2509 2515 2564 eadem
2553 2508 2763 2563 cautela
2805 2509 3115 2579 praecipitur
3144 2526 3210 2563 ne
3236 2509 3528 2564 secundum
3554 2524 3645 2565 ac-

2057 2599 2222 2669 cipiat
2274 2598 2471 2652 virum.
2515 2594 2534 2669 (
2576 2597 2767 2671 Ras.)
2817 2599 2884 2652 Et
2936 2600 3061 2667 quia
3118 2592 3377 2654 meretrix
3414 2607 3468 2653 et
3523 2613 3643 2668 qua:

2057 2686 2224 2747 semel
2252 2684 2427 2759 fuerat
2464 2689 2705 2744 adultera
2748 2691 3096 2759 opprobrium
3136 2706 3242 2745 non
3276 2690 3517 2756 timebat,
3557 2705 3646 2745 se-

2057 2780 2231 2836 cundo
2288 2781 2594 2851 prmcipitur
2631 2781 2769 2847 viro,
2798 2781 2938 2849 quod
2981 2780 3026 2834 si
3057 2781 3216 2835 talem
3269 2780 3502 2843 duxerit,
3543 2782 3643 2837 sub

2057 2872 2309 2927 adulterii
2356 2872 2585 2927 crimine
2624 2872 2730 2935 sit,
2761 2886 2866 2924 una
2894 2886 3024 2941 ergo
3052 2871 3386 2926 solummodo
3409 2871 3644 2927 carnalis

2056 2971 2350 3026 estcausa,
2394 2961 2449 3015 id
2484 2968 2588 3027 est,
2622 2960 2932 3027 fornicatio,
2964 2977 3069 3016 una
3120 2962 3399 3031 spiritalis,
3434 2961 3486 3016 id
3535 2971 3642 3027 est,

2058 3052 2222 3106 timor
2273 3051 2388 3116 Dei,
2433 3057 2493 3105 ut
2549 3067 2685 3106 uxor
2739 3051 3063 3115 dimittatur,
3116 3052 3257 3107 sicut
3310 3051 3463 3105 multi
3511 3052 3636 3107 reli-

2059 3140 2233 3211 gionis
2260 3156 2420 3195 causa
2446 3140 2639 3196 fecisse
2676 3140 2944 3212 leguntur.
2989 3140 3142 3195 Nulla
3174 3150 3352 3195 autem
3376 3156 3534 3197 causa
3562 3151 3647 3197 est

2058 3228 2153 3284 Dei
2196 3229 2314 3299 lege
2355 3229 2669 3301 praescripta
2693 3239 2755 3284 ut
2799 3231 3011 3285 vivente
3052 3246 3116 3285 ea
3161 3245 3280 3301 qua:
3332 3230 3518 3286 relicta
3562 3243 3648 3287 est

2059 3319 2161 3374 alia
2212 3320 2439 3374 ducatur

2127 3412 2319 3467 Dicunt
2353 3412 2400 3467 ei
2442 3413 2686 3484 discipuli
2714 3413 2831 3484 ejus
2860 3427 2877 3465 .'
2912 3413 2972 3469 Si
3007 3414 3079 3467 ita
3108 3423 3181 3467 est
3224 3430 3384 3468 causa
3416 3413 3641 3468 hominis

2057 3519 2174 3557 cum
2200 3520 2384 3569 uxore,
2417 3520 2520 3558 non
2556 3505 2762 3572 expedit
2805 3505 3016 3559 nubere.
3062 3506 3079 3575 (
3122 3504 3344 3560 Hieron.
3398 3505 3416 3577 )
3462 3504 3647 3562 Grave

2053 3593 2264 3661 pondus
2314 3607 2543 3661 uxorum
2577 3601 2660 3647 est
2696 3593 2762 3657 si,
2789 3601 3012 3661 excepta
3050 3609 3211 3647 causa
3240 3593 3643 3662 fornicationis,

2054 3697 2148 3737 eas
2193 3699 2299 3736 non
2366 3682 2493 3737 licet
2539 3683 2831 3736 dimittere.
2896 3682 3034 3748 Quid
3080 3683 3222 3738 enim
3253 3684 3298 3739 si
3351 3686 3646 3742 temulenta

2055 3773 2238 3838 fuerit,
2280 3772 2325 3827 si
2372 3773 2649 3839 iracunda,
2690 3774 2735 3828 si
2780 3774 2937 3829 malis
2972 3775 3235 3841 moribus,
3266 3777 3312 3831 si
3344 3778 3642 3845 luxuriosa,

2055 3864 2099 3919 si
2129 3864 2333 3936 gulosa,
2361 3863 2408 3919 si
2436 3879 2593 3935 vaga,
2631 3864 2675 3919 si
2697 3858 2989 3935 jurgatrix,
3021 3873 3075 3921 et
3101 3866 3377 3930 maledica,
3413 3870 3643 3925 tenenda

2054 3955 2160 4009 erit
2201 3954 2501 4024 ejusmodi,
2557 3954 2785 4010 velimus
2842 3955 3070 4011 nolimus
3116 3957 3446 4012 sustinenda.
3508 3958 3639 4015 Cum

2053 4048 2196 4103 enim
2237 4063 2478 4103 essemus
2515 4049 2689 4114 liberi,
2726 4049 3027 4105 voluntarie
3052 4066 3151 4104 nos
3176 4048 3501 4118 subiecimus
3531 4066 3645 4106 ser-

2054 4138 2229 4193 vituti.
2277 4138 2535 4194 Videntes
2566 4154 2696 4212 ergo
2737 4138 2960 4209 apostoli
2988 4153 3147 4210 grave
3176 4132 3403 4194 uxomm
3429 4140 3636 4211 jugum,

2054 4231 2337 4303 proferunt
2372 4238 2574 4286 motum
2620 4231 2784 4285 animi
2833 4231 2938 4295 sui,
2984 4239 3039 4285 et
3079 4233 3311 4287 dicunt:
3343 4230 3404 4286 Si
3451 4232 3524 4285 ita
3565 4241 3641 4285 est

2056 4336 2216 4374 causa
2255 4321 2479 4375 hominis
2511 4337 2629 4374 cum
2663 4336 2859 4385 uxore,
2901 4337 3003 4374 non
3040 4320 3244 4389 expedit
3288 4321 3497 4375 nubere.

440 4409 634 4462 Dicunt
669 4406 748 4460 illi
781 4425 799 4460 :
832 4405 972 4472 Quid
998 4424 1119 4477 ergo
1166 4406 1372 4478 Moyses
1430 4410 1695 4464 mandauit
1733 4410 1852 4464 dari
1889 4412 1953 4465 li-
1978 4448 2030 4507 Ι)
2129 4409 2234 4476 Qui
2270 4408 2584 4465 dixit:Non
2629 4426 2806 4464 omnes
2846 4410 3060 4479 cupiunt
3100 4410 3308 4465 verbum
3350 4410 3513 4474 istud,
3550 4409 3638 4463 sed

369 4496 559 4550 bellum
597 4495 821 4566 repudii,
852 4504 900 4549 et
934 4496 1241 4552 dimittere?
1276 4498 1539 4567 Aperiunt
1602 4498 1947 4565 calumniam,

368 4604 530 4658 quam
561 4584 901 4661 paraverant.
946 4587 1010 4642 Et
1038 4598 1184 4645 certe
1217 4590 1475 4645 Dominus
1531 4605 1637 4645 non
1678 4592 1950 4661 propriam

344 4681 691 4744 sententiam
727 4678 1042 4748 protulerat,
1080 4678 1173 4734 sed
1200 4680 1398 4735 veteris
1435 4678 1673 4737 historia:
1714 4689 1767 4737 et
1806 4696 1955 4736 man-

368 4772 612 4826 datorum
656 4769 833 4825 fuerat
868 4769 1178 4824 recordatus
1207 4769 1324 4825 Dei.

440 4861 524 4913 Ait
566 4859 672 4914 illis
712 4874 731 4912 .'
777 4860 1039 4925 Quoniam
1079 4858 1285 4928 Moyses
1342 4859 1412 4913 ad
1472 4860 1723 4915 duritiam
1771 4862 1948 4916 cordis

369 4955 521 5007 vestri
558 4953 794 5024 permisit
852 4950 992 5006 vobis
1050 4950 1309 5004 dimittere
1362 4967 1551 5005 uxores
1611 4960 1838 5005 vestras:
1885 4952 1950 5005 ab

368 5045 518 5099 initio
547 5053 720 5098 autem
760 5060 864 5098 non
888 5042 989 5112 fuit
1021 5044 1115 5095 sic.
1152 5040 1305 5112 Quod
1344 5043 1472 5097 dicit
1501 5043 1815 5097 istiusmodi
1843 5052 1945 5098 est:

370 5133 622 5206 Nunquid
658 5142 834 5206 potest
864 5134 1006 5188 Deus
1051 5132 1149 5186 sibi
1184 5148 1304 5187 esse
1348 5135 1670 5197 contrarius,
1700 5142 1759 5187 ut
1804 5135 1950 5189 aliud

372 5236 498 5282 ante
549 5225 793 5296 jusserit,
845 5232 899 5279 et
952 5221 1272 5278 sententiam
1329 5237 1482 5275 suam
1542 5238 1679 5276 novo
1738 5222 1955 5294 frangat

371 5313 597 5385 imperio
618 5314 643 5367 ?
664 5312 779 5369 Non
820 5312 892 5366 ita
930 5310 1266 5365 sentiendum
1296 5317 1400 5364 est.
1441 5309 1546 5365 Sed
1582 5310 1792 5382 Moyses
1826 5327 1950 5366 cum

369 5407 584 5461 videret
620 5413 839 5476 propter
880 5403 1205 5460 desiderium
1255 5403 1608 5458 secundarum
1659 5405 1951 5476 conjngum

371 5509 490 5563 quae
511 5493 594 5549 vel
622 5494 864 5558 ditiores,
885 5493 965 5546 vel
987 5492 1251 5562 juniores,
1268 5492 1351 5547 vel
1379 5492 1716 5562 pulchriores
1740 5504 1950 5559 essent,

371 5585 573 5655 primas
600 5598 796 5640 uxores
824 5592 917 5639 aut
962 5583 1213 5649 interfici,
1265 5594 1357 5638 aut
1396 5584 1591 5638 malam
1648 5585 1811 5639 vitam
1848 5585 1949 5638 du-

372 5694 516 5747 cere,
576 5677 762 5734 maluit
803 5676 1079 5750 indulgere
1128 5676 1452 5735 discordiam
1501 5691 1662 5748 quam
1716 5677 1842 5731 odia
1896 5686 1951 5731 et

2053 4501 2239 4573 quibus
2270 4502 2451 4554 datum
2476 4509 2570 4554 est.
2600 4498 2769 4554 Nemo
2803 4506 2956 4569 putet
2983 4498 3087 4553 sub
3116 4500 3217 4554 hoc
3247 4500 3413 4554 verbo
3443 4497 3525 4553 vel
3557 4497 3638 4555 fa-

2053 4590 2300 4650 tum,vel
2337 4588 2606 4643 fortunam
2648 4588 2936 4653 introduci,
2964 4589 3107 4659 quod
3155 4588 3209 4642 hi
3253 4588 3362 4642 sint
3405 4588 3641 4658 virgines

2011 4702 2014 4706 ’
2056 4680 2251 4748 quibus
2277 4697 2307 4734 a
2335 4679 2444 4734 Deo
2482 4680 2669 4734 datum
2705 4679 2805 4743 sit,
2831 4686 2924 4733 aut
2951 4668 3211 4749 quosdam
3238 4679 3303 4732 ad
3337 4679 3439 4732 hoc
3480 4694 3639 4733 casus

2057 4769 2361 4825 adduxerit.
2397 4768 2502 4824 Sed
2530 4771 2613 4824 his
2644 4770 2826 4824 datum
2851 4777 2937 4845 est
2963 4769 3056 4838 qui
3097 4770 3393 4839 petierunt,
3424 4770 3514 4839 qui
3540 4785 3639 4823 vo-

2057 4860 2301 4924 luerunt,
2324 4858 2416 4926 qui
2447 4866 2506 4911 ut
2534 4859 2841 4928 acciperent
2864 4856 3262 4913 laboraverunt.
3310 4858 3466 4914 Omni
3493 4859 3637 4913 enim

2059 4949 2261 5022 petenti
2290 4948 2526 5014 dabitur,
2554 4958 2609 5004 et
2635 4963 2884 5018 quarens
2907 4949 3141 5003 inveniet
3168 4956 3221 5003 ct
3248 4948 3484 5019 pulsanti
3511 4963 3638 5019 ape-

2059 5042 2247 5096 rietur.

2131 5131 2266 5188 Sunt
2290 5130 2424 5185 enim
2445 5130 2665 5184 eunuchi
2691 5131 2780 5202 qui
2802 5130 2866 5184 de
2886 5130 3068 5183 matris
3090 5139 3234 5183 utero
3254 5127 3328 5183 sic
3359 5128 3469 5182 nati
3490 5138 3631 5193 sunt,

2058 5233 2107 5279 et
2136 5233 2256 5278 sunt
2301 5222 2522 5276 eunuchi
2549 5223 2637 5291 qui
2666 5222 2797 5290 facti
2832 5229 2951 5273 sunt
2982 5219 3046 5273 ab
3091 5219 3407 5285 hominibus,
3433 5231 3480 5273 et
3511 5226 3634 5274 sunt

2058 5313 2280 5367 eunuchi
2306 5311 2396 5380 qui
2426 5311 2618 5379 seipsos
2642 5300 2995 5363 castraverunt
3012 5318 3221 5378 praptcr
3251 5324 3459 5378 regnum
3483 5314 3632 5362 caelo-

2058 5424 2193 5460 rum.
2226 5405 2439 5476 Triplex
2462 5418 2628 5473 genus
2655 5404 3044 5467 cunuchorum,
3073 5402 3302 5457 duorum
3332 5403 3627 5457 carnalium

2054 5504 2108 5551 et
2138 5497 2351 5550 tertium
2381 5493 2639 5565 spiritale.
2671 5491 2772 5546 Alii
2806 5493 3039 5561 suntqui
3065 5493 3130 5547 de
3152 5501 3306 5547 utero
3337 5493 3524 5547 matris
3554 5493 3631 5548 sic

2053 5592 2376 5649 nascuntur;
2408 5584 2495 5638 alii
2544 5583 2628 5638 vel
2656 5596 2790 5652 quos
2828 5582 3170 5651 captivitates
3199 5582 3403 5637 faciunt
3431 5583 3510 5637 vel
3531 5584 3626 5637 dc-

2054 5674 2187 5730 licitc
2215 5675 2569 5738 matronales;
2608 5672 2751 5728 tertii
2772 5679 2895 5727 sunt
2920 5673 3009 5743 qui
3032 5673 3235 5745 seipsos
3256 5679 3630 5728 castravernnt
