3998 6188
384 314 521 370 1019

1047 310 1110 365 Β.
1152 307 1406 364 RABAM
1449 307 1666 364 MAURI
1705 306 2022 363 ARCHIEP.
2060 304 2366 365 MOEUNT.
2407 306 2690 364 OPERUH
2729 305 2910 363 PARS
2947 305 2988 360 1.

3511 308 3649 364 1ιὶΞο

373 437 594 499 propter
626 439 862 492 regnum
912 425 1171 477 oculorum
1191 460 1205 482 ,
1238 420 1409 488 etqui
1441 435 1562 473 eum
1589 428 1808 490 possent
1839 434 1959 474 esse
1990 421 2033 479 Α
2061 420 2234 486 bolas,
2261 423 2353 477 sed
2379 431 2564 492 aperte
2588 423 2783 491 quibus
2807 438 3032 493 operum
3061 422 3271 478 meritis
3302 423 3469 478 vitam
3492 432 3657 480 aeter-

371 518 496 581 viri,
524 525 743 586 propter
767 514 1039 567 Christum
1068 511 1300 564 eunuchi
1338 510 1475 565 fiunt
1499 529 1510 563 :
1541 512 1659 566 istis
1685 510 1944 581 promitti-

376 619 464 664 tur
492 607 809 677 praemium;
835 601 1204 672 superioribus
1245 610 1424 655 autem
1461 601 1657 670 quibus
1701 601 1955 655 castimo-

374 701 475 753 niae
506 698 797 752 necessitas
825 711 931 749 non
960 694 1204 749 voluntas
1231 702 1336 757 est,
1364 694 1496 748 nihil
1524 694 1745 749 omnino
1790 693 1952 748 debe-

379 797 481 841 tur.
500 788 855 841 Possumuset
874 785 1032 838 aliter
1054 785 1251 849 dicere,
1275 786 1502 840 eunuchi
1528 794 1654 840 sunt
1672 802 1738 838 ex
1765 787 1955 841 matris

378 889 530 931 utero
560 893 650 946 qm
678 884 803 931 sunt
832 875 1127 945 frigidioris
1176 886 1400 938 naturae,
1431 891 1531 930 nec
1557 875 1836 930 libidinem
1860 891 1955 945 ap-

374 977 641 1036 petentes,
670 976 722 1021 et
756 967 917 1036 aliqui
949 968 1017 1020 ab
1048 967 1356 1021 hominibus
1396 965 1531 1020 fiunt
1554 982 1691 1036 quos
1720 975 1814 1020 aut
1838 966 1958 1037 phi-

376 1061 583 1128 losophi
623 1059 844 1122 faciunt,
869 1064 961 1109 aut
990 1065 1213 1125 prepter
1260 1056 1524 1110 idolorum
1549 1056 1753 1111 cultum
1784 1055 1955 1110 emol-

375 1151 579 1204 liuntur
602 1150 653 1202 in
675 1148 922 1212 feminas,
947 1147 1025 1201 vel
1056 1147 1402 1217 persuasione
1425 1146 1677 1200 haeretica
1702 1145 1957 1200 simulant

377 1240 716 1304 charitatem,
745 1247 805 1292 ut
834 1239 1159 1293 mentiantur
1186 1236 1463 1307 religionis
1509 1234 1826 1300 veritatem;
1861 1236 1955 1290 sed

374 1333 552 1390 nullus
586 1348 770 1387 eorum
797 1332 1146 1400 consequitur
1171 1347 1395 1403 regnum
1418 1331 1699 1396 cmlorum,
1733 1331 1835 1385 nisi
1863 1331 1955 1400 qui

375 1443 436 1483 se
461 1434 678 1496 propter
703 1412 976 1478 Christum
1007 1424 1348 1478 castraverit.
1381 1423 1535 1481 Unde
1575 1422 1735 1478 infert
1762 1443 1774 1477 :

449 1517 552 1584 Qui
576 1525 737 1587 potest
773 1533 954 1587 capere
984 1518 1178 1586 capiat.
1225 1515 1295 1571 Ut
1320 1515 1687 1585 unusquisque
1712 1517 1956 1571 conside-

377 1618 461 1663 ret
489 1609 631 1663 vires
660 1623 802 1671 suas,
840 1615 1023 1661 utrum
1066 1607 1238 1676 possit
1274 1606 1556 1675 virginalis
1597 1617 1653 1661 et
1687 1607 1956 1676 pudicitim

379 1698 597 1768 implere
626 1708 910 1769 praecepta.
944 1701 1047 1754 Per
1072 1717 1131 1756 se
1161 1702 1304 1756 enim
1335 1702 1573 1756 charitas
1611 1702 1802 1756 blanda
1847 1711 1950 1766 est,

377 1799 431 1845 et
461 1792 752 1859 quemlibet
772 1792 837 1844 ad
863 1808 920 1846 se
949 1793 1222 1857 alliciens;
1256 1793 1349 1845 sed
1377 1794 1783 1848 consideranda:
1816 1795 1954 1848 vires
1990 1768 2027 1824 Β

377 1887 523 1943 sunt,
554 1889 609 1934 ut
638 1880 727 1947 qui
752 1890 913 1949 potest
937 1898 1116 1951 capere
1143 1882 1334 1952 capiat;
1368 1881 1529 1949 Quasi
1561 1884 1827 1938 hortantis
1855 1900 1955 1937 vox

378 1970 588 2026 Domini
628 1980 729 2037 est,
763 1982 816 2027 et
856 1974 1055 2029 milites
1101 1990 1227 2029 suos
1272 1976 1337 2029 ad
1369 1976 1639 2044 pudicizire
1676 1976 1959 2044 praemium

377 2063 694 2117 concitantis
721 2079 735 2117 :
759 2064 861 2130 Qui
889 2076 1051 2135 potest
1081 2084 1261 2136 capere
1286 2068 1476 2138 capiat.
1512 2066 1612 2134 Qui
1654 2076 1830 2137 potest
1862 2082 1959 2138 puo

375 2169 540 2223 gnare
566 2163 782 2226 pugnet,
811 2164 1028 2226 superet
1054 2165 1109 2211 et
1138 2157 1449 2227 triumphet.

448 2246 537 2319 [ll]
568 2247 709 2303 Tunc
735 2250 895 2303 oblati
926 2260 1046 2305 sunt
1069 2252 1116 2305 ei
1144 2250 1371 2322 paruuli,
1398 2260 1455 2305 ut
1483 2268 1671 2307 manus
1696 2251 1769 2305 eis
1794 2252 1960 2321 impa-

377 2350 516 2394 ueret
563 2350 610 2395 et
640 2354 834 2395 oraret.
889 2343 1056 2408 Tunc,
1085 2344 1301 2413 quando
1326 2343 1586 2399 Dominus
1617 2344 1683 2399 de
1706 2344 1959 2400 castitate

381 2431 610 2488 faciebat
630 2448 955 2499 sermonem,
969 2445 1023 2489 et
1043 2435 1229 2491 beatos
1254 2436 1635 2507 pronuntiabat
1657 2439 1953 2492 eunuchos.

378 2520 453 2575 De
483 2521 648 2592 gloria
671 2525 814 2579 enim
835 2527 1179 2581 continentia:
1203 2528 1431 2582 Domino
1455 2528 1764 2598 proferente
1791 2538 1959 2600 atque

378 2609 623 2678 dicente,
655 2623 782 2669 sunt
823 2616 915 2684 qui
971 2632 1031 2672 se
1074 2618 1436 2673 eunucbizant
1479 2627 1701 2688 propter
1732 2635 1959 2691 regnum

379 2698 658 2754 cu‘lorum.
692 2702 985 2760 Audientes
1026 2706 1247 2774 quidam
1288 2706 1596 2761 obtulerunt
1619 2707 1698 2762 eis
1727 2706 1959 2763 infantes

377 2805 574 2859 pueros
595 2791 658 2846 de
681 2794 927 2849 eastitate
953 2795 1352 2851 mundissimos.
1370 2797 1637 2851 Putabant
1656 2796 1801 2853 enim
1817 2797 1959 2868 quod

380 2877 638 2949 Dominus
680 2898 905 2952 corpore
947 2885 1174 2940 mundos
1224 2893 1431 2943 tantum
1465 2885 1710 2941 laudaret
1753 2903 1862 2942 non
1905 2896 1961 2943 et

378 2966 672 3035 voluntate,
706 2973 1004 3027 nescientes
1030 2974 1171 3043 quod
1205 2974 1459 3032 Dominus
1497 2993 1605 3032 non
1632 2976 1753 3032 illos
1788 2979 1960 3034 beati-

380 3055 561 3113 ficavit
587 3063 886 3129 eunuchos,
913 3079 1048 3134 quos
1086 3067 1331 3135 pueritiae
1370 3069 1665 3125 necessitas
1703 3069 1833 3126 facit
1866 3086 1955 3127 ca-

378 3156 511 3214 stos,
530 3151 624 3205 sed
650 3153 995 3211 continentiae
1020 3158 1211 3215 virtus.
1380 3212 1390 3223 ,

447 3240 706 3333 Discipuli
752 3255 927 3299 autem
967 3249 1302 3333 increpabant
1346 3269 1453 3308 eos.
1499 3250 1791 3327 (Hieron.)
1840 3254 1958 3313 Non

379 3332 521 3400 quod
544 3333 745 3388 nollent
770 3336 849 3391 eis
880 3335 1173 3395 Salvatoris
1196 3332 1249 3395 et
1274 3357 1435 3397 manu
1460 3351 1513 3397 et
1540 3359 1671 3400 voce
1689 3344 1959 3411 benedici,

377 3422 471 3478 sed
506 3438 613 3493 quo
640 3425 869 3480 necdum
909 3428 1166 3485 habentes
1196 3431 1559 3499 plenissimam
1591 3433 1783 3497 ﬁdem,
1811 3443 1965 3503 puta-

378 3521 501 3569 rent
524 3529 645 3570 eum
674 3516 729 3570 in
762 3516 1166 3575 similitudinem
1190 3520 1467 3576 hominum
1497 3521 1835 3578 offerentium
1860 3523 1963 3577 im-

377 3605 709 3676 portunitate
738 3605 948 3663 lassari.

447 3697 600 3752 Jesus
630 3714 750 3754 vero
777 3701 849 3753 ait
878 3700 953 3755 eis
977 3716 995 3754 :
1018 3700 1188 3755 Sinite
1215 3700 1460 3773 parvulos
1488 3701 1656 3756 venire
1678 3702 1748 3755 ad
1783 3718 1887 3767 me,
1913 3712 1960 3756 et

377 3789 534 3844 nolite
566 3808 652 3846 eos
691 3792 959 3861 prohibere
1003 3792 1073 3847 ad
1117 3810 1198 3848 me
1238 3793 1662 3849 venire:talium
1709 3805 1782 3848 est
1822 3795 1960 3847 enim

377 3895 592 3949 regnum
614 3880 878 3936 caelorum.
907 3880 1198 3951 Signanter
1221 3884 1356 3938 dixit
1374 3884 1560 3939 talium
1588 3901 1699 3939 non
1717 3886 1957 3949 istorum,

377 3974 442 4020 ut
464 3968 773 4023 ostenderet
799 3985 904 4023 non
926 3978 1139 4025 artatem
1165 3986 1414 4042 regnare,
1437 3972 1530 4026 sed
1553 3985 1754 4027 mores.
1786 3973 1853 4027 Et
1876 3972 1961 4027 his

378 4056 468 4125 qui
510 4058 742 4112 similem
770 4059 1034 4114 baberent
1075 4060 1439 4115 innocentiam
1468 4069 1525 4115 et
1559 4061 1959 4132 simplicitatem

376 4151 657 4220 praemium
708 4154 1006 4223 repromitti
1035 4152 1325 4223 :Apostolo
1360 4170 1574 4222 quoque
1618 4155 1671 4209 in
1712 4154 1960 4208 eamdem

376 4242 698 4297 sententiam
726 4252 1055 4314 congruente
1095 4244 1405 4315 frequenter
1429 4258 1442 4297 :
1470 4243 1649 4298 Nolite
1676 4244 1823 4314 pueri
1846 4242 1964 4311 fieri

376 4333 632 4399 sensibus,
672 4335 764 4389 sed
800 4334 1008 4389 malitia
1053 4345 1211 4389 estote
1250 4334 1475 4406 parvuli,
1500 4351 1655 4389 sensu
1701 4343 1875 4389 autem
1905 4341 1961 4386 ut

374 4424 589 4494 perfecti
616 4426 730 4480 sitis
752 4426 804 4497 (Ι
832 4425 955 4481 Cor.
976 4426 1111 4499 κη’).

452 4513 516 4567 Et
542 4532 661 4568 cum
685 4517 1011 4586 imposuisset
1046 4519 1120 4572 eis
1150 4534 1360 4582 manus,
1392 4518 1516 4577 abiit
1552 4518 1693 4571 inde.
1731 4516 1957 4589 (Ma-cu.)

377 4601 608 4671 lmponit
636 4616 764 4672 ergo
804 4604 1063 4660 Dominus
1108 4606 1347 4676 paruulis
1376 4622 1589 4669 mamts,
1621 4607 1837 4676 quando
1862 4608 1959 4662 hu—

378 4692 597 4747 milibus
621 4692 808 4746 auxilii
837 4695 916 4747 sui
945 4695 1173 4764 gratiam
1203 4694 1423 4759 tribuit,
1456 4702 1510 4750 et
1536 4696 1828 4750 secundum
1862 4711 1958 4749 vo-

376 4780 639 4835 luntatem
686 4796 839 4836 suam
887 4783 1072 4854 dirigit
1107 4791 1163 4837 ut
1201 4785 1255 4838 in
1292 4785 1542 4840 munibus
1591 4785 1705 4840 suis
1751 4786 1958 4854 possint

373 4872 596 4942 obsequi
639 4873 939 4942 praeceptis.
976 4874 1126 4930 Unde
1159 4883 1223 4930 et.
1249 4877 1460 4931 adeum
1496 4892 1591 4946 per
1614 4876 1955 4933 Psalmistam

374 4961 615 5021 dicitur}
643 4962 876 5020 Teuuisti
918 4982 1131 5020 mam
1168 4968 1435 5023 dexteram
1471 4984 1659 5031 meam,
1692 4976 1744 5021 et
1770 4968 1823 5020 in
1868 4983 1957 5021 vo-

372 5057 572 5113 luntate
627 5068 720 5111 tua
762 5056 1026 5114 deduxisti
1086 5076 1167 5114 me
1219 5058 1403 5114 (Psal.
1456 5076 1674 5125 Lxxn),
1722 5068 1783 5114 et
1830 5058 1955 5112 reli-

373 5161 500 5217 qua.

444 5236 517 5291 Et
540 5255 654 5293 ecce
680 5255 821 5294 unus
847 5240 1096 5295 accedens
1125 5239 1205 5291 ait
1228 5237 1306 5292 illi
1329 5254 1348 5293 :
1372 5237 1625 5308 Magister
1656 5236 1802 5301 bone,
1829 5235 1955 5307 quid

374 5330 494 5385 boni
519 5331 721 5402 faciam
740 5345 793 5387 ut
816 5333 1037 5387 habeam
1061 5334 1221 5387 vitam
1243 5333 1530 5388 aeternam?
1552 5331 1732 5404 (33.13.)
1765 5331 1952 5385 Audie-

375 5432 481 5486 rat,
513 5424 694 5487 credo,
743 5424 847 5479 iste
891 5425 1147 5493 quaesitor
1194 5424 1318 5478 vita:
1363 5432 1599 5487 aeternae,
1648 5439 1683 5476 a
1731 5421 1957 5476 Domino

374 5518 591 5565 tantmn
615 5527 710 5567 eos
736 5511 831 5583 qui
857 5512 1202 5582 parvulorum
1238 5511 1436 5568 vellent
1479 5526 1599 5567 esse
1641 5511 1845 5566 similes
1873 5511 1955 5565 di-

374 5618 507 5673 [tuos
548 5620 666 5660 esse
697 5605 916 5661 introitu
956 5608 1107 5677 regni
1134 5607 1388 5662 scelestis.
1423 5604 1596 5674 Atque
1624 5605 1744 5660 ideo
1771 5620 1956 5659 curam

376 5706 577 5765 gerens
600 5703 861 5752 tractatus
889 5698 1155 5757 certioris,
1190 5698 1361 5767 poscit
1399 5696 1501 5752 sibi
1533 5710 1636 5752 non
1668 5709 1764 5766 per
1801 5709 1958 5766 para—

2058 529 2181 566 nam
2208 514 2463 581 consequi
2499 515 2687 582 possit,
2723 516 2957 583 exponi-

2131 606 2271 671 Quid
2301 605 2434 660 dixit
2464 607 2511 659 ei
2535 623 2553 659 :
2578 604 2719 671 Quid
2747 624 2829 661 me
2866 609 3159 678 interrogas
3182 607 3250 663 de
3278 610 3415 664 bona
3437 609 3465 665 7
3504 609 3658 668 Unas

2058 704 2132 749 est
2164 695 2326 749 bonus
2358 696 2518 749 Deus.
2542 696 2816 767 (lIieron.)
2846 697 2980 764 Quia
3008 700 3331 769 magistrum
3362 714 3658 758 vocaverat

2057 789 2281 853 bonum,
2309 795 2363 841 et
2394 805 2497 843 non
2534 790 2697 842 Deum
2729 789 2810 843 vel
2845 791 2934 845 Dei
2980 790 3174 844 Filium
3204 790 3487 847 confessus
3511 802 3656 853 erat,

2059 882 2220 936 discit
2247 881 2492 951 quamvis
2530 890 2775 935 sanctum
2806 882 3079 936 hominem
3124 882 3530 952 comparatione
3558 884 3655 939 Del

2059 988 2165 1026 non
2214 987 2334 1027 esse
2376 987 2596 1027 nonum.
2630 972 2705 1025 De
2743 987 2852 1041 quo
2898 971 3128 1026 dicitur:
3160 971 3499 1041 Conﬁtemini
3538 973 3655 1027 Do-

2058 1063 2219 1126 mino,
2260 1062 2506 1133 quoniam
2554 1062 2716 1115 bonus
2744 1060 2918 1133 (Psal.
2969 1061 3163 1132 exvit).
3194 1060 3272 1116 Ne
3314 1061 3438 1130 quis
3467 1072 3652 1117 autem

2057 1164 2211 1225 putet
2236 1155 2287 1208 in
2320 1170 2384 1210 eo
2411 1153 2552 1223 quod
2583 1154 2759 1208 bonus
2791 1153 2933 1208 Deus
2964 1154 3166 1208 dicitur
3190 1152 3403 1209 excludi
3435 1168 3464 1206 a
3495 1155 3652 1209 boni-

2060 1257 2171 1303 tate
2198 1246 2391 1301 Filium
2422 1246 2549 1311 Dei,
2586 1245 2816 1315 legimus
2844 1246 2897 1300 in
2928 1245 3033 1299 alio
3054 1246 3220 1301 loco:
3250 1243 3446 1300 Pastor
3484 1247 3650 1301 bonus

2060 1339 2204 1408 ponit
2236 1339 2467 1391 animam
2490 1353 2649 1390 suam
2683 1353 2775 1405 pro
2808 1337 2985 1391 oribus
3013 1339 3124 1390 suis
3148 1337 3331 1407 (Joan.
3374 1338 3455 1408 ι).
3497 1339 3563 1393 Et
3596 1340 3652 1393 in

2060 1426 2324 1496 PrOpheta
2375 1426 2635 1496 Spiritum
2657 1426 2858 1480 bonum
2888 1434 3197 1496 terramque
3227 1428 3443 1482 bonam.
3476 1428 3646 1500 Igitur

2060 1525 2115 1570 et
2165 1500 2421 1569 Salvator
2450 1530 2554 1569 non
2604 1514 2859 1569 bonitatis
2910 1516 3277 1572 testimonium
3320 1519 3517 1582 renuit,
3549 1518 3645 1573 sed

2061 1606 2300 1677 magistri
2333 1607 2535 1674 absque
2567 1606 2674 1658 Deo
2698 1605 2923 1659 exclusit
2951 1621 3217 1661 errorem.

2136 1696 2193 1750 Si
2215 1706 2388 1750 autem
2417 1698 2490 1749 vis
2513 1694 2580 1748 ad
2606 1697 2760 1749 vitam
2782 1696 3004 1765 ingredi,
3026 1714 3173 1751 serva
3197 1697 3471 1751 mandata.
3507 1698 3649 1754 Dicit

2057 1789 2135 1844 illi
2158 1803 2175 1841 :
2195 1789 2325 1855 Qum
2343 1790 2366 1841 I’
2384 1786 2541 1841 Jesus
2564 1796 2735 1840 autent
2759 1788 2893 1840 dixit
2917 1787 3074 1842 :Non
3098 1789 3439 1842 homicidium
3463 1788 3648 1859 facies,

2058 1895 2159 1932 non
2206 1877 2549 1941 adulterabis,
2582 1893 2684 1930 non
2718 1877 2878 1947 facies
2913 1878 3144 1948 furtum,
3189 1895 3293 1933 non
3334 1878 3532 1948 falsum
3569 1891 3650 1935 te—

2056 1974 2356 2026 stimonium
2384 1974 2541 2027 dices.
2574 1972 2791 2027 Honora
2818 1983 3019 2043 patrem
3041 1983 3088 2027 et
3114 1984 3357 2039 matrem,
3387 1984 3435 2029 et
3462 1976 3643 2047 diliges

2055 2066 2351 2137 proximum
2396 2075 2543 2119 tuum
2570 2066 2704 2120 sicut
2729 2076 2776 2120 te
2799 2067 2990 2135 ipsum.
3022 2065 3435 2122 Adolescentem
3487 2068 3644 2124 istum

2061 2163 2380 2210 tentatorem
2419 2170 2539 2210 esse
2582 2170 2647 2209 ex
2678 2170 2744 2209 eo
2772 2153 3003 2223 probare
3046 2171 3352 2225 possumus,
3386 2157 3529 2226 quod
3558 2159 3639 2211 di-

2057 2254 2215 2301 cente
2238 2246 2341 2301 sibi
2369 2246 2613 2308 Omnino,
2643 2245 2702 2301 Si
2732 2246 2806 2300 vis
2834 2245 2904 2297 ad
2924 2246 3079 2299 vitam
3104 2246 3295 2310 venire,
3320 2263 3469 2301 serva
3493 2264 3642 2302 mart-

2057 2342 2206 2403 data,
2237 2355 2450 2395 rursum
2498 2338 2864 2393 fraudulenter
2891 2337 3206 2408 interrogat,
3238 2353 3361 2408 quae
3402 2338 3512 2393 sint
3556 2339 3642 2394 illa

2059 2431 2333 2495 mandata,
2356 2429 2511 2501 quasi
2546 2444 2654 2484 non
2680 2429 2795 2499 ipse
2821 2427 3030 2498 legerit,
3060 2439 3152 2483 aut
3192 2428 3452 2483 Dominus
3478 2429 3645 2501 possit

2061 2519 2168 2574 Deo
2190 2518 2382 2588 jubere
2415 2518 2714 2573 contraria.

2126 2613 2265 2667 Dicit
2310 2612 2389 2664 illi
2432 2610 2773 2665 adolescens:
2798 2608 2987 2665 Omnia
3026 2609 3140 2667 hac
3189 2608 3474 2673 custodiri,
3519 2610 3643 2680 quid

2058 2705 2229 2761 adhuc
2255 2700 2380 2757 mihi
2415 2686 2596 2759 deest?
2623 2701 2880 2757 Mentitur
2908 2701 3256 2767 adolescens;
3289 2703 3334 2756 si
3370 2702 3510 2755 enim
3542 2705 3639 2756 hoc

2057 2796 2199 2866 quod
2252 2795 2485 2865 positum
2541 2802 2626 2850 est
2673 2794 2727 2847 in
2780 2792 3315 2863 mandatis:Diliges
3344 2795 3640 2863 proximum

2057 2895 2205 2941 tuum
2248 2886 2379 2940 sicut
2427 2894 2477 2939 te
2516 2886 2714 2955 ipsum,
2763 2899 2925 2955 opere
2974 2883 3330 2954 complesset,
3378 2885 3641 2953 quomodo

2057 2986 2245 3050 postea
2266 2977 2517 3033 audiens:
2540 2977 2700 3043 Vade,
2717 2987 2764 3031 et
2786 2977 2943 3031 vende
2962 2976 3138 3031 omnia
3158 2993 3275 3049 qua:
3300 2977 3481 3040 habes,
3504 2984 3550 3030 et
3574 2978 3641 3030 da

2059 3069 2393 3140 pauperibus,
2417 3070 2588 3126 tristis
2610 3070 2853 3133 recessit,
2875 3068 3001 3140 quia
3026 3067 3258 3123 habebat
3278 3062 3641 3139 possessiones

2062 3160 2275 3217 multas.

2131 3250 2215 3305 Ait
2264 3250 2343 3306 illi
2389 3250 2544 3306 Iesus
2569 3269 2587 3307 :
2613 3249 2671 3307 Si
2717 3253 2792 3307 vis
2834 3251 3095 3321 perfectus
3143 3266 3272 3312 esse,
3304 3249 3459 3314 vade,
3487 3248 3640 3303 tende

2061 3357 2177 3412 qua:
2222 3341 2399 3407 habes,
2438 3352 2486 3397 et
2530 3342 2599 3397 da
2637 3342 2967 3413 pauperibus,
2995 3349 3046 3395 et
3080 3340 3290 3395 habebis
3342 3340 3638 3394 thesaurum

2060 3433 2117 3486 in
2157 3432 2305 3487 caelo.
2340 3433 2408 3486 Et
2444 3435 2577 3497 veni,
2600 3450 2812 3505 sequere
2835 3450 2934 3487 me.
2965 3432 3022 3486 ln
3048 3439 3318 3503 potestate
3348 3440 3528 3486 nostra
3557 3435 3643 3485 est

2060 3532 2242 3578 utrum
2282 3523 2510 3580 velimus
2534 3539 2653 3580 esse
2678 3523 2932 3594 perfecti;
2971 3531 3153 3578 tamen
3183 3522 3489 3592 quicunque
3516 3534 3642 3589 per-

2061 3615 2234 3672 fectus
2259 3630 2378 3672 esse
2398 3615 2629 3672 voluerit
2652 3615 2810 3669 debet
2830 3614 3064 3669 vendere
3096 3628 3217 3682 quae
3239 3612 3423 3675 habet,
3451 3620 3504 3666 et
3530 3624 3637 3664 non

2061 3723 2128 3763 ex
2173 3713 2325 3776 parte
2368 3707 2598 3761 vendere
2642 3704 2782 3760 sicut
2826 3703 3067 3758 Ananias
3114 3702 3279 3767 fecit,
3316 3710 3373 3757 et
3414 3699 3641 3771 Saphira

2063 3797 2200 3870 (Act.
2230 3795 2307 3869 v),
2339 3796 2432 3861 sed
2460 3803 2632 3850 totum
2670 3795 2935 3860 vendere;
2958 3801 3015 3849 et
3038 3808 3160 3848 cum
3191 3792 3492 3847 vendiderit
3514 3790 3644 3846 dare

2060 3892 2240 3946 omnia
2269 3889 2612 3960 pauperibus,
2645 3897 2701 3943 et
2736 3889 2814 3943 sic
2858 3889 2958 3944 sibi
2997 3902 3300 3958 pmparare
3336 3887 3642 3941 thesaurum

2062 3980 2116 4035 in
2145 3995 2308 4050 regno
2338 3978 2617 4034 caelorum.
2661 3978 2771 4033 Nec
2793 3979 2897 4035 hoc
2921 3978 2986 4032 ad
3013 3976 3401 4047 perfectionem
3430 3973 3639 4036 sufﬁcit,

2062 4071 2163 4126 nisi
2206 4079 2323 4140 post
2369 4076 2705 4138 contemptas
2750 4068 2965 4123 divitias
2998 4066 3338 4123 Salvatorem
3368 4071 3641 4135 sequatur,

2063 4161 2115 4215 id
2144 4169 2222 4215 est
2248 4160 2449 4216 relictis
2475 4159 2629 4214 malis
2658 4158 2821 4213 faciat
2840 4159 2979 4217 bona
3001 4174 3016 4212 :
3040 4157 3252 4212 facilius
3281 4158 3428 4211 enim
3456 4171 3644 4211 saccu-

2062 4251 2145 4307 lus
2173 4251 2533 4306 contemnitur
2558 4265 2717 4320 quam
2744 4248 3009 4305 voluntas.
3054 4242 3206 4303 Multi
3235 4247 3453 4303 divitias
3479 4246 3642 4301 relin-

2062 4349 2288 4410 quentes
2308 4341 2473 4395 Deum
2504 4354 2611 4394 non
2641 4334 2968 4409 sequuntur;
3003 4338 3251 4409 sequitur
3278 4345 3460 4393 autem
3488 4335 3644 4391 Chri-

2063 4438 2205 4484 stum
2232 4429 2328 4499 qui
2352 4429 2595 4483 imitator
2616 4429 2733 4498 ejus
2758 4436 2862 4493 est,
2894 4436 2950 4483 et
2982 4443 3081 4499 per
3103 4428 3330 4500 vestigia
3373 4426 3489 4496 ejus
3521 4440 3643 4497 gra-

2062 4520 2226 4575 ditur.
2262 4520 2367 4586 Qui
2403 4521 2541 4574 enim
2585 4519 2710 4574 dicit
2753 4536 2807 4573 se
2843 4518 2899 4573 iu
2928 4518 3194 4573 Christum
3234 4517 3465 4581 credere,
3498 4515 3644 4569 debet

2060 4612 2319 4683 quomodo
2346 4611 2435 4666 ille
2458 4611 2739 4667 ambulavit
2770 4622 2819 4666 et
2850 4612 2959 4682 ipse
2983 4610 3255 4666 ambulare
3284 4610 3335 4682 (ι
3365 4609 3525 4664 Joan.
3558 4608 3640 4678 ll).

2065 4701 2245 4773 (Ras)
2280 4700 2418 4757 Ecce
2448 4703 2583 4757 duas
2611 4718 2641 4757 a
2671 4702 2898 4757 Domino
2924 4710 3111 4757 nostro
3142 4700 3271 4758 Iesu
3300 4700 3519 4756 Christo
3541 4702 3642 4756 bo-

2063 4791 2298 4846 miuibus
2318 4791 2622 4861 propositas
2644 4792 2785 4846 vitas
2819 4792 3146 4854 audivimus.
3173 4791 3407 4845 activam
3434 4796 3490 4845 et
3515 4801 3644 4844 con-

2064 4880 2426 4949 templativam
2455 4899 2470 4934 :
2495 4882 2669 4936 activa
2696 4881 3059 4952 vitapertinet
3084 4881 3152 4936 ad
3179 4880 3376 4952 legem.
3404 4887 3644 4935 contem-

2058 4967 2260 5040 plativa
2307 4970 2374 5024 ad
2426 4968 2770 5041 Evangelium
2801 4972 2966 5041 :quia
3015 4972 3157 5026 sicut
3210 4968 3381 5025 Vetus
3437 4968 3642 5023 Novum

2058 5059 2335 5129 prmcessit
2387 5056 2795 5115 Testamentum
2822 5100 2838 5125 ,
2884 5060 2958 5114 ita
3011 5075 3153 5116 oena
3203 5060 3347 5114 actio
3389 5057 3641 5129 praecedit

2059 5147 2585 5217 contemplationem.
2608 5147 2794 5203 Activa
2808 5149 2917 5204 vita
2939 5150 3027 5211 hic
3045 5148 3209 5205 habet
3229 5147 3638 5218 perfectionem;

2060 5238 2472 5308 contemplativa
2515 5238 2642 5315 licet
2672 5239 2761 5293 hic
2806 5239 3001 5294 habeat
3046 5238 3283 5304 initium,
3312 5253 3422 5293 non
3464 5245 3639 5291 tamen

2060 5331 2112 5384 in
2142 5330 2243 5385 hac
2275 5330 2402 5392 vita,
2443 5328 2545 5384 sed
2567 5316 2909 5385 in'mternum
2954 5328 3191 5385 inveniet
3229 5326 3635 5399 perfectionem.

2062 5420 2252 5475 Aetiva
2292 5422 2401 5475 vita
2432 5420 2485 5476 in
2514 5421 2617 5475 hac
2647 5420 2864 5490 quidem
2910 5420 3019 5474 vita
3061 5419 3177 5474 sine
3222 5415 3639 5487 contemplativa

2063 5525 2184 5567 esse
2226 5518 2435 5582 potest;
2465 5510 2872 5580 contemplativa
2927 5525 3055 5565 vero
3096 5509 3215 5564 sine
3249 5508 3427 5563 activa
3459 5506 3511 5563 in
3538 5505 3639 5559 hac

2065 5603 2172 5657 vita
2201 5603 2586 5675 perfectionem
2610 5604 2851 5658 invenire
2879 5618 2983 5658 non
3008 5602 3169 5657 valet.
3200 5600 3279 5655 Ita
3309 5599 3457 5656 enim
3479 5608 3639 5653 unus-

2063 5694 2290 5766 quisque
2332 5693 2569 5751 tidelium
2597 5709 2626 5748 a
2658 5693 2766 5749 Deo
2796 5694 2848 5750 in
2877 5696 2977 5751 hac
3006 5697 3112 5750 vita
3148 5692 3426 5749 institutus
3451 5696 3554 5746 est.
3585 5687 3640 5735 ιιι
