3998 6188
299 279 443 337 ,1021

1259 279 1611 337 CDMMENT.
1652 277 1719 336 ΙΝ
1758 277 2194 343 ΜΑΤΤΗιΕυΜ.
2232 316 2304 327 -
2339 286 2466 344 LIB.
2508 289 2588 349 Vl.

3420 303 3558 361 {023

272 366 359 445 ὀί
382 404 480 460 per
506 386 829 487 exteriorem
870 388 1143 447 hominem
1162 433 1177 456 ,
1205 392 1349 461 quod
1375 401 1459 449 est
1486 407 1708 487 corpus,
1738 408 1878 449 sem-
1901 396 1956 455 A
1978 394 2113 487 alios
2126 396 2385 487 hortatur
2408 420 2421 455 :
2444 402 2650 459 Divitiae
2676 405 2723 459 si
2747 406 2983 477 afﬂuant,
3011 408 3169 466 nolite
3190 428 3279 467 cor
3304 431 3562 487 apponere

302 496 400 551 per
422 480 637 535 studeat
663 482 861 535 bonum
891 496 1145 538 exercere
1163 497 1319 553 opus,
1344 491 1400 539 et
1423 499 1519 553 per
1541 484 1878 552 interiorem,

301 572 446 643 quod
471 579 556 628 est
596 573 793 639 anima,
821 566 1022 643 vacare
1052 574 1267 630 studeat
1305 576 1767 646 contemplationi.
1799 576 1879 633 Ad

300 664 534 721 activam
558 665 725 721 vitam
755 666 990 734 pertinet
1012 684 1025 720 :
1051 665 1172 720 Non
1202 668 1541 723 homicidium
1570 668 1754 737 facies,
1775 685 1881 723 non

297 754 650 820 adultorabis,
675 771 780 811 non
806 755 969 825 facies
1008 755 1231 825 furtum,
1257 764 1311 811 et
1341 765 1538 812 cetera
1563 756 1701 828 legis
1729 773 1880 811 man-

298 844 443 909 data.
475 845 1053 916 Ad-contemplativam
1076 864 1089 901 :
1116 845 1172 902 Si
1199 848 1273 901 vis
1296 847 1554 917 perfectus
1576 864 1704 911 esse,
1726 848 1877 912 vade,

295 946 345 993 et
374 937 532 991 vende
553 938 729 991 omnia
748 954 864 1008 qua:
884 938 1064 1003 habes,
1087 948 1135 991 et
1154 938 1223 991 da
1245 938 1579 1007 pauperibus,
1597 948 1645 992 et
1668 937 1880 993 habebis

297 1025 598 1083 thesaurum
622 1027 676 1079 in
711 1024 871 1091 cado;
894 1036 940 1078 ct
974 1026 1107 1092 veni,
1143 1040 1353 1103 sequere
1378 1041 1479 1080 me.

368 1111 501 1169 Cum
522 1104 752 1173 audisset
771 1125 944 1170 autem
967 1114 1265 1170 adolescens
1288 1115 1660 1181 verbum,abiit
1686 1118 1875 1171 tristis.

295 1203 430 1263 Erat
462 1208 602 1259 enim
626 1204 819 1261 habens
848 1204 1038 1259 multas
1066 1206 1433 1275 possessiones.
1460 1204 1727 1279 (Hierom)
1755 1206 1880 1261 [iure

291 1302 381 1355 est
407 1293 626 1353 tristitia
652 1308 772 1364 quae
811 1294 957 1350 ducit
994 1292 1063 1349 ad
1098 1303 1347 1349 mortem.
1379 1293 1662 1365 Causaque
1708 1296 1880 1351 tristi-

292 1384 384 1440 tiae
413 1383 676 1459 redditur,
705 1384 849 1455 quod
890 1383 1138 1443 habuerit
1181 1384 1550 1455 possessiones
1579 1383 1797 1450 multas,
1827 1385 1880 1440 id

288 1484 379 1533 est
419 1475 601 1547 spinas
651 1483 708 1530 et
756 1474 1001 1540 tribulos,
1033 1490 1152 1545 quae
1198 1481 1494 1530 sementem
1542 1473 1878 1532 Dominieam

290 1566 716 1623 sull'ocaverunt.

306 1694 311 1695 ν
359 1659 517 1715 Iesus
551 1670 726 1715 autent
762 1644 893 1715 dixit
935 1658 1205 1730 discipulis
1232 1660 1360 1726 suis,
1392 1660 1555 1715 Amen
1578 1660 1694 1717 dico
1732 1659 1875 1714 vobis

287 1750 415 1820 quia
454 1750 595 1805 dives
632 1750 837 1820 diﬁicile
880 1751 1091 1805 intrabit
1142 1751 1197 1804 in
1250 1768 1461 1821 regnum
1492 1751 1760 1806 caelorum.
1809 1751 1875 1805 Et
1902 1730 1951 1790 Β

286 1842 561 1915 quomodo
587 1840 878 1904 Abraham,
907 1841 1085 1905 Isaac,
1118 1840 1284 1896 Jacob
1309 1841 1499 1896 divites
1540 1842 1877 1895 intraverunt

287 1929 349 1986 in
378 1946 602 2003 regnum
633 1931 929 1989 caelorum?
950 1940 1005 1986 et
1049 1934 1101 1987 in
1132 1932 1417 2002 Evangelia
1446 1931 1743 1993 Matthzeus,
1770 1932 1874 1985 Ζίμ

287 2026 476 2081 cliteus
519 2025 719 2082 divitiis
755 2025 1026 2082 derelictis
1072 2026 1280 2083 Domini
1327 2027 1635 2081 testimonio
1683 2025 1873 2094 ιπερτῆ-

285 2124 507 2172 cantur.
533 2116 636 2171 Sed
662 2118 1113 2181 considerandum
1139 2117 1278 2188 quod
1302 2131 1367 2172 eo
1396 2126 1634 2186 tempore
1660 2134 1770 2188 quo
1795 2118 1879 2172 in-

291 2214 592 2270 traverunt,
646 2206 841 2261 divites
892 2221 1012 2265 esse
1042 2207 1336 2262 desierant.
1372 2207 1579 2261 Tauliu
1608 2223 1737 2279 ergo
1768 2222 1873 2263 non

291 2297 591 2361 intrabunt,
636 2298 872 2367 quandiu
916 2299 1108 2354 divites
1145 2299 1363 2354 fuerint.
1409 2300 1475 2355 Et
1521 2307 1700 2356 tamen
1747 2301 1875 2370 quia

290 2387 578 2445 dilliculter
615 2389 816 2444 divitiae
854 2399 1292 2453 contemnuntur,
1319 2406 1425 2443 non
1468 2390 1601 2445 dixit
1630 2391 1877 2460 impossi-

294 2477 403 2535 bile
428 2488 513 2535 est
556 2478 750 2533 divites
785 2479 843 2535 in
869 2494 1034 2549 regna
1063 2479 1322 2535 caelorum
1355 2480 1582 2544 intrare,
1606 2478 1702 2534 sed
1739 2480 1873 2550 di/ﬁ-

293 2568 425 2634 cilc;
454 2569 543 2624 ubi
579 2568 793 2624 dillieile
827 2572 1065 2643 ponitur,
1090 2586 1194 2627 non
1226 2572 1630 2641 impossibilitas
1659 2574 1878 2629 demon-

294 2669 525 2733 stratur,
553 2659 647 2717 sed
678 2664 871 2718 raritas
906 2665 1272 2733 prmtenditur.
1299 2664 1479 2736 (llam)
1510 2665 1667 2735 Quod
1697 2672 1876 2719 autem

292 2750 453 2811 Jesus
491 2752 679 2809 videns
722 2754 945 2808 divitem
989 2755 1193 2809 tristem
1249 2753 1468 2817 factum,
1492 2752 1645 2821 juxta
1676 2753 1881 2809 Lucam

295 2836 434 2897 dixit
459 2858 473 2895 :
501 2839 669 2907 Quam
714 2841 918 2912 difﬁcile
951 2843 1039 2915 qui
1064 2844 1309 2914 pecunias
1348 2844 1557 2908 habent,
1586 2844 1643 2897 in
1665 2859 1879 2911 regnum

294 2931 398 2993 Dei
448 2932 716 2988 intrabunt
751 2933 911 3006 (Luc.
945 2935 1107 3006 xvut)
1133 2976 1149 2999 ,
1180 2936 1350 2992 claret
1393 2936 1613 3005 quidem
1655 2936 1715 2989 in
1751 2936 1875 3000 hoc,

294 3025 427 3094 quia
450 3027 543 3095 qui
573 3026 661 3082 hic
699 3026 1115 3097 multiplicandis
1153 3028 1354 3085 divitiis
1384 3030 1719 3093 incumbunt,
1744 3027 1879 3093 alte-

296 3117 414 3170 rius
440 3116 563 3171 vita:
586 3116 780 3186 gaudia
811 3132 1053 3185 quaerere
1089 3126 1457 3173 contemnunt.
1490 3117 1592 3173 Sed
1617 3118 1759 3173 inter
1787 3134 1881 3188 pe-

293 3208 490 3262 cunias
531 3208 733 3263 habere
757 3217 813 3264 et
842 3210 1098 3278 pecunias
1127 3226 1311 3266 amare
1343 3210 1595 3265 nonnulla
1622 3211 1881 3265 distantia

293 3306 401 3353 est.
434 3298 587 3357 Multi
607 3300 756 3357 enim
775 3300 1032 3355 habentes
1056 3318 1161 3356 non
1190 3310 1401 3367 amant;
1431 3305 1556 3356 item
1584 3302 1674 3356 alii
1702 3310 1759 3357 et,
1782 3303 1878 3357 ha-

292 3389 459 3456 bent,
490 3399 546 3445 et
574 3400 787 3456 amant;
817 3392 906 3447 alii
934 3408 1035 3447 nec
1062 3393 1257 3447 habere
1275 3434 1289 3457 ,
1321 3408 1424 3447 nec
1450 3407 1632 3447 amare
1660 3408 1720 3448 se
1746 3394 1881 3447 divi-

292 3481 413 3545 tias.
438 3482 618 3537 surculi
646 3483 897 3553 gaudent.
942 3481 1179 3547 Quorum
1220 3483 1385 3538 tutior
1425 3491 1601 3539 status
1632 3492 1716 3537 est
1756 3498 1885 3539 cum

276 3570 557 3643 ⁸Αροείιοιο
580 3572 908 3627 dicentium:
944 3572 1106 3627 Nobis
1150 3574 1374 3628 mundus
1399 3574 1682 3642 cruciﬁxus
1720 3584 1794 3629 est
1831 3584 1885 3629 et

293 3680 394 3719 nos
420 3662 615 3721 mundo
643 3661 786 3734 (Gal.
816 3663 911 3732 γι).
960 3663 1116 3718 Unde
1134 3674 1190 3719 et
1217 3662 1473 3721 Salomon
1501 3681 1606 3719 non
1639 3665 1715 3718 ait
1739 3683 1751 3717 :
1777 3665 1883 3731 Qui

296 3753 486 3821 habet,
515 3755 610 3809 sed
651 3754 743 3824 qui
783 3763 924 3808 amat
962 3754 1190 3816 divitias,
1222 3753 1426 3822 fructus
1468 3770 1570 3806 non
1608 3754 1771 3821 capiet
1816 3769 1882 3807 ea

291 3844 375 3899 eis
405 3841 572 3915 (Eccl.
614 3843 689 3914 γ).
738 3842 802 3896 Ει
844 3843 959 3911 ipse
1004 3843 1261 3899 Dominus
1307 3842 1600 3899 secuntbun
1641 3840 1885 3897 Marcum

291 3933 804 4011 obstupescentibus
846 3932 896 3987 in
935 3932 1115 3986 verbis
1152 3931 1373 4001 huiusce
1412 3932 1689 3985 sententia:
1716 3932 1881 3985 disci.

291 4026 439 4095 pulis
468 4025 787 4095 exponendo
816 4023 1092 4091 subiunxit
1115 4040 1129 4078 :
1153 4022 1355 4087 Filioli,
1382 4038 1539 4094 quam
1563 4020 1766 4091 diﬁicile
1806 4028 1883 4077 est

262 4144 263 4147 η
290 4113 616 4183 conﬁdentes
638 4115 692 4169 in
717 4114 950 4186 pecuniis
974 4129 1189 4183 regnum
1222 4108 1316 4165 Dei
1342 4110 1555 4165 introire
1581 4108 1772 4182 (Marc.
1801 4107 1885 4180 x)‘,

290 4205 388 4258 ubi
414 4205 705 4259 notandum
729 4206 976 4260 similiter
1000 4205 1161 4276 quod,
1180 4205 1320 4259 sicut
1348 4219 1509 4273 supra
1522 4200 1881 4268 ostendimus,

293 4310 405 4347 non
435 4294 510 4348 ait
536 4294 884 4363 impossibile,
914 4295 1006 4349 sed
1034 4293 1272 4359 difﬁcile,
1299 4293 1351 4348 id
1381 4301 1464 4348 est
1490 4292 1707 4347 maximi
1734 4291 1881 4345 labo-

1907 3079 1954 3143 ϐ

1984 481 2155 555 (Psal.
2188 487 2320 560 ut).
2371 488 2546 548 Credo
2589 509 2694 549 non
2728 510 2893 551 ausus
2931 499 3109 555 dicere
3134 519 3148 555 :
3171 481 3348 558 Nolite
3372 481 3554 561 susci-

1978 594 2130 648 pere.
2161 580 2410 665 Nunquid
2433 584 2706 641 Abraham
2731 588 2956 646 Domino
2986 593 3339 650 substantiam
3366 607 3563 667 prauu-

1980 667 2109 727 lisse
2147 672 2402 729 credibile
2427 682 2535 739 est,
2554 691 2653 744 pro
2679 692 2785 746 quo
2816 680 3033 735 unicum
3074 682 3239 739 ferire
3266 701 3373 739 non
3404 688 3562 741 dubi-

1980 760 2114 817 tavit
2149 761 2435 817 hceredem.
2467 761 2649 836 (Aug)
2689 767 2879 823 Altiori
2925 780 3104 825 autem
3142 788 3303 829 sensu
3349 774 3562 832 facilius

1979 857 2065 903 est
2094 848 2366 906 Christum
2396 856 2506 923 pati
2536 870 2636 925 pro
2662 857 3008 914 dilectoribus
3033 864 3213 918 sseculi
3237 905 3252 929 ,
3284 881 3447 935 quam
3480 868 3567 920 di-

1980 940 2211 998 lectores
2238 944 2414 1000 saeculi
2445 946 2513 1001 ad
2559 946 2835 1003 Christum
2868 966 3027 1019 posse
3054 957 3316 1010 converti.
3357 956 3563 1011 Cameli

1980 1035 2123 1088 enim
2150 1036 2363 1091 nomine
2387 1051 2446 1092 se
2475 1038 2695 1109 intelligi
2723 1040 2910 1106 voluit,
2935 1043 3059 1112 quia
3087 1056 3276 1114 sponte
3307 1047 3562 1101 humilia-
3596 1058 3600 1062 '

1981 1134 2068 1181 tus
2102 1127 2432 1184 inﬁrmitatis
2471 1140 2671 1186 nostra
2706 1147 2875 1187 onera
2906 1135 3155 1201 sustulit;
3190 1136 3244 1190 in
3275 1151 3381 1206 quo
3414 1138 3560 1191 enim

1980 1217 2318 1273 manifestius
2339 1218 2676 1293 intelligitur,
2710 1238 2869 1291 quam
2903 1223 3103 1293 inipso
3126 1226 3271 1294 quod
3296 1227 3557 1295 scriptum

1979 1312 2101 1359 est:
2126 1304 2335 1371 Quanto
2372 1324 2591 1379 magnus
2621 1326 2675 1365 es
2715 1310 2935 1367 humilia
2959 1323 3007 1367 te
3036 1315 3090 1368 in
3120 1315 3355 1369 olmnibus
3386 1314 3557 1385 (Eccl.

1981 1394 2085 1466 Ill).
2121 1395 2226 1451 Per
2256 1412 2411 1453 acum
2440 1408 2617 1455 autem
2645 1403 2963 1470 punctiones
2987 1404 3270 1473 signiﬁcat,
3299 1419 3396 1473 per
3423 1421 3562 1474 pun-

1979 1487 2188 1543 ctiones
2210 1488 2423 1545 dolores
2447 1490 2498 1544 in
2529 1493 2779 1560 passione
2821 1504 3117 1563 susceptos.
3155 1493 3430 1565 (Venant.)
3458 1495 3561 1547 Fo-

1980 1591 2167 1631 ramen
2186 1591 2314 1647 ergo
2337 1594 2464 1634 acus
2488 1579 2619 1635 dicit
2644 1584 2920 1651 angustias
2942 1584 3230 1653 passionis,
3254 1602 3360 1655 qua
3389 1587 3558 1640 scissa

1979 1675 2178 1722 nostrae
2200 1669 2355 1737 quasi
2382 1671 2698 1726 vestimenta
2730 1681 2938 1728 natura:
2960 1678 3353 1743 quodammodo
3376 1694 3558 1733 resar-

1979 1759 2112 1824 cire,
2140 1758 2193 1812 id
2235 1767 2318 1813 est
2362 1775 2681 1830 recuperare
2725 1762 2979 1834 dignatus
3005 1776 3107 1827 est,
3136 1776 3401 1836 quatenus
3440 1777 3563 1839 post

1980 1845 2189 1916 lapsum
2210 1847 2404 1901 melius
2432 1849 2714 1903 reformari
2741 1853 3068 1921 gaudeamus
3097 1856 3165 1908 ad
3192 1858 3557 1912 testimonium

1980 1937 2225 2006 apostoli,
2269 1938 2546 1993 dicentes:
2573 1940 2878 2012 Qu’cunque
2905 1945 3041 1998 enim
3072 1946 3127 1999 in
3157 1945 3362 2002 Christo
3393 1948 3562 2020 bapti-

1978 2028 2086 2081 ιιιιὶ
2112 2029 2256 2092 estis,
2284 2026 2548 2083 Christum
2574 2031 2820 2086 induistis
2844 2031 2982 2104 (Gal.
3017 2038 3119 2105 nt).

2048 2118 2255 2173 Auditis
2289 2131 2463 2174 autem
2507 2121 2588 2175 his
2630 2121 2874 2193 discipuli
2904 2126 3236 2180 mirabantur
3268 2128 3439 2196 valde,
3475 2130 3561 2184 di-

1977 2206 2339 2274 centeuQuis
2377 2225 2497 2279 ergo
2540 2211 2728 2280 poterit
2772 2211 2948 2268 salvus
2985 2217 3274 2283 esse?Quo
3319 2220 3561 2289 pertinet

1978 2297 2081 2352 ista
2108 2298 2424 2367 responsio?
2446 2314 2568 2353 cum
2592 2300 3082 2371 incomparabiliter
3106 2307 3277 2375 major
3301 2310 3372 2364 sit
3398 2312 3555 2367 tiu-ha

1977 2404 2294 2459 pauperum,
2332 2404 2457 2458 qum
2499 2389 2757 2445 divitibus
2793 2392 3018 2461 perditis
3058 2402 3293 2466 polurrit
3332 2400 3555 2468 salvari,

1976 2479 2083 2535 nisi
2125 2481 2250 2551 quia
2293 2480 2674 2537 intellexerunt
2706 2496 2894 2539 onlnes
2934 2486 3029 2554 qui
3076 2487 3297 2543 divitias
3350 2500 3556 2558 amant,

1978 2571 2144 2625 etiam
2178 2570 2225 2625 si
2258 2569 2481 2641 adipisci
2515 2580 2804 2641 nequeant,
2835 2572 2892 2628 in
2919 2574 3143 2631 divitum
3194 2595 3419 2635 numero
3463 2582 3557 2638 de-

1981 2661 2185 2731 putari.

2048 2751 2318 2822 Aspiciens
2342 2763 2515 2807 autem
2542 2750 2697 2807 Iesus
2718 2752 2850 2807 dixit
2872 2755 2947 2808 eis
2970 2770 2987 2809 :
3009 2757 3161 2826 Apud
3200 2759 3431 2813 homines
3458 2762 3556 2815 hoc

1979 2843 2294 2914 impossibile
2335 2853 2434 2910 est,
2464 2844 2603 2915 apud
2636 2843 2799 2898 Deum
2846 2855 3017 2901 autem
3060 2851 3235 2904 omnia
3288 2853 3557 2921 possibilia

1980 2945 2124 2989 sunt.
2166 2936 2277 2990 lloc
2301 2945 2479 2991 autem
2510 2952 2614 2990 non
2655 2935 2731 2990 ita
2764 2937 3135 3005 accipiendum
3165 2947 3269 3004 est,
3300 2942 3445 3011 (μιοά
3469 2957 3562 2996 cu-

1981 3025 2092 3095 pidi
2118 3034 2172 3081 et
2217 3026 2434 3096 superbi
2466 3025 2580 3097 (qui
2625 3026 2841 3082 nomine
2883 3026 3026 3085 illius
3049 3027 3231 3083 divitis
3268 3027 3557 3097 signiﬁcati

1984 3113 2130 3188 sunt)
2174 3116 2228 3170 in
2280 3131 2503 3185 regnum
2543 3115 2804 3171 caelorum
2849 3116 2956 3172 sint
2983 3117 3255 3182 intraturi,
3287 3131 3408 3172 cum
3444 3117 3562 3175 suis

1982 3207 2364 3277 cupiditatibus
2404 3215 2460 3262 et
2505 3209 2790 3280 superbia;
2838 3210 2930 3263 sed
2978 3208 3232 3277 possibile
3255 3218 3339 3263 est
3363 3208 3473 3264 Deo
3499 3217 3563 3263 ut

1980 3312 2077 3367 per
2101 3300 2344 3365 verbum,
2368 3300 2507 3357 sicut
2527 3301 2689 3377 etiam
2717 3299 2917 3355 factum
2941 3315 3061 3356 esse
3080 3308 3134 3355 et
3167 3299 3407 3370 quotidie
3443 3300 3563 3356 fieri

1980 3388 2243 3468 videmus,
2290 3406 2319 3443 a
2365 3390 2660 3460 cupiditate
2705 3390 3077 3460 temporalium
3123 3391 3196 3446 ad
3236 3391 3565 3448 charitatem

1979 3486 2327 3547 atteruorum,
2353 3489 2408 3536 et
2436 3497 2473 3536 a
2492 3481 2793 3551 perniciosa
2829 3482 3083 3551 superbia
3108 3482 3177 3537 ad
3205 3482 3563 3538 humilitatem

1981 3569 2395 3631 saluberrimam
2422 3581 2825 3628 convertantur.
2857 3571 3083 3643 (Ilium)
3115 3571 3243 3642 Legi
3265 3580 3319 3627 et
3348 3573 3400 3626 in
3429 3586 3576 3641 quo»

1983 3661 2228 3716 rumdam
2256 3663 2681 3732 expositiOnihus
2706 3664 2868 3719 istum
2895 3661 3119 3716 divitem
3156 3661 3438 3717 Iudaicum
3469 3678 3563 3733 po-

1981 3751 2163 3819 pulum
2194 3752 2562 3820 interpretari,
2593 3751 2684 3821 qui
2713 3750 2846 3807 falso
2871 3750 3207 3820 gloriabatur
3229 3751 3282 3805 in
3309 3751 3564 3805 observa-

1984 3841 2127 3896 tione
2158 3838 2308 3908 legis,
2335 3856 2457 3897 eum
2486 3841 2867 3910 perfectionem
2895 3841 3256 3912 evangelicum
3287 3850 3566 3911 respueret

1983 3939 2039 3985 et
2068 3931 2307 3986 terrenis
2342 3931 2503 3987 rebus
2531 3931 2775 3988 intentus
2794 3930 3061 4000 spiritalia
3086 3932 3223 3986 dona
3271 3932 3558 4002 refugeret,

1984 4021 2048 4075 de
2072 4021 2275 4090 quibus
2293 4020 2555 4089 scriptum
2582 4029 2703 4076 est:
2738 4020 3043 4075 Dilexerunt
3078 4023 3217 4077 enim
3246 4023 3411 4090 magis
3452 4022 3564 4091 git»

1984 4111 2121 4164 rium
2157 4111 2425 4165 hominum
2448 4129 2606 4182 quam
2644 4113 2865 4183 gloriam
2910 4112 3007 4167 Dei
3036 4112 3214 4183 (Joan.
3242 4115 3364 4182 xu).
3413 4113 3570 4168 [inde

1983 4200 2116 4255 etin
2145 4201 2393 4269 passione
2424 4200 2631 4259 Domini
2672 4203 3046 4274 conspirantes
3081 4202 3331 4259 dixerunt
3355 4221 3367 4254 :
3394 4202 3451 4257 Si
3481 4203 3563 4256 dis

1982 4292 2249 4345 mittamus
2292 4309 2409 4346 eum
2447 4293 2542 4359 sic,
2572 4310 2747 4348 omnes
2787 4292 2993 4347 credent
3028 4294 3087 4346 in
3108 4309 3245 4355 eum,
3274 4303 3319 4347 et
3362 4295 3569 4347 venient.

292 4384 376 4438 ris
404 4398 523 4439 esse
555 4384 807 4453 pecunias
836 4384 1115 4448 habentes,
1140 4382 1224 4438 vel
1251 4383 1303 4437 in
1329 4381 1575 4452 pecuniis
1605 4380 1879 4465 coniiden-
1904 4423 1955 4483 Β
1987 4380 2228 4443 Romani,
2255 4392 2305 4437 et
2343 4382 2522 4439 tollent
2562 4394 2795 4437 nostrum
2845 4382 3017 4437 locum
3056 4393 3103 4437 et
3140 4392 3339 4452 gentem
3378 4383 3561 4453 (Joan.

293 4484 400 4539 tes,
431 4476 608 4531 exutis
628 4476 868 4548 pbilargy
878 4476 968 4530 rise
990 4474 1319 4541 retinaculis,
1339 4473 1528 4548 aulam
1541 4472 1687 4545 regni
1713 4459 1875 4528 cmic-

288 4567 396 4622 stis
424 4568 650 4621 intrare.
1523 4546 1533 4561 \

374 4660 437 4714 Et
466 4661 653 4715 iterum
681 4659 795 4713 dico
826 4660 1006 4715 vobis:
1034 4657 1268 4713 Facilius
1300 4666 1372 4712 est
1400 4656 1652 4712 camelum
1682 4674 1772 4726 per
1798 4656 1877 4725 fo-

293 4767 491 4806 ramen-
514 4765 649 4803 acus
666 4750 906 4812 transire,
937 4764 1095 4818 quant
1126 4747 1335 4801 divitem
1358 4748 1555 4802 intrare
1577 4746 1629 4801 in
1662 4762 1877 4816 regnum

292 4840 565 4893 cwlorum.
599 4838 663 4893 Si
688 4838 898 4893 facilius
932 4846 1017 4893 est
1054 4837 1336 4901 camelum,
1368 4837 1676 4908 ingentibus
1708 4851 1877 4893 mem-

294 4932 412 4989 bris
443 4946 751 4994 enormem,
782 4937 1067 5000 angustum
1110 4944 1209 4997 per
1253 4927 1495 4985 foramen
1541 4944 1674 4983 acus
1717 4944 1879 5001 pcne-

296 5032 444 5078 trure
485 5038 647 5091 quam
678 5022 897 5077 divitem
941 5020 1147 5074 intrare
1182 5020 1233 5073 in
1286 5034 1508 5089 regnum
1547 5019 1669 5085 Dei,
1702 5021 1879 5077 nullus

294 5127 425 5182 ergo
465 5112 623 5167 dives.
649 5111 870 5167 intrabit
899 5111 951 5164 in
987 5124 1208 5180 regnum
1254 5108 1364 5167 Dei.
1409 5110 1474 5164 Et
1500 5111 1765 5179 quomodo
1793 5111 1881 5167 vel

298 5205 349 5256 iu
381 5202 669 5273 Evangelia
696 5201 777 5257 vel
806 5201 857 5256 in
892 5199 1067 5256 Veteri
1101 5199 1449 5256 Testamento
1473 5214 1633 5270 quam
1661 5200 1877 5271 plurimi

291 5290 491 5347 divites
537 5293 628 5347 Dei
678 5292 1013 5346 intraverunt
1060 5295 1115 5346 in
1158 5306 1405 5361 regnum,
1435 5291 1536 5345 nisi
1584 5289 1723 5345 forte
1752 5293 1877 5359 quia

295 5381 512 5438 divitias
538 5381 623 5436 vel
650 5398 747 5452 pro
792 5382 959 5436 nihilo
990 5382 1186 5436 habere
1216 5380 1298 5436 vel
1326 5396 1390 5435 ex
1430 5390 1541 5435 toto
1577 5380 1881 5450 relinquere

297 5470 523 5527 beluino
559 5471 858 5542 inspirante
884 5472 1218 5527 didicerunt?
1246 5470 1497 5541 Nunquid
1522 5471 1665 5526 enim
1708 5471 1880 5526 David

298 5561 350 5615 iu
380 5564 528 5633 regni
549 5563 749 5618 divitiis
773 5563 1077 5618 conﬁdebat
1098 5562 1188 5632 qui
1215 5573 1273 5619 et
1299 5561 1364 5617 de
1383 5561 1673 5631 semetipso
1697 5562 1875 5618 canit:

299 5652 562 5721 Quoniam
594 5654 778 5709 imicus
818 5664 865 5706 et
906 5669 1104 5725 pauper
1143 5669 1254 5706 sum
1286 5668 1375 5722 ego
1408 5649 1578 5723 (Psal.
1606 5651 1773 5724 ΠΝ).
1817 5653 1881 5708 Et

1946 4480 1947 4483 ‘
1980 4475 2077 4544 xi).
2108 4475 2245 4531 Huic
2271 4491 2398 4548 ergo
2425 4478 2620 4533 ωεινίιο
2647 4477 2930 4547 praefertur
2958 4477 3225 4542 camelos,
3248 4478 3301 4533 id
3327 4486 3417 4533 est:
3433 4492 3563 4545 gen-

1968 4566 2089 4627 tilis
2117 4567 2366 4638 populus,
2396 4568 2710 4622 tortitudiue
2733 4576 3076 4638 peccatorum
3099 4576 3156 4622 et
3179 4567 3433 4622 vitiorum
3465 4568 3561 4622 de-

1977 4656 2204 4723 formis;
2228 4659 2319 4728 qui
2358 4657 2569 4715 facilius
2596 4660 2822 4729 arripuit
2850 4659 3075 4715 arduam
3109 4659 3259 4714 viam
3286 4658 3563 4713 mandato-

1979 4762 2105 4803 rum
2144 4750 2240 4804 Dei
2284 4750 2510 4821 ingredi,
2543 4750 2677 4819 quia.
2700 4750 2861 4805 citius
2897 4750 3067 4820 coepit
3089 4748 3394 4820 evangelica
3423 4763 3565 4809 pne-

1980 4848 2137 4910 cepta
2163 4841 2435 4905 venerari,
2458 4849 2514 4896 et
2551 4842 2761 4897 Domini
2806 4840 2889 4895 sui
2924 4841 3149 4911 vestigia
3177 4838 3454 4907 subsequi.
3488 4835 3563 4891 De

1980 4932 2099 4989 istis
2138 4933 2335 5003 quippe
2374 4933 2593 4989 camelis
2636 4934 2694 4993 in
2737 4932 2873 4990 Isaia
2921 4932 3150 5005 legimus
3185 4933 3331 5001 quod
3367 4929 3567 4986 easineli

1982 5023 2193 5079 Madian
2238 5032 2293 5080 et
2338 5024 2489 5095 Epha
2544 5032 2729 5094 portas
2770 5022 3105 5079 Hierusalem
3143 5036 3267 5077 cum
3311 5017 3471 5075 donis
3508 5027 3567 5075 et

1984 5117 2297 5171 muneribus
2321 5116 2693 5186 ingrediuntur
2719 5114 2853 5186 (Isa.
2876 5113 2987 5184 ιχ).

2056 5206 2187 5278 [Ill]
2223 5206 2363 5259 Tunc
2404 5206 2716 5275 respondens
2762 5204 2951 5258 Petrus
2997 5202 3132 5255 dimit
3178 5202 3265 5256 ei;
3291 5200 3428 5256 Ecce
3467 5216 3564 5257 nos

1930 5346 1939 5355 .
1985 5297 2287 5367 reliquimus
2332 5296 2528 5359 omnia,
2551 5304 2599 5349 et
2645 5294 2807 5349 secuti
2841 5309 3021 5348 sumus
3051 5301 3120 5354 te,
3146 5290 3277 5361 quid
3315 5306 3439 5360 ergo
3466 5292 3563 5345 erit

1983 5388 2167 5441 nobis?
2208 5384 2501 5457 (llieron.)
2550 5383 2784 5438 Grandis
2826 5382 3018 5437 fiducia
3046 5397 3061 5437 :
3094 5382 3285 5439 Petrus
3325 5382 3565 5452 piscator

1982 5485 2118 5541 erat,
2149 5477 2297 5532 dives
2319 5492 2425 5532 non
2454 5474 2642 5537 fuerat,
2674 5472 2826 5530 cibos
2849 5488 3008 5528 manu
3033 5486 3087 5528 et
3116 5482 3230 5528 arte
3254 5471 3563 5542 maerebat;

1982 5576 2036 5621 et
2083 5575 2262 5620 tamen
2309 5565 2547 5635 loquitur
2593 5562 2926 5619 conﬁdenter
2959 5580 2971 5615 :
3009 5562 3327 5632 Reliqutmus
3361 5564 3557 5620 omnia.

1984 5657 2048 5711 Et
2080 5656 2201 5731 quia
2231 5672 2335 5711 non
2364 5655 2559 5712 sullicit
2601 5661 2809 5709 tantum
2858 5651 3177 5725 relinquere,
3199 5650 3375 5723 jungit
3419 5651 3560 5727 quod
