4002 6188
333 277 467 329 1025

998 276 1056 329 Β.
1102 276 1360 330 ΒΑΒᾹΝΙ
1396 275 1612 331 MAURI
1649 269 1922 330 ARCI‘IIEI

2025 268 2317 328 HOGUNT.
2356 265 2638 324 οΡΕιὶωι
2683 264 2859 319 PARS
2904 263 2942 316 Ι.

3445 260 3581 330 nisi

313 391 608 461 perfectum
650 397 766 445 est:
795 390 858 443 Et
908 390 1068 442 secuti
1110 405 1291 442 sumus
1333 398 1400 442 te.
1440 387 1520 442 Ac
1558 387 1602 441 si
1648 386 1884 441 diceret:
1915 382 2126 441 Atium
2168 382 2405 436 omnium
2448 378 2830 438 numerositas,
2865 382 2921 428 et
2944 387 3039 442 per
3074 372 3178 425 duo
3201 370 3357 424 lecim
3409 371 3588 425 tribus

314 481 564 535 Fecimus
592 480 733 549 quod
768 477 975 547 jussisti
1003 498 1014 532 ;
1040 479 1167 533 auid
1202 479 1367 548 igitur
1397 479 1552 533 nobis
1579 477 1733 532 dabis
1758 484 1894 545 prte-

315 571 454 625 ιιιὶὶῖ

381 661 539 716 Jesus
574 671 745 715 autem
789 660 923 714 dixit
966 662 1265 716 eis:Amen
1305 662 1420 715 dico
1452 661 1590 714 vobis
1627 658 1766 731 quod
1806 675 1893 712 ros

313 754 402 818 qui
428 741 587 808 secuti
611 754 730 806 estis
763 770 841 807 me
871 754 925 807 in
954 755 1360 823 regeneratione,
1391 769 1508 807 cum
1531 752 1723 806 sederit
1751 749 1893 818 ﬁlius

313 843 538 896 hominis
567 844 624 896 in
651 842 770 897 sedc
798 843 1088 912 majestatis
1115 860 1248 908 sua',
1282 843 1524 898 sedebitis
1553 851 1599 895 et
1627 858 1712 895 vos
1739 855 1898 909 super

315 933 460 987 sedes
500 933 803 997 duodecim,
827 932 1127 1002 judicantes
1174 932 1448 987 duodecim
1495 933 1661 985 tribus
1704 929 1892 984 Israel.

315 1025 430 1079 Non
454 1025 623 1079 dixit:
648 1024 747 1092 Qui
780 1024 1071 1093 reliquistis
1090 1024 1270 1079 omnia
1293 1044 1306 1078 :
1328 1026 1430 1082 hoc
1455 1024 1598 1080 enim
1625 1033 1680 1078 et
1704 1022 1898 1078 Socra-

318 1126 398 1169 tes
418 1114 543 1169 fecit
560 1115 929 1184 philosophus,
952 1122 1006 1169 et
1030 1114 1183 1168 multi
1210 1114 1296 1167 alii
1320 1114 1536 1168 divitias
1560 1122 1901 1182 contempse-

317 1214 470 1269 runt;
510 1207 602 1259 sed
629 1206 716 1276 qui
738 1206 899 1258 secuti
927 1206 1049 1259 estis
1075 1221 1172 1267 me,
1206 1206 1347 1273 quod
1376 1206 1593 1274 proprie
1621 1204 1899 1274 apostolo-

317 1312 437 1349 rum
487 1304 570 1350 est
618 1305 778 1365 atque
826 1297 1179 1350 credentium.
1214 1295 1281 1348 In
1330 1296 1740 1366 regeneratione,
1783 1290 1901 1348 cum

317 1386 505 1439 sederit
542 1384 683 1446 ﬁlius
714 1386 937 1439 hominis
978 1388 1032 1440 in
1057 1386 1176 1439 sede
1202 1386 1492 1455 majestatis
1525 1402 1660 1449 sum,
1688 1385 1905 1454 quando

319 1482 374 1528 ct
407 1488 472 1528 ex
502 1475 728 1528 mortuis
756 1476 821 1530 de
857 1477 1202 1545 corruptione
1254 1483 1538 1546 resurgunt
1582 1474 1903 1544 incorrupti.

319 1563 580 1619 sedebitis
608 1575 664 1618 et
692 1580 787 1619 vos
816 1566 871 1618 in
900 1566 1050 1623 soliis
1073 1564 1454 1633 judicantium,
1484 1565 1908 1620 condemnantes

322 1652 605 1708 duodecim
632 1656 810 1709 tribus
845 1655 1030 1721 Israel,
1061 1657 1184 1724 quia
1226 1656 1379 1710 vobis
1414 1657 1762 1711 credentibus
1790 1670 1908 1710 cre-

1993 472 2161 527 lsracl
2187 469 2509 523 universitas
2538 481 2728 523 eorum
2757 464 2846 534 qui
2878 462 3153 531 judicandi
3185 469 3311 515 sunt
3332 461 3585 514 ostenti?-

1995 571 2104 615 tur.
2150 559 2303 616 Unde
2346 558 2641 614 notandum
2669 555 2809 626 quod
2839 555 2945 609 duo
2974 561 3100 608 sunt
3139 552 3360 607 ordines
3388 552 3598 607 electo‘

1998 667 2116 706 rum
2139 651 2191 704 in
2208 648 2411 719 judicio
2441 650 2635 703 futuri:
2655 645 3166 716 unusjudicantium
3190 658 3314 697 cum
3334 641 3592 707 Domino,

1998 745 2063 798 de
2087 742 2281 812 quibus
2311 743 2414 797 hoc
2446 742 2564 796 loco
2602 745 2956 801 memoratur,
2990 735 3083 806 qui
3112 734 3451 805 reliquerunt
3482 748 3597 789 )m-

1999 834 2125 898 nia,
2164 841 2219 888 et
2260 831 2430 887 secuti
2493 840 2618 886 sunt
2674 830 2855 884 illum:
2901 828 3040 883 alius
3087 826 3507 897 judicandorum
3548 841 3591 879 ει

1998 925 2249 987 Domino,
2277 924 2367 995 qui
2400 938 2506 978 non
2532 922 2748 992 quidem
2776 921 2957 976 omnia
2983 934 3082 974 sua
3115 919 3321 989 pariter
3355 918 3596 988 relique-

2000 1012 2149 1081 riint,
2181 1015 2274 1070 sed
2316 1017 2384 1072 de
2410 1017 2494 1071 his
2522 1024 2728 1070 tantum
2759 1029 2878 1083 quae
2926 1014 3201 1069 habebant
3245 1013 3601 1082 quotidianas

2002 1111 2130 1163 dare
2155 1109 2521 1179 cleemosynas
2543 1108 2872 1177 pauperibus
2892 1106 3097 1163 Christi
3125 1107 3406 1161 curabant.
3436 1107 3598 1164 Unde

2003 1200 2241 1253 audituri
2268 1207 2392 1253 sunt
2415 1199 2467 1253 in
2490 1186 2693 1269 judicio
2721 1215 2734 1251 :
2768 1194 2965 1262 Venite,
2983 1196 3241 1251 benedicti
3267 1195 3446 1252 Patris
3469 1200 3598 1263 mei,

2004 1287 2260 1360 possidete
2279 1301 2522 1361 paratum
2545 1290 2684 1344 vobis
2706 1306 2920 1359 regnum
2940 1306 2985 1344 a-
2995 1290 3360 1345 constitutione
3376 1292 3601 1345 mundi:

2006 1383 2195 1436 esurivi
2224 1382 2361 1436 enim
2389 1391 2436 1435 et
2465 1382 2680 1435 dedistis
2706 1381 2835 1434 mihi
2870 1381 3212 1446 manducare,
3244 1381 3387 1436 sitiri
3422 1390 3471 1434 et
3514 1382 3605 1435 de-

2008 1475 2158 1528 distis
2210 1473 2335 1528 mihi
2382 1473 2551 1528 bibere
2596 1472 2814 1544 (Matth.
2846 1470 2999 1542 xxv),
3024 1481 3077 1525 et
3105 1481 3320 1529 caetera.
3352 1471 3604 1543 Quorum

2009 1575 2063 1619 et
2097 1566 2149 1619 in
2178 1564 2547 1635 superioribus
2577 1562 2735 1630 hujus
2762 1562 3036 1633 Evangelii
3064 1562 3609 1617 Dominus‘meminit

2012 1674 2133 1713 cum
2180 1657 2423 1728 principe
2477 1656 2708 1726 quodam
2753 1655 3123 1725 interrogante
3165 1655 3298 1725 quid
3342 1655 3472 1709 boni
3529 1655 3609 1708 fa-

323 1742 452 1795 dcre
476 1742 780 1796 noluerunt.
812 1742 992 1813 (ΗΑΒ.)
1018 1745 1073 1798 In
1098 1746 1200 1799 hac
1220 1746 1415 1815 quippe
1436 1747 1545 1799 vita
1558 1761 1667 1814 pro
1694 1746 1908 1799 nomine
1944 1728 1989 1788 Β
2014 1751 2205 1824 ciendo
2235 1749 2400 1803 vitam
2448 1758 2629 1818 posset
2681 1747 2879 1801 habere
2921 1755 3235 1817 perpetuam
3262 1764 3276 1799 ;
3302 1744 3362 1801 Si
3390 1747 3484 1809 τίς,
3523 1746 3606 1800 in-

324 1831 442 1899 ejus
487 1831 795 1887 laborantes
826 1833 879 1887 in
923 1834 1026 1887 alia
1068 1836 1348 1902 prrcmium
1388 1851 1609 1905 sperare
1652 1836 1912 1891 Dominus

325 1923 528 1988 docuit,
562 1926 614 1979 id
644 1934 727 1980 est
755 1926 807 1979 in
838 1927 1265 1994 regeneratione,
1307 1943 1430 1980 cum
1468 1926 1719 1981 videlicet
1751 1927 1803 1980 in
1834 1928 1914 1981 vi-

329 2023 439 2070 tam
492 2016 853 2070 immortalem
903 2015 1165 2071 fuerimus
1213 2018 1541 2087 resurgendo
1590 2019 1909 2089 regenerati,

327 2108 419 2175 qui
459 2105 513 2161 in
548 2108 713 2160 vitam
756 2108 1014 2162 caducam
1063 2108 1338 2163 fueramus
1385 2109 1686 2163 mortaliter
1725 2109 1911 2180 geniti.

333 2197 467 2263 Quia
496 2198 682 2266 procul
714 2198 877 2252 dubio
903 2199 1019 2253 dine
1042 2207 1166 2252 sunt
1190 2202 1643 2270 regenerationes,
1668 2201 1917 2256 similiter

328 2296 458 2343 sunt
488 2289 606 2342 dum
648 2287 986 2357 adoptiones,
1025 2292 1142 2345 dua:
1191 2301 1244 2345 et
1299 2293 1742 2348 resurrectioues.
1797 2293 1913 2349 Una

331 2380 670 2447 regeneratio
699 2387 781 2434 est
816 2381 882 2435 de
912 2398 1015 2450 qua
1055 2382 1313 2453 Dominus
1342 2383 1469 2437 dicit
1497 2401 1509 2436 :
1538 2382 1659 2436 Nisi
1691 2385 1807 2454 quis
1837 2401 1921 2438 re-

334 2480 489 2523 natus
513 2469 669 2538 fuerit
699 2486 762 2524 ea:
793 2488 931 2541 aqua
957 2482 1004 2525 et
1034 2470 1236 2542 Spiritu
1264 2484 1444 2526 sancto
1478 2491 1581 2527 non
1606 2474 1838 2529 introibit
1865 2475 1922 2529 in

331 2575 547 2629 regnum
578 2559 822 2614 cwlorum
853 2560 1033 2632 (Joan.
1060 2562 1157 2634 ιν).
1190 2562 1372 2618 Altera
1401 2564 1534 2627 hinc,
1558 2564 1623 2618 de
1646 2579 1752 2633 qua
1780 2580 1922 2620 nunc

332 2647 498 2703 dicit:
530 2648 593 2702 In
632 2653 1019 2723 regeneratione
1048 2669 1165 2705 cum
1193 2652 1381 2707 sederit
1414 2653 1557 2721 ﬁlius
1600 2654 1825 2708 hominis
1867 2654 1923 2709 in

334 2743 454 2797 sede
483 2743 771 2813 majestatis
805 2762 937 2800 sure.
978 2746 1157 2800 Prima
1185 2746 1402 2817 adoptio
1443 2748 1619 2802 estde
1646 2763 1750 2818 qua
1794 2749 1925 2804 dicit

336 2833 661 2905 Apostolus:
692 2835 814 2891 Non
865 2830 1136 2908 accepistis
1179 2839 1419 2906 spiritum
1461 2841 1735 2907 servitutis,
1761 2840 1818 2894 iu
1861 2840 1925 2893 ti-

338 2943 497 2988 more,
527 2927 617 2981 sed
658 2930 928 2999 accepistis
968 2931 1206 3000 spiritum
1253 2930 1548 3001 adoptionis
1588 2930 1851 2999 ﬁliorum,
1871 2932 1927 2986 in

337 3033 439 3082 quo
466 3016 784 3085 clamamus,
822 3020 960 3074 Abba
1002 3030 1150 3090 pater
1176 3019 1349 3091 (Rom.
1378 3020 1519 3091 vin).
1553 3019 1802 3077 Secunda
1833 3023 1927 3075 ad-

2014 1842 2148 1913 quit,
2182 1841 2251 1895 ad
2277 1842 2435 1895 vitam
2468 1839 2689 1910 ingredi,
2717 1855 2863 1893 serva
2891 1839 3163 1894 mandato.
3211 1838 3334 1892 Non
3374 1837 3601 1891 homici-

2014 1935 2157 1993 dium
2190 1933 2372 2002 facies,
2397 1948 2500 1986 non
2528 1931 2748 1998 furtum,
2778 1947 2880 1984 non
2908 1929 3101 1998 falsum
3139 1930 3491 1983 testimonium
3519 1931 3609 1984 di-

2015 2040 2118 2087 ces,
2159 2023 2359 2076 honora
2397 2031 2596 2090 patrem
2638 2031 2683 2073 et
2720 2028 2966 2089 matrem.
3000 2030 3046 2072 et
3075 2018 3263 2088 diliges
3307 2019 3604 2089 proximum

2017 2122 2165 2165 tuutn
2190 2112 2323 2165 sicut
2352 2118 2401 2164 te
2432 2110 2602 2180 ipsum
2649 2107 2890 2179 (Supra).
2930 2109 3070 2178 Ergo
3094 2108 3187 2177 qui
3217 2109 3470 2162 mandata
3503 2108 3609 2161 Do-

2015 2206 2147 2260 mini
2193 2213 2392 2269 servat,
2418 2202 2485 2257 ad
2521 2202 2685 2256 vitam
2719 2201 3015 2272 ingreditur
3052 2209 3309 2254 mternam
3333 2219 3346 2253 :
3373 2201 3464 2269 qui
3502 2216 3606 2253 au-

2018 2303 2129 2349 tem
2158 2308 2261 2348 non
2287 2292 2457 2349 solum
2492 2293 2743 2346 mandata
2775 2299 2979 2357 servat,
3016 2307 3201 2346 verum
3235 2293 3398 2347 etiam
3428 2293 3613 2346 consi-

2018 2387 2147 2441 lium
2178 2386 2412 2452 Domini,
2440 2386 2581 2456 quod
2612 2386 2676 2440 de
2703 2385 3108 2441 contemnendis
3135 2384 3337 2439 divitiis
3372 2400 3435 2440 ac
3463 2385 3611 2438 luxi-

2020 2480 2121 2534 bus
2160 2477 2371 2543 tribuit,
2417 2477 2684 2546 sequitur,
2712 2490 2820 2531 non
2875 2482 3082 2530 tantum
3130 2475 3299 2529 vitam
3344 2476 3612 2546 percipiet

2022 2572 2154 2641 ipse,
2179 2571 2275 2625 sed
2306 2570 2469 2625 etiam
2503 2570 2567 2624 de
2599 2570 2707 2623 vita
2735 2568 2966 2623 aliorum
2993 2584 3115 2623 cum
3150 2568 3376 2623 Domino
3400 2569 3613 2638 judica—

2020 2660 2118 2715 bit.
2149 2660 2331 2730 Atque
2358 2659 2431 2713 ita
2468 2657 2527 2712 iit
2555 2666 2614 2712 ut
2639 2658 2692 2712 in
2724 2656 2959 2725 judicio,
2989 2664 3050 2711 ut
3074 2657 3329 2721 diximus,
3357 2657 3463 2711 duo
3500 2651 3613 2712 sint

2022 2750 2241 2805 ordines
2266 2750 2551 2804 bonorum.
2585 2747 2689 2802 Sed
2721 2755 2775 2802 et
2804 2747 3158 2818 reproborum
3189 2746 3324 2803 dubs
3348 2748 3423 2802 ibi
3464 2747 3613 2803 futu-

2026 2855 2115 2896 ros
2164 2839 2382 2895 ordines
2427 2838 2656 2893 Domino
2705 2845 2962 2893 narrante
3017 2838 3611 2908 comperimuszuuum

2025 2948 2213 2988 eorum
2263 2932 2355 3002 qui
2403 2930 2524 2986 ﬁdei
2555 2930 2879 2986 Christiana:
2915 2930 3187 3001 mysteriis
3225 2929 3423 2984 initiati
3446 2945 3611 3001 opera

2030 3024 2151 3079 ﬁdei
2193 3038 2448 3079 exercere
2477 3030 2865 3077 contemnunt:
2890 3022 3085 3091 quibus
3122 3021 3175 3075 in
3214 3020 3419 3090 judicio
3446 3030 3612 3076 testa-

340 3106 485 3174 optio
510 3108 615 3159 erit
639 3108 704 3161 de
738 3126 841 3178 qua
868 3111 1010 3165 idem
1036 3082 1311 3181 apostolus
1331 3112 1404 3165 ait
1429 3130 1441 3164 :
1470 3082 1575 3165 Sed
1598 3121 1645 3164 et
1667 3112 1765 3182 ipsi
1793 3113 1929 3167 inter
1953 3082 1997 3142 Ο
2031 3126 2119 3170 tur
2144 3135 2157 3170 :
2186 3114 2446 3169 Discedite
2474 3132 2505 3168 a
2532 3131 2612 3169 me
2639 3082 2985 3167 maledicti-in
3012 3115 3183 3182 ignem
3229 3121 3479 3167 internum
3523 3113 3613 3183 qui

343 3210 435 3247 nos
464 3194 844 3263 ingentiscimus
870 3200 1198 3268 adoptionem
1237 3211 1591 3270 emspcctanles
1622 3202 1927 3272 redemptio-

343 3301 457 3341 nem
488 3288 721 3357 corporis
749 3292 914 3343 nostri
946 3290 1156 3361 (lbid.).
1184 3292 1363 3345 Prima
1399 3294 1723 3347 resurrectio
1752 3301 1835 3346 est
1863 3293 1928 3348 de

341 3391 447 3448 qua
478 3377 736 3443 Dominus
767 3379 936 3434 dicit:
972 3379 1151 3435 Veniet
1191 3388 1319 3435 hora
1359 3392 1407 3435 et
1440 3399 1578 3439 nunc
1615 3392 1689 3436 est
1717 3383 1928 3453 quando

343 3466 537 3519 mortui
562 3467 777 3521 audient
817 3485 989 3523 uocem
1016 3467 1164 3523 ‘Filii
1197 3469 1317 3535 Dei,
1351 3480 1398 3523 et
1422 3471 1512 3540 qui
1541 3473 1824 3536 audierint,
1856 3473 1930 3527 vi-

346 3565 465 3610 vent
507 3555 685 3628 (Joan.
710 3559 807 3629 tv).
855 3559 924 3613 Et
965 3560 1019 3613 in
1059 3557 1378 3630 Apocalypsi
1405 3579 1417 3615 :
1444 3560 1638 3615 Beatus
1660 3563 1752 3632 qui
1776 3562 1929 3616 habet

346 3655 547 3714 partem
574 3646 630 3699 in
671 3647 1044 3702 resurrectione
1082 3650 1364 3719 prima:in
1407 3651 1480 3704 eis
1521 3653 1752 3706 secunda
1791 3669 1930 3707 mors

347 3754 451 3791 non
492 3738 696 3792 habebit
739 3749 1043 3809 potestatem
1087 3739 1270 3811 (Apoc.
1302 3740 1418 3813 xx).
1465 3740 1711 3797 Secunda
1756 3758 1934 3799 resur—

350 3829 520 3884 rectio
547 3831 653 3885 erit
670 3831 737 3884 de
762 3847 869 3901 qua
896 3831 1156 3887 Dominus
1189 3833 1321 3888 dicit
1346 3851 1359 3887 :
1389 3832 1570 3888 Nolite
1592 3836 1776 3889 mirari
1812 3837 1928 3903 hoc,

347 3923 472 3991 quia
500 3925 634 3976 venit
667 3924 796 3977 hora
820 3925 875 3978 in
900 3941 1006 3995 qua
1035 3942 1209 3979 omnes
1230 3928 1319 3997 qui
1343 3927 1399 3979 in
1429 3930 1773 3983 monumentis
1811 3940 1931 3984 sunt

347 4015 565 4069 audient
605 4032 775 4070 vocem
819 4017 935 4083 Dei,
970 4028 1018 4072 et
1056 4020 1332 4088 precedent
1360 4021 1449 4091 qui
1483 4021 1617 4076 bona
1640 4032 1853 4093 egerunt
1880 4026 1933 4078 in

350 4109 777 4162 resurrectionem
812 4110 929 4164 vita:
950 4124 967 4161 :
990 4111 1078 4182 qui
1110 4127 1225 4166 vero
1262 4111 1402 4164 mala
1430 4124 1642 4182 egerunt
1671 4114 1725 4168 in
1758 4131 1934 4169 resur-

351 4199 628 4253 rectionem
664 4201 857 4270 judicii
884 4203 1064 4273 (Joan.
1093 4202 1167 4273 v).
1209 4202 1362 4271 Quod
1391 4219 1521 4260 vero
1547 4205 1622 4259 ait
1649 4223 1661 4258 :
1689 4204 1821 4260 Cum
1850 4224 1935 4260 se-

351 4291 485 4344 derit
523 4291 665 4360 [ilius
705 4294 929 4348 hominis
958 4296 1012 4350 in
1042 4295 1161 4350 sede
1197 4296 1487 4366 majestatis
1527 4314 1669 4362 sum,
1696 4298 1935 4354 sedebitis

2026 3218 2246 3281 paratus
2292 3216 2368 3261 est
2417 3205 2626 3260 diabolo
2655 3215 2701 3258 et
2743 3204 2939 3275 angelis
2984 3204 3121 3274 ejus.
3156 3203 3368 3258 Esurivi
3391 3204 3527 3258 enim
3563 3212 3609 3255 et

2029 3318 2130 3354 non
2154 3298 2369 3352 dedistis
2398 3297 2525 3350 mihi
2547 3295 2884 3359 manducare,
2908 3301 3011 3348 etc.
3038 3292 3252 3365 (Matth.
3284 3290 3450 3363 xxv);
3479 3293 3613 3347 alte-

2029 3408 2148 3446 rum
2190 3405 2377 3445 eorum
2413 3389 2505 3459 qui
2534 3402 2630 3459 per
2657 3387 2815 3441 iidem
2841 3386 3100 3458 mysteria
3135 3384 3337 3442 Christi
3366 3385 3450 3441 vel
3476 3400 3611 3440 nun-

2029 3496 2191 3551 quam
2235 3493 2537 3548 suscepere,
2568 3476 2651 3530 vel
2689 3485 2936 3561 suscepta
2968 3491 3068 3547 per
3095 3476 3421 3545 apostasiam
3468 3475 3609 3546 reje-

2030 3586 2153 3626 cere
2177 3588 2191 3622 :
2215 3567 2282 3623 de
2311 3568 2506 3637 quibus
2535 3566 2695 3621 dicit:
2723 3565 2825 3632 Qui
2852 3576 3025 3621 autem
3049 3581 3151 3619 non
3175 3566 3353 3629 credit,
3377 3567 3489 3636 jam
3517 3566 3613 3635 ju-

2030 3664 2235 3718 dicatus
2269 3669 2368 3727 est,
2389 3662 2513 3732 quia
2543 3663 2646 3714 non
2670 3660 2841 3713 credit
2869 3660 2924 3713 in
2957 3658 3164 3713 nomine
3205 3658 3455 3731 unigeniti
3482 3656 3611 3711 Filii

2030 3755 2129 3809 Dei
2159 3753 2340 3823 (Joan.
2374 3752 2477 3823 Ill).
2510 3750 2611 3818 Qui
2640 3750 2894 3825 quoniam
2938 3764 3041 3804 nec
3074 3749 3241 3804 verbo
3270 3758 3425 3803 tenus
3454 3747 3613 3803 Chri-

2032 3853 2172 3900 stum
2199 3842 2375 3898 colere
2399 3841 2715 3905 voluerunt,
2746 3855 2845 3895 nec
2870 3839 3035 3894 verba
3060 3838 3251 3894 saltem
3282 3837 3400 3905 ejus
3422 3839 3614 3909 quibus

2032 3941 2395 4003 coarguantur
2428 3933 2482 3987 in
2502 3931 2705 4001 judicio
2728 3938 3009 3987 merentur
3047 3930 3252 3985 audire.
3285 3928 3393 3983 Sed
3420 3929 3485 3983 ad
3514 3929 3617 3983 hoc

2034 4033 2243 4080 tantum
2270 4023 2495 4078 veniunt
2526 4023 2579 4077 in
2618 4021 2880 4091 judicium
2904 4030 2966 4076 ut
2989 4036 3112 4077 cum
3140 4021 3219 4075 eis
3245 4020 3337 4090 qui
3370 4018 3618 4089 judican~

2034 4123 2137 4185 tur,
2163 4115 2537 4184 peccatoribus
2582 4113 2636 4167 in
2685 4112 3082 4168 damnationem
3129 4111 3415 4167 mittantur
3456 4119 3616 4165 aeter-

2035 4220 2182 4258 nam.

2105 4292 2173 4347 Et
2219 4310 2387 4377 omnis
2435 4295 2523 4365 qui
2565 4292 2827 4365 reliquerit
2873 4293 3111 4357 domum,
3140 4290 3221 4346 vel
3264 4292 3473 4361 fratres,
3516 4303 3611 4344 aut

350 4391 397 4437 et
427 4398 514 4435 vos
536 4390 691 4453 super
712 4384 857 4438 sedes
884 4385 1179 4449 duodecim,
1204 4396 1334 4452 etc.,
1363 4401 1521 4442 nemo
1555 4394 1706 4457 putet
1735 4388 1936 4443 duode-
1965 4426 2018 4486 Β
2043 4401 2263 4448 sorores,
2298 4380 2398 4438 aut
2445 4396 2666 4455 patrem,
2710 4392 2802 4437 aut
2838 4392 3080 4465 matrem,
3126 4391 3216 4435 aut
3265 4398 3497 4445 uxorem,
3526 4391 3620 4434 aut

295 4519 302 4529 .
353 4473 460 4526 cim
506 4481 711 4527 tantum
752 4474 1043 4542 apostolos,
1074 4477 1200 4544 quia
1229 4491 1327 4545 pro
1368 4474 1505 4532 Iuda
1548 4477 1939 4545 pmvaricante

355 4564 609 4618 Matthias
635 4565 838 4620 electus
868 4574 969 4632 est,
998 4575 1122 4622 tunc
1144 4582 1263 4621 esse
1285 4565 1639 4635 iudicaturos,
1664 4568 1806 4623 sicut
1835 4580 1936 4623 nec

355 4656 635 4710 duodecim
662 4655 788 4710 sola:
819 4666 945 4711 sunt
984 4656 1155 4710 tribus
1189 4657 1348 4711 Israel
1372 4657 1697 4727 judicandae,
1728 4658 1931 4728 alioqui

357 4747 530 4800 tribus
569 4746 720 4811 Levi,
747 4763 866 4817 qua:
898 4748 1053 4801 tertia
1089 4748 1296 4802 decima
1325 4757 1440 4814 est,
1471 4748 1760 4818 injudicata
1786 4762 1936 4805 rece-

357 4835 467 4900 det,
497 4845 551 4889 et
598 4834 795 4889 Paulus
838 4837 930 4905 qui
977 4836 1218 4892 decimus
1265 4838 1456 4893 tertius
1503 4848 1587 4894 est
1628 4839 1932 4907 apostolus,

356 4941 455 4997 pro
474 4924 609 4981 Juda
630 4927 1016 4997 praevaricante
1040 4927 1293 4982 Matthias
1318 4928 1521 4984 electus
1542 4938 1646 4993 est,
1663 4927 1942 4998 judicandi

360 5025 506 5072 sorte
534 5016 831 5086 privabitur
860 5032 983 5072 cum
1002 5017 1127 5085 ipse
1163 5016 1308 5071 dicat
1335 5034 1347 5070 :
1379 5017 1606 5072 Nescitis
1632 5018 1754 5087 quia
1782 5032 1942 5085 ange-

360 5110 438 5161 los
466 5108 843 5176 judicabimus,
867 5118 1062 5178 quanto
1089 5110 1253 5179 magis
1272 5109 1604 5163 sa'eularia?
1630 5109 1681 5180 (Ι
1705 5108 1825 5162 Cor.
1844 5106 1944 5177 v1.)

363 5198 653 5252 Sciendum
686 5214 918 5268 namque
945 5207 1027 5253 est
1052 5215 1240 5254 onmes
1266 5199 1358 5269 qui
1386 5201 1451 5254 ad
1477 5198 1779 5268 exemplum
1815 5212 1944 5265 apo-

362 5289 623 5344 stolorum
647 5304 743 5342 sua
769 5290 1099 5359 reliquerunt
1125 5294 1323 5351 omnia,
1355 5300 1409 5344 et
1439 5290 1609 5345 secuti
1637 5298 1762 5343 sunt
1787 5288 1945 5343 Chri-

362 5388 529 5441 stum,
564 5379 774 5448 judices
817 5396 938 5434 cum
983 5396 1049 5443 eo
1090 5390 1365 5443 venturus,
1395 5380 1532 5434 sicut
1576 5380 1737 5433 etiam
1786 5394 1946 5433 omne

362 5468 670 5523 mortalium
699 5484 867 5539 genus
904 5486 1023 5527 esse
1062 5471 1431 5540 judicandum.
1475 5470 1610 5536 Quia
1637 5470 1779 5524 enim
1810 5470 1945 5523 duo—

370 5558 586 5613 denario
614 5574 756 5629 srepe
800 5578 1023 5617 numero
1052 5563 1186 5617 solet
1212 5563 1266 5616 in
1295 5562 1593 5631 Scripturis
1622 5561 1945 5616 universitas

370 5646 659 5718 designari,
686 5668 782 5721 per
809 5652 1090 5708 dquecim
1120 5654 1273 5707 sedes
1314 5653 1676 5722 apostolorum
1701 5653 1944 5722 judican-

2042 4474 2202 4543 ﬁlios,
2262 4470 2353 4529 aut
2397 4491 2574 4545 agros,
2611 4482 2821 4544 propter
2859 4488 3043 4526 nomen
3073 4460 3272 4535 meum,
3322 4471 3619 4541 centuplum

2044 4565 2279 4633 accipiet,
2305 4573 2352 4617 et
2379 4565 2536 4617 vitam
2559 4574 2805 4617 a’teruam
2825 4562 3125 4632 possidebit.
3152 4559 3420 4633 (Hierom)
3448 4548 3621 4615 Locus

2046 4654 2149 4708 iste
2183 4670 2304 4709 cum
2353 4654 2443 4708 illa
2496 4654 2762 4708 sententia
2807 4652 3056 4724 congruit
3106 4654 3160 4707 in
3213 4669 3321 4722 qua
3372 4653 3623 4708 Salvator

2046 4743 2284 4812 loquitur
2315 4761 2327 4795 :
2358 4742 2479 4796 Non
2505 4744 2620 4796 veni
2645 4760 2825 4813 pacem
2852 4744 3051 4797 mittere
3075 4743 3165 4797 sed
3200 4743 3456 4812 gladium.
3488 4743 3623 4798 Veni

2045 4833 2183 4886 enim
2204 4848 2448 4901 separare
2473 4832 2732 4884 hominem
2761 4841 2962 4900 a'patre
2981 4848 3095 4891 suo.
3118 4842 3164 4885 et
3189 4843 3405 4887 matrem
3427 4849 3459 4886 a
3478 4832 3619 4902 ﬁlia,

2046 4932 2095 4975 et
2127 4938 2314 4974 nurum
2346 4939 2377 4975 a
2414 4938 2591 4987 socru,
2615 4930 2661 4974 et
2711 4922 2909 4976 inimici
2945 4922 3467 4976 hoministdomestici
3503 4924 3619 4994 ejus

2049 5010 2262 5083 (Matth.
2288 5010 2364 5081 Χ).
2392 5011 2491 5078 Qui
2521 5026 2650 5081 ergo
2674 5020 2892 5080 propter
2918 5011 3075 5065 {idem
3106 5011 3307 5067 Christi
3338 5019 3393 5067 et
3417 5014 3621 5083 pracdi-

2047 5103 2314 5165 catiouem
2354 5102 2615 5172 evangelii
2664 5117 2852 5158 omnes
2897 5102 3123 5159 affectus
3170 5106 3619 5174 contempserint,

2049 5202 2208 5261 atque
2242 5192 2456 5247 divitias
2504 5200 2559 5245 et
2601 5194 2781 5247 saeculi
2826 5193 3147 5264 voluptates,
3174 5195 3263 5249 isti
3309 5195 3621 5265 centuplum

2050 5285 2334 5354 recipient,
2362 5291 2415 5338 et
2443 5284 2607 5338 vitam
2656 5276 2915 5339 mternam
2946 5286 3429 5359 possidebunt.qu
3456 5301 3624 5339 occa-

2047 5376 2205 5431 sione
2241 5374 2401 5443 hujus
2455 5375 2730 5430 seutentite
2785 5376 3004 5445 quidam
3062 5375 3414 5429 introducunt
3475 5374 3624 5427 mille

2048 5484 2220 5523 annos
2262 5477 2384 5538 post
2442 5468 2933 5538 resurrectionem,
2983 5468 3228 5522 dicentes
3287 5466 3440 5520 nobis
3496 5474 3665 5537 tunc.

2047 5559 2354 5628 centuplum
2381 5559 2618 5614 omnium
2643 5574 2819 5614 rerum
2848 5573 2982 5629 quas
3038 5557 3358 5618 dimisimus.
3382 5566 3438 5611 et
3458 5556 3621 5608 vitant

2048 5657 2302 5706 aeternam
2350 5642 2693 5714 reddendam,
2724 5668 2828 5707 non
2884 5652 3240 5721 intelligentes
3286 5651 3426 5719 quod
3477 5652 3520 5703 si
3567 5649 3622 5702 in
