4002 6188
347 265 480 325 1095

1329 257 1680 318 COMMENT.
1721 255 1786 311 IN
1831 253 2264 311 MATTHxEUM.
2299 288 2369 299 —
2404 258 2532 314 LIB.
2576 260 2660 316 Vl.

3465 268 3597 325 l026

341 381 552 438 ueteris
579 380 737 450 digna
767 379 839 435 sit
870 377 1237 448 repromissio,
1280 391 1332 429 In
1372 373 1633 429 uxoribus
1659 375 1913 441 appareat
1940 368 1993 426 A
2019 368 2257 423 tudinem
2309 375 2508 428 rectius
2555 382 2721 440 tenet,
2749 391 2912 442 quam
2968 379 3217 433 conditor
3252 391 3457 446 noster,
3505 392 3594 454 qui

343 471 632 541 turpitudo,
663 480 719 523 ut
745 470 835 539 qui
867 483 1027 523 unam
1056 482 1155 538 pro
1175 466 1402 521 Domino
1429 464 1701 519 dimiserit
1730 472 1921 517 centu-

341 563 486 632 plum
525 561 746 629 recipiat
772 561 825 613 in
858 558 1056 624 futuro.
1087 557 1291 614 Sensus
1340 556 1503 627 igitur
1556 555 1659 608 iste
1697 563 1799 618 est,
1828 553 1917 622 qui

340 652 576 707 carnalia
604 668 700 721 pro
737 650 1019 705 Salvatore
1048 649 1317 711 dimiserit
1369 646 1634 717 spiritalia
1666 645 1915 715 recipiet,

338 757 456 812 «pne
503 741 907 809 comparatione
954 748 1010 794 et
1057 739 1254 793 merito
1298 738 1380 793 sui
1439 737 1513 791 ita
1557 744 1735 801 erunt,
1766 736 1919 804 quasi

338 846 506 900 parvo
555 844 782 885 numero
839 829 1184 887 centenarias
1240 843 1497 883 numerus
1553 835 1916 897 comparetur.

341 920 491 977 Unde
517 920 646 975 dicit
672 931 728 975 et
753 921 1040 991 Apostolus
1070 921 1160 989 qui
1192 936 1356 974 unam
1387 928 1596 973 tantum
1618 920 1838 974 domum
1865 926 1917 971 ct

337 1012 497 1064 unius
524 1010 815 1079 provincia:
841 1026 1037 1080 parvos
1083 1025 1241 1081 agros
1267 1009 1568 1074 dimiserat,
1595 1009 1746 1078 quasi
1792 1006 1921 1061 nihil

336 1100 576 1154 habentes
600 1111 646 1154 et
675 1101 847 1155 omnia
870 1101 1187 1171 possidentes
1214 1098 1297 1171 (11
1336 1098 1457 1152 Cor.
1477 1098 1571 1169 γι).
1607 1099 1788 1169 (Rau)
1813 1098 1921 1151 No-

338 1196 560 1247 tandum
599 1194 743 1262 quod
776 1195 830 1247 in
873 1194 1161 1264 Evangelia
1204 1192 1381 1247 Marci.
1409 1193 1482 1245 ita
1521 1193 1779 1261 scriptum
1804 1202 1916 1245 est:

340 1268 509 1339 Nemo
527 1284 704 1353 estqui
722 1282 984 1352 reliquerit
1000 1272 1234 1345 domum,
1254 1290 1344 1335 aut
1360 1280 1571 1350 fratres,
1587 1292 1678 1334 aut
1691 1298 1917 1344 sorores,

335 1386 429 1428 aut
458 1384 684 1444 patrem,
706 1384 796 1427 aut
830 1384 1073 1438 matrem,
1093 1382 1204 1448 aut‘
1225 1373 1387 1443 ﬁlios,
1411 1382 1501 1427 aut
1521 1389 1695 1443 agros,
1712 1382 1923 1443 propter

335 1481 436 1530 me,
461 1475 509 1519 et
535 1459 745 1535 propter
771 1463 1140 1535 Evangelium,
1187 1465 1277 1534 qui
1313 1480 1415 1519 non
1462 1466 1686 1533 accipiat
1732 1464 1921 1517 centies

334 1564 541 1608 tantum
589 1571 759 1620 nunc,
790 1555 850 1622 in
908 1563 1137 1623 tempore
1180 1554 1298 1619 hoc,
1328 1553 1511 1607 domos
1540 1563 1586 1606 et
1628 1553 1845 1622 fratres,
1870 1560 1920 1605 et

333 1663 563 1712 sorores,
589 1656 635 1701 et
694 1646 855 1715 ﬁlios,
889 1656 936 1701 et
993 1661 1165 1716 agros,
1213 1661 1332 1698 cum
1381 1645 1842 1715 persecutionibus,
1871 1652 1920 1697 et

2023 458 2162 524 regit
2189 473 2323 527 quos
2352 462 2588 516 condidit
2614 471 2666 516 et
2714 464 2912 519 electos
2948 482 3074 522 suos
3102 468 3250 522 sicin
3276 472 3378 524 hoc
3406 475 3606 531 mundo

2021 548 2279 616 possidet,
2339 552 2492 619 quasi
2546 554 2817 623 subjectos
2859 554 3108 611 dbminus
3163 560 3217 613 in
3267 558 3455 625 domo;
3508 569 3602 633 qui

2024 637 2220 692 habeat
2263 640 2497 707 vincam,
2530 644 2838 699 universam
2868 648 3072 702 scilicet
3126 649 3445 716 Ecclesium,
3478 657 3604 723 quia

2022 730 2090 783 ab
2118 730 2249 783 Abel
2288 731 2438 799 justo
2480 750 2649 805 usque
2690 736 2756 791 ad
2817 738 3064 794 ultimum
3118 743 3348 797 electum
3400 747 3491 816 qui
3549 749 3603 803 in

2024 819 2129 875 ﬁue
2170 823 2354 876 mundi
2403 833 2661 880 venturus
2687 836 2789 893 est,
2827 838 2959 897 quot
3005 840 3221 887 saucios
3249 837 3472 902 protulit
3498 854 3601 906 qua

2024 912 2067 966 si
2100 922 2177 967 tot
2204 915 2457 983 palmites
2484 918 2651 972 misit.

2094 1004 2440 1061 Convenlione
2462 1020 2634 1063 autem
2678 1010 2819 1076 facta
2840 1029 2957 1066 cum
3008 1018 3261 1084 operariis
3286 1035 3349 1072 ex
3388 1019 3604 1075 denario

2023 1094 2212 1147 diurno
2257 1097 2396 1148 misit
2440 1115 2526 1151 eos
2571 1100 2625 1151 in
2673 1100 2874 1154 vineam
2919 1120 3090 1157 suam.
3116 1104 3301 1177 (Aug.)
3340 1099 3604 1164 Denarius

2024 1182 2312 1253 imaginem
2361 1188 2502 1255 regis
2554 1189 2735 1243 habet.
2789 1192 2993 1248 Idcirco
3043 1196 3188 1249 enim
3236 1201 3606 1270 unusquisque

2024 1278 2232 1330 accedit
2266 1278 2333 1332 ad
2381 1280 2582 1333 cultum
2609 1282 2775 1336 divini
2825 1286 3058 1339 nominis
3096 1295 3151 1341 et
3202 1292 3603 1361 appropinquat

2024 1365 2299 1430 Ecclesia},
2357 1384 2476 1437 quae
2533 1384 2630 1439 per
2682 1372 2894 1426 vineam
2950 1374 3251 1447 signiﬁcata
3296 1388 3400 1444 est,
3449 1391 3508 1435 ut
3550 1383 3601 1435 in

2024 1456 2243 1512 Christo
2279 1461 2504 1530 recipiat
2534 1462 2819 1533 imaginem
2862 1462 3101 1531 deitatis,
3132 1484 3294 1537 quam
3344 1471 3398 1524 in
3444 1487 3605 1542 para-

2025 1549 2143 1603 diso
2170 1550 2318 1619 perdi
2344 1553 2477 1605 lerat
2508 1552 2674 1607 livore
2724 1557 3013 1622 serpentis.
3044 1556 3198 1613 Unde
3245 1561 3500 1618 denarius
3523 1573 3607 1618 est

2024 1637 2201 1693 dictus
2226 1641 2319 1710 qui
2356 1655 2455 1709 pro
2484 1641 2669 1696 decem
2694 1645 2929 1699 nummis
2959 1647 3101 1714 apud
3137 1648 3391 1719 antiquos
3426 1651 3604 1722 impu-

330 1737 385 1789 in
418 1711 612 1791 srecnlo
655 1711 849 1805 futuro
880 1711 1051 1790 vitam
1084 1743 1335 1789 wternam
1380 1711 1575 1805 (Marc.
1603 1733 1681 1804 x).
1732 1732 1917 1788 Potest
1947 1711 1995 1770 Β
2024 1732 2261 1796 tabatur,
2285 1731 2625 1804 signiﬁcante
2656 1736 2884 1799 ratione,
2910 1711 3053 1807 quod
3079 1711 3341 1809 quantum
3371 1711 3602 1813 quisque

333 1840 466 1881 sane
497 1826 601 1889 hoc
647 1825 791 1895 quod
826 1826 924 1890 ait,
957 1825 1172 1894 accipiet
1219 1824 1407 1878 centies
1432 1832 1638 1876 tantum
1679 1837 1816 1875 nunc
1861 1823 1915 1875 in

332 1928 563 1989 tempore
588 1919 684 1972 hoc
720 1920 923 1983 domos,
951 1928 999 1973 et
1026 1920 1238 1989 fratres,
1268 1926 1317 1972 et
1360 1932 1588 1980 sorores,
1619 1925 1666 1969 et
1690 1925 1912 1978 matres,

329 2018 378 2062 et
401 2009 563 2077 ﬁlios,
596 2018 644 2061 et
670 2025 848 2079 agros,
879 2026 997 2062 cum
1025 2006 1488 2078 persecutionibus,
1521 2020 1618 2076 per
1642 2004 1916 2077 signiﬁca-

330 2102 536 2157 tionem
565 2100 724 2156 altius
754 2101 996 2171 intelligi.
1044 2098 1398 2165 Centenarius
1423 2099 1621 2168 quippe
1660 2112 1919 2157 numerus

328 2194 401 2247 de
420 2194 553 2247 lmva
578 2192 872 2247 translatus
900 2193 953 2246 in
975 2193 1274 2256 dexteram,
1296 2189 1426 2247 licet
1446 2190 1694 2245 eamdem
1720 2188 1916 2244 inﬂexu

329 2283 621 2352 digitorum
644 2282 891 2337 videatur
934 2292 1117 2338 tenere
1169 2283 1419 2352 ﬁguram,
1449 2296 1611 2351 quam
1654 2281 1919 2336 habuerat

329 2375 587 2430 denarius
615 2375 668 2429 in
699 2372 857 2440 lteva,
891 2375 1115 2428 nimium
1146 2382 1328 2429 tamen
1358 2374 1679 2444 quantitatis
1704 2374 1913 2444 magni-

330 2466 517 2520 tudine
541 2467 905 2536 supercreseit
921 2484 934 2519 :
950 2466 1077 2536 quia
1106 2465 1354 2521 videlicet
1376 2481 1565 2521 omnes
1582 2466 1673 2535 qui
1697 2473 1915 2535 propter

329 2571 557 2627 regnum
605 2556 700 2612 Dei
746 2556 1064 2627 temporalia
1113 2563 1395 2625 spernunt,
1444 2563 1500 2611 et
1551 2556 1607 2611 in
1654 2555 1755 2609 hac
1804 2555 1914 2609 vita

326 2650 800 2720 persecutionibus
830 2648 1143 2719 plenissima
1171 2649 1411 2719 ejusdem
1465 2648 1714 2719 gaudium
1762 2646 1912 2717 regni

326 2739 435 2794 ﬁde
452 2748 602 2811 certa
629 2740 934 2812 degustant,
976 2748 1138 2808 atque
1170 2740 1223 2792 in
1272 2724 1676 2808 exspectatitine
1724 2737 1914 2807 patria:

325 2832 588 2896 caelestis,
621 2848 742 2902 qua:
762 2834 885 2903 jure
912 2834 968 2888 in
1016 2834 1239 2887 dextera
1287 2832 1641 2903 signiﬁcatur,
1667 2832 1911 2887 omnium

324 2926 535 2995 pariter
566 2926 860 2981 electorum
893 2925 1258 2980 sincerissima
1294 2924 1586 2980 dilectione
1633 2922 1907 2980 fruuntur.

326 3014 533 3072 Verum
562 3017 687 3086 quia
716 3016 869 3071 multi
897 3017 1156 3070 virtutum
1195 3015 1371 3070 studia
1418 3031 1524 3083 non
1571 3014 1758 3070 eadem
1801 3029 1909 3084 qua

323 3107 595 3176 incipiunt
629 3107 928 3163 intentione
960 3106 1177 3175 pietatis
1202 3112 1598 3169 consummant,
1632 3104 1727 3159 sed
1756 3103 1839 3159 vel
1880 3120 1910 3157 a

325 3208 512 3266 empto
540 3197 800 3250 virtutum
828 3210 1014 3251 amore
1041 3203 1338 3267 tepescunt,
1368 3194 1454 3249 vel
1487 3198 1563 3248 ex'
1610 3193 1821 3264 integro
1847 3194 1914 3248 ad

324 3288 602 3343 scelerum
637 3286 918 3341 volutabra
948 3286 1285 3352 relabuntur,
1322 3285 1582 3341 terribilis
1621 3300 1746 3339 mox
1793 3300 1917 3340 sen-

327 3379 505 3435 tentia
537 3377 889 3447 subinfertur.

400 3474 563 3529 Multi
608 3484 781 3529 autent
827 3484 981 3529 erunt
1009 3477 1164 3545 primi
1220 3472 1507 3539 novissimi,
1553 3479 1602 3525 et
1649 3470 1915 3524 novissimi

321 3567 507 3637 primi.
538 3567 670 3622 Vide
696 3573 876 3620 autem
904 3564 1097 3619 Judam
1122 3565 1188 3619 de
1216 3563 1475 3634 Apostolo
1509 3562 1561 3615 in
1610 3569 1912 3632 apostatam

324 3669 588 3721 versum,
640 3655 766 3724 quia
815 3654 969 3708 multi
1022 3664 1173 3709 srunt
1222 3654 1381 3724 primi
1438 3652 1728 3709 novissimi.
1779 3651 1914 3705 Vide

321 3744 595 3799 latronem
643 3744 694 3799 in
730 3759 892 3799 cruce
939 3741 1140 3798 factum
1190 3742 1581 3805 confessorem,
1613 3741 1912 3807 eodemque

325 3836 416 3891 die
450 3851 558 3905 quo
586 3851 685 3905 pro
712 3836 827 3892 suis
853 3836 1144 3893 cruciﬁxus
1166 3843 1251 3890 est
1274 3832 1517 3902 peccatis
1565 3833 1741 3902 gratia
1788 3829 1908 3885 ﬁdei

328 3945 456 3983 cum
491 3928 711 3985 Christo
760 3929 814 3984 in
862 3928 1117 3998 paradiso
1168 3926 1511 3997 gaudentem,
1555 3915 1612 3980 et
1664 3922 1908 3991 dicitur:

325 4016 469 4085 Quia
497 4020 763 4074 novissimi
784 4027 935 4077 erunt
964 4017 1140 4090 primi.
1187 4016 1296 4071 Sed
1321 4024 1376 4069 et
1409 4013 1647 4084 quotidie
1668 4011 1914 4066 videmus

323 4111 529 4165 multos
591 4111 645 4164 in
708 4110 847 4165 laico
894 4108 1084 4164 habitu
1148 4106 1476 4163 constitutos
1528 4103 1738 4175 magnis
1786 4103 1913 4157 vita:

324 4201 539 4256 meritis
566 4199 855 4266 excellere,
890 4206 947 4255 et
1000 4198 1159 4264 alios,
1200 4212 1232 4251 a
1270 4196 1448 4266 prima
1482 4203 1645 4251 actate
1681 4193 1912 4263 spiritali

321 4296 508 4351 studio
532 4294 828 4359 ferventes,
870 4294 938 4348 ad
967 4302 1271 4349 extremum
1303 4292 1415 4347 otio
1463 4300 1710 4361 torpente
1752 4290 1913 4346 lasse—

2021 1820 2156 1890 legis
2202 1822 2517 1893 decalogum
2569 1823 2838 1878 studuerit
2899 1827 3141 1895 implere,
3177 1839 3327 1885 tanto
3370 1833 3603 1904 amplius

2023 1911 2350 1968 reformetur
2388 1915 2455 1967 ad
2485 1914 2775 1984 imaginem
2805 1914 2921 1982 ejus
2969 1919 3061 1986 qui
3112 1921 3321 1975 creavit
3366 1937 3512 1988 eum,
3550 1934 3606 1981 et

2021 2004 2442 2075 splendidiorem
2473 2008 2801 2071 mercedem,
2833 2023 2953 2077 qua:
2995 2024 3094 2078 per
3125 2013 3407 2068 denarium
3437 2016 3606 2087 signi-

2022 2095 2182 2163 ficata
2206 2107 2311 2163 est,
2342 2099 2572 2168 recipiat
2592 2098 2645 2152 in
2675 2098 2875 2154 futuro.
2914 2098 2978 2169 (ϐ
2987 2102 3115 2174 reg.)
3143 2102 3225 2157 Ad
3251 2106 3603 2162 erudiendum

2019 2204 2151 2261 ergo
2200 2190 2266 2260 ρΙι
2289 2190 2429 2244 hem.
2455 2204 2609 2245 suam
2650 2190 2910 2245 Dominus
2958 2193 3114 2260 quasi
3145 2193 3210 2246 ad
3250 2195 3602 2252 excolendam

2021 2278 2232 2333 vineam
2263 2293 2418 2333 suam
2456 2279 2605 2333 nullo
2649 2289 2890 2348 tempore
2934 2280 3140 2336 destitit
3165 2284 3444 2353 operarios
3475 2286 3603 2339 mit-

2021 2376 2154 2423 tere.
2186 2368 2321 2436 Quia
2353 2376 2404 2423 et
2436 2384 2589 2443 prius
2627 2385 2725 2439 per
2764 2378 2968 2439 patres,
3009 2380 3064 2426 et
3090 2381 3209 2441 post
3260 2374 3476 2428 modum
3510 2392 3605 2445 per

2020 2456 2152 2527 legis
2182 2458 2432 2512 doctores
2455 2466 2507 2511 et
2538 2459 2853 2528 prophetas,
2885 2461 2952 2514 ad
2981 2471 3284 2515 extremum
3328 2479 3456 2518 vero
3507 2480 3604 2533 per

2019 2548 2309 2616 apostolos,
2339 2549 2464 2603 dum
2492 2549 2667 2618 plebis
2693 2564 2804 2604 sua:
2825 2564 3006 2606 mores
3040 2551 3298 2616 excoluit,
3326 2554 3478 2622 quasi
3508 2569 3603 2622 per

2018 2640 2295 2707 operarios
2352 2639 2408 2693 in
2454 2640 2625 2695 vinea:
2672 2640 2884 2694 cultura
2926 2640 3212 2696 laboravit.
3263 2642 3521 2709 Quamvis
3548 2643 3605 2699 in

2018 2716 2275 2801 quolibet.
2291 2731 2505 2787 modulo
2528 2731 2612 2785 vel
2641 2747 2893 2785 mensura
2910 2732 3155 2801 quisquis
3179 2749 3300 2787 cum
3331 2733 3434 2788 ﬁde
3455 2740 3602 2790 recta

2018 2822 2173 2877 bona:
2199 2823 2426 2878 actionis
2451 2822 2680 2887 exstitit,
2704 2821 2865 2893 hujus
2894 2822 3066 2878 vineae
3096 2823 3379 2894 operarius
3408 2823 3530 2878 fuit.

2091 2933 2157 2987 Et
2187 2950 2422 3003 egressus
2449 2934 2590 2987 circa
2618 2933 2801 2987 horam
2824 2933 3031 2987 tertiam
3084 2934 3207 2993 vidit
3268 2933 3400 2989 alios
3457 2945 3603 2991 stan-

2020 3033 2094 3077 tes
2146 3025 2199 3077 iu
2247 3025 2362 3093 foro
2409 3025 2622 3089 otiosos,
2675 3033 2722 3077 et
2770 3023 2875 3109 illis
2941 3024 3071 3078 dixit
3123 3039 3140 3076 :
3195 3024 3276 3078 Ite
3322 3035 3368 3079 et
3416 3042 3502 3080 vos
3546 3028 3602 3084 in

1970 3114 1986 3179 Ϊ
2019 3118 2218 3169 tineam
2245 3118 2434 3179 meam,
2460 3126 2505 3167 et
2542 3116 2683 3185 quod
2711 3114 2914 3183 justum
2954 3115 3114 3183 fuerit
3155 3115 3291 3168 dabo
3319 3116 3477 3171 vobis.
3511 3116 3603 3171 Illi

2016 3214 2190 3260 autem
2227 3206 2489 3261 abierunt.
2513 3207 2715 3262 lterum
2751 3218 2924 3261 autem
2951 3210 3076 3261 exiit
3103 3209 3246 3260 circa
3276 3219 3475 3262 sextam
3503 3209 3606 3263 Ito-

2018 3312 2154 3360 ram,
2180 3306 2225 3349 et
2260 3312 2478 3360 nonam,
2502 3308 2548 3348 et
2590 3296 2715 3365 fecit
2741 3296 3002 3350 similiter.
3060 3295 3214 3351 Circa
3274 3298 3603 3352 undecimam

2016 3402 2134 3439 vero
2160 3385 2306 3449 exiit,
2344 3394 2392 3438 et
2417 3386 2611 3439 invenit
2649 3386 2780 3441 alios
2824 3397 3041 3452 stantes,
3065 3398 3110 3442 et
3139 3388 3263 3440 dicit
3288 3387 3391 3441 illis
3418 3404 3436 3441 :
3464 3388 3603 3452 Quid

2017 3476 2101 3530 hic
2141 3478 2292 3531 statis
2332 3487 2441 3532 tota
2494 3479 2579 3533 die
2632 3480 2825 3534 otiosi?
2879 3480 3072 3534 Dicunt
3128 3480 3174 3533 ei
3210 3493 3229 3531 :
3262 3478 3401 3545 Quia
3454 3497 3603 3534 nemo

2018 3584 2111 3622 nos
2159 3568 2430 3623 conduxit.
2485 3569 2626 3624 Dicit
2676 3571 2782 3626 illis
2837 3589 2857 3626 :
2917 3572 3000 3626 Ite
3069 3582 3117 3625 et
3171 3589 3256 3626 vos
3304 3574 3357 3627 in
3401 3575 3605 3629 vineam

2014 3675 2204 3712 meam.
2282 3659 2383 3715 llic
2444 3662 2625 3729 itaque
2683 3661 3073 3729 paterfamilias
3133 3663 3200 3715 ad
3249 3664 3599 3717 excolendam

2015 3750 2229 3803 vincam
2280 3766 2432 3804 suam
2486 3762 2646 3803 mane
2702 3751 2836 3804 hora
2891 3752 3070 3815 tertia,
3129 3761 3489 3819 scxta,nona,
3541 3763 3596 3809 et

2015 3837 2300 3892 undecima
2346 3838 2626 3907 operarios
2668 3838 2940 3903 conducit,
2990 3839 3081 3908 qui
3129 3855 3159 3893 a
3211 3842 3393 3895 mundi
3445 3841 3604 3910 hujus

2016 3930 2171 3985 initio
2199 3944 2369 4000 usque
2390 3930 2445 3983 in
2478 3929 2637 3985 ﬁnem
2662 3930 2728 3984 ad
2750 3930 3103 3985 erudiendum
3126 3931 3332 4000 plebem
3361 3931 3598 3991 ﬁdelium

2018 4023 2403 4093 praedicatores
2425 4022 2812 4093 prmdestinare
2844 4038 2948 4078 non
2973 4024 3198 4078 destitit.
3226 4023 3380 4079 Mane
3398 4026 3601 4081 ctenim

2020 4117 2204 4171 mundi
2235 4115 2334 4171 fuit
2356 4118 2423 4172 ab
2448 4116 2617 4189 Adam
2650 4132 2818 4187 usque
2849 4117 2914 4171 ad
2948 4115 3091 4181 Noe;
3120 4117 3250 4194 hora
3288 4131 3417 4171 vero
3442 4118 3600 4172 tertia

2021 4226 2053 4265 a
2080 4210 2192 4265 Noe
2230 4224 2405 4283 usque
2429 4209 2498 4263 ad
2525 4209 2799 4265 Abraham
2826 4227 2839 4263 :
2872 4220 3026 4264 sexta
3054 4223 3185 4263 vero
3224 4208 3293 4263 ab
3326 4208 3601 4265 Abraham

2016 4316 2190 4370 usque
2222 4300 2299 4355 "ad
2350 4301 2607 4372 Moysen;
2638 4315 2776 4354 nona
2821 4310 3002 4354 autem
3032 4314 3062 4353 a
3089 4298 3272 4369 Moyse
3310 4313 3482 4369 usque
3527 4302 3598 4356 ad

322 4401 502 4453 scere,
536 4395 702 4457 atque
752 4387 911 4441 inerti
961 4386 1190 4443 stultitia
1221 4385 1365 4455 quod
1394 4382 1597 4455 spiritu,
1630 4391 1911 4455 coeperant

2022 4393 2311 4448 adventum
2338 4391 2582 4456 Domini;
2620 4390 2900 4445 undecima
2932 4405 3062 4446 vero
3110 4391 3179 4446 ab
3222 4390 3453 4445 adventu
3494 4391 3602 4447 Do-

322 4495 495 4536 came
522 4493 925 4539 consummare.

927 4566 1151 4623 CAPUT
1189 4566 1310 4622 XX.

327 4684 596 4740 Parabola
622 4684 983 4755 operariorum
1020 4686 1076 4736 in
1116 4684 1285 4755 vinea,
1310 4682 1374 4755 de
1424 4681 1552 4755 [iliis
1576 4679 1835 4755 Zebedtei,
1862 4691 1913 4735 et

397 4752 663 4836 accubitis'
718 4756 908 4817 primis
976 4753 1261 4815 caeme;de
1307 4752 1510 4806 duobus
1555 4752 1707 4805 crucis
1760 4768 1909 4805 secus

398 4842 563 4880 vtam.
1304 4856 1309 4861 -

397 4936 492 5008 [1.]
538 4934 725 4991 Simile
748 4944 820 4989 est
849 4936 985 4990 enim
1010 4950 1223 5005 regnum
1250 4934 1495 4989 caelorum
1525 4936 1723 4990 homini
1746 4934 1916 5004 patri-

327 5028 565 5098 familias
585 5030 674 5100 qui
699 5028 824 5083 exiit
861 5029 1030 5099 primo
1061 5043 1214 5082 mane
1237 5028 1525 5083 conducere
1568 5029 1836 5098 operarios
1863 5029 1916 5081 in

330 5120 536 5173 vineam
562 5135 734 5172 suam.
766 5116 1036 5190 (Hierom)
1067 5116 1331 5172 Parabola
1356 5117 1456 5172 ista
1503 5118 1589 5172 vel
1615 5116 1915 5173 similitudo

331 5212 485 5283 regni
510 5210 771 5266 cmlorum
797 5226 858 5265 ex
884 5211 968 5264 his
982 5225 1103 5279 quae
1125 5210 1406 5279 praemissa
1426 5218 1554 5265 sunt
1580 5209 1912 5277 intelligitur.

332 5301 610 5371 Scriptum
625 5311 708 5357 est
731 5294 874 5359 enim
896 5311 1053 5357 antea
1073 5320 1088 5355 ι
1109 5300 1264 5355 Multi
1280 5310 1429 5357 erunt
1450 5302 1606 5371 primi
1627 5301 1908 5365 novissimi,

331 5404 381 5446 et
417 5394 689 5446 novissimi
729 5393 908 5463 primi,
933 5406 1038 5446 non
1088 5391 1317 5461 tempori
1349 5389 1625 5449 deferente
1665 5391 1913 5456 Domino,

334 5482 432 5536 sed
493 5482 638 5537 ﬁdei.
690 5481 892 5554 (Greg.)
945 5481 1189 5553 Regnum
1238 5480 1496 5536 caelorum
1531 5480 1914 5553 patrifamilias

334 5573 518 5629 simile
563 5575 782 5639 dicitur,
834 5574 923 5643 qui
974 5575 1041 5629 ad
1089 5574 1436 5629 excolendam
1496 5574 1708 5629 vineam
1764 5590 1917 5631 suam

328 5665 617 5733 operarios
660 5667 929 5723 cotulucit.
968 5666 1100 5733 Quis
1130 5682 1258 5723 vero
1286 5666 1693 5739 patrisfamilias
1722 5668 1914 5726 simili-

2021 4482 2152 4537 mini
2190 4498 2363 4553 usque
2416 4482 2482 4535 ad
2528 4480 2689 4536 ﬁnem
2739 4481 2945 4544 mundi,
2976 4480 3028 4533 in
3060 4496 3167 4550 qua
3220 4481 3605 4552 praedicatores

2021 4573 2193 4629 sancti
2223 4572 2449 4643 apostoli
2497 4573 2648 4626 missi
2696 4578 2838 4637 sunt,
2864 4572 2955 4643 qui
2985 4574 3289 4629 mercedem
3311 4572 3522 4643 plenam
3549 4580 3609 4630 et.

2023 4664 2176 4717 tarde
2216 4664 2500 4719 venientes
2538 4671 2882 4732 acceperunt.
2939 4661 3204 4734 Operator
3245 4680 3376 4735 ergo
3419 4680 3600 4729 unane,

2020 4755 2154 4809 hora
2186 4754 2366 4818 tertia,
2391 4762 2544 4809 sexta
2598 4762 2653 4807 et
2701 4769 2864 4819 nona,
2896 4756 3149 4825 antiquus
3180 4754 3267 4811 ille
3293 4765 3346 4809 et
3373 4755 3604 4810 llebrai-

1928 4878 1933 4885 -
2021 4861 2118 4901 cus
2146 4845 2374 4915 populus
2421 4846 2753 4917 designatur,
2780 4848 2872 4917 qui
2905 4848 2956 4901 in
2982 4847 3169 4904 electis
3214 4838 3328 4903 suis
3365 4849 3432 4903 ab
3487 4849 3605 4918 ipso

2020 4935 2202 4989 mundi
2239 4936 2480 4999 exordio,
2508 4935 2637 4989 dum
2661 4944 2807 4990 recta
2833 4937 2937 4992 ﬁde
2963 4937 3133 4993 Deum
3159 4939 3365 4994 studuit
3397 4939 3599 5000 colere,

2021 5025 2177 5096 quasi
2226 5039 2332 5080 non
2386 5025 2595 5079 destitit
2651 5026 2705 5080 in
2738 5027 2907 5082 vinem
2956 5027 3167 5083 cultura
3219 5028 3487 5083 laborare.
3518 5028 3602 5084 Ad

2023 5114 2363 5175 undecimam
2422 5134 2551 5173 vero
2578 5118 2807 5189 gentiles
2833 5128 3115 5181 vocantur,
3144 5120 3340 5189 quibus
3368 5127 3425 5173 et
3463 5119 3603 5173 dici-

2022 5220 2111 5265 tur
2140 5228 2154 5263 :
2187 5208 2326 5274 Quid
2350 5209 2434 5261 hic
2456 5209 2609 5263 statis
2638 5218 2751 5262 tota
2778 5210 2864 5263 die
2899 5210 3093 5263 otiosi?
3117 5210 3218 5276 Qui
3245 5208 3388 5263 enim
3418 5217 3603 5265 trans-

2026 5310 2147 5356 acto
2192 5301 2351 5372 longo
2394 5301 2578 5355 mundi
2624 5310 2864 5370 tempore
2910 5316 3008 5370 pro
3053 5301 3159 5355 vita
3206 5316 3305 5355 sua
3355 5301 3602 5358 laborare

2025 5391 2389 5462 neglexerant,
2429 5391 2581 5460 quasi
2620 5399 2730 5445 tota
2778 5391 2866 5444 die
2905 5390 3062 5445 otiosi
3103 5391 3336 5445 stabant.
3375 5390 3604 5446 Pensate

2026 5484 2154 5553 quid
2181 5482 2420 5553 inquisiti
2450 5481 2841 5552 respondeant;
2869 5481 3059 5536 dicunt
3079 5482 3222 5536 enim
3248 5500 3259 5536 :
3293 5480 3430 5546 Quia
3453 5496 3603 5536 nemo

2028 5591 2118 5627 nos
2143 5574 2392 5629 conduxit
2420 5589 2437 5626 :
2472 5572 2659 5628 Nullus
2683 5573 2880 5643 quippe
2907 5572 2977 5627 ad
3006 5585 3101 5628 eos
3121 5572 3450 5643 patriarcha,
3479 5570 3603 5626 nul-

2027 5667 2111 5722 lus
2166 5666 2427 5738 propheta
2474 5675 2715 5722 venerat.
2758 5666 2836 5733 .Et
2898 5666 3029 5738 quid
3096 5674 3182 5723 est
3247 5665 3463 5733 dicere,
3529 5663 3599 5719 ad
