4002 6188
370 283 503 337 1027

1035 283 1093 339 Β.
1135 283 1386 339 RABANI
1427 283 1645 341 MAURI
1686 279 2006 336 ARClllEP.
2052 279 2359 337 MOGUNT.
2400 274 2684 337 OPERUM
2726 278 2903 334 PARS
2941 279 2983 333 l.

3487 283 3628 342 {028

366 398 605 453 laborem
667 414 758 452 nos
809 414 958 452 nemo
1008 398 1278 463 conduxit,
1340 399 1442 453 nisi
1495 398 1621 467 quia
1670 397 1793 450 vitae
1842 410 1939 449 no-
1972 404 2018 461 Α
2048 393 2276 463 primos,
2305 394 2621 464 plerumque
2687 389 2760 447 ita
2787 392 3070 464 contingit,
3103 402 3163 448 ut
3210 402 3335 451 ante
3381 410 3633 456 remune-

362 494 452 545 bis
477 490 589 545 vias
632 504 789 543 nemo
838 489 1168 559 praedicavit.
1202 487 1341 555 Quid
1398 503 1527 561 ergo
1582 503 1680 543 nos
1720 503 1749 541 a
1799 489 1940 542 bono

365 596 529 652 opere
570 589 847 636 cessantes
893 581 947 634 in
995 581 1342 636 excusatione
1384 590 1569 635 nostra
1607 580 1802 635 dicturi
1853 595 1942 634 su-

366 686 531 737 mus,
585 672 678 740 qui
727 685 863 739 pene
923 685 951 724 a
1007 671 1197 726 matris
1250 679 1406 726 utero
1455 672 1524 726 ad
1573 670 1732 726 ﬁdem
1792 670 1943 724 veni-

365 762 632 831 mus,qui
688 761 851 817 verba
897 762 1021 816 vitae
1077 762 1146 816 ab
1197 762 1329 831 ipsis
1397 746 1680 817 cunabulis
1731 759 1941 814 audivi-

367 868 506 916 mus,
535 853 626 920 qui
655 852 721 905 ab
747 850 1003 909 uberibus
1032 842 1249 906 saneta!
1266 850 1520 907 Ecclesia:
1545 858 1731 921 potum
1752 864 1942 918 super-

365 959 447 998 na:
497 940 894 1011 prmdicationis
952 940 1282 1009 sumpsimus
1340 955 1463 994 cum
1529 938 1667 993 lacte
1728 935 1943 992 carnis?

366 1030 658 1086 Possumus
712 1045 842 1084 vero
910 1038 965 1085 et
1006 1030 1223 1085 easdem
1288 1029 1633 1085 diversitates
1681 1029 1942 1084 horarum

363 1126 525 1179 etiam
583 1124 649 1178 ad
722 1138 1159 1193 unumquemque
1217 1123 1494 1177 hominem
1557 1137 1658 1192 per
1719 1127 1942 1175 aetatum

365 1223 637 1268 momenta
668 1214 1019 1283 distinguere.
1043 1213 1196 1267 Mane
1216 1213 1413 1282 quippe
1436 1212 1738 1266 intellectus
1772 1211 1942 1265 nostri

363 1304 590 1371 pueritia
612 1310 714 1356 est.
744 1302 888 1356 liora
917 1309 1096 1356 autem
1138 1301 1295 1355 tertia
1322 1299 1685 1355 adolescentia
1716 1297 1942 1368 intelligi

361 1402 558 1463 potest,
590 1394 716 1463 quia
769 1394 922 1462 quasi
961 1394 1073 1469 jam
1111 1391 1189 1445 sol
1220 1392 1272 1445 in
1326 1390 1493 1444 altum
1556 1389 1768 1460 proﬁcit
1818 1390 1942 1444 dum

364 1486 512 1540 calor
539 1487 716 1540 aetatis
744 1486 961 1540 crescit.
1018 1483 1183 1538 Sexta
1227 1498 1355 1537 vero
1395 1480 1651 1550 juventus
1678 1480 1943 1549 est,"quia

364 1578 511 1631 velut
560 1578 613 1631 in
669 1587 856 1633 centro
902 1576 981 1630 sol
1027 1575 1243 1645 (igitur,
1274 1573 1400 1628 dum
1446 1574 1500 1627 in
1548 1587 1609 1626 ea
1666 1570 1945 1641 plenitudo

366 1667 579 1721 roboris
604 1666 889 1721 solidatur.
936 1664 1087 1719 Nona
1114 1673 1294 1718 autem
1324 1672 1577 1718 senectus
1603 1661 1940 1731 intelligitur,

2041 496 2231 545 rentur
2282 496 2430 542 retro
2470 487 2771 551 venientes,
2802 480 2929 555 quia
2975 486 3126 555 prius
3176 488 3243 540 ad
3291 502 3515 559 regnum
3561 494 3630 547 de

2041 593 2269 651 corpore
2287 586 2487 634 exeunt
2513 592 2673 648 quam
2704 577 2759 633 hi
2796 577 2889 648 qui
2930 592 2959 631 a
2989 579 3222 648 pueritia
3271 582 3455 637 vocati
3504 597 3629 641 esse

2042 671 2381 726 videbantur.
2406 668 2609 741 (Greg.)
2629 668 2711 724 An
2733 683 2840 725 non
2854 668 2920 725 ad
2933 671 3275 726 undecimam
3288 674 3439 729 venit
3453 674 3631 731 latro?

2042 761 2144 831 Qui
2169 768 2226 817 et
2253 761 2299 816 si
2330 775 2436 818 non
2462 759 2651 819 habuit
2677 775 2776 831 per
2795 767 3033 828 atatem,
3057 761 3247 817 habuit
3270 770 3453 820 tamen
3478 775 3631 822 retro

2038 869 2138 926 per
2157 867 2396 924 pcenam,
2434 846 2524 923 qui
2562 850 2851 908 Dominum
2900 853 2957 909 in
3002 869 3164 910 cruce
3193 855 3479 913 confessus
3520 868 3625 927 est,

2041 953 2095 1000 et
2112 959 2250 1015 pene
2277 959 2398 999 cum
2423 957 2555 999 voce
2587 945 2874 998 sententiae
2895 944 3146 1015 spiritum
3172 946 3447 1002 exhalavit
3480 950 3624 1004 vitaz.

2040 1033 2087 1087 A
2116 1032 2409 1087 novissimo
2438 1039 2619 1086 autem
2656 1030 2882 1086 reddere
2903 1031 3186 1086 denarium
3227 1033 3623 1101 pater'amilias

2042 1125 2224 1195 cmpit,
2273 1124 2400 1194 quia
2451 1123 2516 1178 ad
2574 1122 2812 1194 paradisi
2860 1122 3105 1193 requiem
3155 1124 3306 1193 prius
3363 1124 3627 1181 latronem

2043 1235 2203 1290 quam
2226 1217 2451 1273 Petrum
2501 1216 2734 1272 vocavit.
2765 1216 2965 1283 Quanti
3022 1226 3202 1286 patres
3250 1226 3379 1271 ante
3427 1216 3625 1287 legem,

2043 1309 2231 1379 quanti
2259 1309 2358 1363 sub
2390 1308 2507 1378 lege
2529 1302 2783 1361 fuerunt?
2805 1306 2871 1360 Et
2898 1314 3085 1360 tamen
3115 1305 3168 1360 hi
3197 1307 3290 1377 qui
3315 1306 3369 1360 in
3413 1306 3627 1363 Domini

2044 1400 2277 1457 adventu
2298 1399 2477 1453 vocati
2502 1406 2629 1451 sum
2652 1396 2715 1451 ad
2740 1395 3001 1450 cmlorum
3026 1410 3274 1466 regnum,
3303 1384 3422 1450 sine
3446 1398 3631 1466 aliqua

2046 1492 2303 1547 tarditate
2370 1497 2756 1561 pervenerunt.
2827 1490 3087 1543 Eum<’em
3146 1502 3276 1560 ergo
3338 1491 3629 1545 denarium

2045 1591 2373 1655 acceperunt
2418 1583 2511 1653 qui
2558 1580 2941 1637 laboraverunt
2987 1583 3054 1636 ad
3092 1583 3460 1648 undecimum,
3486 1584 3630 1654 quod

2046 1681 2501 1744 exspectaverunt
2529 1682 2645 1729 toto
2674 1672 2949 1727 desiderio
2987 1672 3077 1741 qui
3127 1672 3515 1729 laboraverunt
3559 1674 3629 1730 ad

362 1757 417 1811 ίη
443 1772 547 1825 (Wa
574 1756 719 1810 νεῖαι
759 1754 839 1810 501
868 1757 935 1811 ab
982 1754 1091 1809 ³1ιο
1120 1768 1220 1808 3K0
1251 1753 1547 1820 descendit.
1582 1753 1708 1822 (Ιυίτί
1746 1760 1879 1807 πειθε
1913 1767 1944 1806 ³
1974 1750 2020 1811 Β
2049 1766 2303 1834 primam,
2330 1766 2455 1835 quia
2496 1764 2757 1834 aequalem
2806 1765 2931 1819 vita:
2956 1772 3171 1820 :eterna:
3213 1768 3629 1823 retributionem

367 1848 547 1902 calore
567 1846 865 1916 iuventutis
888 1844 1088 1899 deficit.
1116 1843 1411 1898 Undecima
1434 1855 1561 1897 vero
1587 1857 1650 1897 ea
1682 1849 1764 1897 est
1789 1849 1940 1907 actas,

362 1955 487 2008 qum
509 1939 777 2006 decrepita
808 1936 894 1990 vel
933 1942 1185 1989 veterana
1212 1934 1434 1997 dicitur,
1468 1933 1613 1988 unde
1643 1931 1817 1988 Grtnci
1839 1932 1947 1986 val-

366 2035 432 2089 de
453 2034 694 2088 seniores
725 2047 828 2086 non
852 2028 1089 2109 ’γέροντας
1119 2030 1211 2084 sed
1238 2029 1630 2104 πρεσϐυτέρους
1653 2026 1941 2096 appellant,

412 2150 421 2178 ;
462 2125 743 2195 plusquam
791 2136 947 2177 senes
986 2135 1105 2176 esse
1149 2119 1446 2174 insinuent.
1498 2118 1635 2187 Quia
1687 2131 1819 2189 ergo
1876 2118 1946 2171 ad

366 2218 535 2270 vitam
567 2215 761 2267 bonam
785 2212 923 2265 alius
948 2211 1003 2265 in
1032 2208 1283 2281 pueritia,
1304 2209 1442 2263 alius
1472 2208 1527 2263 in
1558 2207 1941 2271 adolescentia,

367 2305 505 2359 alius
528 2306 580 2357 in
606 2301 908 2370 iuventute,
938 2301 1076 2355 alius
1100 2300 1155 2354 in
1183 2306 1481 2363 senectute,
1512 2298 1650 2353 alius
1675 2298 1729 2353 in
1758 2298 1946 2352 decre-

362 2397 474 2465 pita
500 2402 660 2449 :etate
708 2391 1043 2462 perducitur,
1074 2388 1229 2459 quasi
1274 2386 1683 2447 diversishoris
1710 2385 1943 2456 operarii

363 2486 431 2539 ad
458 2484 667 2537 vineam
702 2490 983 2537 vocantur.
1012 2479 1147 2534 Nam
1171 2479 1262 2549 qui
1303 2477 1406 2532 sibi
1436 2477 1587 2541 vivit,
1620 2477 1713 2546 qui
1763 2475 1945 2530 carnis

364 2590 474 2629 sua.
503 2573 867 2643 voluptatibus
891 2571 1151 2642 pascitur,
1184 2576 1332 2625 recte
1360 2569 1568 2623 otiosus
1604 2566 1946 2635 redarguitur

362 2665 489 2735 quia
516 2663 749 2719 fructum
788 2662 957 2717 divini
1002 2663 1180 2732 operis
1223 2676 1331 2715 non
1380 2668 1649 2725 sectatur;
1682 2660 1775 2729 qui
1815 2672 1944 2739 vero

367 2765 423 2811 et
448 2772 617 2826 usque
639 2757 707 2811 ad
754 2764 968 2810 tetatem
998 2755 1241 2809 ultimam
1267 2755 1378 2809 Deo
1423 2753 1606 2807 vivere
1649 2751 1945 2823 neglexerit

366 2849 520 2920 quasi
572 2862 743 2918 usque
799 2848 867 2902 ad
929 2847 1272 2903 undecimam
1320 2844 1531 2900 otiosus
1572 2844 1739 2899 stetit.
1794 2841 1943 2897 Unde

363 2951 510 2997 recte
561 2955 732 3011 usque
791 2941 860 2994 ad
910 2939 1251 2994 undecimam
1304 2936 1643 3006 torpentibus
1701 2934 1939 2989 dicitur:

367 3030 507 3096 Quid
537 3031 621 3084 hic
641 3031 793 3084 statis
816 3039 925 3083 tota
969 3029 1053 3083 die
1078 3028 1272 3084 otiosi?
1295 3028 1374 3083 Ac
1402 3028 1450 3083 si
1473 3035 1657 3097 aperte
1685 3025 1899 3080 dicatur
1923 3041 1935 3076 :

363 3122 434 3176 Et
465 3122 517 3175 si.
545 3121 654 3176 Deo
680 3122 861 3174 vivere
894 3120 947 3174 in
981 3119 1263 3189 iuventute
1300 3128 1357 3175 et
1381 3096 1614 3188 pueritia
1664 3114 1937 3178 noluistis,
1969 3096 2013 3159 C

362 3212 556 3268 saltem
587 3211 641 3264 in
668 3210 861 3265 ultima
881 3218 1040 3266 actate
1087 3210 1409 3280 resipiscite,
1442 3215 1500 3263 et
1555 3207 1623 3262 ad
1654 3196 1779 3261 vita:
1826 3204 1943 3259 vias

363 3320 489 3361 cum
542 3302 657 3373 jam
708 3302 1003 3363 laboraturi
1063 3317 1170 3357 non
1217 3300 1447 3356 multum
1501 3300 1653 3365 estis,
1696 3296 1783 3354 vel
1820 3310 1943 3352 sero

366 3398 566 3451 venite.

437 3486 567 3541 Cum
592 3495 764 3540 autem
807 3502 922 3539 sero
964 3485 1083 3555 jam
1115 3484 1313 3551 factum
1346 3493 1497 3549 esset,
1522 3484 1651 3537 dicit
1691 3482 1942 3536 Dominus

366 3579 532 3634 vincte
560 3576 892 3647 procuratori
913 3592 1008 3629 suo
1033 3591 1051 3628 :
1094 3574 1233 3628 Voca
1272 3574 1555 3643 operarios,
1582 3582 1631 3627 et
1662 3572 1816 3626 redde
1838 3570 1944 3626 illis

363 3669 675 3730 mercedem,
703 3669 952 3738 incipiens
986 3684 1020 3721 α
1064 3665 1356 3721 novissimis
1396 3681 1556 3735 usque
1601 3664 1670 3719 ad
1725 3664 1939 3735 primos.

361 3760 591 3835 (MAUIL)
618 3762 906 3830 Postquam
935 3759 1079 3813 enim
1108 3758 1289 3827 operis
1345 3755 1523 3811 diurni
1574 3754 1710 3809 ratio
1738 3754 1943 3809 reddita

360 3860 525 3916 esset,
562 3852 628 3906 ad
668 3847 1083 3903 renuntiationis
1121 3847 1402 3918 promissa;
1442 3852 1651 3915 tempus
1684 3851 1942 3915 opportu-

362 3959 490 4002 num
514 3942 737 3996 veniens
767 3939 900 3994 dicit
932 3957 944 3993 :
972 3936 1106 3993 Cum
1152 3947 1325 3991 autem
1373 3952 1490 3991 sero
1546 3935 1745 4006 factum
1788 3932 1941 3999 esset,

361 4035 465 4093 hoc
481 4040 585 4098 est,
605 4046 727 4085 cum
750 4030 865 4085 dies
890 4028 1055 4084 totius
1078 4026 1264 4082 mundi
1289 4026 1357 4081 ad
1382 4039 1668 4097 vesperum
1690 4037 1945 4078 consum-

363 4121 619 4177 mationis
699 4118 956 4174 inclinata
1014 4124 1190 4183 esset;
1243 4115 1329 4171 vel
1381 4131 1506 4170 cum
1566 4112 1936 4182 cujuscunque

363 4213 599 4269 hominis
647 4210 912 4266 terminus
964 4208 1455 4280 appropinquaret;
1506 4212 1751 4276 tempore
1796 4203 1940 4257 enim

362 4304 636 4378 prieten'to
685 4303 852 4369 futuri
926 4301 1188 4371 temporis
1251 4298 1662 4355 similitudinem
1719 4296 1946 4367 exponit

361 4399 647 4454 rationem.
677 4394 821 4449 Dixit
852 4393 1110 4448 Dominus
1144 4393 1305 4446 vincte
1351 4390 1683 4462 procuratori
1738 4404 1836 4444 suo
1884 4396 1942 4446 et

362 4488 590 4556 reliqua.
607 4484 1019 4539 Procuratorem
1041 4496 1172 4553 ergo
1185 4482 1372 4547 istum,
1385 4495 1546 4552 quem
1566 4480 1758 4535 melius
1778 4495 1940 4549 quam

361 4580 782 4647 lledemptorem
825 4586 1073 4632 nostrum
1130 4575 1432 4647 intelligere
1482 4590 1801 4645 possumus,
1854 4577 1941 4630 cui

363 4670 525 4727 Pater
548 4668 731 4723 omnia
758 4667 905 4722 dedit
928 4668 986 4721 in
1016 4667 1246 4721 manus?
1271 4665 1430 4719 Pater
1450 4665 1586 4719 enim
1611 4680 1713 4718 non
1725 4665 1939 4735 judicat

361 4774 691 4835 quemquam,
722 4758 812 4813 sed
831 4772 981 4811 omne
1000 4756 1263 4827 judicium
1292 4755 1432 4809 dedit
1465 4753 1607 4809 Filio
1651 4754 1832 4827 (Joqn.
1860 4755 1935 4828 v).

364 4851 468 4921 Qui
518 4850 657 4905 bene
697 4855 1017 4920 procurator
1073 4840 1273 4901 dicitur
1297 4885 1313 4911 ,
1361 4845 1454 4916 qui
1504 4853 1760 4917 procurat
1810 4845 1938 4901 ﬁliis

362 4943 641 4999 hominum
665 4941 809 4997 bona
837 4939 1015 4995 futura
1042 4954 1141 5010 pro
1163 4938 1416 5009 operibus
1435 4938 1593 4994 bonis
1617 4939 1939 4995 retribuere.

364 5033 441 5090 De
464 5048 573 5103 quo
599 5031 889 5102 Apostolus
911 5030 1045 5086 dicit
1076 5049 1087 5083 :
1123 5027 1341 5083 Omnem
1386 5028 1794 5084 sollicitudinem
1844 5047 1943 5084 no—

360 5134 527 5179 stram
548 5122 879 5194 proﬁcientes
903 5122 958 5175 in
984 5136 1128 5185 eum,
1165 5120 1414 5189 quoniam
1444 5120 1545 5190 ipsi
1573 5136 1705 5173 cura
1752 5130 1829 5173 est
1880 5119 1944 5174 de

363 5216 512 5271 nobis
538 5215 591 5287 (Ι
632 5213 779 5270 Petr.
827 5215 904 5285 v).
954 5213 1077 5285 Ipse
1120 5220 1280 5268 vocat
1326 5212 1629 5283 operarios,
1667 5220 1724 5267 et
1765 5212 1943 5266 reddit

364 5308 473 5363 illis
496 5306 798 5362 mercedem
822 5307 946 5377 quia
969 5320 1146 5359 mnes
1176 5302 1425 5359 homines
1461 5303 1767 5374 pmsentari
1791 5292 1939 5374 opor-

365 5410 437 5454 tet
465 5408 585 5454 ante
609 5397 840 5454 tribunal
862 5395 1058 5452 Christi
1086 5406 1142 5451 ut
1176 5397 1389 5468 recipiat
1423 5396 1775 5467 unusquisque
1821 5412 1943 5466 pro-

364 5491 484 5567 pria
532 5490 769 5559 corporis
809 5497 963 5558 prout
1002 5487 1159 5558 gessit
1203 5488 1311 5541 sive
1353 5486 1545 5543 bona!
1586 5488 1696 5541 sive
1741 5485 1941 5541 malum

366 5580 450 5650 (II
482 5578 606 5636 Cor.
651 5578 725 5649 ν).
779 5576 935 5644 Quod
975 5583 1156 5631 autem
1188 5576 1584 5646 subsequente:
1628 5576 1829 5632 dicitur
1875 5576 1947 5631 de

363 5672 690 5729 retributore
722 5669 869 5740 quod
912 5669 1169 5739 inciperet
1219 5685 1250 5723 a
1294 5668 1605 5723 novissimis
1651 5684 1824 5741 usque
1870 5670 1939 5726 ad

2050 1855 2227 1910 sortiti
2253 1862 2379 1910 sunt
2407 1870 2528 1909 cum
2557 1855 2643 1910 his
2672 1854 2762 1925 qui
2793 1870 2822 1909 a
2853 1855 3037 1909 mundi
3075 1854 3229 1911 initio
3284 1858 3466 1912 vocati
3513 1857 3633 1912 me-

2045 1953 2192 2012 rnnt,
2224 1946 2277 2000 hi
2310 1946 2401 2016 qui
2440 1946 2494 1999 in
2531 1944 2638 2000 line
2679 1944 2864 2000 mundi
2898 1945 2964 2001 ad
3013 1942 3296 2002 Dominum
3338 1957 3625 2004 venerunt.

2028 2037 2202 2094 ‘Unde
2226 2046 2279 2092 et
2309 2034 2555 2093 subditur
2585 2055 2597 2092 :

2117 2128 2247 2183 Cum
2281 2129 2535 2183 venissent
2579 2142 2699 2199 ergo
2750 2129 2837 2200 qui
2865 2130 3007 2183 circa
3052 2129 3384 2183 undecimam
3440 2131 3630 2187 horam

2046 2228 2312 2283 uenerant,
2339 2227 2648 2289 acceperunt
2674 2218 2905 2289 singulos
2934 2219 3198 2280 denarios.
3236 2216 3510 2275 Venientes
3533 2238 3626 2273 au-

2047 2316 2207 2361 temet
2236 2308 2395 2378 primi
2413 2307 2657 2361 arbitrati
2682 2318 2805 2362 sunt
2838 2308 2976 2380 quod
3000 2307 3117 2379 plus
3141 2318 3307 2377 essent
3332 2312 3632 2382 accepturi;

2049 2408 2359 2469 acceperunt
2389 2408 2563 2453 autem
2589 2410 2636 2453 et
2676 2400 2777 2470 ipsi
2822 2400 3055 2471 singulos
3082 2401 3352 2455 denarios.
3384 2402 3453 2455 Et
3486 2405 3631 2457 acci-

2041 2488 2240 2559 pientes
2266 2489 2666 2543 nturnturabtmt
2698 2490 2948 2544 adversus
2973 2488 3433 2561 patranfamilias,
3457 2494 3634 2548 dicen-

2046 2588 2120 2632 tes
2152 2596 2170 2632 :
2206 2576 2277 2632 lli
2307 2579 2571 2645 novissimi
2621 2596 2724 2633 una
2752 2580 2881 2634 hora
2928 2580 3192 2650 fecerunt,
3222 2593 3270 2636 et
3305 2597 3460 2653 pares
3511 2584 3633 2641 illo:

2046 2667 2193 2722 nobis
2215 2668 2405 2737 fecisti,
2433 2669 2522 2740 qui
2562 2671 2881 2740 portavimus
2928 2673 3134 2743 pondus
3192 2672 3311 2727 dici
3347 2683 3398 2728 et
3449 2683 3634 2731 astus.

2045 2754 2263 2811 Pondus
2288 2757 2432 2811 enim
2464 2756 2570 2810 diei
2620 2766 2673 2812 et
2722 2766 2887 2813 :estus
2924 2768 3283 2829 portaverant
3328 2762 3385 2817 hi
3430 2778 3564 2834 quos
3595 2781 3629 2820 ι

2046 2848 2232 2903 mundi
2289 2848 2462 2914 initio,
2494 2848 2587 2918 qui
2629 2849 2719 2903 diu
2765 2850 2853 2906 hic
2907 2852 3131 2922 contigit
3175 2853 3377 2917 vivere,
3408 2870 3631 2913 necesse

2046 2933 2148 2988 fuit
2177 2935 2341 2989 etiam
2378 2934 2618 3008 longiora
2638 2938 2821 2993 carnis
2854 2947 3184 2995 tentamenta
3215 2943 3467 2999 tolerare.
3493 2943 3626 3001 Uni-

2049 3024 2245 3095 cuique
2277 3024 2419 3079 enim
2435 3026 2644 3095 pondus
2670 3027 2779 3081 diei
2804 3037 2855 3082 et
2881 3037 3044 3085 aestus
3058 3029 3200 3087 ferre
3213 3040 3408 3103 estper
3422 3034 3631 3106 longioc

2045 3118 2121 3173 ris
2144 3119 2269 3172 vitae
2283 3124 2524 3189 tempora
2542 3120 2720 3175 carnis
2734 3134 2844 3177 suae
2865 3122 3044 3178 calore
3061 3121 3297 3196 fatigari.
3329 3125 3438 3181 Sed
3462 3130 3629 3197 quaeri

2044 3219 2221 3280 potest
2267 3212 2545 3280 quomodo
2587 3227 2925 3270 murmurare
2949 3215 3074 3270 dicti
3118 3224 3246 3271 sunt
3278 3218 3404 3286 ,qui
3438 3220 3630 3274 saltem

2045 3318 2166 3357 sero
2180 3302 2246 3357 ad
2261 3316 2485 3373 regnum
2502 3305 2677 3358 vocati
2693 3313 2847 3370 sunt;
2866 3305 3126 3362 caelorum
3167 3308 3370 3361 etenim
3406 3324 3629 3379 regnum

2044 3391 2222 3447 nullus
2245 3408 2587 3447 murmurans
2600 3393 2816 3463 accipit,
2834 3394 3011 3450 nullus
3045 3396 3136 3465 qui
3162 3398 3361 3467 accipit
3384 3412 3629 3454 mumn-

2045 3497 2171 3537 rare
2193 3490 2392 3553 potest.
2429 3482 2537 3538 Sed
2560 3485 2684 3554 quia
2713 3486 2919 3556 antiqui
2947 3496 3128 3557 patres
3151 3502 3327 3560 usque
3343 3490 3412 3545 ad
3435 3493 3634 3547 adven-

2046 3573 2159 3622 tum
2176 3567 2387 3623 Domini
2404 3570 2858 3639 quamlibetjuste
2870 3574 3141 3640 vixerunt,
3158 3573 3306 3630 ducti
3324 3577 3389 3629 ad
3405 3590 3633 3644 regnum

2046 3674 2149 3714 non
2174 3667 2320 3725 sunt,
2351 3660 2457 3715 nisi
2493 3660 2582 3715 ille
2621 3660 2974 3717 descenderet
3003 3665 3092 3733 qui
3129 3665 3363 3734 paradisi
3391 3666 3629 3723 claustra

2045 3752 2352 3808 hominibus
2379 3752 2791 3823 interpositione
2809 3768 2921 3809 sum
2947 3756 3140 3810 mortis
3161 3757 3414 3827 aperiret,
3438 3772 3630 3812 eorum

2043 3843 2147 3898 hoc
2171 3843 2345 3913 ipsum
2374 3858 2716 3900 murmurare
2763 3853 2847 3900 est
2882 3846 3027 3915 quod
3053 3856 3108 3900 et
3132 3857 3282 3903 recte
3311 3862 3411 3919 pro
3453 3848 3633 3919 perci-

2043 3933 2239 3999 piendo
2270 3948 2436 4004 regno
2464 3933 2738 3999 vixerunt,
2770 3942 2827 3989 et
2866 3942 3046 3990 tamen
3074 3935 3165 3991 diu
3211 3952 3243 3991 a
3282 3937 3632 4008 percipiendo

2008 4026 2020 4041 '
2044 4039 2211 4095 regno
2235 4024 2389 4080 dilati
2410 4033 2554 4080 sunt.
2584 4026 2732 4094 Quos
2750 4029 2899 4083 enim
2920 4036 3039 4098 post
3068 4038 3341 4099 peractam
3359 4026 3631 4099 justitiam

2044 4116 2239 4173 inferni
2296 4118 2411 4173 loca
2464 4121 2714 4189 quamvis
2759 4121 3049 4191 tranquilla
3110 4131 3503 4193 susceperunt,
3551 4124 3633 4177 eis

2045 4207 2289 4280 profecto
2321 4218 2377 4264 et
2398 4209 2674 4267 laborasse
2723 4210 2825 4266 fuit
2852 4213 2905 4267 in
2955 4213 3116 4270 vinea
3144 4223 3202 4269 ct
3226 4215 3633 4269 murmurasse!

2046 4299 2209 4367 Quasi
2233 4308 2365 4371 ergo
2388 4309 2515 4371 post
2546 4303 3032 4360 murmurationem
3076 4304 3357 4360 denarium
3408 4318 3635 4375 accepeo

1970 4402 2196 4501 D,runt,
2239 4395 2329 4464 qui
2373 4403 2497 4466 post
2539 4395 2696 4501 long:
2728 4395 2937 4452 interni
2986 4406 3238 4483 tempora
3287 4397 3358 4453 ad
3426 4397 3626 4469 gaudia

2049 4486 2199 4557 regni
2224 4495 2604 4555 pervenerunt.
2649 4484 2759 4541 Nos
2805 4495 2987 4543 autem
3032 4487 3126 4558 qui
3169 4488 3241 4542 ad
3286 4487 3631 4543 undecimam

2054 4578 2315 4641 venimus,
2342 4585 2468 4647 post
2498 4577 2737 4633 laborem
2781 4592 2891 4632 non
2915 4592 3339 4643 murmuramus,
3368 4585 3426 4632 et
3468 4578 3634 4632 dena-

2049 4671 2188 4725 rium
2218 4669 2540 4739 accipimus,
2568 4670 2697 4738 quia
2739 4676 2865 4738 post
2894 4669 3213 4725 mediatoris
3242 4669 3531 4723 adventum
3575 4668 3635 4723 in

2046 4760 2191 4815 hunc
2219 4761 2479 4815 mundum
2505 4760 2803 4826 venientes,
2840 4760 2910 4815 ad
2934 4775 3160 4831 regnum
3199 4761 3468 4826 ducimur,
3504 4775 3633 4815 mox

2046 4866 2167 4905 cum
2198 4850 2264 4905 de
2294 4865 2520 4921 corpore
2559 4851 2790 4914 eximus,
2824 4850 2969 4919 quod
3013 4849 3224 4920 antiqui
3270 4849 3461 4907 Patres
3505 4863 3631 4907 cum

2042 4958 2241 5015 magno
2269 4942 2456 4998 labore
2486 4942 2865 5013 susceperunt.

2111 5032 2291 5089 Atille
2319 5033 2637 5104 respondens
2682 5034 2775 5086 uni
2824 5050 3008 5088 eorum
3066 5033 3202 5087 dixit
3234 5046 3253 5085 :
3292 5018 3631 5096 Anniceynen

2040 5128 2180 5198 facio
2222 5127 2320 5182 tibi
2364 5124 2624 5195 injuriam
2668 5141 2685 5180 :
2732 5124 2922 5181 Nonne
2964 5141 3029 5179 ex
3083 5123 3303 5179 denario
3348 5123 3633 5177 concentui

2038 5217 2281 5272 mecum?
2330 5215 2475 5272 Tolle
2521 5217 2663 5288 quod
2704 5226 2854 5271 tuum
2900 5226 3003 5282 est,
3058 5226 3108 5270 et
3172 5214 3320 5269 unde.
3355 5212 3631 5283 (Hieron)

2044 5306 2173 5378 Legi
2200 5306 2257 5361 in
2314 5303 2597 5375 ariusdam
2624 5305 2763 5359 libro
2791 5305 3032 5360 amicum
3061 5304 3227 5359 istum
3256 5302 3350 5372 qui
3383 5301 3631 5370 increpo~

2043 5406 2133 5453 tur
2163 5412 2193 5451 a
2221 5395 2614 5467 patrelamilias
2652 5396 2846 5466 prima
2901 5396 3050 5451 bone
3084 5394 3399 5465 operarium
3447 5400 3639 5460 proto-

2044 5490 2276 5559 plastum
2300 5487 2549 5560 intelligi,
2577 5494 2632 5542 et
2658 5486 2781 5541 illos
2807 5486 2899 5556 qui
2930 5486 2985 5541 in
3024 5484 3115 5539 illo
3147 5491 3391 5553 tempore
3448 5479 3634 5536 credi-

2045 5580 2259 5633 derunt.
2290 5574 2502 5642 Nonne,
2533 5576 2727 5647 inquit,
2762 5591 2829 5632 es
2852 5575 3073 5631 denario
3091 5571 3375 5629 convenisti
3391 5568 3634 5626 mn?

2046 5669 2312 5727 Denarius
2338 5668 2571 5741 ﬁguram
2591 5668 2735 5741 regis
2764 5668 2947 5724 habet.
2977 5664 3251 5737 Βωφὶςή
3270 5677 3402 5735 ergo
3423 5672 3631 5718 meno-
