4002 6188
276 276 282 282 “
342 298 477 356 toea

1292 282 1651 355 COMMENT.
1693 281 1757 337 IN
1800 280 2235 336 MATTll/EL'M.
2276 314 2345 326 -—
2384 284 2511 340 LIB.
2554 285 2638 340 Vl.
2692 352 2699 357 ι

3470 290 3607 346 1050

338 422 465 475 dein
495 428 655 484 quam
682 409 774 464 tibi
800 404 1152 479 promiseram
1201 401 1489 471 imaginem
1523 407 1577 452 et
1625 394 1928 458 similitudi-
1958 397 2002 457 Α
2036 395 2143 452 illic
2171 401 2441 453 numerari
2469 399 2521 453 in
2559 408 2704 453 sorte
2753 398 2987 454 lldelium
3017 416 3121 455 non
3160 410 3453 457 merentur.
3494 404 3607 460 Hoc

340 528 468 569 item
498 523 694 565 meam.
721 500 855 571 Quid
884 497 1083 571 quaeris
1119 494 1349 564 amplius
1375 509 1388 555 ;
1418 500 1471 545 et
1517 505 1621 544 non
1670 497 1779 542 tam
1808 487 1921 556 ipse

339 604 490 661 solus
538 595 706 670 [plus]
754 593 1024 663 accipere,
1076 602 1239 658 quam
1288 585 1450 638 alium
1499 581 1633 636 nihil
1679 580 1924 648 accipere

339 694 638 755 desideras,
665 700 826 757 quam
855 684 901 738 si
925 678 1128 755 [quasi]
1155 676 1377 731 alterius
1411 673 1684 731 consortio
1710 672 1923 725 minua-

338 794 431 847 tur
458 778 667 855 praemii
696 775 982 832 meritum.
1018 769 1165 824 Tolle
1191 767 1329 840 quod
1377 776 1525 819 tuum
1556 774 1653 829 est,
1684 774 1732 817 et
1772 762 1922 816 vade.

338 852 557 946 Jutlgeus
584 872 638 926 in
667 870 786 940 lege
811 881 921 922 non
950 861 1146 931 gratia,
1174 860 1266 914 sed
1293 872 1392 927 per
1422 870 1582 926 opera
1630 852 1869 908 salvatur
1909 868 1922 903 :

341 943 612 1041 Quiemm
648 957 824 1030 fecerit
853 971 967 1010 eam
994 952 1119 1007 vivet
1146 951 1201 1004 in
1222 966 1285 1002 ea
1313 945 1492 1017 (Rom.
1522 943 1605 1015 tt).
1628 998 1633 1003 ,

432 1057 557 1112 Volo
582 1064 755 1109 autem
780 1060 825 1106 et
847 1040 968 1103 huic
992 1044 1272 1100 norissimo
1296 1041 1423 1094 dare
1444 1038 1574 1092 sicut
1598 1045 1643 1089 et
1664 1034 1772 1089 tibi.
1806 1031 1928 1106 (Ili-

340 1149 469 1221 lar.)
502 1148 643 1202 Vere
679 1142 823 1198 enim
850 1136 1025 1195 Judaei
1050 1133 1265 1192 oculum
1293 1144 1543 1202 pravum,
1573 1127 1927 1181 intentionem

342 1216 507 1310 quam
563 1236 892 1293 habuerunt,
924 1228 1066 1307 sicut
1113 1236 1243 1303 eos;
1295 1222 1387 1279 sed
1434 1220 1609 1291 arguit
1656 1216 1929 1287 apostolus

342 1331 545 1389 Paulus
576 1325 718 1396 quod
747 1331 802 1376 et
837 1319 1123 1376 Dominum
1161 1310 1346 1369 Jesum
1371 1310 1695 1373 occiderunt,
1724 1318 1771 1361 ct
1810 1322 1929 1377 pro-

340 1420 522 1490 phetas
552 1393 607 1470 et:
630 1432 721 1468 nos
737 1410 990 1482 persecuti
1012 1415 1153 1470 sunt,
1172 1412 1276 1457 etc.
1308 1400 1360 1474 (I
1394 1399 1547 1453 Thes.
1586 1396 1672 1468 tt.)
1702 1393 1925 1490 (MAURZ)

342 1484 571 1565 Collatio
602 1518 729 1573 ergo
758 1500 905 1570 regni
932 1513 1038 1553 non
1068 1495 1289 1551 humani
1311 1504 1394 1548 est
1421 1490 1624 1553 meriti,
1650 1496 1743 1542 aut
1765 1484 1933 1557 digni-

344 1599 494 1663 tatis,
522 1596 615 1651 sed
649 1594 842 1648 divinae
877 1597 961 1645 est
985 1586 1263 1659 praestatio
1309 1582 1583 1639 bonitatis.
1619 1580 1755 1635 Hinc
1784 1588 1931 1634 recte

342 1686 624 1756 subjungit
648 1698 662 1739 :

2027 484 2167 539 ovile
2195 496 2395 541 sancta:
2416 487 2669 543 Ecclesia:
2698 488 2878 545 haedos
2904 506 3024 546 cum
3057 491 3209 562 agnis
3268 494 3477 563 recipit,
3509 496 3605 551 sed

2029 583 2321 633 attestante
2374 577 2665 648 Evangelio
2714 594 2839 633 cum
2880 579 3047 649 judex
3096 583 3328 648 venerit,
3358 583 3528 641 bonos
3575 602 3608 641 a

2030 668 2186 724 malis
2211 679 2448 741 separat,
2485 671 2628 727 sicut
2672 681 2857 743 pastor
2895 685 3131 746 segregat
3178 692 3291 731 ores
3340 678 3404 731 ab
3442 680 3611 734 hwdis

2031 760 2245 833 (Matth.
2280 764 2430 834 xxv).
2463 761 2649 833 Neque
2671 765 2870 818 ctenim
2907 776 3149 834 possunt,
3172 768 3263 836 qui
3298 770 3386 824 hic
3429 771 3609 825 carnis

2031 868 2140 913 suae
2168 852 2535 925 voluptatibus
2560 855 2827 918 serviunt,
2861 855 2971 910 illic
3000 857 3052 910 in
3081 859 3261 912 ovium
3311 874 3473 931 grege
3512 876 3610 915 nu-

2032 943 2250 1015 trierat-i.
2306 944 2420 999 Illic
2459 960 2551 999 eos
2585 960 2615 998 a
2651 956 2798 1000 sorte
2846 946 3128 1001 humilium
3167 946 3330 1016 judex
3373 959 3612 1019 separat,

2031 1035 2120 1103 qui
2152 1050 2209 1089 se
2238 1035 2327 1090 hic
2352 1036 2615 1105 superbia:
2637 1035 2892 1091 cornibus
2918 1036 3182 1091 exaltant.
3212 1037 3461 1110 Regnum
3486 1040 3610 1093 (τωιὶ

2030 1129 2313 1198 percipere
2336 1137 2609 1197 nequeunt
2646 1128 2739 1198 qui
2776 1128 2863 1183 hic
2892 1137 2947 1183 ct
2972 1129 3023 1182 in
3058 1129 3267 1183 cwlesti
3302 1128 3405 1183 lide
3453 1129 3613 1200 positi

2033 1226 2146 1273 toto
2176 1219 2443 1277 desiderio
2470 1228 2670 1274 terram
2696 1230 2945 1291 qtuerunt
2974 1231 3028 1276 et
3063 1223 3263 1278 multos
3293 1223 3426 1278 tales
3472 1225 3617 1278 intra

2034 1307 2329 1363 Ecclesium
2361 1311 2654 1376 cernimus,
2688 1312 2781 1366 sed
2803 1328 2896 1367 eos
2927 1329 3027 1368 nec
3060 1314 3280 1379 imitari,
3313 1330 3411 1368 nec
3433 1318 3618 1384 despc-

2034 1416 2157 1456 rare
2185 1400 2461 1456 debemus.
2500 1400 2640 1468 Quid
2685 1404 2827 1457 enim
2869 1405 2941 1458 sit
2990 1404 3151 1458 hodie
3179 1406 3490 1474 aspicimus,
3521 1406 3619 1462 sed

2034 1492 2163 1563 quid
2195 1507 2316 1546 cras
2365 1491 2577 1547 futurus
2623 1494 2693 1547 sit
2738 1495 3108 1564 unusquisque
3158 1496 3453 1550 nescimus.
3498 1495 3616 1551 Ple-

2035 1599 2265 1654 rumque
2316 1591 2374 1638 et
2423 1584 2512 1654 qui
2575 1592 2698 1655 post
2758 1599 2856 1639 nos
2907 1586 3137 1649 venerit,
3168 1600 3264 1655 per
3319 1585 3621 1657 agilitatem

2034 1690 2135 1731 nos
2203 1675 2331 1732 boni
2404 1677 2584 1747 operis
2651 1677 2962 1742 antecedit,
3020 1685 3074 1733 et
3124 1679 3211 1732 vix
3281 1694 3404 1733 eum
3463 1692 3617 1735 asse-

417 1776 521 1831 Aut
567 1790 671 1829 non
713 1768 827 1824 licet
854 1768 986 1822 mihi
1030 1764 1170 1837 quod
1222 1761 1337 1819 colo
1380 1762 1704 1834 facere?Au
1746 1758 1929 1814 oculus

2040 1769 2293 1839 quimur,
2358 1784 2518 1837 quem
2570 1768 2729 1823 hodie
2791 1769 2986 1838 prmire
3052 1769 3388 1825 videbamur.
3459 1768 3621 1825 Certe

338 1874 470 1924 tuus
498 1878 717 1936 nequam
764 1871 862 1925 est,
901 1859 1027 1930 quia
1057 1874 1150 1927 ego
1197 1856 1359 1909 bonus
1383 1854 1539 1907 sum?
1565 1851 1742 1907 Stulta
1785 1850 1929 1903 enim

342 1957 577 2031 qumstio
612 1954 845 2011 hominis
871 1957 1056 2006 contra
1086 1947 1470 2019 benignitatem
1502 1944 1618 1997 Dei.
1650 1941 1766 1996 Non
1798 1955 1933 2010 que-

344 2051 577 2106 rendum
606 2046 804 2117 quippe
840 2051 984 2097 esset
1009 2055 1115 2094 non
1167 2038 1211 2092 si
1257 2037 1313 2091 id
1339 2035 1494 2089 daret
1517 2032 1665 2103 quod
1688 2030 1932 2096 deberet,

344 2140 445 2197 sed
473 2139 521 2193 si
542 2151 650 2192 non
684 2137 838 2190 daret
867 2132 1009 2202 quod
1038 2130 1279 2185 deberet.
1330 2123 1601 2197 (Hier-on.)
1635 2122 1768 2178 Huic
1814 2121 1934 2177 loco

347 2230 525 2288 simile
553 2234 709 2285 sonat
732 2234 787 2280 et
812 2224 901 2277 illa
942 2222 1100 2276 Lucae
1126 2217 1384 2290 parabola
1429 2215 1518 2270 ubi
1568 2204 1743 2282 major
1792 2211 1935 2267 ﬁlius

347 2324 547 2381 minori
577 2320 804 2384 invidet,
831 2325 886 2373 et
923 2333 1030 2372 non
1054 2314 1169 2370 vult
1190 2328 1313 2369 eum
1340 2310 1505 2380 recipi
1557 2302 1933 2379 ptenitentem,

350 2412 447 2470 sed
509 2420 719 2481 patrem
774 2414 995 2463 accusat
1045 2403 1321 2475 iniustitiae
1365 2399 1519 2473 (Luc.
1566 2397 1679 2470 xv).
1729 2392 1934 2468 (Greg.)

350 2503 525 2561 Nemo
545 2510 725 2558 autem
753 2514 811 2555 se
835 2498 901 2554 de
931 2490 1119 2568 opere,
1151 2507 1308 2549 nemo
1339 2493 1405 2546 de
1424 2498 1668 2559 tempore
1691 2484 1933 2551 extollat,

352 2612 481 2653 cum
539 2596 641 2659 hac
690 2591 899 2663 expleta
961 2587 1227 2644 sententia
1294 2585 1687 2661 subsequenter
1721 2568 1939 2635 Veritas

356 2688 559 2746 clamet
593 2707 605 2743 :
679 2713 697 2729 -

429 2779 517 2837 Sic
545 2788 696 2835 erant
715 2777 979 2834 novissimi
998 2775 1177 2847 primi,
1203 2781 1253 2828 et
1272 2772 1429 2845 primi
1456 2769 1743 2823 novissimi.
1770 2763 1941 2838 (ΠΗ.)

349 2872 545 2930 Omnis
588 2872 770 2943 itaque
813 2868 1175 2925 retrovocatio
1224 2864 1474 2937 gentibus
1529 2860 1756 2925 invidet,
1786 2867 1839 2914 et
1885 2857 1937 2912 in

349 2962 629 3034 Evangelii
679 2968 999 3031 torquentur
1034 2956 1228 3027 gratia.
1267 2953 1419 3010 Unde
1450 2960 1506 3007 et
1533 2949 1783 3005 Salvator
1811 2960 1941 3001 con-

348 3054 580 3109 cludens
604 3043 915 3122 parabolam
947 3047 1084 3102 dixit
1112 3062 1126 3100 :

2037 1876 2160 1915 cum
2233 1857 2545 1929 Stephanus
2622 1875 2721 1930 pro
2810 1859 2915 1914 ﬁde
2997 1870 3347 1928 moreretur,
3419 1860 3625 1918 Saulus

1994 1947 2390 2022 Olapidantium
2444 1950 2767 2006 vestimenta
2822 1951 3075 2007 servabat
3134 1951 3272 2022 (Act.
3318 1952 3439 2023 vn).
3486 1953 3617 2008 Om-

2036 2040 2186 2095 nium
2246 2055 2374 2111 ergo
2434 2040 2685 2097 manibus
2714 2041 2827 2111 ipse
2877 2041 3249 2113 lapidavitqui
3280 2044 3347 2099 ad
3375 2045 3623 2115 lapidatu-

2041 2130 2174 2187 tium
2196 2144 2396 2184 omnes
2445 2138 2662 2185 exertos
2714 2130 2965 2185 reddidit.
3016 2130 3084 2185 Et
3146 2140 3325 2187 tamen
3371 2135 3624 2189 eumdem

2039 2221 2214 2292 ipsum
2245 2222 2298 2275 in
2326 2229 2511 2276 sancta
2541 2220 2783 2279 Ecclesia
2812 2220 3090 2279 laboribus
3117 2224 3431 2290 antecessit,
3460 2241 3625 2296 quem

2036 2314 2408 2385 persequendo
2459 2320 2753 2384 martyrem
2803 2313 2948 2369 fecit.
2999 2314 3115 2369 Duo
3159 2329 3289 2386 ergo
3335 2322 3463 2371 sunt
3503 2330 3625 2386 quae

2039 2403 2268 2458 sollicite
2293 2415 2523 2471 pensare
2554 2402 2836 2466 debemus,
2866 2402 2993 2472 quia
3026 2403 3169 2459 enim
3219 2403 3372 2459 multi
3418 2406 3625 2470 vocati,

2038 2494 2200 2565 pauci
2229 2509 2357 2548 vero
2384 2494 2543 2549 electi
2572 2502 2717 2549 sunt.
2750 2493 2994 2551 Primum
3022 2490 3128 2562 (εει,
3176 2505 3237 2552 ut
3282 2497 3349 2552 de
3371 2513 3430 2552 se
3478 2500 3626 2567 quis-

2042 2599 2149 2655 que
2213 2585 2439 2639 minime
2484 2594 2794 2655 pnesttmat,
2826 2586 2953 2655 quia
3002 2595 3056 2641 et
3108 2586 3153 2647 si
3199 2586 3315 2655 jam
3346 2588 3412 2642 ad
3461 2589 3629 2645 ﬁdem

2039 2684 2263 2731 vocatus
2288 2683 2392 2743 est,
2419 2684 2602 2729 utrum
2632 2677 2860 2745 perenni
2897 2691 3059 2747 regno
3094 2678 3289 2748 dignus
3316 2678 3386 2734 sit
3427 2680 3624 2733 nescit.

2043 2767 2349 2824 Secundum
2377 2783 2504 2823 vero
2526 2780 2609 2823 est
2641 2778 2699 2821 ut
2735 2768 3104 2838 unusquisque
3131 2771 3438 2839 proximum
3462 2787 3626 2840 quem

2041 2857 2273 2916 fortasse
2292 2861 2473 2931 jacere
2502 2860 2554 2914 in
2579 2860 2728 2914 vitiis
2753 2861 3020 2930 conspicit
3059 2861 3350 2932 desperare
3385 2880 3491 2917 non
3521 2879 3620 2918 au-

2043 2953 2185 3014 deat,
2212 2952 2565 3025 quiaddivinte
2590 2952 2980 3011 misericordiae
3010 2954 3228 3009 divitias
3253 2955 3487 3023 ignorat.

2117 3041 2224 3115 [IL]
2267 3041 2333 3095 Et
2365 3042 2647 3096 ascendens
2674 3042 2830 3098 Iesus
2865 3043 3282 3114 Hierosolymam
3302 3085 3317 3110 ,
3345 3045 3627 3115 assumpsit

426 3144 602 3198 Erunt
651 3140 918 3196 novissimi
938 3138 1114 3209 primi,
1151 3145 1198 3191 et
1227 3135 1385 3205 primi
1430 3131 1717 3187 novissimi.
1767 3127 1935 3183 «ιιιόωί

2043 3135 2317 3189 duodecim
2349 3134 2633 3205 discipulos
2660 3146 2877 3202 secreta,
2903 3148 2947 3193 et
2987 3137 3061 3192 ait
3091 3135 3198 3190 illis
3222 3151 3241 3189 .'
3275 3136 3412 3191 Ecce
3441 3154 3627 3191 ascen—

347 3237 424 3295 de
455 3236 631 3304 capite
676 3240 952 3287 vertentur
991 3230 1044 3284 in
1096 3228 1291 3290 cauda,
1331 3234 1381 3281 et
1414 3232 1600 3296 gentes
1647 3222 1713 3277 de
1766 3219 1937 3274 cauda

345 3326 709 3383 mutabuntur
732 3324 787 3377 in
814 3316 1009 3394 capite.
1044 3319 1137 3375 Sic
1165 3319 1310 3379 enim
1363 3316 1573 3388 Moyses
1602 3313 1655 3368 in
1678 3313 1940 3367 Deutero-

346 3418 538 3473 nomio
568 3414 685 3484 ejus
710 3412 1056 3484 prophetarit
1080 3428 1092 3464 :
1122 3410 1333 3464 Adrena
1355 3408 1445 3479 qui
1486 3418 1655 3461 tecum
1678 3413 1935 3468 moratur,

345 3507 597 3564 ascendet
612 3513 826 3576 superte
855 3516 873 3555 :
906 3502 991 3557 ille
1012 3501 1108 3555 erit
1125 3502 1176 3554 in
1199 3501 1368 3569 capite
1390 3508 1440 3553 et
1467 3508 1522 3550 tu
1545 3496 1647 3550 eris
1672 3497 1725 3549 in
1744 3494 1933 3558 cauda,

343 3599 442 3653 ille
471 3596 796 3667 ferrerabitur
823 3594 915 3648 tibi
942 3601 990 3646 et
1057 3601 1113 3644 tu
1159 3608 1263 3645 non
1312 3588 1626 3661 feneraberis
1674 3586 1721 3639 ei
1754 3584 1933 3657 (Deut.

349 3689 569 3761 xxvnt).
607 3684 980 3759 (Greg.)‘Ecce
1003 3683 1149 3739 enim
1173 3691 1227 3737 et
1256 3698 1302 3737 si
1320 3679 1432 3749 jam
1469 3679 1672 3733 scimus
1704 3692 1823 3746 qua:
1850 3674 1936 3730 vel

351 3789 577 3853 quanta.
613 3774 777 3835 bona
809 3776 1042 3847 egimus,
1074 3772 1252 3828 adhuc
1296 3784 1565 3839 supernus
1614 3767 1799 3838 judex,
1831 3780 1937 3834 qua

351 3872 658 3928 subtilitate
705 3869 821 3923 haec
864 3865 1173 3929 examinet,
1221 3862 1554 3931 ignoramus.
1604 3858 1670 3911 Et
1719 3855 1936 3925 quidem

348 3962 698 4038 gaudendum
756 3959 953 4028 cuique
985 3967 1345 4023 summopere
1390 3959 1472 4006 est
1518 3951 1570 4007 in
1619 3963 1786 4019 regno
1843 3945 1939 4000 Dei

347 4072 478 4112 esse
507 4054 590 4109 vel
623 4053 893 4108 ultimum.
928 4045 1019 4103 Sic
1046 4053 1169 4117 post
1219 4046 1334 4101 haec
1370 4040 1611 4097 terribile
1652 4038 1809 4093 valde
1856 4044 1942 4092 est

348 4147 501 4217 quod
531 4145 817 4215 sequitur:
851 4138 1008 4195 Multi
1051 4136 1190 4193 enim
1234 4135 1400 4189 vocati
1446 4126 1587 4195 Sunt,
1620 4129 1774 4201 pauci
1818 4143 1940 4182 vero

347 4238 525 4294 electi.
556 4236 693 4304 Quia
735 4236 803 4290 ad
836 4232 996 4287 ﬁdem
1025 4228 1206 4301 plures
1231 4226 1475 4291 veniunt,
1504 4232 1559 4279 et
1608 4223 1675 4278 ad
1723 4220 1945 4276 caeleste

336 4342 587 4402 regnum
620 4326 781 4397 pauci
808 4324 1199 4395 perducuntur.
1237 4318 1375 4377 Ecce
1409 4317 1561 4379 enim~
1607 4316 1676 4370 ad
1718 4322 1938 4369 sancto-

348 4435 480 4476 rum
512 4417 832 4473 festivitates
853 4428 1013 4484 quam
1069 4411 1221 4467 multi
1251 4409 1630 4473 convenimus,
1661 4413 1715 4462 et
1749 4405 1937 4462 Eccle-

2041 3226 2214 3281 dimus
2243 3224 2650 3295 Jerosolymam,
2680 3237 2726 3280 et
2752 3226 2896 3296 ﬁlius
2925 3227 3152 3283 hominis
3176 3226 3415 3280 tradetur
3435 3227 3631 3298 princi-

2038 3318 2189 3390 pibus
2218 3317 2571 3384 sacerdotum,
2619 3328 2665 3372 et
2706 3317 2911 3384 scribis,
2958 3327 3005 3372 et
3054 3315 3471 3373 condemnabuut
3511 3334 3631 3373 eum

2039 3413 2214 3467 morti.
2281 3412 2613 3483 Redemptor
2670 3423 2854 3469 noster
2903 3412 3205 3482 prmvidens
3249 3427 3312 3466 ex
3377 3411 3633 3480 passione

2039 3518 2136 3557 sua
2188 3501 2571 3572 discipulorum
2620 3504 2829 3558 animos
2882 3501 3303 3572 perturbandos,
3350 3502 3432 3556 eis
3472 3500 3633 3571 longe

2041 3604 2167 3651 ante
2187 3605 2241 3651 et
2270 3598 2512 3667 ejusdem
2549 3596 2819 3667 passionis
2863 3610 3105 3665 poenam,
3129 3601 3183 3648 et
3216 3592 3635 3649 resurrectionis

2041 3690 2267 3761 gloriam
2311 3689 2589 3759 praedicit,
2630 3698 2691 3742 ut
2734 3703 2857 3741 cum
2905 3701 3029 3741 eum
3081 3685 3434 3747 moriuntem,
3486 3684 3637 3741 sicut

2038 3781 2361 3859 praedictum
2404 3786 2570 3841 esset,
2616 3783 2927 3840 cernerent,
2973 3775 3139 3829 etiam
3192 3782 3632 3828 resurrecturum

2039 3884 2145 3926 non
2172 3871 2503 3925 dubitarent.
2527 3864 2798 3938 (Ηίετοη.)
2825 3865 2891 3920 Et
2921 3866 3113 3920 crebro
3135 3866 3238 3920 hoc
3264 3864 3439 3935 ipsum
3469 3864 3635 3919 disci~

2039 3959 2177 4030 pulis
2202 3959 2444 4024 dixerat;
2477 3956 2572 4012 sed
2606 3955 2764 4026 quia,
2797 3954 2987 4011 multis
3011 3955 3065 4009 in
3106 3955 3283 4009 medio
3313 3938 3634 4025 disputatis,

2038 4059 2250 4123 poterat
2271 4049 2385 4106 labi
2406 4050 2472 4108 de
2498 4048 2763 4109 memoria
2786 4047 2929 4118 quod
2958 4047 3262 4112 audierant,
3293 4044 3470 4101 iturus
3498 4046 3631 4101 [lie-

2040 4142 2365 4213 rosolymam
2395 4149 2450 4196 et
2484 4157 2668 4198 secum
2692 4141 2956 4208 ducturus
2979 4137 3348 4208 apostolosad
3370 4139 3633 4193 tentatio-

2041 4246 2164 4285 nem
2206 4245 2301 4284 eos
2327 4238 2505 4301 parat,
2540 4244 2608 4283 ne
2648 4242 2773 4282 cum
2803 4226 3013 4282 venerit
3039 4226 3345 4297 persecutio
3370 4226 3550 4282 crucis
3577 4234 3639 4281 et

2042 4321 2336 4393 ignominia
2366 4319 2826 4377 scandalizentur.
3201 4376 3215 4387 κ
3356 4379 3363 4385 ο

2114 4410 2181 4464 Et
2213 4410 2418 4463 tradent
2443 4425 2559 4462 eum
2587 4407 2824 4478 gentibus
2850 4403 2919 4459 ad
2942 4403 3292 4470 deludendum
3321 4442 3336 4468 ,
3363 4411 3411 4457 et
3439 4401 3635 4473 μηθείς

346 4512 496 4567 siam
524 4510 731 4580 pariter
786 4504 1206 4576 replcnms;sed
1251 4511 1429 4561 tamen
1477 4502 1598 4571 quis
1643 4500 1746 4556 scit
1773 4514 1935 4571 quam
1964 4472 2018 4533 D
2043 4499 2299 4564 landum,
2344 4507 2391 4552 et
2445 4472 2881 4566 cruciﬁgendum,
2930 4504 2977 4548 et
3022 4494 3178 4547 tertia
3228 4490 3315 4548 die
3369 4501 3629 4563 resurget.

349 4599 517 4671 pauci
566 4596 831 4666 sunt,‘qui
876 4596 931 4650 in
956 4594 1050 4648 illo
1080 4595 1374 4650 electorum
1414 4592 1506 4647 Dei
1549 4606 1711 4662 grege
1757 4606 1940 4649 nume-

349 4702 568 4748 rentur.
621 4689 762 4745 Ecce
814 4703 918 4745 vox
973 4687 1213 4741 omnium
1275 4685 1549 4741 Christum
1593 4682 1811 4748 clamat,
1842 4681 1936 4737 sed

349 4787 471 4840 vita
492 4784 734 4839 omnium
763 4796 868 4836 non
884 4779 1106 4835 clamat.
1131 4778 1381 4848 Plerique
1406 4778 1692 4833 Dominum
1715 4774 1957 4831 vocibus

348 4882 683 4945 sequuntur,
707 4873 949 4929 moribus
966 4868 1195 4943 fugiunt.
1223 4868 1361 4923 Hinc
1386 4868 1533 4923 enim
1551 4867 1753 4922 Paulus
1773 4866 1935 4923 dicit:

352 4965 467 5040 Qui
491 4962 805 5034 confitentur
836 4979 891 5017 se
918 4977 1065 5015 nosse
1113 4959 1298 5023 Deum,
1324 4958 1477 5028 factis
1529 4968 1703 5012 autem
1750 4965 1938 5028 negant

351 5052 493 5127 (Tit.
526 5054 588 5125 ι).
620 5051 756 5107 [line
784 5049 1016 5106 Iacobus
1039 5050 1150 5104 ait:
1183 5046 1344 5102 Fides
1367 5047 1478 5101 sine
1499 5048 1740 5127 operibus
1770 5047 1938 5103 otiosa

354 5122 603 5216 tuaac.
630 5142 712 5216 tt).
758 5143 896 5197 Hinc
920 5156 1014 5212 per
1057 5139 1397 5195 Psalmistam
1453 5122 1715 5191 Dominus
1764 5136 1937 5191 dicit:

350 5236 707 5302 Artnuntiavi,
736 5243 783 5288 et
823 5232 1027 5288 locutus
1073 5245 1210 5295 sum,
1241 5225 1575 5298 multiplicati
1618 5235 1740 5282 sunt
1784 5242 1943 5298 super

353 5345 636 5388 numerum
663 5324 833 5401 (Psal.
866 5324 1073 5395 χχχιχ).
1113 5323 1349 5378 Vocantc
1393 5321 1535 5375 enim
1580 5320 1830 5385 Domino,
1853 5334 1944 5373 su-

353 5435 466 5493 per
495 5435 779 5475 numerum
830 5417 1253 5488 multiplicantur
1287 5410 1493 5476 fideles,
1520 5411 1647 5481 quia
1692 5424 1943 5465 nonnun-

352 5526 531 5580 quam
558 5510 724 5567 etiam
754 5509 807 5563 hi
833 5508 898 5563 ad
930 5506 1087 5562 fidem
1118 5505 1360 5566 veniunt,
1389 5502 1481 5572 qui
1528 5501 1596 5557 ad
1638 5501 1937 5555 electorum

357 5616 652 5660 numerum
673 5614 778 5655 non
803 5598 1131 5669 pertingant.
1183 5594 1245 5648 Hi
1276 5594 1419 5651 enim
1453 5591 1699 5647 ﬁdelibus
1737 5590 1945 5647 contes-

352 5706 573 5762 sioneut
602 5697 814 5756 admisti
855 5704 1001 5761 sunt,
1043 5695 1135 5749 sed
1174 5702 1393 5764 propter
1438 5679 1607 5746 vitam
1655 5689 1941 5758 rcprobam

2044 4589 2270 4664 (MAUB.)
2322 4588 2568 4645 Tradidit
2606 4586 2750 4642 enim
2791 4585 2958 4642 ludas
2986 4586 3270 4641 Dominum
3314 4582 3534 4649 .lndzeis,
3565 4594 3621 4639 et

2042 4682 2145 4753 ipsi
2185 4680 2520 4737 tradiderunt
2558 4694 2682 4737 eum
2745 4678 3026 4749 gentibus,
3069 4677 3241 4737 Pilato
3280 4684 3336 4731 et
3371 4675 3639 4747 potestati.

2042 4774 2433 4829 Romanorum.
2480 4773 2632 4829 Unde
2659 4772 2920 4842 scriptum
2948 4777 3030 4825 est
3060 4785 3074 4825 :
3124 4769 3367 4825 Vinctum
3393 4770 3633 4823 additam

2045 4873 2165 4919 runt
2196 4857 2313 4918 eum
2356 4873 2404 4917 et
2435 4863 2763 4916 tradiderunt
2803 4876 2919 4914 eum
2959 4856 3153 4913 Pontio
3189 4856 3364 4912 Pilato
3391 4856 3629 4928 prasidi.

2047 4954 2256 5011 Pilatus
2285 4964 2457 5008 autem
2483 4951 2821 5023 apprehendit
2849 4948 3029 5007 Jcsum
3054 4959 3099 5001 et
3125 4947 3431 5017 ﬂagellauit,
3453 4957 3498 5000 et
3527 4948 3627 4998 mi-

2046 5050 2161 5104 lites
2185 5046 2456 5119 plectentes
2491 5059 2735 5098 coronam
2773 5043 2837 5095 de
2869 5041 3032 5111 spinis
3070 5040 3426 5107 imposuerunt
3468 5036 3631 5104 capiti

2046 5141 2181 5209 ejus,
2214 5148 2260 5193 et
2287 5145 2423 5191 ueste
2448 5149 2710 5205 purpurea
2730 5129 3184 5187 circumdederunt
3213 5142 3355 5189 eum,
3376 5134 3422 5177 et
3456 5125 3631 5177 renie-t

2048 5231 2171 5285 bant
2198 5229 2265 5283 ad
2290 5244 2408 5282 eum
2437 5226 2704 5279 dicentes:
2733 5222 2857 5288 Ave,
2889 5237 2979 5276 rex
3002 5218 3336 5282 Judteorum,
3363 5224 3409 5270 et
3431 5214 3633 5268 dabant

2046 5323 2094 5377 ei
2139 5320 2343 5392 palmas
2385 5315 2601 5389 (Matth.
2648 5313 2820 5383 XXVI).
2871 5312 2978 5367 Sed
3022 5308 3314 5381 ignominia
3364 5307 3480 5362 hazc
3521 5314 3639 5360 tota.

2047 5419 2305 5469 evacuata
2335 5417 2418 5464 est
2447 5405 2655 5463 cmlesti
2684 5404 2854 5476 gloria
2884 5400 3318 5464 resurrectionis,
3348 5399 3474 5468 quia
3502 5413 3640 5452 eam

2047 5504 2163 5575 ejus
2188 5518 2294 5558 non
2314 5501 2447 5556 vidit
2472 5497 2870 5569 corruptionem
2891 5535 2907 5559 ,
2949 5492 3041 5553 sed
3075 5491 3251 5562 palam
3290 5490 3639 5558 triumphans

2047 5594 2351 5653 resurrexit
2382 5593 2436 5648 in
2470 5589 2670 5665 gloria,
2706 5600 2977 5645 evacuans
2996 5597 3185 5640 omnes
3214 5581 3551 5655 principatus
3575 5588 3632 5636 et

2046 5693 2364 5762 potestates.
