4002 6188
310 331 446 411 11:33.
480 362 495 367 μ

1248 328 1599 386 COMMENT.
1639 328 1710 384 ΓΝ
1746 326 2186 385 ΜΔΤἸἨΛΕΗΜ.
2225 358 2297 368 -
2333 326 2461 383 LIB.
2500 326 2585 381 Vl.

3430 334 3564 394 1054

304 463 423 501 eum
456 445 624 500 turlne
660 442 869 507 mutue,
887 452 934 498 et
976 459 1092 497 ecce
1130 442 1234 497 duo
1279 444 1403 499 ca’ci
1450 442 1686 499 sedentes
1730 457 1880 501 secus
1907 455 1956 517 Α
1982 444 2264 508 poterant,
2313 437 2600 493 audierunt
2641 438 2908 507 przeconia
2958 437 3283 507 Salvatoris,
3331 452 3385 500 et
3433 461 3567 502 con-

303 536 442 590 ciam
467 535 768 600 audierunt,
796 534 918 605 quia
941 533 1098 589 Iesus
1121 535 1402 599 transiret;
1427 543 1476 589 et
1499 532 1879 599 clamauerunt,

303 626 533 681 dicentes
553 641 573 680 :
600 625 841 690 Domine,
870 626 1111 680 miserere
1136 625 1324 690 nostri,
1356 624 1436 694 [ili
1474 623 1666 681 David.
1695 621 1880 697 (Aug.)

302 716 417 773 Hoc
443 724 502 773 et
548 716 760 775 Marcus
800 724 1211 782 commemorat,
1258 715 1352 773 sed
1385 716 1452 772 de
1490 729 1600 770 uno
1629 729 1773 771 caeco
1799 712 1880 769 fa-

302 816 471 862 ctum.
499 805 630 874 Quae
656 807 730 864 ita
754 808 982 867 solvitur
1007 807 1256 879 quaestio,
1289 812 1349 863 ut
1376 805 1465 865 illa
1498 804 1671 862 soluta
1703 812 1787 862 est
1817 805 1883 861 de

303 899 539 961 duobus,
567 898 659 969 qui
688 898 955 969 legionem
992 899 1297 955 daemonum
1336 897 1683 971 patiebantur
1713 896 1766 952 in
1798 909 1884 951 rev

302 989 461 1060 giune
504 987 901 1049 Gerasenorum
930 987 1124 1061 (Mare.
1164 987 1265 1061 ιι).
1296 986 1433 1047 Nam
1466 987 1693 1046 duorum
1718 984 1880 1041 etiam

302 1092 588 1142 ctecorum,
606 1092 747 1149 quos
763 1077 922 1133 modo
945 1076 1287 1149 interposuit,
1305 1090 1470 1135 unum
1487 1073 1513 1126 l
1510 1074 1652 1135 uisse
1666 1073 1883 1129 notissi—

234 1160 237 1163 λ
301 1183 471 1235 mum,
495 1176 552 1227 et
583 1167 638 1223 in
660 1166 750 1223 illa
776 1167 995 1225 civitate
1025 1165 1467 1229 famosissimum,
1489 1178 1557 1220 ex
1586 1164 1689 1225 hoc
1715 1162 1882 1218 etiam

301 1258 436 1319 satis
460 1264 715 1329 apparet,
745 1256 889 1331 quod
921 1265 978 1315 et
1004 1272 1199 1315 nomen
1228 1256 1343 1326 ejus
1361 1296 1377 1321 ,
1412 1263 1469 1310 et
1492 1269 1686 1309 nomen
1712 1253 1882 1324 patris

301 1345 420 1416 ejus
441 1346 653 1405 Marcus
674 1347 1135 1407 commemoravit.
1160 1346 1312 1416 Quod
1339 1347 1394 1401 in
1421 1353 1499 1401 tot
1524 1346 1773 1418 superius
1802 1360 1884 1401 sa-

300 1437 445 1492 natis
471 1452 502 1491 a
522 1436 749 1495 Domino
773 1451 878 1493 non
911 1434 1067 1493 facile
1094 1435 1350 1502 occurrit,
1390 1435 1493 1492 nisi
1521 1450 1644 1492 cum
1673 1433 1880 1493 Jairum

301 1526 787 1600 archisynagogum
862 1527 1026 1603 etiam
1084 1528 1303 1587 nomine
1367 1525 1635 1603 expressit
1660 1566 1676 1592 ,
1728 1526 1882 1597 cujus

299 1618 468 1679 ﬁliam
515 1620 857 1681 resuscitav'it
899 1621 1074 1683 Jesus.
1120 1622 1178 1683 In
1214 1638 1322 1694 quo
1365 1622 1533 1679 etiam
1569 1622 1744 1695 magis
1779 1621 1883 1679 iste

300 1725 491 1769 sensus
515 1721 759 1789 apparet,
781 1713 908 1784 quia
938 1722 995 1771 et
1021 1714 1112 1771 ille
1134 1714 1592 1787 archisynagogus
1617 1714 1804 1788 utique
1827 1714 1879 1771 in

298 1801 420 1858 loco
447 1803 539 1861 illo
565 1804 763 1861 nobilis
783 1802 904 1862 fuit.
948 1804 1143 1863 Procul
1163 1804 1326 1864 dubio
1348 1806 1531 1881 itaque
1557 1804 1875 1885 Bartimteus
1905 1808 1951 1868 B

299 1893 391 1950 ille
423 1911 585 1967 quem
627 1895 842 1954 Marcus
879 1905 1283 1960 commemorat.
1318 1896 1490 1959 Timei
1517 1896 1659 1953 filius
1684 1911 1752 1952 ex
1778 1896 1878 1955 ali-

298 2001 406 2058 qua
430 2002 629 2061 magna
650 1986 905 2045 felicitate
930 1985 1190 2059 dejectus,
1220 1989 1519 2047 notissimae
1548 1996 1605 2043 et
1630 1986 1880 2044 famosis-

295 2078 452 2136 sima:
496 2080 728 2139 miseria:
767 2081 887 2148 fuit,
933 2081 1059 2157 quia
1105 2096 1211 2137 non
1250 2081 1423 2137 solum
1461 2094 1658 2146 caecus,
1692 2095 1879 2137 verum

296 2170 465 2228 etiam
490 2171 767 2228 mendicus
803 2172 1041 2230 sedebat.
1078 2171 1217 2228 Hinc
1242 2180 1327 2227 est
1348 2184 1497 2243 ergo,
1528 2171 1672 2242 quod
1703 2171 1879 2243 ipsum

298 2260 474 2321 solum
496 2261 665 2320 voluit
691 2276 1118 2319 commemorare
1142 2261 1356 2318 Marcus
1374 2302 1391 2327 ,
1421 2261 1575 2333 cujus
1604 2261 1878 2321 illumina-

300 2351 378 2407 tio
409 2359 519 2408 tam
563 2351 768 2411 claram
811 2351 1013 2408 famam
1055 2353 1184 2409 huic
1226 2352 1491 2409 miraculo
1523 2352 1878 2424 comparavit,

300 2457 464 2514 quam
492 2451 611 2501 erat
650 2443 795 2501 illius
838 2453 966 2501 nota
1004 2444 1306 2502 calamitas.
1352 2442 1622 2518 (Hierom)
1664 2444 1881 2503 Jericho

299 2530 431 2588 urbs
445 2539 545 2598 est,
568 2547 754 2606 quam,
775 2531 1009 2589 Iordane
1033 2541 1391 2605 transgresso,
1412 2533 1676 2594 subvertit
1691 2531 1879 2603 Iosue,

300 2636 431 2694 rege
477 2622 617 2679 illius
673 2622 956 2680 interfecto
1005 2622 1141 2696 (los.
1197 2622 1300 2696 vl),
1333 2637 1432 2695 pro
1478 2638 1583 2696 qua
1613 2625 1884 2683 exstruxit

303 2713 462 2768 aliam
491 2713 646 2773 Ahiel
676 2715 741 2771 de
771 2713 960 2772 Bethel
1000 2730 1070 2770 ex
1116 2715 1262 2773 tribu
1302 2715 1559 2786 Ephraim
1597 2715 1718 2789 (111
1747 2716 1878 2791 Reg.

300 2802 436 2874 xvi),
469 2819 632 2875 quam
678 2806 936 2865 Dominus
972 2815 1134 2878 atque
1172 2806 1422 2865 Salvator
1450 2821 1551 2864 sua
1593 2810 1882 2879 praesentia

302 2897 574 2954 illustrare
601 2899 849 2971 dignatus
877 2908 979 2958 est.
1015 2899 1122 2957 Sed
1159 2910 1215 2958 et
1244 2903 1358 2959 haec
1384 2918 1450 2961 eo
1480 2911 1745 2974 tempore,
1773 2917 1881 2974 quo

298 2984 598 3044 Jerusalem
640 2988 1048 3059 oppugnabatur
1072 3005 1102 3044 a
1136 2988 1414 3059 Romanis,
1454 3000 1674 3065 propter
1713 2990 1881 3062 perii-

299 3072 448 3129 diam
476 3075 674 3131 civium
713 3085 871 3146 capta
897 3086 1057 3149 atque
1085 3079 1389 3145 destructa,
1425 3095 1533 3151 qua
1558 3079 1717 3137 tertia
1747 3080 1877 3136 mdi-

299 3163 465 3223 licata
509 3176 594 3220 est
639 3166 849 3231 civitas,
895 3182 1015 3238 quae
1058 3168 1217 3224 hodie
1264 3184 1438 3241 usque
1471 3177 1772 3241 permanet,
1827 3176 1883 3226 et
1909 3155 1954 3219 C

299 3256 662 3312 ostenduntur
687 3257 965 3329 utriusque
1000 3259 1151 3319 urbis
1174 3259 1399 3332 vestigia
1434 3276 1607 3331 usque
1650 3260 1706 3316 in
1742 3275 1882 3332 prte-

300 3355 511 3404 sentem
538 3348 700 3403 diem.
727 3346 942 3404 Jericho
977 3357 1154 3406 autem
1176 3391 1192 3418 ,
1221 3366 1343 3422 quae
1372 3351 1719 3433 interpretari
1745 3351 1880 3408 dici-

299 3432 392 3493 tur
418 3436 545 3491 luna
567 3478 583 3504 ,
615 3437 880 3493 defectum
910 3447 1109 3496 nostrae
1134 3432 1511 3499 mutabilitatis
1545 3456 1611 3497 ac
1637 3441 1882 3498 mortali-

299 3529 432 3585 tatis
457 3530 742 3602 siguilicat.
768 3530 919 3600 Quod
941 3547 1008 3588 ex
1039 3532 1126 3588 illa
1157 3532 1398 3591 maxime
1419 3531 1691 3604 Evangelii
1721 3546 1881 3603 para-

298 3621 424 3677 bola
455 3620 668 3686 claruit,
699 3621 789 3677 ubi
828 3621 981 3677 homo
1018 3623 1333 3679 descendens
1383 3621 1448 3682 ab
1479 3620 1779 3679 Jerusalem
1825 3622 1881 3678 in

298 3708 511 3764 Jericho
539 3711 719 3766 incidit
746 3711 800 3766 in
841 3710 1069 3769 latrones
1094 3713 1245 3787 (Luc.
1285 3711 1363 3787 κ),
1392 3722 1448 3768 et
1477 3713 1786 3769 vulneratus
1812 3713 1882 3769 ab

301 3799 386 3854 eis
412 3814 475 3854 ac
498 3798 845 3873 dispoliatus,
884 3816 982 3875 per
1016 3802 1159 3872 piam
1192 3801 1519 3857 Samaritani
1559 3802 1881 3857 industriam

305 3891 371 3947 ad
398 3889 623 3948 salutem
672 3903 955 3950 revocatus
985 3903 1088 3959 est,
1120 3896 1246 3966 quia
1281 3893 1537 3950 nimirum
1578 3908 1749 3965 genus
1782 3892 1884 3948 hu-

302 3998 522 4038 manum
549 3999 579 4039 a
607 3985 812 4041 visione
853 4001 1076 4048 summa:
1104 3987 1253 4058 pacis
1293 3986 1346 4041 in
1387 3985 1651 4043 desideria
1698 3984 1881 4043 saeculi

303 4068 464 4139 hujus
499 4069 619 4127 labe
650 4072 925 4128 mortifera
955 4073 1208 4129 decidens
1235 4088 1333 4145 per
1357 4073 1644 4129 Dominum
1691 4072 1881 4129 Salva-

306 4171 477 4218 torem
508 4164 575 4220 ad
604 4164 764 4220 vitam
796 4181 956 4237 quam
980 4168 1211 4225 errando
1238 4168 1565 4239 perdiderat,
1588 4168 1878 4227 reducitur.

1983 528 2110 586 fessi
2159 539 2287 586 sunt
2344 528 2514 584 lilium
2566 529 2754 587 David.
2800 529 3182 591 Proficiscente
3238 534 3403 607 igitur
3459 538 3565 593 Do.

1982 619 2132 677 mino
2168 628 2223 676 et
2270 619 2544 691 discipulis
2573 619 2711 689 ejus,
2752 629 2807 675 et
2850 620 3079 691 plurima
3122 623 3464 683 multitudine
3503 629 3569 685 de

1982 706 2219 775 Iericho,
2253 709 2359 764 duo
2384 709 2513 765 caeci
2532 706 2690 778 juxta
2714 710 2854 768 viam
2898 714 3190 780 sedebant;
3219 716 3345 784 quia
3372 732 3568 775 ascen-

1983 800 2142 859 dente
2172 800 2240 855 ad
2264 799 2434 856 caelos
2463 799 2709 863 Domino,
2738 808 2797 858 et
2824 800 3008 856 multis
3032 802 3269 859 fidelium
3297 809 3569 877 sequenti-

1981 893 2103 960 bus,
2141 892 2250 949 imo
2293 893 2507 950 cunctis
2536 895 2605 949 ab
2647 894 2802 950 initio
2845 896 3033 953 mundi
3061 897 3253 956 electis
3293 916 3400 957 una
3445 917 3567 958 cum

1982 981 2073 1039 illo
2091 983 2314 1054 januam
2346 985 2497 1057 regni
2528 986 2765 1044 ccelestis
2793 987 3240 1061 ingredientibus.
3269 1009 3394 1051 mox
3424 1004 3571 1052 uter-

1983 1086 2087 1141 que
2115 1073 2342 1143 populus
2370 1074 2460 1129 diu
2488 1075 2714 1146 perﬁdia
2738 1092 2912 1135 caecus
2938 1081 3123 1139 audito
3147 1081 3444 1143 Salvatoris
3470 1088 3571 1143 ad-

1982 1171 2146 1218 ventu
2182 1173 2463 1235 coeperunt
2498 1174 2555 1222 et
2585 1167 2687 1240 ipsi
2721 1184 2833 1225 sua:
2871 1170 3059 1228 salutis
3093 1182 3256 1245 atque
3296 1176 3572 1235 illumina-

1984 1252 2147 1311 tionis
2179 1269 2327 1325 spem
2368 1256 2599 1326 habere,
2626 1266 2787 1330 atque
2817 1261 3164 1332 inquisitione
3197 1267 3447 1325 desiderii
3476 1285 3566 1325 sa-

1982 1343 2173 1401 lutaris
2212 1346 2281 1402 ad
2317 1347 2421 1405 hoc
2457 1351 2744 1419 pervenire
2793 1354 3144 1422 studuerunt,
3172 1366 3233 1414 ut
3271 1361 3391 1429 quis
3426 1371 3571 1418 esset

1984 1449 2145 1492 verus
2172 1436 2451 1510 religienis
2473 1440 2648 1498 cultus
2682 1442 3056 1517 investigando
3083 1450 3479 1519 perquirerent.

2056 1567 2232 1626 Turba
2244 1582 2419 1628 autem
2435 1575 2853 1647 increpabateos,
2878 1587 2935 1633 ut
2951 1588 3199 1636 tacerent.
3222 1582 3289 1637 At
3307 1583 3388 1638 illi
3400 1587 3567 1656 magis

1984 1657 2301 1728 clamabant,
2328 1661 2593 1719 dicentes:
2620 1665 2860 1731 Domine,
2882 1668 3125 1724 miserere
3145 1673 3331 1737 nostri,
3353 1673 3434 1741 ﬁli
3455 1673 3567 1728 Da-

1983 1752 2088 1806 vid.
2103 1751 2399 1823 Oportebat
2409 1764 2589 1814 autem
2609 1765 2669 1813 ut
2685 1743 2790 1813 tam
2803 1760 2893 1815 diu
2914 1760 3231 1828 clamarent,
3247 1764 3417 1820 donec
3438 1767 3573 1822 resi-

1979 1842 2173 1898 stentis
2212 1844 2317 1901 sibi
2362 1846 2534 1902 turbae
2574 1849 2859 1918 strepitum
2896 1850 3205 1910 vincerent.
3230 1852 3282 1907 id
3321 1863 3423 1917 est,
3457 1862 3567 1910 tam

1976 1942 2388 2002 perseveranter
2410 1937 2752 1995 intenderent
2774 1940 3016 1997 animum
3034 1945 3241 2000 orando
3262 1953 3425 2016 atque
3447 1948 3569 2018 pul—

1978 2023 2166 2092 sando,
2197 2040 2479 2099 quousque
2520 2032 2910 2088 consuetudine
2943 2033 3331 2091 desideriorum
3371 2053 3568 2093 cama-

1978 2111 2132 2180 lium,
2154 2131 2275 2186 qua:
2304 2126 2560 2189 tanquam
2588 2121 2743 2176 turba
2767 2121 3031 2193 obstrepit
3056 2126 3367 2195 cogitationi
3393 2128 3568 2186 lucem

1979 2207 2226 2264 veritatis
2251 2217 2469 2267 aeternte
2494 2211 2679 2267 videre
2702 2215 2940 2282 conanti,
2977 2215 3061 2272 vel
3085 2219 3257 2288 ipsam
3287 2219 3564 2294 hominum

1979 2298 2277 2355 carnalium
2344 2301 2561 2358 turbam
2621 2305 2799 2360 studia
2868 2306 3133 2378 spiritalia
3189 2309 3568 2380 impedientem

1982 2385 2276 2446 fortissima
2324 2392 2621 2449 intentione
2668 2404 3007 2465 superarent.
3056 2396 3349 2455 Audientes
3381 2400 3566 2458 Jesum

1979 2479 2109 2533 caeci
2140 2479 2386 2538 misereri
2412 2482 2493 2540 sui
2524 2493 2834 2555 precantur,
2868 2502 2969 2543 nec
3000 2489 3183 2544 multis
3220 2490 3348 2547 licet
3377 2494 3567 2563 prohi-

1980 2569 2231 2628 bentibus
2254 2586 2285 2627 a
2323 2572 2604 2631 clamando
2627 2576 2924 2645 desistunt,
2952 2580 3076 2650 quia
3108 2582 3289 2651 populi
3327 2586 3566 2655 gentium

1981 2664 2164 2736 agnita
2210 2665 2356 2722 fama
2397 2668 2633 2724 nominis
2679 2668 2882 2726 Christi
2940 2672 3230 2744 participes
3283 2672 3401 2742 ejus
3452 2675 3567 2731 ﬁeri

1981 2755 2316 2826 quaerebant.
2374 2756 2833 2815 Contradicehant
2866 2761 3022 2816 multi
3050 2779 3063 2814 :
3094 2764 3272 2834 primo
3302 2756 3472 2820 Judaei
3510 2775 3572 2821 ut

1980 2842 2038 2899 in
2074 2844 2299 2902 Actibus
2328 2846 2693 2918 apostolorum
2718 2848 2974 2920 legimus;
3014 2851 3206 2909 deinde
3237 2854 3400 2910 etiam
3430 2870 3565 2926 gen-

1983 2933 2108 2991 tiles
2133 2936 2330 2992 acriori
2374 2953 2441 2994 ac
2483 2935 2697 2996 fortiori
2727 2942 3105 3010 persecutione
3144 2942 3455 3015 frequenter
3485 2947 3567 3001 iu-

1983 3025 2223 3093 stabant,
2237 3039 2306 3082 ne
2321 3025 2704 3085 illuminandus
2725 3030 3103 3111 sanandusque
3122 3030 3395 3090 Christum
3418 3050 3571 3091 mun-

1984 3115 2088 3172 dus
2128 3116 2422 3174 invocaret.
2463 3116 2576 3174 Nec
2621 3126 2802 3175 tamen
2836 3135 2950 3186 eos,
2990 3122 3079 3192 qui
3109 3122 3175 3181 ad
3214 3123 3379 3180 vitam
3415 3138 3574 3182 erant

1984 3208 2330 3281 praeordinati
2376 3220 2658 3279 aeternam,
2698 3226 2934 3269 vesanus
2968 3212 3392 3286 impugnantium
3421 3216 3573 3272 furor

1984 3299 2245 3370 disposita
2272 3300 2480 3357 valebat
2509 3301 2684 3359 salute
2706 3302 2938 3375 privare.

2055 3450 2125 3505 Et
2153 3452 2291 3507 stetit
2318 3451 2475 3511 Jesus
2515 3463 2565 3510 et
2594 3457 2795 3513 vocavit
2831 3473 2918 3517 eos
2939 3499 2954 3524 ,
2993 3468 3043 3513 et
3076 3459 3152 3513 ait
3181 3473 3199 3512 :
3237 3460 3379 3528 Quid
3415 3461 3572 3516 vultis

1983 3552 2041 3600 ut
2073 3545 2270 3614 faciam
2312 3547 2494 3604 vobis?
2521 3547 2721 3605 Dicunt
2757 3548 2871 3603 illi:
2900 3549 3151 3617 Domine,
3178 3559 3234 3605 ut
3266 3553 3575 3622 aperiantur

1982 3635 2122 3691 oculi
2170 3639 2353 3695 nostri.
2408 3636 2677 3709 (Ηὶενοη.)
2714 3637 2855 3694 Caeci
2896 3647 3073 3703 erant,
3125 3654 3234 3709 quo
3279 3650 3571 3710 pergerent

1983 3727 2339 3795 ignorabant,
2383 3727 2536 3796 sequi
2564 3742 2670 3783 non
2698 3735 2947 3796 poterant
2987 3727 3344 3787 Salvatorem.
3395 3730 3571 3785 Multa:

1982 3814 2152 3870 fovete
2179 3815 2233 3871 in
2266 3814 2515 3881 Jericho,
2561 3815 2746 3873 multae
2774 3831 2937 3886 rupes
2962 3825 3018 3873 et
3045 3827 3337 3890 praerupta.
3368 3817 3572 3883 Idcirco

1981 3903 2242 3960 Dominus
2269 3911 2412 3969 stat,
2442 3912 2504 3961 ut
2533 3905 2720 3963 venire
2745 3906 2984 3976 possint,
3013 3916 3070 3964 et
3091 3909 3273 3971 vocari
3298 3909 3472 3980 jubet,
3503 3925 3573 3964 ne

1984 3993 2155 4051 turbae
2197 3993 2525 4064 prohibeant
2567 4013 2580 4049 :
2636 4003 2693 4051 et
2733 3996 3055 4069 interrogat,
3108 3999 3264 4068 quasi
3316 4000 3572 4071 ignorans

1982 4084 2113 4154 quid
2146 4084 2344 4151 velint,
2383 4094 2444 4141 ut
2477 4100 2547 4143 ex
2591 4085 2933 4145 confessione
2974 4102 3240 4147 caecorum
3284 4090 3571 4151 manifesta

1983 4174 2233 4233 debilitas
2258 4184 2463 4247 pateat,
2510 4185 2569 4233 et
2610 4178 2787 4239 virtus
2814 4192 2883 4235 ex
2919 4179 3160 4243 remedio
3187 4189 3561 4251 cognoscatur.

306 4251 455 4307 Multi
498 4252 738 4312 latrones
770 4265 927 4313 erant
965 4257 1018 4312 in
1046 4257 1294 4326 Jericho,
1338 4260 1432 4331 qui
1465 4259 1806 4331 egredientes
1830 4267 1887 4315 et
1986 4265 2191 4339 (Greg.)
2241 4267 2383 4325 Ecce
2415 4276 2522 4329 stat
2548 4269 2641 4338 qui
2669 4276 2795 4327 ante
2834 4270 3118 4333 transibat.
3148 4268 3264 4337 Qua
3299 4272 3351 4325 in
3382 4285 3441 4327 re
3473 4271 3571 4325 ali—

306 4343 694 4402 descendentes
731 4347 798 4402 de
832 4346 1218 4420 Hierosolymis
1265 4347 1571 4406 interficere
1609 4358 1667 4406 et
1701 4350 1885 4406 vulne—
1984 4359 2115 4432 quid
2139 4360 2296 4419 nobis
2327 4359 2586 4419 Dominus
2610 4359 2819 4425 innuit,
2858 4360 3000 4430 quod
3032 4361 3255 4432 intelligi
3283 4362 3350 4417 de
3380 4364 3570 4418 huma-

301 4448 431 4512 ~rare
477 4444 826 4524 consuerant.
891 4436 1095 4493 Idcirco
1142 4437 1402 4499 Dominus
1459 4439 1608 4497 venit
1663 4436 1883 4495 Iericho
1912 4501 1960 4524 η
1988 4451 2157 4511 nitate
2189 4459 2354 4521 atque
2380 4451 2661 4511 divinitate
2696 4452 2842 4508 illius
2870 4452 3074 4517 utiliter
3099 4454 3288 4524 possit.
3320 4453 3569 4511 Claman-

306 4538 429 4579 cum
456 4523 732 4594 discipulis
758 4526 893 4592 suis,
920 4534 980 4580 ut
1008 4526 1199 4582 liberet
1220 4526 1550 4593 vulneratos,
1575 4535 1632 4583 et
1659 4526 1882 4583 multam
1912 4501 1962 4561 Ῑ)
1989 4501 2096 4602 lem
2136 4501 2336 4603 ειεηῖιη
2368 4510 2569 4603 περιῇ
2617 4501 3137 4610 ιωηεξεηξθυιιίνίξ,
3171 4501 3265 4600 ξω
3300 4553 3452 4607 stans
3481 4546 3574 4600 mg.

306 4615 521 4669 turbam
549 4631 732 4672 secum
765 4617 960 4679 trahat.
1002 4617 1243 4688 Denique
1268 4628 1552 4690 postquam
1578 4618 1759 4689 egredi
1786 4632 1882 4675 vo-

305 4704 407 4761 luit
435 4704 671 4771 Jericho,
698 4716 882 4762 secuta
902 4715 986 4763 est
1010 4723 1132 4763 eum
1165 4710 1320 4767 turba
1355 4708 1555 4772 multa;
1584 4709 1629 4764 si
1656 4707 1887 4778 mansis—

307 4804 390 4851 set
416 4793 785 4868 Jerosolymis,
813 4805 869 4852 et
910 4799 1284 4870 nunquam-ad
1325 4798 1548 4853 humilia
1578 4797 1887 4854 descendis-

226 4962 229 4963 ν
307 4896 411 4956 set,
468 4891 625 4945 turba
667 4904 839 4961 usque
892 4890 1051 4952 hodie
1087 4890 1301 4955 sederet
1343 4890 1398 4951 in
1444 4890 1684 4947 tenebris
1729 4899 1784 4945 et
1832 4890 1884 4944 in

221 4976 235 5025 ἴ
305 4981 498 5036 umbra
533 4981 742 5036 mortis.
800 4980 907 5036 Sed
950 4990 1005 5037 et
1042 4980 1146 5037 duo
1180 4981 1304 5036 ca’ci
1343 4992 1491 5038 erant
1533 4981 1689 5052 juxta
1728 4983 1888 5037 uiam.

306 5069 492 5126 Ctecos
518 5071 773 5142 appellat,
801 5073 891 5143 qui
917 5074 1144 5129 necdum
1175 5081 1424 5144 poterant
1446 5075 1624 5130 dicere
1655 5094 1667 5130 :
1706 5075 1773 5131 In
1809 5076 1892 5133 lu-

308 5162 446 5216 nt'ne
479 5172 568 5216 tuo
603 5164 889 5221 videbimus
927 5164 1101 5219 lumen
1139 5164 1310 5235 (Psal.
1344 5168 1528 5238 xxxv).
1560 5166 1723 5223 Secus
1754 5168 1888 5222 viam

309 5253 460 5317 dicit,
485 5255 609 5324 quia
643 5254 963 5311 videbantur
989 5257 1205 5327 quidem
1235 5257 1367 5331 legis
1394 5258 1594 5316 habere
1620 5261 1887 5323 notitiam,

309 5344 404 5398 sed
426 5344 593 5411 viam,
620 5361 742 5417 qua:
771 5344 1018 5402 Christus
1043 5355 1148 5412 est,
1180 5338 1528 5418 ignorabant;
1553 5365 1689 5420 quos
1723 5350 1888 5420 pleri-

308 5448 415 5503 que
447 5433 753 5491 Pharismos
796 5435 1101 5507 intelligunt
1137 5446 1195 5493 et
1230 5437 1570 5496 Sadducmos.
1623 5440 1728 5496 Alii
1765 5456 1890 5498 vero

308 5533 599 5598 utrumque
632 5527 918 5599 populum,
955 5536 1010 5584 et
1042 5527 1251 5590 Veteris
1287 5529 1616 5588 Teszamenti
1647 5515 1702 5589 et
1732 5533 1885 5601 Novi,

256 5610 276 5655 λ
310 5619 454 5689 quod
485 5619 620 5680 alter
645 5620 901 5692 scriptam
938 5619 1131 5692 legem,
1162 5622 1299 5679 alter
1328 5624 1627 5681 naturalem
1655 5641 1890 5697 sequens

312 5711 429 5767 sine
456 5710 672 5769 Christo
709 5725 884 5767 czecus
927 5719 1065 5767 erat.
1117 5711 1181 5768 lli
1212 5714 1303 5784 qui
1340 5729 1439 5787 per
1477 5730 1535 5771 se
1564 5715 1747 5772 videre
1782 5732 1888 5775 non

635 5806 907 5867 Paruou.
965 5804 1154 5869 CVII.

1990 4629 2231 4697 raculum
2289 4631 2696 4688 illuutinationis
2746 4632 3009 4689 exhibuit.
3073 4633 3212 4705 Quid
3269 4644 3352 4691 est
3395 4644 3572 4691 autem

1988 4721 2319 4778 transeundo
2375 4721 2582 4787 audire,
2636 4722 2829 4779 stando
2880 4722 3060 4787 lumen
3111 4725 3423 4802 restituere,
3470 4727 3574 4780 nisi

1987 4810 2134 4881 quod
2154 4827 2251 4883 per
2272 4813 2662 4873 humanitatem
2687 4831 2843 4872 suam
2868 4816 3124 4873 misertus
3145 4825 3246 4884 est,
3270 4819 3359 4891 qui
3382 4834 3477 4891 per
3496 4820 3577 4875 di-

1990 4905 2231 4963 vinitatis
2257 4907 2554 4975 potentiam
2584 4922 2613 4961 a
2644 4909 2802 4969 nobis
2843 4910 3040 4967 mentis
3077 4919 3277 4966 nostra:
3319 4913 3574 4967 tenebras

1993 4996 2255 5051 exclusit?
2281 4995 2433 5064 Quod
2456 4997 2601 5053 enim
2623 5006 2841 5068 propter
2862 5014 2961 5057 nos
2985 5008 3144 5055 natus
3173 5010 3224 5054 et
3254 5014 3446 5069 passus
3469 5009 3571 5063 cst,

1993 5087 2135 5154 quod
2187 5087 2503 5153 resurrexit,
2554 5089 2799 5143 ascendit
2851 5089 2904 5143 in
2956 5089 3176 5155 cmlum,
3225 5088 3315 5158 qui
3362 5088 3575 5144 transiit

1991 5174 2169 5243 Jesus,
2199 5179 2328 5246 quia
2365 5179 2479 5234 hcce
2514 5178 2765 5235 nimirum
2803 5182 2946 5237 actio
2972 5180 3288 5250 temporalis
3325 5189 3447 5243 est;
3479 5182 3571 5235 sed

1991 5273 2144 5322 stans
2169 5282 2370 5323 caecum
2408 5268 2753 5335 illuminavit,
2792 5271 2918 5343 quia
2939 5285 3044 5325 non
3071 5271 3211 5325 sicut
3240 5268 3329 5324 illa
3354 5269 3571 5342 dispen-

1995 5358 2133 5412 satio
2173 5359 2508 5428 temporalis,
2554 5361 2629 5415 ita
2666 5362 2818 5417 verbi
2861 5360 3137 5415 aeternitas
3174 5361 3420 5426 transiit,
3451 5375 3573 5431 quae

1996 5446 2049 5501 in
2089 5463 2147 5502 se
2174 5464 2397 5506 manens
2423 5451 2641 5507 innovat
2665 5452 2867 5507 omnia.
2900 5449 3057 5506 Stare
3086 5451 3230 5506 enim
3255 5451 3350 5506 Dei
3379 5459 3462 5508 est
3484 5452 3569 5507 in-

1995 5542 2362 5598 commutabili
2390 5545 2714 5615 cogitatione
2741 5542 3017 5599 mutabilia
3039 5553 3236 5600 cuncta
3264 5543 3570 5612 disponere.
3633 5601 3637 5604 ,

1996 5630 2096 5699 Qui
2130 5646 2259 5703 ergo
2284 5649 2445 5691 voces
2471 5645 2717 5707 petentes
2744 5635 3014 5692 transiens
3043 5636 3276 5701 audivit.
3305 5644 3454 5691 smus
3487 5636 3571 5691 lu-

1996 5736 2117 5778 men
2144 5724 2405 5794 reddidit,
2445 5728 2569 5800 quia
2594 5727 2693 5784 etsi
2729 5735 2947 5799 propter
2971 5742 3071 5784 nos
3097 5726 3410 5799 temporalia
3448 5741 3572 5800 per—

3057 5819 3135 5881 33
