3998 6188
370 5796 382 5807 ,
478 5737 736 5789 continuo
786 5733 1011 5805 subjecit
1059 5754 1068 5787 :

468 320 606 399 loss

469 466 619 527 tulit,
648 466 699 521 in

469 554 843 609 mutabilitatis
873 552 1159 606 transitum
1193 550 1387 603 nescit.

538 644 786 698 .llisertus
809 651 980 696 autem
1009 656 1187 696 eorum
1217 640 1371 694 Jesus
1395 681 1410 705 ,
1442 640 1604 710 tetigit
1632 638 1808 693 oculos
1835 653 2037 699 eorum,

466 749 512 791 et
544 734 813 804 confestim
844 731 1104 795 viderunt,
1146 739 1194 785 et
1230 729 1393 785 secuti
1437 739 1555 783 sunt
1589 745 1727 783 eum.
1771 723 2039 799 (Ηὶει-οη.)

467 826 664 895 Tangit
708 822 912 888 oculos,
945 829 1001 876 ct
1031 828 1253 890 praestat
1290 819 1479 874 artifex
1519 817 1659 888 quod
1695 826 1888 872 natura
1934 831 2041 871 non

469 914 709 967 dederat.
758 911 866 966 Ant
903 919 1052 965 certe
1086 910 1228 979 quod
1259 909 1506 964 debilitas
1535 907 1763 971 tulerat,
1796 907 1959 961 donat
1987 905 2041 959 in

469 1005 856 1062 misericordia.
911 1002 1213 1071 Statimque
1258 1000 1544 1065 viderunt,
1596 1007 1652 1054 et
1698 997 1869 1054 secuti
1918 1005 2044 1052 sunt

469 1113 614 1152 cum.
648 1096 747 1164 Qui
780 1103 905 1150 ante
939 1093 993 1147 in
1033 1092 1284 1157 Jericbo,
1320 1091 1411 1162 qui
1441 1098 1565 1145 ante
1593 1088 1854 1145 contracti
1892 1088 2044 1143 sede-

468 1187 621 1251 bant,
651 1194 706 1240 et
732 1184 965 1240 clamare
988 1190 1198 1238 tantum
1224 1190 1500 1245 noverant,
1528 1188 1716 1251 postea
1746 1185 2046 1249 sequuntur

469 1279 671 1344 Jesum,
718 1294 825 1334 non
870 1286 979 1332 tam
1015 1277 1240 1347 pedibus
1282 1289 1443 1345 quam
1487 1272 1798 1326 virtutibus.
1840 1266 2044 1339 (Greg.)

472 1368 628 1424 Videt
654 1376 709 1424 et
733 1368 976 1438 sequitur
994 1366 1199 1429 Jesum,
1226 1365 1316 1435 qui
1347 1363 1565 1427 bonum,
1593 1360 1735 1432 quod
1773 1358 2041 1427 intelligit,

469 1466 742 1528 operatur.
772 1457 930 1513 Videt
956 1465 1160 1519 autem,
1186 1453 1279 1509 sed
1308 1468 1411 1507 non
1440 1451 1705 1520 sequitur,
1730 1448 1823 1519 qui
1848 1447 2047 1502 bonum

470 1552 685 1622 quidem
720 1547 1003 1619 intelligit,
1045 1547 1139 1603 sed
1163 1545 1300 1601 bene
1329 1543 1540 1613 operari
1568 1539 1867 1597 contemnit
1902 1555 1917 1592 :
1958 1535 2049 1592 Je-

471 1655 592 1695 sum
640 1638 789 1693 enim
834 1637 1117 1706 sequitur,
1167 1633 1260 1704 qui
1306 1632 1569 1687 imitatur.
1627 1628 1766 1682 Hinc
1816 1639 2050 1695 namque

471 1731 634 1786 dicit:
667 1728 726 1784 Si
742 1730 860 1800 quis
891 1727 1018 1782 mihi
1042 1726 1324 1790 ministrat,
1353 1740 1434 1778 me
1455 1729 1704 1793 sequatur
1725 1717 1906 1790 (Joan.
1930 1715 2048 1787 xu).

1100 341 1162 394 ιι.
1202 337 1453 394 nsum
1494 334 1706 390 suum
1747 306 2065 387 menter.
2108 327 2415 385 nucum.
2456 327 2741 385 openun
2781 327 2959 384 rans
2997 328 3036 384 ι.

810 472 987 518 tamen
1026 462 1180 515 nobis
1214 461 1386 513 lucem
1417 457 1634 519 tribuit,
1672 456 1815 510 unde
1849 454 2047 509 habere
2074 438 2123 512 Α
2146 437 2346 521 ponunt
2377 468 2490 505 eam
2529 451 2622 504 sub
2654 450 2828 503 modio
2869 448 3084 520 (Matth.
3112 449 3196 516 v);
3229 443 3351 514 quia
3392 444 3530 498 idem
3559 460 3725 501 mons

3564 334 3718 389 {056

2142 539 2350 604 Oliveti,
2401 540 2452 593 id
2489 548 2572 595 est
2609 529 2852 594 summus
2886 536 3205 607 spiritalium
3252 533 3571 589 distributor
3597 550 3727 602 gra—

2139 632 2335 686 tiarum
2372 671 2387 696 ,
2419 630 2512 699 qui
2556 630 2829 685 civitatem
2861 643 3013 684 suam
3035 668 3050 691 ,
3088 633 3150 679 ut
3194 625 3461 689 emineat,
3490 625 3724 691 exaltat,

2139 723 2280 778 hanc
2306 737 2520 792 quoque
2537 721 2656 776 oleo
2687 719 3084 784 exsultationis,
3114 726 3173 772 ut
3206 716 3384 772 lucere
3411 718 3605 787 possit,
3641 717 3727 772 in-

2140 814 2400 880 flammat,
2435 818 2492 870 ‘et
2519 813 2649 884 quia
2699 813 2841 869 idem
2890 811 3072 867 lumen
3104 811 3205 866 sub
3251 809 3433 865 modio
3467 811 3593 880 poni
3628 826 3726 865 no-

2139 903 2259 967 luit,
2282 903 2539 959 continuo
2561 901 2890 973 evangelista
2917 898 3195 969 subiunxit

2215 995 2361 1050 Tunc
2392 995 2547 1051 Jesus
2587 995 2729 1050 misit
2758 994 2890 1048 duos
2920 990 3209 1063 discipulos
3228 1032 3245 1056 ,
3283 992 3460 1046 dicens
3492 992 3567 1045 eis
3593 1008 3612 1045 :
3645 990 3728 1044 Ite

2143 1088 2198 1141 in
2233 1084 2504 1141 castellum
2532 1086 2676 1157 quod
2702 1093 2885 1141 contra
2911 1100 2998 1140 vos
3028 1093 3124 1138 est.
3158 1082 3305 1138 Misit
3331 1082 3462 1138 duos
3490 1082 3726 1151 discipu-

2142 1178 2225 1233 los
2262 1178 2314 1232 in
2354 1177 2636 1233 castellum
2660 1217 2675 1243 ,
2713 1177 2857 1247 quod
2892 1182 3081 1231 contra
3109 1189 3204 1230 cos
3229 1182 3376 1239 erat,
3427 1174 3481 1227 id
3507 1181 3594 1228 est
3624 1174 3727 1227 do-

2146 1275 2354 1332 ctores,
2393 1266 2486 1336 qui
2528 1245 2747 1322 indocta
2782 1245 2858 1320 ac.
2882 1266 3114 1321 barbara
3156 1264 3323 1320 totius
3358 1264 3506 1319 orbis
3541 1264 3727 1317 littora

2148 1360 2301 1431 quasi
2332 1358 2683 1429 contrapositi
2712 1356 2916 1413 castelli
2950 1357 3151 1413 moenia
3186 1356 3609 1427 evangelizando
3638 1371 3718 1424 pe

2150 1456 2458 1512 netrarent,
2489 1447 2762 1502 destinare
2790 1447 3018 1503 curavit.
3052 1447 3223 1503 Recte
3251 1455 3435 1501 autem
3463 1447 3572 1501 duo
3601 1446 3727 1499 mit-

2152 1546 2361 1603 tuntur,
2394 1537 2511 1594 sive
2544 1545 2765 1609 propter
2798 1538 3083 1593 scientiam
3116 1538 3397 1604 veritatis,
3432 1545 3489 1593 et
3522 1538 3729 1591 mundi-

2152 1632 2281 1687 tiam
2320 1628 2500 1700 operis
2521 1669 2536 1694 ,
2577 1629 2691 1685 sive
2724 1637 2943 1700 propter
2980 1629 3211 1701 gemina:
3245 1628 3555 1684 dilectionis
3574 1668 3590 1691 ,
3638 1627 3729 1680 Dei

2152 1721 2403 1778 videlicet
2429 1731 2483 1778 et
2508 1721 2763 1794 proximi,
2792 1729 3189 1777 sacramentum
3227 1728 3339 1777 toto
3372 1720 3506 1775 orbe
3539 1718 3729 1791 praedi-

471 1819 885 1875 Consideremns
926 1831 1055 1886 ergo
1092 1830 1196 1885 qua
1232 1814 1509 1885 graditur,
1547 1818 1606 1865 ut
1647 1809 1800 1878 sequi
1836 1822 2048 1864 merea-
2087 1827 2133 1885 B
2160 1816 2413 1871 candum,
2443 1811 2797 1887 (Clin,qu
2829 1813 3055 1882 Quidam
3087 1821 3267 1869 autem
3297 1813 3431 1868 duos
3460 1812 3597 1867 istos
3635 1811 3725 1864 Pe.

472 1928 614 1968 mur.
649 1911 788 1966 Ecce
814 1924 935 1963 cum
969 1908 1040 1962 sit
1069 1905 1358 1969 Dominus,
1390 1911 1447 1957 et
1471 1909 1684 1957 creator
1712 1899 2051 1971 angelorum,

472 2008 821 2073 suscepturus
863 2005 1110 2053 naturam
1163 2002 1421 2057 nostram,
1476 2006 1637 2061 quam
1688 1976 1947 2053 condidit,
2000 1987 2053 2041 in

473 2103 688 2150 uterum
727 2090 963 2162 Virginis
1009 2086 1175 2144 venit.
1216 2085 1374 2141 Nasci
1423 2092 1602 2138 tamen
1644 2081 1814 2138 voluit
1859 2080 1912 2135 in
1950 2080 2054 2135 hoc

474 2184 676 2242 mundo
694 2223 710 2249 ,
736 2197 834 2254 per
854 2180 1047 2237 divites
1075 2177 1275 2243 noluit,
1300 2183 1554 2248 parentes
1584 2187 1847 2244 pauperes
1871 2171 2049 2242 elegit,

475 2268 620 2330 unde
640 2282 696 2329 et
718 2287 907 2344 agnus,
943 2270 1035 2340 qui
1062 2284 1162 2341 pro
1185 2267 1276 2324 illo
1301 2264 1611 2330 oll'erretur,
1635 2263 1825 2329 defuit,
1854 2262 2056 2318 colum-

473 2368 663 2422 barum
697 2363 874 2435 pullos
904 2370 958 2418 et
990 2376 1087 2431 par
1122 2367 1387 2415 turturum
1417 2356 1485 2412 ad
1513 2353 1846 2412 sacriﬁcium
1881 2360 2056 2408 mater

477 2457 700 2513 invenit.
747 2451 1065 2524 Prosperari
1090 2451 1146 2506 in
1177 2449 1279 2505 hoc
1302 2447 1501 2503 mundo
1529 2445 1700 2501 noluit
1722 2485 1737 2510 ,
1764 2443 2054 2515 opprobria

478 2546 862 2614 irrisionesque
900 2541 1174 2606 toleravit,
1214 2546 1395 2610 sputa,
1440 2535 1667 2608 ﬂagella,
1704 2535 1907 2604 alapas,
1947 2533 2057 2603 spi-

476 2654 634 2694 neam
673 2649 961 2701 coronam,
1009 2647 1228 2689 crucem
1268 2629 1546 2686 sustinuit.
1594 2627 1662 2682 Et
1708 2626 1833 2697 quia
1875 2640 2054 2681 rerum

476 2726 835 2798 corporalium
858 2722 1213 2779 delectatione
1232 2736 1262 2776 a
1283 2719 1479 2792 gaudio
1501 2718 1713 2773 interno
1736 2714 2052 2778 cecidimus,

467 2835 599 2875 cum
627 2833 731 2888 qua
760 2814 1120 2871 amaritudine
1150 2812 1275 2868 illnc
1302 2810 1577 2874 redeatur,
1607 2805 1862 2862 ostendit.

1066 2927 1291 2985 CAPUT
1329 2924 1469 2981 XXI.

477 3048 553 3101 De
569 3044 959 3118 ingresquestt
972 3032 1028 3098 in
1052 3040 1369 3118 Jerusalem,
1390 3048 1439 3118 et
1456 3039 1706 3118 eiecti-one
1730 3033 2058 3091 vendentium

548 3109 862 3186 ex'templo.
919 3113 998 3167 De
1044 3111 1416 3186 indignatione
1456 3109 2057 3186 libaristrorumfuper

2159 1913 2299 1960 trum
2334 1912 2390 1959 et
2425 1905 2727 1976 Philippum
2762 1903 3034 1974 apostolos
3062 1904 3288 1974 exponit
3315 1903 3545 1973 intelligi
3577 1916 3730 1972 opor-

2157 2004 2271 2051 tere
2288 2036 2303 2062 ,
2330 1996 2583 2067 quoniam
2611 1995 2665 2050 hi
2683 2034 2698 2061 ,
2727 1995 2960 2066 primum
2991 1994 3453 2065 transgredientes
3479 1991 3732 2047 Iudaicos

2152 2086 2325 2153 ﬁnes,
2376 2094 2564 2158 gentes
2609 2087 2951 2142 adduxerunt
2996 2086 3065 2140 ad
3112 2084 3408 2140 Christum.
3455 2082 3733 2152 Philippus

2156 2180 2373 2251 quidem
2403 2179 2740 2244 Samariam,
2778 2192 2940 2249 quam
2978 2176 3149 2248 ipsam
3188 2174 3493 2231 Samariam
3529 2174 3734 2228 asinam

2154 2285 2279 2327 esse
2326 2272 2732 2342 interpretatur.
2777 2269 2970 2325 Petrus
3011 2276 3191 2323 autem
3236 2276 3427 2337 gentes
3466 2265 3735 2335 accipiens

2155 2361 2463 2417 Cornelium
2488 2376 2556 2418 ex
2586 2360 2838 2432 gentibus
2864 2360 3018 2431 quasi
3044 2357 3303 2414 Samaria:
3328 2356 3555 2429 pullum.
3774 2354 3777 2355 ⁷

2228 2454 2295 2509 Et
2334 2442 2511 2510 statim
2549 2454 2817 2509 invenietis
2856 2454 3060 2509 asinam
3094 2453 3401 2524 alligatam,
3442 2461 3492 2506 et
3534 2452 3731 2522 pullum

2157 2561 2275 2599 cum
2302 2561 2362 2600 ea
2384 2586 2398 2611 ,
2426 2544 2605 2600 solvite
2632 2554 2680 2599 ct
2707 2544 2951 2599 adducite
2978 2545 3125 2599 milii.
3151 2545 3170 2617 (
3186 2542 3431 2616 Venant.)
3452 2544 3734 2598 Introeun-

2159 2647 2240 2693 tcs
2267 2637 2523 2691 mundum
2544 2635 2929 2706 praedicatores
2950 2635 3274 2691 invenerunt
3294 2634 3544 2706 populum
3570 2634 3734 2688 natio-

2157 2742 2286 2782 num
2311 2726 2550 2802 pcrlidize
2575 2725 2800 2781 vinculis
2827 2726 3117 2781 irretitum.
3148 2725 3423 2782 Funiculis
3442 2726 3587 2781 enim
3615 2742 3736 2797 pec-

2162 2827 2408 2873 catorum
2437 2832 2654 2873 suorum
2683 2817 3054 2887 unusquisque
3086 2818 3415 2874 constrictus
3449 2827 3600 2882 erat,
3638 2833 3737 2873 nec

2160 2910 2332 2964 solum
2355 2909 2632 2964 nationum
2649 2949 2664 2974 ,
2694 2909 2787 2964 sed
2813 2916 2867 2963 et
2889 2909 3211 2965 Judmornm.
3242 2908 3436 2964 Omnes
3461 2912 3598 2964 enim
3621 2927 3739 2980 pec-

2160 3008 2408 3055 caverunt
2428 3039 2442 3066 ,
2472 3008 2521 3053 et
2546 3008 2693 3070 egent
2724 2998 2892 3069 gloria
2922 2999 3019 3054 Dei
3048 2998 3236 3072 (Rom.
3266 3000 3390 3071 ιιι).
3424 3000 3574 3056 Unde
3600 3002 3741 3055 bene

2165 3092 2307 3162 apud
2335 3090 2644 3147 Mattbaeum
2674 3092 2823 3147 asina
2851 3106 3064 3162 quoque
3089 3108 3211 3148 cum
3238 3093 3382 3163 pullo
3408 3094 3621 3164 alligata
3650 3111 3739 3151 re-

548 3201 733 3256 pueros
754 3171 1061 3247 'clamanm‘.
1084 3171 1356 3236 Ηοῖαηηαο
1378 3178 1451 3232 De
1464 3177 1571 3246 βαι
1593 3177 1767 3241 “rid”:
1791 3171 2059 3230 “10th
2086 3171 2130 3233 C
2162 3182 2391 3252 peritnr.
2425 3180 2589 3236 Asina
2623 3182 2854 3253 quippe,
2887 3197 3008 3253 ιιιιει³
3038 3181 3330 3254 subjugalis
3361 3183 3494 3251 fuit,
3524 3193 3579 3241 et
3606 3186 3739 3240 edo-

550 3255 812 3326 llaptista,
848 3261 955 3308 etc.

550 3365 616 3420 Et
643 3381 759 3420 cum
789 3362 1288 3435 appropinquassent
1312 3358 1707 3429 Hierosolymis,
1731 3367 1778 3411 et
1800 3356 2053 3412 venissent

479 3444 776 3526 Bethplzage
816 3452 885 3508 ad
924 3451 1149 3506 montem
1196 3442 1404 3505 Oliveti.
1457 3446 1726 3519 (Hieron)
1768 3444 2057 3517 Egreditur

478 3547 636 3603 Iesus
662 3547 728 3602 de
750 3542 971 3600 Jeriebo
993 3583 1008 3608 ,
1044 3542 1215 3597 turbis
1242 3532 1450 3596 eductis
1476 3538 1598 3593 inde
1624 3534 2054 3607 quamplurimis,

479 3648 533 3694 et
557 3638 715 3695 czceis
741 3632 1221 3698 reddita-sanitate,
1236 3628 1631 3702 appropinquat
1650 3623 2052 3697 Hierosolymis,

479 3728 689 3799 magnis
713 3726 916 3781 ditatus
947 3712 1289 3779 mercedibus
1318 3738 1332 3774 :
1361 3718 1534 3774 salute
1558 3715 1895 3772 credentium
1935 3712 2058 3767 red-

478 3821 587 3875 dita
616 3815 826 3887 ingredi
847 3813 994 3885 cupit
1011 3810 1198 3867 urbem
1219 3810 1384 3882 pacis,
1411 3817 1468 3864 et
1487 3808 1663 3864 locum
1685 3802 1907 3861 visionis
1935 3803 2054 3868 Dei,

478 3918 533 3964 et
554 3921 735 3962 arcem
760 3901 1113 3975 speculatoris
1131 3918 1145 3955 :
1160 3897 1300 3954 'Cum
1317 3893 1836 3971 appmpinquassent,
1860 3895 2052 3965 inquit,

482 3995 882 4068 Hierosolymis,
931 4003 979 4049 et
1029 3992 1283 4048 venissent
1339 3990 1637 4060 Bethphage
1662 4029 1677 4053 ,
1730 3995 1784 4043 et
1829 3987 2054 4057 reliqua.

479 4093 535 4147 ln
589 4089 732 4145 Luca
784 4088 859 4143 ita
925 4084 1184 4156 scriptum
1234 4090 1319 4137 est
1363 4101 1376 4135 :
1434 4080 1566 4135 Cum
1593 4079 2056 4150 appropinquasset

480 4184 547 4235 ad
581 4178 890 4250 Bethpltage,
926 4185 974 4231 et
1009 4173 1320 4229 Bethaniam
1347 4171 1415 4226 ad
1449 4178 1676 4225 montem
1718 4170 1808 4240 qui
1845 4178 2060 4223 vocatur

482 4270 665 4326 Oliveti
695 4268 844 4342 (Luc.
871 4266 1005 4340 xix).
1039 4266 1349 4337 Bethphagc
1377 4270 1495 4317 erat
1540 4260 1755 4317 viculus
1801 4260 2056 4317 sacerdo-

482 4374 594 4420 tum
622 4364 675 4418 iu
712 4369 892 4418 monte
924 4358 1158 4425 Oliveti;
1196 4356 1452 4414 Bethania
1489 4369 1703 4426 quoque
1736 4353 1916 4409 villula
1945 4354 2060 4409 sive

482 4456 672 4510 civitas
700 4454 751 4508 iu
778 4452 944 4508 latere
972 4443 1168 4506 montis
1196 4448 1458 4519 ejusdem,
1492 4446 1646 4518 quasi
1677 4444 1870 4501 stadiis
1903 4443 2061 4512 quin-

2157 3273 2287 3328 mita
2328 3273 2516 3345 jugum
2562 3273 2698 3345 legis
2745 3282 3015 3342 traxerat,
3066 3290 3398 3348 synagogam
3443 3278 3739 3348 significat.

2157 3363 2345 3420 Pullus
2374 3365 2540 3419 asina:
2563 3363 2793 3420 lascivus
2817 3374 2873 3421 et
2894 3365 3030 3421 liber
3053 3366 3307 3437 populum
3336 3367 3613 3423 nationum
3645 3372 3743 3425 de-

2154 3461 2449 3519 monstrat,
2477 3456 2563 3511 cui
2591 3472 2747 3513 nemo
2776 3473 3013 3528 unquam
3040 3460 3317 3514 hominum
3341 3460 3505 3525 sedit,
3533 3460 3588 3516 id
3614 3471 3705 3516 cst
3725 3502 3742 3526 ,

2155 3559 2316 3603 nemo
2364 3549 2766 3605 rationabilium
2815 3551 3095 3608 doctorum
3142 3551 3352 3621 frenum
3383 3552 3746 3623 correptionis

2157 3653 2264 3710 quo
2291 3638 2373 3695 vel
2401 3640 2641 3712 linguam
2667 3656 2697 3696 a
2724 3642 2866 3698 malo
2893 3644 3167 3711 cohibere,
3194 3644 3281 3701 vel
3307 3645 3356 3700 in
3379 3653 3585 3700 arctam
3612 3646 3748 3701 vita:

2164 3732 2308 3787 viam
2342 3732 2421 3787 ire
2450 3742 2757 3805 cogeretur,
2790 3736 3083 3807 imposuit;
3118 3752 3277 3793 nemo
3309 3737 3619 3793 indumenta
3652 3753 3749 3791 sa-

2161 3822 2291 3879 lutis
2310 3865 2323 3887 ,
2354 3824 2550 3893 quitus
2578 3825 2891 3896 spiritaliter
2931 3826 3204 3887 calclicret
3224 3868 3239 3895 ,
3284 3828 3435 3883 utilia
3465 3828 3748 3883 suadendo

2161 3913 2410 3968 contulit.
2444 3913 2670 3970 Sederct
2704 3931 2936 3986 namque
2970 3916 3047 3972 illi
3074 3917 3236 3973 homo
3257 3958 3272 3984 ,
3300 3918 3347 3975 si
3394 3918 3486 3988 qui
3528 3917 3747 3973 ratione

2164 4012 2322 4059 utens
2361 4003 2477 4074 ejus
2516 4004 2678 4060 stulta
2714 4006 3064 4078 deprimendo
3102 4009 3420 4080 corrigeret.
3452 4008 3605 4065 Unde
3632 4025 3743 4062 non

2165 4095 2435 4150 immerito
2458 4106 2683 4167 possunt
2722 4099 2829 4154 duo
2868 4099 3149 4170 discipuli,
3189 4101 3259 4155 ad
3293 4102 3595 4157 exhibenda
3631 4102 3743 4157 Do-

2163 4188 2311 4243 mino
2336 4186 2587 4243 animalia
2615 4188 2902 4255 destinati,
2935 4188 3090 4261 juxta
3131 4191 3402 4262 parabolae
3443 4192 3747 4263 superioris

2162 4278 2467 4349 exemplum
2485 4320 2499 4345 ,
2531 4279 2636 4335 duo
2657 4280 3073 4351 prtedicatorum
3099 4282 3334 4347 ordines,
3364 4298 3505 4337 unus
3530 4283 3584 4337 in
3607 4299 3745 4353 gen-

2165 4380 2279 4435 tes,
2312 4371 2451 4427 alter
2479 4385 2607 4426 vero
2634 4371 2688 4425 in
2718 4370 3187 4429 circumcisionem
3224 4373 3460 4428 directus
3495 4374 3745 4445 intelligi.

2165 4458 2476 4531 (Chrysost.
2502 4460 2521 4533 )
2554 4460 2781 4530 Propter
2809 4463 3071 4532 quasdam
3101 4463 3245 4517 enim
3275 4463 3412 4518 tales
3437 4464 3751 4518 similitudi-

482 4545 655 4601 decim
680 4543 749 4598 ab
777 4540 1136 4607 Hierusalem.
1166 4538 1303 4594 Βίουι
1325 4536 1562 4593 Joannes
1594 4534 1923 4606 ενθυὸθίίεω
1946 4548 2057 4588 ma“
2083 4519 2135 4580 Β
2164 4519 2259 4604 nes
2286 4519 2608 4605 animalibus
2644 4519 2732 4605 hic
2770 4519 3054 4608 assimilati
3093 4561 3219 4608 sunt
3252 4553 3532 4618 homines,
3572 4554 3747 4607 Deum

483 4637 723 4702 nifestat,
767 4635 856 4691 ubi
882 4634 1121 4690 Lazarus
1145 4634 1438 4689 suscitatus
1466 4639 1552 4688 est
1573 4646 1603 4686 a
1631 4630 1879 4697 mortuis,
1908 4627 2061 4699 cujus

485 4737 540 4785 et
596 4734 1000 4783 monumentum
1051 4724 1282 4780 ecclesia
1322 4716 1465 4779 nunc
1506 4722 1702 4779 ibidem
1747 4730 2057 4778 constructa

484 4823 832 4878 demonstrat.
878 4817 1189 4889 Betbpbage
1237 4823 1419 4871 autem
1468 4814 1653 4869 domus
1706 4814 1903 4879 ὀπί-τω,
1946 4813 2059 4866 sive

485 4909 844 4967 maxillarum.
906 4907 1164 4963 Bethania
1207 4906 1391 4961 domus
1445 4904 1748 4961 obedientia:
1805 4903 2002 4959 dicitur
2043 4921 2056 4957 :

482 5017 618 5075 quas
646 4985 1035 5073 Jcrosolytnam
1059 5007 1318 5054 venturus
1348 4995 1597 5053 Salvator
1625 4996 1929 5067 praesentia:
1949 5010 2059 5049 suae

483 5096 788 5169 dignatione
815 5092 1145 5159 sublimavit,
1180 5091 1304 5161 quia
1335 5090 1533 5144 multos
1576 5097 1699 5143 ante
1751 5087 2058 5157 passionem

483 5202 634 5243 suam
665 5184 907 5241 docendo
943 5183 1096 5239 donis
1129 5184 1229 5253 pia:
1266 5181 1621 5237 confessionis
1650 5189 1701 5235 et
1744 5181 2062 5237 obedientize

483 5280 741 5352 spiritalis
785 5277 1044 5349 implevit.
1090 5277 1219 5344 Quae
1264 5276 1499 5346 pulcbrm
1525 5274 1769 5329 civitates
1801 5273 1851 5327 in
1880 5282 2065 5327 monte

481 5372 674 5429 Olivcti
698 5372 885 5443 posita:
916 5369 1242 5431 referuntur,
1280 5367 1330 5420 id
1351 5377 1454 5431 est,
1474 5367 1525 5420 in
1550 5367 1662 5435 ipso
1696 5365 1943 5422 Domino.
1969 5366 2058 5434 qui

483 5481 579 5520 nos
602 5463 853 5518 unctione
901 5459 1222 5530 spiritalium
1267 5457 1686 5520 cbarismatum,
1736 5464 1786 5510 et
1823 5454 2062 5510 scientia:

482 5551 802 5622 pietatisque
847 5549 964 5603 luce
1014 5548 1237 5603 refovet.
1304 5545 1457 5602 Unde
1495 5545 1620 5600 alibi
1654 5561 1780 5601 cum
1815 5545 2061 5600 diceret:

487 5643 605 5696 Λόιι
651 5652 811 5709 po’cst
866 5642 1045 5696 riritas
1092 5640 1342 5694 abscondi
1384 5655 1542 5709 supra
1585 5650 1807 5693 montem
1858 5640 2064 5711 posita;

1122 5732 1299 5805 Neque
1343 5733 1630 5788 accendunt
1682 5733 1973 5802 lucernam,
2016 5746 2059 5789 et

2164 4638 2247 4692 vel
2273 4637 2366 4693 Dei
2404 4637 2600 4694 Filium
2633 4654 2739 4694 non
2776 4649 3183 4713 cognoscentes.
3221 4642 3313 4697 Est
3352 4642 3499 4697 enim
3542 4641 3746 4696 animal

2164 4730 2265 4785 hoc
2293 4729 2624 4785 immundum
2644 4770 2658 4795 ,
2685 4738 2741 4787 et
2765 4745 2875 4802 prie
2896 4731 3107 4786 caeteris
3131 4745 3267 4802 pene
3284 4727 3547 4800 iumentis
3574 4731 3749 4801 magis

2164 4821 2563 4887 irrationabile,
2591 4828 2644 4877 et
2668 4822 2889 4877 stultum
2907 4862 2921 4887 ,
2949 4831 3004 4876 et
3031 4821 3339 4888 infirmum,
3367 4830 3424 4877 et
3465 4821 3710 4894 ignobile
3730 4865 3745 4885 ,

2163 4920 2219 4966 et
2240 4910 2570 4967 oneril'erum
2596 4912 2812 4981 magis:
2852 4911 2931 4967 sic
2973 4910 3190 4967 fuerunt
3222 4921 3279 4967 et
3324 4912 3575 4967 homines
3618 4924 3749 4967 ante

2163 5003 2436 5059 Christqu
2463 5003 2782 5060 idololatriis
2802 5011 2856 5058 et
2876 5003 3215 5074 passionibus
3242 5002 3505 5058 immundi
3529 5011 3587 5056 et
3612 5003 3747 5056 Erm-

2167 5094 2449 5152 tionabiles
2475 5095 2626 5150 verbi
2658 5094 2865 5148 ratione
2891 5102 3161 5160 carentes,
3189 5101 3449 5163 quantum
3478 5094 3547 5145 ad
3579 5093 3747 5146 Deum

2166 5186 2336 5242 stulti.
2371 5185 2391 5258 (
2415 5184 2636 5240 Venant.
2660 5184 2681 5255 )
2712 5185 2780 5239 Et
2807 5185 3100 5240 notandum
3123 5226 3138 5251 ,
3163 5183 3308 5254 quod
3340 5192 3450 5239 tres
3476 5183 3749 5252 evangeli-

2166 5287 2290 5343 sue,
2322 5276 2413 5347 qui
2439 5275 2630 5332 Gnaeo
2655 5288 2906 5331 sermone
2930 5274 3199 5345 scripsere
3217 5313 3232 5338 ,
3259 5272 3463 5343 pullum
3511 5279 3749 5324 tantum-

2168 5371 2328 5426 modo
2353 5376 2779 5426 commemorant
2806 5385 2819 5421 :
2849 5365 3133 5421 Matthmus
3158 5380 3287 5420 vero
3313 5365 3462 5419 solus
3480 5403 3495 5427 ,
3521 5362 3615 5432 qui
3643 5360 3748 5413 lle-

2156 5462 2326 5531 ‘brazis
2352 5460 2686 5529 llebraeoque
2712 5473 2867 5514 suum
2891 5456 3240 5529 Evangelinm
3267 5447 3483 5526 scripsit
3508 5451 3744 5520 eloquio,

2168 5554 2373 5608 asinam
2400 5566 2613 5621 quoque
2637 5550 2868 5605 solutam
2900 5556 2953 5604 et
2979 5548 3209 5603 Domino
3234 5546 3401 5602 refert
3426 5545 3711 5599 adductam
3733 5581 3748 5602 ,

2171 5653 2229 5698 ut
2254 5642 2493 5712 ejusdem
2518 5642 2680 5696 ctiam
2710 5639 2885 5711 gentis
2920 5637 3157 5693 llebraxe
3183 5652 3289 5691 non
3317 5637 3562 5704 desperat
3586 5632 3749 5691 dam,

2172 5737 2213 5790 si
2240 5734 2568 5807 pmttittterit,
2605 5740 2863 5787 monstret
2891 5745 3007 5785 esse
3032 5729 3281 5784 salutem.
3310 5726 3517 5792 Solvite,
3538 5723 3718 5795 inquit
3737 5764 3753 5788 ,
