4002 6188
341 281 477 338 ΙῡῦἹ

1301 274 1657 341 COMMENT.
1700 276 1766 332 IN
1810 276 2248 335 ΜΑΤἹἪιΕυΜ.
2287 310 2359 320 -
2396 280 2524 335 LIB.
2565 278 2653 336 Vl.

3476 281 3492 336 Ι
3504 283 3609 343 058

332 406 382 450 et
409 393 659 449 adducite
703 389 853 446 mihi.
902 386 1239 456 Quacunque
1282 387 1422 442 enim
1463 386 1723 443 solveritis
1768 402 1927 457 super
1952 388 2005 448 A
2031 389 2123 456 qui
2150 388 2322 460 gloria
2345 390 2624 461 iactantia:
2645 398 2837 460 pectus
2871 389 3036 447 habet
3074 391 3370 462 repletum,
3410 396 3502 466 qui
3542 399 3609 454 de

333 498 534 540 terram
552 520 569 548 ,
598 490 749 536 erunt
776 478 948 534 soluta
972 488 1023 532 et
1053 476 1110 531 in
1137 475 1281 531 cmlis
1310 477 1515 548 (Joan.
1538 476 1672 548 xx).

332 616 339 623 .
407 574 480 628 Et
510 574 559 627 si
591 572 709 643 quis
744 569 885 643 vobis
917 566 1118 638 aliquid
1143 567 1368 634 dixerit,
1397 568 1598 629 dicite:
1638 568 1778 635 Quia
1807 567 1920 623 Do-

332 665 512 718 minus
562 642 645 716 Itis
699 642 831 731 opus
882 658 1068 725 habet,
1124 667 1172 714 et
1223 658 1500 728 confestim
1544 659 1767 715 dimittet
1807 676 1916 715 eos.

334 750 688 826 (Clit-most.)
718 750 787 806 Et
811 750 858 805 si
885 748 1028 820 quis,
1056 748 1256 820 inquit,
1282 748 1437 806 vobis
1464 749 1664 807 dixerit
1692 750 1919 822 aliquid,

334 844 502 900 dicite
529 861 542 897 :
566 841 830 897 Dominus
849 855 1070 913 operam
1091 855 1280 896 eorum
1307 840 1602 899 desiderat.
1627 841 1705 897 Ne
1729 843 1922 901 dicatis

334 934 593 990 dominus
625 941 782 997 tuus,
814 945 992 1002 neque
1020 930 1274 987 dominus
1299 940 1508 1000 noster,
1539 948 1716 1005 neque
1744 935 1920 992 domi-

334 1042 440 1082 nus
473 1022 878 1095 iumentorum,
926 1031 987 1078 ut
1030 1022 1334 1093 intelligant
1370 1037 1559 1081 omnes
1586 1064 1602 1091 ,
1648 1026 1775 1098 quia
1819 1041 1921 1099 ego

333 1121 484 1177 solus
519 1134 638 1175 sum
680 1118 971 1185 Dominus,
1005 1133 1114 1173 non
1147 1118 1318 1173 solum
1357 1117 1705 1183 animalium,
1744 1132 1921 1189 neque

334 1194 769 1276 solum‘eorum,
809 1210 901 1280 qui
936 1209 1070 1264 mihi
1114 1208 1315 1269 subditi
1350 1216 1507 1276 sunt,
1544 1209 1641 1265 sed
1676 1209 1919 1265 omnium

336 1302 656 1367 hominum,
689 1301 855 1356 etiam
886 1300 978 1370 qui
1013 1299 1146 1355 mihi
1192 1300 1452 1356 contrarii
1497 1309 1642 1357 sunt.
1684 1299 1821 1356 Nam
1864 1310 1921 1358 et

332 1401 657 1464 peccatores
691 1390 1003 1447 conditione
1046 1389 1265 1461 quidem
1299 1391 1405 1445 mei
1440 1398 1600 1457 sunt,
1640 1374 1920 1447 voluntate

334 1494 519 1540 autem
543 1499 640 1540 sua
665 1481 887 1539 diaboli.
918 1481 1072 1537 Heus
1094 1490 1171 1536 est
1191 1483 1331 1549 enim
1354 1482 1492 1538 orbis
1517 1492 1701 1548 teme,
1730 1492 1780 1537 et
1806 1482 1918 1554 ple-

337 1577 522 1630 nitudo
562 1575 677 1646 ejus
715 1577 737 1646 (
757 1572 910 1628 Psal.
937 1588 1063 1628 χιιι
1087 1572 1127 1645 ).
1168 1573 1432 1629 Dominus
1471 1584 1697 1645 operam
1731 1588 1920 1630 eorum

333 1672 625 1728 desiderat.
654 1668 871 1725 Justum
895 1676 1011 1734 est,
1035 1676 1096 1723 ut
1121 1667 1412 1737 aliquando
1439 1676 1688 1724 creatura
1715 1669 1921 1724 serviat

2028 478 2187 550 longe
2222 480 2482 537 odoratur
2517 480 2748 548 bellum,
2787 494 2843 538 et
2875 487 3074 553 gaudet
3113 484 3182 539 ad
3220 500 3409 541 vocem
3435 487 3604 556 tubze,

2025 578 2079 627 et
2112 585 2237 627 cum
2268 571 2465 627 viderit
2498 572 2854 643 sanguineam
2882 588 3115 646 pugnam
3135 615 3150 641 ,
3191 575 3323 630 dicit
3359 576 3413 631 in
3443 579 3608 635 corde

2023 679 2122 722 suo
2148 683 2161 720 :
2187 665 2332 721 Bene
2355 664 2558 722 factum
2585 682 2601 732 ;
2627 666 2721 722 sed
2746 666 2898 723 sedet
2919 682 3083 738 super
3106 669 3316 724 asinam
3345 670 3609 741 tranquil-

2017 756 2197 813 litatis
2221 768 2276 812 et
2299 757 2452 828 pacis
2473 756 2729 830 amicam.
2756 755 2873 814 Non
2904 766 3088 814 autem
3113 759 3266 815 vides
3292 760 3346 814 in
3372 761 3605 816 circuitu

2022 844 2140 917 ejus
2166 847 2511 918 splendentes
2536 846 2744 917 gladios
2761 888 2776 912 ,
2811 854 2905 902 aut
2930 855 3128 904 caetera
3155 859 3478 905 ornamenta
3511 865 3601 905 ar-

2020 954 2235 1003 morum
2272 939 2617 995 terribilium.
2665 938 2773 995 Sed
2815 939 2987 1011 quid?
3029 955 3210 996 ramos
3253 938 3586 1007 frondentes,

2024 1030 2333 1088 testimonia
2367 1030 2606 1101 pietatis.
2646 1030 2807 1088 Venit
2845 1046 2974 1103 ergo
3012 1038 3357 1099 mansuetus,
3397 1042 3458 1088 ut
3489 1050 3597 1089 non

2020 1131 2245 1194 propter
2262 1122 2556 1194 potentiam
2581 1124 2882 1191 timeretur,
2907 1125 3001 1181 sed
3026 1133 3084 1179 ut
3103 1134 3327 1196 propter
3349 1142 3598 1183 mansue-

2022 1214 2262 1271 tudinem
2295 1223 2571 1271 amaretur
2603 1215 2797 1271 sedens
2830 1231 2992 1286 super
3028 1216 3237 1271 asinam
3273 1226 3327 1273 et
3365 1204 3567 1289 pullum
3587 1259 3600 1281 ,

2022 1306 2080 1363 id
2105 1314 2221 1371 est,
2256 1314 2485 1361 matrem
2515 1314 2574 1362 et
2601 1306 2790 1361 ﬁlium.
2821 1305 3085 1379 (Hieron.
3110 1306 3129 1379 )
3173 1307 3476 1364 Notandum
3506 1326 3601 1364 au-

2021 1402 2133 1451 tem
2173 1397 2318 1466 quod
2365 1395 2469 1452 hoc
2511 1396 2882 1451 testimonium
2926 1398 2980 1451 in
3028 1399 3291 1469 propheta
3332 1399 3599 1455 Zacharia

2021 1485 2287 1555 scriptum
2328 1494 2417 1542 est
2454 1484 2658 1559 (Zaeh.
2689 1486 2818 1561 tx),
2857 1489 2954 1545 sed
2989 1490 3267 1546 sciendum
3302 1499 3417 1559 est,
3455 1493 3601 1562 quod

2023 1577 2317 1634 secundum
2359 1576 2601 1634 litteram
2638 1579 2694 1635 in
2731 1595 2899 1651 parvo
2934 1583 3194 1652 temporis
3233 1584 3410 1654 spatio
3437 1599 3603 1655 super

1978 1668 1984 1673 ’
2022 1677 2316 1739 utrumque
2342 1670 2544 1725 animal
2571 1673 2760 1727 sedere
2786 1672 3046 1741 Dominus
3072 1689 3178 1731 non
3210 1675 3462 1744 quiverit.
3497 1676 3604 1730 Aut

335 1782 437 1822 suo
471 1764 686 1821 factori.
731 1762 935 1820 Gentes
968 1761 1111 1817 enim
1145 1761 1288 1816 Deus
1319 1760 1374 1815 in
1411 1769 1680 1832 potestate
1715 1761 1917 1818 diaboli
1943 1743 1994 1804 Β
2018 1763 2166 1819 enim
2193 1763 2361 1819 asinae
2386 1763 2546 1829 sedit,
2576 1773 2631 1839 et,
2659 1763 2837 1834 pullus
2866 1766 3070 1835 absque
3098 1743 3314 1822 sessore
3338 1766 3478 1833 fuit;
3509 1776 3603 1823 aut

332 1874 434 1929 pro
462 1865 703 1929 tempore
726 1854 943 1925 reliquit
966 1862 1027 1909 ut
1054 1860 1259 1919 tentet,
1281 1853 1470 1919 nonin
1493 1863 1755 1910 aeternum
1781 1869 1915 1909 con-

337 1952 592 2023 tempsit,
623 1960 684 2005 ut
710 1949 922 2020 perdat.
965 1946 1200 2003 Necesse
1228 1956 1315 2003 est
1343 1955 1522 2002 autem
1564 1954 1625 2003 ut
1650 1946 1745 2002 ﬁat
1771 1947 1916 2018 quod

329 2045 595 2114 scriptum
625 2052 710 2098 est
734 2059 748 2096 :
782 2040 1034 2096 Homines
1059 2049 1111 2095 et
1126 2040 1372 2110 jumenta
1394 2038 1643 2106 salvebis,
1671 2038 1913 2094 Domine.

269 2138 279 2145 ’
329 2133 533 2207 (Hier.)
576 2133 807 2204 Alligata
850 2138 968 2186 erat
1004 2130 1154 2186 asina
1200 2129 1387 2186 multis
1412 2129 1645 2187 vinculis
1667 2138 1917 2201 peccato-

331 2240 452 2280 rum
471 2264 487 2289 ,
514 2223 692 2295 pullus
715 2235 929 2291 quoque
956 2219 1214 2285 lascivus,
1239 2227 1296 2273 et
1321 2217 1598 2274 frenorum
1625 2219 1917 2290 impatiens

330 2331 456 2372 cum
489 2322 665 2370 matre
692 2313 988 2369 secundum
1018 2309 1371 2381 Evangelium
1398 2309 1561 2366 Lucae
1586 2309 1787 2367 multos
1819 2310 1918 2366 ha-

331 2408 496 2463 bebat
519 2404 766 2461 dominos
784 2444 798 2470 ,
830 2418 937 2458 non
966 2402 1060 2458 uni
1085 2401 1258 2457 errori
1284 2409 1344 2456 et
1366 2399 1605 2471 dogmati
1627 2401 1911 2469 subditus;

338 2507 394 2553 et
420 2505 601 2551 tamen
627 2493 781 2549 multi
807 2491 1049 2557 domini,
1076 2490 1169 2560 qui
1194 2489 1297 2546 sibi
1324 2497 1644 2560 potestatem
1670 2489 1917 2546 illicitam

332 2586 714 2651 vindicabant,
760 2584 1008 2639 videntes
1044 2596 1232 2638 verum
1270 2580 1611 2646 Dominum,
1635 2589 1693 2637 et
1731 2595 1919 2638 servos

332 2676 451 2746 ejus
496 2676 745 2743 venisse,
794 2675 888 2745 qui
933 2672 1003 2728 ad
1043 2671 1359 2729 solvendum
1394 2671 1547 2728 missi
1580 2684 1768 2740 erant,
1806 2687 1916 2730 non

335 2767 607 2823 audebant
635 2766 914 2822 resistere.

406 2859 522 2914 Hoc
555 2868 731 2914 autem
767 2866 930 2911 totum
963 2854 1162 2926 factum
1201 2862 1307 2919 est,
1344 2862 1402 2909 ut
1437 2853 1744 2926 impleretur
1775 2854 1915 2925 quod

329 2955 531 3007 dictum
580 2961 657 3007 est
709 2966 801 3022 per
838 2948 1141 3021 prophetam
1202 2947 1464 3004 dicentem
1506 2960 1526 2999 :
1569 2946 1741 3002 Dicite
1786 2945 1915 3015 ﬁlia:

331 3043 483 3098 Sion.
531 3038 776 3113 (Beda.)
819 3038 956 3093 Filia
1001 3035 1133 3094 Sion
1180 3034 1536 3092 historialiter
1578 3033 1913 3095 Hierusalem

329 3145 444 3199 est,
476 3134 668 3190 civitas
694 3132 797 3189 sita
826 3132 881 3186 in
913 3139 1098 3187 monte
1138 3129 1292 3185 Sion.
1330 3128 1556 3201 Mystice
1588 3138 1771 3184 autem
1803 3128 1914 3185 lilia

329 3231 460 3285 Sion
484 3225 726 3283 Ecclesia
741 3233 824 3281 est
844 3223 1100 3290 ﬁdelium,
1114 3223 1391 3295 pertinens
1403 3222 1473 3277 ad
1486 3236 1776 3292 supernam
1789 3219 1918 3277 Hie-

329 3323 587 3388 rusalem,
625 3336 746 3391 qua:
769 3327 854 3375 est
874 3326 1054 3374 mater
1077 3316 1319 3372 omnium
1336 3322 1595 3370 nostrum
1619 3313 1763 3387 (Gal.
1794 3312 1912 3385 ιν),

327 3413 482 3484 cujus
508 3412 685 3484 portio
713 3418 839 3466 tunc
865 3424 973 3465 non
1023 3408 1247 3463 minima
1272 3413 1393 3462 erat
1423 3406 1479 3461 in
1505 3404 1703 3476 populo
1728 3404 1910 3461 Israel.

404 3509 538 3563 Ecce
572 3523 664 3562 rex
699 3516 821 3561 tuus
853 3504 988 3560 venit
1033 3502 1128 3557 tibi
1161 3510 1498 3565 mansuetus,
1538 3498 1723 3553 sedens
1755 3512 1914 3567 super

266 3580 271 3595 δ
327 3601 535 3655 asinam
564 3606 613 3652 et
641 3595 846 3668 pullum
873 3590 1188 3664 subjugalis.
1223 3590 1362 3646 Ecce
1393 3604 1517 3656 rex,
1549 3589 1759 3660 inquit,
1789 3596 1911 3642 tuus

329 3688 465 3743 venit
523 3686 615 3741 tibi
677 3693 1003 3749 mansuetus,
1058 3689 1165 3739 etc.
1209 3681 1350 3736 Ecce
1403 3678 1748 3736 ostendentis'
1783 3693 1909 3734 ver-

329 3782 458 3836 bum
515 3786 631 3845 est,
668 3778 723 3835 id
754 3785 860 3845 est,
914 3776 1092 3832 videte
1126 3791 1234 3831 non
1276 3773 1484 3831 carnali
1527 3780 1784 3845 aspectu,
1814 3773 1911 3828 sed

329 3871 563 3942 Spiritali
592 3870 873 3926 intellectu
897 3883 1060 3939 opera
1085 3867 1346 3922 virtutum
1374 3865 1491 3937 ejus
1514 3864 1739 3935 aspicite
1758 3904 1774 3931 ,
1800 3878 1909 3920 non

328 3962 550 4017 schema
598 3959 823 4016 visionis
859 3958 998 4030 ejus.
1032 3956 1091 4013 Si
1117 3956 1261 4011 enim
1294 3955 1514 4011 schema
1540 3954 1658 4026 ejus
1682 3967 1909 4024 aspexe-

329 4052 483 4117 ritis,
520 4048 818 4121 decipiendi
856 4047 990 4104 estis
1022 4045 1075 4101 iu
1107 4053 1302 4101 natura
1340 4040 1597 4100 humana.
1630 4041 1689 4099 Si
1724 4052 1907 4100 autem

327 4160 463 4216 opus
496 4145 618 4216 ejus
644 4138 1127 4198 consideraveritis
1145 4180 1159 4205 ,
1192 4137 1436 4194 salvandi
1463 4136 1596 4192 estis
1623 4136 1678 4191 in
1703 4135 1907 4193 virtute

328 4235 532 4290 divina.
559 4232 737 4289 Nolite
762 4231 944 4287 dicere
968 4247 982 4284 :
1017 4228 1129 4284 Nos
1159 4243 1264 4282 non
1294 4228 1542 4283 habemus
1571 4242 1741 4298 regem
1759 4265 1775 4293 ,
1803 4226 1906 4282 nisi

327 4324 689 4381 tantummodo
734 4321 996 4378 Ctesarem
1047 4318 1251 4393 (Joan.
1278 4318 1433 4389 χιι).
1474 4317 1613 4374 Ecce
1650 4332 1745 4373 rex
1783 4325 1906 4373 tuus

324 4417 476 4472 venit
500 4416 597 4471 tibi
624 4417 965 4478 mansuetus,
992 4411 1188 4467 cedens
1213 4424 1376 4479 super
1400 4409 1628 4466 asinam.
1659 4407 1718 4464 Si
1748 4406 1905 4465 intel-

324 4508 557 4574 lexeris,
585 4506 723 4562 venit
754 4504 884 4566 tibi:
916 4504 962 4560 si
989 4518 1095 4559 non
1126 4500 1480 4566 intellexeris,
1505 4501 1686 4557 veniet
1712 4510 1900 4558 contra

324 4611 380 4657 te
398 4643 413 4667 ,
445 4600 500 4656 id
524 4608 606 4655 est
625 4639 641 4666 ,
667 4598 713 4654 si
741 4595 1104 4661 intellexeris,
1131 4594 1310 4649 veniet
1332 4603 1391 4647 ut
1413 4591 1583 4648 salvet
1612 4600 1696 4656 te,
1726 4598 1781 4647 et
1803 4590 1904 4647 sub

322 4692 551 4763 pedibus
576 4690 686 4747 tuis
714 4688 925 4759 subigat
946 4693 1165 4759 gentes,
1188 4695 1249 4740 ut
1272 4685 1510 4757 gaudens
1537 4698 1635 4756 per
1659 4683 1903 4754 Prophe-

325 4794 437 4838 tam
478 4782 627 4838 dicas
656 4799 668 4835 :
704 4778 966 4847 Quoniam
994 4777 1136 4832 Deus
1161 4775 1394 4831 excelsus
1423 4775 1668 4831 terribilis
1686 4817 1703 4840 ,
1730 4786 1779 4831 et
1811 4792 1904 4830 rex

323 4892 548 4947 ntagnus
569 4892 727 4947 super
755 4891 957 4930 omnem
985 4884 1180 4946 terram
1212 4871 1427 4941 subjecit
1464 4871 1683 4942 populos
1719 4870 1865 4926 nobis
1885 4912 1900 4935 ,

323 4976 371 5019 et
411 4976 585 5036 gentes
613 4967 708 5021 sub
732 4965 948 5037 pedibus
980 4962 1210 5026 nostris;
1240 4960 1391 5032 elegit
1423 4978 1516 5017 nos
1545 4962 1902 5017 Ittereditatem

222 5082 247 5119 τί
322 5058 424 5112 sibi
451 5057 670 5127 speciem
696 5054 861 5109 Iacob
887 5069 1038 5124 quem
1068 5050 1250 5106 dilexit
1282 5051 1300 5122 (
1324 5049 1473 5105 Psal.
1502 5068 1625 5107 XLVI
1649 5053 1688 5124 ).
1724 5052 1781 5108 Si
1808 5067 1906 5107 au-

325 5161 435 5207 tem
463 5166 569 5206 non
600 5148 960 5212 intellexeris,
990 5147 1169 5203 veniet
1192 5156 1251 5201 ut
1275 5146 1467 5216 perdat
1493 5155 1565 5213 te,
1595 5156 1650 5202 et
1673 5147 1741 5202 de
1767 5156 1902 5201 tem-

323 5244 414 5314 plo
444 5241 752 5298 sanctitatis
780 5240 1044 5312 expellat,
1075 5251 1133 5296 et
1159 5240 1320 5296 aliam
1349 5253 1603 5309 sponsam
1632 5239 1698 5294 de
1725 5239 1901 5307 genti-

321 5335 427 5387 bus
455 5331 743 5387 castiorem
774 5331 997 5386 inducat
1021 5329 1076 5384 in
1104 5327 1410 5384 cubiculum
1434 5328 1740 5385 sanctitatis
1765 5343 1897 5384 sum.

323 5421 421 5477 Vis
442 5437 771 5494 cognoscere
798 5421 1266 5477 mansuetudinem
1289 5419 1589 5487 venientis,
1614 5420 1899 5476 considera

319 5516 559 5585 Speciem
607 5515 873 5570 adventus
921 5511 1038 5582 ejus
1083 5512 1221 5584 (Job
1263 5510 1439 5580 xxx).
1484 5509 1600 5565 Non
1647 5512 1797 5566 sedet
1844 5512 1899 5567 in

318 5622 486 5660 curru
518 5623 684 5663 aureo
712 5607 951 5678 pretiosa
984 5618 1223 5675 purpura
1254 5602 1499 5674 fulgens,
1526 5617 1627 5658 nec
1657 5604 1899 5659 ascendit

317 5713 482 5768 super
511 5698 775 5752 fervidum
803 5711 1002 5769 equum
1031 5694 1314 5751 discordia?
1344 5700 1722 5776 amatoremct
1750 5694 1860 5751 litis
1882 5736 1895 5762 ,

2017 1852 2065 1907 si
2088 1851 2236 1922 pullo
2259 1850 2436 1924 (quod
2460 1854 2632 1924 magis
2652 1854 2953 1924 competit)
2981 1853 3181 1927 abusus
3206 1862 3291 1911 est
3311 1856 3379 1911 ad
3405 1857 3599 1912 seden-

1998 1943 2177 2010 dum,
2214 1944 2369 2000 asina
2408 1945 2569 2002 ducta
2592 1955 2676 2002 est
2702 1945 2891 2003 libera.
2929 1946 3072 2018 Ergo
3112 1963 3235 2004 cum
3269 1948 3494 2004 historia
3517 1950 3602 2005 vel

2014 2034 2503 2106 impossibilitatem
2526 2035 2746 2103 habeat,
2771 2036 2857 2092 vel
2878 2037 3288 2107 turpitudinem,
3314 2040 3381 2095 ad
3405 2039 3600 2113 altiora

2018 2128 2479 2193 transmittuntur,
2508 2134 2568 2182 ut
2591 2127 2742 2183 asina
2769 2128 2872 2183 ista
2889 2167 2906 2194 ,
2931 2142 3052 2198 qua:
3075 2126 3371 2199 subjugalis
3395 2126 3514 2193 fuit,
3544 2138 3600 2197 et

2015 2219 2251 2275 edomita
2282 2226 2339 2275 et
2366 2218 2556 2290 iugum
2605 2219 2740 2291 legis
2780 2228 3054 2285 traxerat,
3091 2235 3364 2293 synagoga
3392 2221 3592 2276 intelli-

2016 2319 2193 2383 gatur.
2242 2309 2429 2367 Pullus
2468 2309 2636 2367 asinae
2676 2311 2913 2368 lascivus
2951 2319 3008 2369 et
3030 2312 3191 2379 liber,
3229 2313 3468 2385 gentium
3494 2330 3595 2385 po-

2015 2403 2205 2474 pulus,
2245 2403 2444 2475 quibus
2476 2403 2701 2461 sedebat
2734 2402 2921 2470 Iesus,
2950 2405 3006 2461 id
3040 2413 3155 2472 est,
3184 2405 3239 2461 in
3276 2408 3594 2477 przecordiis

1978 2544 1983 2549 .
2016 2508 2208 2551 eorum
2245 2493 2559 2561 habitabat,
2596 2495 2827 2552 dicens:
2857 2496 3055 2561 Discite
3092 2515 3125 2553 a
3170 2515 3252 2553 me
3289 2499 3415 2571 quia
3455 2501 3597 2555 mitis

2015 2603 2135 2643 sum
2162 2594 2211 2642 et
2235 2586 2448 2643 humilis
2478 2587 2641 2655 corde
2661 2586 2879 2658 (Matth.
2908 2587 2987 2662 xt)
3004 2630 3020 2655 ,
3049 2588 3231 2646 missis
3253 2590 3322 2646 ad
3344 2605 3438 2647 eos
3463 2593 3597 2648 duo-

2017 2678 2122 2735 bus
2161 2677 2440 2750 discipulis
2476 2678 2620 2745 suis,
2660 2694 2768 2735 uno
2804 2679 2859 2736 in
2893 2679 3399 2749 circumcisionem,
3424 2691 3480 2739 et
3515 2684 3594 2740 al-

2018 2776 2134 2825 tero
2160 2768 2216 2825 in
2239 2778 2448 2841 gentes.
3088 2830 3094 2835 ,
3540 2838 3543 2841 λ

2088 2858 2288 2916 Euntes
2311 2870 2487 2916 autem
2510 2861 2755 2933 discipuli
2777 2862 3011 2933 fecerunt
3035 2863 3170 2918 sicut
3194 2864 3439 2935 prmcepit
3466 2863 3595 2927 illis,

2015 2958 2067 3004 et
2103 2948 2439 3005 adduxerunt
2478 2950 2684 3006 asinam
2721 2961 2772 3007 et
2808 2952 3031 3024 pullum.
3061 2953 3216 3022 Quod
3249 2963 3443 3010 euntes
3468 2972 3597 3027 apo-

2019 3040 2146 3097 stoli
2193 3040 2473 3098 solverunt
2520 3042 2730 3099 asinam
2771 3043 3035 3111 alienam,
3088 3044 3449 3101 ministerium
3494 3045 3598 3101 fuit

2018 3132 2236 3202 quidem
2267 3132 2481 3199 illorum
2500 3175 2517 3200 ,
2546 3134 2722 3191 virtus
2749 3141 2931 3197 autem
2960 3144 3017 3192 et
3045 3137 3342 3193 auctoritas
3370 3136 3594 3193 Christi.

2016 3221 2129 3278 Nec
2163 3223 2308 3280 enim
2340 3224 2648 3300 potuissent
2683 3225 2873 3281 tollere
2905 3225 3215 3297 iumentum
3252 3225 3488 3285 alienum
3527 3227 3598 3282 ab

2015 3313 2111 3371 ilo
2134 3314 2356 3372 domino
2383 3317 2476 3388 qui
2504 3332 2613 3373 non
2641 3332 2737 3373 eos
2758 3317 3122 3387 cognoscebat
3141 3317 3456 3387 quiessent,
3487 3317 3596 3373 nisi

2012 3405 2372 3476 pmeminens
2411 3407 2637 3479 spiritus
2685 3406 2888 3465 Christi
2924 3423 3020 3464 cor
3055 3407 3259 3464 domini
3296 3407 3414 3478 ejus
3454 3424 3595 3480 prae-

2013 3504 2265 3566 parasset
2309 3496 2379 3552 ad
2422 3497 2683 3554 dandum.
2727 3497 2820 3553 Sic
2861 3500 3007 3570 quod
3048 3498 3277 3570 apostoli
3320 3499 3598 3556 solverunt

2010 3584 2227 3642 Iudaeos
2265 3594 2323 3642 et
2363 3596 2556 3658 gentes
2580 3588 2649 3644 de
2672 3589 2889 3644 vinculo
2913 3589 3154 3655 inimici,
3194 3589 3248 3643 in
3272 3590 3448 3659 prima
3475 3590 3595 3659 qui-

2010 3680 2136 3736 dem
2181 3676 2323 3733 facie
2372 3692 2564 3734 eorum
2614 3678 2897 3733 videbatur
2940 3692 3109 3747 opus,
3163 3694 3355 3734 revera
3405 3689 3590 3735 autem

2009 3767 2187 3823 virtus
2211 3764 2313 3820 fuit
2337 3773 2394 3821 et
2413 3765 2587 3836 gratia
2610 3763 2833 3820 Christi.
2864 3764 2976 3820 Nec
2996 3766 3142 3821 enim
3167 3782 3197 3820 a
3220 3766 3438 3824 Christo
3464 3768 3596 3824 duo-

2007 3859 2185 3917 decim
2219 3857 2498 3915 constituti
2533 3864 2705 3914 totum
2745 3856 3004 3914 mundum
3036 3858 3258 3930 ligatum
3298 3861 3399 3916 sub
3432 3869 3593 3930 pote-

2009 3957 2149 4006 state
2190 3947 2390 4006 diaboli
2427 3947 2639 4006 solvere
2673 3949 3003 4020 potuissent,
3038 3949 3144 4004 nisi
3178 3951 3353 4022 gratia
3385 3950 3590 4008 Christi

2007 4040 2269 4096 virtutem
2288 4037 2687 4111 confregissent
2706 4038 2932 4094 inimici.
2959 4038 3066 4094 Sed
3095 4041 3411 4107 notandum,
3443 4042 3590 4114 quod

2007 4129 2200 4185 scribit
2226 4127 2467 4194 Marcus,
2496 4126 2705 4198 pullum
2745 4135 2872 4183 ante
2905 4125 3131 4197 januam
3186 4128 3320 4201 foris
3351 4129 3404 4184 in
3440 4131 3590 4187 bivio

2008 4221 2285 4279 inventum
2324 4218 2345 4292 (
2366 4218 2538 4275 Marc.
2573 4217 2667 4293 st)
2699 4237 2713 4273 :
2754 4217 2922 4289 janua
2963 4226 3145 4281 autem
3181 4218 3296 4290 ipse
3336 4229 3456 4285 est,
3497 4221 3591 4289 qui

2005 4314 2080 4369 ait
2108 4331 2122 4369 :
2153 4312 2267 4385 Ego
2294 4329 2411 4369 sum
2428 4312 2601 4383 janua
2629 4311 2841 4377 ovium;
2866 4327 2960 4383 per
2991 4327 3073 4365 me
3096 4311 3142 4365 si
3170 4311 3286 4383 quis
3311 4311 3592 4387 introierit,

2007 4405 2312 4471 salvabitur,
2338 4414 2386 4460 et
2413 4404 2735 4475 ingredietur
2754 4412 2803 4458 et
2826 4402 3141 4474 egredietur,
3162 4412 3210 4457 et
3231 4419 3429 4474 pascua
3453 4403 3591 4457 inve-

2009 4497 2114 4552 niet
2139 4495 2322 4568 (Joan.
2353 4494 2431 4567 x).
2455 4494 2660 4563 Quibus
2681 4493 2806 4550 vita:
2822 4492 3053 4565 pascuis,
3071 4492 3175 4549 iste
3195 4492 3390 4564 pullus,
3428 4490 3481 4547 id
3509 4500 3587 4548 est

2008 4590 2237 4660 populus
2259 4590 2524 4662 gentium,
2548 4588 2789 4651 carebat,
2819 4587 3039 4658 quando
3067 4586 3247 4642 adhuc
3271 4586 3591 4657 extra‘hanc

2003 4683 2225 4754 januam
2247 4682 2301 4737 in
2321 4681 2470 4739 bivio
2490 4680 2691 4752 ligatus
2709 4678 2906 4736 stabat.
2929 4677 2997 4733 Et
3018 4685 3168 4734 recte
3194 4677 3250 4733 in
3274 4677 3440 4743 bivio,
3463 4676 3591 4749 quia

2009 4792 2118 4832 non
2140 4789 2303 4830 unam
2323 4780 2507 4830 certus
2528 4774 2653 4829 vitae
2672 4771 2906 4841 ﬁdeique
2928 4770 3069 4826 viam
3095 4770 3333 4836 tenebat,
3356 4769 3450 4825 scd
3474 4768 3593 4840 plu-

2011 4883 2100 4923 res
2128 4866 2428 4935 dubiosque
2453 4876 2726 4935 sectarum
2753 4861 2923 4920 colles
2950 4863 3280 4932 sequebatur
3304 4875 3589 4917 erroneus.

2082 4959 2150 5013 Et
2185 4959 2543 5029 imposuerunt
2578 4974 2735 5030 super
2768 4973 2857 5013 eos
2891 4957 3197 5012 vestimenta
3232 4973 3367 5021 sua,
3396 4965 3445 5009 et
3471 4971 3591 5010 eum

2009 5053 2234 5122 desuper
2283 5048 2462 5103 sedere
2517 5048 2773 5119 fecerunt.
2829 5047 3165 5105 Vestimenta
3224 5043 3589 5115 apostolorum

2008 5152 2135 5198 sunt
2156 5147 2426 5211 prtecepta
2449 5137 2737 5202 divina.et
2761 5139 2930 5209 gratia
2957 5136 3234 5209 spiritalis.
3265 5133 3418 5189 Sicut
3443 5133 3591 5188 enim

2009 5231 2267 5287 nuditatis
2294 5230 2572 5301 turpitudo
2605 5229 2931 5286 vestimento
2958 5228 3181 5299 tegitur,
3212 5227 3292 5283 sic
3320 5224 3590 5282 naturalia

2006 5326 2146 5381 mala
2170 5325 2353 5381 carnis
2378 5331 2576 5378 uestrae
2600 5320 2965 5392 praeceptiset
2988 5320 3371 5391 gratiadivina
3400 5329 3592 5389 tegun-

2006 5430 2111 5474 tur.
2141 5417 2161 5490 (
2186 5416 2406 5472 Hieron.
2431 5414 2450 5487 )
2478 5413 2663 5469 Pullus
2691 5413 2889 5484 quippe
2930 5410 3033 5467 istc
3071 5419 3128 5466 et
3164 5410 3318 5483 asina
3338 5451 3353 5475 ,
3393 5411 3591 5480 quibus

2005 5510 2261 5581 apostolis
2286 5510 2597 5564 insternunt
2621 5505 2943 5561 vestimenta
2972 5518 3089 5567 sua,
3116 5511 3175 5557 ut
3196 5500 3352 5557 Jesus
3375 5500 3591 5574 mollius

2004 5603 2224 5666 sedeat,
2253 5614 2379 5656 ante
2405 5600 2700 5655 adventum
2741 5594 3045 5651 Salvatoris
3075 5594 3205 5650 nudi
3232 5600 3388 5650 erant
3408 5634 3423 5659 ,
3452 5591 3588 5646 mul-

2006 5695 2181 5765 tisque
2211 5692 2315 5748 sibi
2345 5691 2399 5745 in
2432 5705 2526 5746 eos
2555 5689 2893 5756 dominatum
2934 5685 3339 5743 vindicantibus
3384 5684 3590 5754 absque
