3998 6188
481 310 620 366 1059
1167 305 1228 359 Β.
1267 299 1518 358 RABANI
1559 291 1778 356 MACRI
1814 293 2095 352 ARClllEl

2199 292 2482 351 ιοςυΝτ.
2524 291 2807 351 OPERUM
2845 291 3026 348 PARS
3063 292 3104 348 l.
3606 294 3763 352 ιοιο

477 427 814 498 cperimeuto
829 421 1115 494 frigebunt.
1142 417 1432 487 Postquam
1453 431 1584 472 vero
1605 412 1928 486 apostolicae
1947 423 2064 464 sus-
2092 411 2143 474 Α
2168 421 2270 462 nos
2291 415 2348 462 et
2371 407 2584 498 venisse
2603 404 2897 471 credimus,
2912 412 2975 498 et
2993 404 3516 498 amamugejusque
3534 406 3759 464 deside-

479 493 672 586 cepere
706 493 918 578 vestes,
947 509 1286 582 pulchriores
1324 507 1452 562 facti
1492 506 1780 562 Dominum
1820 501 2060 557 habuere
2166 498 2248 554 rio
2275 497 2642 563 accendimur,
2668 504 2729 551 ut
2752 511 2876 552 eum
2903 495 3041 552 facie
3078 496 3147 550 ad
3182 493 3380 553 faciem
3413 498 3759 568 contemple-

479 623 771 666 sessorem.
814 604 954 660 Nam
988 602 1157 658 vestis
1182 600 1476 672 apostolica
1493 641 1507 666 ,
1537 607 1600 654 ut
1629 597 1832 653 dictum
1861 602 1947 650 est
1972 606 2062 650 su.
2163 608 2306 648 mur.
2323 589 2436 648 Nec
2456 606 2559 648 non
2580 591 2635 646 in
2655 591 2760 646 hoc
2777 589 2922 660 quod
2943 588 3271 662 adiungitur,
3297 587 3577 656 Hastam,
3596 591 3649 645 id
3672 600 3762 646 est

478 701 663 774 perius
680 739 696 763 ,
727 695 812 752 vel
837 695 1083 750 doctrina
1106 693 1400 758 virtutum,
1429 691 1516 747 vel
1543 690 1795 747 dissertio
1820 687 2063 757 Scriptu-
2165 683 2379 740 salusin
2401 681 2651 747 excelsis,
2673 681 2956 751 perspicue
2979 679 3304 744 ostenditur,
3325 680 3470 748 quod
3491 681 3762 736 adventus

482 769 664 846 rarum
695 787 918 859 intelligi
947 793 1151 856 potest,
1182 785 1296 840 sive
1323 783 1816 839 ecclesiasticarum
1841 780 2063 850 dogma-
2163 773 2368 832 Christi
2394 789 2500 830 non
2523 782 2730 830 tantum
2757 772 3036 828 hominum
3063 769 3230 839 salus,
3257 774 3354 827 sed
3378 773 3546 829 totius
3570 774 3762 829 munch'

483 893 594 936 tum
636 881 948 935 varietates.
995 877 1203 945 Quibus
1242 874 1349 931 nisi
1385 875 1564 930 anima
1604 864 1868 930 instructa
1901 870 2067 926 fuerit
2170 867 2273 933 sit,
2299 874 2516 923 terrena
2541 864 2775 936 iungens
2799 863 3147 929 cmlestibus,
3172 880 3324 918 omne
3347 881 3481 936 genu
3506 867 3554 919 ei
3581 869 3765 936 ﬂecta-

480 981 536 1026 ct
562 978 755 1027 ornata
775 1012 790 1037 ,
823 982 1088 1025 sessorem
1120 968 1322 1023 habere
1349 965 1635 1021 Dominum
1663 979 1770 1019 non
1803 971 2062 1018 meretur.
2167 969 2257 1014 tur
2280 959 2595 1024 antestium,
2629 957 2954 1013 terrestrium
2972 997 2988 1022 ,
3018 965 3066 1010 et
3091 955 3423 1025 infernarum
3447 955 3630 1026 (Phil.
3660 958 3760 1028 ιι).

556 1059 799 1114 Plurima
840 1067 1016 1113 autent
1045 1057 1198 1112 turba
1227 1064 1525 1110 straverunt
1554 1054 1856 1109 uestimenta
1885 1052 2067 1106 suain
2243 1050 2313 1106 Et
2372 1066 2493 1104 cum
2544 1049 2788 1103 intrasset
2848 1045 3306 1116 Hierosolymam,
3363 1058 3624 1101 commota
3684 1058 3762 1102 est

485 1158 588 1210 ria.
612 1154 802 1210 Videte
823 1151 1181 1207 differentiam
1201 1149 1623 1218 uniuscujusque
1643 1159 1906 1217 personae.
1927 1145 2071 1216 Apo-
2171 1148 2417 1203 universa
2441 1147 2624 1200 civitas
2645 1185 2660 1212 ,
2689 1145 2866 1199 dicens
2891 1158 2908 1197 :
2935 1142 3067 1209 Quis
3095 1152 3176 1197 est
3205 1142 3290 1196 hic
3313 1143 3342 1196 il
3365 1139 3560 1212 Populi
3584 1152 3762 1197 autem

488 1247 611 1314 stoli
631 1244 952 1301 vestimenta
971 1256 1067 1297 sua
1083 1255 1246 1312 super
1264 1239 1468 1310 pullum
1490 1245 1726 1308 ponunt;
1750 1235 1927 1301 turba,
1952 1247 2073 1304 quas

2199 1243 2415 1298 licebant
2440 1257 2460 1296 :
2487 1241 2589 1296 llic
2610 1249 2686 1296 est
2708 1239 2865 1294 Iesus
2884 1238 3134 1310 propheta
3155 1255 3187 1291 α
3210 1237 3481 1292 Nazaretlt
3501 1234 3760 1292 Galila'te.

489 1338 650 1392 vilior
675 1346 796 1402 est,
824 1333 1123 1391 substerni!
1146 1332 1372 1402 pedibus
1399 1329 1530 1385 asini
1552 1371 1566 1395 ,
1595 1343 1697 1384 nec
1721 1329 1811 1383 ubi
1838 1327 2075 1382 ollendat
2175 1335 2489 1390 Introeunte
2515 1330 2643 1386 Iesu
2668 1345 2791 1386 cum
2818 1330 2976 1384 turba
3003 1327 3548 1398 Hierosolymilamm
3573 1328 3763 1382 civim.

495 1429 549 1484 in
578 1427 938 1499 lapidem,'ne
960 1421 1136 1480 calcet
1160 1422 1404 1493 spinam,
1433 1438 1500 1476 ne
1522 1421 1736 1475 labatur
1761 1419 1816 1473 in
1839 1418 2071 1474 foveam.
2179 1437 2322 1494 tem,
2373 1433 2764 1492 commovetur,
2813 1423 3020 1478 mirans
3067 1421 3424 1491 frequentiam
3513 1424 3763 1477 nesciens

493 1520 754 1576 Portante
789 1515 1076 1572 Dominum
1113 1513 1296 1576 asino,
1339 1510 1492 1566 multi
1528 1509 1848 1564 vestimenta
1889 1521 1987 1562 sua
2023 1505 2077 1560 in

2199 1521 2463 1576 veritatem
2481 1559 2494 1582 ,
2526 1525 2583 1573 et
2607 1516 2793 1571 dicens
2820 1533 2833 1568 :
2864 1513 2996 1580 Quis
3025 1523 3099 1568 est
3128 1513 3210 1566 hic
3233 1513 3260 1567 2
3286 1512 3440 1581 Quod
3465 1513 3688 1583 quidem
3713 1523 3768 1567 et

491 1612 581 1666 via
609 1617 896 1674 sternunt,
927 1606 1053 1676 quia
1082 1603 1259 1660 sancti
1285 1610 1554 1674 martyres
1571 1641 1586 1668 ,
1612 1599 1846 1670 propriae
1873 1612 1934 1653 se
1959 1611 2080 1652 car-

2199 1627 2238 1666 n
2267 1609 2374 1665 alio
2397 1608 2516 1664 loco
2545 1607 2848 1664 dicentibus
2872 1605 3080 1676 angelis
3104 1604 3333 1674 legimus
3357 1623 3369 1657 :
3401 1603 3536 1669 Quis
3565 1615 3642 1659 est
3670 1605 3766 1659 iste

499 1703 584 1758 nis
629 1701 832 1755 amictu
889 1705 1149 1753 eruentes
1173 1736 1191 1761 ,
1245 1691 1665 1763 simplicioribus
1720 1690 1817 1746 Dei
1866 1687 2082 1743 famulis

2199 1718 2280 1757 rex
2307 1700 2530 1773 glorite.’
2556 1698 2576 1770 (
2599 1696 2749 1753 Psal.
2778 1712 2938 1752 xxrtr.
2965 1695 2984 1767 )
3015 1695 3110 1752 Vel
3140 1695 3543 1765 ambigentibus
3568 1697 3655 1750 vel
3682 1696 3765 1750 in-

497 1792 643 1845 viam
689 1805 788 1845 suo
835 1787 1100 1858 sanguine
1143 1793 1374 1855 parant,
1423 1790 1481 1836 ut
1524 1781 1775 1839 videlicet
1814 1779 2078 1835 inotl‘cnso

2199 1789 2584 1861 .errogantlbus
2633 1785 2756 1843 vilis
2798 1783 3079 1854 plebecula
3133 1782 3464 1848 conﬁtetur;
3511 1799 3543 1838 a
3590 1786 3766 1839 mino-

501 1870 689 1952 gressu
736 1876 935 1932 mentis
979 1876 1050 1930 ad
1099 1889 1346 1943 supernae
1391 1872 1592 1928 muanla
1640 1871 1881 1926 civitatis
1908 1908 1924 1935 ,
1973 1883 2082 1939 quo

502 1971 662 2025 Jesus
689 1969 868 2034 ducit,
895 1965 1166 2022 incedant.
1197 1964 1395 2037 (ϐπ-ες.
1421 1963 1595 2032 )ltem
1622 1961 1873 2017 Salvator
1897 1969 2086 2016 noster

505 2061 729 2117 asellum
777 2058 975 2114 sedens
1021 2055 1355 2110 Hierusalem
1403 2054 1594 2118 tendit,
1638 2052 1856 2122 quando
1897 2052 2086 2107 unius-

501 2151 768 2222 cujusque
794 2145 965 2204 lidelis
995 2147 1233 2213 animam
1260 2159 1478 2216 regens,
1508 2143 1762 2198 videlicet
1782 2142 2088 2212 iumentum

503 2259 664 2300 suurn
689 2242 757 2298 ad
793 2241 944 2312 pacis
969 2238 1173 2295 intimae
1196 2238 1456 2293 visionem
1485 2236 1643 2302 dicit;
1669 2231 1974 2304 iumentum
1999 2249 2088 2290 se-

507 2336 630 2402 det,
657 2333 822 2390 etiam
846 2346 972 2388 cum
1003 2337 1206 2387 sanet-ae
1239 2327 1495 2384 Ecclesia;
1536 2325 1916 2383 universalitor
1945 2339 2088 2396 prte-

489 2430 684 2494 sidet,
721 2439 952 2496 eamque
980 2424 1035 2480 in
1064 2437 1314 2494 superum
1354 2421 1503 2493 pacis
1542 2420 1871 2476 desiderium
1897 2433 2090 2474 accen-

489 2521 607 2576 .dit.
655 2518 805 2573 Multi
847 2525 1030 2572 autem
1071 2515 1393 2570 vestimenta
1437 2527 1534 2568 sua
1576 2512 1630 2566 in
1673 2511 1764 2565 via
1807 2518 2087 2576 sternunt,

507 2609 635 2680 quia
664 2621 910 2678 corpora
956 2620 1052 2661 sua
1088 2613 1185 2675 per
1215 2602 1596 2658 abstinent-iam
1627 2599 1917 2666 edomant,
1951 2609 2014 2655 ut
2035 2600 2091 2655 ei

495 2700 614 2755 iter
648 2698 714 2753 ad
751 2703 987 2752 mentem
1021 2701 1246 2766 parent,
1285 2692 1369 2748 vel
1406 2692 1651 2762 exernph
1683 2692 1826 2749 bona
1863 2703 2092 2762 sequen-

500 2791 657 2846 tibus
673 2789 975 2861 praebeant.

581 2881 689 2934 Alii
718 2887 895 2934 autem
930 2876 1196 2932 credebant
1235 2890 1410 2931 ramos
1441 2875 1505 2929 de
1533 2874 1850 2939 arboribus,
1872 2883 1921 2928 et
1954 2882 2091 2928 ster-

510 2975 699 3028 nebant
737 2971 792 3024 in
831 2970 935 3024 uia.
979 2966 1224 3024 Frondes
1260 2966 1345 3021 vel
1378 2979 1561 3020 ramos
1583 2964 1651 3020 de
1675 2962 1963 3018 arboribus
1990 2976 2095 3018 cae—

513 3064 676 3127 dunt,
695 3061 788 3130 qui
814 3060 867 3114 in
890 3058 1134 3114 doctrina
1156 3056 1401 3113 veritatis
1423 3056 1587 3111 verba
1612 3065 1776 3124 atque
1799 3053 2095 3112 sententias

2185 1879 2336 1934 ribus
2370 1877 2637 1947 incipiens
2661 1916 2676 1942 ,
2705 1883 2767 1929 ut
2802 1874 2868 1930 ad
2908 1872 3113 1943 majora
3149 1873 3469 1944 perveniat,
3506 1883 3563 1929 et
3602 1876 3764 1930 dicit:

2186 1971 2292 2027 Hie
2327 1980 2408 2026 est
2441 1969 2601 2024 Iesus
2631 1967 2881 2040 propheta
2919 1983 2952 2020 α
2983 1965 3253 2040 Nazareni
3288 1964 3531 2022 Galilrea:
3567 1966 3766 2037 (Deut.

2187 2074 2323 2115 xvttr
2347 2058 2388 2130 ).
2426 2058 2597 2126 Quem
2633 2056 2953 2128 prophetam
2983 2063 3040 2112 et
3071 2054 3283 2126 Moyses
3319 2055 3555 2111 similem
3583 2055 3667 2110 sui
3693 2056 3772 2111 di-

2187 2157 2346 2206 serat
2367 2163 2490 2206 esse
2513 2155 2824 2204 venturum.

2260 2243 2330 2297 Et
2368 2241 2580 2297 intravit
2619 2237 2778 2293 Iesus
2816 2239 2872 2293 in
2916 2236 3165 2308 templum
3207 2235 3328 2291 Dei.
3367 2235 3546 2308 (Ras.
3573 2235 3593 2308 )
3620 2236 3771 2305 Quod

2189 2335 2467 2406 ingressus
2515 2330 2792 2387 civitatem
2828 2329 3004 2400 primo
3037 2327 3296 2397 templum
3344 2327 3505 2392 adiit,
3544 2325 3770 2384 formam

2191 2423 2346 2481 nobis
2380 2420 2660 2493 religionis
2691 2434 2854 2489 quam
2890 2432 3207 2488 sequamur,
3247 2425 3671 2487 praemonstrat,
3720 2424 3773 2470 ut

2188 2533 2314 2575 cum
2341 2517 2481 2572 forte
2505 2513 2690 2569 villam
2719 2520 2812 2568 aut
2832 2511 3086 2582 oppidum
3111 2549 3127 2575 ,
3159 2517 3255 2565 aut
3285 2508 3447 2564 alium
3477 2509 3771 2579 quemlibet

2192 2611 2404 2674 locum,
2445 2607 2497 2661 in
2535 2619 2645 2676 quo
2680 2604 2752 2660 sit
2785 2603 2940 2659 locus
2973 2601 3268 2666 orationis,
3309 2601 3421 2656 Deo
3453 2610 3770 2656 consecrata

2191 2685 2490 2763 intramus,
2519 2697 2698 2769 primo
2726 2695 2795 2751 ad
2821 2696 2962 2751 hanc
2989 2694 3324 2750 divertarnus
3341 2733 3358 2758 ,
3403 2701 3461 2748 et
3486 2702 3773 2764 postquam

2192 2808 2293 2849 nos
2328 2791 2563 2846 Domino
2598 2802 2697 2858 per
2733 2786 3042 2842 orationum
3084 2785 3261 2840 studia
3304 2784 3774 2840 commendaveri-

2192 2899 2315 2941 mus
2331 2923 2346 2950 ,
2372 2882 2453 2938 sic
2477 2877 2671 2937 deinde
2697 2879 2765 2934 ad
2791 2877 3001 2948 agenda
3023 2890 3086 2930 ea
3112 2884 3336 2947 propter
3359 2891 3484 2946 qua:
3509 2877 3773 2941 venimus,

2193 2971 2512 3044 temporalia
2543 2969 2761 3042 negotia
2797 2969 3131 3024 secedamus.
3171 2967 3658 3038 Appropinquante
3683 2983 3776 3023 au-

2197 3070 2308 3119 tem
2337 3071 2581 3133 tempore
2604 3059 2878 3131 passionis
2895 3099 2910 3120 .
2937 3059 3371 3129 appropinquare
3397 3058 3571 3114 voluit
3602 3059 3778 3114 Domi-

512 3159 727 3222 patrum
765 3149 833 3204 de
874 3164 1061 3205 eorum
1095 3148 1312 3218 eloquio
1341 3155 1672 3216 excerpunt,
1697 3153 1752 3200 et
1778 3145 1896 3199 haec
1922 3144 1977 3198 in
2006 3144 2092 3198 via
2120 3144 2166 3206 C
2197 3171 2302 3212 nus
2344 3154 2468 3210 ιοεο
2507 3151 2818 3225 passionis,
2855 3151 3035 3221 ibique
3076 3151 3359 3220 proximus
3393 3165 3647 3213 manere,
3687 3151 3778 3204 ubi

516 3241 610 3295 Dei
647 3246 705 3295 et
740 3238 1001 3294 auditoris
1036 3237 1274 3292 animant
1309 3236 1578 3292 venientis
1601 3234 1790 3294 humili
1833 3233 2096 3304 pradica-

518 3333 664 3388 tione
690 3330 1038 3386 submittunt.

587 3420 778 3474 Turba:
811 3427 984 3473 autem
1019 3434 1136 3490 qua:
1167 3417 1560 3488 praeedebant,
1584 3425 1640 3474 et
1668 3431 1786 3487 quo:
1810 3415 2097 3486 sequeban-

516 3523 622 3578 tur,
647 3510 944 3566 clamabant
964 3510 1194 3564 dicentes
1217 3522 1234 3561 :
1262 3507 1518 3562 Hosanna
1542 3507 1654 3576 ﬁlio
1676 3506 1867 3573 David,
1891 3507 2098 3561 benedi-

517 3615 630 3659 ctus
653 3604 742 3675 qui
765 3603 896 3658 venit
918 3603 973 3656 in
994 3600 1203 3656 nomine
1231 3599 1469 3666 Domini,
1499 3597 1754 3654 Humana
1775 3600 1834 3652 in
1856 3597 2095 3655 excelsis.

516 3694 800 3749 Praecessit
826 3693 1024 3763 quippe
1050 3689 1309 3746 Judaicus
1335 3690 1584 3760 populus,
1614 3698 1836 3746 secutus
1855 3698 1942 3746 est
1967 3704 2099 3762 gen-

519 3783 646 3838 tilis.
697 3782 764 3836 Et
802 3781 932 3851 quia
966 3794 1158 3836 omnes
1191 3778 1384 3843 electi,
1421 3778 1541 3834 sive
1563 3779 1656 3849 qui
1689 3779 1747 3834 in
1769 3777 1953 3835 Judrna
1977 3792 2099 3835 esse

519 3879 800 3944 poterant,
828 3871 943 3927 sive
967 3871 1060 3940 qui
1095 3884 1238 3925 nunc
1262 3869 1318 3924 in
1338 3868 1580 3925 Ecclesia
1602 3869 1862 3936 existunt,
1892 3871 1948 3927 in
1980 3884 2095 3927 me-

519 3966 784 4018 diatorem
824 3963 920 4018 Dei
955 3971 1011 4018 et
1046 3962 1324 4016 hominum
1361 3959 1708 4016 crediderunt
1741 3970 1798 4017 et
1829 3962 2096 4027 credunt,

518 4061 611 4130 qui
647 4067 891 4131 prmeunt
915 4067 968 4116 et
993 4059 1084 4129 qui
1115 4067 1445 4129 sequuntur,
1481 4058 1733 4116 llosanns
1771 4061 2094 4118 clamabant.

521 4155 770 4210 llosanna
809 4161 991 4208 autem
1029 4152 1221 4207 Latina
1263 4151 1480 4223 lingua,
1523 4153 1670 4207 salsa
1711 4168 1834 4218 nos,
1876 4153 2096 4210 dicitur.

521 4246 692 4301 Nemo
720 4259 850 4317 ergo
876 4252 1028 4315 putet
1059 4257 1125 4298 ex
1151 4241 1360 4298 duobus
1388 4243 1569 4298 verbis
1591 4283 1605 4309 ,
1635 4242 1825 4300 Ganeo
1852 4244 2103 4300 videlicet

519 4346 574 4392 ct
606 4335 832 4393 Hebraeo
864 4351 1150 4402 sermone,
1195 4351 1320 4392 esse
1359 4337 1749 4406 compositum,
1791 4338 1888 4394 sed
1926 4346 2100 4394 totum

2189 3247 2495 3304 constituto
2517 3259 2582 3300 ac
2607 3241 2877 3316 praeﬁnito
2899 3249 3024 3298 ante
3052 3241 3250 3297 srecula
3280 3253 3522 3312 tempore
3549 3241 3780 3296 inveniri

2196 3345 2383 3408 posset
2419 3337 2489 3392 ab
2523 3336 2604 3391 eis
2637 3349 2734 3404 per
2767 3348 2903 3403 quos
2933 3341 3053 3388 erat
3083 3333 3265 3403 passio
3289 3332 3626 3403 complenda.
3663 3332 3782 3399 Quo

2198 3427 2364 3482 etiam
2398 3440 2500 3496 per
2536 3425 2637 3480 hoc
2675 3423 2890 3479 cunctis
2927 3421 3201 3479 intimaret
3237 3423 3614 3488 audientibus,
3650 3424 3783 3494 quia

2198 3531 2307 3574 non
2351 3517 2552 3571 invitus
2579 3523 2841 3579 mortem,
2880 3521 2942 3572 ut
2983 3513 3195 3585 profani
3225 3523 3518 3583 putavere,
3557 3515 3654 3570 sed
3685 3531 3781 3570 sua

2199 3615 2390 3678 sponte
2429 3607 2673 3690 subiret:
2724 3607 2878 3678 cuius
2919 3607 3052 3662 hora
3095 3607 3435 3676 proximante
3477 3607 3784 3678 intrepidus

2202 3698 2380 3754 locum
2426 3699 2592 3763 adiit,
2637 3699 2694 3753 in
2737 3707 2845 3767 quo
2886 3711 2945 3753 se
2975 3711 3100 3752 esse
3125 3713 3410 3767 passurum
3431 3737 3446 3763 ,
3471 3706 3527 3752 et
3558 3712 3656 3766 per
3697 3714 3785 3753 se-

2198 3789 2374 3860 ipsum
2407 3797 2465 3844 et
2499 3803 2598 3860 per
2638 3789 3025 3859 prophetarum
3061 3804 3284 3844 suorum
3323 3804 3421 3844 ora
3461 3787 3621 3858 longe
3655 3799 3785 3844 ante

2198 3881 2544 3950 prmdixerat.
2587 3879 2892 3936 Notandum
2916 3893 3050 3934 vero
3079 3880 3223 3950 quod
3259 3879 3349 3934 hic
3383 3879 3636 3934 introitus
3666 3879 3786 3948 ejus

2200 3974 2258 4027 in
2302 3971 2641 4027 Hierusalem
2681 3978 2812 4027 ante
2861 3971 3100 4040 quinque
3141 3970 3259 4027 dies
3290 3969 3550 4036 Pascitur,
3585 3971 3638 4024 in
3672 3987 3784 4041 quo

2200 4061 2520 4134 mysterium
2541 4069 2902 4118 sacrosancta
2922 4061 3190 4132 passionis
3213 4077 3324 4116 suae
3349 4061 3572 4131 implere
3600 4061 3788 4116 dcere-

2200 4163 2387 4220 verat,
2410 4154 2586 4210 iactus
2616 4163 2724 4211 est.
2762 4153 2961 4210 Narrat
2993 4156 3136 4211 enim
3171 4153 3444 4220 Joannes,
3479 4154 3623 4225 quod
3657 4165 3789 4209 ante

2202 4263 2297 4304 sex
2324 4248 2440 4304 dies
2486 4246 2712 4302 Pascltte
2755 4247 2967 4303 venerit
3013 4246 3364 4312 Bethaniam,
3411 4246 3504 4300 ubi
3535 4237 3693 4302 creua
3737 4246 3788 4301 ei

2203 4339 2345 4395 facta
2376 4348 2432 4395 et
2461 4339 2925 4395 discumbentibus
2949 4340 3137 4396 multis
3155 4381 3170 4405 ,
3196 4355 3356 4396 soror
3388 4340 3581 4396 Lazari
3618 4339 3790 4394 Maria

525 4425 807 4482 llebra-um
842 4433 958 4493 est,
994 4434 1050 4480 et
1083 4424 1381 4497 significat,
1418 4426 1564 4496 quod
1602 4427 1863 4482 adventus
1899 4427 2100 4484 Christi
2127 4493 2173 4505 Ἀ
2203 4446 2329 4487 eum
2367 4442 2644 4504 unguento
2670 4435 2904 4505 mystico
2933 4433 3266 4504 perfuderit,
3298 4443 3461 4502 atque
3495 4434 3548 4489 in
3588 4434 3792 4488 crasti—

522 4514 668 4570 salus
692 4514 877 4568 mundi
905 4514 995 4569 sit.
1025 4513 1180 4569 Unde
1203 4522 1260 4569 et
1284 4516 1566 4584 sequitur:

593 4603 906 4659 Benedictus
929 4643 944 4670 ,
979 4605 1066 4675 qui
1103 4615 1348 4661 venturus
1385 4615 1464 4660 est
1501 4606 1555 4657 in
1597 4608 1805 4660 nomine
1843 4607 2098 4663 Domini:

528 4693 808 4751 Salvatore
835 4710 1053 4765 quoque
1081 4696 1312 4766 idipsum
1342 4696 1396 4749 in
1423 4696 1715 4766 Evangelia
1739 4700 2099 4768 comproban-

525 4796 575 4840 te
605 4804 616 4838 :
645 4785 758 4856 Ego
788 4785 902 4838 veni
928 4785 982 4838 in
1009 4786 1218 4840 nomine
1246 4783 1425 4839 Patris
1459 4788 1560 4840 mei
1578 4827 1592 4853 ,
1627 4796 1674 4842 et
1709 4804 1813 4842 non
1848 4805 1930 4843 me
1962 4807 2103 4844 rece-

521 4878 671 4933 uistis
701 4896 713 4931 :
747 4877 884 4932 alius
917 4879 1079 4932 ueniet
1114 4880 1170 4932 in
1207 4881 1415 4934 nomine
1449 4897 1575 4947 suo,
1611 4891 1668 4937 et
1700 4883 1955 4954 recipietis
1981 4899 2100 4939 eum

523 4969 727 5042 (Joan.
758 4970 842 5042 v).
875 4960 1101 5044 [ϐιῳ]
1131 4972 1211 5027 Ab
1240 4972 1356 5042 ipso
1381 4973 1526 5027 enim
1557 4975 1783 5028 salutem
1809 4984 1864 5030 et
1887 4976 2099 5044 priores

523 5078 634 5132 qua
646 5062 854 5121 sierunt
872 5048 928 5117 et
946 5069 1240 5132 praesentes
1263 5069 1546 5132 quaerunt,
1569 5071 1624 5116 et
1642 5062 1982 5118 benedictum
2005 5065 2098 5135 qui

525 5155 664 5210 venit
693 5155 746 5208 in
772 5154 988 5209 nomine
1032 5153 1244 5210 Domini
1288 5153 1633 5220 conﬁtentur,
1681 5156 1936 5224 quoniam
1985 5172 2094 5211 una

524 5261 668 5316 spes,
698 5261 802 5300 una
834 5246 965 5301 ﬁdes
991 5251 1074 5301 est
1098 5242 1515 5316 prmcedentium
1556 5255 1720 5315 atque
1760 5247 2100 5316 sequentium

523 5337 862 5409 populorum.
908 5336 1043 5391 Nam
1089 5337 1229 5392 sicut
1274 5337 1350 5390 illi
1392 5345 1701 5407 exspectata
1745 5338 1997 5409 passione
2037 5352 2101 5392 ac

528 5429 922 5484 resurrectione
941 5427 1056 5496 ejus
1077 5429 1252 5492 sanati
1277 5436 1432 5493 sunt,
1461 5429 1536 5482 ita
1561 5444 1658 5484 nos
1683 5430 1956 5498 praeterita
1982 5445 2102 5500 pns-

525 5521 678 5576 sione
711 5521 852 5576 illius
891 5536 956 5576 ac
981 5530 1335 5591 permanente
1375 5522 1429 5576 in
1473 5522 1666 5578 szecula
1707 5524 2102 5579 resurrectione

527 5611 819 5666 solvamur.
849 5612 1020 5678 Quem
1046 5613 1192 5668 enim
1220 5613 1431 5684 priores
1454 5615 1624 5670 nostri
1647 5628 1714 5668 ex
1738 5612 1964 5672 Iudaico
1999 5630 2098 5685 po-

526 5704 654 5770 pulo
681 5705 1027 5761 crediderunt
1055 5715 1215 5778 atque
1249 5717 1563 5763 amaverunt
1590 5715 1908 5776 venturum,
1955 5707 2098 5764 hunc

2125 4493 2180 4556 D
2205 4515 2334 4579 num
2381 4493 2536 4579 asino
2583 4493 2806 4590 sederis,
2853 4493 3106 4582 obviante
3150 4493 3272 4582 cum
3315 4493 3510 4594 palmis
3551 4523 3790 4592 plurima

2205 4614 2394 4679 turba,
2421 4615 2634 4670 venerit
2661 4615 3093 4686 Hierosolymam
3130 4613 3330 4687 (Joan.
3358 4630 3434 4670 ιιι
3456 4614 3498 4683 ).
3539 4613 3644 4670 Ubi
3679 4631 3792 4668 non

2204 4706 2579 4776 praetereunda
2609 4706 2812 4761 mentio
2836 4713 2924 4762 est
2950 4721 3057 4762 non
3085 4715 3292 4762 tantum
3315 4707 3664 4762 concordiam
3698 4722 3791 4761 re-

2206 4795 2339 4860 bus,
2387 4811 2576 4851 verum
2618 4797 2784 4851 etiam
2828 4797 2882 4851 in
2929 4797 3261 4867 temporibus
3289 4797 3502 4852 Veteris
3549 4808 3608 4851 et
3655 4797 3788 4852 Novi

2209 4885 2574 4954 Testamenti,
2608 4887 2814 4943 umbrae
2841 4895 2897 4943 et
2925 4888 3170 4942 veritatis
3189 4927 3205 4953 ,
3233 4887 3368 4958 legis
3395 4896 3454 4943 ct
3484 4888 3787 4958 Evangelii.

2204 4978 2478 5048 Scriptum
2523 4994 2758 5050 namque
2799 4979 2854 5034 in
2898 4978 3014 5050 lege
3052 4987 3169 5044 est,
3205 4981 3422 5037 dicente
3458 4981 3688 5036 Domino
3722 4982 3789 5034 ad

2203 5070 2422 5142 Moysen
2459 5078 2513 5126 et
2541 5071 2686 5126 Aron
2714 5089 2727 5124 :
2772 5069 2967 5126 Mensis
2999 5073 3096 5127 iste
3121 5073 3261 5126 vobis
3289 5072 3604 5142 principium
3636 5089 3786 5128 men-

2199 5163 2360 5227 sium,
2383 5162 2580 5232 primus
2603 5162 2700 5217 erit
2722 5163 2776 5216 in
2799 5162 3058 5217 mensibus
3081 5163 3225 5217 anni.
3248 5163 3543 5233 Loquimini
3565 5164 3639 5216 ad
3663 5164 3785 5216 uni-

2204 5273 2406 5312 tersum
2434 5267 2620 5312 cretum
2655 5256 2883 5325 ﬁliorum
2914 5256 3119 5321 Israel,
3151 5266 3199 5311 et
3229 5255 3391 5310 dicite
3417 5255 3532 5309 eis:
3562 5253 3784 5309 Decima

2203 5348 2290 5402 die
2317 5349 2508 5402 mensis
2533 5348 2690 5418 hujus
2719 5348 2866 5402 tollat
2899 5349 3254 5419 unusquisque
3285 5363 3476 5417 agnum
3507 5363 3600 5416 per
3629 5347 3787 5416 {anti-

2205 5439 2304 5493 lias
2331 5449 2378 5494 et
2405 5440 2592 5494 domos
2621 5457 2764 5494 suas.
2797 5440 2863 5494 Et
2891 5438 3049 5508 paulo
3079 5444 3200 5508 post
3224 5457 3237 5492 :
3271 5436 3340 5491 Et
3368 5437 3643 5492 seruabitis
3667 5452 3786 5489 eum

2207 5544 2366 5597 usque
2395 5529 2462 5582 ad
2488 5539 2732 5599 quat-tant
2761 5528 3017 5583 decimam
3049 5528 3190 5583 diem
3226 5527 3419 5582 mensis
3457 5526 3615 5595 hujus
3635 5565 3650 5590 ,
3682 5525 3785 5577 im-

2203 5617 2517 5689 molabitque
2544 5637 2663 5674 eum
2691 5621 2932 5675 universa
2959 5619 3239 5673 multitudo
3261 5616 3494 5687 ﬁliorum
3516 5614 3686 5669 Israel
3713 5611 3792 5665 ad

2203 5726 2468 5779 vesperam
2495 5709 2514 5779 (
2541 5709 2715 5766 Exod.
2745 5727 2820 5766 xu
2841 5711 2882 5783 ).
2913 5710 3131 5766 Decima
3156 5723 3286 5780 ergo
3309 5707 3398 5764 die
3434 5705 3641 5762 mensis
3671 5702 3790 5776 pri-
