4002 6188
259 371 393 427 ill-il

1215 357 1572 418 COMMENT.
1611 357 1686 415 IN
1721 354 2158 413 MATTHAZUM.
2199 385 2269 396 ——
2307 353 2435 410 LIB.
2479 354 2564 410 Vl.

3398 360 3531 418 1032

257 485 332 541 mi
349 523 366 550 ,
391 497 564 554 agnus
588 481 679 550 qui
707 479 764 536 in
782 479 992 534 Pascha
1020 475 1412 540 immolaretur,
1438 475 1656 530 domum
1681 472 1848 527 int'ro-
1873 475 1924 536 Α
1951 470 2124 526 neratl
2156 478 2334 531 erant,
2367 483 2466 539 pro
2491 468 2672 524 usuris
2709 467 3046 538 accipiebant
3087 467 3266 524 varias
3300 471 3534 539 species.

256 575 387 630 duci
417 574 616 629 missus
639 580 755 636 est,
782 569 908 638 quia
943 576 1003 623 et
1038 567 1302 622 Dominus
1333 564 1545 620 decima
1583 564 1671 619 die
1704 561 1848 630 ejus-

259 668 386 722 dem
425 665 658 728 mensis,
700 663 751 716 id
793 669 909 726 est,
951 667 1076 715 ante
1103 659 1346 729 quinque
1382 657 1499 712 dies
1532 655 1754 711 Pascha:
1794 655 1848 709 in

259 758 577 819 civitatem,
624 754 678 808 in
723 767 829 822 qua
873 758 1170 822 pateretur,
1215 757 1336 803 erat
1380 749 1744 818 ingressurus.
1783 745 1850 800 Et

261 848 406 904 sicut
429 859 600 915 agnus
621 841 689 899 de
715 851 830 898 toto
855 855 1015 912 grege
1050 839 1255 894 electus
1289 845 1500 894 certum
1539 852 1651 891 sua:
1691 833 1851 889 victi-

265 935 521 990 motionis
555 933 696 989 diem
731 931 1112 1002 exspectabat,
1146 929 1221 984 ita
1259 937 1316 983 et
1350 927 1611 983 Dominus
1664 926 1854 996 conju-

267 1036 420 1082 rante
440 1027 722 1081 adversum
748 1041 805 1080 se
827 1023 974 1078 omni
1000 1022 1272 1077 seniorum
1299 1029 1355 1076 et
1377 1019 1700 1090 principium
1724 1033 1855 1074 con-

267 1118 394 1174 cilio
431 1124 619 1172 certus
655 1114 1067 1184 prmstolabatur
1097 1113 1322 1178 horam,
1365 1113 1420 1167 in
1463 1127 1571 1181 qua
1615 1111 1854 1181 seipsum

268 1225 367 1279 pro
392 1208 562 1263 salute
592 1207 776 1260 mundi
799 1205 1126 1260 oblationem
1157 1205 1267 1259 Deo
1292 1213 1348 1258 et
1375 1205 1610 1259 hostiam
1639 1203 1692 1257 in
1719 1206 1854 1258 odo-

272 1315 386 1355 rem
431 1297 712 1352 suavitatis
748 1295 990 1350 oll'errct.
1036 1295 1425 1349 lmmolabatur
1457 1309 1630 1365 agnus
1663 1301 1856 1362 quarta

266 1389 479 1444 decima
518 1387 605 1440 die
639 1385 798 1455 primi
829 1384 1033 1439 mensis
1062 1383 1130 1438 ad
1158 1398 1463 1452 vesperam.
1499 1383 1565 1436 Et
1598 1381 1856 1437 Dominus

267 1479 460 1532 eadem
503 1477 637 1532 hora
673 1491 872 1546 agnum
912 1491 1036 1530 cum
1069 1474 1346 1544 discipulis
1376 1473 1740 1537 manducans,
1765 1471 1858 1527 ubi

272 1571 463 1642 legalis
498 1571 724 1626 Pascha:
757 1571 977 1625 decreta
1017 1569 1337 1638 complevit,
1365 1583 1618 1640 egressus
1641 1575 1724 1624 est
1749 1575 1861 1623 sta-

274 1663 370 1716 tim
409 1678 531 1717 cum
559 1662 640 1717 eis
668 1661 736 1716 ad
765 1661 942 1716 locum
970 1659 1237 1715 orationis
1255 1699 1270 1724 ,
1311 1659 1401 1713 ubi
1431 1659 1860 1730 comprehensus

271 1760 329 1805 et
354 1751 553 1821 ligatus
580 1766 609 1804 a
635 1750 836 1806 Judaeis
853 1750 967 1820 jam
994 1759 1336 1805 sacramenta
1363 1749 1540 1805 beatae
1566 1765 1678 1806 sua:
1702 1749 1861 1804 victi-

273 1842 535 1896 tnationis
562 1841 862 1896 inchoaret.

346 1946 457 2020 [IL]
487 1948 548 2000 Et
573 1947 810 2017 ejicieltat
838 1964 1014 2002 omnes
1029 1947 1300 2002 uendentes
1325 1956 1373 2002 et
1400 1955 1622 2002 ementes
1648 1945 1702 2000 in
1728 1955 1858 1999 tem-

269 2039 380 2110 plo,
410 2049 457 2094 et
488 2056 694 2094 mensas
719 2040 1216 2105 nummulariorum,
1258 2049 1308 2094 et
1339 2040 1619 2093 cathedras
1639 2041 1862 2094 uenden-

271 2133 408 2184 tium
453 2130 721 2185 columbas
762 2132 966 2196 evertit,
1016 2141 1064 2185 et
1111 2132 1236 2186 dicit
1266 2132 1339 2186 eis
1369 2146 1390 2209 I:
1420 2130 1686 2203 Scriptum
1735 2143 1811 2187 est
1842 2151 1861 2190 :

271 2227 478 2280 Domus
504 2242 620 2278 mea
657 2225 844 2279 domus
872 2226 1128 2281 orationis
1148 2226 1440 2292 vocabitur,
1470 2243 1557 2281 vos
1582 2235 1755 2280 autent
1787 2226 1865 2296 fe-

276 2317 423 2370 cistis
451 2314 598 2369 illam
621 2315 923 2386 speluncam
952 2313 1240 2370 latronum.
1265 2315 1535 2386 (Hier-om)
1565 2315 1866 2371 Comitatus

277 2407 434 2465 Jcsus
451 2409 604 2463 turba
619 2409 976 2474 credentium,
995 2425 1117 2480 qua:
1137 2410 1457 2466 vestimenta
1484 2425 1602 2476 sua,
1624 2419 1686 2464 ut
1700 2409 1866 2466 illazso

277 2500 416 2570 pede
431 2500 609 2569 pullus
631 2499 924 2567 incederet,
942 2507 1230 2565 straverat,
1251 2500 1554 2571 ingreditur
1579 2502 1861 2572 templum,

275 2598 339 2644 et
362 2588 517 2658 ejecit
533 2605 728 2646 omnes
750 2591 844 2660 qui
871 2591 1253 2646 vendebantet
1291 2589 1545 2646 emebant
1567 2592 1619 2647 in
1644 2593 1864 2663 templo,

283 2697 501 2737 mensas
529 2682 1014 2738 nummulariorum
1035 2683 1323 2750 subvertit,
1347 2691 1406 2740 ct
1428 2685 1718 2740 cathedras
1738 2700 1871 2740 ven-

1948 560 2178 630 utquod
2215 559 2270 614 in
2299 574 2522 614 nummo
2549 575 2657 614 non
2689 559 2925 623 licebat,
2951 559 3007 612 in
3034 560 3120 614 his
3149 561 3310 614 rebus
3347 561 3530 632 exige-

1951 660 2092 716 rent,
2119 667 2242 720 qute
2264 653 2502 706 nummis
2523 660 2847 707 coemuntur
2879 673 2890 706 :
2923 653 3078 722 quasi
3100 667 3208 708 non
3230 653 3334 708 hoc
3356 654 3532 724 ipsum

1951 743 2198 798 Ezechiel
2224 743 2560 813 praecavet-it,
2606 743 2833 798 dicens:
2865 741 3091 798 Usuram
3125 755 3175 799 et
3213 747 3536 815 superabun-

1950 835 2186 889 dantiam
2212 851 2316 888 non
2338 835 2599 904 accipietis
2631 833 2846 905 (Ezech.
2872 835 3047 907 xvut).
3079 835 3240 892 istius
3267 837 3409 892 modi
3434 837 3536 892 Do-

1953 928 2132 982 minus
2168 942 2397 982 cernens
2429 927 2482 980 in
2528 929 2687 984 domo
2729 927 2909 982 Patris
2951 929 3394 998 negotiationem,
3441 945 3535 985 seu

1954 1017 2298 1073 latrocinium
2337 1019 2528 1073 ardore
2575 1019 2797 1087 spiritus
2839 1020 3162 1085 concitatus,
3201 1019 3357 1089 juxta
3395 1022 3539 1090 quod

1954 1110 2218 1179 scriptum
2255 1117 2342 1164 est
2382 1109 2436 1164 in
2477 1109 2816 1180 sexagesimo
2850 1119 3044 1165 octavo
3082 1112 3293 1181 psalmo
3333 1130 3346 1166 :
3378 1111 3538 1169 Zelus

1953 1202 2142 1257 domus
2177 1212 2284 1256 tua:
2313 1201 2532 1256 comedit
2573 1219 2676 1265 me,
2723 1200 2853 1257 fecit
2898 1202 3000 1257 sibi
3037 1201 3305 1274 ﬂagellum
3335 1219 3368 1259 e
3395 1203 3540 1258 funi-

1958 1293 2112 1358 culis,
2156 1302 2214 1348 et
2263 1302 2470 1348 tantam
2508 1293 2789 1348 hominum
2840 1294 3238 1350 multitudinem
3278 1294 3440 1364 ejeeit
3476 1295 3542 1350 de

1957 1385 2188 1455 templo,
2237 1385 2426 1440 dicens
2456 1403 2470 1439 :
2501 1385 2769 1456 Scriptum
2810 1397 2887 1441 est
2920 1401 2938 1438 :
2966 1387 3166 1442 Domus
3203 1405 3321 1442 mea
3355 1388 3544 1442 domus

1959 1479 2211 1532 orationis
2238 1479 2533 1545 vocabitur,
2563 1495 2653 1533 vos
2681 1479 3040 1548 fecistlsillam
3061 1480 3360 1551 speluncam
3383 1480 3547 1534 latro-

1960 1585 2106 1624 num.
2140 1568 2307 1625 Latro
2331 1571 2477 1626 enim
2511 1581 2614 1638 est,
2645 1581 2702 1626 et
2746 1572 3000 1643 templum
3031 1573 3128 1627 Dei
3178 1573 3233 1628 in
3274 1574 3543 1629 latronum

1958 1661 2230 1716 convertit
2254 1662 2591 1732 speluncam,
2619 1663 2709 1733 qui
2735 1663 2883 1718 lucra
2911 1664 2977 1718 de
3001 1665 3257 1735 religione
3281 1672 3544 1728 sectatur,

1959 1750 2245 1822 cultusque
2258 1751 2376 1823 ejus
2399 1767 2505 1807 non
2530 1760 2638 1806 tam
2661 1753 2839 1808 cultus
2860 1752 2954 1807 Dei
2985 1767 3148 1821 quam
3167 1753 3548 1822 negotiationis

1886 1837 1935 1896 Β
1961 1842 2178 1897 occasio
2214 1851 2320 1898 est.
2365 1843 2480 1898 Hoc
2511 1841 2667 1911 juxta
2699 1843 3005 1898 historiam.
3048 1842 3315 1899 Caeterum
3355 1859 3550 1899 secun-

1961 1933 2091 1988 dum
2129 1934 2389 2006 mysticos
2435 1933 2737 1989 intellectus
2775 1935 3018 2005 quotidie
3051 1933 3211 1990 Jesus
3248 1935 3548 2006 ingreditur

1961 2022 2220 2093 templum
2248 2024 2438 2091 Patris,
2481 2031 2536 2078 et
2562 2023 2710 2093 ejicit
2731 2039 2922 2079 omnes
2950 2033 3060 2078 tam
3086 2025 3370 2094 episcopos
3386 2039 3548 2094 quam

1961 2115 2311 2185 presbyteros
2333 2154 2348 2179 ,
2381 2125 2438 2172 et
2465 2115 2724 2170 diaconos
2747 2129 2910 2184 quam
2940 2115 3129 2180 laicus,
3159 2123 3214 2170 et
3240 2115 3550 2169 universam

1965 2203 2178 2258 turbam
2204 2203 2271 2258 de
2296 2201 2560 2268 Ecclesia,
2593 2211 2648 2258 et
2672 2203 2834 2258 unius
2863 2203 3111 2259 criminis
3134 2203 3298 2258 habet
3317 2203 3553 2258 venden-

1964 2301 2049 2348 tes
2075 2300 2130 2347 et
2159 2301 2402 2349 ementes
2435 2293 2681 2363 pariter;
2723 2293 2986 2364 scriptum
3017 2301 3105 2350 est
3131 2295 3276 2350 enim
3316 2313 3332 2348 ι
3373 2293 3554 2350 Gratis

1964 2389 2259 2460 accepistis,
2302 2389 2470 2460 gratis
2489 2388 2631 2444 date.
2669 2388 2884 2446 Mensas
2913 2403 3129 2460 quoque
3166 2389 3556 2446 nummulario-

1965 2497 2087 2536 rum
2113 2481 2397 2537 subvertit.
2451 2481 2690 2538 Observa
2720 2490 2944 2552 propter
2973 2481 3263 2537 avaritiam
3297 2481 3552 2536 sacerdo-

1969 2579 2085 2626 tum
2127 2572 2319 2627 altaria
2364 2571 2461 2628 Dei
2489 2572 2975 2628 nummulariorum
3017 2587 3235 2628 mensas
3268 2571 3550 2643 appellari.

1966 2664 2269 2722 Cathedras
2312 2667 2660 2722 vendentium
2701 2665 2983 2722 columbas
3031 2666 3249 2732 evertit,
3291 2666 3384 2735 qui
3422 2681 3553 2720 ven-

281 2773 528 2828 dentium
564 2772 842 2828 columbas
883 2772 1184 2842 dissipavit,
1215 2773 1460 2843 dixitque
1501 2773 1584 2829 eis
1619 2774 1685 2830 de
1725 2774 1864 2830 Scri-
1969 2759 2106 2814 dum
2146 2759 2374 2830 εταιῖθω
2421 2760 2594 2816 sane“
2633 2759 2884 2830 spiritus:
2932 2767 2989 2816 ει
3025 2759 3210 2815 omnia
3252 2758 3457 2814 (“dum
3499 2765 3557 2811 ιη

283 2863 459 2929 pluris
507 2862 712 2916 sanctis
757 2861 1125 2917 testimonium
1160 2861 1460 2932 proferens,
1499 2864 1641 2933 quod
1677 2865 1869 2920 domus

1975 2850 2248 2920 subjectos
2272 2852 2496 2922 populos
2531 2852 2821 2919 devorent;
2860 2853 2926 2908 de
2949 2851 3146 2922 quibus
3173 2851 3372 2906 dicitur
3402 2867 3415 2903 :
3449 2847 3555 2914 Qui

279 2946 465 3002 Patris
502 2946 621 3015 ejus
648 2947 916 3002 orationis
953 2947 1147 3002 domus
1178 2962 1300 3003 esse
1327 2947 1572 3015 deberet,
1611 2963 1718 3004 non
1753 2964 1873 3020 ερο-
1974 2943 2219 2998 devorant
2245 2943 2493 3014 populum
2507 2960 2678 2999 meum
2699 2945 2832 2999 sicut
2853 2959 3024 2999 escam
3041 2942 3194 3014 panis
3218 2938 3554 3014 (Psal.xm).

287 3037 448 3092 lunca
475 3038 769 3103 latronum,
798 3037 884 3092 vel
914 3038 1105 3094 domus
1130 3039 1535 3109 negotiationis,
1566 3041 1706 3099 sicut
1725 3050 1782 3096 et
1817 3041 1871 3096 in
1971 3033 2135 3090 Juxta
2174 3033 2474 3105 simplicem
2504 3035 2914 3106 intelligentiam
2950 3033 3214 3090 columbae
3254 3047 3361 3088 non
3399 3041 3555 3087 erant

283 3130 394 3184 alio
420 3129 751 3199 evangelista
779 3129 1035 3198 loquitur.
1071 3130 1136 3184 Et
1170 3131 1275 3186 hoc
1303 3132 1537 3202 primum
1567 3131 1867 3200 sciendum,
1902 3187 1942 3202 Α
1979 3124 2033 3179 in
2063 3125 2357 3191 cathedris,
2381 3125 2476 3180 sed
2497 3125 2552 3180 in
2579 3127 2848 3192 cavernis,
2880 3125 2986 3181 nisi
3018 3123 3158 3180 forte
3177 3123 3546 3180 columbarum

283 3187 603 3289 quodjuxih
633 3187 886 3273 mandata
917 3218 1074 3290 legis,
1107 3187 1490 3292 augustissimo
1523 3223 1578 3277 in
1602 3187 1870 3280 totoorbe
1896 3187 1942 3250 Ο
1975 3219 2250 3276 institores
2289 3187 2548 3277 sedebant
2589 3221 2644 3276 in
2686 3187 2980 3286 cathedris,
3022 3218 3166 3290 quod
3207 3218 3423 3288 penitus
3464 3217 3561 3272 ab-

284 3310 492 3380 templo
536 3310 768 3376 Domini,
801 3320 859 3365 et
904 3311 972 3367 de
1009 3313 1222 3368 cunctis
1250 3328 1390 3383 pene
1426 3314 1746 3386 regionibus
1779 3316 1873 3373 Ju-

281 3401 529 3454 dteorum
571 3399 695 3454 illuc
731 3400 927 3471 populo
971 3403 1276 3458 conﬂuente
1314 3404 1740 3464 innumerabiles
1778 3409 1875 3465 im-

287 3489 639 3545 molabantur
672 3490 880 3556 hostiae,
927 3500 984 3546 et
1030 3493 1264 3548 maxime
1301 3493 1454 3550 festis
1497 3495 1711 3563 diebus,
1762 3506 1876 3553 tau-

287 3593 497 3642 rorum,
546 3579 807 3643 arietum,
857 3587 915 3635 ct
955 3581 1249 3637 hircorum.
1301 3582 1747 3654 Panperioribus,
1804 3603 1874 3645 ne

286 3669 498 3738 absque
521 3667 789 3724 sacriﬁcio
809 3678 1016 3734 essent,
1033 3670 1210 3741 pullos
1224 3673 1597 3730 columbarum
1619 3686 1675 3731 et
1701 3685 1896 3733 turtu-'

291 3773 385 3812 res
403 3755 772 3824 oli'erentibus,
788 3760 1073 3817 accidebat
1089 3762 1432 3835 plerumque,
1446 3775 1509 3820 ut
1523 3767 1616 3837 qui
1633 3769 1699 3824 de
1719 3768 1877 3838 longe

293 3856 576 3912 venerant,
629 3865 737 3904 non
783 3851 1049 3908 haberent
1090 3853 1360 3910 victimas.
1422 3857 1878 3927 Excogitaverunt

296 3938 462 4008 igitur
491 3940 834 4008 sacerdotes,
869 3943 1142 4012 quomodo
1172 3947 1410 4016 pristiam
1453 3949 1520 4004 de
1547 3951 1764 4020 populis
1791 3951 1876 4008 fa-

278 4042 508 4099 cerent,
543 4041 600 4089 et
629 4035 811 4089 omnia
839 4036 1117 4103 animalia,
1158 4039 1356 4108 quibus
1389 4055 1526 4112 opus
1551 4052 1670 4098 erat
1697 4043 1766 4097 ad
1793 4058 1880 4099 sa-

296 4123 528 4189 criﬁcia,
555 4125 879 4193 vendebant,
909 4135 969 4182 ut
990 4135 1046 4183 et
1073 4129 1370 4186 venderent
1396 4147 1503 4186 non
1527 4132 1876 4201 habentibus,

292 4224 356 4269 et
396 4214 498 4284 ipsi
543 4231 757 4271 rursum
804 4226 985 4287 empta
1026 4220 1380 4290 susciperent.
1418 4221 1568 4280 Hauc
1596 4226 1879 4296 stropham

293 4319 486 4359 eorum
511 4307 704 4361 crebro
730 4307 1057 4362 venientium
1093 4309 1270 4381 inopia
1310 4311 1647 4382 dissipabat,
1677 4315 1771 4385 qui
1800 4315 1882 4370 in-

1972 3309 2198 3364 surdum
2230 3317 2349 3374 est,
2384 3309 2511 3378 quia
2555 3310 2607 3364 in
2650 3308 2927 3364 cathedris
2971 3308 3351 3378 magistrorum
3386 3304 3556 3376 magis

1973 3399 2210 3470 dignitas
2237 3400 2527 3456 indicatur.
2553 3399 2685 3468 Quae
2716 3399 2901 3470 utique
2923 3400 2990 3454 ad
3019 3399 3246 3453 nihilum
3272 3397 3556 3468 redigitur,

1975 3504 2099 3544 cum
2143 3490 2303 3546 mista
2352 3490 2514 3548 fuerit.
2572 3491 2759 3547 lucris.
2812 3489 3019 3563 (Greg.)
3068 3489 3170 3558 Qui
3206 3497 3388 3545 autem
3434 3498 3560 3544 sunt

1975 3581 2030 3636 in
2059 3582 2258 3652 templo
2283 3582 2380 3637 Dei
2407 3583 2587 3646 hodie,
2609 3584 2702 3652 qui
2729 3582 3012 3638 columbas
3037 3581 3296 3646 vendunt,
3337 3581 3440 3636 nisi
3463 3583 3555 3650 qui

1976 3670 2032 3724 in
2062 3671 2300 3726 Ecclesia
2325 3671 2560 3740 pretium
2589 3662 2656 3725 de
2679 3669 3019 3738 impositione
3048 3683 3241 3724 manus
3265 3669 3557 3740 accipiunt,

1976 3774 2075 3828 per
2117 3774 2282 3828 quam
2325 3760 2576 3815 videlicet
2616 3760 3016 3830 impositionem
3065 3759 3299 3830 Spiritus
3338 3771 3558 3817 sanctus

1977 3848 2192 3904 caelitus
2213 3849 2408 3904 datur?
2433 3849 2692 3906 Columba
2721 3850 2888 3921 igitur
2910 3851 3182 3918 venditur,
3213 3851 3337 3922 quia
3366 3868 3557 3910 manus

1980 3941 2285 4012 impositio,
2319 3957 2419 4012 per
2447 3957 2610 4014 quam
2642 3942 2878 4014 Spiritus
2906 3951 3131 3999 sanctus
3166 3944 3452 4014 accipitur,
3492 3945 3560 3999 ad

1975 4031 2213 4102 pretium
2257 4033 2548 4102 prtcbetur.
2597 4032 2708 4089 Sed
2745 4033 3076 4104 Redemptor
3111 4033 3402 4089 cathedras
3438 4049 3564 4089 ven-

1981 4123 2222 4178 dentium
2242 4123 2520 4180 columbas
2540 4125 2765 4190 evertit,
2788 4125 2913 4195 quia
2949 4125 3135 4180 talium
3162 4125 3558 4195 negotiatorum

1979 4215 2346 4273 sacerdotium
2391 4217 2641 4272 destruit.
2681 4217 2816 4274 Hinc
2853 4227 2939 4274 est
2973 4218 3115 4288 quod
3149 4217 3291 4272 sacri
3321 4230 3559 4273 canones

1979 4308 2347 4366 Simoniacam
2392 4309 2640 4385 haeresim
2678 4311 2968 4375 damnant,
3018 4318 3076 4365 et
3119 4323 3214 4364 eos
3261 4309 3563 4364 sacerdotio

293 4395 556 4465 digebant
593 4399 927 4468 sumptibus,
961 4409 1021 4456 et
1055 4417 1165 4458 non
1197 4403 1370 4461 solum
1397 4405 1605 4462 hostias
1630 4422 1742 4463 non
1783 4407 1882 4464 ha-
1977 4401 2184 4473 pn'vari
2211 4401 2554 4472 praecutiunt,
2582 4402 2676 4472 qui
2709 4402 2776 4458 de
2803 4401 3093 4474 largiendis
3119 4401 3404 4459 ordinibus
3431 4417 3559 4472 pre-

295 4486 518 4550 bebant,
561 4485 658 4594 sed
679 4503 768 4594 ipe
805 4490 945 4546 unde
970 4502 1220 4550 emerent
1248 4495 1465 4565 quidem
1493 4512 1623 4554 aves
1655 4507 1712 4554 et
1753 4499 1880 4554 vim
1906 4531 1960 4594 Β
1985 4491 2120 4546 tium
2139 4500 2413 4591 quaerunt.
2441 4491 2872 4594 Euthedraoergp
2905 4493 3251 4549 vendentium
3279 4493 3559 4549 columbas

296 4575 640 4631 munuscula.
679 4577 983 4636 Posuerunt
1015 4581 1198 4652 itaque
1233 4593 1291 4640 et
1329 4587 1744 4655 nummularius,
1787 4589 1869 4659 qui

1985 4578 2265 4645 evertitur,
2291 4579 2417 4649 quia
2446 4579 2502 4634 hi
2528 4579 2622 4650 qui
2648 4579 2947 4652 spiritalem
2972 4581 3202 4651 gratiam
3230 4581 3561 4644 renuntiant,

297 4672 543 4719 mutuam
602 4666 703 4721 sub
751 4667 854 4723 hac
888 4669 1138 4725 cautione
1177 4671 1370 4727 darent
1421 4675 1725 4744 pecuniam.
1775 4675 1883 4734 Sed

296 4755 431 4826 quia
477 4763 597 4810 erat
649 4755 764 4828 lege
813 4770 1141 4830 praceptum
1193 4760 1381 4834 (lavit.
1426 4765 1581 4837 xxv),
1621 4777 1684 4824 ut
1722 4782 1884 4826 nemo

297 4863 498 4903 usuras
537 4850 824 4920 acciperet,
866 4859 922 4907 et
961 4855 1219 4924 prodesse
1256 4872 1361 4912 non
1404 4867 1617 4927 poterat
1655 4863 1881 4932 pecunia

301 4937 567 5003 fenerata,
604 4956 727 5012 qua:
753 4943 1023 4999 commodi
1061 4945 1194 5000 nihil
1230 4948 1490 5016 haberet,
1523 4959 1578 5006 et
1607 4952 1879 5012 interdum

299 5037 508 5086 sortem
532 5032 816 5100 perderet,
847 5035 1289 5104 excogitaverunt
1316 5046 1373 5093 et
1399 5039 1562 5095 aliam
1593 5043 1842 5100 technam
1863 5085 1880 5110 ,

282 5131 366 5200 .ut
393 5138 492 5193 pro
515 5123 888 5180 nummulariis
916 5127 1226 5196 collybistas
1250 5126 1494 5184 facerent
1512 5169 1528 5196 ,
1552 5129 1705 5200 cujus
1730 5133 1882 5189 verbi

303 5213 692 5283 proprietatem
717 5213 906 5270 Latina
935 5216 1114 5287 lingua
1149 5233 1254 5272 non
1279 5219 1553 5290 exprimit.
1586 5221 1773 5280 Graiae
1799 5224 1884 5280 di-

303 5306 450 5362 citur
471 5315 571 5364 τῶν
596 5309 942 5366 κολλυϐιστῶν
973 5313 1141 5384 ἐξέχει
1165 5313 1224 5368 τὸ
1261 5314 1422 5390 κέρμα
1439 5354 1453 5378 ,
1487 5314 1538 5370 id
1560 5323 1674 5381 est,
1704 5316 1876 5387 colly-

303 5397 567 5454 bistarum
602 5399 762 5471 ejecit
800 5403 1107 5473 pecuniam.
1141 5405 1388 5468 nauseo;
1418 5406 1498 5462 vel
1541 5409 1768 5471 κόλλιϐος
1794 5409 1876 5466 di-

305 5501 506 5546 cuntur
545 5495 686 5564 apud
709 5510 823 5563 eos,
853 5510 975 5566 qua:
1014 5512 1112 5552 nos
1136 5497 1470 5568 appellamus
1498 5499 1582 5554 vel
1606 5500 1732 5556 vilia
1767 5516 1884 5558 mu-

309 5582 532 5638 nuscula
551 5625 566 5649 ,
597 5586 746 5641 verbi
772 5587 964 5658 gratia,
996 5585 1123 5642 frixi
1151 5589 1376 5655 ciceris,
1409 5605 1740 5660 uvarumque
1760 5606 1886 5662 pas-

309 5689 522 5740 sarum,
557 5685 610 5732 et
643 5692 803 5747 poma
833 5677 1032 5735 diversi
1061 5681 1297 5751 generis.
1334 5681 1503 5753 lgitur
1539 5681 1665 5752 quia
1691 5699 1888 5740 usuras

310 5766 554 5836 accipere
597 5784 702 5825 non
723 5777 970 5838 poterant
1011 5770 1322 5843 collybistte,
1372 5772 1466 5844 qui
1502 5773 1782 5844 pecuniam
1808 5773 1886 5830 l‘c-

1985 4671 2072 4726 vel
2111 4680 2238 4727 ante
2264 4671 2562 4740 humanos,
2607 4673 2692 4728 vel
2731 4683 2859 4730 ante
2901 4673 2996 4729 Dei
3033 4674 3218 4730 oculos
3259 4673 3566 4730 sacerdotio

1983 4764 2286 4836 privamur.
2338 4764 2630 4840 (Hierom)
2680 4766 2834 4834 Quod
2890 4767 2958 4823 de
3004 4767 3253 4823 ecclesiis
3297 4765 3560 4829 diximus,

1983 4863 2356 4933 unusquisque
2388 4863 2457 4920 de
2497 4879 2555 4920 se
2593 4864 2876 4936 intelligat.
2925 4863 3068 4921 Dicit
3107 4865 3253 4920 enim
3291 4862 3566 4934 apostolus

1985 4955 2229 5011 Paulus:
2275 4953 2374 5009 Vos
2400 4956 2521 5010 estis
2549 4955 2796 5026 templum
2833 4955 2950 5022 Dei,
2991 4966 3038 5010 et
3079 4956 3308 5028 Spiritus
3349 4963 3564 5009 sanctus

1981 5044 2184 5100 habitat
2210 5045 2266 5098 in
2292 5044 2436 5100 vobis
2468 5043 2520 5116 (Ι
2561 5042 2682 5099 Cor.
2712 5061 2808 5111 In;
2853 5044 2918 5099 II
2963 5045 3086 5100 Cor.
3122 5045 3217 5115 v1).
3247 5043 3362 5098 Non
3400 5043 3473 5100 sit
3508 5042 3562 5096 in

1981 5137 2146 5192 domo
2193 5137 2428 5207 pectoris
2488 5136 2657 5191 vestri
2711 5137 2998 5208 negotiatic
3051 5151 3158 5191 non
3211 5133 3560 5189 vendentium

1982 5227 2388 5297 cmentiumque
2423 5227 2784 5294 commercia,
2819 5243 2927 5283 non
2961 5228 3244 5283 domorum
3273 5225 3560 5296 cupiditas,

1986 5332 2059 5373 ne
2090 5316 2426 5388 ingrediatur
2449 5315 2609 5372 Iesus
2638 5317 2810 5373 iratus
2837 5326 2892 5372 et
2918 5316 3140 5388 rigidus.
3179 5317 3248 5371 Et
3274 5331 3381 5372 non
3408 5315 3568 5370 aliter

1985 5409 2212 5464 mandet
2247 5407 2504 5478 templum
2546 5423 2702 5464 suum
2741 5409 2844 5464 nisi
2874 5407 3083 5479 ﬂagello
3106 5408 3374 5474 adhibito,
3417 5415 3477 5461 ut
3501 5408 3570 5462 de

1986 5497 2245 5568 spelunca
2277 5497 2576 5564 latronum,
2606 5507 2660 5556 et
2681 5499 2752 5555 de
2778 5499 2940 5554 domo
2967 5499 3348 5570 negotiationis
3367 5499 3567 5554 domitu

1990 5589 2158 5644 faciat
2183 5587 2466 5643 orationis.
2507 5585 2708 5660 (Greg.)
2731 5589 2958 5645 Domum
2999 5604 3128 5660 ergo
3151 5589 3419 5644 orationis
3444 5603 3570 5658 spe-

1989 5682 2206 5737 luncam
2241 5680 2508 5738 latronum
2544 5679 2768 5746 faciunt,
2799 5682 2892 5752 qui
2935 5682 3003 5738 ad
3033 5683 3135 5738 hoc
3162 5683 3218 5737 in
3245 5682 3448 5753 templo
3481 5697 3568 5736 as—

1992 5774 2186 5830 sistere
2217 5779 2448 5838 noruut,
2479 5778 2540 5828 ut
2573 5780 2666 5828 aut
2699 5788 2807 5830 non
2835 5772 3026 5830 dantes
3052 5787 3277 5829 munera
3308 5772 3563 5828 studeant
