4002 6188
543 397 682 454 Η)ίῖ

1226 395 1285 448 Β.
1327 393 1582 448 ΒΑΒΑΝΙ
1623 390 1840 449 MAURI
1879 385 2200 444 ARCIIIEP.
2240 385 2873 452 MOGUNT.'OPERUM
2909 394 3090 450 PARS
3122 391 3165 448 l.

3668 393 3811 478 tots

539 513 890 583 corporaliter
913 515 1185 580 persequi,
1215 517 1308 562 aut
1327 508 1522 563 dantes
1544 505 1864 577 spiritaliter
1891 515 2106 557 necare.
2138 499 2189 559 Α
2216 500 2405 555 urbem
2437 516 2687 572 egressus
2717 504 3222 568 contradicentium,
3262 503 3357 561 ivit
3382 505 3435 560 in
3463 506 3810 570 Dctltaniatn,

540 602 818 672 Templum
850 613 1065 670 quoque
1093 608 1148 652 et
1175 599 1365 653 domus
1396 597 1487 652 Dei
1517 605 1602 652 est
1637 596 1750 665 ipsa
1779 607 1931 648 mens
1957 603 2116 663 atque

537 693 866 749 conscientia
894 690 1130 747 ﬁdelium
1149 731 1164 755 ,
1197 705 1316 760 qua:
1344 697 1400 743 ct
1433 689 1478 743 si
1499 687 1717 757 quando
1757 687 1812 742 in
1841 685 2114 740 hesionem

536 785 765 856 proximi
823 797 1110 854 perversas
1161 780 1518 852 cegitationes
1565 776 1807 848 profert,
1852 776 2006 846 quasi
2060 774 2114 828 in

535 877 790 948 spelunca
815 875 1054 929 latrones
1081 873 1320 928 rcSident
1339 911 1354 935 ,
1384 880 1439 926 et
1462 869 1784 940 simpliciter
1806 866 2115 938 gradientes

534 965 886 1030 interﬁciunt,
942 964 1157 1034 quando
1202 963 1256 1017 in
1293 961 1414 1015 illos
1437 1001 1452 1025 ,
1493 959 1582 1028 qui
1619 958 1674 1014 in
1705 957 1849 1012 nullo
1880 957 1955 1011 rei
1990 963 2115 1011 sunt.

534 1060 793 1125 ltesionis,
835 1057 1041 1130 gladios
1077 1055 1334 1126 deﬁgunt.
1380 1051 1530 1107 Mens
1565 1051 1709 1104 enim
1740 1048 1977 1103 ﬁdelium
2005 1061 2112 1100 non

526 1148 640 1219 jam
700 1150 894 1204 domus
934 1145 1216 1210 orationis,
1274 1144 1369 1199 sed
1416 1141 1670 1211 spelunca
1720 1137 1949 1192 latronis
2004 1145 2112 1199 est,

534 1240 756 1311 quando
784 1239 972 1295 relicta
1010 1235 1317 1292 innocentia
1347 1243 1405 1290 et
1436 1232 1786 1304 simplicitate
1811 1229 2115 1285 sanctitatis

532 1331 662 1388 illud
688 1339 918 1388 conatur
943 1344 1123 1401 agere,
1152 1327 1295 1382 unde
1327 1325 1500 1380 valeat
1521 1324 1767 1394 proximo
1796 1336 2013 1376 nocere.

603 1421 672 1475 Et
703 1428 1033 1475 accesserunt
1059 1419 1128 1472 ad
1161 1433 1279 1471 eunt
1309 1415 1435 1469 caeci
1457 1424 1504 1468 et
1534 1413 1712 1468 claudi
1738 1414 1792 1466 in
1821 1409 2032 1481 templo,
2063 1419 2114 1465 et

530 1513 734 1568 sanavit
778 1527 886 1565 eos.
929 1507 1110 1582 (Aug.)
1150 1507 1378 1562 Virtutis
1421 1521 1532 1560 sua?
1560 1503 1854 1574 potentiam
1889 1503 1942 1556 in
1981 1510 2113 1556 tem-

529 1604 620 1674 plo
666 1600 902 1658 ostendit
939 1598 1425 1656 calumniatoribus
1453 1638 1467 1661 ,
1519 1603 1578 1649 ut
1623 1595 1767 1665 quod
1815 1593 1890 1648 illi
1935 1592 2116 1648 verbis

531 1697 876 1758 clamabant,
908 1694 1010 1749 istc
1035 1692 1194 1748 factis
1225 1690 1564 1755 ostenderet,
1597 1687 1752 1758 quasi
1786 1687 1939 1742 testis
1967 1685 2116 1740 vocis

532 1786 764 1840 illorum.
813 1782 998 1856 (lt/ta.)
1040 1783 1266 1838 Sanavit
1302 1796 1478 1838 cmcos
1523 1789 1582 1834 ut
1607 1777 1932 1848 aspicientes
1967 1775 2116 1830 vidc-

2220 591 2363 660 quod
2407 593 2793 663 interpretatur
2817 596 3004 650 domtts
3042 596 3345 651 obcdicntia:
3373 638 3388 661 ,
3413 595 3529 665 jam
3553 605 3680 652 tunc
3717 615 3814 652 vo-

2218 684 2484 739 cationem
2517 687 2753 757 gentium
2782 687 3164 758 prteﬁguraus,
3197 689 3380 758 ibique
3414 689 3649 754 mansit,
3679 689 3812 758 quia

2220 776 2272 829 in
2300 774 2464 831 Israel
2489 791 2809 846 permanere
2838 794 2944 834 non
2984 781 3177 850 potuit.
3220 779 3332 835 lloc
3359 795 3578 850 quoque
3608 781 3811 834 intelli-

2217 867 2449 936 gendum
2483 876 2589 934 cst,
2629 870 2772 938 quod
2817 878 2980 926 tantm
3021 870 3186 926 fuerit
3224 872 3583 942 paupertatis,
3629 882 3686 926 et
3734 874 3814 927 ita

2219 957 2349 1010 nulli
2381 958 2453 1012 sit
2486 958 2758 1026 adulatus,
2785 969 2846 1014 ut
2877 961 2930 1015 in
2971 961 3104 1016 urbe
3143 963 3378 1016 maxima
3400 962 3606 1016 nullum
3628 963 3815 1032 hospi-

2218 1057 2350 1113 tem,
2394 1049 2710 1120 nullamque
2753 1051 3024 1107 invenerit
3061 1054 3420 1118 mansionem,
3459 1055 3554 1108 sed
3590 1055 3642 1108 in
3680 1071 3814 1123 agro

2217 1137 2443 1207 parvulo
2484 1143 2625 1210 apud
2656 1142 2922 1196 Lazarum
2973 1158 3295 1214 sororesque
3343 1141 3462 1212 ejus
3514 1145 3811 1201 habitaret.

2216 1229 2417 1284 Eorum
2448 1231 2645 1302 quippe
2666 1233 2816 1288 vicus
2841 1233 3104 1287 Bethania
3133 1242 3240 1288 est.

2289 1320 2448 1376 Mane
2475 1332 2651 1377 autem
2683 1333 2940 1378 revertens
2985 1324 3039 1377 in
3080 1325 3338 1379 civitatem
3380 1326 3604 1391 esuriit;
3642 1337 3692 1380 et
3735 1328 3815 1379 ri-

2215 1412 2343 1466 dens
2367 1410 2456 1480 ﬁci
2485 1411 2724 1467 arborem
2751 1429 2911 1467 unam
2944 1430 3092 1468 secus
3123 1416 3286 1480 viam,
3307 1416 3444 1469 venit
3478 1416 3548 1468 ad
3589 1433 3727 1477 eam,
3761 1427 3810 1469 et

2217 1503 2346 1556 nihil
2376 1503 2736 1569 invenitinea
2765 1504 2866 1558 nisi
2889 1504 3019 1574 folia
3049 1515 3274 1571 tantum,
3309 1516 3358 1559 et
3383 1507 3457 1558 ait
3479 1505 3559 1558 illi
3593 1523 3606 1558 :
3646 1506 3807 1560 Nun-

2214 1611 2371 1664 quam
2397 1594 2602 1664 fructus
2629 1612 2696 1650 ea:
2721 1605 2770 1650 te
2800 1605 3050 1651 nascatur
3076 1597 3131 1651 in
3153 1597 3548 1667 sempiternum.
3587 1597 3657 1651 Et
3687 1616 3808 1652 are-

2218 1683 2360 1753 facta
2392 1693 2468 1740 est
2497 1685 2743 1740 continuo
2764 1685 3012 1756 ﬁculnea.
3049 1687 3316 1743 Discussis
3343 1689 3515 1743 noctis
3544 1687 3807 1752 tenebris,

2218 1778 2481 1832 matutina
2521 1778 2640 1834 luce
2690 1780 2939 1835 radiante
2964 1819 2980 1846 ,
3023 1791 3078 1837 et
3101 1783 3276 1839 vicina
3316 1784 3566 1849 meridie,
3607 1785 3664 1837 in
3698 1800 3804 1854 qua

531 1887 676 1941 rent,
701 1885 756 1930 et
778 1875 876 1945 ipsi
900 1914 915 1938 ,
945 1883 1006 1929 ut
1031 1874 1260 1929 istorum
1287 1870 1610 1927 illuminatio
1633 1867 1933 1938 corporalis
1957 1867 2110 1922 ﬁeret
2138 1865 2184 1925 Β
2214 1868 2472 1924 Dominus
2499 1871 2747 1940 passione
2774 1887 2870 1928 sua
2899 1873 3267 1930 illustraturus
3287 1885 3406 1930 erat
3431 1877 3642 1940 orbem,
3681 1891 3805 1931 cum

531 1968 638 2024 illis
684 1966 945 2038 spiritalis
977 1965 1198 2020 lucerna
1246 1962 1446 2018 cordis.
1493 1959 1718 2016 Curavit
1763 1958 2005 2023 claudos,
2052 1965 2112 2012 ut

530 2060 897 2116 claudicantes
936 2057 988 2112 in
1019 2057 1122 2112 ﬁde
1161 2062 1442 2112 currerent
1482 2055 1548 2109 ad
1571 2053 1872 2118 Christum,
1903 2061 1962 2107 ut
2001 2068 2112 2108 me-

525 2150 696 2206 liores
720 2149 884 2220 pedes
922 2147 1230 2218 accipercnt
1271 2145 1346 2200 illi
1377 2145 1623 2200 videntes
1645 2159 1805 2215 quam
1840 2144 1930 2198 isti
1973 2143 2112 2199 acci-

529 2240 759 2309 pientes.
1034 2297 1038 2299 _

615 2330 856 2388 Videntes
881 2341 1058 2388 autem
1082 2332 1339 2402 principes
1365 2330 1696 2385 sacerdotum
1721 2338 1769 2384 et
1802 2329 1984 2384 scriba:
2017 2329 2116 2382 nti-

531 2422 722 2477 rabilia
758 2439 876 2493 qua:
911 2423 1062 2492 fecit,
1105 2431 1152 2476 et
1187 2437 1376 2492 pueros
1405 2420 1692 2475 clamantes
1727 2421 1781 2474 in
1819 2419 2039 2491 templo,
2066 2429 2114 2473 et

530 2513 758 2568 dicentes
788 2526 808 2564 :
850 2512 1104 2567 "osanna
1149 2511 1262 2581 ﬁlio
1307 2511 1511 2576 David,
1565 2511 1824 2581 indignati
1875 2521 2017 2575 sunt,
2067 2519 2117 2563 ct

473 2615 479 2622 ‘
531 2603 773 2658 dixerunt
799 2604 848 2657 ei
877 2621 896 2656 :
929 2603 1094 2657 Audis
1123 2601 1247 2674 quid
1286 2603 1375 2656 isti
1417 2601 1650 2656 dicunt?
1691 2600 1940 2671 Plerique
1970 2600 2116 2655 arbi-

533 2702 747 2748 trantur
767 2694 1060 2748 maximum
1080 2708 1202 2748 esse
1225 2693 1499 2764 signorum
1522 2692 1667 2763 quod
1687 2692 1926 2747 Lazarus
1946 2692 2117 2748 susci-

532 2795 680 2843 tatus
705 2795 789 2842 est
807 2827 821 2850 ,
867 2787 1011 2856 quod
1040 2799 1216 2842 czecus
1243 2800 1310 2840 cx
1331 2794 1486 2840 utero
1505 2785 1687 2840 lumen
1715 2783 1944 2854 accepit,
1973 2784 2117 2854 quod

533 2879 602 2934 ad
625 2878 915 2935 Jordanem
954 2895 1056 2935 vox
1089 2877 1270 2935 audita
1307 2879 1412 2946 sit,
1444 2878 1587 2950 quod
1621 2877 2034 2949 transﬁguratus
2062 2876 2115 2931 in

531 2982 716 3028 monte
741 2972 964 3044 gloriam
991 2973 1229 3029 ostendit
1249 2972 1652 3042 triumphantis.
1683 2971 1811 3026 Mihi
1837 2971 1977 3026 inter
1995 2984 2115 3025 om-

532 3067 622 3121 nia
660 3069 812 3138 signa
858 3084 979 3138 quae
1026 3067 1174 3132 fecit,
1223 3069 1326 3125 hoc
1377 3069 1590 3124 videtur
1627 3079 1750 3123 esse
1795 3064 2114 3130 mirabilius,

531 3161 676 3230 quod
701 3176 841 3215 unus
864 3163 1026 3216 homo
1053 3173 1108 3217 et
1132 3161 1221 3216 illo
1251 3170 1494 3230 tempore
1515 3158 1955 3229 contemptibilis,
1980 3166 2034 3211 et
2061 3157 2113 3211 in

533 3259 745 3308 tantum
797 3250 940 3316 vilis,
997 3261 1057 3306 ut
1106 3260 1293 3320 postea
1350 3249 1775 3321 cruciﬁgeretur,
1809 3247 2014 3303 Scribis
2059 3233 2186 3300 etC

533 3344 827 3401 Pharisaeis
848 3355 1040 3400 contra
1070 3361 1128 3400 se
1156 3345 1522 3408 saevientibus,
1547 3352 1604 3399 et
1629 3343 1935 3399 videntibus
1965 3342 2116 3398 lucra

531 3451 631 3492 sua
671 3437 898 3502 destrui,
942 3437 1180 3506 potuerit
1215 3436 1281 3489 ad
1315 3436 1474 3490 unius
1505 3433 1696 3506 flagelli
1738 3435 1962 3490 verbera
1997 3444 2118 3490 tan-

535 3535 646 3582 tam
693 3525 888 3594 ejicere
929 3526 1357 3588 multitudinem,
1406 3539 1727 3595 mensasque
1780 3526 2118 3590 subvertere,

531 3625 589 3672 et
612 3617 899 3672 cathedras
919 3615 1279 3685 confringere,
1314 3625 1369 3671 et
1397 3615 1498 3670 alia
1526 3614 1706 3671 facere
1737 3631 1856 3686 qua:
1877 3615 2120 3672 inﬁnitus

535 3725 640 3764 non
679 3709 899 3764 fecisset
927 3708 1218 3765 exercitus.
1251 3706 1469 3777 lgneum
1501 3707 1646 3762 enim
1678 3706 1934 3775 quiddam
1957 3716 2119 3776 atque

531 3802 802 3857 sidereum
847 3801 1092 3856 radiabat
1117 3815 1182 3856 ex
1213 3798 1386 3855 oculis
1411 3799 1528 3869 ejus
1547 3839 1562 3864 ,
1595 3806 1650 3853 et
1675 3798 1976 3854 divinitatis
2003 3815 2119 3854 ma-

525 3890 696 3961 jestas
723 3891 936 3947 lucebat
959 3891 1011 3945 in
1038 3891 1175 3946 facie
1200 3907 1215 3956 ;
1241 3904 1473 3960 cumque
1502 3905 1718 3944 manum
1744 3904 1852 3945 non
1881 3890 2118 3945 audeant

531 3982 755 4051 injicere
783 3982 1116 4047 sacerdotes,
1156 3989 1365 4036 tantum
1394 3995 1558 4051 opera
1585 3979 2022 4045 calumniantur;
2061 3989 2118 4035 et

531 4073 900 4129 testimonium
946 4071 1125 4142 populi
1168 4078 1226 4125 et
1268 4085 1585 4141 puerorum,
1628 4070 1720 4140 qui
1765 4069 2111 4126 clamabant:

530 4164 791 4220 Hosanna
836 4165 948 4234 ﬁlio
976 4163 1172 4229 David,
1217 4169 1436 4219 vertunt
1481 4162 1535 4216 in
1577 4161 1928 4226 calumniam,
1970 4162 2114 4231 quod

529 4254 781 4311 videlicet
801 4254 904 4310 hoc
927 4269 1032 4309 non
1056 4254 1287 4319 dicatur,
1319 4253 1421 4308 nisi
1443 4251 1542 4306 soli
1571 4251 1710 4307 Filio
1739 4252 1856 4307 Dei.
1886 4251 2116 4306 Videant

527 4361 659 4418 ergo
701 4345 960 4416 episcopi,
1009 4355 1066 4400 et
1108 4344 1404 4414 quamlibet
1444 4343 1620 4399 sancti
1677 4343 1942 4408 homines,
1990 4359 2114 4398 cum

529 4448 736 4510 quanto
763 4437 1005 4509 periculo
1019 4438 1122 4494 dici
1138 4438 1239 4493 ista
1255 4437 1356 4492 sibi
1379 4437 1676 4507 patiantur,
1700 4436 1744 4490 si
1761 4435 2008 4501 Domino,
2023 4435 2112 4492 cui

527 4545 656 4586 vere
676 4531 779 4586 hoc
799 4531 1101 4596 dicebatur,
1131 4531 1256 4602 quia
1276 4545 1378 4586 nec
1397 4531 1524 4586 dum
1551 4538 1671 4585 erat
1691 4529 1858 4585 solida
1887 4530 2113 4585 creden-

527 4623 662 4678 tium
690 4621 844 4688 ﬁdes,
867 4638 968 4694 pro
988 4623 1216 4678 crimine
1239 4623 1652 4692 impingebatur.

597 4712 752 4767 Iesus
790 4723 964 4766 autent
996 4713 1128 4767 dixit
1170 4714 1244 4767 eis
1278 4733 1291 4766 :
1332 4712 1541 4783 Utique.
1577 4711 1861 4782 Nunquam
1891 4712 2108 4783 legistis,

526 4807 651 4878 quia
673 4822 739 4860 ea:
764 4822 853 4860 ore
874 4806 1157 4877 infantium
1178 4816 1223 4860 et
1247 4805 1558 4861 laetantium
1584 4805 1844 4876 perfecisti
1865 4806 2073 4861 laudent
2089 4807 2116 4861 ?

526 4895 700 4969 (Psal.
732 4895 876 4968 vni.)
904 4895 1076 4965 Quam
1103 4897 1380 4953 moderate
1415 4898 1737 4953 sententiam
1763 4905 2025 4968 temperat
2056 4908 2113 4954 et

525 4990 960 5060 responSionem!
1000 4989 1080 5046 Ne
1122 4990 1176 5045 in
1220 4998 1509 5060 utrumque
1553 5003 1784 5060 vergens
1828 4990 2114 5046 calumniae

522 5095 633 5136 non
663 5088 896 5150 pateret,
935 5079 1064 5154 [Al.,
1101 5088 1157 5136 et
1181 5080 1462 5150 responsio
1493 5079 1746 5150 utrinque
1777 5094 2026 5150 vergens,
2058 5089 2112 5136 et

523 5174 810 5232 calumniae
845 5189 952 5230 non
992 5172 1204 5246 patens]
1244 5187 1350 5228 non
1383 5173 1537 5240 dixit,
1573 5173 1716 5244 quod
1759 5170 1962 5228 Scribae
2009 5188 2109 5228 au-

523 5267 644 5323 dire
671 5269 978 5340 cupiebant.
1010 5267 1156 5324 Bene
1194 5267 1399 5323 faciunt
1420 5269 1594 5338 pueri,
1627 5275 1682 5322 ut
1706 5267 1838 5322 mihi
1869 5267 2111 5323 testimo-

523 5361 676 5416 nium
704 5361 1054 5432 perhibeant;
1088 5376 1188 5416 nec
1221 5373 1475 5416 rursum:
1512 5359 1878 5430 Erantpueri,
1903 5359 2110 5414 debetis

521 5452 670 5508 tutati
714 5452 1039 5520 ignoscere:
1071 5453 1166 5508 sed
1206 5451 1412 5522 profert
1455 5451 1758 5522 exemplum
1809 5453 1876 5508 de
1917 5460 2109 5508 octavo

523 5544 760 5616 psalmo,
799 5554 861 5600 ut
891 5553 1105 5600 tacente
1145 5545 1372 5600 Domino
1402 5545 1766 5600 testimonium
1800 5543 2107 5616 Scriptura-

525 5651 646 5690 rum
667 5646 956 5706 puerorum
980 5636 1124 5691 dicta
1155 5636 1414 5692 ﬁrmaret.
2096 5655 2100 5658 ·

595 5724 727 5795 [ιιι]
763 5726 850 5792 Et,
883 5727 1075 5783 relictis
1105 5727 1229 5794 illis,
1250 5729 1377 5783 abiit
1403 5729 1548 5798 foras
1582 5739 1730 5784 extra
1769 5731 2029 5785 civitatem
2057 5733 2106 5787 in

526 5811 870 5884 Betlumiam,
925 5819 1091 5890 ibique
1133 5822 1340 5876 mansit.
1394 5821 1627 5893 Reliquit
1678 5821 2004 5890 incredulos,
2056 5834 2106 5878 et

2214 1961 2268 2016 in
2295 1961 2567 2017 civitatem
2604 1973 2970 2021 reverteretur
2993 1967 3212 2031 esuriit,
3255 1965 3339 2022 vel
3383 1967 3668 2022 veritatem
3710 1967 3808 2021 bu-

2214 2067 2388 2108 mante
2429 2054 2611 2108 carnis
2650 2056 2967 2122 ostendens,
2994 2057 3078 2112 vel
3108 2058 3382 2122 esuriens,
3421 2057 3652 2113 salutem
3683 2073 3804 2112 cre-

2215 2143 2456 2199 dentium
2479 2185 2494 2211 ,
2527 2153 2582 2200 et
2609 2153 2848 2201 aestuans
2875 2146 2941 2201 ad
2966 2147 3342 2202 credulitatem
3372 2147 3609 2203 lsraelis.
3637 2145 3805 2202 Cum-

2215 2249 2322 2304 que
2351 2235 2574 2290 vidisset
2602 2236 2854 2292 arborem
2881 2252 3043 2292 unam
3064 2278 3078 2303 ,
3105 2253 3267 2308 quam
3303 2237 3655 2308 intelligimus
3681 2252 3806 2306 syn-

2216 2341 2476 2398 agogam,
2530 2337 2585 2384 et
2625 2328 3043 2384 conciliabulum
3101 2327 3434 2395 Judteorum,
3481 2344 3604 2399 qua:
3650 2329 3804 2398 juxta

2217 2419 2361 2472 viam
2383 2427 2520 2485 erat,
2543 2419 2669 2490 quia
2700 2435 2806 2474 non
2827 2419 3120 2476 credebant
3142 2420 3196 2474 in
3219 2419 3387 2486 viam,
3417 2420 3570 2475 venit
3589 2420 3659 2473 ad
3685 2434 3803 2474 eam

2217 2518 2451 2566 stantem
2499 2511 2749 2567 videlicet
2795 2521 2850 2566 et
2888 2512 3244 2578 immobilem,
3271 2522 3329 2568 et
3367 2527 3474 2568 non
3513 2512 3804 2568 habentem

2219 2603 2494 2675 Evangelii
2528 2604 2716 2674 pedes,
2747 2603 2990 2675 nihilque
3035 2600 3244 2660 invenit
3287 2605 3344 2660 in
3376 2605 3484 2670 illa,
3531 2605 3639 2662 nisi
3682 2605 3806 2659 folia

2225 2709 2454 2767 tantum,
2501 2701 2917 2772 promissionum
2966 2702 3270 2772 strepitum,
3314 2701 3630 2757 traditiones
3669 2699 3806 2755 Pha-

2220 2794 2472 2860 risaicas,
2526 2793 2879 2865 jactationem
2929 2793 3083 2864 legis,
3139 2801 3460 2849 ornamenta
3513 2793 3806 2847 verborum

2222 2885 2426 2954 absque
2450 2882 2573 2938 ullis
2601 2883 2871 2938 fructibus
2899 2883 3158 2939 veritatis.
3198 2883 3347 2940 Unde
3371 2891 3428 2938 et
3467 2882 3606 2936 alius
3645 2896 3808 2936 evan-

2221 2974 2411 3046 gelista
2437 2973 2569 3030 dicit
2599 2987 2614 3027 :
2649 2971 2902 3028 Nondum
2936 2974 3074 3028 enim
3105 2982 3218 3028 erat
3247 2982 3448 3044 tempus
3473 2972 3669 3044 (Marc.
3703 2972 3804 3043 ιι),

2220 3069 2334 3124 sive
2359 3068 2502 3138 quod
2531 3075 2743 3138 tempus
2771 3067 3006 3123 nondum
3028 3075 3252 3124 venerat
3277 3066 3590 3121 salvationis
3616 3064 3804 3127 Israel,

2222 3174 2286 3214 eo
2319 3159 2462 3229 quod
2498 3157 2728 3214 necdum
2753 3157 2981 3230 populus
3008 3159 3249 3230 gentium
3272 3157 3639 3213 subintrassct
3655 3196 3671 3219 ,
3695 3155 3808 3210 sive

2218 3250 2362 3320 quod
2387 3249 2716 3320 prteterisset
2737 3257 2950 3320 tempus
2972 3249 3115 3315 ﬁdei,
3147 3249 3274 3320 quia
3296 3248 3366 3303 ad
3394 3246 3546 3302 illum
3570 3247 3806 3316 primum

2219 3343 2474 3407 veniens,
2519 3349 2578 3397 et
2614 3351 2831 3411 spretus
2870 3341 3172 3396 transiisset
3210 3340 3276 3394 ad
3312 3339 3578 3394 nationes.
3615 3338 3683 3392 Et
3731 3338 3811 3391 ait

2221 3435 2296 3490 illi
2331 3453 2346 3489 :
2383 3433 2669 3506 Nunquam
2699 3451 2764 3489 ea:
2794 3444 2843 3488 te
2883 3433 3084 3503 fructus
3112 3441 3382 3495 nascatur,
3407 3430 3491 3485 vel
3518 3432 3574 3484 in
3607 3431 3803 3498 sempi—

2219 3536 2445 3592 ternum,
2470 3527 2555 3582 vel
2579 3527 2634 3582 in
2657 3525 2929 3582 malum.
2957 3524 3258 3594 Utrumque
3279 3524 3424 3578 enim
3437 3525 3564 3578 αἰὼν
3586 3520 3806 3576 Gnecus

2219 3633 2400 3674 sermo
2429 3618 2714 3690 signiﬁcat.
2755 3619 2821 3673 Et
2855 3616 3092 3672 arefacta
3120 3627 3201 3672 est
3237 3615 3488 3680 ﬁculnea,
3520 3615 3652 3684 quia
3687 3628 3809 3668 csu-

2219 3709 2395 3766 riente
2437 3711 2664 3765 Domino
2703 3709 2852 3766 cibos
2883 3723 3018 3779 quos
3049 3708 3135 3764 ille
3171 3708 3439 3778 cupiebat,
3472 3721 3584 3761 non
3621 3707 3794 3762 habe-

2219 3801 2330 3856 bat.
2381 3800 2472 3856 Sic
2511 3808 2692 3856 autem
2733 3807 2996 3854 aruerunt
3031 3798 3158 3854 folia
3182 3839 3198 3865 ,
3239 3806 3298 3853 ut
3330 3805 3552 3853 truncus
3577 3797 3695 3867 ipse.
3725 3813 3808 3852 re-

2213 3899 2480 3955 maneret,
2517 3901 2573 3946 et
2606 3889 2792 3945 fractis
2814 3889 2979 3944 ramis
3001 3888 3154 3944 radix
3183 3889 3422 3953 viveret,
3455 3902 3576 3957 qua:
3603 3888 3660 3942 in
3710 3901 3807 3941 no-

2218 3985 2438 4042 vissimo
2469 3993 2730 4055 tempore,
2762 3986 2808 4042 si
2835 3987 3058 4042 credere
3088 3984 3378 4048 voluerint,
3421 3983 3654 4055 virgulta
3681 3983 3804 4038 ﬁdei

2218 4079 2479 4150 pullulent
2507 4098 2520 4134 :
2548 4079 2908 4150 impleturque
2924 4077 3068 4149 quod
3088 4078 3286 4134 dicitur
3309 4097 3322 4132 :
3357 4078 3454 4132 Est
3470 4078 3647 4133 arbori
3669 4093 3802 4145 spes.

2290 4172 2361 4226 Et
2407 4171 2636 4226 videntes
2666 4168 2912 4240 discipuli
2953 4169 3133 4223 mirati
3177 4179 3330 4232 sunt,
3360 4169 3589 4222 dicentes
3611 4181 3630 4218 .'
3659 4166 3803 4232 Quo-

2218 4264 2372 4320 modo
2409 4263 2658 4318 continuo
2693 4262 2878 4316 aruit?
2904 4261 3088 4332 (Aug.)
3123 4260 3443 4332 lntelligitur
3477 4269 3662 4314 autem
3702 4274 3805 4313 non

2218 4365 2347 4411 tunc
2392 4354 2633 4416 aruisse,
2682 4367 2805 4408 cum
2840 4353 3105 4418 viderant,
3153 4351 3248 4407 sed
3289 4351 3548 4406 continuo
3583 4352 3802 4421 quando

2217 4445 2501 4500 maledicta
2533 4453 2636 4499 est.
2664 4443 2851 4514 Neque
2888 4445 3034 4500 enim
3075 4451 3436 4508 arescentem,
3464 4441 3559 4497 sed
3589 4444 3804 4512 penitus

2217 4536 2511 4593 arefactam
2558 4535 2828 4600 viderunt,
2875 4551 2940 4590 ac
2969 4536 3048 4590 sic
3072 4549 3192 4589 eam
3223 4534 3487 4589 continuo
3539 4534 3592 4587 in
3636 4533 3806 4588 verbo

2218 4631 2431 4686 Domini
2482 4628 2692 4683 aruisse
2760 4627 3159 4682 intellexerunt.
3217 4624 3377 4680 Juxta
3420 4625 3659 4679 litteram
3711 4640 3806 4677 au-

2218 4731 2327 4777 tem
2375 4721 2633 4776 Dominus
2681 4733 2939 4790 passurus
2986 4719 3039 4772 in
3087 4717 3319 4788 populis,
3363 4723 3418 4772 et
3465 4715 3805 4785 bajulaturus

2217 4814 2530 4870 scandalum
2568 4811 2768 4877 crucis,
2815 4810 3002 4866 debuit
3046 4808 3431 4880 discipulorum
3479 4808 3696 4862 animos
3738 4807 3808 4862 si-

2216 4908 2309 4978 gni
2343 4907 2726 4977 anticipatione
2767 4905 3002 4976 signare.
3043 4903 3196 4959 Unde
3231 4913 3284 4958 et
3311 4901 3564 4971 discipuli
3603 4903 3798 4956 miran-

2218 5011 2326 5066 tur,
2378 5000 2619 5056 dicentes
2661 5017 2676 5052 :
2721 4997 2998 5065 Quomodo
3043 4997 3290 5051 continuo
3343 4994 3486 5049 aruit
3539 4992 3805 5062 ﬁculnea!

2219 5091 2402 5148 Potuit
2439 5105 2568 5161 ergo
2599 5090 2851 5145 Salvator
2871 5089 3060 5144 eadem
3103 5087 3305 5142 virtute
3347 5086 3514 5142 etiam
3557 5085 3803 5139 inimicos

2219 5186 2428 5240 siccare
2452 5198 2598 5248 suos,
2626 5181 2732 5237 nisi
2754 5196 2940 5238 eorum
2961 5196 3062 5252 per
3086 5179 3406 5251 patientiam
3427 5185 3804 5249 exspectasset

2219 5277 2469 5334 salutem.

2290 5367 2623 5438 Respondeas
2654 5377 2829 5422 autem
2860 5365 3016 5420 Iesus
3037 5366 3112 5419 ait
3139 5365 3214 5419 eis
3249 5380 3268 5417 :
3299 5362 3461 5417 Amen
3481 5363 3599 5415 dico
3626 5362 3760 5416 vobis
3778 5373 3796 5410 :

2220 5457 2278 5515 Si
2309 5459 2593 5514 habueritis
2619 5460 2777 5528 [idem
2797 5499 2812 5524 ,
2852 5467 2898 5512 et
2930 5473 3033 5511 non
3061 5454 3458 5518 Ita'sitaveritis,
3490 5468 3593 5506 non
3636 5453 3799 5505 solum

2216 5552 2281 5606 de
2321 5551 2548 5620 ﬁculnea
2590 5552 2818 5621 facietis,
2862 5549 2952 5604 sed
2995 5559 3041 5602 ct
3083 5549 3128 5601 si
3157 5548 3321 5601 monti
3356 5545 3480 5599 huic
3508 5543 3749 5599 dixeritis
3782 5557 3800 5594 :

2225 5640 2365 5697 Tolle
2392 5683 2405 5707 ,
2435 5651 2481 5696 et
2501 5642 2651 5712 jacta
2677 5651 2724 5694 te
2750 5642 2805 5694 in
2834 5655 3012 5704 mare,
3043 5637 3153 5708 ﬁet.
3186 5637 3374 5692 Solent
3400 5634 3632 5706 gentiles
3669 5673 3683 5698 ,
3711 5631 3802 5701 qui

2217 5743 2404 5788 contra
2427 5732 2726 5788 Ecclesiam
2758 5729 3042 5785 maledicta
3081 5729 3382 5798 scripsere,
3423 5726 3804 5795 improperarc

2217 5825 2417 5882 nostris
2441 5825 2585 5895 quod
2615 5839 2721 5880 non
2748 5821 3036 5879 habuerint
3065 5820 3280 5891 plenam
3316 5817 3474 5873 ﬁdem
3516 5815 3637 5881 Dei,
3674 5817 3804 5885 quia
