4002 6188
282 287 420 347 illis

1237 280 1589 338 COMMENT.
1631 277 1698 334 IN
1739 275 2180 334 MATTHzEUM.
2220 310 2285 317 —-
2327 276 2450 332 UB.
2498 276 2576 332 Vl.

3378 266 3536 333 tete

279 413 558 469 nunquam
604 403 812 453 montes
854 392 1149 452 transferre
1188 394 1483 465 potuerint.
1531 390 1737 459 Quibus
1776 401 1863 442 re-
1889 390 1936 448 Λ
1966 403 2129 457 quam
2168 388 2239 443 ob
2274 388 2575 443 custodiam
2605 388 2922 445 humilitatis
2962 394 3277 460 acceperat;
3320 389 3445 459 quia
3492 394 3537 447 si

278 487 649 557 spondendum
666 527 683 550 ,
714 501 821 540 non
848 483 1032 539 omnia
1061 485 1262 555 scripta
1286 497 1406 538 esse
1443 498 1565 553 qua:
1591 481 1645 536 in
1670 479 1859 536 Eccle-

278 578 359 632 sia
383 587 540 649 gesta
579 584 722 640 sunt,
768 576 909 631 sicut
945 575 1110 630 etiam
1150 574 1218 629 de
1257 574 1414 629 factis
1450 573 1622 643 ipsius
1659 571 1861 628 Christi

280 671 377 725 Dei
403 679 458 725 et
481 668 695 725 Domini
725 668 896 724 nostri
914 668 1197 738 Scriptura
1227 675 1478 723 testatur.
1513 664 1666 720 Unde
1684 671 1740 720 et
1758 664 1864 722 hoc

277 776 495 831 quoque
518 760 635 815 ﬁeri
660 759 921 830 potuisse,
953 766 1015 813 ut
1043 773 1199 814 mons
1229 757 1440 813 ablatus
1472 757 1539 811 de
1562 765 1711 812 terra
1733 755 1860 810 mit-

280 834 487 909 teretur
532 853 586 907 in
617 867 798 925 mare,
837 852 883 907 si
912 851 1212 907 necessitas
1252 850 1307 905 id
1354 848 1469 904 ﬁeri
1503 848 1858 919 poposcisset.

279 943 559 1012 Quomodo
588 943 817 1011 legimus
849 941 1050 997 factum
1072 941 1325 1013 precibus
1357 941 1499 996 beati
1524 940 1694 1010 patris
1723 938 1861 995 Gre-

279 1041 453 1111 gprii,
492 1038 848 1094 Neocmsarim
890 1037 1044 1092 Ponti
1074 1035 1368 1101 antistitis,
1411 1033 1513 1089 viri
1556 1032 1765 1088 meritis
1806 1039 1864 1087 et

280 1129 574 1185 virtutibus
603 1128 821 1194 eximii,
852 1134 910 1181 ut
937 1141 1091 1181 mons
1110 1126 1165 1180 in
1198 1134 1343 1180 terra
1378 1131 1585 1178 tantum
1620 1121 1739 1177 loco
1772 1136 1863 1177 ce-

279 1221 453 1284 deret,
484 1228 743 1290 quantnm
766 1217 955 1273 incola:
975 1216 1211 1272 civitatis
1231 1230 1371 1285 opus
1402 1215 1693 1270 habebant.
1726 1213 1862 1269 Cum

279 1307 426 1364 enim
466 1308 651 1362 volens
684 1306 953 1362 :ediﬁcare
986 1305 1271 1362 ecclesiam
1302 1306 1356 1359 in
1380 1304 1500 1360 loco
1527 1312 1677 1374 apto,
1711 1302 1860 1359 vide-

280 1406 364 1451 ret
410 1413 533 1452 eum
578 1397 947 1468 angustiorem
985 1411 1106 1452 esse
1149 1410 1313 1466 quam
1348 1411 1436 1450 res
1483 1395 1751 1466 exigebat,
1796 1408 1863 1450 eo

279 1488 424 1558 quod
477 1504 542 1543 ex
593 1502 699 1543 una
734 1495 919 1558 parte,
960 1501 1094 1559 rupe
1150 1486 1339 1552 maris,
1381 1500 1447 1541 ex
1497 1484 1625 1552 alia,
1677 1493 1861 1541 monte

279 1582 533 1650 proximo
556 1589 935 1636 coarctaretur
956 1619 972 1646 ,
1000 1579 1148 1634 venit
1163 1585 1322 1634 nocte
1343 1578 1411 1633 ad
1430 1577 1606 1633 locum
1629 1584 1683 1633 et
1706 1576 1860 1646 geni-

1964 483 2067 537 hae
2088 483 2372 547 caruisset,
2397 481 2580 538 salvus
2595 496 2713 538 esse
2736 499 2840 537 non
2857 491 3058 553 posset,
3079 482 3196 552 ipso
3216 481 3515 536 alllrmante
3532 518 3549 543 ,

1963 588 2087 628 cum
2115 572 2193 627 ait
2226 590 2238 626 :
2272 571 2339 626 Et
2370 589 2433 627 ne
2455 573 2761 643 magnitudo
2792 571 3159 626 reuelationum
3181 570 3398 627 extollat
3426 587 3536 645 mr,

1962 667 2119 722 datus
2163 674 2237 720 est
2274 665 2403 720 mihi
2433 662 2676 718 stimulus
2705 665 2879 718 carnis
2907 680 3035 719 mea:
3063 663 3277 734 angelus
3305 662 3543 731 Satantr.
3640 660 3645 665 ’

1962 766 2020 831 ut
2055 773 2137 812 me
2155 750 2468 827 colaphiz'et.
2508 756 2947 827 Quotiescunque
2983 772 3113 828 ergo
3151 765 3397 827 petentes
3431 771 3538 811 non

1962 847 2304 914 exaudimur,
2332 846 2453 903 ideo
2478 846 2558 914 ﬁt,
2588 847 2714 918 quia
2734 847 2819 903 vel
2841 856 3027 903 contra
3057 846 3538 902 auxiliumnostra:

1962 940 2152 997 salutis
2193 922 2426 1011 petimus
2450 980 2466 1003 ,
2499 954 2563 996 ac
2605 948 2889 1011 propterea
2929 954 2960 994 a
2998 936 3344 995 misericorde
3380 937 3539 992 Patre

1958 1031 2286 1089 beneﬁcium
2336 1031 2516 1097 nobis,
2563 1031 2707 1101 quod
2761 1032 2941 1103 inepte
2993 1032 3247 1103 petimus,
3292 1038 3536 1099 negatur.

1963 1119 2116 1186 Quod
2143 1119 2318 1176 eidem
2346 1118 2590 1189 apostolo
2626 1117 2791 1174 Paulo
2820 1118 3112 1189 contigisse
3137 1119 3421 1189 probatur,
3454 1117 3541 1171 cui

1964 1217 2092 1265 tunc
2118 1208 2320 1279 petenti
2340 1224 2658 1280 responsum
2684 1216 2770 1266 est
2794 1227 2807 1262 :
2834 1206 3031 1279 Sit/ficit
3058 1209 3150 1262 tibi
3176 1212 3349 1278 gratia
3379 1224 3493 1261 mea
3520 1225 3543 1261 :

1963 1314 2086 1352 nam
2113 1298 2274 1353 virtus
2294 1296 2351 1352 in
2373 1296 2679 1366 inﬁrmitate
2695 1297 2981 1367 per/icitur.
3014 1295 3106 1352 Vel
3134 1296 3283 1351 utilia
3301 1296 3540 1366 quidem,

1961 1397 2018 1448 et
2048 1405 2169 1461 qua:
2196 1390 2266 1446 ad
2291 1405 2477 1446 veram
2513 1389 2743 1446 salutem
2774 1389 3099 1460 respiciant,
3133 1388 3367 1457 petimus
3386 1426 3402 1451 ,
3448 1387 3544 1441 sed

1962 1484 2066 1555 ipsi
2100 1484 2240 1540 male
2266 1484 2496 1540 vivendo
2530 1482 2777 1539 auditum
2814 1482 2974 1537 nobis
2994 1479 3129 1551 justi
3156 1478 3357 1549 judicis
3382 1493 3542 1533 aver-

1965 1575 2150 1641 timus,
2193 1574 2497 1630 incidentes
2541 1574 2596 1628 in
2639 1573 2773 1629 illud
2814 1571 3122 1629 Salomonis
3161 1586 3177 1625 :
3217 1569 3320 1637 Qui
3358 1568 3544 1622 avertit

281 1673 382 1727 bus
404 1672 555 1727 ﬁexis
574 1672 853 1727 admonuit
878 1671 1044 1726 Deum
1069 1670 1444 1741 promissionis
1466 1685 1596 1735 suae,
1625 1677 1689 1724 ut
1706 1684 1863 1725 mon—
1894 1733 1937 1741 _
1967 1682 2149 1721 aurem
2166 1681 2339 1730 suam,
2365 1680 2430 1719 ne
2449 1663 2633 1718 audiat
2654 1661 2837 1731 legem,
2861 1660 3028 1715 oratio
3047 1659 3162 1729 ejus
3186 1659 3282 1713 erit
3305 1672 3545 1711 exsecra-

283 1769 392 1815 tem
428 1760 639 1831 longius
690 1760 847 1830 juxta
882 1759 1042 1815 ﬁdem
1069 1733 1312 1830 petentis
1339 1766 1544 1829 ageret.
1583 1733 1662 1813 iEt
1703 1771 1864 1812 mane
1894 1733 1943 1793 Β
1970 1758 2088 1814 bilis
2118 1756 2300 1829 (Prov.
2324 1754 2538 1826 xxvnt).
2564 1753 2660 1811 Vel
2678 1752 2806 1807 dum
2827 1766 2926 1822 pro
2952 1749 3303 1823 peccantibus
3327 1747 3545 1815 quibus-

280 1847 427 1903 l‘acto
456 1863 738 1913 reversus,
770 1848 974 1903 invenit
1019 1856 1257 1903 montem
1300 1856 1511 1902 tantum
1549 1846 1709 1916 spatii
1738 1845 1865 1901 reli-

278 1939 465 2007 quisse
499 1939 863 1993 structoribus
894 1936 1158 2003 ecclesiae,
1198 1945 1456 2007 quantum
1492 1950 1629 2005 opus
1653 1934 1860 1991 habue-

280 2036 422 2082 rant.
466 2027 688 2084 Poterat
726 2043 856 2100 ergo
895 2028 1015 2094 hic,
1056 2034 1270 2097 poterat
1304 2026 1441 2080 alius
1475 2025 1598 2096 quis
1620 2023 1863 2095 ejusdem

279 2117 464 2171 meriti
504 2118 607 2192 vir,
658 2118 705 2173 si
742 2117 1118 2188 opportunitas
1154 2116 1447 2187 exegisset,
1497 2115 1791 2187 impetrare
1830 2131 1862 2171 a

280 2207 509 2262 Domino
552 2207 746 2262 merito
795 2207 939 2273 ﬁdei,
989 2214 1050 2262 ut
1086 2207 1250 2262 etiam
1296 2222 1453 2262 mons
1490 2205 1775 2262 tolleretur
1809 2214 1866 2263 et

283 2296 590 2351 mitteretur
616 2296 670 2351 in
695 2311 866 2352 mare.
893 2297 1095 2354 Verum
1116 2296 1244 2366 quia
1262 2296 1467 2351 montis
1488 2296 1707 2352 nomine
1734 2312 1864 2352 non-

281 2405 556 2460 nunquam
581 2390 829 2445 diabolus
858 2388 1228 2461 signiﬁcatur,
1255 2387 1508 2445 videlicet
1533 2396 1755 2460 propter
1775 2405 1865 2445 su-

282 2483 560 2553 perbiam,
594 2497 699 2551 qua
747 2497 807 2538 se
850 2489 1041 2539 contra
1072 2482 1241 2536 Deum
1279 2480 1483 2552 erigit,
1522 2492 1723 2538 etesse
1752 2481 1865 2537 vult

281 2572 473 2628 similis
521 2572 824 2639 Altissimo,
871 2587 1027 2628 mons
1062 2572 1131 2631 ad
1173 2578 1502 2643 praeceptum
1539 2586 1728 2627 eorum
1770 2571 1865 2642 qui

280 2660 449 2716 fortes
476 2660 581 2717 ﬁde
616 2671 762 2727 sunt,
785 2660 997 2736 tollitur
1017 2660 1084 2716 de
1114 2668 1284 2727 terra,
1312 2668 1370 2716 et
1393 2660 1447 2715 in
1470 2675 1621 2716 mare
1646 2660 1866 2732 projici-

282 2762 400 2817 tur,
432 2770 555 2809 cum
591 2754 1012 2824 praedicantibus
1048 2754 1273 2809 verbum
1311 2752 1625 2810 doctoribus
1660 2752 1864 2809 sanctis

280 2844 593 2899 immundus
618 2845 842 2914 spiritus
867 2846 936 2900 ab
959 2858 1149 2899 eorum
1177 2844 1341 2900 corde
1368 2843 1648 2913 repellitur
1673 2843 1765 2913 qui
1793 2843 1864 2899 ad

278 2934 445 2988 vitam
480 2944 607 2990 sunt
639 2935 1009 3005 pramrdinati,
1043 2944 1099 2990 et
1127 2934 1181 2989 in
1213 2935 1537 2991 turbulentis
1555 2936 1862 3006 amarisque

283 3025 581 3081 inﬁdelium
623 3026 897 3082 mentibus
935 3027 1211 3082 vesaniam
1241 3042 1352 3083 suae
1376 3027 1677 3098 tyrannidis
1703 3041 1864 3083 exer-

278 3131 407 3172 cere
444 3117 812 3186 permittitur,
855 3132 964 3172 non
1005 3133 1117 3187 quo
1156 3117 1230 3173 ibi
1266 3125 1322 3172 et
1355 3127 1518 3174 antea
1554 3117 1737 3174 sedem
1776 3133 1863 3174 re-

276 3220 551 3275 gnumque
573 3220 680 3259 non
704 3206 981 3272 habuerit,
1008 3207 1106 3263 sed
1128 3207 1258 3276 quia
1296 3215 1449 3263 tanto
1475 3207 1655 3263 acrius
1683 3208 1739 3263 in
1770 3222 1866 3264 eos

276 3310 418 3363 quos
448 3294 577 3350 licet
606 3295 833 3361 desevit,
871 3303 1079 3365 quanto
1103 3297 1334 3368 amplius
1354 3296 1560 3352 redolet
1592 3312 1623 3351 a
1648 3296 1866 3353 laasione

276 3388 493 3456 piorum
532 3384 697 3441 fuisse
735 3387 1036 3443 devulsum.
1084 3388 1182 3444 Cui
1229 3389 1407 3445 simile
1445 3396 1531 3445 est
1557 3389 1690 3445 illud
1723 3390 1865 3461 Apo-

273 3478 514 3549 calypsis
538 3495 552 3532 :
578 3476 645 3531 Et
681 3479 939 3533 secundus
982 3478 1197 3551 angelus
1239 3482 1366 3535 tuba
1401 3482 1613 3546 cecinit,
1655 3493 1705 3537 et
1745 3500 1863 3538 ecce

274 3582 528 3640 tanquam
553 3584 701 3623 mons
724 3586 941 3640 magnus
962 3571 1080 3641 igne
1099 3571 1289 3626 ardens
1320 3572 1510 3627 missus
1540 3583 1616 3627 est
1634 3573 1691 3627 in
1721 3590 1864 3630 mare

277 3659 461 3729 (Apoc.
490 3655 631 3727 vm).
661 3656 904 3714 Canente
921 3660 1123 3715 etenim
1150 3660 1345 3730 angelo
1366 3662 1494 3717 tuba
1515 3702 1531 3727 ,
1558 3678 1714 3717 mons
1736 3662 1873 3731 igne'

282 3751 481 3806 ardens
502 3749 700 3805 missus
726 3759 810 3805 est
838 3751 892 3805 in
922 3766 1093 3817 mare,
1126 3753 1250 3822 quia
1279 3754 1610 3823 prmdieante
1638 3755 1862 3809 verbum

281 3841 504 3898 doctore
547 3844 827 3909 veritatis,
878 3844 1135 3914 antiquus
1177 3845 1348 3900 hostis
1398 3845 1614 3901 invidiae
1653 3845 1865 3903 facibus

280 3948 541 3990 accensus
586 3949 972 4004 perversorum
1008 3934 1220 3991 animos
1258 3936 1477 4007 gravius
1507 3929 1865 4009 corruptores

281 4026 442 4090 adiit,
478 4034 538 4080 ut
562 4026 803 4082 dolorem
836 4024 1171 4097 expulsionis
1192 4042 1304 4082 suae
1330 4027 1396 4084 de
1420 4026 1668 4085 ﬁdelibus
1693 4030 1866 4086 vindi-

280 4126 432 4173 caret
458 4117 511 4171 in
540 4114 779 4188 perﬁdis.

352 4210 421 4264 Et
439 4211 616 4266 omnia
635 4228 958 4283 quwcnnque
969 4212 1219 4283 petieritis
1238 4213 1294 4268 in
1315 4214 1551 4295 oratione
1576 4213 1871 4278 credentes,

280 4303 564 4373 accipietis.
615 4303 676 4359 In
725 4304 1018 4377 Evangelio
1062 4303 1292 4361 Joannis
1326 4305 1526 4377 legitur
1575 4306 1864 4361 Dominum

1966 1863 2130 1920 quam
2156 1855 2217 1902 ut
2237 1846 2560 1915 resipiscant
2585 1857 2829 1908 oramus,
2855 1842 2958 1897 etsi
2985 1839 3268 1897 salubriter
3291 1838 3545 1910 petimus,

1964 1949 2128 2012 atque
2151 1955 2221 1996 ex
2248 1945 2437 1994 nostro
2460 1936 2655 1992 merito
2685 1934 2832 2005 digni
2861 1933 3033 1990 simus
3057 1933 3266 1999 auditu,
3303 1932 3543 2002 ipsorum

1966 2040 2146 2087 tamen
2181 2027 2511 2101 perversitas
2535 2041 2605 2082 ne
2634 2026 2982 2097 impetremus
3007 2024 3243 2080 obsistit.
3267 2024 3356 2079 Fit
3380 2024 3543 2079 etiam

1965 2119 2253 2191 aliquando
2282 2125 2343 2173 ut
2371 2115 2630 2173 salutaria
2660 2129 2885 2186 prorsus
2921 2123 2978 2171 et
3017 2114 3271 2186 precibus
3304 2114 3546 2170 sollicitis

1964 2218 2023 2267 et
2063 2208 2272 2265 devotis
2306 2220 2615 2279 quaeramus
2647 2204 2982 2272 actionibus,
3018 2219 3121 2260 nec
3151 2212 3330 2259 tamen
3358 2204 3542 2259 statim

1964 2301 2352 2374 quaz‘petimns
2377 2299 2749 2369 obtineamus,
2791 2300 2886 2357 sed
2912 2299 2966 2355 in
2993 2298 3235 2355 futurum
3268 2299 3545 2373 petitionis

1965 2401 2167 2450 nostra:
2195 2391 2478 2449 diﬁ‘eratur
2508 2389 2752 2448 eﬁ'ectus.
2790 2388 2938 2446 Sicut
2973 2404 3095 2445 cum
3129 2390 3357 2461 genibus
3393 2388 3547 2444 ﬁexis

1965 2484 2204 2556 quotidie
2226 2498 2480 2552 rogamus
2502 2482 2737 2566 Patrem,
2762 2481 3027 2549 dicentes,
3054 2481 3307 2536 Adeeniat
3330 2498 3548 2553 regnum

1964 2588 2133 2645 tuum,
2165 2578 2308 2634 idem
2333 2584 2516 2632 tamen
2545 2590 2771 2648 regnum
2807 2590 2915 2631 non
2940 2590 3064 2630 mox
3097 2575 3341 2630 oratione
3370 2574 3547 2639 ﬁnita,

1964 2668 2063 2724 sed
2085 2675 2327 2737 tempore
2354 2680 2595 2738 congruo
2617 2680 2805 2721 sumus
2831 2663 3125 2736 accepturi,
3155 2664 3280 2734 quia
3308 2664 3397 2735 pia
3424 2677 3548 2732 pro-

1963 2752 2172 2812 visione
2205 2754 2379 2812 nostri
2409 2754 2705 2811 conditoris
2738 2762 2952 2810 constat
2982 2753 3194 2809 actitari
3213 2793 3230 2820 ,
3275 2760 3336 2808 ut
3359 2752 3547 2808 videli-

1965 2856 2053 2906 cet
2093 2846 2359 2903 desideria
2404 2853 2607 2902 nostra:
2644 2845 2947 2902 devotionis
2991 2845 3249 2901 dilatione
3276 2852 3547 2908 crescant,

1961 2947 2020 2996 et
2062 2947 2340 2995 cremento
2379 2938 2695 3008 quotidiano
2742 2937 2917 3009 magis
2964 2936 3244 3008 magisque
3289 2942 3543 3008 provecta

1964 3029 2183 3085 tandem
2227 3027 2521 3099 perfectius
2559 3028 2779 3099 capiant
2812 3027 3030 3099 gaudia,
3080 3042 3200 3099 qua:
3245 3026 3547 3097 requirunt.

1967 3122 2115 3178 Inter
2157 3136 2280 3192 quae
2333 3119 2655 3187 notandum,
2695 3121 2823 3191 quia
2876 3135 3000 3176 cum
3051 3134 3152 3190 pro
3198 3119 3549 3189 peccantibus

1967 3228 2210 3278 oramus,
2254 3219 2313 3268 et
2345 3212 2393 3268 si
2433 3226 2621 3268 eorum
2650 3211 3001 3268 salvationem
3032 3211 3325 3281 impetrare
3361 3210 3552 3282 nequi-

1966 3320 2110 3368 mus,
2157 3317 2497 3373 nequaquam
2542 3310 2723 3359 tamen
2760 3301 2938 3358 fructu
2975 3302 3155 3372 precis
3192 3310 3392 3358 nostra;
3426 3302 3549 3372 pri-

1965 3410 2181 3461 vamur,
2214 3394 2363 3465 quia,
2411 3394 2514 3450 etsi
2549 3394 2627 3449 illi
2672 3410 2780 3450 non
2827 3404 2955 3451 sunt
2997 3394 3144 3466 digni
3182 3393 3400 3459 salvari,
3452 3406 3550 3449 nos

1966 3492 2148 3540 tamen
2176 3483 2377 3541 amoris
2404 3498 2566 3555 quem
2592 3483 2697 3540 illis
2724 3484 3084 3556 impendimus
3106 3485 3355 3541 mercede
3382 3485 3549 3541 dona-

1965 3574 2164 3630 bimur.
2212 3573 2410 3645 Sicque
2450 3575 2511 3630 in
2549 3575 2640 3630 tali
2684 3589 2898 3645 quoque
2939 3576 3203 3645 petitione
3242 3576 3554 3645 implebitur

1964 3665 2124 3721 nobis
2152 3664 2241 3719 illa
2269 3664 2480 3719 Domini
2508 3664 2819 3733 promissio,
2848 3679 2954 3733 qua
2985 3665 3061 3719 ait
3088 3678 3103 3717 :
3132 3664 3196 3719 Si
3224 3665 3351 3735 quid
3379 3656 3542 3735 petie4

1965 3754 2081 3806 ritis
2110 3751 2326 3807 Patrem
2351 3754 2408 3806 in
2436 3753 2646 3806 nomine
2670 3749 2819 3817 meo,
2855 3751 2998 3806 dabit
3023 3751 3164 3808 vobis
3188 3750 3374 3823 (Joan.
3412 3754 3545 3825 xu).

1963 3842 2283 3897 intuendum
2331 3842 2511 3909 enim,
2547 3842 2821 3914 quianon
2860 3843 2939 3898 ait
2990 3843 3340 3914 simpliciter,
3374 3845 3544 3913 dabit,

1964 3932 2061 3988 sed
2093 3931 2327 3999 dabitur,
2377 3932 2571 4002 inquit,
2622 3933 2760 3988 uobis
2787 3946 2807 3986 :
2835 3933 2962 4003 quia
3008 3936 3113 3991 etsi
3165 3951 3273 3991 non
3322 3936 3403 3992 eis
3448 3953 3546 4008 pro

1965 4019 2162 4091 quibus
2190 4020 2425 4091 petimus
2446 4021 2616 4087 dabit,
2644 4022 2802 4078 nobis
2825 4030 3028 4089 tamen,
3050 4038 3173 4080 eum
3195 4041 3294 4094 pro
3315 4026 3544 4082 aliorum

1964 4110 2233 4167 erratibus
2258 4110 2680 4167 misericorditer
2704 4112 3115 4184 intervenimus,
3137 4116 3417 4187 praemium
3447 4133 3545 4174 no-

1965 4212 2093 4261 strae
2115 4204 2470 4276 benignitatis
2501 4206 2771 4263 restituet.

2038 4294 2175 4369 [ιη
2203 4295 2272 4350 Et
2301 4312 2419 4351 cum
2461 4298 2675 4352 venisset
2713 4298 2769 4353 in
2801 4299 3049 4369 templum
3068 4340 3083 4368 ,
3122 4312 3450 4358 accesserunt
3477 4305 3547 4358 ad

282 4391 566 4461 discipulis
608 4394 812 4449 dixisse
848 4413 861 4448 :
897 4394 1085 4462 Amen,
1122 4411 1274 4450 amen
1304 4396 1422 4450 dico
1450 4394 1612 4460 vobis,
1652 4394 1699 4449 si
1735 4395 1863 4466 quid
1888 4406 2088 4494 lmeum
2125 4389 2391 4444 docentem
2431 4389 2689 4461 principes
2715 4392 3044 4446 sacerdotum
3071 4434 3087 4460 ,
3116 4404 3166 4449 et
3201 4395 3430 4450 seniores
3453 4412 3548 4466 po-

279 4488 531 4555 petieritis
550 4487 758 4542 Patrem
771 4490 824 4542 in
839 4491 1047 4544 nomine
1057 4506 1191 4553 meo,
1205 4488 1350 4542 dabit
1367 4488 1507 4543 vobis
1521 4487 1704 4561 (Joan.
1721 4487 1860 4559 xlv).

286 4575 353 4629 Et
389 4575 461 4630 ob
500 4577 603 4632 hoc
651 4592 681 4631 a
732 4578 1007 4633 nonnullis
1034 4578 1324 4648 quceritur,
1376 4578 1648 4648 quomodo
1674 4593 1866 4636 omnes

282 4668 599 4734 credentes,
645 4669 698 4722 in
758 4670 977 4724 nomine
1028 4668 1330 4726 Salvatoris
1383 4678 1629 4729 petentes
1682 4670 1863 4727 omnia

279 4770 618 4825 muecunque
647 4758 897 4827 petierint
931 4759 1221 4828 accipiant,
1256 4775 1378 4816 cum
1407 4776 1514 4816 non
1553 4760 1727 4817 solum
1769 4778 1866 4819 no-

282 4845 381 4899 stri
415 4845 619 4901 similes
664 4846 853 4911 multa,
902 4862 1024 4917 quae
1067 4848 1284 4905 Patrem
1322 4850 1377 4905 in
1410 4850 1612 4907 Christi
1645 4853 1863 4909 nomine

283 4937 538 4992 videntur
579 4946 784 5007 petere,
830 4953 937 4994 non
987 4940 1285 5010 accipiunt,
1323 4956 1512 4997 verum
1548 4944 1714 4999 etiam
1749 4944 1869 5015 ipse

284 5030 562 5098 apostolus
596 5030 798 5087 Paulus
829 5032 991 5087 tertio
1022 5032 1191 5087 Deum
1229 5035 1503 5104 rogaverit
1530 5042 1645 5090 uta
1679 5051 1740 5091 se
1771 5050 1866 5091 an-

283 5118 436 5186 gelus
480 5117 724 5186 Satanae,
762 5135 792 5174 a
829 5136 941 5190 quo
976 5120 1353 5187 tribulabatur,
1384 5122 1721 5190 abscederet,
1764 5139 1865 5182 nec

285 5207 576 5276 impetrare
619 5210 856 5278 potuerit
892 5209 981 5281 (II
1021 5207 1147 5263 Cor.
1196 5209 1317 5283 xu).
1361 5209 1468 5268 Sed
1503 5212 1664 5283 hujus
1698 5213 1865 5269 motio

283 5297 599 5366 qumstionis
629 5299 851 5368 antiqua
881 5299 994 5370 jam
1026 5298 1249 5356 Patrum
1285 5310 1524 5356 reserata
1554 5310 1640 5358 est
1676 5301 1863 5371 expla-

170 5463 177 5468 ν
282 5389 542 5454 natione,
572 5389 664 5458 qui
696 5391 965 5445 veraciter
1002 5390 1407 5457 intellexerunt,
1452 5392 1571 5448 illos
1611 5392 1784 5448 solum
1814 5393 1867 5448 in

283 5479 504 5533 nomine
539 5480 840 5536 Salvatoris
865 5491 1072 5551 petere.
1097 5484 1187 5551 qui
1210 5498 1274 5538 ea
1304 5498 1424 5553 qua:
1451 5484 1518 5537 ad
1549 5491 1867 5554 perpetuam

284 5567 513 5622 siluteui
543 5571 813 5640 pertinent
851 5578 1056 5640 petunt.
1099 5572 1327 5643 Ideoque
1350 5573 1653 5643 apostolum
1682 5592 1785 5629 non
1813 5575 1865 5630 in

286 5659 503 5717 nomine
555 5662 853 5719 Salvatoris
889 5665 1143 5735 petiisse,
1188 5675 1243 5721 ut
1293 5668 1588 5725 tentatione
1628 5681 1861 5727 careret.

1966 4479 2078 4551 puli
2121 4479 2346 4534 dicentes
2371 4493 2390 4531 .'
2417 4477 2488 4533 In
2520 4496 2627 4551 qua
2663 4489 2917 4550 potestate
2960 4482 3072 4537 luet:
3108 4484 3287 4553 facis?
3316 4482 3385 4538 Et
3428 4487 3546 4557 quis

1966 4574 2062 4629 tibi
2094 4574 2236 4629 dedit
2273 4574 2410 4629 hanc
2437 4583 2740 4645 potestatem
2760 4576 2785 4628 ?
2809 4574 3080 4649 (Πίου-οη.)
3106 4576 3344 4634 Diversis
3375 4579 3550 4635 modis

1966 4663 2214 4720 eamdem
2254 4680 2419 4736 quam
2463 4680 2626 4736 supra
2677 4666 3005 4723 calumniam
3039 4676 3286 4735 struunt,
3330 4673 3549 4742 quando

1967 4756 2224 4813 dixerunt
2250 4770 2271 4810 ι
2299 4756 2369 4810 In
2396 4755 2682 4812 Beelzebub
2714 4759 2947 4830 principe
2994 4760 3376 4819 dazmoniorum
3407 4764 3549 4835 ejicit

1969 4848 2054 4903 hic
2077 4846 2360 4902 daemonia.
2393 4846 2618 4914 Quando
2638 4849 2785 4903 enim
2813 4849 3000 4906 dicunt
3026 4869 3040 4905 :
3072 4852 3140 4908 In
3160 4870 3266 4925 qua
3294 4865 3545 4926 potestate

1972 4939 2084 4993 haec
2109 4938 2289 5008 facis?
2321 4936 2390 4992 de
2414 4937 2509 4993 Dei
2540 4938 2787 4994 dubitant
2819 4948 3084 5010 potestate
3104 4983 3121 5009 ,
3145 4954 3200 4998 et
3224 4944 3550 5017 subintelligi

1970 5030 2158 5086 volunt
2195 5029 2393 5085 diaboli
2435 5045 2555 5086 esse
2589 5032 2734 5101 quod
2768 5032 2950 5088 faciat.
2990 5032 3264 5090 Addentes
3290 5052 3504 5107 quoque
3533 5058 3547 5094 :

1974 5120 2107 5189 Quis
2143 5120 2238 5175 tibi
2271 5119 2412 5176 dedit
2449 5120 2584 5174 hanc
2609 5125 2954 5190 potestatem?
2980 5122 3416 5182 Manilestissime
3454 5128 3550 5184 Dei

1971 5212 2168 5268 Filium
2216 5218 2435 5282 negant,
2469 5224 2632 5280 quem
2671 5220 2865 5281 putant
2895 5228 3004 5269 non
3035 5214 3168 5283 suis,
3210 5216 3309 5273 sed
3359 5216 3553 5275 alienis

1972 5303 2180 5358 viribus
2205 5301 2357 5372 signa
2380 5300 2580 5357 facere.

2043 5392 2377 5464 Respondeas
2410 5390 2566 5446 Iesus
2593 5391 2727 5447 dixit
2750 5392 2824 5448 eis
2854 5406 2872 5445 :
2902 5392 3246 5467 Interrogabo
3266 5415 3356 5454 uos
3386 5411 3435 5456 et
3460 5419 3553 5472 ego

1972 5503 2137 5541 unum
2156 5502 2466 5551 sermonem,
2479 5501 2630 5557 queat
2646 5486 2691 5540 si
2707 5486 2945 5542 dixeritis
2962 5488 3111 5554 milii,
3127 5499 3174 5544 et
3194 5507 3287 5562 ego
3307 5493 3451 5548 vobis
3472 5495 3551 5547 di-

1971 5594 2087 5631 cunt
2122 5577 2175 5630 in
2211 5594 2315 5647 qua
2347 5585 2598 5647 potestate
2628 5579 2738 5631 lucc
2762 5576 2902 5647 facio
2932 5592 2949 5630 :
2978 5572 3303 5650 Baptismum
3328 5584 3550 5642 Joannis

1974 5668 2110 5724 unde
2144 5677 2276 5732 erat,
2313 5686 2339 5721 e
2366 5666 2489 5722 uelo
2514 5685 2581 5722 an
2605 5684 2668 5722 cx
2687 5663 3028 5725 Itomt'nibus'?
3051 5670 3265 5728 l‘oterat
3288 5674 3552 5732 Dominus
