4002 6188
473 266 606 319 1057

1106 266 1165 319 Β.
1211 263 1462 318 ΒΑΒΛΝΙ
1501 261 1716 318 MAURI
1752 261 2030 318 ARCHIEI

2136 260 2420 321 rlOGUNT.
2461 257 2746 318 OPERUM
2783 261 2962 318 PARS
3001 260 3042 317 Ι.

3571 265 3717 325 1048

467 384 650 444 aperta
679 377 1020 443 responsione
1043 384 1370 434 tentatorum
1396 377 1718 432 calumniam
1740 375 2035 444 confutare,
2070 386 2116 443 Α
2144 375 2351 433 creavit
2388 386 2614 447 paterno
2635 376 2828 434 affectu
2854 376 3045 448 diligit.
3081 376 3362 445 Quomodo
3383 379 3597 438 locutus
3636 393 3721 441 est

465 467 556 521 scd
606 475 888 537 propterea
938 468 1256 538 interrogat,
1302 476 1362 522 ut
1404 482 1502 524 suo
1549 469 1634 524 vel
1668 467 1898 536 silentio,
1948 469 2034 525 vel

461 558 730 612 sententia
753 559 1197 614 condemnentur.

542 645 602 701 At
638 646 718 700 illi
751 647 1043 717 cogitabant
1071 650 1207 703 inter
1243 667 1296 704 se
1319 650 1546 706 dicentes
1576 666 1595 703 :
1624 649 1687 708 Si
1723 651 2031 719 dixerimus,

463 736 512 790 E
536 739 682 797 ca’lo,
710 736 843 790 dicet
883 737 1030 791 nobis
1059 755 1078 792 :
1109 737 1286 804 Quare
1313 753 1434 810 ergo
1469 753 1572 796 non
1599 742 1892 798 credidistis
1915 743 1996 797 illi
2012 741 2037 796 .’

461 825 689 896 (Μριυιι.)
726 826 904 882 Dolosi
947 836 1211 884 tractores
1253 845 1318 884 ac
1361 827 1647 901 falsiloquii
1697 843 2035 904 argumenta-

460 923 608 971 tores
668 917 811 972 hanc
869 919 1392 986 argumentationem
1436 920 1653 976 dubiam
1697 922 2035 992 opponebant

457 1004 561 1060 siti
584 1021 646 1061 ac
667 1008 761 1062 sia
780 1007 1007 1064 Domino
1036 1007 1220 1064 taliter
1249 1010 1326 1064 eis
1357 1007 1772 1080 responderetur
1801 1027 1814 1065 :
1849 1010 2032 1084 (Aug.)

458 1098 629 1164 Quem
651 1099 979 1154 conﬁtemini
999 1100 1066 1154 de
1087 1099 1226 1154 coelo
1246 1099 1500 1156 habuisse
1516 1100 1878 1171 prophetiam,
1901 1099 2032 1154 mihi

459 1191 828 1246 testimonium
854 1190 1148 1260 perhibuit,
1170 1197 1224 1262 et
1245 1190 1314 1244 ab
1336 1190 1426 1245 illo
1453 1190 1694 1255 audistis,
1728 1190 1782 1244 in
1801 1204 1906 1259 qua
1932 1203 2034 1261 ego

457 1281 560 1336 ista
591 1279 789 1334 faciam
815 1287 1105 1348 potestate.

530 1371 590 1427 Si
612 1381 784 1425 autem
813 1371 1160 1443 dixerimus”
1173 1370 1260 1425 Ex
1286 1371 1602 1437 hominibus,
1653 1373 1894 1427 timemus
1919 1381 2034 1426 tur-

457 1462 615 1526 bam;
655 1475 830 1516 omnes
872 1462 1009 1516 enim
1039 1461 1228 1515 habent
1265 1461 1524 1516 Joannem
1552 1463 1681 1516 sicut
1707 1465 2031 1533 prophetam.

458 1552 722 1608 Viderunt
777 1568 906 1622 ergo
952 1552 1230 1622 quodlibet
1278 1553 1473 1609 borum
1528 1554 1936 1624 respondissent
1977 1555 2033 1609 in

455 1642 706 1712 laqueum
749 1658 808 1697 se
861 1658 1102 1712 casuros,
1169 1643 1422 1699 timentes
1469 1644 1868 1715 lapidationem,
1940 1646 2035 1701 sed

2137 466 2264 522 ﬁliis
2284 464 2396 523 suis
2422 482 2529 523 non
2561 469 2614 523 in
2642 465 2781 524 facie
2803 477 2861 524 ut
2883 471 3065 534 homo,
3094 466 3188 525 sed
3212 469 3264 524 in
3287 472 3451 528 corde
3468 482 3527 527 ut
3550 474 3719 544 Deus,

2136 571 2244 614 non
2275 560 2329 615 in
2370 557 2590 616 auribus
2617 559 2843 616 verbum
2869 575 3088 625 sonans,
3112 562 3206 616 sed
3235 563 3287 616 in
3323 566 3572 622 sensibus
3595 584 3724 639 sng-

2136 665 2330 720 gerens
2369 652 2660 708 intellectu.
2715 645 2986 724 (Hierom)
3031 650 3097 706 lii
3119 661 3243 707 sunt
3267 656 3373 710 duo
3403 655 3518 723 ﬁlii,
3549 662 3641 729 qui
3667 674 3725 717 et

2136 740 2192 794 in
2238 738 2397 796 Luca:
2440 741 2694 810 parabola
2724 739 3123 806 describuntur,
3148 739 3360 810 lividus,
3397 747 3619 816 rigidus,
3668 759 3724 807 et

2137 829 2442 886 luxuriosus
2484 831 2634 902 (Luc.
2660 831 2775 903 xv),
2814 837 2870 886 et
2913 829 2980 887 de
3008 833 3204 902 quibus
3252 833 3549 895 Zacharias
3599 859 3700 912 pro

2133 919 2294 991 pheta
2343 921 2622 991 loquitur:
2655 920 2926 992 Assumpsi
2969 923 3096 976 mihi
3125 924 3260 978 duas
3300 927 3492 997 virgas,
3558 947 3722 987 unam

2133 1016 2310 1070 vocavi
2342 1015 2598 1081 decorem,
2645 1011 2932 1070 etalteram
2960 1019 3137 1072 vocavi
3185 1018 3480 1087 funiculum
3525 1033 3573 1076 et
3599 1025 3720 1092 pari

2133 1119 2337 1177 gregem
2368 1104 2556 1178 (Zach.
2592 1106 2692 1178 ιι).
2731 1104 3029 1162 Zacharias
3074 1105 3208 1163 duas
3250 1110 3432 1181 virgas
3457 1111 3613 1177 dixit,
3666 1114 3721 1169 id

2133 1206 2236 1264 est,
2287 1199 2422 1254 duos
2472 1197 2631 1254 filios.
2688 1198 2869 1255 Primo
2917 1199 3116 1256 dicitur
3157 1201 3340 1271 gentili
3384 1202 3580 1272 papula
3623 1217 3724 1272 per

2134 1293 2395 1349 naturalis
2431 1294 2564 1366 legis
2594 1295 2880 1350 notitiam:
2926 1291 3087 1361 Vade,
3141 1305 3188 1348 et
3227 1311 3443 1366 operare
3477 1297 3532 1350 in
3570 1295 3722 1351 uinea

2135 1399 2269 1448 mea,
2297 1385 2352 1441 id
2375 1395 2479 1452 est,
2514 1387 2664 1453 Quod
2689 1387 2783 1442 tibi
2818 1403 2920 1442 non
2961 1387 3038 1441 vis
3057 1387 3193 1457 ﬁeri,
3242 1385 3394 1440 alteri
3416 1403 3479 1441 ne
3499 1387 3713 1458 feceris.

2134 1474 2236 1543 Qui
2270 1478 2502 1546 superbe
2549 1475 2848 1548 respondit,
2879 1475 3041 1541 Nolo,
3083 1493 3210 1532 eum
3246 1475 3463 1547 reliquit
3515 1479 3720 1532 bonum

2134 1575 2189 1621 et
2217 1567 2380 1638 elegit
2403 1565 2626 1622 malum.
2678 1565 2871 1623 Postea
2898 1581 3029 1621 vero
3073 1563 3126 1621 in
3155 1568 3387 1622 adventu
3424 1565 3724 1621 Salvatoris

2137 1665 2257 1714 acta
2285 1657 2603 1729 poenitentia
2633 1669 2887 1730 operatus
2913 1665 2995 1716 est
3017 1659 3072 1714 in
3096 1660 3248 1714 vinea
3283 1659 3399 1723 Dei,
3426 1667 3489 1713 et
3517 1674 3724 1714 sermo-

454 1739 632 1806 magis
661 1738 912 1791 timentes
940 1736 1185 1791 veritatis
1214 1736 1631 1792 confessionem.
1680 1737 1738 1791 Si
1774 1738 1917 1792 enim
1941 1748 2030 1792 re-

2136 1749 2220 1803 nis
2247 1750 2641 1805 contumaciam
2683 1750 2866 1806 labore
2908 1750 3167 1805 correxit.
3208 1746 3488 1804 Secundus
3537 1759 3721 1804 autem

453 1828 797 1898 spondis’scnt
817 1825 1142 1897 baptismum
1169 1826 1394 1882 Joannis
1419 1839 1539 1883 esse
1571 1829 1639 1884 de
1664 1829 1802 1884 caelo
1826 1829 1908 1901 (ut
1931 1830 2030 1899 ipsi

453 1917 723 1988 sapientes
769 1916 823 1972 in
875 1917 1078 1972 malitia
1128 1919 1616 1991 pertractaverunt)
1695 1932 2033 1990 consequens

452 2017 570 2064 crat
610 2010 890 2080 responsio
932 2027 945 2063 :
979 2009 1157 2078 Quare
1197 2024 1326 2081 ergo
1367 2024 1474 2065 non
1518 2011 1652 2066 estis
1693 2011 1950 2080 baptizati
2000 2025 2030 2066 a

449 2097 701 2156 Joanne?
745 2098 804 2155 Si
852 2101 1032 2156 dicere
1080 2100 1379 2155 voluissent
1431 2099 1668 2156 humana
1719 2102 2032 2172 deceptione

450 2190 830 2263 compositum,
861 2200 915 2248 et
941 2190 1074 2246 nihil
1101 2191 1355 2247 habuisse
1397 2190 1660 2258 divinum,
1713 2192 2032 2250 seditionem

447 2281 629 2353 populi
675 2282 1055 2340 formidabant.
1101 2281 1301 2338 Omnes
1324 2283 1468 2338 enim
1495 2283 1757 2354 gregatim
1796 2285 2033 2340 multitu-

447 2376 606 2430 dines
656 2374 881 2431 Joannis
927 2384 1245 2445 receperant
1293 2375 1639 2446 baptismum,
1692 2383 1747 2430 et
1791 2376 1871 2431 sic
1909 2391 2032 2432 eum

451 2465 723 2522 habebant
761 2473 822 2521 ut
858 2465 1196 2536 prophetam.

521 2556 588 2609 Et
639 2556 1001 2626 respondentes
1051 2557 1178 2611 Jesu
1240 2557 1485 2611 dixerunt
1531 2576 1550 2611 :
1601 2555 1898 2614 Nescimus.
1944 2560 2031 2613 Ait

447 2646 554 2700 illis
583 2655 628 2700 et
651 2647 760 2716 ipse
786 2661 804 2699 :
838 2646 950 2702 Nec
975 2665 1066 2720 ego
1094 2649 1210 2703 dico
1236 2649 1376 2704 vobis
1425 2651 1481 2703 in
1507 2665 1610 2720 qua
1632 2658 1883 2719 potestate
1921 2649 2033 2705 hac

449 2739 609 2808 facio.
660 2733 778 2792 Non
807 2739 981 2806 vobis,
1037 2739 1231 2809 inquit,
1277 2739 1398 2795 dico
1426 2739 1570 2810 quod
1596 2741 1729 2806 scio,
1758 2741 1887 2811 quia
1925 2753 2033 2796 non

448 2829 611 2886 vultis
637 2829 792 2886 fateri
825 2830 967 2901 quod
1006 2832 1176 2888 scitis.
1202 2830 1551 2902 Consequens
1582 2847 1715 2903 ergo
1739 2839 1858 2888 erat
1876 2831 2032 2902 juxta

449 2922 854 2993 responsionem
885 2937 1096 2990 eorum,
1136 2920 1421 2978 Dominum
1451 2937 1667 2994 quoque
1690 2924 1888 2989 dicere,
1921 2924 2034 2979 Nec

448 3023 550 3082 ego
575 3011 710 3077 scio,
736 3013 831 3068 sed
860 3013 1078 3068 mentiri
1101 3013 1313 3069 Veritas
1342 3027 1446 3068 non
1474 3021 1672 3084 potest,
1696 3019 1751 3068 et
1769 3013 1845 3068 ait
1871 3031 1884 3067 :
1920 3012 2032 3068 Nec

2131 1840 2358 1910 populus
2383 1837 2690 1897 Iudaeorum
2725 1850 2827 1906 est,
2858 1842 2951 1912 qui
2991 1839 3269 1911 respondit
3298 1840 3490 1910 Moysi,
3529 1839 3722 1894 Omnia

2130 1945 2450 2003 quacunque
2477 1931 2694 1998 dixeris,
2741 1933 2993 2002 faciemus
3044 1931 3242 2004 (Exod.
3283 1933 3456 2002 xxiv),
3501 1942 3559 1987 et
3612 1949 3720 1987 non

2132 2019 2228 2076 ivit
2272 2022 2326 2076 in
2354 2023 2586 2088 vineam,
2638 2023 2764 2094 quia
2819 2021 3105 2078 interfecto
3152 2021 3562 2092 patrisfamilias
3609 2021 3721 2077 ﬁlio

2131 2123 2189 2166 se
2215 2113 2421 2182 putavit
2459 2109 2748 2168 hmrodem.
2781 2109 2883 2166 Alii
2912 2123 3042 2167 vero
3070 2125 3174 2166 non
3214 2122 3405 2182 putant
3443 2111 3720 2182 gentilium

2131 2206 2186 2253 et
2211 2192 2515 2254 Judzeorum
2552 2213 2672 2254 esse
2716 2199 3055 2269 parabolam,
3102 2198 3196 2254 sed
3243 2199 3562 2270 simpliciter
3593 2215 3724 2270 pec-

2131 2298 2375 2346 catorum
2417 2299 2472 2346 et
2515 2289 2805 2359 iustorum.
2850 2289 2970 2361 ipso
3007 2304 3220 2362 quoque
3247 2288 3476 2346 Domino
3523 2308 3724 2363 propo-

2133 2383 2384 2440 sitionem
2422 2397 2574 2439 suam
2615 2391 2802 2455 postea
2833 2382 3131 2438 disserente
3159 2400 3172 2436 :
3203 2381 3368 2437 Amen
3410 2382 3529 2436 dico
3555 2383 3719 2448 nobis,

2131 2474 2257 2544 quia
2304 2466 2571 2544 publiéani
2593 2483 2642 2527 et
2667 2471 2964 2527 meretrices
3005 2472 3306 2544 pracedunt
3335 2489 3422 2527 vos
3467 2472 3525 2527 in
3561 2489 3720 2544 regno

2132 2566 2230 2621 Dei
2279 2563 2490 2636 (Matth.
2517 2564 2655 2638 XXI).
2701 2564 2870 2621 Porro
2921 2565 3065 2635 quod
3107 2564 3354 2634 sequitur
3388 2581 3402 2617 :

2205 2656 2339 2723 Quis
2369 2671 2434 2712 ex
2480 2656 2684 2711 duobus
2735 2655 2856 2726 fecit
2905 2655 3219 2710 voluntatem
3269 2651 3483 2723 patris?
3517 2650 3586 2706 Et
3640 2650 3725 2706 illi

2134 2747 2375 2802 dicunt:
2431 2745 2783 2802 Nouissimas.
2843 2743 3134 2801 Sciendum
3191 2752 3274 2800 est
3330 2743 3384 2799 in
3443 2743 3718 2798 veteribus

2133 2837 2532 2906 exemplaribus
2585 2850 2691 2892 non
2727 2835 2917 2890 haberi
2950 2835 3305 2899 novissimum,
3337 2833 3432 2888 sed
3464 2834 3716 2903 primum,
3781 2907 3784 2910 ι

2134 2923 2664 2997 utpropriojudicio
2713 2925 3160 2980 condemnentur.
3214 2921 3272 2976 Si
3311 2931 3489 2975 autem
3545 2921 3717 2975 nonis-

2135 3013 2322 3068 simum
2344 3013 2671 3068 voluerimus
2696 3011 2876 3083 legere
2900 3012 3183 3067 manifesta
3216 3018 3301 3065 est
3321 3009 3716 3080 interpretatio,

446 3117 543 3172 ego
589 3102 706 3156 dico
765 3104 924 3158 vobis.
967 3105 1046 3158 Ex
1074 3119 1182 3174 quo
1227 3105 1463 3160 ostendit
1494 3115 1550 3162 et
1589 3105 1709 3161 illos
1736 3105 1901 3171 scire,
1932 3105 2029 3162 sed
2057 3097 2100 3160 C
2133 3109 2192 3159 ut
2232 3103 2474 3160 dicamus
2520 3102 2819 3174 intelligere
2871 3103 3089 3164 quidem
3137 3102 3423 3155 veritatem
3481 3099 3715 3165 Judaaos,

449 3194 779 3263 respondere
825 3194 986 3260 nolle,
1027 3204 1082 3250 et
1112 3210 1171 3251 se
1209 3212 1392 3263 nosse,
1442 3205 1496 3253 et
1535 3197 1656 3253 ideo
1691 3213 1798 3254 non
1823 3197 2028 3264 dicere,

448 3284 574 3354 quia
600 3283 673 3339 illi
704 3285 846 3355 quod
881 3285 1058 3340 sciunt
1105 3293 1340 3342 taceant.
1392 3287 1698 3343 iustissime
1721 3288 1908 3358 utique
1951 3288 2033 3342 in-

447 3378 734 3434 sidiatores
774 3377 1075 3448 hujusmodi
1105 3379 1286 3434 verbis
1313 3379 1538 3448 repulsi,
1583 3378 1795 3434 confusi
1821 3379 2034 3435 absces-

449 3479 657 3534 serunt,
708 3479 764 3524 et
797 3468 1076 3540 impletum
1121 3476 1206 3524 est
1241 3470 1385 3538 quod
1432 3469 1486 3523 in
1514 3467 1724 3539 psalmo
1774 3483 1874 3539 per
1899 3467 2032 3525 Pro-

445 3561 666 3631 phetam
709 3559 840 3616 dicit
884 3559 1026 3616 Deus
1055 3560 1256 3615 Pater:
1292 3558 1488 3614 Paraui
1511 3557 1778 3614 lucernam
1822 3558 2030 3616 Christo

447 3668 583 3717 meo,
628 3651 680 3706 id
718 3660 802 3707 est
830 3651 1002 3722 ipsum
1031 3648 1314 3716 Joannem,
1369 3649 1608 3705 inimicos
1650 3649 1765 3720 ejus
1809 3651 2028 3705 induam

445 3740 750 3811 confusione
813 3738 984 3811 (Psal.
1039 3741 1243 3812 cxxxr).
1283 3738 1566 3812 [Venant.]
1608 3738 1911 3795 Notandum
1935 3755 2030 3796 au-

448 3841 556 3888 tem
602 3832 728 3902 quia
755 3833 889 3888 duas
910 3830 980 3887 ob
1001 3846 1194 3888 causas
1241 3831 1476 3887 maxime
1513 3831 1740 3887 scientia
1785 3831 2030 3888 veritatis

445 3931 532 3977 est
553 3923 868 3978 occultanda
908 3923 1291 3992 quaerentibus,
1336 3937 1461 3978 cum
1491 3921 1738 3978 videlicet
1764 3923 1858 3993 qui
1889 3938 2028 3995 quaa-

446 4013 536 4081 rit,
563 4022 653 4068 aut
676 4014 855 4068 minus
878 4027 1044 4083 capax
1074 4021 1158 4068 est
1183 4012 1250 4066 ad
1279 4010 1678 4083 intelligendum
1707 4011 1853 4084 quod
1879 4027 2026 4084 quas-

445 4105 536 4168 rit,
584 4112 677 4159 aut
699 4105 826 4160 odio
871 4102 954 4159 vel
981 4110 1289 4173 contemptu
1317 4103 1487 4173 ipsius
1505 4103 1754 4160 veritatis
1779 4103 2028 4177 indignus

444 4205 526 4250 est
545 4197 632 4251 cui
667 4196 859 4251 debeat
879 4196 1076 4266 aperiri
1099 4196 1240 4264 quod
1265 4194 1479 4265 quaerit.
1538 4194 1777 4262 Quorum
1805 4205 2028 4268 propter

443 4299 610 4340 unum
634 4287 894 4342 Dominus
917 4287 995 4341 ait
1025 4305 1038 4341 :
1065 4287 1249 4340 Adhuc
1278 4285 1444 4340 multa
1470 4286 1635 4341 habeo
1663 4287 1803 4342 vobis
1830 4289 2024 4355 dicere,

443 4377 534 4432 sed
588 4394 692 4432 non
716 4379 928 4448 potestis
953 4377 1048 4431 illa
1089 4385 1300 4449 portare
1324 4377 1480 4430 modo
1525 4376 1706 4448 (Joan.
1732 4376 1865 4450 ινι).
1895 4377 2027 4433 Pro-

2133 3195 2229 3254 scd
2254 3195 2622 3269 tergiversari,
2649 3203 2705 3252 et
2735 3195 2877 3250 nolle
2902 3195 3083 3251 dicere
3103 3195 3232 3265 quid
3262 3196 3524 3259 sentiunt,
3574 3195 3716 3250 sicut

2133 3299 2190 3344 et
2231 3289 2558 3360 baptismum
2584 3286 2820 3346 Joannes
2846 3289 3080 3345 scientes
3099 3302 3223 3345 esse
3251 3289 3318 3345 de
3348 3288 3504 3355 ctelo,
3533 3289 3718 3344 dicere

2133 3375 2440 3432 noluerunt.

2203 3467 2342 3523 Dicit
2367 3467 2472 3524 illis
2505 3469 2702 3524 Iesus:
2738 3471 2902 3524 Amen
2942 3469 3060 3524 dico
3092 3469 3258 3534 vobis,
3295 3470 3421 3540 quia
3453 3466 3719 3540 publicani

2133 3566 2178 3612 et
2215 3560 2510 3613 meretrices
2540 3559 2833 3630 prtecedent
2859 3576 2949 3614 vos
2975 3560 3031 3614 in
3055 3573 3212 3631 regno
3243 3558 3355 3614 Dei.
3397 3558 3462 3613 Et
3491 3559 3714 3623 merito,

2133 3647 2258 3717 quia
2279 3647 2355 3703 illi
2385 3650 2477 3719 qui
2503 3663 2602 3720 per
2619 3647 2762 3704 mala
2793 3663 2957 3719 opera
2988 3647 3098 3706 Deo
3127 3649 3335 3705 servire
3356 3657 3715 3719 negaverunt,

2131 3748 2318 3810 postea
2344 3741 2676 3811 paenitentiae
2707 3741 3032 3811 baptismum
3063 3749 3383 3812 acceperant
3415 3755 3445 3794 a
3482 3738 3714 3795 Joanne.

2131 3827 2390 3887 Pharissei
2428 3839 2629 3898 autem,
2657 3831 2749 3902 qui
2783 3831 3048 3900 justitiam
3072 3831 3432 3903 praeferebant
3455 3839 3512 3885 et
3540 3831 3718 3902 legem

2130 3919 2226 3976 Dei
2270 3933 2331 3978 se
2355 3919 2534 3977 facere
2555 3922 2855 3993 iactabant,
2903 3922 3127 3978 Joannis
3155 3929 3473 3992 contempto
3509 3921 3716 3991 baptis-

2131 4018 2275 4065 male
2299 4010 2394 4066 Dei
2417 4018 2682 4080 praecepta
2712 4027 2818 4067 non
2847 4009 3112 4068 iecerunt.
3137 4009 3289 4067 Unde
3319 4010 3716 4080 subsequenter

2131 4100 2262 4156 dicit
2295 4119 2305 4153 :

2210 4188 2359 4244 Venit
2383 4193 2520 4246 enim
2541 4191 2778 4247 Joannes
2795 4191 2852 4246 in
2878 4192 2959 4247 via
2975 4194 3220 4263 justitite,
3249 4201 3296 4246 et
3325 4207 3430 4246 non
3462 4189 3718 4247 credidis-

2128 4281 2196 4334 tis
2217 4281 2263 4334 ei
2293 4295 2312 4332 :
2341 4279 2620 4336 Publiceni
2671 4292 2845 4337 autem
2892 4292 2942 4338 et
2967 4283 3258 4338 meretrices
3287 4283 3622 4336 crediderunt
3645 4281 3714 4334 ei.

2137 4369 2242 4424 Vos
2265 4381 2442 4426 autem
2466 4372 2714 4439 uidentes,
2756 4388 2846 4428 nec
2865 4374 3217 4443 panitentiam
3237 4371 3491 4425 habuistis
3512 4381 3716 4440 postea,

442 4475 563 4536 pter
585 4445 730 4521 aliud
757 4480 888 4521 vero
916 4445 1193 4536 discipulis
1243 4465 1485 4536 praecipit
1515 4445 1543 4520 τ’
1561 4465 1736 4520 Nolite
1782 4445 2020 4522 sanctum
2047 4445 2100 4510 D
2127 4472 2180 4517 ut
2203 4462 2478 4519 crederetis
2516 4465 2584 4519 ei.
2629 4462 2857 4537 (ΜΑσιι.)
2889 4465 3042 4520 Viam
3079 4478 3209 4534 ergo
3228 4460 3452 4531 justitite
3478 4459 3720 4515 Joannes

442 4559 572 4612 dare
591 4558 828 4624 canibus,
860 4575 1023 4630 neque
1063 4560 1284 4613 mittatis
1333 4560 1648 4628 margaritas
1671 4568 1868 4614 uestras
1906 4569 2026 4615 ante
2125 4557 2426 4627 praedicans
2469 4557 2636 4624 venit,
2690 4557 2824 4628 quia'
2843 4557 3136 4621 Christum,
3191 4555 3283 4626 qui
3321 4551 3719 4609 consummatio

441 4665 627 4722 porcos
669 4649 885 4722 (Matth.
920 4650 1041 4722 vn).
1087 4649 1217 4706 Post
1270 4651 1410 4706 hanc
1457 4665 1587 4722 ergo
1625 4651 2026 4709 fraudulentam
2129 4648 2264 4719 legis
2311 4656 2368 4704 et
2397 4650 2782 4720 prophetarum
2805 4655 2909 4713 est,
2957 4649 3147 4702 adesse
3175 4646 3346 4715 digito
3368 4644 3715 4698 demonstra-

445 4741 788 4798 sacerdotum
832 4741 1333 4813 interrogationem,
1380 4750 1608 4812 postque
1636 4755 1790 4798 suam
1818 4744 2025 4800 cautis-

443 4833 635 4889 simam
665 4829 1066 4902 responsionem
1099 4831 1284 4887 statim
1315 4831 1479 4886 infert
1502 4831 1761 4888 Dominus
1795 4834 2027 4904 parabo-

443 4925 549 4979 lam
575 4937 696 4996 qutr
725 4931 780 4979 et
809 4922 930 4978 illos
977 4923 1269 4994 impietatis
1314 4930 1506 4996 arguat
1539 4932 1595 4979 et
1627 4925 1695 4980 ad
1733 4934 1924 4997 gentes
1950 4939 2031 4981 re-

440 5028 603 5087 gnum
633 5015 727 5071 Dei
748 5015 939 5071 doceat
963 5015 1415 5072 transferendum.

513 5107 626 5179 (γ.)
649 5106 790 5173 Quid
814 5117 986 5161 autem
1013 5107 1154 5162 vobis
1180 5107 1420 5162 ridetur?
1440 5106 1613 5161 Homo
1631 5108 1846 5178 quidam
1871 5109 2029 5164 liabe-

441 5198 528 5251 bat
548 5197 680 5250 duos
700 5196 862 5266 ﬁlios,
885 5206 933 5250 et
955 5197 1202 5252 accedens
1220 5196 1289 5251 ad
1307 5197 1533 5268 primum
1554 5197 1685 5252 dixit
1702 5209 1722 5248 :
1747 5195 1877 5263 Fili,
1896 5200 2028 5253 vade

387 5273 394 5284 ’
441 5289 594 5342 hodie
620 5288 826 5356 operari
861 5290 917 5342 in
941 5290 1348 5344 vineammeam.
1380 5287 1480 5342 Ille
1502 5298 1675 5342 autem
1711 5288 2025 5358 respondens

441 5381 556 5434 ait:
586 5375 744 5434 Nolo.
789 5378 980 5434 Postea
1016 5390 1190 5434 autem
1211 5379 1506 5450 pwnitentia
1532 5388 1702 5433 motus
1730 5378 1877 5433 abiit.
1923 5379 2025 5434 Ac-

443 5471 626 5524 cedens
663 5479 837 5525 autem
876 5469 944 5523 ad
968 5469 1214 5535 alterum,
1252 5468 1386 5522 dixit
1423 5469 1683 5523 similiter.
1726 5469 1792 5522 At
1821 5468 1909 5523 ille
1947 5485 2026 5522 re-

443 5566 696 5633 spondens
723 5565 795 5618 ait
835 5580 852 5619 .'
898 5564 997 5630 Eo,
1047 5564 1290 5629 Domine,
1327 5573 1376 5618 et
1419 5579 1522 5617 non
1563 5564 1674 5617 ivit.
1725 5564 1829 5619 lste
1862 5564 2025 5619 homo

445 5654 584 5711 licus
632 5656 966 5726 intelligitur,
1014 5655 1104 5724 qui
1126 5669 1313 5711 omnes
1362 5654 1610 5711 homines
1655 5667 1789 5723 quos
1834 5665 2024 5710 natura

2128 4741 2230 4806 vit,
2272 4747 2332 4794 et
2366 4751 2670 4809 praecursor
2698 4735 2909 4794 Domini
2946 4734 3141 4802 factus,
3186 4736 3331 4789 viam
3378 4734 3548 4804 ipsius
3577 4747 3718 4802 prta.

2129 4831 2372 4900 parando
2404 4829 2572 4885 valles
2608 4829 2890 4884 humilium
2936 4829 3024 4898 pia
3052 4825 3296 4883 doctrina
3351 4823 3613 4894 implevit,
3661 4829 3716 4877 et

2131 4921 2301 4977 colles
2362 4923 2716 4993 superborum
2791 4921 2950 4990 digna
2995 4918 3336 4974 correctione
3387 4913 3711 4970 humiliavit.

2135 5011 2288 5069 Hunc
2313 5028 2442 5086 ergo
2463 5013 2632 5068 Judtei
2663 5009 3058 5068 contemnendo
3082 5017 3400 5078 spernentes
3419 5006 3563 5059 viam
3597 5005 3713 5074 jus-

2130 5107 2286 5172 ιίιὶω,
2335 5122 2456 5176 qua:
2479 5106 2730 5162 Christus
2757 5113 2859 5170 est,
2906 5118 3015 5158 non
3043 5101 3530 5173 apprehenderunt,
3586 5097 3714 5165 quia

2128 5211 2231 5252 nec
2272 5195 2642 5266 ptenitentiam
2679 5211 2711 5249 a
2746 5194 2930 5265 pravis
2969 5193 3224 5264 operibus
3246 5191 3376 5253 suis,
3413 5195 3470 5242 et
3505 5185 3715 5241 malitia

2129 5299 2289 5357 agere
2319 5285 2623 5340 voluerunt.
2650 5284 2852 5341 Gentes
2887 5291 3067 5338 autem
3089 5279 3366 5337 humiliter
3391 5275 3713 5338 sentientes,

2126 5389 2187 5436 et
2208 5381 2296 5451 pie
2323 5382 2596 5437 vaticiniis
2623 5382 3009 5452 prophetarum
3037 5377 3342 5441 credentes,
3373 5373 3500 5444 quia
3529 5389 3559 5426 a
3594 5385 3715 5442 peo-

2130 5471 2270 5525 catis
2298 5471 2411 5526 suis
2438 5485 2712 5526 conversa:
2737 5471 2804 5526 ad
2835 5471 3121 5525 Dominum
3151 5467 3314 5536 digne
3338 5463 3710 5546 penitentiam

2131 5565 2424 5631 egeruntin
2451 5566 2534 5618 via
2553 5563 2796 5633 iustitiae,
2825 5563 2878 5618 id
2901 5571 3004 5627 est,
3034 5562 3086 5616 in
3113 5562 3306 5616 semita
3333 5559 3710 5612 mandatorum

2133 5655 2226 5710 Dei
2264 5657 2596 5723 incedentes,
2645 5655 2903 5711 velociter
2942 5655 3007 5710 ad
3040 5669 3264 5725 regnum
3301 5651 3415 5716 Dei,
3479 5650 3714 5721 migrare
