3998 6188
348 277 483 334 1049

1294 273 1649 332 COMMENT.
1689 271 1757 330 ΙΝ
1797 272 2239 331 ΜΑΤΤΗΔΕΗΜ.
2277 306 2346 317 --
2379 277 2508 332 LIB.
2552 277 2638 334 Vl.

3464 291 3602 348 1050

346 397 678 447 inet-uerunt.
730 389 917 445 Potest
945 398 1002 445 et
1027 389 1116 446 hic
1163 404 1387 461 regnum
1419 391 1515 446 Dei
1563 389 1911 462 Evangelium
1938 388 1993 449 Α
2017 389 2134 458 ipse
2155 405 2345 448 servus
2371 393 2500 462 quid
2532 393 2603 451 de
2621 393 2799 451 fructu
2826 394 2987 468 hujus
3011 397 3183 457 vineae
3207 403 3405 460 sentiat
3422 407 3600 476 palam

343 482 460 547 Dei,
500 481 642 550 quod
665 488 720 534 et
740 480 869 535 alibi
896 478 1238 551 Evangelium
1263 482 1407 553 regni
1452 482 1670 549 dicitur,
1701 482 1788 536 vel
1823 481 1922 539 Ec-

340 574 504 630 clesia
548 586 784 644 pnesens
820 572 1063 644 intelligi.
1114 573 1267 630 Unde
1319 582 1375 629 et
1400 574 1647 630 Salvator
1691 575 1759 630 ad
1787 589 1920 644 apo-

339 664 511 720 stolos
534 665 644 718 ait:
688 661 917 733 Regnum
939 662 1038 717 Dei
1075 665 1217 717 intra
1241 681 1328 719 vos
1353 675 1427 719 est
1452 663 1602 737 (Luc.
1641 680 1750 720 xvu
1771 665 1812 734 ).
1861 666 1920 721 lu

339 773 450 827 quo
489 765 674 828 gentes
711 753 922 810 Judwos
971 755 1267 826 paecedunt,
1316 757 1443 826 quia
1488 758 1649 813 citius
1696 757 1920 813 credere

338 850 642 903 voluerunt.
683 847 875 916 Fitque
903 848 1006 902 hoc
1033 846 1176 916 quod
1221 847 1274 902 in
1303 847 1407 902 alia
1432 848 1684 918 parabola
1738 848 1922 903 Domi-

338 955 442 994 nus
484 938 621 992 dixit
650 955 662 992 :
689 935 863 991 Erunt
889 937 1150 992 novissimi
1168 938 1344 1008 primi,
1393 947 1441 993 et
1468 941 1622 1010 primi
1653 941 1918 995 novissimi

336 1028 553 1098 (ΜαιιΙι.
609 1029 743 1100 xxi).
805 1029 952 1098 quia,
1008 1031 1300 1084 secundum
1355 1029 1506 1085 Isaia:
1559 1032 1916 1100 prophetiam,

337 1117 509 1188 Caput
543 1119 595 1172 in
617 1119 842 1173 caudam
871 1135 1072 1174 versum
1109 1130 1206 1186 est,
1251 1129 1299 1175 et
1326 1120 1499 1174 cauda
1523 1122 1579 1174 in
1600 1134 1754 1192 caput
1778 1123 1914 1195 (Isa.

339 1211 482 1265 xIx).

408 1300 582 1352 Aliam
604 1299 913 1368 parabolam
941 1301 1118 1356 audite
1141 1314 1158 1356 :
1183 1301 1355 1357 Homo
1380 1313 1492 1358 erat
1511 1304 1915 1376 paterfamilias,

333 1391 429 1458 qui
450 1389 704 1460 plantavit
727 1392 930 1445 vineam
963 1401 1013 1446 et
1039 1406 1206 1462 sepem
1231 1396 1572 1451 circumdedit
1598 1397 1666 1462 ei,
1714 1408 1763 1451 et
1786 1399 1919 1469 fodit

333 1484 392 1534 in
421 1498 483 1534 ea
523 1481 775 1545 torcular,
832 1483 1182 1552 eta'diﬁcuvit
1228 1487 1437 1552 turrim,
1482 1497 1529 1542 et
1567 1487 1754 1543 locavit
1805 1507 1920 1544 eam

333 1573 602 1642 agricolis,
638 1581 688 1626 et
729 1586 939 1644 peregre
987 1576 1248 1646 profectus
1284 1587 1380 1633 est.
1438 1578 1709 1651 (Ηὶενοη.)
1765 1581 1924 1635 Prin-

333 1666 483 1734 cipes
511 1666 872 1732 sacerdotum,
928 1676 982 1722 et
1005 1668 1246 1724 seniores
1266 1670 1467 1740 populi,
1497 1672 1588 1742 qui
1618 1672 1918 1745 interroga-

2025 480 2266 535 earmine
2289 481 2532 538 declarat
2555 484 2740 541 dicens
2765 502 2779 540 :
2803 485 2890 541 Ea:
2917 489 3065 543 vinea
3086 491 3223 544 enim
3255 489 3600 552 Sodomorum

2022 570 2134 624 vitis
2153 588 2353 638 eorum,
2379 583 2426 627 et
2447 592 2678 646 propago
2706 593 2887 632 eorum
2927 596 2993 633 ea:
3027 577 3339 637 Gontorrlta.
3370 580 3481 638 Uva
3511 602 3602 640 eo-

2023 676 2137 714 rum
2160 679 2256 716 uva
2277 662 2438 732 fellis,
2480 664 2658 720 botrus
2687 668 3056 724 amaritudinis
3087 671 3234 740 ipsis.
3267 671 3446 727 Furor
3481 675 3602 730 dra-

2020 769 2209 807 conum
2255 754 2429 809 vinum
2473 773 2675 821 eorum,
2730 769 2779 812 et
2823 759 2976 827 furor
3015 762 3257 831 acpidum
3293 765 3601 821 insanabilis

2024 845 2201 918 (Deut.
2236 846 2430 918 xxxu).
2466 845 2599 906 Nam
2625 859 2681 905 et
2708 851 2824 919 ipse
2853 851 3022 906 David
3071 869 3260 910 servus
3286 858 3480 912 summi
3507 873 3604 928 pa-

2023 936 2354 994 trisfamilias
2385 947 2485 1002 est,
2535 941 2627 1008 qui
2655 956 2752 996 cor
2779 943 2982 1011 populi,
3050 951 3110 998 ut
3134 945 3204 1000 ad
3230 947 3472 1002 caelestia
3501 949 3598 1003 de-

2023 1027 2308 1083 sideranda
2358 1030 2710 1098 suspenderet
2748 1031 2889 1084 inter
2933 1032 3068 1087 ritus
3095 1034 3392 1089 carnalium
3444 1037 3602 1090 vieti-

2021 1136 2255 1185 marum,
2317 1120 2501 1175 laudes
2563 1121 2773 1176 Dominl
2829 1124 3112 1180 continuas
3167 1127 3319 1181 suavi
3372 1127 3603 1182 melodis

2021 1211 2302 1269 deeantari
2333 1211 2632 1266 constituit.
2681 1212 2784 1268 Sed
2811 1221 2867 1268 et
2914 1216 3058 1271 hunc
3086 1231 3302 1272 servum
3352 1218 3604 1274 affectum

2020 1305 2361 1360 contumeliis
2383 1305 2435 1358 in
2459 1306 2636 1375 capite
2664 1306 3116 1374 vulneraverunt;
3141 1310 3437 1364 secundum
3460 1311 3605 1379 quod

2020 1395 2371 1467 Evangelium
2410 1395 2574 1451 Marci
2619 1405 2797 1462 sonat,
2853 1399 2980 1467 quia
3028 1400 3426 1468 psalmistarum
3476 1417 3604 1456 car-

2020 1487 2192 1551 mina,
2245 1501 2365 1556 quae
2393 1487 2462 1540 sd
2487 1485 2699 1541 laudem
2724 1487 2936 1542 Domini
2974 1491 3238 1545 vocabant
3277 1491 3429 1559 parvi
3465 1507 3602 1562 pen-

2020 1575 2230 1640 dentes,
2259 1576 2432 1644 ipsum
2455 1575 2546 1644 qui
2568 1575 2881 1644 psalmodize
2907 1585 3068 1647 caput
3088 1579 3142 1632 in
3173 1579 3377 1648 Spiritu
3414 1589 3605 1636 sancto

2019 1675 2079 1721 et
2101 1665 2220 1721 fons
2246 1665 2540 1729 claruerat,
2570 1664 2735 1720 David
2762 1664 3081 1734 abjeeerunt
3106 1685 3119 1720 :
3155 1668 3396 1725 dicentes
3433 1671 3604 1735 enim,

332 1767 531 1811 verunt
573 1757 902 1813 Dominum:
966 1759 1036 1814 In
1081 1777 1185 1832 qua
1206 1771 1457 1832 potestate
1505 1741 1618 1818 litvo
1661 1741 1913 1834 facis,'et

2026 1754 2158 1820 Quae
2182 1756 2330 1808 nobis
2373 1769 2496 1823 pars
2527 1755 2582 1808 in
2613 1754 2802 1819 David,
2852 1764 2943 1808 aut
2971 1770 3088 1825 qute
3109 1757 3388 1811 hwreditas
3417 1760 3472 1811 in
3492 1759 3604 1826 ﬁlio

331 1850 450 1916 quis
471 1847 564 1901 tibi
595 1848 738 1901 dedit
761 1849 898 1902 hanc
923 1853 1267 1919 potestatem?
1286 1861 1343 1906 et
1372 1853 1656 1907 voluerunt
1675 1854 1727 1906 in
1751 1856 1913 1910 verbo

2020 1843 2171 1896 Isai?
2195 1843 2277 1911 (11
2303 1843 2426 1912 Reg.
2456 1843 2549 1912 xx)
2602 1857 2826 1912 regnum
2861 1845 3022 1898 simul
3051 1845 3169 1914 ejus
3194 1847 3416 1916 ignobili
3439 1852 3608 1919 stirpe

331 1953 532 2008 capere
581 1939 921 2008 sapientiam,
961 1956 1056 1995 sua
1082 1951 1200 1996 arte
1227 1951 1572 2011 superantur,
1612 1951 1666 1998 et
1694 1945 1919 2000 audiunt
2013 1947 2073 1992 et
2112 1937 2424 2008 religionem
2480 1937 2757 2007 impietate
2812 1947 3112 1994 mutarunt.
3186 1941 3441 2012 Attamen
3491 1943 3607 2012 ipse

333 2027 387 2082 in
413 2028 685 2096 parabolis
727 2030 872 2098 quod
907 2038 1092 2100 aperta
1121 2029 1260 2085 facie
1291 2047 1396 2086 non
1437 2033 1785 2088 merebantur
1825 2050 1918 2090 au-

331 2119 469 2174 dire.
519 2120 691 2174 Homo
729 2121 829 2176 iste
861 2123 1248 2192 paterfamilias
1273 2125 1386 2194 ipse
1407 2133 1512 2190 est,
1561 2128 1653 2196 qui
1686 2128 1918 2184 habebat

329 2207 466 2263 duos
506 2209 662 2276 filios,
709 2220 763 2265 et
791 2212 883 2280 qui
925 2213 978 2266 in
1002 2213 1104 2267 alia
1133 2215 1388 2284 parabola
1438 2218 1694 2272 conduxit
1718 2232 1915 2288 opera-

330 2299 442 2354 rios
473 2299 526 2353 in
554 2300 766 2356 vineam
794 2318 972 2369 suam,
1017 2305 1110 2373 qui
1141 2305 1404 2374 plantavit
1432 2307 1666 2362 vineam.
1703 2309 1779 2362 De
1806 2323 1914 2378 qua

328 2403 386 2448 et
408 2393 574 2448 Isaias
621 2395 930 2464 plenissime
959 2411 1057 2465 per
1076 2397 1347 2452 canticum
1373 2398 1612 2466 loquitur
1636 2399 1704 2453 ad
1730 2409 1915 2456 extre-

330 2499 479 2537 mum
505 2483 742 2540 inferens
771 2501 785 2539 :
837 2484 995 2539 Vinea
1026 2486 1238 2540 Domini
1273 2487 1506 2543 Sabaoth
1529 2489 1717 2544 domus
1745 2491 1916 2546 Israel

329 2582 407 2628 est
435 2573 568 2646 (Isa.
599 2573 677 2646 ν).
709 2575 776 2629 Et
798 2575 851 2629 in
873 2575 1276 2647 psalmoinquit
1299 2596 1312 2631 :
1360 2577 1572 2632 Vineam
1594 2581 1659 2635 de
1686 2581 1913 2653 Egypto

330 2664 672 2730 transtulisti,
720 2666 917 2734 eiecisti
961 2677 1153 2736 gentes,
1211 2678 1259 2722 et
1297 2667 1546 2739 plantasti
1573 2687 1690 2725 eam
1733 2673 1912 2744 (Psal.

337 2754 546 2824 Lxxtx).
616 2755 803 2826 Sepem
852 2758 1196 2812 circumdedit
1243 2761 1314 2825 ei,
1373 2761 1458 2815 vel
1505 2778 1720 2818 murum
1769 2766 1917 2821 urbis

332 2842 418 2896 vel
442 2843 754 2914 angelorum
777 2845 1010 2912 auxilia;
1040 2858 1088 2900 et
1118 2847 1248 2916 {odit
1273 2849 1326 2902 in
1350 2866 1411 2904 ea
1440 2851 1696 2919 torcular,
1719 2861 1816 2909 aut
1841 2855 1918 2909 al-

335 2940 473 2998 tare,
497 2943 590 2988 aut
619 2935 705 2990 illa
732 2937 1044 3004 toreularia,
1067 2951 1294 3007 quorum
1322 2950 1378 2995 et
1403 2949 1512 2996 tres
1542 2943 1733 3013 psalmi
1761 2945 1916 3001 titulo

332 3033 724 3091 praenotantur,
753 3035 1000 3094 octavus,
1038 3029 1422 3099 octogesimus,
1474 3042 1529 3087 et
1553 3037 1915 3105 octogesimus

331 3120 538 3167 sextus.
568 3112 633 3167 Et
661 3115 937 3184 aediﬁcavit
964 3119 1170 3181 turrim,
1199 3119 1342 3173 haud
1369 3122 1593 3177 dubium
1616 3126 1746 3194 quin
1774 3135 1910 3182 tem-

331 3204 481 3272 plum
525 3205 592 3260 de
622 3221 730 3275 quo
765 3207 964 3262 dicitur
989 3225 1087 3279 per
1123 3211 1439 3269 Miclneam:
1511 3215 1580 3270 Et
1626 3219 1788 3272 turris
1824 3237 1912 3274 ne-

332 3292 516 3348 bulosa
541 3294 655 3363 ﬁlia
678 3293 806 3351 Sion
835 3296 1021 3367 (Miclt.
1046 3302 1119 3370 tv)
1149 3319 1162 3355 :
1192 3301 1263 3355 Et
1294 3302 1479 3358 locavit
1504 3323 1618 3360 eam
1645 3309 1908 3378 agricolis.

331 3387 480 3451 Quos
510 3387 638 3441 alibi
676 3389 846 3443 vineze
871 3392 1146 3459 operarios
1176 3394 1483 3462 appellavit,
1541 3399 1631 3466 qui
1661 3401 1912 3456 conducti

329 3477 548 3532 fuerant
575 3480 706 3533 hora
730 3481 923 3549 prima,
955 3483 1133 3548 tertia,
1179 3493 1330 3538 sexta
1366 3495 1423 3540 et
1444 3503 1605 3542 nona.
1659 3490 1726 3543 Et
1753 3506 1910 3560 pere-

327 3582 424 3637 gre
459 3567 733 3637 profectus
772 3579 884 3633 est,
933 3587 1039 3626 non
1074 3572 1174 3628 loci
1228 3577 1558 3644 mutatione;
1599 3596 1724 3634 nam
1771 3582 1913 3638 Deus

327 3658 473 3712 unde
513 3659 704 3715 abesse
743 3669 922 3729 potest
981 3678 1080 3732 per
1121 3679 1279 3732 quem
1330 3668 1668 3736 complentur
1690 3673 1915 3727 omnia?

327 3746 403 3802 Et
455 3748 546 3818 qui
583 3747 714 3804 dicit
767 3764 866 3818 per
911 3749 1242 3806 Jeremiaut:
1279 3752 1390 3822 Ego
1434 3755 1578 3811 Deus
1633 3761 1915 3829 appropin-

325 3853 518 3906 quans,
577 3847 626 3892 et
677 3854 782 3892 non
841 3839 906 3892 de
961 3839 1262 3910 longinquo,
1313 3842 1438 3896 dicit
1485 3843 1741 3900 Dominus
1777 3847 1911 3918 (Jer.

327 3928 484 4002 xxx),
528 3931 621 3984 sed
650 3931 803 3986 abire
847 3930 1060 3985 videtur
1091 3947 1121 3985 a
1157 3933 1336 3998 vinea,
1368 3943 1427 3989 ut
1446 3935 1812 3994 vineatorihus
1849 3940 1915 3996 li-

325 4019 520 4076 berum
570 4020 828 4092 operandi
867 4021 1150 4077 arbitrium
1201 4023 1560 4095 derelinquat.

421 4109 560 4164 Cum
607 4121 806 4181 tempus
851 4119 1026 4164 autem
1091 4111 1358 4180 fructuum
1427 4118 1911 4190 appropinquasset.

325 4201 514 4272 (liam)
568 4201 711 4256 Bene
761 4211 972 4271 tempus
1018 4202 1291 4258 fructuum
1327 4207 1637 4274 posuitnon
1684 4227 1914 4281 proven-

326 4305 524 4359 tuum;
563 4293 738 4349 nullus
774 4295 923 4350 enim
974 4294 1184 4352 fructus
1239 4300 1446 4354 exstitit
1489 4303 1666 4373 populi
1719 4316 1913 4362 contu-

2015 2041 2117 2098 pro
2157 2029 2260 2083 hac
2303 2029 2493 2092 vinea,
2547 2043 2667 2098 qua:
2709 2030 2775 2083 de
2811 2028 3046 2100 Egypto
3104 2032 3364 2086 translata
3404 2032 3606 2089 Palaes-

2009 2120 2146 2175 tina:
2175 2129 2386 2175 montes
2411 2135 2507 2174 sua
2535 2120 2947 2174 obumbratione
2997 2129 3324 2190 protexerat,
3373 2138 3440 2178 ne
3463 2124 3608 2180 radi-

2018 2212 2158 2267 citus
2177 2211 2632 2266 exlerminarctur
2646 2211 2868 2266 orabat:
2896 2212 3136 2279 Domine,
3167 2213 3305 2268 Deus
3335 2215 3604 2282 virtutum,

2010 2311 2309 2356 convertere
2333 2316 2492 2366 nunc,
2547 2302 2741 2366 respice
2767 2303 2833 2356 de
2857 2303 3007 2368 coelo,
3048 2314 3097 2358 et
3129 2305 3246 2359 vide
3276 2315 3324 2360 et
3356 2307 3506 2362 visita
3535 2309 3610 2363 vi-

2017 2407 2167 2444 neam
2193 2391 2372 2456 istam,
2417 2401 2463 2444 et
2492 2391 2660 2461 dirige
2681 2407 2796 2445 eam
2823 2409 2982 2462 quam
3005 2393 3257 2462 plantavit
3279 2396 3492 2452 dextera
3513 2407 3605 2452 tua

2015 2480 2191 2552 (Psal.
2235 2481 2441 2554 Lxxtx).
2492 2481 2596 2538 Ubi
2635 2483 2838 2550 pariter
2880 2485 3151 2552 exposuit,
3201 2487 3293 2554 qui
3324 2489 3398 2542 sit
3447 2490 3607 2544 homo

2015 2573 2108 2627 ille
2143 2574 2234 2643 qui
2281 2575 2421 2628 hanc
2453 2574 2667 2628 vineam
2704 2573 2991 2642 plantavit,
3038 2575 3300 2632 Dominus
3351 2578 3602 2634 videlicet

2002 2695 2006 2698 -
2021 2663 2160 2717 Deus
2212 2662 2494 2717 virtutum.

2089 2750 2291 2804 Iterum
2333 2753 2470 2806 misit
2498 2753 2636 2808 alios
2655 2767 2831 2807 servos
2851 2751 3025 2823 plures
3050 2755 3338 2824 prioribus,
3379 2765 3428 2810 et
3461 2756 3598 2825 fece-

2019 2851 2142 2896 runt
2178 2841 2283 2897 illis
2318 2842 2576 2897 similiter.
2636 2843 2694 2897 In
2729 2843 2831 2899 hac
2872 2845 3017 2900 enim
3059 2847 3328 2900 sententia
3365 2849 3606 2904 ostendit

2018 2932 2334 3003 patientiam
2359 2933 2786 3003 patrisfamilias,
2827 2937 2973 3006 quod
2991 2936 3328 3006 frequentius
3371 2940 3602 3006 miserit,

2017 3031 2080 3076 ut
2098 3023 2268 3079 malos
2299 3023 2518 3079 colonos
2539 3024 2610 3079 ad
2633 3024 3004 3094 paenitentiam
3033 3036 3284 3093 vocaret;
3316 3027 3391 3082 illi
3420 3037 3602 3084 autem

2017 3120 2425 3170 contemnentes
2452 3116 2960 3170 thesaurizaverunt
2982 3115 3086 3170 sibi
3118 3117 3254 3170 iram
3295 3119 3348 3171 in
3371 3119 3458 3173 die
3485 3119 3597 3173 iras.

2006 3205 2263 3259 Attamen
2287 3221 2472 3261 servos
2500 3206 2631 3260 istos
2660 3207 3046 3274 prophetarum
3081 3207 3310 3262 chorum
3363 3209 3603 3282 intellige

2013 3295 2106 3364 qui
2142 3295 2414 3350 mntionis
2451 3296 2888 3351 attestationibus
2924 3296 3178 3366 populum
3231 3301 3603 3364 convenerint,

2009 3393 2068 3440 et
2093 3401 2214 3455 qua:
2238 3386 2363 3440 huic
2391 3385 2560 3439 vinea:
2589 3395 2840 3453 ventura,
2879 3405 3000 3459 quae
3015 3390 3065 3444 ei
3092 3390 3442 3446 imminerent
3461 3391 3603 3446 mala

2011 3479 2399 3548 praedixerunt.
2453 3477 2558 3532 Sed
2596 3495 2749 3549 quem
2780 3482 3150 3550 prophetarum
3196 3499 3299 3537 non
3327 3493 3447 3537 sunt
3480 3499 3598 3554 per-

2011 3570 2222 3624 secuti?
2264 3568 2331 3622 Et
2365 3569 2684 3624 occiderunt
2711 3584 2805 3624 eos
2829 3571 2919 3638 qui
2951 3573 3372 3640 pronuntiabant
3409 3572 3477 3627 de
3501 3573 3601 3627 ad-

1997 3667 2177 3712 ventu
2205 3657 2418 3712 Domini
2455 3657 2753 3712 Salvatoris
2777 3677 2790 3710 :
2818 3659 2872 3712 hi
2910 3668 3090 3713 autem
3127 3661 3294 3714 multa
3343 3662 3409 3716 de
3443 3661 3602 3730 hujus

2013 3747 2186 3801 vineae
2216 3745 2502 3800 sterilitate
2534 3745 2807 3809 dixerunt,
2857 3747 2950 3802 sed
2984 3749 3143 3802 unius
3170 3749 3420 3805 Jcremim
3448 3751 3602 3820 plan-

2013 3842 2160 3889 ctum
2191 3849 2391 3903 ponere
2423 3833 2674 3889 sulliciat.
2738 3835 2852 3906 Ego
2894 3847 3092 3903 autem,
3141 3839 3335 3909 inquit,
3366 3840 3596 3911 plantavi

2015 3933 2064 3978 te
2107 3925 2306 3980 vineam
2359 3925 2595 3990 electam,
2666 3943 2816 3980 omne
2859 3944 3033 3982 semen
3083 3946 3283 3996 verum,
3337 3933 3598 4002 quomodo

2015 4031 2260 4070 conversa
2283 4031 2337 4070 es
2365 4016 2421 4069 in
2441 4031 2659 4086 pravum
2687 4017 2836 4071 vinea
2859 4017 3074 4074 aliena?
3107 4019 3241 4090 (Isa.
3270 4022 3346 4095 v.)
3370 4023 3597 4096 [Mante]

2017 4104 2169 4171 Quod
2207 4113 2391 4160 autem
2433 4121 2595 4174 supra
2633 4106 2861 4178 legimus
2911 4111 3056 4178 quod
3110 4113 3359 4183 agricolae
3403 4130 3595 4185 appre-

2017 4197 2202 4252 hensis
2233 4198 2406 4252 servis
2436 4198 2605 4267 ipsius
2624 4199 3033 4268 patrisfamilias
3073 4203 3233 4259 alium
3263 4207 3595 4273 ceciderunt,

2019 4289 2182 4343 alium
2206 4289 2544 4355 occiderunt,
2596 4291 2762 4344 alium
2783 4308 2912 4349 vero
2957 4295 3366 4364 lapidaverunt;
3399 4300 3503 4354 hoc
3541 4300 3596 4354 in

324 4389 520 4452 macis,
549 4387 727 4442 nullus
755 4388 913 4458 hujus
937 4388 1109 4444 vineae
1136 4399 1447 4459 proventus,
1479 4398 1691 4452 tametsi
1717 4403 1911 4459 crebro

2019 4379 2323 4436 Iudaeorum
2356 4381 2661 4437 actionibus
2696 4392 2862 4453 patet.
2905 4385 3040 4440 Nam
3071 4387 3233 4442 alium
3260 4389 3592 4455 ceciderunt,

2124 4472 2401 4494 .-_w.m
2494 4473 2650 4494 ,μαψ
2977 4485 2990 4494 .
3108 4487 3122 4494 -
3154 4478 3172 4494 .
3241 4480 3253 4491 .
3463 4481 3495 4494 ..

324 4495 390 4534 ac
420 4478 651 4534 sollicite
672 4487 1024 4548 quaereretur,
1056 4479 1304 4537 inventus
1322 4490 1422 4537 est.

396 4574 549 4631 Misit
579 4590 752 4628 servos
792 4589 916 4628 suos
956 4573 1026 4627 ad
1053 4574 1334 4654 agricolas,
1384 4585 1442 4630 ut
1463 4579 1755 4648 acciperent
1798 4584 1911 4653 fru-

325 4676 440 4721 ctus
482 4666 618 4736 ejus,
657 4675 706 4720 et
735 4665 984 4735 agricolae
1030 4667 1360 4736 apprehensis
1403 4672 1563 4724 servis
1593 4673 1709 4742 ejus
1745 4675 1909 4730 alium

253 4811 260 4816 ,
326 4757 661 4820 ceciderunt,
712 4756 877 4809 alium
918 4755 1240 4821 occiderunt,
1289 4758 1452 4812 alium
1487 4778 1605 4816 vero
1645 4763 1912 4835 lapidape-

327 4858 472 4902 runt.
535 4845 691 4902 Servi
723 4859 852 4917 ergo
883 4845 976 4915 qui
1009 4845 1169 4916 primi
1208 4847 1355 4903 missi
1387 4859 1531 4917 sunt,
1563 4852 1687 4922 ipse
1725 4855 1912 4927 legifer

327 4937 540 5010 Moyses
574 4937 914 5007 intelligitur,
943 4943 1000 4992 et
1029 4937 1210 4991 Aaron
1259 4939 1467 5008 primus
1497 4945 1751 5001 sacerdos
1788 4946 1904 5002 Dei.

327 5030 403 5086 De
434 5031 632 5100 quibus
655 5029 912 5098 scriptum
939 5037 1024 5083 est
1051 5045 1066 5084 :
1099 5027 1246 5084 Misit
1265 5029 1485 5102 Moysen
1507 5051 1709 5090 servum
1728 5053 1906 5104 suum,

325 5131 373 5176 et
404 5121 585 5175 Aaron
633 5135 785 5191 quem
811 5117 960 5189 elegit
1000 5119 1171 5189 ipsum
1213 5117 1386 5190 (Psal.
1415 5121 1545 5195 etv),
1596 5130 1652 5177 et
1676 5123 1904 5195 reliqua.

327 5212 430 5278 Qui
469 5211 824 5282 quadraginta
857 5224 1028 5264 annos
1068 5208 1355 5265 continuos
1396 5209 1630 5267 fructum
1673 5214 1906 5284 aliquem

328 5298 482 5371 legis,
523 5317 687 5372 quam
715 5301 857 5355 Deus
905 5298 1010 5355 illis
1038 5298 1260 5354 dederat
1289 5315 1318 5354 a
1341 5300 1637 5358 cultoribus
1669 5303 1909 5374 inquire-

327 5389 478 5457 bant,
527 5391 621 5447 sed
655 5404 825 5446 emsos
850 5403 945 5444 eos
973 5386 1184 5458 flagello
1211 5387 1406 5459 linguae
1437 5390 1763 5446 dimiserunt
1819 5407 1910 5447 va-

325 5494 476 5541 cuos.
524 5479 872 5535 Irritaverunt
908 5479 1042 5534 enim
1092 5478 1308 5550 Moysen
1346 5481 1399 5536 in
1425 5483 1610 5538 castris
1657 5492 1707 5538 et
1730 5484 1910 5539 Aaron

326 5579 561 5624 sanctum
599 5568 830 5622 Domini.
893 5567 962 5623 Et
987 5578 1204 5623 vexatus
1227 5579 1305 5624 est
1342 5569 1546 5642 Moyses
1570 5583 1778 5643 propter
1799 5589 1908 5638 eos,

324 5669 445 5740 quia
483 5666 914 5722 exacerbaverunt
957 5668 1194 5738 spiritum
1230 5669 1345 5738 ejus
1379 5667 1548 5740 (Psal.
1579 5669 1687 5742 cv).
1720 5669 1821 5736 Qui
1856 5677 1912 5724 ct

2015 4481 2075 4527 ut
2115 4472 2427 4540 Jeremiam,
2491 4473 2657 4529 alium
2680 4477 3013 4541 occiderunt,
3067 4487 3128 4532 ut
3153 4478 3372 4546 Isaiam,
3427 4481 3593 4536 alium

2005 4563 2405 4632 iapidavernnt,
2432 4573 2492 4618 ut
2520 4563 2790 4630 Nabutha,
2819 4575 2873 4622 et
2893 4567 3209 4623 Zachariam
3235 4586 3396 4640 quem
3429 4572 3594 4627 inter-

2013 4651 2258 4708 fecerunt
2280 4654 2420 4708 inter
2447 4654 2704 4724 templum
2731 4666 2786 4711 et
2808 4656 2978 4712 altare
3007 4657 3156 4729 (Luc.
3190 4659 3288 4731 χι).
3315 4659 3589 4733 [llieron.]

2012 4745 2280 4816 Legamus
2303 4745 2599 4815 Epistulam
2626 4745 2777 4800 Pauli
2805 4749 2875 4803 ad
2903 4746 3179 4815 Hebrzeos,
3212 4759 3266 4804 et
3301 4767 3368 4806 ex
3393 4767 3456 4807 ea
3481 4752 3594 4821 ple-

2013 4836 2236 4891 nissime
2265 4836 2555 4904 discemus,
2594 4838 2684 4907 qui
2711 4839 2853 4894 servi
2875 4840 2982 4896 sint
3003 4841 3118 4907 Dei,
3153 4851 3210 4897 et
3235 4853 3435 4912 quanta
3469 4858 3594 4913 per-

2009 4927 2151 4998 pessi
2196 4933 2340 4981 sunt.

2083 5017 2377 5071 Novissime
2405 5025 2578 5072 autem
2601 5018 2743 5072 misit
2765 5020 2836 5074 ad
2856 5037 2944 5075 eos
2965 5019 3132 5091 ﬁlium
3149 5039 3324 5076 suum.
3356 5021 3589 5094 (Chrys.)

2010 5108 2079 5164 Et
2128 5107 2271 5162 hunc
2311 5121 2419 5162 non
2446 5110 2601 5178 quasi
2632 5110 2700 5166 ad
2735 5113 3000 5168 obnoxios
3047 5127 3220 5182 paenae
3260 5115 3586 5170 sententiam

2009 5199 2360 5272 bajulantem,
2409 5201 2504 5256 sed
2535 5204 2792 5272 patientia
2845 5203 3057 5258 veniam
3109 5211 3230 5274 post
3261 5212 3338 5258 tot
3380 5205 3588 5262 scelera

2010 5295 2190 5352 adhuc
2221 5297 2303 5352 eis
2323 5295 2709 5352 misericordiae
2737 5294 2914 5348 locum
2943 5294 3257 5348 reservavit.

2081 5387 2271 5442 Diceris
2298 5401 2316 5440 :
2352 5385 2674 5442 Verebantur
2701 5385 2872 5454 ﬁlium
2900 5400 3090 5438 meum.
3143 5383 3412 5458 (Uieron.)
3433 5385 3588 5453 Quod

2011 5479 2108 5545 ait,
2130 5481 2254 5551 quia
2286 5479 2650 5535 reverebantur
2661 5477 2833 5546 [ilium
2861 5491 3056 5541 meum,
3087 5491 3193 5530 non
3224 5491 3292 5530 ex
3315 5477 3408 5531 Dei
3436 5479 3581 5550 igno-

2011 5571 2186 5624 rantia
2236 5570 2403 5626 venit.
2461 5568 2599 5635 Quid
2626 5566 2772 5622 enim
2802 5565 3011 5620 nesciat
3043 5564 3461 5635 paterfamilias,
3490 5568 3586 5638 qui

2014 5665 2116 5719 hoc
2154 5662 2272 5720 loco
2323 5661 2464 5719 Deus
2515 5657 2846 5730 intelligitur,
2893 5660 2986 5715 sed
3033 5675 3248 5732 semper
3310 5660 3583 5736 ambigere
