4002 6188
373 297 508 353 1051
605 296 612 303 ’

1030 289 1090 343 Β.
1125 285 1381 343 RABANI
1419 282 1636 342 MAURI
1675 279 1995 338 ARCHIEP.
2039 277 2346 335 MOGUNT.
2388 279 2668 336 OPERUM
2703 277 2883 333 PARS
2920 278 2962 333 l.

3482 285 3629 343 1033.

368 409 511 464 Deus
531 405 748 471 dicitur,
797 410 853 458 ut
876 400 1046 485 libera
1069 398 1315 455 voluntas
1359 396 1565 451 homini
1614 400 1939 473 reservetur.
1972 392 2019 451 Α
2048 391 2299 462 Lapidem
2330 409 2478 463 quem
2506 392 2905 485 reprobaverunt
2941 391 3284 459 «ediﬁcantes,
3338 392 3631 467 hicofuctus

369 503 765 572 lnterrogemus
788 484 977 551 Arium
1025 504 1081 548 et
1112 490 1431 546 Eunomium
1463 504 1478 542 :
1510 487 1651 543 Ecce
1679 486 1838 540 Pater
1869 484 1950 540 di-

367 594 507 652 citur
542 592 812 660 ignorare,
851 592 905 639 et
928 581 1249 638 sententiam
1281 585 1568 649 temperat,
1604 584 1660 631 et
1686 583 1948 646 quantum

368 684 423 737 in
450 680 605 736 nobis
624 686 708 734 est
732 676 995 747 probatur
1044 687 1167 728 esse
1198 670 1480 725 mentitus.
1529 664 1801 736 Quidquid
1848 678 1948 732 pro

368 772 526 825 Patre
552 765 947 838 responderint,
991 764 1093 818 hoc
1118 761 1417 831 intelligant
1449 773 1546 829 pro
1572 756 1728 821 Filio,
1762 754 1856 826 qui
1890 768 1949 809 se

368 863 497 917 dicit
520 860 771 930 ignorare
805 849 1285 910 consummationis
1310 849 1474 903 diem.

441 947 693 1020 Agricola:
720 955 894 1000 autem
939 942 1163 997 videntes
1205 938 1375 1008 ﬁlium
1421 937 1663 991 dixerunt
1685 936 1827 989 intra
1854 948 1909 987 se
1929 945 1948 984 :

372 1041 472 1095 llic
502 1049 576 1094 est
620 1038 818 1101 lunares;
840 1034 1024 1097 venite,
1054 1029 1530 1091 occidamus'eum,
1570 1035 1618 1080 et
1647 1023 1949 1079 habebimus

369 1125 726 1181 hereditatem
767 1121 903 1192 ejus.
958 1116 1138 1191 ([ὶΑιι.)
1191 1113 1631 1170 Manifestissime
1689 1111 1992 1167 Dominus.

368 1216 562 1286 probat
608 1213 912 1270 Iudaeorum
949 1208 1220 1279 principes
1272 1221 1376 1261 non
1425 1220 1523 1275 per
1568 1202 1950 1275 ignorantiam,

370 1305 464 1361 sed
493 1319 588 1375 per
612 1303 866 1357 invidiam
902 1299 1235 1355 crueiﬁxisse
1277 1297 1472 1351 Filium
1506 1296 1621 1350 Dei.
1675 1293 1952 1349 Intellexe-

374 1402 501 1448 runt
520 1393 663 1448 enim
694 1392 837 1446 hunc
856 1404 996 1453 esse,
1041 1387 1127 1443 cui
1155 1387 1355 1442 dictum
1381 1391 1465 1440 est
1488 1402 1503 1439 :
1536 1381 1757 1438 Postula
1779 1401 1813 1436 a
1846 1398 1951 1447 me,

370 1496 417 1540 et
441 1485 577 1539 dabo
613 1484 915 1553 tibLgentes
961 1480 1315 1534 ltwreditatem
1342 1488 1509 1531 tuam.
1554 1475 1623 1530 Et
1645 1481 1953 1545 propterea,

376 1575 534 1644 quasi
586 1573 688 1628 sibi
715 1564 1056 1626 consulentes
1082 1567 1300 1622 aiebant
1330 1584 1345 1619 :
1380 1565 1513 1620 Ecce
1561 1563 1789 1618 mundus
1818 1571 1956 1616 totus

368 1675 484 1735 post
497 1681 614 1718 eum
636 1663 762 1716 abiit
785 1679 805 1727 ;
828 1671 875 1715 et
891 1661 937 1715 si
956 1660 1265 1713 dimittimus
1285 1673 1404 1711 eum
1425 1656 1520 1721 sic,
1545 1670 1722 1708 omnes
1747 1652 1956 1706 credent

2049 491 2123 537 est
2180 482 2235 536 in
2264 491 2417 552 caput
2463 480 2642 552 anguli
2666 498 2686 546 ;
2715 498 2747 535 a
2774 481 2998 535 Domino
3043 482 3240 550 factum
3269 501 3347 537 est
3382 486 3537 551 illud,
3580 497 3634 542 et

2049 581 2124 626 est
2147 571 2382 625 mirabile
2411 572 2467 625 in
2494 569 2658 625 oculis
2681 571 2868 624 nostris
2897 567 3068 642 (Psal.
3096 573 3282 643 cxvu).
3327 573 3635 644 Quomodo,

2051 662 2243 731 inquit,
2296 661 2602 731 implebitur
2630 661 2744 715 haec
2780 661 3085 731 prophetia,
3135 677 3257 732 quae
3287 663 3519 732 lapidem
3565 667 3642 720 ab

2048 752 2441 808 aediﬁcantibus
2467 752 2811 822 reprobatum
2864 752 2919 806 in
2947 763 3112 822 caput
3145 754 3328 824 anguli
3358 755 3489 810 dicit
3516 772 3640 812 esse

2048 846 2374 916 ponendum,
2408 844 2511 899 nisi
2537 844 2662 914 quia
2683 842 2932 899 Christus
2954 860 2986 898 a
3014 845 3169 899 vobis
3192 846 3534 914 reprobatns,
3582 856 3643 901 ct

2049 938 2259 992 occisus
2286 935 2572 991 credituris
2595 942 2679 989 est
2702 935 2952 1006 gentibus
2973 935 3369 1006 praedicandns,
3398 945 3457 990 ut
3477 939 3641 1006 quasi

2050 1025 2188 1096 lapis
2207 1026 2341 1081 duos
2360 1025 2598 1081 condens
2623 1026 2677 1080 in
2704 1026 3077 1097 semetipsum,
3099 1042 3166 1082 ex
3188 1036 3415 1098 utroque
3442 1029 3642 1097 populo

2051 1132 2211 1171 unam
2247 1117 2350 1173 sibi
2378 1115 2614 1171 ﬁdelium
2634 1117 2908 1172 civitatem
2963 1133 3130 1172 unum
3164 1118 3421 1188 templum
3468 1118 3644 1173 :ediﬁ-

2052 1215 2159 1263 eet.
2216 1207 2444 1262 Eosdem
2478 1207 2621 1261 enim
2653 1222 2938 1278 synagogas
2965 1208 3264 1273 ministros,
3315 1225 3450 1279 quos
3474 1225 3642 1280 supra

2052 1296 2273 1352 colonos
2315 1296 2551 1360 dixerat,
2575 1311 2719 1352 nunc
2742 1295 3077 1352 aediﬁcantes
3100 1297 3354 1368 appellat,
3392 1299 3519 1369 quia
3546 1302 3641 1369 qui

2028 1387 2323 1441 subditam
2352 1386 2457 1441 sibi
2480 1386 2693 1457 plebem
2726 1386 2793 1441 ad
2820 1386 3071 1443 ferendos
3090 1388 3218 1443 vitae
3245 1387 3456 1445 fructus
3482 1392 3646 1460 quasi

2054 1478 2271 1533 vineam
2306 1478 2553 1534 excolere
2593 1479 2692 1548 ipsi
2724 1479 2863 1533 hanc
2899 1480 3009 1534 Deo
3037 1480 3404 1536 inhabitatore
3424 1483 3649 1552 dignam

2055 1569 2211 1641 quasi
2228 1570 2444 1625 domum
2468 1576 2809 1633 construere,
2835 1577 2890 1623 et
2908 1583 3103 1624 ornare
3115 1568 3466 1638 jubebantur.
3490 1571 3649 1626 Unde

2056 1673 2115 1719 et
2134 1662 2418 1734 Apostolus
2443 1651 2687 1719 ﬁdelibus
2717 1662 2980 1727 scribens,
3012 1663 3089 1717 ait
3118 1680 3131 1717 :
3165 1663 3263 1717 Dei
3292 1664 3646 1734 agricultura,

376 1756 431 1807 in
456 1769 574 1806 eum
617 1749 790 1823 (Psal.
826 1747 923 1820 xl).
968 1747 1266 1803 Hzereditas
1293 1760 1424 1814 ergo
1472 1743 1595 1798 Filii
1617 1741 1858 1797 Ecclesia
1881 1747 1965 1795 est

2068 1756 2166 1810 Dei
2197 1755 2477 1824 aediﬁcatio
2510 1755 2633 1810 estis
2675 1753 2728 1828 (1
2763 1755 2886 1810 Cor.
2915 1755 3020 1826 ιιι).
3072 1752 3182 1809 Sed
3217 1754 3310 1824 qui
3340 1754 3511 1809 vinea:
3550 1754 3652 1809 Dei

371 1835 583 1901 cunctis
597 1844 647 1897 ei
669 1836 792 1897 data
808 1841 877 1896 de
894 1835 1161 1911 gentibbs.
1195 1837 1367 1904 Quam
1394 1851 1502 1889 non
1526 1835 1763 1890 moriens
1784 1833 1835 1888 ei
1858 1831 1961 1886 Ρειο
2059 1844 2294 1899 Ῑηιοιυω
2344 1859 2563 1915 negare,
2628 1844 2783 1914 quasi
2835 1843 3084 1914 agricola:
3130 1843 3259 1899 mali
3307 1843 3651 1908 laborabant.

374 1945 459 1991 ter
483 1934 715 2003 reliquit,
744 1932 837 1986 sed
863 1930 976 2000 ipse
996 1944 1094 1984 sua
1114 1934 1288 1982 morte
1309 1924 1626 1980 mirabiliter
1647 1921 1958 1993 acquisivit,

2068 1935 2225 1989 iidem
2282 1934 2439 2003 quasi
2477 1933 2603 1988 mali
2652 1934 2986 1990 eaunentarii
3040 1934 3226 1990 domui
3266 1934 3360 1989 Dei
3416 1935 3652 2005 lapidem

366 2041 539 2097 quam
589 2022 916 2094 ΐθειιτεθηάο
969 2019 1227 2090 Possedit
1283 2016 1437 2072 Hanc
1471 2024 1652 2071 amem
1681 2014 1866 2070 οθείεο
1893 2027 1959 2069 θο
2058 2027 2353 2098 pretiosum
2395 2025 2651 2092 electum,
2687 2026 2780 2096 qui
2831 2025 2915 2081 vel
2946 2025 3001 2080 in
3031 2025 3420 2089 fundamentis,
3468 2025 3555 2079 vel
3592 2025 3651 2079 in

380 2116 507 2172 mali
533 2113 708 2170 coloni
745 2110 1037 2182 prmripere
1062 2106 1440 2173 moliebantur,
1489 2121 1613 2161 cum
1641 2105 1961 2177 cruciﬁgen-

2068 2116 2258 2189 angulo
2284 2118 2567 2187 ponendus
2587 2124 2708 2171 erat
2729 2116 3072 2182 subtrahere,
3098 2115 3152 2171 id
3179 2113 3283 2181 est,
3314 2117 3473 2171 ﬁdem
3497 2116 3656 2172 Chri-

376 2216 457 2262 tcs
479 2220 601 2260 eum
654 2202 820 2258 Judaei
864 2200 1024 2255 ﬁdem
1059 2214 1180 2270 qua;
1202 2214 1297 2269 per
1318 2213 1441 2253 eum
1465 2204 1573 2264 est,
1620 2198 1962 2269 exstinguere

377 2305 434 2352 et
461 2310 613 2351 suam
638 2291 808 2364 magis
857 2305 976 2361 qua:
1001 2292 1070 2344 ex
1091 2288 1206 2360 lege
1228 2295 1314 2342 est
1359 2287 1628 2359 justitiam
1683 2284 1959 2357 przel‘erre,

378 2403 445 2445 ac
476 2384 726 2458 gentibus
762 2378 1062 2436 imbuendis
1089 2379 1426 2434 conabantur
1448 2378 1706 2432 inserere.

453 2476 519 2528 Et
563 2470 936 2544 apprehensum
996 2486 1116 2524 eum
1161 2470 1422 2541 ejecerunt
1461 2478 1611 2523 extra
1648 2467 1870 2533 vineam,
1914 2476 1963 2523 et

380 2546 704 2621 occiderunt.
756 2563 923 2618 Extra
975 2562 1191 2618 vineam
1233 2563 1408 2617 haeres
1453 2562 1630 2617 vineae
1665 2560 1966 2617 trucidatur

377 2659 504 2732 quia
533 2656 690 2715 .iesus
738 2666 796 2712 ut
827 2655 1196 2713 sanctiﬁearct
1219 2669 1318 2725 per
1348 2669 1506 2709 suum
1528 2654 1849 2725 sanguinem
1871 2667 1966 2723 po-

377 2750 585 2820 pulum,
633 2754 787 2803 extra
813 2755 1022 2816 portam
1058 2758 1251 2815 passus
1278 2751 1392 2808 est;
1435 2743 1549 2798 sive
1572 2741 1777 2811 ejectus
1807 2750 1965 2797 extra

377 2843 588 2896 vincam
635 2847 690 2895 et
709 2838 921 2894 occisus
948 2845 1053 2903 est,
1100 2836 1235 2906 quia
1262 2835 1416 2906 prius
1447 2834 1517 2889 ab
1555 2832 1963 2889 ineredulorum

379 2933 544 2989 corde
568 2930 832 3001 repulsus,
879 2944 946 2984 ac
964 2928 1158 2984 deinde
1176 2926 1325 2983 cruci
1355 2923 1605 2981 addictus
1626 2931 1726 2979 est.
1782 2922 1841 2977 ιιι
1865 2938 1964 2978 cu-

372 3021 464 3090 jus
501 3021 725 3092 ﬁguram
773 3019 985 3091 Moyses
1010 3018 1181 3073 altare
1201 3015 1524 3081 holocausti,
1571 3015 1626 3070 in
1653 3027 1761 3083 quo
1785 3011 1950 3068 victi-

2055 2208 2131 2264 sti
2183 2206 2523 2262 auditoribus
2558 2206 2673 2262 suis
2709 2207 3050 2261 conabantur
3094 2206 3327 2277 eripere.
3393 2206 3501 2262 Sed
3542 2207 3660 2262 illis

2060 2298 2371 2353 nolentibus
2431 2298 2572 2353 idem
2607 2297 2747 2369 lapis
2793 2306 2958 2367 caput
2995 2298 3177 2368 anguli
3213 2300 3468 2365 ﬁrmavit,
3521 2301 3661 2369 quia
3710 2312 3715 2315 '

2057 2388 2132 2444 de
2152 2397 2384 2458 utroque
2405 2388 2606 2461 populo
2624 2397 2893 2461 quotquot
2916 2390 3031 2461 ipse
3061 2389 3230 2447 voluit
3264 2406 3361 2446 sua
3386 2390 3491 2447 ﬁde
3514 2407 3653 2447 con-

2058 2480 2262 2553 jnnxit.

2133 2570 2263 2626 Ideo
2283 2570 2400 2626 dico
2424 2571 2584 2636 vobis,
2609 2573 2733 2644 quia
2755 2562 3026 2642 auferetur
3054 2589 3087 2627 a
3112 2572 3256 2628 vobis
3282 2590 3491 2645 regnum
3523 2573 3663 2640 Dei,

2060 2675 2113 2721 et
2138 2664 2354 2720 dabitur
2393 2666 2533 2736 genti
2573 2665 2789 2734 facienti
2822 2665 3026 2735 fructus
3056 2666 3191 2737 ejus.
3232 2666 3498 2739 (Hierom)
3539 2667 3659 2722 Ali-

2064 2758 2276 2828 quoties
2304 2757 2540 2814 diximus
2567 2771 2794 2828 regnum
2816 2758 2912 2812 Dei
2958 2756 3273 2827 Scripturas
3318 2767 3540 2814 sanctas
3570 2759 3661 2813 in—

2067 2848 2255 2918 telligi,
2285 2862 2422 2919 quas
2449 2847 2673 2904 abstulit
2704 2862 2736 2902 a
2765 2846 2986 2913 Judaeis,
3017 2855 3074 2904 et
3108 2849 3264 2904 nobis
3312 2849 3555 2915 tradidit,
3595 2858 3667 2904 ut

2065 2940 2328 2996 faciamus
2355 2938 2563 2996 fructus
2587 2952 2795 2995 earum.
2826 2939 2931 2994 lsta
2960 2948 3045 2994 est
3071 2940 3229 2995 vinea
3259 2955 3380 3009 qua:
3415 2940 3662 2995 traditur

2066 3031 2319 3102 agricolis
2363 3038 2418 3085 et
2465 3030 2853 3096 vineatoribus,
2890 3031 2945 3085 in
2972 3046 3101 3100 qua,
3150 3030 3244 3101 qui
3287 3031 3495 3101 operati
3544 3046 3660 3085 non

378 3128 589 3167 marum
610 3112 826 3183 sanguis
853 3111 1169 3166 funderetur
1212 3125 1318 3165 non
1342 3109 1483 3164 intra
1526 3105 1956 3170 tabernaculum,
1989 3096 2034 3159 C
2067 3096 2269 3178 τίει-ξω
2304 3136 2499 3176 nomen
2537 3129 2744 3176 tantum
2775 3096 3038 3178 habemés
3089 3096 3493 3192 δοξίριυιῖπαω
3529 3120 3656 3177 τω-

379 3202 476 3258 sed
504 3201 571 3256 ad
592 3200 789 3255 ostium
816 3200 1019 3269 posuit,
1063 3200 1292 3271 mystice
1311 3199 1511 3255 docens
1538 3197 1665 3268 quia
1692 3205 1747 3253 et
1778 3195 1961 3252 Domi-

381 3290 518 3347 nicte
558 3289 737 3344 crucis
791 3287 963 3342 altare
1004 3297 1154 3343 extra
1201 3287 1698 3359 Hierosolymorum
1750 3295 1965 3358 portatu

381 3381 705 3451 ponendum,
745 3387 800 3435 et
824 3380 940 3448 ipse
958 3393 1085 3434 vera
1109 3378 1287 3433 Patris
1312 3378 1489 3433 hostia
1531 3378 1778 3432 Christus
1809 3392 1842 3431 a
1872 3376 1967 3432 do-

385 3487 476 3526 mo
521 3470 849 3536 Judzeorum,
902 3484 1065 3539 quam
1105 3467 1543 3524 sanctiﬁcaturus
1587 3467 1814 3532 adierat,
1859 3480 1966 3520 non

388 3562 580 3616 intimo
600 3559 764 3614 corde
788 3556 1146 3628 recipiendus,
1184 3557 1280 3612 sed
1300 3555 1435 3612 loris
1456 3564 1603 3612 esset
1650 3571 1751 3611 suo
1774 3569 1970 3611 cruore

386 3650 691 3721 tingendus.
719 3648 870 3715 Quod
895 3663 1023 3704 vero
1050 3646 1346 3703 secundum
1368 3645 1609 3702 Marcum
1645 3654 1855 3701 mutato
1878 3661 1969 3701 or—

381 3743 508 3798 dine
555 3742 754 3797 dicitur
783 3759 795 3796 :
831 3741 901 3795 Et
943 3740 1379 3812 apprehendentes
1404 3754 1523 3794 eum
1561 3738 1883 3805 occiderunt,
1919 3747 1967 3792 et

382 3835 642 3903 ejccerunt
679 3824 992 3886 eunt‘extra
1030 3831 1234 3885 vineam
1278 3829 1472 3901 (Marc.
1515 3831 1637 3901 xu),
1681 3838 1836 3886 notat
1875 3844 1971 3891 eos

385 3924 714 3993 pertinaciae,
755 3921 846 3992 qui
882 3936 982 3976 nec
1007 3919 1271 3976 cruciﬁxo
1306 3928 1362 3975 et
1387 3921 1740 3976 ressuscitato
1767 3935 1799 3976 a
1826 3936 1971 3977 mor-

387 4016 493 4069 tuis
542 4014 767 4068 Domino
788 4012 1203 4084 praedicantibus
1228 4012 1484 4081 apostolis
1533 4013 1755 4069 credere
1782 4013 1969 4068 nolue-

386 4115 532 4168 runt,
564 4105 659 4160 sed
678 4104 832 4174 quasi
853 4104 1084 4159 cadaver
1114 4103 1220 4159 vile
1253 4104 1614 4183 projeeerunt,
1645 4103 1773 4173 quia
1795 4119 1971 4174 quan—
1994 4133 2011 4149 ς

388 4203 501 4249 tum
542 4195 594 4248 in
620 4210 680 4249 se
706 4203 825 4249 erat
852 4210 883 4248 a
916 4195 1028 4248 suis
1048 4208 1172 4249 eum
1199 4193 1396 4249 ﬁnibus
1437 4194 1787 4250 excludentes
1835 4208 1967 4265 gen-

387 4287 533 4341 tibus
572 4286 966 4355 suscipiendum
1010 4285 1291 4341 dederunt.

460 4376 589 4431 Cum
615 4394 737 4446 ergo
783 4377 972 4431 venerit
1001 4377 1242 4432 dominus
1268 4378 1447 4444 vincte,
1483 4378 1610 4449 quid
1634 4377 1790 4448 faciet
1820 4378 1968 4447 agri-

388 4469 518 4523 colis
548 4469 654 4523 illis
677 4469 703 4523 ?
730 4467 1032 4537 interrogat
1049 4483 1144 4523 eos
1168 4469 1429 4524 Dominus
1463 4447 1570 4524 non
1595 4447 1737 4539 quod
1756 4470 1969 4540 ignoret
1995 4447 2045 4506 D

387 4561 515 4631 quid
576 4559 889 4630 responsuri
925 4559 1054 4623 sint,
1115 4558 1212 4614 sed
1244 4567 1306 4613 ut
1345 4559 1563 4630 propria
1618 4558 1969 4629 responsione

391 4653 739 4705 damnentur.

460 4763 619 4816 Aiunt
666 4761 792 4815 illi:
818 4760 993 4817 Malos
1019 4760 1153 4816 male
1190 4760 1387 4831 perdet,
1438 4769 1487 4814 et
1526 4761 1727 4815 vineam
1776 4761 1969 4817 locabit

387 4853 507 4907 aliis
556 4850 827 4922 agricolis,
898 4858 989 4921 qui
1031 4850 1252 4904 reddant
1298 4837 1345 4904 ei
1382 4850 1614 4920 fructum
1652 4853 1967 4923 temporibus

385 4945 513 5001 suis.
567 4944 765 4998 Locata
792 4951 876 4998 est
898 4950 1075 4996 autem
1103 4928 1257 4996 nobis
1279 4941 1456 5005 vinea,
1481 4950 1538 4996 et
1567 4941 1741 4997 locata
1762 4958 1825 4997 ea
1848 4957 1971 4998 con-

386 5037 610 5101 ditione,
667 5042 729 5089 ut
768 5034 1057 5088 reddamus
1105 5033 1332 5087 Domino
1380 5031 1590 5088 fructus
1638 5034 1972 5102 temporibus

388 5130 517 5193 suis,
555 5137 608 5185 et
637 5128 871 5183 sciamus
896 5138 1218 5194 unoquoque
1252 5131 1514 5193 tempore,
1557 5122 1688 5192 quid
1724 5130 1972 5190 oporteat

391 5237 509 5286 nos,
542 5221 628 5276 vel
644 5221 788 5288 loqui
815 5217 899 5273 vel
921 5217 1118 5272 facere.
1161 5215 1294 5270 Cum
1320 5223 1500 5270 autem
1531 5214 1816 5279 dixissent,
1845 5214 1971 5284 quia

392 5314 614 5368 veniens
648 5311 898 5366 dominus
935 5309 1100 5363 vineae
1148 5314 1273 5377 post
1305 5305 1661 5377 perditionem
1705 5306 1972 5361 malorum

394 5404 750 5476 agricolarum
794 5402 1007 5456 vineam
1050 5400 1272 5453 daturus
1308 5406 1453 5453 esset
1486 5397 1627 5461 aliis,
1684 5397 1789 5452 hoc
1828 5397 1970 5451 idem

333 5477 344 5485 ’
392 5496 649 5550 Dominus
692 5494 766 5548 ita
797 5493 1051 5548 divinitus
1088 5490 1252 5546 fuisse
1280 5497 1627 5561 procuratum
1658 5492 1971 5562 prophetico

394 5590 573 5644 statim
619 5586 905 5641 allirmavit
934 5583 1198 5653 exemplo,
1251 5581 1543 5650 subjiciens
1576 5600 1589 5635 :

469 5679 599 5733 Dicit
630 5679 734 5734 illis
772 5677 966 5733 Jcsus:
1001 5676 1281 5748 Nunquam
1312 5676 1504 5746 legistis
1548 5677 1599 5731 in
1642 5677 1928 5746 Srripturis
1954 5694 1969 5729 :

2062 3221 2214 3270 ctum
2248 3212 2420 3268 vineae
2447 3212 2713 3283 perdituri
2741 3221 2889 3268 sunt.

2139 3305 2209 3360 Et
2240 3306 2330 3376 qui
2358 3304 2601 3360 ceciderit
2620 3321 2778 3375 super
2802 3303 3027 3375 lapidem
3048 3304 3229 3369 istum,
3263 3304 3655 3374 confringatur.

2068 3393 2241 3465 Super
2265 3410 2417 3464 quem
2448 3409 2565 3448 vero
2615 3392 2877 3457 ceciderit,
2915 3400 3142 3447 conteret
3174 3408 3312 3446 eum.
3364 3392 3518 3447 Aliud
3567 3403 3667 3449 est

2066 3481 2340 3538 oll‘endere
2364 3480 2640 3537 Christum
2669 3496 2766 3551 per
2816 3481 2959 3534 mala
3008 3495 3194 3550 opera,
3243 3480 3385 3534 aliud
3430 3496 3661 3552 negare.

2073 3591 2094 3624 ι
2122 3572 2223 3639 Qui
2242 3580 2497 3642 peccator
2523 3579 2626 3638 est,
2648 3578 2705 3626 et
2733 3578 2914 3625 tamen
2944 3571 3021 3625 illi
3045 3572 3240 3636 credit,
3264 3572 3401 3627 cadit
3422 3572 3659 3641 quidem

2069 3675 2233 3731 super
2285 3659 2540 3730 lapidem,
2597 3667 2654 3714 et
2693 3655 3078 3729 confringitur,
3135 3661 3230 3714 sed
3278 3675 3380 3715 non
3422 3661 3662 3715 omnino

2070 3749 2402 3816 conteritur;
2440 3756 2749 3804 reservatur
2774 3749 2918 3803 enim
2947 3763 3044 3818 per
3067 3749 3383 3818 patientiam
3412 3749 3479 3803 ad
3504 3749 3664 3804 salu-

2070 3848 2201 3895 tem.
2233 3839 2409 3910 Super
2435 3853 2597 3908 quem
2617 3854 2748 3893 vero
2772 3837 2860 3893 ille
2893 3838 3169 3903 ceciderit,
3194 3839 3248 3894 id
3275 3849 3379 3904 est,
3403 3841 3486 3894 cui
3515 3840 3666 3911 lapis

2071 3930 2187 4002 ipse
2236 3930 2475 3997 irruerit,
2528 3938 2586 3986 et
2631 3930 2724 3999 qui
2768 3929 3041 3984 Christum
3090 3930 3307 3999 penitus
3350 3941 3662 4000 negaverit,

2071 4030 2317 4078 comeset
2336 4037 2480 4088 eum,
2506 4029 2568 4076 ut
2602 4035 2672 4076 ne
2719 4028 2855 4076 testa
2879 4021 3096 4091 quidem
3124 4030 3402 4076 remaneat
3448 4021 3501 4075 in
3547 4037 3665 4092 qua

2072 4116 2352 4171 hauriatur
2375 4129 2528 4184 aqua:
2579 4112 2853 4184 pusillum.
2892 4112 3018 4169 Sive
3063 4113 3131 4168 de
3179 4111 3263 4168 bis
3312 4114 3463 4179 dicit,
3507 4116 3664 4185 quod

2071 4210 2269 4264 cadunt
2303 4222 2464 4278 super
2491 4221 2634 4272 eum,
2672 4206 2768 4276 qui
2798 4205 2947 4261 illum
2996 4205 3157 4261 modo
3189 4214 3541 4260 contemnunt
3572 4208 3663 4263 vel

2071 4298 2283 4369 injuriis
2305 4297 2564 4365 alliciunt,
2592 4297 2713 4353 ideo
2733 4297 2971 4352 nondum
2996 4296 3213 4366 penitus
3233 4297 3527 4358 intereunt.
3558 4300 3662 4353 sed

2072 4399 2251 4446 tamen
2274 4397 2704 4459 conquassantur
2745 4394 2806 4442 ut
2842 4402 2948 4442 non
2975 4386 3107 4441 recti
3141 4385 3439 4442 ambulent.
3475 4387 3663 4458 Supra

2071 4498 2207 4554 quos
2227 4490 2408 4537 autem
2431 4480 2596 4546 cadit,
2620 4479 2801 4534 veniet
2830 4478 2937 4534 illis
2967 4479 3196 4548 desuper
3225 4478 3279 4532 in
3296 4476 3499 4547 judicio
3524 4495 3663 4535 cum

2070 4588 2227 4645 plena
2257 4572 2594 4645 perditionis.
2627 4571 2753 4626 Ideo
2778 4570 2917 4624 dixit
2948 4570 3264 4623 comminuet
3304 4586 3416 4636 eos,
3448 4579 3509 4624 ut
3544 4572 3666 4627 sint

2069 4668 2216 4739 impii
2249 4678 2499 4739 tanquam
2537 4664 2706 4738 pulvis
2756 4680 2910 4735 quem
2964 4663 3176 4735 projicit
3219 4675 3401 4719 ventus
3446 4681 3480 4717 a
3517 4665 3667 4734 1⁵υὼ

2070 4769 2242 4814 terrm.

2142 4850 2209 4905 Et
2234 4867 2353 4905 cum
2375 4851 2641 4906 audissent
2664 4851 2923 4922 principes
2949 4851 3277 4905 sacerdotum
3316 4861 3364 4905 et
3396 4848 3669 4907 Pharisa'i

2075 4943 2355 5013 parabolas
2395 4943 2533 5012 ejus,
2575 4951 2922 5011 cognoverunt
2950 4941 3091 5011 quod
3115 4940 3180 4995 de
3205 4941 3335 5010 ipsis
3360 4941 3581 5005 diceret,
3612 4951 3669 4995 et

2073 5044 2362 5105 quaerentes
2413 5050 2533 5088 eum
2577 5043 2768 5099 tenere,
2818 5033 3103 5086 timuerunt
3144 5032 3346 5099 turbas,
3406 5032 3667 5101 quoniam

2074 5126 2207 5180 sicut
2231 5133 2534 5196 prophetam
2558 5141 2675 5179 eum
2698 5123 2981 5178 habebant.
3010 5122 3288 5192 Principes
3316 5122 3665 5177 sacerdotum

2075 5226 2133 5270 et
2178 5216 2401 5280 scribae,
2433 5216 2586 5284 quasi
2638 5214 2987 5269 mentientem
3022 5222 3211 5268 contra
3262 5228 3322 5268 se
3371 5213 3663 5268 Dominum

2078 5310 2393 5379 quaerebant
2415 5307 2751 5372 interﬁcere;
2781 5307 2875 5361 sed
2900 5307 3005 5361 hoc
3029 5305 3173 5360 idem
3193 5305 3483 5374 querendo
3498 5304 3667 5361 doce-

2078 5400 2211 5455 bant
2236 5414 2362 5455 vera
2391 5413 2512 5454 esse
2537 5413 2656 5469 quae
2684 5398 2911 5453 dixerat.
2953 5396 3073 5467 Ipse
3102 5395 3299 5465 quippe
3343 5404 3426 5448 est
3463 5395 3660 5454 hzeres.

2078 5493 2232 5564 cujus
2289 5492 2545 5561 injustam
2590 5505 2777 5546 necem
2819 5487 2997 5543 aiebat
3029 5500 3150 5542 esse
3198 5485 3581 5540 vindicandam
3629 5501 3658 5538 a

2081 5595 2250 5658 patre.
2281 5584 2359 5638 Illi
2403 5592 2581 5638 autem
2626 5596 2855 5652 nequam
2892 5577 3089 5643 coloni,
3121 5575 3214 5645 qui
3250 5573 3321 5628 ab
3364 5574 3661 5629 occidendo

2081 5679 2174 5733 Dei
2208 5677 2341 5731 Filio
2364 5675 2428 5729 ad
2458 5674 2725 5731 modicum
2759 5670 2971 5735 quidem
2999 5669 3194 5722 timore
3223 5666 3459 5721 humano
3485 5674 3657 5739 natas-
