4002 6188
455 330 593 387 1055

1412 329 1763 397 COMMENT.
1807 332 1875 386 IN
1916 332 2352 390 MATTIIJEUM.
2393 367 2461 379 —
2499 336 2626 392 LIB.
2670 338 2755 393 Vl.

3583 347 3715 403 I033

455 446 593 511 dari,
624 446 794 500 donec
821 452 1025 500 veniret
1052 443 1183 500 hora
1213 443 1346 516 ejus,
1379 461 1654 515 nunquam
1684 461 1815 500 vero
1844 444 2027 499 divino
2056 450 2102 508 Α
2133 445 2258 514 Quia
2307 446 2374 500 ad
2419 446 2850 518 conjungcndum
2901 450 3003 505 sibi
3052 451 3347 508 Ecclesium
3380 453 3716 522 incarnatus,

455 551 641 589 amore
667 543 890 604 potuere.
915 533 1174 588 cohiberi.
1205 533 1390 587 Morali
1440 548 1574 587 sane
1605 532 1878 587 intellectu
1914 532 2030 588 cui-

429 619 561 694 ‘qne
599 623 832 678 ﬁdelium
872 639 995 678 cum
1027 625 1342 694 mysterium
1400 624 1674 692 baptismi,
1702 623 1842 692 quod
1873 637 2032 678 excr-
2082 630 2084 632 ’

452 723 573 769 ceat
591 714 864 783 operando
889 714 1263 779 committitur,
1288 713 1441 782 quasi
1466 714 1622 768 vinea
1638 728 1801 782 quam
1821 712 2034 767 excolat

452 801 680 856 locatur.
707 801 935 856 Mittitur
959 815 1148 856 servus
1177 817 1316 856 unus
1341 800 1476 856 alter
1504 809 1559 857 ct
1589 801 1800 864 tertius,
1844 801 1934 869 qui
1966 801 2033 855 de

451 894 629 946 fructu
687 893 974 963 accipiant,
1027 909 1147 948 cum
1204 893 1310 958 lex,
1360 893 1677 962 psalmodia,
1727 893 2031 962 prophetia,

450 998 677 1052 quarum
709 983 1129 1037 admonitionem
1178 983 1315 1039 bene
1345 984 1556 1053 agendo
1593 993 1870 1052 sequatur,
1904 983 2032 1053 legi-

449 1083 557 1127 tur.
587 1071 692 1126 Sed
719 1072 916 1126 missus
939 1089 1127 1127 servus
1145 1074 1486 1128 contumeliis
1509 1073 1732 1128 allectus
1751 1074 1832 1128 vel
1857 1089 2030 1128 cresus

448 1161 681 1231 ejicitur,
707 1179 828 1217 cum
856 1177 1034 1217 sermo
1060 1163 1140 1217 vel
1163 1165 1545 1231 contemnitur,
1574 1165 1680 1230 vel,
1710 1165 1851 1234 quod
1877 1163 2030 1234 pejus

448 1263 551 1317 est,
583 1255 748 1308 etiam
772 1254 1174 1324 blasphematur
1207 1275 1219 1310 :
1251 1257 1476 1311 missum
1499 1257 1720 1327 insuper
1758 1259 2027 1312 hmredem

447 1355 706 1413 quantum
738 1344 790 1398 in
822 1361 880 1399 se
907 1354 990 1400 est
1019 1346 1235 1412 occidit,
1261 1348 1352 1416 qui
1383 1356 1440 1402 et
1464 1347 1659 1401 Filium
1692 1348 1784 1402 Dei
1811 1347 2029 1403 concul-

445 1435 670 1500 caverit,
701 1442 756 1489 et
777 1434 1000 1505 Spiritui
1031 1438 1238 1508 gratiae,
1265 1454 1372 1507 quo
1401 1439 1774 1494 sanetilicatus
1794 1447 1878 1494 est
1905 1454 2029 1494 con-

368 1560 372 1564 μ
448 1524 722 1579 tumeliam
753 1525 960 1580 fecerit.
987 1525 1203 1581 I’erdito
1228 1527 1368 1582 malo
1399 1529 1606 1582 cultore
1633 1529 1787 1583 vinea
1812 1529 2028 1583 dabitur

445 1614 619 1676 alteri,
667 1631 788 1670 cum
846 1617 986 1671 dono
1031 1618 1238 1688 gratim,
1293 1619 1436 1686 quod
1495 1619 1757 1688 superbus
1801 1620 2024 1688 sprevit,

444 1707 665 1762 humilis
694 1708 921 1778 quisque
947 1710 1227 1764 dilabitur.
1256 1710 1362 1765 Sed
1391 1713 1569 1766 ct-hoc
1592 1713 1731 1782 quod
1754 1713 2026 1782 principes

2136 535 2278 588 Deus
2301 536 2365 588 de
2387 535 2698 606 incorrupto
2720 545 2876 594 utero
2900 540 3124 611 virginis
3153 542 3345 596 exivit.

2205 625 2270 679 Et
2300 627 2436 680 misit
2458 644 2632 682 servos
2657 647 2780 684 suos
2817 649 2999 686 vocare
3031 635 3277 688 invitatos
3301 635 3370 687 ad
3403 637 3633 703 nuptias,
3674 646 3722 690 et

2133 715 2369 770 volebant
2392 720 2584 774 venire.
2616 719 2813 774 Iterum
2834 724 2973 777 misit
3001 722 3132 776 alios
3159 742 3335 779 servos
3357 726 3534 779 dicens
3558 743 3577 779 :
3625 726 3722 778 Di-

2133 808 2232 860 cite
2257 809 2488 863 invitatis
2511 827 2530 864 :
2574 809 2709 864 Ecce
2729 813 3012 880 prandium
3036 830 3204 867 meum
3225 817 3430 883 paravi,
3460 816 3600 868 tauri
3623 816 3723 868 mei

2132 910 2179 954 et
2208 899 2379 953 altilia
2397 903 2590 966 occisa,
2613 913 2659 955 et
2684 904 2858 956 omnia
2879 913 3070 972 parata
3105 917 3223 958 sunt
3252 919 3269 955 :
3308 906 3471 958 venite
3509 907 3578 958 ad
3613 922 3714 958 nu-

2130 993 2288 1062 ptias.
2341 992 2487 1047 Misit
2531 1009 2662 1064 ergo
2718 1009 2906 1049 servos
2939 1010 3089 1058 suos,
3147 1003 3206 1048 ut
3253 996 3318 1048 ad
3351 996 3481 1049 istas
3511 1003 3724 1066 nuptias

2132 1085 2337 1138 amicos
2367 1084 2676 1138 invitarent.
2727 1084 2870 1139 Misit
2919 1088 3108 1148 semel,
3145 1087 3291 1139 misit
3341 1087 3562 1151 iterum,
3594 1088 3722 1154 quia

2133 1170 2519 1226 incarnationis
2553 1173 2847 1227 Dominica‘.
2874 1175 3282 1244 praedicatores,
3332 1183 3387 1228 et
3415 1176 3568 1244 prius
3594 1191 3722 1245 pro-

2129 1263 2344 1332 phetas,
2376 1272 2430 1318 et
2479 1265 2823 1332 postmodum
2874 1266 3148 1334 apostolos
3177 1267 3327 1321 fecit.
3379 1267 3488 1322 llos
3540 1268 3723 1336 itaque

2130 1368 2317 1408 servos
2343 1354 2410 1408 ad
2432 1355 2768 1409 invitandum
2796 1356 2962 1420 misit,
2991 1357 3116 1424 quia
3142 1358 3575 1412 incarnationem
3605 1359 3721 1412 uni-

2131 1443 2315 1512 geniti,
2341 1451 2396 1498 et
2424 1459 2522 1514 per
2564 1447 2856 1515 prophetas
2883 1447 3022 1500 dixit
3067 1447 3323 1510 futuram,
3351 1460 3408 1503 et
3447 1465 3542 1518 per
3591 1464 3721 1517 apo-

2129 1530 2297 1590 stolos
2319 1535 2585 1590 nuntiavit
2614 1535 2832 1591 factam.
2883 1536 2988 1591 Sed
3014 1538 3139 1606 quia
3168 1539 3248 1604 hi,
3277 1540 3367 1607 qui
3398 1540 3550 1609 prius
3579 1539 3717 1593 invi-

2131 1627 2230 1681 tati
2258 1636 2403 1694 sunt,
2430 1628 2496 1683 ad
2525 1629 2837 1699 nuptiarum
2865 1629 3171 1683 convivium
3196 1631 3380 1685 venire
3409 1629 3715 1697 noluerunt,

2130 1718 2184 1773 in
2212 1720 2448 1775 secunda
2479 1720 2800 1776 invitatione
2823 1719 2936 1788 jam
2966 1721 3165 1774 dicitur
3198 1738 3211 1774 :
3259 1719 3394 1772 Ecce
3435 1721 3716 1790 prandium

445 1801 803 1864 sacerdotum,
828 1802 1019 1856 scribae
1043 1817 1108 1856 ac
1136 1803 1379 1858 seniores
1403 1818 1623 1858 manum
1651 1805 1865 1858 mittere
1888 1819 2028 1872 quac—
2053 1797 2100 1856 B
2129 1826 2299 1864 meum
2325 1811 2525 1880 paravi,
2547 1812 2688 1864 tauri
2710 1812 2810 1864 mei
2834 1821 2880 1863 et
2903 1810 3076 1864 altilia
3117 1812 3288 1864 occisa
3311 1820 3428 1863 sunt
3466 1821 3513 1864 et
3540 1811 3718 1864 omnia

445 1899 626 1946 rentes
673 1892 727 1946 in
773 1889 956 1946 Iesum
988 1893 1180 1947 timore
1215 1893 1385 1947 turbae
1431 1895 1753 1958 retinentur,
1785 1893 2028 1963 quotidie

441 1982 651 2051 geritur
675 1982 730 2036 in
755 1983 994 2038 Ecclesia
1029 1999 1153 2038 cum
1183 1984 1408 2054 quilibet
1437 1984 1552 2040 solo
1580 1985 1646 2039 dc
1666 1985 1882 2039 nomine
1911 1984 2024 2039 fra-

444 2083 526 2128 ter
553 2089 672 2129 eam
693 2090 851 2144 quam
891 2091 997 2129 non
1025 2077 1198 2144 diligit
1217 2077 1600 2132 ecclesiastica;
1625 2076 1748 2131 lidei
1791 2091 1855 2131 ac
1875 2075 2026 2146 pacis

442 2167 705 2222 unitatem
741 2177 961 2237 propter
1003 2170 1428 2226 cohabitantium
1486 2171 1716 2226 fratrum
1761 2171 2024 2226 bonorum

440 2257 837 2312 multitudinem
869 2267 964 2314 aut
1009 2261 1306 2326 erubescit,
1361 2270 1454 2315 aut
1484 2262 1639 2315 timet
1683 2261 2023 2331 impugnare.

440 2349 543 2416 Qui
601 2359 780 2403 tamen
838 2351 981 2405 sicut
1029 2351 1095 2405 de
1141 2351 1460 2406 stultissima
1490 2351 1671 2404 avium
1722 2350 2024 2405 struthione

439 2441 700 2496 Dominus
735 2442 848 2496 ait:
874 2441 1006 2496 Cum
1034 2451 1234 2512 tempus
1259 2442 1415 2512 fuerit
1438 2443 1493 2495 in
1521 2441 1688 2496 altum
1720 2443 1834 2496 alas
1871 2441 2023 2510 erigit

439 2528 562 2600 (Job
621 2531 808 2604 χχχιιι)
860 2549 874 2586 :
926 2532 1051 2602 quia
1097 2533 1470 2602 persequendo
1516 2533 1814 2589 Ecclesiam
1867 2532 2022 2603 quasi

438 2621 725 2677 Dominum
753 2623 902 2678 cruci
944 2623 1212 2688 addicere,
1254 2632 1310 2678 et
1336 2625 1570 2680 ostentui
1613 2624 1869 2697 gaudebit
1919 2625 2020 2680 ha-

436 2715 586 2770 here.

1012 2803 1239 2860 CAPUT
1278 2804 1441 2860 XXII.

435 2915 514 2971 De
532 2918 740 2990 homine
763 2935 876 2989 rege
899 2919 988 2990 qui
1017 2918 1134 2986 fecit
1177 2920 1418 2990 nuptias;
1447 2917 1510 2990 de
1558 2935 1713 2972 censu
1754 2917 2018 2990 Ctesaris;

503 2989 569 3042 de
598 2988 926 3058 mulierequi
947 2997 1136 3059 septem
1167 2989 1358 3060 fratres
1387 2988 1605 3055 habuit;
1633 2999 1681 3043 et
1705 2988 1854 3058 cujus
1874 2990 2018 3058 ﬁlius

467 3058 470 3062 ’
505 3059 572 3112 sit
606 3056 864 3112 Christus.

2126 1910 2335 1970 parata.
2366 1901 2502 1967 Quid
2527 1901 2580 1954 in
2612 1901 2785 1955 tauris
2812 1901 2895 1955 vel
2923 1901 3184 1965 altilibus,
3218 1900 3319 1955 nisi
3354 1899 3485 1955 Novi
3521 1916 3585 1954 ac
3613 1900 3715 1955 Ve-

2127 1993 2258 2048 teris
2311 1990 2641 2046 Tcstamenti
2695 1998 2880 2060 patres
2945 1990 3284 2059 accipimus?
3333 1989 3516 2044 Altilia
3569 1990 3711 2046 enim

2125 2089 2368 2154 saginata
2397 2081 2625 2135 dicimus
2654 2098 2667 2132 :
2699 2081 2766 2135 ab
2791 2093 2855 2135 co
2880 2081 3025 2134 enim
3052 2081 3300 2148 quod-est
3331 2080 3496 2145 alere,
3522 2080 3715 2143 altilia,

2124 2174 2279 2245 quasi
2328 2171 2516 2226 alitilia
2555 2186 2834 2226 vocamus.
2868 2171 3002 2226 Cum
3031 2177 3160 2226 vero
3213 2171 3266 2225 in
3302 2171 3418 2242 lege
3447 2172 3708 2242 scriptum

2123 2263 2214 2329 sit,
2242 2261 2435 2331 Diliges
2464 2261 2692 2314 amicum
2734 2269 2901 2325 tuum,
2932 2269 2980 2313 et
3036 2260 3155 2314 odio
3205 2260 3415 2314 habebis
3444 2261 3712 2313 inimicum

2123 2362 2271 2408 tuum
2295 2352 2510 2425 (Matth.
2534 2350 2624 2422 v);
2659 2359 2881 2421 accepta
2923 2359 3049 2406 tunc
3077 2349 3242 2419 justis
3270 2350 3487 2405 licentia
3515 2350 3710 2416 fuerat,

2123 2453 2184 2502 ut
2219 2445 2312 2501 Dei
2355 2461 2589 2515 suosque
2628 2445 2968 2500 adversarios
3005 2455 3210 2515 quanta
3264 2453 3484 2515 possent
3513 2446 3712 2502 virtute

2124 2536 2566 2606 comprimerent,
2616 2550 2818 2605 eosque
2839 2534 2964 2604 jure
2995 2536 3158 2606 gladii
3191 2534 3436 2592 ferirent.
3469 2537 3622 2604 Quod
3652 2537 3707 2590 in

2122 2625 2273 2683 Novo
2306 2626 2494 2698 procul
2545 2626 2708 2682 dubio
2750 2626 3105 2682 Testamento
3148 2627 3534 2698 compescitur,
3585 2642 3710 2681 cum

2121 2736 2220 2792 per
2254 2719 2598 2789 semetipsam
2625 2717 2840 2774 Veritas
2873 2719 3156 2789 praedicat,
3192 2719 3376 2773 dicens
3428 2737 3440 2772 :
3494 2717 3709 2788 Diligite

2121 2813 2360 2868 inimicos
2401 2821 2614 2876 t'estros,
2665 2820 2711 2865 et
2757 2811 3039 2880 benefacite
3084 2811 3164 2864 his
3205 2811 3292 2881 qui
3339 2810 3557 2864 oderunt
3622 2826 3708 2864 vos

2123 2903 2336 2978 (lbid.).
2381 2903 2520 2970 Quid
2569 2917 2699 2973 ergo
2742 2918 2839 2972 per
2887 2909 3074 2956 tauros
3130 2902 3233 2956 nisi
3281 2910 3462 2971 patres
3489 2900 3704 2955 Veteris

2123 2994 2457 3050 Testamenti
2489 2993 2882 3063 signiﬁcantur.
2925 2990 3059 3046 Nam
3088 2991 3212 3046 dum
3262 3006 3326 3044 ex
3351 2991 3708 3060 perinissionc

2120 3086 2255 3157 legis
2301 3091 2656 3155 acceperant;
2712 3091 2980 3152 quatenus
3031 3082 3372 3137 adversarios
3423 3097 3550 3135 suos
3597 3081 3706 3136 odii
3795 3123 3808 3130 ,

505 3171 575 3226 Et
599 3173 910 3241 respondens
932 3173 1109 3241 Jesus,
1142 3175 1275 3230 dixit
1301 3175 1489 3230 iterum
1530 3178 1586 3231 in
1621 3176 1886 3253 parabolis
1915 3177 2011 3241 eis,
2042 3179 2087 3241 α
2121 3175 2478 3231 retributione
2517 3180 2882 3242 percutercnt,
2913 3180 2971 3226 ut
3013 3173 3088 3226 ita
3127 3172 3327 3235 dicam,
3375 3171 3506 3240 quid
3559 3169 3704 3223 aliud

432 3264 610 3318 dicens
634 3281 653 3319 :
693 3263 878 3319 Simile
907 3266 1104 3334 factum
1140 3278 1213 3322 est
1259 3286 1473 3339 regnum
1521 3268 1767 3323 caelorum
1813 3269 2010 3322 homini

433 3355 561 3423 regi,
593 3355 682 3424 qui
705 3354 824 3423 fecit
847 3357 1053 3426 nuptias
1068 3357 1180 3426 ﬁlio
1208 3375 1323 3412 suo.
1345 3357 1433 3430 [1.]
1457 3357 1726 3429 (Ιιὶενοη.)
1753 3357 2014 3412 Ρὴωῆεωί

431 3445 791 3517 intclligcntes
845 3449 910 3502 de
955 3464 1015 3503 se
1058 3449 1162 3503 dici
1211 3449 1517 3518 parabolas,
1547 3449 1862 3518 quaerebant
1887 3465 2012 3503 cum

432 3544 619 3591 tenere
639 3547 691 3590 et
710 3537 975 3592 occidere.
1000 3538 1148 3592 llanc
1175 3554 1361 3593 eorum
1384 3539 1561 3593 sciens
1583 3538 1913 3594 voluntatem
1936 3539 2016 3593 ni-

431 3624 722 3679 hilominus
747 3627 925 3696 arguit
959 3636 1293 3696 peccatores.
1341 3628 1667 3697 Plerumque
1714 3630 1769 3684 in
1824 3638 2012 3685 sancto

431 3712 722 3784 Evangelio
740 3731 961 3786 regnum
989 3717 1248 3772 cmlorum
1289 3734 1530 3787 praesens
1561 3719 1800 3774 Ecclesia
1834 3720 2012 3774 nomi-

431 3819 612 3864 natur.
633 3795 990 3882 Congregatio
1005 3811 1202 3881 quippe
1223 3813 1491 3881 justorum
1513 3827 1735 3882 regnum
1748 3811 2011 3866 cmlorum

431 3899 628 3956 dicitur
650 3917 664 3954 :
689 3901 816 3970 quia
843 3901 986 3955 enim
1029 3917 1128 3971 per
1172 3903 1490 3971 prophetam
1542 3901 1802 3958 Dominus
1829 3902 1961 3956 dicit
1991 3918 2006 3957 :

431 3989 629 4046 Caelum
657 3993 784 4046 mihi
811 3993 955 4047 sedes
983 4003 1084 4059 est,
1129 4003 1269 4048 terra
1297 4003 1471 4048 autem
1511 3993 1792 4048 scabellum
1819 3995 2009 4064 pedum

428 4105 661 4142 meorum
688 4087 823 4160 (Isa.
851 4088 1018 4157 LXVI).
1058 4088 1126 4142 Et
1149 4087 1403 4142 Salomon
1445 4088 1521 4142 ait
1571 4102 1585 4141 :
1637 4089 1829 4141 Anima
1871 4089 2010 4158 justi

427 4177 574 4231 sedes
601 4178 892 4247 sapientite.
917 4176 1053 4231 Dum
1075 4177 1270 4232 cmlum
1286 4176 1484 4232 dicitur
1504 4177 1658 4232 sedes
1672 4177 1792 4242 Dei,
1809 4177 2008 4232 coelum

431 4282 564 4338 ergo
583 4275 670 4320 est
695 4267 875 4321 anima
901 4264 1051 4334 justi.
1081 4265 1218 4320 Iluic
1238 4281 1336 4335 per
1361 4265 1697 4336 psalmistam
1720 4267 1785 4321 de
1805 4266 2009 4322 sanctis

427 4358 874 4427 pnedicatoribus
900 4357 1096 4412 dicitur
1136 4375 1149 4410 :
1195 4356 1322 4410 Caeli
1361 4367 1611 4410 enarrant
1635 4356 1859 4427 gloriam
1907 4357 2008 4412 Dei

428 4448 601 4518 (Psal.
636 4448 813 4518 van).
846 4447 1091 4518 Regnum
1115 4462 1244 4518 ergo
1273 4447 1537 4503 cmlorum
1561 4457 1645 4504 est
1666 4449 1894 4505 ecclesia
1919 4449 2008 4518 ju-

2115 3281 2276 3336 quam
2309 3265 2446 3320 tauri
2479 3271 2652 3327 erant,
2684 3264 2774 3332 qui
2825 3263 3075 3318 inimicos
3115 3278 3242 3316 suos
3271 3261 3490 3316 virtutis
3519 3276 3709 3330 corpo-

2115 3372 2224 3412 rea:
2247 3371 2415 3411 cornu
2441 3355 2753 3410 feriebant?
2779 3354 2919 3422 Quid
2949 3369 3077 3408 vero
3105 3370 3201 3424 per
3221 3353 3411 3419 altilia,
3442 3353 3542 3408 nisi
3571 3351 3702 3406 Novi

2115 3448 2450 3503 Testamenti
2475 3446 2667 3504 Patres
2697 3446 3014 3516 ﬁgurantur.
3049 3445 3151 3512 Qui
3175 3447 3301 3500 dum
3334 3445 3559 3514 gratiam
3589 3444 3708 3514 pin-

2115 3539 2360 3612 guedinis
2381 3539 2608 3594 interna:
2628 3538 2954 3608 percipiunt,
2978 3537 3195 3592 aeternis
3225 3538 3515 3592 desideriis
3560 3536 3700 3590 inni-

2114 3638 2312 3695 tentes,
2341 3629 2409 3684 ad
2445 3629 2676 3683 sublima
2703 3629 3172 3697 contemplationis
3194 3643 3304 3682 sum
3326 3643 3502 3696 penna
3527 3628 3704 3683 suble—
3758 3636 3769 3646 '

2114 3727 2332 3771 vantur.

2183 3805 2276 3859 Illi
2322 3816 2494 3860 autem
2524 3805 2882 3876 neglexerunt,
2907 3816 2954 3860 et
2985 3807 3224 3861 abierunt
3271 3807 3409 3862 alius
3444 3809 3498 3862 in
3524 3809 3700 3864 villam

2113 3914 2288 3962 suam,
2332 3897 2468 3951 alius
2514 3914 2634 3952 vero
2681 3898 2751 3952 ad
2780 3900 3177 3968 negotiationem
3219 3919 3391 3957 suam.
3428 3903 3485 3961 In
3517 3904 3695 3960 villain

2112 3990 2310 4059 quippe
2337 3989 2415 4042 ire
2439 3998 2523 4042 est
2543 3987 2713 4043 labori
2739 3997 2954 4046 terreno
2980 3991 3334 4048 immoderate
3361 3994 3697 4052 incumbere.

2110 4079 2171 4134 III
2221 4078 2637 4148 negotiationem
2660 4094 2788 4134 vero
2820 4079 2916 4144 ire,
2950 4089 3034 4135 est
3061 4083 3334 4138 actionum
3356 4084 3695 4140 smcularium

2112 4170 2274 4225 lucris
2301 4169 2529 4225 inhiare.
2557 4169 2692 4236 Quia
2723 4172 2866 4226 enim
2897 4173 3035 4229 alius
3063 4174 3307 4230 intentus
3355 4176 3528 4232 labori
3579 4187 3690 4232 ter-

2111 4274 2267 4325 reno,
2321 4258 2460 4314 alius
2507 4275 2637 4314 vero
2689 4262 2875 4317 mundi
2925 4263 3086 4333 hujus
3130 4266 3434 4322 actionibus
3482 4267 3696 4324 deditus

2110 4348 2426 4420 mysterium
2441 4349 2827 4405 incarnationis
2848 4351 3142 4409 Dominica:
3156 4369 3408 4424 pensare,
3431 4365 3487 4411 et
3507 4373 3698 4412 secun-

2111 4443 2239 4496 dum
2269 4439 2399 4494 illud
2429 4441 2610 4495 vivere
2642 4441 2965 4510 dissimulat,
2995 4446 3148 4515 quasi
3176 4447 3245 4500 ad
3269 4447 3450 4505 villam
3475 4448 3558 4501 vel
3599 4463 3694 4502 ne-

426 4549 654 4595 storum.
698 4539 836 4606 Quia
865 4539 993 4594 dum
1022 4554 1210 4594 eorum
1242 4539 1404 4593 corda
1449 4538 1501 4592 in
1534 4547 1680 4594 terra
1721 4539 1855 4594 nihil
1885 4556 2003 4595 am-
2030 4523 2083 4582 D
2110 4533 2314 4604 gotium
2341 4546 2569 4602 pergens
2590 4532 2777 4587 venire
2805 4535 2872 4587 ad
2922 4537 3066 4608 regis
3113 4538 3328 4607 nuptias
3359 4548 3593 4606 recusat,
3643 4549 3698 4595 et

425 4634 602 4697 biunt,
623 4646 723 4701 per
753 4631 856 4685 hoc
883 4629 1026 4698 quod
1053 4629 1119 4683 ad
1143 4645 1376 4699 superna
1402 4630 1676 4700 suspirant
1701 4630 1815 4701 jam
1847 4631 1899 4686 in
1927 4633 2007 4688 eis

427 4723 704 4785 Dominus,
738 4721 891 4790 quasi
919 4721 973 4775 in
999 4719 1310 4775 ctelestibus
1337 4729 1546 4790 regnat.
1579 4721 1800 4776 Dicatur
1832 4736 1963 4793 ergo
1989 4740 2003 4777 :

398 4862 402 4866 .
427 4813 610 4868 Simile
628 4823 703 4867 est
731 4827 945 4882 regnum
972 4809 1219 4864 ctelorum
1245 4810 1442 4864 homini
1469 4812 1594 4881 regi,
1625 4813 1715 4882 qui
1741 4811 1860 4881 fecit
1906 4830 2005 4866 nu-

424 4906 560 4974 ptias
607 4903 722 4973 ﬁlio
767 4919 884 4957 suo.
937 4900 1069 4968 Quis
1097 4907 1180 4956 est
1232 4915 1348 4967 rex,
1379 4901 1524 4970 regis
1560 4901 1657 4956 lilii
1685 4904 1881 4972 pater?
1916 4903 2004 4958 ille

425 4997 683 5052 nimirum
721 4997 808 5052 cui
853 5012 950 5066 per
991 4995 1336 5050 Psalmistam
1380 4996 1497 5049 ait:
1530 4995 1694 5062 Deus,
1737 4996 2005 5065 judicium

427 5098 574 5142 tuum
600 5088 705 5157 regi
732 5087 823 5152 da,
849 5096 897 5140 et
920 5087 1178 5153 justitiam
1207 5094 1352 5139 tuam
1391 5085 1504 5154 filio
1547 5087 1700 5156 regis,
1749 5087 1839 5156 qui
1883 5087 2007 5154 fecit

426 5178 634 5250 nuptias
660 5178 770 5247 ﬁlio
795 5195 892 5232 suo
913 5176 1084 5249 (Psal.
1123 5177 1292 5249 LXXI).
1326 5176 1385 5232 III
1417 5177 1518 5233 hoc
1547 5177 1705 5232 Pater
1733 5177 1846 5247 regi
1869 5176 2008 5232 Filio

425 5271 643 5339 nuptias
687 5268 838 5335 fecit,
866 5284 973 5339 quo
1016 5268 1066 5323 ci
1119 5283 1217 5339 per
1269 5269 1658 5324 incarnationis
1686 5268 2007 5339 mysterium

425 5369 669 5416 sanctam
696 5359 997 5415 Ecelesiam
1047 5358 1294 5414 sociavit.
1345 5357 1546 5414 Utcrus
1570 5369 1751 5413 autem
1779 5359 2006 5430 virginis

425 5454 704 5526 genitricis
723 5453 880 5524 hujus
901 5451 1080 5521 sponsi
1108 5450 1376 5506 thalamus
1397 5449 1500 5504 fuit
1522 5469 1535 5505 :
1563 5449 1713 5506 Unde
1725 5449 2005 5518 psalmista

423 5548 556 5602 dicit
586 5565 598 5601 :
624 5546 691 5600 In
715 5544 823 5600 sole
858 5544 1029 5614 posuit
1066 5541 1459 5597 tabernaculum
1486 5557 1660 5604 suum,
1684 5550 1730 5594 et
1761 5541 1869 5611 ipse
1889 5550 2008 5594 tan-

425 5655 580 5704 quam
599 5653 816 5708 sponsus
837 5634 1118 5707 procedens
1139 5633 1202 5687 de
1230 5633 1462 5688 thalamo
1485 5649 1580 5687 suo
1609 5631 1782 5705 (Psal.
1826 5632 2002 5706 XVIII).

429 5727 704 5799 Tanquam
732 5743 960 5798 sponsus
992 5727 1185 5798 quippe
1217 5725 1280 5782 de
1309 5724 1546 5780 thalamo
1578 5740 1674 5781 suo
1718 5727 2000 5797 processit,

2108 4627 2425 4696 plerumque
2451 4623 2616 4696 (quod
2636 4633 2720 4679 est
2747 4626 2985 4698 gravius)
3014 4629 3255 4682 nonnulli
3297 4631 3541 4686 vocantis
3567 4647 3694 4703 gra-

2109 4717 2239 4771 tiam
2264 4733 2370 4770 non
2398 4717 2571 4771 solum
2603 4725 2882 4786 respuunt,
2913 4718 3009 4773 sed
3055 4720 3219 4774 etiam
3270 4731 3690 4793 persequuntur.

2114 4806 2264 4862 Unde
2285 4815 2340 4862 et
2367 4807 2616 4861 subditur
2656 4822 2670 4861 :

2184 4900 2387 4972 Reliqui
2422 4917 2539 4953 vero
2589 4911 2864 4955 tenuerunt
2911 4919 3082 4958 servos
3133 4905 3266 4974 ejus,
3303 4915 3350 4958 et
3382 4906 3696 4960 contumelia

2109 4992 2323 5062 a/fectos
2367 4991 2687 5044 occiderunt.
2731 4991 2844 5046 Rea:
2874 5003 3048 5047 autem
3095 5011 3214 5048 cum
3253 4995 3481 5049 audisset
3525 4996 3694 5049 iratus

2110 5092 2206 5149 est,
2235 5092 2282 5137 et
2308 5081 2481 5136 missis
2503 5082 2812 5136 exercitibus
2839 5084 2949 5137 suis
2971 5084 3196 5153 perdidit
3237 5084 3528 5136 homicidas
3555 5084 3692 5148 illos,

2109 5181 2157 5226 et
2188 5171 2443 5224 civitatem
2467 5168 2678 5223 illorum
2703 5171 2990 5224 succendit.
3027 5169 3260 5241 (Chrys)
3295 5170 3406 5225 [Ioc
3449 5179 3549 5235 est,
3584 5172 3695 5225 llo-

2112 5274 2302 5315 manos
2348 5259 2448 5313 sub
2497 5260 2634 5314 duce
2678 5260 3010 5329 Vespasiano
3059 5270 3110 5314 et
3159 5261 3304 5325 Tito,
3358 5261 3449 5330 qui
3499 5263 3694 5318 occisis

2108 5349 2308 5407 Iudam
2367 5353 2576 5422 populis
2623 5354 3110 5423 praevaricalricem
3167 5360 3558 5413 succenderant
3617 5361 3697 5414 ei-

2108 5447 2353 5501 vitatem.
2385 5444 2449 5518 (ϐ
2459 5445 2588 5517 reg.)
2629 5446 2756 5501 Sive
2782 5447 2960 5511 aliter,
2990 5449 3290 5505 homicidas
3317 5452 3568 5521 perdidit,
3599 5455 3695 5523 qui

2107 5547 2498 5608 persequentes
2521 5538 2844 5605 intervenit;
2867 5539 3142 5596 civitatem
3179 5543 3394 5598 illorum
3418 5545 3698 5599 succendit

2109 5630 2240 5701 igni,
2265 5631 2391 5700 quia
2413 5631 2625 5686 illorum
2652 5647 2759 5686 non
2786 5631 2957 5687 solum
2981 5633 3194 5699 animae,
3221 5636 3314 5690 sed
3334 5651 3461 5690 caro
3484 5651 3696 5705 quoque

2109 5721 2296 5791 inqua
2341 5720 2717 5776 habitaverunt
2744 5731 2960 5778 interna:
3002 5724 3260 5796 ge‘hcnuze
3312 5724 3525 5781 llannna
3568 5742 3692 5782 cru-
