4002 6188
261 253 264 258 .
317 301 453 358 l055

960 295 1021 350 B.
1063 287 1318 348 RABANI
1353 285 1576 347 MAURI
1613 283 1913 343 ARCHIEP
1975 283 2287 342 MOGUNT.
2325 282 2612 341 OPERUM
2650 283 2830 339 PARS
2867 283 2908 338 Ι.

3436 287 3583 344 1υ56

249 399 255 412 ’
313 415 506 469 ciatur.
534 411 714 468 Missis
735 421 864 464 vero
887 403 1216 460 exercitibus
1248 400 1572 458 exstinxisse
1593 396 1894 454 homicidas
1922 410 1973 468 Α
1999 405 2082 450 ter
2115 394 2312 449 omium
2334 401 2389 449 et
2409 393 2676 448 infernum
2705 394 2808 448 sita
2829 403 2935 460 est,
2963 394 3103 449 sicut
3128 397 3184 450 in
3210 397 3388 454 medio
3411 400 3590 455 subsi-

281 563 287 578 ,
313 503 531 568 dicitur,
554 501 680 571 quia
703 499 756 554 in
783 495 1092 552 hominibus
1119 506 1280 548 omne
1310 490 1575 560 judicium
1604 503 1702 558 per
1728 503 1897 559 ange-

316 591 396 650 los
436 593 744 649 exhibetur.
800 587 939 656 Quid
991 599 1224 655 namque
1267 593 1398 640 sunt
1446 582 1536 637 illa
1581 580 1894 652 angelorum

313 684 528 755 agmina
549 682 651 737 nisi
675 679 950 736 exercitus
977 678 1121 748 regis
1141 676 1349 731 nostri?
1379 674 1533 730 Unde
1556 682 1611 729 et
1636 674 1776 728 idem
1799 686 1896 726 rex

320 774 572 828 Deminus
601 771 836 826 Sabaoth
862 769 1088 824 dicitur:
1112 766 1350 823 Sabaoth
1363 764 1560 835 quippe
1579 763 1898 818 exercituum

316 864 724 932 interpretatur.
773 859 856 914 Ad
882 857 1186 929 perdendos
1231 871 1362 925 ergo
1402 855 1745 910 adversarios
1772 867 1900 908 suos

315 953 614 1007 exercitum
655 949 842 1014 mittit,
875 948 1000 1019 quia
1029 947 1282 1001 nimirum
1309 944 1605 999 vindictam
1640 941 1900 998 Dominus

316 1059 413 1114 per
433 1045 655 1115 angelos
678 1050 916 1098 exercet.
948 1038 1116 1108 Cujus
1148 1036 1400 1092 vindicta
1425 1035 1723 1106 potentiam
1769 1043 1902 1088 tunc

317 1135 487 1192 nostri
537 1145 720 1205 patres
768 1134 1081 1196 audiebant,
1112 1147 1212 1186 nos
1258 1138 1438 1184 autem
1462 1127 1573 1198 jam
1606 1127 1897 1182 cernimus.

318 1225 421 1281 Ubi
450 1235 578 1281 sunt
597 1227 740 1280 enim
787 1224 1006 1294 superbi
1055 1223 1130 1277 illi
1158 1229 1457 1292 martyrum
1483 1217 1912 1291 persecutores!

327 1316 426 1373 Ubi
455 1316 531 1370 illi
563 1316 653 1385 qui
681 1322 867 1370 contra
894 1313 1229 1370 conditorem
1281 1327 1438 1366 suum
1463 1312 1731 1366 cervicem
1775 1325 1902 1364 cor-

319 1407 402 1461 dis
427 1413 737 1469 erexerant,
789 1411 846 1459 et
887 1403 954 1458 de
989 1403 1148 1472 hujus
1194 1399 1381 1456 mundi
1422 1399 1593 1470 gloria
1621 1396 1902 1452 mortifera

318 1495 646 1552 tumebunt?
681 1494 947 1565 Ecccjam
986 1508 1140 1548 mors
1163 1499 1462 1564 martyrum
1491 1489 1649 1545 lloret
1697 1490 1750 1544 in
1797 1486 1906 1543 llde

319 1589 638 1656 viVentium,
666 1598 722 1644 et
741 1589 796 1643 hi
820 1588 913 1658 qui
945 1594 1135 1642 contra
1179 1585 1298 1640 illos
1327 1585 1395 1640 de
1445 1582 1765 1638 crudelitate
1806 1595 1903 1635 sua

319 1681 536 1751 gloriati
557 1689 702 1744 sunt,
750 1693 1089 1748 nequaquam
1119 1678 1186 1730 ad
1206 1675 1524 1730 memoriam
1546 1681 1788 1728 nostram
1815 1688 1902 1727 ve-

1997 485 2112 550 stit,
2172 484 2249 538 ita
2303 492 2656 552 utrarumque
2711 484 2948 553 partium
3025 485 3170 540 cives
3221 489 3590 544 communiter

1998 577 2208 648 recipit.
2236 576 2382 644 Quos
2409 585 2585 631 tamen
2615 586 2802 631 sancta
2842 576 3102 642 Ecclesia,
3129 587 3186 632 et
3228 595 3372 634 nunc
3417 579 3593 636 indis-

1999 677 2146 725 erete
2179 669 2423 738 suscipit,
2449 677 2506 724 et
2531 669 2872 739 postmodum
2895 669 2949 722 in
2975 671 3282 741 egressione
3303 672 3590 728 discernit.

1997 758 2133 814 Cum
2162 774 2356 831 magno
2381 760 2525 814 enim
2555 761 2749 814 timore
2778 761 3114 830 pensandum
3143 769 3247 827 est,
3283 764 3426 832 quod
3455 779 3593 835 pro-

2001 851 2144 906 tinus
2177 851 2426 906 subditur
2447 865 2464 906 :

2069 942 2296 997 Intravit
2313 952 2489 998 autem
2514 958 2624 1008 rex,
2650 952 2706 996 ut
2733 943 2926 996 videret
2951 944 3354 1011 discumbentes,
3384 955 3435 1000 et
3458 948 3591 1002 cidit

2001 1033 2071 1088 ibi
2099 1034 2359 1088 hominem
2404 1050 2508 1087 non
2553 1034 2794 1087 vestitum
2817 1044 2954 1087 veste
2983 1034 3230 1104 nuptiali,
3260 1044 3310 1088 et
3351 1037 3428 1089 ait
3466 1037 3591 1092 illi:

2001 1123 2198 1189 Amice,
2223 1126 2480 1196 quomodo
2514 1126 2614 1178 huc
2635 1125 2866 1189 intrasti,
2896 1142 2999 1180 non
3045 1126 3240 1181 habens
3264 1137 3452 1181 vestem
3483 1146 3592 1182 nu-

2000 1213 2212 1284 ptialem
2235 1215 2260 1267 ?
2283 1213 2348 1267 At
2374 1214 2463 1269 ille
2489 1214 2764 1268 obmutuit.
2794 1213 3063 1289 (Hierom)
3092 1216 3156 1270 ili
3187 1227 3370 1272 autem
3396 1220 3488 1288 qui
3508 1221 3596 1273 in-

2001 1301 2156 1358 vitati
2179 1311 2336 1359 erant
2377 1305 2446 1358 ad
2496 1305 2714 1374 nuptias
2765 1305 2834 1361 de
2864 1306 3115 1376 ,sepihus,
3157 1316 3213 1362 et
3256 1310 3489 1378 angulis,
3539 1319 3598 1365 et

2003 1393 2217 1463 plateis,
2249 1402 2304 1448 et
2332 1395 2559 1450 diversis
2587 1395 2742 1461 locis,
2788 1410 3002 1451 cmnam
3033 1395 3162 1467 legis
3207 1399 3592 1469 impleverant.

2005 1482 2113 1538 Sed
2139 1493 2323 1554 postea
2352 1500 2474 1540 cum
2503 1487 2742 1541 venisset
2765 1501 2880 1552 rex,
2915 1495 2977 1541 ut
3008 1487 3219 1542 videret
3242 1489 3597 1545 discumben—

2007 1580 2088 1627 tes
2111 1573 2164 1626 in
2185 1574 2434 1629 convivio
2463 1588 2582 1640 suo,
2606 1575 2711 1629 hoc
2731 1584 2834 1641 est,
2861 1575 3019 1646 quasi
3045 1591 3140 1630 sua
3162 1576 3215 1631 in
3239 1577 3344 1632 ﬁde
3383 1581 3598 1649 requie-

2006 1672 2219 1718 scentes
2245 1665 2299 1718 in
2321 1665 2600 1734 diejudicii
2626 1665 2871 1720 visitaret
2889 1667 3164 1732 convivas,
3184 1676 3240 1723 et
3262 1669 3602 1726 discerneret

322 1773 500 1836 uiunt,
531 1771 616 1824 vel
651 1771 704 1824 in
731 1783 954 1824 numero
980 1776 1338 1823 mortuorum.
1369 1767 1554 1822 Rebus
1595 1780 1726 1836 ergo
1755 1779 1908 1819 reco-

2020 1754 2202 1808 merita
2227 1754 2582 1824 singulorum,
2621 1756 2826 1811 invenit
2867 1772 3034 1810 unum
3067 1759 3159 1827 qui
3191 1768 3344 1815 veste
3374 1761 3599 1816 indutus

324 1859 652 1931 guoscimus,
700 1859 842 1928 quod
889 1859 943 1912 in
993 1856 1264 1926 parabolis
1293 1855 1561 1920 audimus,
1613 1855 1708 1909 sed
1737 1854 1784 1909 is
1817 1852 1909 1923 qui

323 1950 643 2006 invitantem
665 1964 726 2005 se
755 1949 1025 2003 contemni
1057 1947 1339 2017 conspicit,
1384 1946 1529 2015 regis
1558 1944 1652 1999 lilii
1695 1943 1910 2014 nuptias

324 2058 527 2098 vacuas
558 2057 664 2096 non
692 2041 931 2096 habebit.
955 2040 1038 2095 Ad
1069 2039 1204 2094 alios
1230 2038 1417 2104 mittit,
1465 2038 1591 2108 quia
1613 2037 1739 2092 etsi
1769 2037 1911 2106 apud

325 2134 538 2205 aliquos
559 2133 790 2199 laborat,
819 2131 1140 2202 quandoque
1167 2139 1347 2186 tamen
1379 2144 1560 2186 sermo
1595 2129 1691 2184 Dei
1719 2129 1911 2185 inven.

323 2233 482 2278 turus
511 2231 616 2286 est,
647 2222 738 2276 ubi
777 2221 1100 2290 requiescat.
1131 2218 1286 2274 Unde
1314 2227 1369 2272 et
1394 2215 1642 2274 subditur
1678 2233 1692 2270 :

397 2309 439 2366 Τ
442 2327 542 2365 unc
573 2311 644 2364 ait
671 2309 830 2364 servis
859 2309 968 2364 suis
993 2325 1011 2364 :
1038 2308 1254 2380 Nuptia:
1276 2307 1486 2379 quidem
1531 2316 1733 2378 parata:
1766 2315 1909 2362 sunt.

321 2403 380 2457 id
439 2410 565 2466 est,
632 2417 793 2457 omne
847 2409 1252 2456 sacramentum
1325 2401 1576 2454 humanae
1636 2399 1917 2469 dispensa-

325 2493 490 2550 tionis
514 2491 836 2556 nativitatis,
866 2491 1142 2561 baptismi,
1175 2490 1598 2560 praedicationis,
1623 2489 1912 2560 passionis,

325 2581 765 2647 resurrectionis,
803 2587 970 2651 atque
992 2580 1326 2636 ascensionis
1352 2577 1475 2634 Filii
1514 2579 1610 2635 Del
1632 2589 1916 2649 peractum

327 2685 431 2732 est.

400 2767 508 2823 Sed
532 2771 621 2840 qui
639 2769 841 2823 invitati
873 2776 1045 2835 erant,
1087 2783 1191 2822 non
1235 2763 1448 2837 fuerunt
1476 2767 1640 2839 digni.
1675 2766 1790 2822 Hoc
1835 2773 1919 2821 est

327 2856 520 2924 Judmi,
549 2859 640 2928 qui
687 2874 784 2929 per
825 2859 1000 2930 legem
1045 2866 1102 2914 et
1139 2858 1429 2929 prophetas
1474 2858 1542 2913 ad
1588 2859 1916 2916 credendum

331 2949 549 3006 Christo
596 2951 810 3007 invitati
869 2959 1015 3018 sunt,
1065 2959 1470 3006 sacramentum
1525 2951 1918 3010 incarnationis

333 3051 676 3109 respuerunt.
701 3041 808 3096 Sed
831 3042 918 3097 his
950 3041 1024 3096 ita
1060 3040 1249 3113 gestis,
1297 3040 1642 3098 manifestum
1691 3052 1776 3099 est
1799 3045 1918 3114 qui-

2015 1857 2122 1902 non
2145 1857 2265 1904 erat
2288 1849 2532 1919 nuptiali.
2562 1849 2714 1907 Unus
2737 1851 2857 1914 iste,
2885 1865 3074 1907 omnes
3109 1853 3200 1922 qui
3231 1855 3419 1909 sociati
3466 1867 3599 1911 sunt

2013 1939 2068 1995 in
2099 1939 2301 1994 malitia
2342 1941 2733 2012 intelliguntur.
2764 1940 2944 1998 Vestis
2971 1953 3151 1998 autem
3179 1945 3432 2017 nuptialis
3456 1961 3599 2016 pra:-

2010 2038 2168 2098 cepta
2195 2037 2321 2084 sunt
2353 2031 2566 2086 Domini
2591 2039 2648 2086 et
2670 2046 2835 2102 opera
2873 2049 2995 2104 qua:
3015 2034 3354 2104 complentur
3377 2051 3444 2090 ex
3478 2036 3600 2109 lege

2011 2132 2072 2177 et
2093 2123 2402 2194 Evangelio,
2425 2125 2660 2194 novique
2683 2125 2921 2181 hominis
2935 2125 3171 2182 elliciunt
3189 2129 3595 2184 vestimentum.

2011 2213 2219 2284 Siquis
2241 2215 2404 2286 igitur
2431 2215 2483 2270 in
2509 2225 2748 2286 tempore
2785 2214 2976 2285 judicii
3022 2217 3274 2272 inventus
3302 2217 3467 2274 fuerit
3494 2219 3600 2275 sub

2015 2309 2232 2362 nomine
2251 2309 2556 2365 Christiano
2575 2324 2682 2365 non
2704 2310 2907 2365 habere
2934 2311 3314 2366 vestimentum
3337 2312 3599 2382 nuptiale,

2016 2400 2073 2456 id
2095 2409 2200 2467 est,
2229 2411 2432 2456 vestem
2457 2401 2693 2457 caelestis
2722 2402 2978 2467 hominis,
3016 2403 3111 2457 sed
3135 2411 3372 2457 veterem
3415 2401 3600 2471 pollu-

2016 2498 2151 2557 tam,
2179 2490 2230 2545 id
2256 2500 2359 2556 est,
2387 2491 2585 2546 veteris
2614 2491 2850 2547 hominis
2877 2491 3118 2556 exuvias,
3142 2491 3232 2546 hic
3260 2493 3443 2546 statim
3465 2506 3601 2548 cor-

2017 2581 2232 2652 ripitur,
2259 2581 2530 2638 etdicitur
2548 2583 2599 2638 ei
2630 2599 2644 2636 :
2693 2583 2892 2648 Amice,
2932 2582 3189 2653 quomodo
3215 2583 3316 2636 huc
3341 2584 3552 2638 intrasti
3574 2583 3604 2637 2

2017 2673 2263 2727 Amicum
2283 2681 2460 2740 vocat,
2487 2673 2628 2743 quod
2659 2673 2917 2728 invitatus
2955 2673 3022 2727 ad
3047 2672 3261 2743 nuptias
3284 2682 3385 2728 est.
3410 2674 3606 2744 Arguit

2019 2761 2384 2833 impudentiae,
2425 2763 2570 2833 quod
2602 2772 2753 2818 veste
2778 2762 2996 2817 sordida
3023 2762 3317 2818 munditias
3342 2763 3600 2833 polluerit.

2011 2855 2302 2924 nuptiales.
2325 2855 2392 2908 At
2415 2854 2504 2908 ille
2519 2854 2800 2910 obmutuit.
2828 2855 2887 2909 ln
2921 2862 3161 2926 tempore
3189 2856 3336 2910 enim
3370 2855 3462 2910 illo
3489 2873 3603 2912 non

2011 2946 2120 3001 erit
2147 2945 2298 3000 locus
2338 2945 2705 3015 impudentiae,
2743 2961 2844 3001 nec
2889 2945 3118 3016 negandi
3166 2944 3416 3000 facultas.
3463 2945 3606 3002 Cum

2019 3049 2207 3090 omnes
2241 3035 2414 3106 angeli
2435 3045 2490 3090 et
2527 3036 2759 3090 mundus
2785 3036 2900 3105 ipse
2934 3035 3089 3090 testis
3115 3035 3189 3090 sit
3229 3045 3603 3106 peccatorum.

333 3131 476 3196 dem,
511 3133 653 3200 quod
701 3141 825 3200 post
869 3143 1234 3204 contemptam
1267 3135 1663 3191 contumaciam
1707 3134 1918 3192 Judzeo-

2023 3122 2225 3196 (Greg.)
2251 3125 2384 3181 item
2411 3140 2699 3195 possumus
2735 3126 3032 3197 intelligere
3057 3127 3354 3197 nuptialem
3395 3136 3605 3185 vestem

335 3237 478 3287 mm,
506 3223 572 3276 de
595 3223 881 3277 vocatione
909 3225 1144 3293 gentium
1180 3224 1348 3279 dicit:

408 3310 488 3366 Ite
507 3329 627 3382 ergo
655 3314 723 3367 ad
744 3313 913 3367 exitus
961 3314 1183 3368 viarum.
1227 3314 1411 3388 (Aug)
1452 3317 1566 3371 Vite
1613 3317 1920 3390 intelligun-

335 3414 428 3459 tur
470 3404 724 3474 dogmata
775 3405 1038 3475 gentium,
1086 3414 1141 3460 et
1189 3421 1405 3460 errores
1459 3408 1739 3478 gentilium
1770 3448 1784 3473 ,
1826 3407 1921 3464 sed

334 3509 402 3549 ex
429 3494 681 3549 omnibus
707 3493 813 3549 illis
843 3494 908 3548 ad
931 3495 1170 3564 nuptias.
1203 3495 1257 3549 id
1295 3503 1404 3552 est.
1426 3494 1646 3551 Christo
1678 3498 1922 3554 credide-

340 3593 486 3638 flllil.

408 3674 478 3728 Et
544 3691 878 3746 quoscunque
936 3675 1259 3742 inveneritis,
1325 3686 1502 3731 vocate
1566 3678 1636 3731 ad
1690 3679 1919 3750 nuptias.

338 3769 436 3842 (Ch
445 3769 572 3841 rys.)
599 3769 656 3824 id
680 3777 786 3835 est,
811 3767 1098 3838 cujuslibet
1124 3770 1449 3826 conditionis
1467 3771 1715 3828 homines
1733 3781 1925 3829 vocate

340 3861 410 3915 ad
433 3861 613 3916 Iidem.
639 3861 708 3915 Et
724 3861 864 3916 sicut
885 3875 992 3916 non
1012 3869 1098 3917 est
1117 3861 1375 3917 distantia
1399 3862 1453 3917 in
1479 3871 1672 3918 natura
1693 3867 1926 3921 creatio-

340 3951 428 4008 nis
457 3951 761 4018 hominum,
797 3952 880 4007 sic
907 3967 1016 4007 non
1064 3952 1141 4006 sit
1183 3950 1485 4008 dili‘erentia
1536 3954 1592 4009 in
1641 3957 1926 4014 vocatione

341 4042 530 4098 salutis
551 4057 759 4098 eorum.
812 4041 1018 4116 (Gneg.)
1049 4031 1324 4099 Moralitcr
1351 4053 1531 4099 autem
1578 4046 1624 4101 si
1675 4047 1729 4101 in
1780 4046 1932 4103 Scri-

339 4141 500 4202 ptura
539 4149 694 4189 saera
735 4134 853 4189 vias
879 4135 1122 4190 actiones
1150 4135 1468 4206 accipimus,
1509 4137 1690 4193 exitus
1715 4139 1925 4194 viarum

343 4225 695 4296 intelligimus
743 4224 988 4281 defectus
1034 4228 1331 4295 actionum,
1378 4231 1503 4299 quia
1561 4230 1638 4286 illi
1687 4233 1930 4304 plerum-

344 4332 449 4390 que
489 4317 649 4373 facile
698 4318 769 4373 ad
819 4317 1106 4374 Dominum
1152 4321 1400 4387 veniunt,
1451 4337 1586 4392 quos
1640 4323 1694 4378 in
1757 4333 1930 4381 terre-

2016 3219 2359 3274 charitatem.
2388 3219 2558 3274 intrat
2581 3219 2726 3275 enim
2750 3221 2817 3276 ad
2840 3221 3074 3290 nuptias,
3104 3222 3202 3278 sed
3227 3239 3351 3278 cum
3376 3222 3602 3292 nuptiali

2016 3317 2169 3364 veste
2214 3323 2322 3364 non
2369 3311 2556 3377 intrat,
2585 3311 2678 3382 qui
2713 3312 2768 3366 in
2815 3320 3003 3368 sancta
3055 3313 3295 3369 Ecclesia
3343 3315 3607 3372 assistens

2017 3399 2181 3455 tidem
2209 3399 2392 3464 habet,
2419 3403 2515 3458 sed
2547 3404 2870 3460 charitatem
2899 3420 3010 3460 non
3038 3405 3218 3462 habet.
3251 3406 3417 3462 llecte
3458 3408 3603 3462 enim

2017 3492 2262 3548 charitas
2301 3495 2560 3564 nuptialis
2587 3497 2755 3553 vestis
2792 3505 3042 3565 vocatur,
3081 3500 3209 3569 quia
3253 3499 3392 3555 hanc
3438 3501 3491 3554 in
3537 3517 3602 3556 se

2021 3584 2269 3639 conuitor
2300 3595 2488 3642 noster
2513 3587 2726 3656 habuit,
2748 3589 2878 3645 dum
2901 3590 2972 3646 ad
2995 3591 3266 3645 sociandae
3293 3591 3393 3646 sibi
3417 3590 3601 3646 Eccle-

2019 3676 2118 3732 sia:
2151 3678 2366 3746 nuptias
2389 3680 2560 3735 venit.
2589 3679 2716 3736 Sola
2739 3682 2937 3752 quippe
2980 3682 3271 3738 dilectione
3297 3683 3393 3738 Dei
3421 3692 3604 3739 actum

2021 3779 2129 3836 est,
2162 3779 2220 3825 ut
2245 3771 2362 3841 ejus
2391 3772 2709 3843 Unigeuitus
2743 3781 2954 3830 mentes
2977 3773 3080 3830 sibi
3112 3773 3411 3830 electorum
3437 3774 3608 3828 homi-

2021 3877 2154 3916 num
2180 3863 2379 3919 uniret.
2423 3862 2576 3920 Unde
2603 3872 2660 3919 et
2691 3865 2943 3922 Christus
2971 3865 3114 3934 apud
3149 3863 3414 3920 Joannem
3438 3865 3608 3920 dicit:

2025 3951 2114 4009 Sic
2139 3954 2320 4009 dilexit
2342 3955 2484 4010 Deus
2504 3957 2644 4013 hunc
2669 3958 2944 4024 mundum,
2975 3969 3035 4014 ut
3065 3957 3270 4013 Filium
3310 3975 3464 4013 suum
3490 3961 3613 4013 uni-

2025 4047 2257 4116 genitum
2284 4047 2436 4101 daret
2452 4063 2547 4119 pro
2571 4049 2717 4103 nobis
2743 4049 2926 4121 (Joan.
2956 4049 3062 4123 ut).
3093 4051 3194 4118 Qui
3217 4066 3352 4122 ergo
3378 4067 3474 4122 per
3493 4053 3618 4106 cha-

2027 4139 2246 4195 ritatem
2269 4141 2418 4196 venit
2443 4142 2512 4196 ad
2537 4143 2805 4206 homines,
2837 4144 3085 4199 eamdem
3107 4144 3429 4199 charitatem
3461 4144 3618 4199 inno-

2025 4230 2130 4284 tuit
2163 4244 2284 4286 esse
2336 4241 2542 4288 vestem
2594 4233 2910 4304 nuptialem.
2937 4233 3126 4290 Omnis
3170 4249 3303 4305 ergo
3347 4243 3616 4298 nostrum,

2029 4323 2120 4391 qui
2153 4323 2206 4378 in
2242 4321 2482 4380 Ecclesia
2507 4325 2718 4395 positus
2760 4326 2873 4382 Deo
2896 4327 3145 4391 credidit,
3163 4327 3280 4397 jam
3305 4328 3376 4382 ad
3400 4328 3620 4396 nuptias

345 4409 430 4465 nis
471 4409 682 4466 actibus
725 4425 990 4480 prospera
1055 4409 1205 4467 nulla
1271 4412 1618 4469 comitantur.
1669 4411 1930 4485 Sequitur
1961 4468 2006 4489 ἢ
2033 4414 2274 4481 intravit,
2315 4416 2410 4471 sed
2431 4432 2556 4472 cum
2579 4417 2803 4489 nuptiali
2833 4426 2985 4474 veste
3016 4433 3126 4474 non
3151 4419 3319 4483 venit,
3347 4419 3394 4474 si
3427 4419 3614 4473 chari-

345 4510 525 4557 autem
565 4521 582 4557 :

419 4589 487 4646 Et
512 4595 702 4662 egressi
732 4594 865 4648 servi
883 4594 1000 4664 ejus
1031 4595 1088 4649 in
1110 4595 1238 4660 vias,
1270 4605 1708 4668 congregaverant
1729 4614 1926 4666 omnes,

344 4701 473 4756 quos
493 4684 798 4738 invenerunt
823 4685 980 4739 bonos
997 4695 1045 4741 et
1068 4687 1257 4753 malos,
1300 4699 1350 4742 et
1395 4688 1619 4760 impleta:
1665 4700 1786 4746 sunt
1825 4708 1929 4746 nu-

345 4775 468 4844 ptite
490 4774 943 4830 discumbentium.
975 4777 1114 4833 Ecce
1133 4779 1246 4849 jam
1297 4780 1440 4850 ipsa‘
1462 4781 1718 4850 qualitate
1748 4783 1930 4838 convi-

347 4865 591 4921 vantium
615 4875 799 4938 aperte
821 4869 1142 4936 ostenditur,
1163 4870 1289 4941 quia
1312 4887 1410 4942 per
1429 4872 1528 4928 has
1550 4874 1692 4946 regis
1718 4875 1931 4946 nuptias

347 4973 587 5027 praesens
614 4959 852 5015 Ecclesia
891 4961 1228 5031 designatur,
1267 4963 1323 5016 in
1370 4979 1478 5034 qua
1516 4980 1640 5019 cum
1680 4964 1839 5022 bonis
1881 4977 1938 5023 et

349 5053 476 5109 mali
515 5056 859 5111 conveniunt.
903 5055 1169 5112 Permista
1195 5057 1390 5129 quippe
1415 5068 1500 5115 est
1523 5060 1833 5118 diversitate
1875 5062 1937 5117 li-

349 5144 543 5200 liorum
603 5163 617 5200 :
673 5147 799 5216 quia
843 5148 924 5204 sic
977 5161 1166 5204 omnes
1223 5149 1292 5204 ad
1349 5149 1512 5206 ﬁdem
1571 5162 1813 5222 generat,
1876 5164 1940 5210 ut

349 5244 536 5290 tamen
562 5251 751 5292 omnes
785 5252 884 5308 per
913 5238 1346 5294 immutationem
1375 5241 1501 5297 vitae
1530 5243 1598 5298 ad
1630 5243 1938 5300 libertatem

351 5326 608 5396 spiritalis
670 5329 856 5400 gratia:
901 5329 1072 5402 culpis
1109 5331 1450 5402 exigentibus
1498 5347 1605 5388 non
1650 5335 1930 5404 perducat.

349 5417 645 5492 Quousque
667 5437 901 5494 namque
947 5423 1040 5479 hic
1078 5424 1310 5479 vivimus
1339 5439 1562 5481 necesse
1590 5435 1674 5480 est
1701 5434 1760 5481 ut
1788 5427 1935 5484 viam

351 5517 634 5584 praesentis
673 5517 855 5573 stnculi
901 5519 1149 5587 permisti
1195 5533 1505 5590 pergamus.
1552 5517 1705 5574 Tunc
1753 5530 1937 5577 autem

355 5608 713 5665 discernimur
754 5626 877 5666 cum
925 5611 1288 5681 pervenimus.
1322 5611 1454 5666 Boni
1494 5611 1637 5665 enim
1667 5611 1765 5667 soli
1809 5629 1939 5669 nus-

357 5713 520 5771 quam
549 5709 672 5755 sunt
716 5701 820 5756 nisi
851 5700 907 5756 in
939 5701 1168 5756 inferno.
1203 5698 1329 5756 Haec
1357 5707 1536 5756 autem
1561 5701 1688 5769 vita,
1721 5718 1840 5771 qua:
1862 5703 1938 5758 in-

1954 4468 2008 4529 D

2038 4507 2166 4561 tatis
2204 4507 2430 4578 gratiam
2462 4521 2569 4563 non
2597 4509 2851 4565 custodit.
2884 4509 3177 4565 Sciendum
3205 4519 3337 4566 vero
3362 4518 3448 4565 est
3487 4512 3620 4580 quia

2037 4595 2177 4650 sicut
2202 4597 2255 4650 in
2276 4596 2484 4652 duobus
2501 4596 2661 4669 lignis
2687 4599 2951 4668 superiori
2994 4599 3242 4656 videlicet
3269 4609 3325 4655 et
3373 4599 3620 4655 inferiori

2038 4687 2204 4768 vestis
2243 4688 2462 4752 texitur,
2501 4689 2574 4743 ita
2604 4689 2658 4744 in
2688 4688 2895 4745 duobus
2943 4689 3229 4759 praeceptis
3253 4689 3494 4744 charitas
3520 4689 3628 4744 ha-

2036 4777 2214 4844 betur,
2240 4779 2293 4834 in
2318 4779 2606 4836 dilectione
2629 4779 2836 4836 scilicet
2862 4780 2956 4835 Dei
2979 4789 3037 4835 et
3056 4780 3344 4836 dilectione
3363 4778 3621 4850 proximi.

2040 4870 2314 4944 Scriptum
2340 4874 2538 4944 quippe
2567 4881 2649 4929 est
2677 4890 2690 4927 :
2724 4872 2922 4944 Diliges
2951 4871 3237 4928 Dominum
3273 4872 3440 4927 Deum
3466 4889 3622 4926 mum

2039 4978 2105 5017 ea:
2124 4973 2230 5018 toto
2252 4966 2410 5019 corde
2445 4974 2554 5029 tuo,
2582 4974 2635 5018 et
2657 4981 2723 5020 ea:
2743 4973 2852 5019 tota
2877 4973 3058 5019 anima
3083 4975 3199 5032 tua,
3222 4975 3270 5020 et
3291 4981 3356 5019 es:
3379 4976 3489 5018 tota
3515 4979 3626 5017 etr-

2037 5062 2148 5107 tute
2173 5063 2286 5120 tua,
2341 5063 2392 5108 et
2438 5053 2622 5125 diliges
2665 5054 2966 5126 proximum
3014 5064 3162 5108 tuum
3193 5055 3334 5108 sicut
3379 5066 3624 5122 tenam.

2040 5145 2156 5213 Qua
2189 5145 2243 5200 in
2276 5160 2336 5201 re
2364 5146 2660 5200 notandum
2686 5153 2792 5212 est,
2819 5146 2947 5216 quia
2975 5145 3030 5199 in
3057 5144 3345 5201 dilectione
3387 5144 3626 5216 proximi

2039 5252 2295 5292 mensura
2326 5237 2543 5308 ponitur
2570 5236 2793 5303 amoris,
2831 5252 2956 5294 cum
2991 5236 3236 5293 dicitur:
3273 5237 3470 5307 Diliges
3495 5253 3627 5306 pro-

2041 5336 2240 5385 ximum
2263 5339 2412 5384 tuum
2439 5331 2573 5384 sicut
2597 5330 2822 5400 teipsum
2854 5327 3073 5400 (Natali.
3105 5328 3262 5399 nn).
3298 5327 3393 5383 Dei
3443 5338 3627 5383 autem

2039 5420 2262 5476 dilectio
2292 5420 2437 5476 nulla
2463 5435 2716 5477 mensura
2736 5419 3129 5492 constringitur
3163 5433 3182 5474 :
3223 5419 3420 5490 Diliges
3444 5418 3632 5474 Domi-

2043 5533 2171 5570 num
2191 5515 2360 5572 Deum
2390 5527 2537 5572 tuum
2558 5535 2622 5573 ea:
2657 5528 2764 5572 toto
2784 5518 2944 5573 corde
2966 5526 3079 5580 tuo,
3122 5525 3172 5571 et
3199 5531 3267 5571 ea:
3294 5526 3404 5570 tota
3448 5516 3631 5569 minus

2043 5619 2156 5672 tua,
2183 5619 2230 5664 et
2256 5625 2318 5663 ea:
2345 5620 2454 5664 tota
2475 5612 2664 5665 virtute
2690 5620 2804 5664 tua.
2839 5611 2957 5665 Non
2984 5614 3128 5666 enim
3150 5609 3372 5681 iubetur
3395 5610 3632 5678 (unisque

2045 5711 2304 5771 quantum
2331 5701 2529 5770 diligat,
2558 5703 2650 5760 sel
2678 5720 2740 5759 ex
2765 5712 2989 5772 quamn,
3021 5717 3143 5759 cum
3165 5702 3383 5770 dicitur,
3414 5718 3476 5762 ex
3497 5710 3626 5762 toto,
3659 5691 3676 5708 “
