3998 6188
358 330 489 386 105Ἰ

1994 247 2021 266 κ

1309 331 1665 388 COMMENT.
1705 332 1773 388 IN
1811 332 2252 396 MATTIUEUM.
2292 370 2362 380 -
2398 341 2526 400 LIB.
2569 343 2658 402 VI.

3469 357 3603 414 10:58

355 449 478 517 quia
506 445 594 500 ille
620 445 887 500 veraciter
909 445 1100 517 diligit,
1151 448 1241 517 qui
1271 448 1372 502 sibi
1416 448 1483 502 de
1520 463 1580 503 se
1625 447 1758 502 nihil
1799 447 1925 503 reli-
1948 451 2002 513 Α
2026 459 2168 508 ctam
2191 453 2359 508 vitam
2389 455 2602 513 videtur
2625 457 2844 527 dueere,
2874 468 2929 516 et
2951 467 3129 518 tamen
3155 464 3300 522 hunc
3338 471 3602 543 wntingit

353 538 490 607 quit.
523 537 638 590 Duo
676 551 802 605 ergo
828 536 942 590 haec
967 551 1188 594 necesse
1229 546 1311 593 est
1361 548 1424 593 ut
1469 539 1751 594 charitatis
1796 554 1932 610 prte-

352 639 505 700 cepta
533 631 814 692 custodiat,
841 633 1084 703 quisquis
1108 634 1159 688 in
1191 635 1390 704 nuptiis
1414 644 1616 690 vestem
1633 637 1928 706 nuptialem

353 731 508 776 curat
549 721 766 776 habere.
813 723 952 778 Ecce
1001 739 1095 777 rex
1142 725 1210 778 ad
1251 726 1466 794 nuptias
1513 725 1830 796 ingreditur,
1874 735 1928 783 et

351 813 530 867 cordis
559 813 734 867 nostri
761 812 999 868 habitum
1021 815 1434 884 contemplatur.
1466 815 1534 869 Et
1555 831 1716 882 quem
1746 817 1928 872 chari-

353 911 462 956 tate
488 904 739 958 vestitum
765 919 869 958 non
885 904 1083 959 invenit
1106 906 1350 975 protinus
1370 906 1541 960 iratus
1557 907 1704 962 dicit.
1727 907 1922 973 Amice,

347 994 608 1063 quomodo
648 994 750 1047 huc
787 995 997 1050 intrasti
1032 1013 1134 1049 non
1164 997 1356 1051 habens
1384 1009 1573 1052 uestem
1605 999 1928 1070 nuptialem?

350 1081 653 1136 Mirandum
677 1083 830 1139 valde
858 1092 959 1148 est,
987 1087 1128 1154 quod
1159 1087 1300 1142 hunc
1322 1095 1376 1142 et
1414 1089 1646 1144 amicum
1680 1098 1838 1145 vocat
1871 1100 1925 1145 et

349 1174 623 1241 reprobat.
655 1174 730 1228 Ac
753 1175 795 1228 si
829 1175 1065 1242 apertius
1088 1177 1265 1230 dicat:
1293 1176 1492 1242 Amice,
1520 1188 1567 1231 et
1603 1195 1706 1232 non
1735 1180 1920 1232 amice.

346 1263 537 1318 Amice
563 1279 661 1333 per
697 1264 878 1328 fidem,
906 1266 996 1318 sed
1027 1281 1132 1320 non
1177 1267 1350 1322 amice
1394 1269 1504 1336 per
1531 1269 1920 1338 operationem.

348 1353 418 1406 At
464 1354 552 1407 ille
595 1355 869 1408 obmutuit.
898 1354 1032 1422 Quia
1075 1356 1215 1424 quod
1264 1357 1368 1410 dici
1413 1357 1527 1410 sine
1574 1358 1774 1427 gemitu
1813 1374 1922 1412 non

348 1454 530 1515 potest
563 1445 614 1498 in
645 1445 734 1499 illa
761 1446 1098 1500 districtione
1123 1446 1736 1516 ultimmincrepationis,
1763 1463 1923 1503 omne

348 1548 725 1608 argumentum
770 1547 946 1594 cessat
993 1541 1376 1595 excusationis.
1407 1539 1616 1611 Quippe
1660 1541 1785 1611 quia
1833 1541 1925 1595 ille

347 1629 481 1685 foris
509 1631 768 1701 increpat,
794 1632 885 1700 qui
926 1633 1078 1687 testis
1105 1633 1446 1687 conscientiae
1482 1633 1661 1701 justus
1683 1634 1922 1688 animum

345 1730 583 1775 accusat.
615 1721 720 1775 Sed
763 1723 903 1776 inter
939 1723 1081 1778 hmc'
1097 1724 1370 1778 sciendum
1410 1733 1493 1778 est
1523 1725 1648 1792 quia
1677 1725 1921 1794 quisquis

2010 541 2101 598 .ad
2141 545 2347 600 erroris
2389 546 2687 613 nequitiam
2729 545 2887 616 juxta
2937 549 3098 606 ﬁnem
3143 554 3266 610 vitae
3313 541 3602 619 declinare.

2028 630 2184 688 Alius
2206 633 2407 690 bonum
2431 635 2569 690 bene
2592 636 2832 703 inchoat,
2855 639 3049 696 melius
3071 654 3427 700 consummat.
3454 648 3606 706 Alius

2029 723 2186 780 malis
2219 725 2433 786 actibus
2466 741 2499 781 a
2526 727 2782 797 primaeva
2828 746 2886 787 se
2927 732 3151 801 deiecit,
3198 745 3254 790 et
3301 737 3356 792 in
3399 739 3603 796 eisdem

2026 813 2283 884 operibus
2310 830 2528 887 semper
2551 817 2792 874 deterior
2820 833 3246 880 consummatur.
3273 827 3445 886 Tanto
3478 845 3608 901 ergo

2025 904 2136 960 sibi
2191 905 2565 977 unusquisque
2620 917 2873 977 metuat,
2927 922 3133 980 quanto
3194 915 3410 985 ignorat
3462 920 3608 988 quod

2027 1001 2213 1048 restat.

2099 1079 2210 1154 [ιι]
2253 1082 2396 1138 Tunc
2424 1085 2670 1142 abeuntes
2704 1086 2965 1143 Pharisazi
2987 1092 3263 1147 consilium
3294 1096 3522 1152 inierunt
3550 1108 3607 1155 ut

2023 1183 2265 1242 caperent
2293 1191 2411 1229 eum
2433 1177 2488 1230 in
2510 1194 2767 1244 sermone,
2798 1189 2846 1233 et
2869 1181 3086 1235 mittunt
3107 1184 3154 1236 ei
3175 1185 3460 1256 discipulos
3482 1207 3604 1244 suos

2023 1279 2140 1316 cum
2170 1263 2490 1321 Ilerodianis
2511 1267 2755 1322 dicentes.
2775 1269 3044 1344 (Ηὶιινση.)
3069 1273 3247 1346 Nuper
3268 1278 3369 1332 sub
3388 1279 3601 1336 Cmsare

2021 1351 2264 1422 Augusto
2306 1353 2490 1410 Judaea
2533 1357 2770 1427 subjecta
2813 1360 3110 1427 Romanis,
3139 1368 3354 1435 quando
3389 1370 3441 1424 in
3488 1381 3600 1425 toto

2022 1442 2156 1498 orbe
2169 1451 2252 1498 est
2264 1444 2532 1500 celebrata
2551 1447 2864 1518 descriptio,
2879 1451 3229 1522 stipendiaria
3246 1456 3383 1511 facta
3403 1458 3597 1526 fuerat,

2021 1539 2076 1586 et
2103 1541 2222 1588 erat
2251 1535 2303 1588 in
2335 1535 2529 1605 populo
2555 1553 2745 1608 magna
2774 1537 2987 1606 seditio,
3013 1542 3315 1600 dicentibus
3349 1547 3469 1604 aliis
3499 1565 3600 1619 pro

2021 1620 2313 1677 securitate
2340 1632 2396 1678 et
2419 1625 2618 1694 quiete,
2644 1627 2770 1696 quia
2795 1628 2965 1684 Roma
3003 1646 3100 1700 pro
3128 1635 3378 1691 munibus
3405 1638 3601 1695 milita-

2025 1721 2129 1776 ret,
2153 1712 2352 1768 dehere
2373 1714 2571 1768 tributa
2602 1717 2865 1786 persolvi;
2897 1718 3186 1775 Phariszeis
3215 1738 3341 1780 vero
3374 1727 3464 1796 qui
3497 1727 3600 1783 sibi

346 1811 490 1865 hanc
519 1819 720 1865 vestem
753 1812 971 1866 virtutis
998 1813 1180 1878 habet,
1225 1814 1319 1867 sed
1345 1823 1521 1867 tamen
1550 1814 1723 1868 adhuc
1745 1813 1924 1882 perte.
1952 1799 1997 1857 B
2026 1800 2349 1870 plaudebant
2374 1805 2426 1858 in
2441 1805 2655 1874 justitia
2685 1823 2715 1862 e
2743 1810 3019 1864 contrario
3053 1812 3352 1868 nitentibus
3380 1830 3485 1870 non
3512 1819 3597 1872 de-

343 1913 432 1957 cte
461 1919 564 1957 non
601 1904 779 1968 habet,
822 1905 885 1958 ad
930 1905 1000 1972 pii
1029 1904 1171 1972 regis
1217 1905 1513 1974 ingressum
1540 1906 1826 1974 desperare
1855 1905 1921 1958 de

340 1996 500 2048 venia
529 2011 633 2048 non
661 1996 836 2050 debet.
869 1996 1006 2062 Quia
1046 1997 1156 2065 ipse
1199 2011 1412 2065 quoque
1449 2011 1599 2065 spem
1627 1996 1780 2051 nobis
1822 2013 1920 2067 per

342 2085 685 2140 Psalmistam
709 2087 951 2141 tribuens
981 2086 1108 2141 dicit
1134 2105 1146 2140 :
1174 2087 1545 2157 Imperfectum
1578 2103 1750 2140 meum
1773 2089 1917 2142 vide-

341 2186 465 2228 runt
494 2176 631 2229 oculi
654 2177 751 2240 tui,
783 2185 832 2228 et
864 2177 918 2229 in
942 2176 1075 2228 libro
1102 2185 1191 2229 tuo
1221 2192 1396 2230 omnes
1420 2177 1716 2231 scribentur
1741 2175 1912 2250 (Psal.

335 2266 622 2336 cxxxvnt).

417 2357 560 2411 Tunc
595 2374 687 2412 rea:
723 2359 854 2412 dixit
896 2359 1155 2414 ministris
1179 2376 1198 2414 :
1223 2359 1422 2430 Ligatis
1460 2361 1676 2430 pedibus
1713 2363 1829 2433 ejus
1867 2374 1917 2418 et

334 2449 601 2512 ntanibus,
626 2451 812 2502 mittite
840 2467 959 2503 eum
997 2451 1053 2504 in
1095 2451 1330 2504 tenebras
1356 2453 1673 2518 exteriores;
1713 2453 1783 2507 ibi
1819 2457 1916 2508 erit

329 2537 491 2602 ﬂetus
511 2547 559 2588 et
578 2537 773 2590 stridor
799 2538 1054 2592 dentium.
1090 2538 1354 2608 Ligantur
1391 2547 1515 2595 tunc
1540 2543 1706 2610 pedes
1731 2551 1782 2597 et
1806 2559 1917 2598 ma-

330 2639 440 2677 nus
467 2640 562 2694 per
587 2626 982 2680 districtionem
1017 2628 1331 2692 sententiae,
1358 2629 1450 2698 qui
1482 2629 1638 2685 modo
1667 2647 1697 2684 a
1732 2634 1916 2700 pravis

329 2714 590 2782 operibus
616 2713 772 2783 ligari
803 2715 1108 2780 noluerunt,
1136 2726 1196 2770 ut
1218 2732 1312 2786 per
1340 2718 1764 2774 meliorationem
1795 2722 1917 2779 vita:

325 2805 776 2859 emendarentse.
800 2803 892 2859 Vel
917 2815 1063 2861 certe
1091 2817 1217 2861 tunc
1241 2809 1368 2878 ligat
1391 2822 1569 2878 faena,
1601 2826 1737 2878 quos
1758 2812 1917 2866 modo

324 2908 359 2946 a
385 2893 544 2949 bonis
575 2895 830 2963 operibus
858 2895 1041 2966 ligavit
1069 2896 1244 2965 culpa.
1280 2896 1450 2952 Pedes
1479 2898 1620 2952 enim
1662 2900 1753 2968 qui
1786 2902 1916 2955 visi-

324 2993 453 3039 tare
482 3000 682 3055 aegrum
711 2987 1008 3056 negligunt,
1038 3003 1228 3041 manus
1256 3002 1375 3056 quze
1397 2987 1529 3041 nihil
1555 2989 1916 3058 indigentibus

326 3076 602 3141 tribuant,
628 3092 658 3130 a
689 3079 828 3133 bono
854 3093 1020 3147 opere
1047 3079 1161 3148 jam
1183 3094 1251 3132 ex
1276 3079 1550 3135 voluntate
1573 3080 1747 3150 ligata:
1766 3092 1915 3137 sunt.

321 3165 464 3231 Quae
491 3181 622 3236 ergo
653 3182 796 3220 nunc
825 3177 1017 3236 sponte
1044 3167 1279 3237 ligantur
1312 3167 1363 3220 in
1389 3167 1519 3222 vitio
1548 3176 1678 3222 tunc
1701 3169 1754 3222 in
1785 3184 1910 3238 sup-

320 3255 497 3323 plicio
528 3257 764 3326 ligantur
793 3257 995 3312 invitae.
1040 3257 1182 3312 Bene
1217 3265 1400 3312 autem
1439 3258 1654 3324 dicitur,
1686 3257 1827 3328 quod
1856 3260 1909 3314 in

313 3347 631 3401 exteriores
683 3350 936 3404 tenebras
978 3350 1294 3419 projiciatur
1332 3370 1344 3404 :
1392 3352 1676 3406 interiores
1715 3352 1910 3422 quippe

315 3436 588 3491 tenebras
653 3437 883 3492 dicimus
951 3441 1250 3493 ueritatem
1318 3441 1537 3504 cordis,
1613 3441 1910 3495 exteriores

315 3538 460 3576 vero
504 3525 756 3578 tenebras
783 3533 1040 3578 teternam
1087 3534 1298 3579 noctem
1333 3527 1712 3581 damnationis.
1758 3527 1908 3585 Tunc

309 3615 613 3667 damnatus
657 3615 884 3683 quisque
922 3630 1028 3668 non
1068 3615 1120 3668 in
1151 3616 1477 3681 interiores,
1525 3616 1616 3671 sed
1665 3617 1718 3671 in
1759 3628 1907 3672 exte-

309 3705 497 3757 riores
529 3704 780 3758 tenebras
827 3704 1078 3758 mittitur.
1124 3704 1259 3772 Quia
1307 3705 1417 3760 illic
1460 3706 1660 3760 invitus
1692 3707 1908 3775 projici-

309 3803 407 3848 tur
456 3794 512 3846 in
556 3803 768 3848 noctem
811 3794 1210 3858 damnationis,
1237 3795 1328 3863 qui
1376 3803 1568 3863 Sponte
1605 3797 1799 3849 cecidit
1848 3796 1902 3850 in

305 3886 626 3941 caecitatem
659 3885 872 3949 cordis;
906 3885 997 3939 ubi
1026 3884 1181 3940 ﬂetus
1215 3899 1430 3954 quoque
1457 3893 1512 3940 et
1539 3886 1741 3940 stridor
1773 3886 1904 3942 den-

303 3977 451 4030 tium
493 3991 612 4029 esse
641 3975 984 4044 perhibetur,
1030 3982 1089 4028 ut
1133 3973 1242 4028 illic
1273 3975 1460 4029 dentes
1489 3974 1784 4041 strideant,
1811 3975 1902 4043 qui

302 4066 402 4119 hic
440 4065 513 4118 de
542 4063 812 4117 edacitate
837 4062 1165 4132 gaudebant.
1188 4060 1302 4116 illic
1333 4060 1472 4116 oculi
1510 4059 1775 4125 deﬂeant,
1808 4061 1900 4131 qui

300 4159 397 4213 hic
423 4173 532 4226 per
555 4156 772 4210 illicitas
814 4153 1282 4224 concupiscentias
1308 4153 1679 4209 versabantur.
1707 4152 1904 4220 Quate-

297 4264 414 4303 nus
454 4247 673 4316 singula
703 4259 930 4315 qumque
967 4243 1207 4299 membra
1249 4242 1510 4313 supplicio
1554 4243 1897 4314 suhjaccant,

293 4353 429 4407 qua:
452 4336 552 4389 hic
572 4334 797 4404 singulis
817 4335 1117 4403 quibusque
1141 4333 1286 4389 vitiis
1307 4333 1547 4403 subjecta
1571 4334 1898 4390 serviebant.

2019 1888 2149 1942 bere
2180 1891 2434 1959 populum
2463 1893 2558 1946 Dei
2585 1895 2675 1963 qui
2699 1895 2939 1951 decimas
2973 1897 3228 1964 solveret,
3251 1911 3307 1955 et
3329 1903 3601 1971 primitiva

2021 1979 2192 2046 daret,
2220 1989 2274 2038 et
2298 1990 2492 2038 caetera
2523 1999 2643 2054 qua:
2667 1985 2720 2039 in
2751 1985 2867 2056 lege
2911 1988 3110 2057 scripta
3154 1999 3308 2055 sunt,
3348 1993 3600 2049 humanis

2017 2068 2227 2140 legibus
2267 2070 2564 2140 subjacere.
2607 2076 2788 2130 Caesar
2829 2078 3103 2149 Augustus
3143 2080 3403 2137 Herodem
3431 2085 3598 2141 ﬁlium

2014 2157 2288 2228 Antipatri
2328 2161 2683 2233 alienigenam
2711 2174 2765 2219 et
2801 2169 3139 2240 proselytum
3179 2186 3358 2242 regem
3401 2174 3600 2233 Judmis

2016 2252 2393 2315 constituerat,
2419 2263 2477 2309 ut
2509 2256 2728 2310 tributis
2765 2268 3052 2326 przecsset,
3079 2269 3134 2315 et
3157 2261 3400 2319 Romano
3441 2281 3600 2334 pare-

2017 2351 2101 2398 ret
2122 2344 2368 2412 imperio.
2402 2344 2621 2402 Mittunt
2647 2347 2812 2418 igitur
2845 2349 3134 2419 discipulos
3159 2367 3285 2408 suos
3313 2356 3466 2423 quasi
3494 2357 3596 2412 mi-

2018 2450 2122 2489 nus
2147 2431 2393 2507 cognitos
2419 2445 2580 2506 atque
2609 2448 2886 2508 suspectos
2908 2456 3029 2494 cum
3059 2441 3397 2509 llerodianis,
3416 2445 3466 2498 id
3490 2456 3594 2511 est,

2022 2527 2285 2585 militibus
2312 2528 2573 2595 Herodis;
2604 2544 2698 2584 seu
2728 2531 3076 2586 illudentibus
3122 2531 3438 2600 l’liarismis,
3470 2538 3596 2606 quia

2018 2617 2279 2676 Romanis
2329 2620 2531 2674 tributa
2582 2620 2892 2685 solvebant,
2947 2629 3002 2676 ct
3051 2636 3156 2676 non
3204 2623 3384 2679 divino
3430 2626 3597 2682 cultui

2017 2716 2174 2762 erant
2195 2707 2382 2772 dediti,
2409 2716 2578 2762 utaut
2607 2707 2925 2764 abscondite
2941 2709 3097 2765 facile
3119 2709 3428 2783 deciperent
3450 2730 3595 2781 eum,

2019 2807 2115 2853 aut
2182 2799 2493 2868 reprehensi
2559 2800 2740 2855 minus
2798 2802 3182 2856 erubescerent
3243 2804 3383 2872 apud
3450 2819 3592 2862 eum.

2019 2886 2254 2959 (Clu-ys.)
2277 2889 2408 2943 Nam
2431 2890 2657 2944 consilio
2680 2890 2822 2945 malo
2845 2891 3196 2960 deprehenso,
3239 2900 3388 2947 tanto
3419 2894 3598 2950 minus

2019 2983 2260 3034 nascitur
2293 2981 2557 3047 confusio,
2587 2990 2792 3051 quanto
2819 2983 2981 3037 fuerit
3009 2998 3237 3052 persona
3262 2985 3518 3040 deterior.

2089 3071 2366 3140 Magister,
2390 3075 2583 3126 scimus
2603 3113 2615 3136 ,
2641 3074 2765 3144 quia
2795 3089 2953 3128 verna:
2978 3091 3030 3127 es
3050 3113 3064 3138 ,
3093 3083 3138 3126 et
3172 3075 3226 3126 in
3255 3075 3472 3128 ueritate
3498 3075 3595 3129 do-

2017 3177 2100 3214 ces
2122 3161 2253 3214 viam
2282 3161 2396 3228 Dei,
2420 3172 2467 3216 et
2491 3179 2594 3216 non
2617 3171 2691 3216 est
2718 3162 2811 3214 tibi
2833 3179 2962 3215 cura
2984 3162 3051 3215 de
3084 3162 3290 3232 aliquo,
3328 3181 3430 3216 twn
3458 3166 3595 3218 enim

2012 3253 2225 3322 respicis
2267 3270 2542 3322 personam
2581 3254 2874 3308 hominum.
2906 3252 3220 3324 Magistrum
3251 3269 3371 3308 eum
3402 3264 3598 3312 vocant

2008 3351 2065 3398 et
2097 3357 2365 3406 veracem,
2395 3352 2452 3397 ut
2479 3345 2632 3414 quasi
2663 3345 2991 3407 honoratus,
3018 3352 3072 3398 et
3109 3344 3361 3398 laudatus
3395 3355 3593 3416 myste-

2009 3433 2149 3486 rium
2179 3435 2260 3488 sui
2283 3433 2463 3488 cordis
2487 3435 2567 3488 eis
2595 3434 2912 3503 simpliciter
2936 3435 3193 3505 aperiret,
3219 3443 3476 3505 tanquam
3498 3451 3591 3492 eos

2008 3525 2197 3580 volens
2225 3525 2426 3579 habere
2451 3524 2763 3595 discipulos.

2079 3615 2176 3670 Dic
2202 3633 2324 3686 ergo
2349 3617 2494 3670 nobis
2516 3616 2642 3686 quid
2668 3615 2761 3668 tibi
2782 3616 2985 3669 videtur
3009 3630 3028 3668 :
3049 3615 3190 3672 Licet
3227 3633 3435 3670 censum
3459 3617 3587 3670 dare

2008 3703 2228 3766 Ctrsari,
2258 3721 2326 3758 an
2350 3705 2492 3757 non?
2525 3703 2728 3757 Blanda
2765 3711 2819 3757 et
2851 3703 3190 3758 fraudulenta
3233 3705 3585 3776 interrogatio

2007 3791 2133 3845 illuc
2154 3798 2414 3860 provocat
2453 3792 2864 3861 respondentem
2888 3830 2904 3856 ,
2934 3799 2990 3844 ut
3028 3792 3200 3862 magis
3227 3794 3393 3848 Deum
3422 3811 3585 3863 quam

2005 3880 2276 3936 Ciesarem
2308 3880 2515 3945 timeat,
2547 3888 2602 3935 et
2631 3881 2776 3935 dicat
2804 3897 2912 3936 non
2945 3882 3144 3937 debere
3175 3882 3372 3938 tributa
3415 3886 3584 3950 solvi,

2004 3978 2065 4024 ut
2095 3970 2278 4025 statim
2311 3970 2592 4026 audientes
2615 3969 2926 4039 Hcrodiani,
2959 3972 3240 4028 seditionis
3266 3981 3454 4032 contra
3479 3974 3586 4030 Ro-

2001 4077 2195 4117 manos
2221 4061 2517 4132 principem
2547 4070 2782 4117 teneant.

2075 4149 2296 4222 Cognita
2340 4161 2513 4206 autem
2557 4150 2713 4206 Jesus
2762 4152 2994 4220 nequitia
3040 4168 3242 4219 eorum,
3283 4155 3403 4208 ait:
3435 4153 3576 4224 Quid

2001 4259 2086 4300 me
2125 4243 2334 4296 tentati:
2361 4283 2376 4307 ,
2419 4241 2745 4314 hypocritre?
2792 4241 2907 4296 Non
2957 4243 3252 4298 secundum
3307 4260 3586 4301 sermones

2003 4347 2189 4388 eorum
2238 4331 2496 4413 paciﬁcos
2551 4333 2743 4388 blande
2793 4334 3094 4404 respondit,
3140 4337 3235 4391 sed
3290 4339 3584 4394 secundum

293 4429 416 4483 Sed
469 4426 696 4496 repulso
739 4440 850 4480 uno
892 4426 946 4480 in
994 4440 1104 4495 quo
1147 4424 1394 4481 videlicet
1439 4440 1598 4481 omne
1635 4427 1897 4484 malorum
1923 4465 1978 4527 Β
2003 4425 2389 4481 conscientiam
2412 4439 2600 4480 eorum
2624 4424 2895 4480 crudelem
2917 4435 2972 4480 et
2991 4441 3237 4497 asperam
3260 4428 3414 4483 dixit.
3440 4429 3578 4496 Quia

290 4529 522 4586 corpus
543 4514 886 4584 exprimitur,
913 4515 1182 4586 generalis
1208 4515 1456 4583 protinus
1481 4517 1746 4574 sententia
1767 4519 1896 4576 sub-
1923 4514 1972 4527 "
2002 4517 2144 4573 Deus
2171 4517 2488 4588 plerumque
2509 4518 2575 4572 ad
2601 4518 2834 4571 animam
2858 4517 3113 4587 loquitur,
3144 4535 3250 4575 non
3273 4521 3340 4575 ad
3365 4536 3581 4594 corpus,

294 4607 573 4670 infertur,
602 4604 727 4674 quia
756 4603 992 4659 dicitur:
2003 4606 2370 4664 voluntatibus
2401 4607 2707 4677 respondet,
2732 4623 2837 4662 non
2872 4609 3071 4663 verbis.
3101 4609 3370 4681 (Ilieron.)
3401 4609 3583 4666 Prima

374 4695 554 4752 Multi
600 4705 774 4750 autem
816 4705 939 4749 sunt
976 4697 1172 4762 vocati,
1201 4699 1357 4767 pauci
1398 4714 1519 4752 vero
1559 4697 1726 4755 electi.
1759 4699 1896 4756 Trc-
2005 4699 2178 4754 virtus
2209 4708 2294 4756 est
2322 4700 2697 4770 respondentis
2740 4700 3188 4772 interrogantium
3220 4713 3457 4759 mentem
3493 4719 3584 4760 co-

292 4789 576 4846 mendum
598 4785 753 4840 valde
771 4786 914 4856 quod
946 4786 1267 4841 audivimus.
1298 4787 1437 4843 Ecce
1457 4803 1557 4845 nos
1581 4803 1768 4846 omnes
1782 4790 1898 4859 jam
2005 4803 2301 4860 gnoscere,
2362 4805 2466 4844 non
2520 4789 2845 4860 discipulos,
2885 4791 2978 4845 sed
3026 4799 3320 4848 tentatores
3364 4808 3582 4849 vocare.

289 4879 494 4936 vocati
524 4892 623 4948 per
646 4877 807 4932 fidem
833 4878 900 4931 ad
925 4877 1161 4933 caelestis
1205 4879 1344 4951 regis
1374 4881 1590 4951 nuptias
1616 4883 1892 4950 venimus,
2002 4878 2295 4950 Hypocrita
2323 4893 2451 4950 ergo
2479 4879 2794 4950 appellatur,
2826 4881 2918 4950 qui
2949 4881 3093 4938 aliud
3120 4891 3223 4948 est,
3255 4892 3310 4937 et
3337 4883 3479 4938 aliud
3510 4885 3584 4940 si-

293 4970 716 5028 incamationis
747 4971 864 5042 ejus
893 4971 1210 5040 mysterium
1241 4979 1296 5024 et
1327 4973 1598 5028 credimus
1634 4983 1689 5028 et
1721 4976 1891 5031 conti.
2007 4969 2207 5034 mulat;
2234 4969 2378 5023 aliud
2400 4984 2564 5039 opere
2598 4972 2727 5041 agit,
2761 4970 2905 5027 aliud
2928 4987 3058 5028 voce
3089 4974 3399 5044 praetendit.

291 5072 516 5130 temur,
544 5060 710 5115 divini
741 5061 888 5114 verbi
914 5060 1100 5130 epulas
1121 5061 1414 5126 sumimus,
1439 5062 1483 5115 si
1512 5077 1698 5118 sumus
1735 5063 1892 5122 electi
2075 5058 2343 5114 Ostendite
2371 5059 2499 5114 mihi
2536 5062 2797 5115 numisma
2827 5078 3034 5117 census.
3071 5061 3137 5116 At
3168 5062 3246 5115 illi
3287 5061 3582 5120 obtulerunt

291 5157 615 5215 nescimus.
639 5154 811 5208 Tanto
841 5169 969 5223 ergo
1003 5168 1225 5208 necesse
1265 5161 1379 5219 est,
1423 5162 1483 5207 ut
1526 5157 1896 5226 unusquisque
1999 5152 2049 5206 ei
2073 5151 2367 5206 denarium.
2404 5149 2677 5220 Sapientia
2703 5167 2917 5222 semper
2938 5153 3211 5221 sapienter
3235 5152 3366 5221 agit,
3391 5154 3582 5208 utsuis

292 5259 571 5305 nostrum
618 5246 672 5299 in
715 5245 1018 5299 humilitate
1062 5259 1120 5298 se
1159 5244 1455 5312 deprimat,
1493 5253 1695 5313 quanto
1741 5247 1788 5301 si
1825 5247 1899 5309 sit
1999 5243 2343 5314 potissimum
2411 5249 2707 5298 tentatores
2771 5243 3114 5298 sermonibus
3185 5241 3574 5298 confutantur:

291 5344 526 5399 electus
571 5341 801 5411 ignorat.
838 5339 1086 5394 Nonnulli
1129 5339 1272 5393 enim
1301 5339 1436 5395 bona
1471 5354 1572 5394 nec
1599 5341 1894 5410 incipiunt;

2023 5333 2270 5390 )stendite
2323 5333 2489 5397 mihi,
2536 5333 2746 5402 inquit,
2796 5332 3096 5396 denarium,
3127 5331 3230 5387 hoc
3278 5339 3361 5386 est
3411 5346 3580 5401 genus

290 5431 563 5488 nonnulli
590 5445 718 5484 vero
737 5431 792 5484 in
818 5430 971 5484 bonis
1006 5444 1126 5499 quae
1159 5429 1476 5497 inceperunt
1518 5429 1742 5484 minime
1770 5445 1891 5500 per.
1999 5426 2226 5488 nummi,
2252 5423 2394 5493 quod
2422 5437 2520 5492 pro
2543 5423 2727 5477 decem
2757 5421 2995 5476 nummis
3015 5420 3402 5493 imputabatnr.
3419 5421 3577 5480 simul

290 5526 539 5581 sistunt.
559 5520 712 5575 Alter
734 5537 872 5590 pene
903 5529 1072 5576 totam
1111 5521 1275 5573 vitam
1306 5520 1504 5574 ducere
1538 5520 1594 5574 in
1623 5521 1896 5590 pravitate
1995 5527 2053 5574 et
2087 5519 2324 5574 habebat
2353 5515 2638 5586 imaginem
2671 5513 2919 5570 Caesaris.

289 5613 671 5684 conspicitur,
695 5613 786 5666 sed
811 5612 962 5680 juxta
992 5611 1151 5666 linem
1175 5612 1297 5664 vitae
1324 5625 1355 5663 a
1382 5611 1654 5679 pravitate
1675 5627 1771 5666 sua
1795 5628 1893 5682 per
2065 5609 2132 5664 Et
2161 5610 2233 5662 ait
2265 5607 2369 5662 illis
2413 5607 2569 5662 Jesus
2591 5619 2610 5656 :
2635 5603 2800 5673 Cujus
2840 5613 2914 5658 est
2963 5604 3135 5674 imago
3164 5603 3275 5656 lucc
3311 5611 3361 5658 et
3393 5617 3578 5671 supra-

293 5705 579 5762 districtaa
624 5703 952 5774 poenitentiae
993 5703 1223 5758 lamenta
1266 5708 1570 5758 revocatur.“
1611 5700 1762 5758 Alter
1785 5702 1894 5759 cle-
1991 5701 2243 5771 scriptio?
2267 5699 2368 5766 Qui
2392 5705 2580 5769 putant
2605 5694 3080 5767 interrogationem
3103 5691 3580 5763 Salvatorisigno—
