3998 6188
461 316 482 368 l
493 313 598 371 059

1108 315 1172 371 Β.
1212 264 1465 371 ΒΛΙὶΑΝΙ
1500 309 1721 367 MAUR!
1756 305 2008 365 ARCIIIE

2116 304 2427 363 MOGUNT.
2465 304 2749 362 OPERUM
2786 304 2966 360 PARS
3002 305 3043 360 1.

3565 307 3688 363 ΝΜΟ

455 430 686 486 rantiam
732 444 883 497 esse,
927 443 983 487 et
1022 444 1128 486 non
1173 431 1633 501 dispensationem
1658 467 1674 493 ,
1713 425 1928 481 discant
1953 438 2023 477 ex
2050 425 2103 483 Α
2199 419 2266 473 In
2309 419 2684 473 resurrectione
2722 435 2845 489 ergo
2887 419 3039 489 cujus
3075 419 3175 473 erit
3210 419 3277 473 de
3309 428 3501 488 septem
3535 423 3696 476 uxor?

453 520 706 591 prmsenti
735 520 852 578 loco
872 562 887 586 ,
917 521 1061 590 quod
1088 521 1275 591 utique
1301 522 1540 592 potuerit
1562 520 1705 575 scire
1736 515 1894 572 Jesus
1931 529 2020 569 cu-

452 610 744 683 iusimago
768 619 913 667 esset
932 612 985 665 in
1010 626 1255 677 nummo,
1279 612 1373 666 sed
1395 611 1715 681 interrogat,
1738 614 1798 662 ut
1822 605 1891 661 ad
1914 619 2017 660 ser-

450 717 663 757 monem
694 717 883 758 eorum
909 710 1280 772 competenter
1304 700 1646 770 respondeat.

518 794 715 849 Dicunt
758 795 806 849 ei
831 835 847 860 ,
889 791 1135 849 Cwsaris.
1180 792 1325 847 Tunc
1356 794 1432 846 ait
1474 792 1580 847 illis
1600 805 1619 844 :
1643 791 1865 847 Reddite
1901 803 2024 858 ergo

446 902 566 954 quia
587 895 708 940 sunt
737 883 985 950 Caesaris,
1008 883 1208 939 Caesari
1233 897 1251 934 :
1280 892 1329 937 et
1348 899 1465 954 qua:
1482 891 1602 936 sunt
1625 882 1742 947 Dei,
1765 881 1895 935 Deo.
1925 879 2026 934 Hic

450 978 719 1032 Cazsarcm
747 992 854 1032 non
883 984 1133 1047 putemus
1159 974 1458 1045 Augustum
1478 1011 1493 1038 ,
1523 973 1619 1027 sed
1649 970 1923 1026 Tiberium
1953 968 2028 1025 si-

447 1070 728 1139 gniﬁcari,
769 1069 1076 1140 privignum
1106 1065 1252 1136 ejus,
1281 1064 1373 1134 qui
1422 1064 1479 1118 in
1525 1062 1644 1119 loco
1690 1067 2027 1117 successerat

444 1162 644 1225 vitrici,
675 1161 776 1216 sub
796 1175 902 1230 quo
924 1168 979 1215 et
1004 1174 1196 1229 passus
1221 1168 1306 1212 est
1327 1155 1606 1210 Dominus.
1625 1153 1824 1209 Omnes
1844 1159 2024 1207 autem

444 1267 602 1322 reges
633 1250 859 1306 Romani
889 1265 918 1303 a
946 1249 1121 1320 primo
1141 1247 1202 1303 C.
1223 1247 1457 1310 Caesare,
1479 1244 1568 1313 qui
1590 1242 1872 1312 imperium
1895 1240 2029 1294 arri-

443 1349 657 1409 puerat,
679 1339 920 1395 Caesares
944 1338 1193 1409 appellati
1219 1344 1365 1393 sunt.
1387 1336 1579 1399 Porro,
1600 1332 1741 1403 quod
1766 1332 1864 1396 ait,
1892 1330 2027 1384 Red-

443 1433 550 1486 dite
589 1449 706 1503 qua:
748 1442 872 1486 sunt
919 1429 1170 1495 Censoris,
1221 1426 1439 1492 Cwsari,
1488 1425 1541 1480 id
1580 1432 1683 1488 est,
1721 1435 2022 1485 nummum,

444 1519 729 1586 tributum,
753 1528 811 1574 et
837 1519 1140 1589 pecuniam.
1170 1517 1237 1571 Et
1265 1533 1383 1587 qua:
1403 1524 1523 1569 sunt
1552 1514 1678 1577 Dei,
1706 1512 1812 1565 Deo
1831 1551 1846 1577 ,
1874 1510 2023 1565 deci-

444 1624 562 1665 mas
599 1617 655 1665 et
696 1609 984 1679 primitias,
1013 1616 1069 1663 et
1095 1607 1394 1661 oblationes
1413 1644 1428 1668 ,
1459 1619 1523 1658 ac
1545 1603 1792 1657 victimas
1820 1599 2024 1654 sentia-

442 1714 586 1765 mus,
611 1700 881 1769 quomodo
899 1707 955 1754 et
976 1699 1091 1769 ipse
1115 1697 1292 1751 reddit
1323 1697 1525 1751 tributa
1538 1709 1637 1764 pro
1660 1709 1737 1758 se,
1755 1701 1810 1747 et
1830 1692 2018 1757 Petro;

2125 529 2303 567 omnes
2323 513 2462 567 enim
2482 511 2774 566 [rubuerunt
2801 527 2918 565 eam
2970 509 3153 583 (ΚΑΒ.)
3183 509 3587 581 Turpitudinem
3620 514 3697 567 fa-
3748 512 3760 523 ’

2123 602 2267 657 bulas
2291 610 2601 673 opponunt,
2643 608 2706 656 ut
2745 600 3169 656 resurrectionis
3204 598 3473 671 denegem
3512 602 3689 657 verita-

2120 702 2254 767 tem.
2287 695 2487 750 Verum
2518 692 2747 764 mystice
2769 702 2974 762 septem
3014 691 3068 747 bi
3100 690 3301 747 fratres
3328 691 3447 746 sine
3471 692 3597 748 tiliis
3622 694 3699 750 de-

2125 783 2296 839 functi
2321 783 2564 853 reprobis
2591 782 2893 852 quibusque
2927 789 3252 853 congruunt,
3277 780 3371 850 qui
3407 796 3504 851 per
3541 791 3698 852 totam

2125 874 2283 945 bujus
2326 874 2510 931 saeculi
2538 874 2736 939 vitam,
2766 888 2886 944 quae
2926 882 3133 944 septem
3172 873 3364 928 diebus
3390 873 3642 941 volvitur,
3670 892 3697 931 a

2125 965 2285 1021 bouis
2313 966 2566 1035 operibus
2595 966 2810 1021 steriles
2838 966 3100 1021 existunt.
3138 964 3347 1033 Quibus
3380 967 3583 1022 viritim
3608 969 3700 1023 mi-

2124 1070 2244 1110 sera
2267 1065 2444 1112 morte
2467 1056 2772 1127 prtereptis,
2805 1056 2873 1110 ad
2901 1055 3150 1110 ultimum
3196 1064 3253 1110 et
3297 1056 3409 1126 ipsa
3437 1057 3697 1113 mundana

2120 1146 2464 1215 conversatio
2503 1161 2667 1215 quam
2711 1146 2787 1200 illi
2833 1147 3039 1216 absque
3080 1143 3271 1224 fructu
3304 1146 3483 1201 vitalis
3528 1149 3696 1218 operis

2124 1247 2436 1307 esegerant,
2459 1238 2613 1306 quasi
2641 1251 2776 1291 uxor
2800 1235 3086 1292 infecunda
3114 1236 3389 1290 transibit.

2196 1326 2534 1398 Respondeas
2555 1337 2729 1382 autem
2747 1325 2930 1392 Iesus,
2951 1328 3024 1381 ait
3051 1326 3159 1380 illis
3176 1340 3195 1377 :
3219 1326 3454 1391 Erratis,
3475 1331 3697 1383 nescien-

2124 1428 2199 1472 tes
2214 1417 2537 1488 Scripturas,
2553 1432 2716 1488 neque
2728 1419 2966 1472 virtutem
2982 1417 3097 1471 Dei.
3116 1416 3388 1487 (Hierom)
3410 1417 3696 1487 Propterea

2125 1518 2332 1574 errant,
2358 1509 2487 1580 quia.
2513 1507 2824 1579 Scripturas
2849 1507 3128 1572 nesciunt,
3155 1514 3212 1562 et
3240 1507 3365 1576 quia
3397 1506 3697 1577 Scripturas

2124 1599 2377 1670 ignorant
2392 1606 2789 1668 consequenter
2810 1598 3063 1653 nesciunt
3086 1598 3342 1652 virtutem
3362 1598 3478 1663 Dei,
3505 1600 3613 1653 boc
3624 1608 3696 1654 est

2125 1690 2425 1757 Christum,
2446 1690 2539 1760 qui
2562 1701 2650 1745 est
2672 1689 2765 1744 Dei
2789 1689 2983 1754 virtus,
3014 1696 3069 1743 et
3094 1688 3189 1743 Dei
3215 1689 3499 1760 sapientia.

444 1794 501 1840 et
528 1787 637 1840 Deo
660 1787 855 1850 reddit,
881 1802 1001 1855 quae
1028 1785 1122 1840 Dei
1154 1793 1309 1849 sunt,
1336 1784 1540 1839 faciens
1564 1782 1744 1836 Patris
1772 1782 2019 1836 volunta-
2051 1778 2097 1837 Β
2198 1779 2267 1835 In
2290 1781 2668 1835 resurrectione
2692 1781 2829 1835 enim
2867 1797 3030 1851 neque
3070 1780 3283 1846 nubent,
3314 1796 3478 1851 neque
3501 1779 3694 1834 nuben-

444 1884 573 1929 tem.
632 1874 841 1928 Aliter:
876 1873 1097 1928 Reddite
1136 1889 1252 1944 qua:
1291 1872 1517 1927 thsat'is
1550 1880 1669 1924 sunt
1708 1870 1935 1936 Ctesari,
1974 1878 2023 1924 et

442 1984 560 2036 qua:
594 1967 687 2020 Dei
714 1975 835 2021 sunt
873 1966 1005 2019 Deo.
1038 1964 1220 2036 (Aug.)
1268 1962 1727 2030 Quemadmodum
1768 1960 1947 2016 Caesar
1990 1975 2022 2016 a

440 2056 594 2112 vobis
621 2056 789 2127 exigit
814 2055 1224 2126 impressionem
1244 2052 1498 2122 imaginis
1519 2066 1650 2116 suae,
1675 2051 1755 2106 sic
1776 2060 1830 2105 et
1856 2052 2017 2118 Deus,

440 2152 500 2198 ut
529 2141 987 2214 quemadmodum
1015 2142 1095 2197 illi
1117 2141 1362 2197 redditur
1380 2155 1649 2205 nummus,
1674 2139 1753 2194 sic
1773 2139 1886 2194 Deo
1904 2140 2023 2194 ani-

441 2249 528 2287 ma
558 2233 760 2288 lumine
780 2231 960 2287 vultus
984 2230 1100 2300 ejus
1130 2231 1399 2285 illustrata
1433 2237 1597 2299 atque
1615 2228 1844 2299 signata.
1869 2228 2022 2285 Unde

440 2325 727 2380 Psalmista
746 2342 760 2379 :
780 2322 1054 2394 Signatam
1078 2333 1176 2388 est,
1201 2321 1395 2392 inquit,
1414 2321 1469 2374 in
1494 2319 1641 2375 nobis
1661 2319 1833 2374 lumen
1849 2319 2021 2374 vultus

440 2417 550 2480 tui,
579 2415 800 2469 Domine
821 2414 993 2487 (Psat.
1025 2414 1118 2486 iv).
1145 2413 1259 2468 Hoc
1286 2426 1498 2482 quoque
1527 2410 1705 2465 lumen
1733 2418 1818 2465 est
1849 2418 2019 2465 totum

443 2505 680 2561 hominis
702 2513 757 2559 et
780 2519 964 2559 verum
990 2505 1190 2560 bonum
1211 2504 1355 2573 quod
1375 2518 1483 2557 non
1509 2501 1698 2566 oculis,
1720 2501 1815 2556 sed
1839 2508 2019 2556 mente

439 2597 790 2667 conspicitur.
821 2595 1106 2666 Signatum
1129 2603 1311 2650 autem
1336 2595 1472 2650 dixit
1494 2594 1548 2649 in
1565 2593 1742 2658 nobis,
1761 2602 2016 2662 tanquam

437 2688 692 2743 denarius
714 2689 960 2760 signatur
990 2687 1133 2758 regis
1169 2686 1421 2757 imagine.
1454 2685 1625 2742 Homo
1649 2686 1796 2740 enim
1836 2684 2016 2739 factus

434 2785 520 2833 est
547 2778 615 2832 ad
644 2778 933 2848 imaginem
968 2784 1025 2831 et
1070 2775 1477 2831 similitudinem
1515 2774 1643 2841 Dei,
1684 2789 1847 2844 quam
1894 2788 2017 2845 pec-

436 2866 608 2922 cando
651 2866 915 2937 corrupit.
954 2866 1159 2921 Bonum
1200 2882 1331 2937 ergo
1359 2865 1473 2935 ejus
1515 2876 1599 2921 est
1638 2880 1823 2921 verum
1851 2874 2014 2936 atque

433 2967 717 3022 aeternum,
745 2957 791 3012 si
814 2958 1150 3013 renascendo
1180 2958 1439 3029 signetur.

510 3048 576 3100 Et
598 3049 895 3115 audientes,
917 3050 1097 3103 mirati
1127 3060 1270 3104 sunt.
1309 3049 1409 3116 Qui
1451 3050 1672 3105 credere
1710 3050 2012 3107 debuerant

2125 1879 2231 1923 tur.
2264 1869 2454 1924 Latina
2485 1870 2818 1924 consuetudo
2843 1869 3033 1925 Grmco
3061 1869 3304 1926 idiomati
3338 1885 3445 1925 non
3474 1886 3692 1941 respon-

2125 1961 2235 2015 det.
2262 1960 2478 2016 Nubere
2505 1961 2650 2016 enim
2685 1960 2903 2031 proprie
2936 1960 3190 2015 dicuntur
3216 1960 3490 2027 mulieres,
3520 1971 3577 2016 et
3604 1961 3694 2015 viri

2124 2064 2322 2105 uxores
2348 2049 2565 2105 ducere.
2592 2049 2699 2104 Sed
2726 2065 2826 2105 nos
2856 2049 3176 2121 simpliciter
3203 2051 3409 2106 dictum
3435 2051 3691 2123 intelliga-

2124 2156 2260 2204 mus,
2293 2142 2437 2212 quod
2460 2143 2664 2197 nubere
2693 2142 2761 2197 de
2791 2142 2941 2207 viris,
2968 2150 3024 2196 et
3047 2141 3175 2196 nubi
3200 2142 3268 2197 de
3292 2142 3557 2198 uxoribus
3578 2143 3694 2198 scri-

2120 2238 2273 2300 ptum
2302 2232 2392 2287 sit.
2421 2230 2480 2286 Si
2513 2232 2568 2285 in
2609 2231 3005 2287 resurrectione
3035 2247 3142 2286 non
3167 2233 3375 2287 nubent
3400 2248 3577 2302 neque
3598 2250 3692 2288 uu-

2121 2325 2342 2388 bcntur,
2371 2331 2657 2394 resurgent
2680 2337 2810 2392 ergo
2832 2337 3058 2392 corpora
3082 2339 3203 2392 qua:
3232 2331 3462 2393 possunt
3500 2324 3693 2378 nubere

2119 2420 2176 2467 et
2205 2413 2358 2467 nubi.
2388 2411 2558 2468 Nemo
2599 2413 2798 2482 quippe
2836 2413 2969 2468 dicit
3014 2412 3082 2467 de
3113 2412 3290 2483 lapide
3315 2423 3372 2467 et
3391 2414 3619 2478 arbore,
3645 2422 3694 2469 et

2119 2503 2205 2559 bis
2231 2504 2417 2569 rebus,
2438 2519 2558 2575 qua}
2593 2519 2699 2560 non
2731 2504 2934 2559 habent
2965 2504 3209 2559 membra
3239 2503 3518 2573 genitalia,
3554 2503 3696 2573 quod

2118 2608 2228 2650 non
2264 2593 2513 2669 nubant,
2543 2608 2719 2664 neque
2755 2592 3048 2659 nubautur,
3085 2593 3182 2648 sed
3216 2593 3282 2647 de
3320 2593 3402 2647 bis
3425 2592 3538 2661 qui,
3571 2608 3696 2646 eum

2116 2686 2325 2756 possint
2353 2687 2577 2752 nubere,
2604 2696 2783 2742 tamen
2813 2684 2921 2739 alia
2942 2684 3150 2739 ratione
3170 2699 3275 2740 non
3298 2683 3525 2738 nubunt.
3543 2681 3693 2750 Quod

2117 2786 2301 2833 autem
2330 2776 2585 2845 infertur,

2187 2866 2290 2922 Sed
2322 2878 2443 2922 sunt
2467 2870 2600 2922 sicut
2622 2866 2794 2939 angeli
2822 2867 2919 2922 Dei
2947 2868 3003 2921 in
3036 2866 3162 2922 creto
3198 2867 3409 2938 (llam),
3436 2866 3690 2937 spiritalis

2116 2961 2514 3033 repromittitur
2535 2960 2896 3016 conversatio.
2928 2959 3065 3014 Sunt
3089 2960 3234 3014 enim
3268 2960 3409 3016 sicut
3434 2958 3609 3030 angeli
3640 2960 3689 3011 in

2115 3053 2290 3117 caelis,
2312 3052 2403 3122 qui
2429 3051 2597 3122 gloria
2624 3051 3045 3107 resurrectionis
3073 3051 3333 3117 innovati,
3358 3053 3566 3122 absque
3588 3050 3690 3105 ullo

437 3139 507 3193 ad
538 3146 741 3192 tantam
786 3140 1103 3208 sapientiam
1148 3141 1333 3195 mirati
1376 3150 1533 3207 sunt,
1567 3143 1709 3211 quod
1743 3143 2005 3199 calliditas
2031 3147 2077 3212 ε
2110 3143 2300 3198 mortis
2325 3151 2468 3196 metu
2488 3181 2503 3207 ,
2536 3142 2738 3212 absque
2761 3141 2864 3195 ulla
2911 3140 3031 3196 labe
3060 3141 3425 3211 corruptionis
3446 3182 3462 3204 ,
3486 3142 3690 3210 absque

431 3245 620 3288 eorum
648 3230 939 3286 insidiandi
968 3247 1074 3286 non
1101 3233 1396 3288 invenisset
1424 3233 1621 3288 locum.

503 3321 597 3386 Et,
629 3319 806 3375 relicto
840 3337 922 3386 eo,
953 3322 1213 3376 abierunt.
1240 3321 1612 3379 [infidelitatem
1651 3325 1854 3380 pariter
1881 3340 2005 3381 cum

431 3409 698 3464 miraculo
730 3418 1088 3480 reportantes.

507 3499 641 3571 [IILJ
681 3499 749 3553 In
777 3499 872 3553 illa
900 3500 984 3555 die
1010 3513 1337 3557 accesserunt
1380 3505 1451 3558 ad
1488 3504 1639 3559 illum
1686 3505 1999 3574 Sadductei,

430 3592 519 3662 qui
546 3591 727 3644 dicunt
750 3606 854 3645 non
882 3607 992 3645 esse
1021 3593 1468 3648 resurrectionem.
1494 3594 1628 3649 Dua:
1653 3605 1807 3649 erant
1832 3596 2004 3650 haere-

429 3696 517 3737 ses
548 3682 605 3736 in
630 3680 863 3748 Iudaeis,
897 3696 1001 3736 una
1051 3681 1447 3739 Pharisaeorum
1486 3693 1542 3739 et
1583 3686 1755 3740 altera
1794 3684 2003 3741 Saddu-

429 3789 685 3828 czeorum.
730 3772 990 3828 Pliarismi
1036 3775 1383 3831 traditionum
1420 3783 1475 3831 et
1519 3777 1957 3834 Observationum
1983 3819 1998 3845 ,

435 3880 571 3936 quas
594 3865 669 3920 illi
698 3873 894 3922 vocant
926 3865 1270 3934 Deuterosis,
1303 3869 1569 3939 justitiam
1611 3870 1999 3941 praeferebant,

428 3957 571 4012 unde
604 3964 662 4011 et
702 3957 855 4011 divisi
890 3958 1224 4014 vocabantur
1263 3974 1293 4013 a
1330 3959 1543 4029 populo.
1588 3958 1867 4025 Sadducaei
1907 3977 2003 4015 au-

430 4057 557 4115 tem,
591 4049 682 4118 qui
726 4050 1221 4119 interpretabantur
1247 4050 1421 4119 justi,
1453 4061 1508 4106 et
1533 4051 1634 4120 ipsi
1656 4051 2001 4107 vindicabant

427 4140 528 4194 sibi
558 4139 701 4209 quod
729 4155 836 4194 non
865 4149 1037 4194 erant.
1059 4140 1337 4195 Prioribus
1365 4146 1420 4193 et
1448 4142 1691 4211 corporis
1723 4151 1778 4198 et
1806 4144 2000 4198 animae

422 4228 877 4283 resurrectionem
923 4229 1297 4295 credentibus,
1321 4230 1807 4303 contitentibusqne
1837 4249 1999 4304 ange-

358 4332 361 4335 '
428 4321 541 4386 los,
571 4329 626 4375 et
650 4321 901 4391 spiritus;
932 4328 1217 4391 sequentes
1247 4321 1400 4392 juxta
1440 4322 1572 4377 Acta
1598 4324 1996 4394 apostolorum,

427 4411 606 4465 oiiinia
636 4410 987 4481 denegabant.
1010 4410 1131 4467 Ista:
1166 4420 1292 4467 sunt
1319 4411 1439 4467 dure
1475 4414 1685 4481 domus,
1711 4414 1777 4470 de
1801 4415 1996 4485 quibus

414 4499 589 4555 Isaias
620 4500 957 4555 manifestius
986 4500 1160 4556 (locet.

500 4587 563 4641 Et
589 4590 1033 4657 interrogaverunt
1050 4607 1191 4656 eum,
1212 4591 1474 4646 dicentes:
1494 4592 1767 4663 Magister,
1789 4591 1993 4665 Moyses

426 4680 598 4733 dixit:
634 4678 696 4733 Si
719 4681 836 4749 quis
857 4689 1096 4733 mortuus
1121 4680 1278 4749 fuerit
1324 4699 1429 4736 non
1469 4683 1663 4737 habens
1702 4683 1900 4753 ﬁlium,
1933 4696 1993 4741 ut

423 4771 579 4823 ducat
600 4768 768 4839 frater
793 4769 910 4839 ejus
933 4786 1148 4824 uxorem
1176 4769 1340 4836 illius,
1370 4780 1419 4825 et
1441 4774 1651 4828 suscitet
1671 4791 1844 4830 semen
1873 4776 1987 4846 fra-

419 4860 487 4912 tri
508 4874 624 4913 suo.
655 4857 827 4913 Erant
847 4869 1020 4913 autem
1046 4860 1187 4931 apud
1211 4877 1304 4915 nos
1327 4872 1515 4933 septem
1543 4863 1734 4934 fratres
1752 4905 1766 4930 ,
1807 4876 1855 4918 et
1885 4867 1995 4936 pri-

418 4965 533 5003 mus
559 4965 720 5003 uxore
753 4948 912 5002 ducta
940 4949 1217 5018 defunctus
1250 4961 1348 5016 est,
1377 4961 1423 5006 et
1451 4969 1554 5007 non
1585 4954 1779 5008 habens
1820 4971 1994 5009 semen

418 5038 624 5110 reliquit
657 5056 873 5093 uxorem
902 5056 1051 5094 suam
1093 5041 1248 5111 fratri
1275 5059 1389 5097 suo.
1426 5042 1680 5099 Similiter
1709 5047 1992 5115 secundus,

417 5139 464 5181 et
492 5130 675 5182 tertius
706 5144 870 5200 usque
898 5129 966 5181 ad
1007 5130 1299 5198 septimum.
1344 5130 1637 5188 Novissime
1675 5144 1847 5189 autem
1875 5152 1985 5190 om-

413 5219 558 5271 nium
591 5227 638 5272 et
668 5217 857 5272 mulier
880 5218 1128 5288 defuncta
1148 5230 1243 5274 est.
1268 5221 1371 5288 Qui
1398 5224 1841 5278 resurrectionem
1859 5239 1983 5279 cor-

414 5325 604 5380 porum
653 5326 760 5366 non
805 5312 1100 5368 credebant
1151 5314 1361 5370 animas
1402 5314 1707 5385 iudicantes
1758 5315 1982 5372 interire

412 5417 534 5456 cum
577 5405 894 5477 corporibus
928 5417 1073 5461 recte
1117 5406 1418 5461 istiusmodi
1468 5407 1674 5477 lingunt
1706 5406 1976 5475 fabulam,

410 5510 530 5563 qua:
558 5495 898 5551 deliramenti
926 5506 1114 5567 arguat
1140 5513 1266 5562 eos,
1293 5499 1384 5567 qui
1419 5500 1865 5554 resurrectionem
1895 5516 1980 5554 as-

408 5593 595 5638 serunt
616 5601 924 5655 corporum.
953 5588 1134 5644 l’otest
1164 5597 1343 5644 autem
1376 5588 1489 5645 fieri
1512 5598 1568 5644 ut
1595 5603 1718 5645 vere
1748 5590 1800 5644 in
1820 5598 1978 5662 gente

393 5675 592 5731 "eorum
626 5677 726 5733 boc
760 5677 1036 5734 acciderit.

2108 3232 2216 3289 ullo
2245 3232 2442 3287 terreni
2472 3240 2647 3286 status
2667 3239 2788 3286 actu
2806 3271 2822 3296 ,
2854 3239 3111 3302 perpetua
3138 3230 3232 3286 Dei
3266 3231 3473 3287 visione
3496 3230 3687 3285 fruun-

2108 3329 2213 3376 tur.
2243 3322 2325 3377 Ad
2355 3336 2518 3391 quam
2543 3336 2765 3377 necesse
2784 3328 2868 3376 est
2895 3321 3150 3392 angelica:
3169 3321 3445 3392 dignitatis
3467 3322 3689 3393 aequali-

2105 3422 2270 3468 tatem
2316 3413 2561 3482 quisquis
2588 3412 2882 3468 ascendere
2919 3411 3217 3478 desiderat,
3256 3429 3398 3469 nunc
3434 3415 3690 3469 minimus

2102 3505 2363 3560 fratribus
2406 3505 2492 3575 pie
2533 3505 2742 3577 agendo
2769 3505 3180 3561 condescendat.
3208 3504 3277 3559 Et
3321 3506 3437 3561 haec
3467 3507 3688 3577 quidem

2102 3597 2577 3654 condescendendo
2605 3598 2672 3653 de
2705 3597 3115 3653 resurrectionis
3136 3598 3529 3653 conditionibus
3555 3615 3685 3669 pro-

2101 3692 2289 3762 posita:
2315 3689 2545 3745 reddidit
2566 3689 2869 3760 quarstioni.
2890 3691 2966 3745 De
2995 3691 3107 3761 ipsa
3133 3706 3263 3745 vero
3290 3691 3685 3746 resurrectione

2101 3781 2388 3837 adversum
2416 3780 2786 3836 infidelitatem
2812 3796 3000 3836 eorum
3030 3782 3100 3835 ita
3126 3780 3336 3837 locutus
3357 3789 3475 3836 est:

2171 3870 2249 3925 De
2297 3870 2677 3925 resurrectione
2720 3879 2894 3925 autem
2936 3880 3259 3925 mortuorum
3299 3888 3405 3925 non
3448 3869 3682 3941 legistis,

2099 3961 2238 4032 quod
2260 3960 2456 4014 dictum
2482 3970 2557 4014 est
2581 3959 2721 4014 vobis
2750 3977 2784 4014 a
2823 3960 2935 4016 Deo
2975 3961 3212 4015 dicente:
3244 3960 3357 4031 Ego
3389 3977 3505 4014 sum
3544 3962 3683 4016 Deus

2101 4051 2386 4118 Abraham,
2408 4061 2456 4106 et
2487 4051 2630 4106 Deus
2651 4051 2827 4119 Isaac,
2849 4062 2899 4107 et
2920 4053 3062 4107 Deus
3090 4051 3279 4106 Iacob.
3321 4052 3403 4107 Ad
3432 4069 3683 4124 compro-

2098 4142 2331 4198 baudam
2367 4142 2784 4198 resurrectionis
2820 4143 3107 4197 veritatem
3145 4142 3315 4197 multo
3354 4142 3479 4197 aliis
3505 4144 3682 4198 mani-

2098 4232 2412 4288 festioribus
2432 4232 2695 4303 exemplis
2722 4232 2802 4286 uti
2830 4232 3023 4302 potuit.
3042 4231 3085 4285 E
3104 4231 3299 4300 quibus
3320 4241 3406 4286 est
3430 4240 3485 4287 et
3504 4232 3643 4287 illud
3664 4250 3677 4286 :

2099 4321 2170 4376 Et
2202 4322 2595 4377 suscitabuntur
2616 4322 2830 4388 mortui,
2857 4331 2905 4376 et
2927 4330 3195 4393 resurgant
3227 4321 3315 4391 qui
3338 4324 3392 4375 in
3419 4323 3683 4391 sepulcris

2097 4422 2219 4468 sunt
2263 4412 2446 4486 (Joan.
2480 4411 2557 4484 v).
2592 4412 2659 4466 Et
2684 4411 2738 4466 in
2771 4411 2876 4466 alio
2915 4411 3035 4466 loco
3063 4430 3076 4465 :
3108 4410 3265 4465 Multi
3303 4411 3681 4465 dormientium

2019 4492 2073 4553 D
2098 4502 2163 4556 de
2183 4512 2339 4556 teme
2357 4501 2565 4573 pulvere
2593 4510 2922 4571 consurgent,
2948 4500 3042 4555 alii
3065 4501 3121 4555 in
3149 4501 3307 4555 vitam
3334 4540 3350 4564 ,
3391 4509 3441 4554 et
3479 4501 3583 4554 alii
3623 4502 3682 4554 in

2100 4591 2431 4663 approbrium
2451 4599 2500 4645 et
2526 4589 2880 4659 confusionem
2907 4602 3174 4645 ceteruam.
3200 4589 3469 4657 Quaeritur
3487 4592 3682 4664 itaque

2098 4681 2226 4752 quid
2253 4680 2354 4735 sibi
2384 4678 2610 4734 voluerit
2631 4678 2892 4733 Dominus
2910 4679 3013 4734 hoc
3037 4679 3282 4748 proferre
3302 4681 3683 4737 testimonium

2095 4769 2238 4841 quod
2280 4768 2490 4822 videtur
2518 4767 2858 4838 ambiguum,
2900 4767 2983 4821 vel
3021 4783 3126 4822 non
3165 4768 3297 4822 satis
3321 4768 3390 4822 ad
3428 4784 3681 4825 resurre-

2090 4862 2283 4918 ctionis
2301 4861 2533 4930 pertinet
2552 4860 2855 4914 veritatem.
2880 4858 3053 4930 Supra
3081 4861 3317 4914 diximus
3342 4862 3681 4919 Sadducazos

2087 4968 2187 5008 nec
2215 4950 2454 5021 angelos,
2486 4965 2587 5004 nec
2615 4951 2891 5020 spiritum,
2935 4965 3034 5006 nec
3061 4952 3509 5007 resurrectionem
3544 4970 3679 5008 cor-

2087 5057 2276 5114 porum
2306 5042 2644 5104 conlitentes,
2674 5043 2973 5097 animarum
2995 5058 3209 5113 quoque
3231 5044 3502 5098 interitum
3531 5061 3677 5115 pne-

2092 5133 2319 5188 dicasse.
2358 5131 2421 5185 Hi
2458 5134 2696 5202 quinque
2742 5141 2948 5187 tantum
2994 5133 3156 5187 libros
3195 5133 3396 5205 Moysis
3435 5137 3676 5206 recipie-

2090 5225 2252 5290 bant,
2293 5225 2676 5295 propbetarum
2728 5225 2981 5279 vaticinia
3038 5234 3375 5294 respuentes.
3424 5226 3675 5281 Stultum

2088 5330 2218 5386 ergo
2240 5324 2360 5389 erat
2389 5314 2510 5369 inde
2532 5315 2774 5385 prolerre
2797 5314 3133 5378 testimonia,
3159 5331 3387 5385 quorum
3426 5319 3677 5371 auctori-

2090 5417 2253 5463 tatem
2285 5423 2389 5461 non
2434 5409 2818 5476 sequebantur.
2850 5406 3020 5462 Porro
3057 5408 3125 5461 ad
3157 5408 3513 5463 mternitatem
3546 5409 3673 5462 ani-

2087 5515 2294 5554 marum
2326 5499 2655 5569 probandam
2687 5499 2837 5569 ponit
2861 5500 3184 5568 exemplum.
3214 5499 3328 5569 Ego
3373 5516 3487 5553 sum
3519 5499 3673 5560 Dem

2063 5590 2348 5643 'Abraham
2415 5600 2463 5645 et
2493 5590 2632 5645 Deus
2668 5590 2824 5645 Isaac
2844 5631 2858 5656 ,
2889 5599 2935 5645 et
2969 5589 3104 5644 Dens
3142 5590 3339 5658 Iacob,
3370 5591 3673 5660 statimque

2082 5678 2243 5735 infert
2264 5699 2278 5737 :
