3998 6188
320 335 475 390 1061

1317 331 1670 390 COMMENT.
1710 330 1778 386 IN
1815 329 2255 388 MATTHIEUM.
2294 360 2368 373 —
2404 332 2533 388 LIB.
2575 333 2659 390 Vl.

3461 344 3479 392 l
3495 339 3597 395 062

412 449 536 504 Non
572 459 645 504 est
679 448 818 504 Deus
847 457 1205 513 mortuorum,
1233 448 1324 502 sed
1359 448 1654 502 viventium.
1686 447 1753 501 Et
1792 462 1915 501 cum
1942 452 1992 511 Α
2020 456 2243 517 rogatus
2261 456 2449 516 nosset
2469 448 2523 503 id
2544 447 2689 519 quod
2712 446 3166 519 interrogabatur,
3180 450 3321 518 quod
3335 450 3405 505 sit
3426 454 3599 523 majus

335 542 652 612 probaverit
679 542 890 594 animas
929 554 1252 610 permanere
1293 548 1415 610 post
1446 548 1676 593 mortem
1722 537 1920 610 (neque

335 632 482 687 enim
516 639 727 703 poterat
754 632 893 698 ﬁeri,
925 640 984 685 ιιι
1006 647 1195 687 eorum
1228 639 1371 687 esset
1400 633 1561 697 Deus,
1591 631 1682 701 qui
1714 646 1917 701 nequa-

334 738 500 791 quam
532 722 938 792 subsisterent),
965 731 1360 791 consequenter
1407 720 1840 777 introduceretur
1864 730 1922 777 et

333 828 624 883 corporum
657 813 1003 876 resurrectio,
1034 827 1155 881 qua:
1185 827 1306 865 cum
1337 811 1623 866 animabus
1647 812 1789 865 bona
1813 824 1923 864 ma-

332 902 454 957 lave
479 910 784 971 gesserunt.
808 901 961 956 Hunc
986 901 1162 957 locum
1184 900 1395 971 plenius
1424 901 1478 955 in
1504 910 1745 956 extrema
1764 908 1920 970 parte

330 997 523 1066 prima:
545 996 799 1067 Epistolas
826 995 894 1051 ad
916 994 1227 1050 Corinthios
1240 994 1439 1050 Paulus
1464 995 1745 1065 apostolus
1763 1009 1921 1050 exse-

330 1087 523 1154 quitur
552 1085 605 1157 (1
630 1086 752 1140 Cor.
784 1084 898 1151 xv).

408 1175 476 1228 Et
511 1176 783 1230 audientes
824 1175 1010 1230 turbae'
1036 1176 1362 1230 mirabantur
1404 1177 1459 1231 in
1503 1175 1744 1230 doctrina
1780 1175 1916 1244 eius.

332 1266 564 1339 (ΜΑυιι.)
595 1267 775 1322 Turba
818 1276 997 1323 autem
1035 1267 1261 1337 simplex
1283 1308 1297 1331 ,
1331 1275 1385 1321 et
1427 1268 1698 1322 indoctum
1730 1265 1920 1337 vulgus

331 1374 434 1426 per
464 1357 783 1412 humilitatis
811 1357 953 1412 viam
979 1359 1248 1428 gradiens,
1280 1358 1347 1411 ad
1377 1358 1702 1413 credendum
1745 1357 1921 1412 Domi-

332 1465 444 1513 no,
490 1459 546 1503 et
592 1448 853 1503 miracula
898 1448 967 1502 ab
1011 1464 1078 1503 eo
1129 1447 1269 1503 facta
1318 1448 1564 1503 venerari
1603 1449 1914 1519 cogebatur.

332 1539 598 1594 Phariscei
629 1548 812 1595 autem
841 1520 897 1593 et
933 1538 1160 1604 Scribat,
1191 1540 1293 1594 hoc
1337 1547 1740 1594 contemnentes
1765 1581 1779 1605 ,
1810 1555 1916 1595 non

333 1631 512 1685 solum
545 1645 651 1685 non
682 1630 1049 1695 crediderunt,
1079 1631 1188 1685 imo
1213 1632 1377 1687 etiam
1405 1631 1578 1701 ipsum
1600 1632 1764 1687 totius
1790 1631 1914 1686 boni

334 1731 616 1775 auctorem
644 1719 905 1775 conviciis
934 1728 990 1774 et
1026 1720 1310 1775 calumniis
1352 1721 1540 1776 validis
1572 1722 1914 1777 insectaban-

2022 537 2361 592 mandatum.
2395 537 2636 593 Primum
2689 554 2795 592 non
2843 538 2912 593 de
2956 540 3224 595 mandatis
3272 539 3597 612 interrogat,

2021 628 2115 683 sed
2134 629 2279 698 quod
2303 630 2377 685 sit
2396 630 2708 684 mandatum
2735 643 3005 699 magnum,
3035 640 3094 685 ut
3123 645 3243 685 eum
3267 632 3447 686 omnia
3480 649 3600 702 quae

2021 717 2164 774 Deus
2185 718 2527 775 mandaverit
2552 734 2742 789 magna
2780 720 2923 785 sint,
2951 719 3211 789 quidquid
3247 719 3335 775 ille
3372 737 3602 790 respon-

2020 808 2161 863 derit
2183 808 2525 864 occasionem
2550 808 2746 864 habeat
2772 809 3158 875 calumniandi,
3180 809 3325 865 aliud
3352 827 3602 866 asserens

2020 915 2278 972 magnum
2320 915 2443 955 esse
2481 900 2548 955 de
2596 899 2863 970 pluribus.
2894 899 3213 970 Quicunque
3251 902 3414 971 igitur
3454 902 3604 958 novit

2019 996 2075 1043 et
2112 988 2408 1060 interrogat
2447 1004 2555 1044 non
2592 997 2720 1044 voto
2750 989 3026 1055 discendi,
3063 992 3157 1046 sed
3189 993 3367 1047 studio
3405 1008 3602 1063 cogno-

2019 1079 2229 1144 scendi,
2252 1094 2321 1133 an
2344 1078 2561 1134 noverit
2591 1080 2702 1147 ille,
2724 1082 2818 1150 qui
2860 1097 3220 1152 responsurus
3242 1095 3346 1149 est,
3379 1084 3432 1138 in
3455 1085 3602 1139 simi-

2020 1166 2302 1225 litudinem
2346 1170 2743 1226 Pharisaeorum
2791 1188 2898 1227 non
2948 1174 3105 1243 quasi
3148 1174 3470 1245 discipulus,
3506 1177 3600 1230 sed

2018 1258 2171 1328 quasi
2207 1267 2443 1314 tentalor
2466 1262 2692 1315 accedit.

2086 1347 2174 1401 Ait
2200 1348 2279 1403 illi
2302 1348 2458 1404 Iesus
2481 1366 2499 1403 :
2525 1350 2724 1421 Diliges
2747 1350 3028 1406 Dominum
3049 1353 3214 1407 Deum
3238 1363 3384 1408 tuum
3406 1370 3471 1409 ea:
3494 1365 3601 1410 toto

2019 1438 2175 1492 corde
2196 1448 2310 1505 tuo,
2336 1451 2384 1495 et
2413 1442 2467 1494 in
2490 1452 2599 1494 tota
2620 1441 2799 1495 anima
2825 1453 2939 1507 tua,
2967 1454 3015 1497 et
3038 1445 3091 1497 in
3124 1454 3233 1499 tota
3268 1456 3437 1500 mente
3466 1457 3556 1500 tua
3580 1461 3598 1498 :

2017 1527 2115 1581 hoc
2138 1537 2213 1581 est
2240 1530 2526 1584 maximum
2550 1539 2597 1584 et
2624 1532 2848 1602 primum
2874 1534 3197 1588 mandatum.
3220 1535 3460 1591 Primum
3489 1554 3603 1592 om-

2015 1619 2166 1675 nium
2195 1629 2250 1677 et
2275 1624 2569 1677 maximum
2599 1626 2943 1690 mandatum,
2985 1626 3115 1680 dicit
3156 1628 3259 1683 hoc
3298 1638 3414 1695 est,
3458 1632 3603 1698 quod

2014 1720 2140 1767 ante
2186 1713 2369 1769 omnia
2411 1713 2701 1769 debeamus
2741 1714 2928 1770 intimo
2960 1717 3012 1769 in
3039 1717 3201 1772 corde
3225 1718 3419 1790 singuli
3449 1721 3602 1790 quasi

337 1817 449 1863 tur.
484 1808 633 1864 Unde
661 1808 789 1863 alibi
810 1809 1060 1864 dicebant
1086 1828 1098 1864 :
1126 1809 1375 1881 Nunquid
1402 1811 1601 1880 aliquis
1624 1826 1689 1865 ex
1717 1812 1916 1879 princi—
1945 1803 1992 1861 B
2021 1790 2240 1857 Unicum
2269 1804 2487 1872 pietatis
2514 1802 2923 1859 fundamentum
2951 1805 3151 1861 locare.

332 1899 497 1968 pibus
521 1899 750 1954 credidit
770 1899 823 1953 in
844 1902 1006 1954 eum?
1027 1899 1135 1956 Sed
1160 1902 1316 1956 turba
1343 1902 1479 1965 haec,
1506 1916 1625 1970 qua:
1647 1915 1750 1955 non
1774 1902 1922 1955 novit

334 1990 538 2060 legem,
569 1988 669 2044 sub
698 1989 985 2045 maledicto
1017 1999 1158 2045 sunt.
1191 1990 1460 2061 (lIieron.)
1490 1990 1760 2045 Przeterea
1784 2007 1924 2061 qua:-

332 2081 566 2137 rendum
590 2082 803 2137 videtur
825 2097 946 2136 cum
978 2082 1236 2136 Dominus
1265 2082 1407 2136 dicat
1437 2100 1449 2135 :
1480 2080 1659 2135 Nolite
1679 2092 1919 2136 sanctum

332 2176 466 2228 dare
490 2172 741 2238 canibus,
773 2190 937 2244 neque
967 2173 1191 2227 mittatis
1224 2174 1540 2244 margaritas
1577 2186 1775 2229 restras
1802 2184 1922 2229 ante

331 2280 545 2335 porcos,
574 2278 672 2318 cur
702 2263 814 2333 ipse
840 2264 1084 2333 quaadam
1110 2262 1197 2317 vel
1236 2263 1325 2318 hic
1367 2263 1434 2317 de
1474 2264 1643 2333 gloria
1674 2280 1920 2321 resurre-

333 2354 553 2418 ctionis,
581 2353 665 2409 vel
698 2353 826 2408 alibi
861 2355 927 2408 de
955 2353 1372 2423 dispensationis
1401 2362 1494 2407 aut
1524 2354 1687 2408 etiam
1729 2355 1924 2410 divini-

333 2444 466 2498 tatis
494 2459 606 2499 suae
638 2444 912 2514 mysteriis
940 2443 1141 2498 dixisse
1166 2443 1454 2506 invenitur,
1482 2459 1602 2513 quae
1644 2444 1797 2500 multi
1829 2445 1924 2515 qui

334 2537 604 2600 aderant,
634 2535 719 2589 vel
758 2534 1056 2589 resistendo
1083 2534 1099 2599 ,
1128 2526 1211 2589 vel
1238 2537 1665 2601 contemnendo,
1698 2552 1805 2592 non
1834 2552 1925 2594 ac-

335 2627 636 2696 ceperunt?
665 2625 781 2680 Non
823 2625 1095 2695 putandus
1117 2634 1203 2681 est
1243 2635 1488 2682 sanctum
1520 2628 1732 2685 dedisse
1772 2630 1925 2685 cani-

332 2718 461 2784 bus,
488 2727 582 2772 aut
625 2719 946 2788 margaritas
976 2718 1188 2775 misisse
1219 2727 1347 2773 ante
1375 2734 1588 2789 porcos.
1632 2720 1749 2776 Non
1777 2722 1921 2776 enim

331 2809 419 2863 eis
453 2808 599 2871 dedit
625 2809 717 2879 qui
752 2823 949 2879 capere
978 2824 1085 2864 non
1110 2819 1395 2880 poterant,
1420 2812 1514 2866 sed
1541 2812 1621 2867 cis
1649 2814 1751 2882 qui
1766 2822 1923 2883 pote-

332 2909 459 2952 rant
485 2901 542 2953 et
566 2898 726 2951 simul
751 2900 995 2964 aderant,
1027 2914 1161 2969 quos
1186 2908 1406 2969 propter
1436 2901 1663 2955 aliorum
1688 2902 1923 2956 immun-

331 2989 525 3044 ditiam
552 2989 744 3060 negligi
772 3005 878 3045 non
909 2992 1208 3059 oportebat.
1237 2990 1303 3046 Et
1331 3007 1452 3046 cum
1478 3006 1601 3046 eum
1628 3000 1923 3049 tentatores

332 3081 764 3151 interrogabant,
788 3081 1255 3152 respondebatque
1286 3082 1392 3138 illis
1417 3083 1520 3148 ita,
1543 3091 1603 3136 ut
1629 3084 1756 3152 quid
1786 3099 1920 3139 con-

2095 1891 2398 1947 Secundum
2421 1902 2595 1947 autem
2610 1893 2780 1947 simile
2800 1904 2873 1948 est
2899 1895 3022 1949 huic
3041 1910 3059 1947 :
3089 1896 3287 1968 Diliges
3307 1902 3602 1970 proximum

2019 1989 2169 2033 tuum
2205 1982 2340 2035 sicut
2375 1983 2618 2052 teipsum.
2644 1981 2885 2038 Primum
2912 2001 3044 2056 ergo
3074 1989 3316 2043 omnium
3352 2001 3406 2045 et
3431 1994 3605 2048 maxi-

2020 2087 2168 2127 mum
2200 2076 2513 2129 mandatum
2544 2084 2629 2130 est
2661 2077 2899 2147 cognitio
2924 2086 3087 2147 atque
3109 2081 3382 2137 confessio
3402 2083 3599 2141 divina:

2020 2164 2275 2227 unitatis,
2320 2180 2443 2219 cum
2476 2166 2826 2221 exsecutione
2862 2168 3017 2223 bona:
3061 2172 3411 2239 operationis.
3454 2175 3603 2231 Bona

2022 2263 2204 2308 autem
2228 2257 2473 2324 operatio
2500 2256 2554 2310 in
2584 2256 2874 2313 dilectione
2909 2258 3004 2313 Dei
3033 2268 3089 2313 et
3120 2262 3349 2330 proximi
3384 2267 3603 2334 perlici-

2021 2352 2129 2409 tur,
2156 2359 2317 2414 quam
2342 2345 2579 2402 breviter
2604 2347 2723 2403 aliis
2750 2348 2931 2403 verbis
2957 2353 3301 2407 commendat
3316 2353 3605 2423 Apostolus

2022 2432 2209 2488 dicens
2233 2451 2247 2487 :
2271 2433 2337 2488 In
2373 2433 2578 2489 Christo
2623 2437 2760 2491 enim
2802 2437 2931 2517 Jesu
2961 2456 3124 2511 neque
3151 2442 3478 2499 circumcisio
3506 2447 3607 2503 ali-

2021 2523 2149 2594 quid
2171 2522 2324 2589 valet,
2352 2541 2514 2596 neque
2548 2530 2879 2597 prwputiurn,
2910 2530 3001 2584 sed
3024 2530 3176 2599 ﬁdes,
3210 2550 3328 2603 qua:
3352 2551 3446 2604 per
3475 2537 3607 2593 dile-

2024 2617 2247 2670 ctionem
2278 2628 2525 2689 operatur
2554 2618 2699 2691 (Gal.
2725 2622 2800 2691 v).
2827 2624 2833 2630 ’

2097 2705 2166 2761 1η
2183 2708 2268 2761 his
2288 2709 2492 2765 duobus
2524 2712 2787 2766 mandatis
2817 2714 3057 2769 universa
3081 2714 3165 2770 lea:
3190 2718 3374 2787 pendet
3404 2730 3453 2773 et
3474 2737 3599 2790 pro-

2022 2798 2211 2868 phette.
2241 2799 2425 2872 (Aug)
2461 2800 2665 2859 Pendet
2696 2803 2851 2869 dixit,
2892 2806 2944 2860 id
2974 2812 3088 2872 est,
3119 2806 3210 2861 illo
3244 2808 3501 2875 refertur,
3532 2810 3606 2868 ibi

2023 2887 2189 2943 habet
2215 2889 2396 2944 linem.
2427 2890 2562 2945 Tota
2603 2892 2688 2947 lex
2722 2892 2775 2948 in
2815 2894 3022 2951 duobus
3066 2900 3350 2968 praeceptis
3389 2910 3507 2967 est,
3549 2902 3605 2957 in

2024 2978 2312 3035 dilectione
2351 2979 2483 3047 Dei,
2509 2992 2564 3036 et
2588 2982 2874 3040 dilectione
2901 2986 3152 3055 proximi.
3178 2987 3261 3043 Ad
3288 2990 3394 3044 duo
3423 2991 3608 3062 itaque

2027 3080 2321 3143 praecepta,
2352 3072 2403 3127 id
2430 3082 2535 3139 est,
2564 3075 2632 3130 ad
2656 3075 2999 3132 dilectionem
3022 3079 3115 3133 Dei
3146 3088 3202 3134 et
3226 3081 3457 3151 proximi
3483 3100 3608 3153 per-

332 3174 668 3227 tradicercnt
717 3189 824 3229 non
882 3174 1183 3239 haberent,
1236 3173 1486 3243 quamvis
1533 3175 1757 3229 venenis
1805 3175 1918 3231 suis

2024 3163 2160 3218 tinet
2191 3172 2334 3218 totus
2357 3164 2663 3237 decalogus.
2699 3168 2783 3223 Ad
2806 3182 2868 3223 ea
2897 3169 3170 3237 pertinent
3191 3149 3246 3225 et
3271 3174 3452 3227 omnia

331 3263 786 3319 contabescerent
810 3264 992 3334 potius
1016 3279 1178 3333 quam
1209 3262 1351 3319 illius
1378 3264 1500 3319 cibo
1521 3273 1917 3321 saturarentur.

329 3352 439 3406 Alii
482 3360 663 3407 tamen
702 3352 794 3422 qui
839 3361 1091 3422 poterant
1138 3368 1206 3408 ex
1251 3351 1393 3408 illius
1429 3353 1713 3408 occasione
1752 3354 1920 3408 multa

330 3442 540 3503 utJiter
574 3442 887 3497 audiebant.

405 3529 544 3602 [IV.]
587 3528 846 3584 Phariswi
874 3539 1047 3584 autem
1074 3537 1343 3585 atterentes
1368 3530 1506 3601 quod
1532 3529 1797 3584 silentium
1819 3530 1919 3583 im-

330 3623 587 3691 posuisset
611 3618 952 3686 Sadducwis,
978 3630 1324 3675 convenerunt
1352 3622 1406 3675 in
1443 3637 1605 3675 unum
1630 3661 1647 3688 ,
1677 3631 1725 3675 et
1752 3622 1919 3675 inter-

331 3710 532 3779 rogavit
571 3724 693 3762 eunt
731 3725 867 3763 unus
914 3725 979 3763 ex
1007 3711 1081 3764 eis
1127 3710 1254 3779 legis
1297 3710 1505 3775 doctor,
1530 3719 1737 3763 tentans
1775 3726 1915 3764 eum.

330 3797 715 3850 (lonvenerunt
738 3805 798 3850 ut
830 3797 1174 3852 multitudine
1213 3798 1527 3862 vincerent,
1560 3813 1722 3868 quem
1755 3798 1921 3852 ratio-

328 3903 399 3942 ne
430 3904 688 3959 superare
718 3902 823 3942 non
852 3895 1120 3958 poterant.
1144 3886 1186 3941 Α
1219 3888 1449 3943 veritate
1486 3888 1659 3943 nudos
1696 3903 1758 3944 se
1798 3902 1919 3944 esse

329 3979 562 4051 professi
603 3988 762 4046 sunt,
787 3980 877 4049 qui
908 3978 1250 4033 multitudine
1281 3993 1339 4033 se
1366 3987 1730 4034 armaverant.
1763 3979 1916 4035 Dice-

328 4072 468 4126 bant
491 4071 635 4126 enim
663 4072 805 4142 apud
836 4084 932 4125 se:
963 4070 1109 4125 Unus
1146 4069 1399 4139 loquatur
1424 4086 1526 4140 pro
1553 4070 1836 4135 omnibus,
1864 4080 1921 4127 et

326 4178 523 4217 omnes
572 4166 855 4233 loquamur
890 4175 989 4231 per
1034 4176 1229 4225 unum,
1278 4170 1336 4215 ut
1376 4160 1421 4215 si
1455 4161 1668 4230 quidem
1693 4161 1915 4227 vicerit,

326 4268 526 4309 onlnes
550 4253 829 4307 videamur
858 4251 1121 4317 victores;
1154 4252 1200 4306 si
1230 4260 1408 4307 autem
1429 4252 1603 4308 victus
1630 4250 1812 4321 fuerit,
1834 4251 1915 4308 vel

328 4345 482 4401 solus
513 4344 757 4398 videatur
784 4342 1059 4399 confusus.

400 4434 677 4505 Magister,
702 4433 839 4505 quod
859 4443 934 4487 est
962 4433 1269 4487 mandatum
1292 4451 1537 4504 magnunt
1558 4434 1614 4489 in
1635 4434 1782 4506 lege?
1802 4435 1913 4490 Ma-

326 4529 561 4600 gistrum
607 4537 767 4582 vocat
809 4526 963 4597 cujus
996 4540 1101 4581 non
1139 4526 1251 4579 vult
1286 4540 1408 4581 esse
1435 4526 1765 4596 discipulus,
1803 4542 1911 4581 non

328 4617 477 4671 scire
516 4613 830 4669 desiderans
853 4653 868 4679 ,
909 4613 1005 4669 sed
1046 4622 1281 4669 tentans.
1315 4614 1575 4669 Dominus
1613 4625 1793 4669 autem
1834 4615 1915 4671 sic

329 4706 646 4776 respondit,
676 4714 736 4759 ut
769 4706 1208 4777 interrogationis
1252 4706 1369 4775 ejus
1410 4707 1590 4762 fictam
1637 4705 1917 4763 conscien-

330 4797 461 4849 tiam
494 4796 677 4850 statim
706 4796 884 4865 primo
905 4811 1165 4865 responso
1195 4806 1501 4865 percuteret
1532 4798 1738 4852 dicens.
1762 4797 1917 4869 (Ilie-

330 4886 474 4958 ron.)
504 4886 659 4954 Quod
685 4896 863 4942 autem
890 4888 955 4942 de
976 4886 1188 4942 Herode
1209 4895 1263 4941 et
1280 4887 1470 4943 Pontio
1491 4887 1665 4942 Pilato
1688 4888 1917 4960 legimus

330 4980 384 5034 in
434 4980 648 5034 Domini
687 4997 819 5037 nece
859 4996 954 5036 eos
983 4980 1176 5036 fecisse
1203 4982 1576 5047 concordiam,
1606 4982 1711 5037 hoc
1749 4983 1914 5037 etiam

332 5086 475 5125 nunc
502 5071 567 5125 de
592 5070 882 5126 Pharismis
907 5072 1185 5126 cernimus
1218 5081 1273 5124 et
1299 5069 1631 5135 Sadducmis,
1659 5072 1749 5140 qui
1772 5072 1917 5127 inter

332 5175 391 5215 se
439 5162 698 5215 contrarii
747 5172 908 5225 sunt,
962 5161 1055 5216 sed
1098 5161 1164 5214 ad
1212 5161 1524 5215 tentandum
1569 5159 1752 5214 Jesum
1797 5161 1916 5229 pari

335 5262 517 5306 mente
544 5253 908 5307 consentiunt.
934 5252 1036 5319 Qui
1058 5267 1188 5322 ergo
1204 5250 1317 5319 jam
1342 5265 1501 5320 supra
1526 5250 1579 5304 in
1609 5252 1917 5307 ostensione

336 5342 543 5398 denarii
578 5343 797 5400 fuerant
834 5344 1116 5408 confutati,
1141 5352 1197 5398 et
1222 5344 1463 5398 adversa:
1506 5344 1680 5412 partis
1728 5344 1917 5400 factio-

337 5446 460 5485 nem
483 5434 729 5489 viderant
751 5435 1090 5503 subruptam,
1108 5432 1404 5487 debuerant
1419 5432 1666 5502 exemplo
1686 5434 1913 5502 moneri,

339 5536 407 5577 ne
434 5524 571 5578 ultra
604 5524 924 5579 molirentur
948 5524 1189 5579 insidias.
1222 5522 1328 5577 Sed
1366 5522 1737 5578 malevolentia
1769 5533 1822 5578 et
1851 5524 1915 5579 li—

340 5630 437 5668 vor
459 5620 628 5673 nutrit
652 5618 1056 5688 impudentiam.
1082 5616 1384 5685 lnterrogat
1403 5632 1542 5670 unus
1568 5631 1631 5671 ex
1665 5616 1799 5689 legis
1819 5618 1914 5670 do-

341 5708 601 5779 ctoribus,
632 5726 736 5766 non
762 5711 899 5766 scire
924 5708 1257 5777 desiderans,
1281 5709 1373 5764 scd
1404 5716 1637 5775 tentaus,
1662 5724 1727 5763 an
1756 5713 1914 5764 inter-

2020 3254 2308 3325 phetarum
2331 3255 2625 3312 volumina.
2648 3256 2782 3312 Nam
2807 3258 2929 3314 ideo
2955 3262 3072 3315 duae
3100 3261 3294 3317 tabula:
3316 3262 3449 3335 legis
3468 3266 3606 3321 data:

2019 3355 2165 3403 sunt.
2209 3346 2351 3402 Deus
2375 3348 2521 3404 enim
2562 3348 2765 3406 famulo
2809 3366 2908 3407 suo
2950 3352 3117 3423 Moysi
3151 3353 3205 3407 in
3245 3364 3427 3410 monte
3462 3356 3600 3413 duas

2021 3436 2236 3492 tabulas
2267 3438 2444 3503 dedit,
2469 3439 2520 3492 in
2544 3438 2740 3508 quibus
2773 3440 2983 3495 duabus
3023 3442 3223 3497 tabulis
3264 3445 3427 3500 verba
3461 3448 3606 3516 pacti

2018 3530 2326 3598 conscripta
2345 3538 2520 3586 erant.
2551 3530 2745 3586 Decem
2781 3532 2967 3601 utique
2987 3543 3260 3604 praecepta
3284 3535 3437 3606 legis,
3461 3538 3604 3607 quod

2019 3630 2099 3675 est
2132 3621 2449 3690 psalterium
2495 3622 2679 3675 decem
2721 3622 3067 3686 chordarum,
3093 3622 3159 3675 de
3186 3639 3291 3691 quo
3319 3624 3607 3680 Psalmista

2019 3711 2136 3763 ait:
2167 3709 2329 3773 Deus,
2352 3709 2612 3761 canticum
2636 3723 2823 3761 novum
2851 3708 3072 3761 cantabo
3093 3710 3208 3774 tibi,
3256 3712 3311 3763 in
3354 3712 3605 3782 psalterio

2018 3798 2193 3852 decem
2241 3798 2558 3851 chordarum
2595 3796 2822 3867 psallam
2866 3799 2962 3852 tibi
3013 3797 3195 3871 (Psal.
3240 3802 3435 3874 xxxn).
3474 3802 3604 3860 Tria

2018 3902 2252 3960 namque
2280 3895 2549 3958 praecepta
2578 3888 2631 3942 in
2661 3904 2765 3943 una
2794 3888 2972 3944 tabula
3000 3891 3066 3945 ad
3088 3892 3255 3947 Deum
3279 3894 3603 3963 pertinentia

2018 3981 2193 4050 posita
2219 3979 2447 4044 fuerant,
2478 3988 2682 4050 septem
2706 3979 2759 4033 in
2785 3980 2955 4036 altera
2987 3981 3163 4036 tabula
3185 3984 3252 4038 ad
3273 3985 3601 4053 proximum.

2018 4071 2076 4126 In
2102 4071 2280 4141 priore
2307 4085 2436 4140 ergo
2462 4069 2643 4125 tabula
2675 4069 2939 4140 scriptum
2962 4080 3079 4126 erat
3120 4073 3354 4143 primum
3400 4092 3605 4145 pnecc-

2017 4169 2170 4234 ptum
2204 4178 2215 4214 :
2246 4158 2359 4230 Ego
2387 4175 2501 4213 sum
2524 4159 2780 4213 Dominus
2807 4158 2946 4214 Deus
2975 4170 3115 4224 tuus,
3146 4163 3238 4233 qui
3264 4163 3422 4217 eduxi
3451 4174 3502 4218 te
3538 4166 3604 4217 de

2018 4266 2156 4309 terra
2180 4253 2421 4323 nggpti,
2443 4254 2507 4306 de
2546 4252 2700 4307 domo
2741 4252 3021 4307 servitum.
3069 4253 3193 4309 Non
3230 4256 3442 4310 habebis
3479 4257 3605 4311 deos

2018 4344 2216 4400 alienos
2243 4344 2449 4417 (Exod.
2477 4342 2623 4416 xx),
2655 4352 2711 4398 et
2758 4342 2981 4412 reliqua.
3032 4343 3168 4411 Quia
3206 4345 3453 4401 Christus
3508 4354 3607 4408 Dei

2018 4435 2188 4491 Filius
2209 4451 2331 4491 cum
2352 4434 2515 4487 Patre
2534 4442 2590 4489 et
2627 4432 2833 4503 Spiritu
2880 4442 3069 4489 sancto
3116 4451 3256 4490 unus
3309 4443 3393 4490 est
3439 4434 3605 4491 Deus.

2017 4524 2222 4580 Deinde
2266 4523 2504 4578 additum
2544 4531 2627 4578 est
2672 4541 2684 4577 :
2728 4521 2851 4577 Non
2892 4540 3124 4577 assumes
3166 4540 3351 4579 nomen
3391 4524 3603 4579 Domini

2015 4616 2089 4669 tui
2112 4616 2166 4669 in
2194 4630 2383 4670 vanum
2419 4629 2438 4668 :
2469 4630 2561 4668 nec
2614 4614 2752 4668 enim
2810 4613 3014 4668 habebit
3053 4614 3309 4669 insontem
3350 4615 3604 4672 Dominus

2016 4723 2157 4773 eum,
2181 4708 2269 4777 qui
2296 4707 2633 4777 assumpserit
2662 4722 2848 4760 nomen
2870 4705 3086 4760 Domini
3116 4708 3200 4760 sui
3227 4709 3595 4777 [rustra.Quia

2019 4813 2125 4852 non
2155 4798 2317 4851 debet
2349 4811 2379 4849 a
2408 4796 2561 4851 nobis
2587 4810 2781 4851 nomen
2802 4794 3003 4850 Christi
3024 4797 3194 4867 accipi
3223 4798 3275 4850 in
3303 4812 3521 4862 vanum,
3546 4806 3603 4852 ut

2018 4896 2268 4959 putemus
2300 4901 2423 4941 eum
2477 4885 2701 4951 factum,
2754 4886 2807 4940 id
2849 4894 2954 4951 est,
2992 4894 3296 4941 creaturam
3344 4886 3602 4955 aliquam,

2017 4994 2115 5051 per
2135 4995 2296 5050 quem
2318 4979 2460 5034 facta
2481 4986 2609 5033 sunt
2628 4978 2831 5043 omnia,
2855 4979 2980 5048 quia
3005 4993 3134 5032 vero
3162 4978 3272 5046 ipse
3301 4992 3439 5030 unus
3463 4977 3605 5029 Deus

2018 5069 2180 5126 Pater
2198 5080 2307 5136 est,
2321 5079 2376 5125 et
2395 5069 2582 5133 Filius,
2599 5076 2651 5121 et
2667 5067 2903 5137 Spiritus
2925 5076 3163 5131 sanctus,
3188 5068 3240 5120 in
3257 5065 3459 5135 Spiritu
3483 5080 3603 5119 san-

2019 5172 2131 5229 cto,
2162 5163 2213 5217 id
2235 5171 2337 5224 εει,
2372 5160 2428 5214 in
2451 5160 2619 5214 domo
2653 5159 2747 5213 Dei
2793 5159 3008 5226 requies
3070 5156 3224 5210 nobis
3275 5154 3597 5222 sempiterna

2018 5253 2366 5326 promittitur.
2401 5248 2554 5305 Unde
2581 5249 2829 5304 subditur
2858 5268 2871 5301 :
2900 5248 3158 5301 Memento
3207 5254 3261 5297 ut
3302 5244 3439 5296 diem
3484 5241 3599 5295 sab-

2021 5346 2129 5399 bati
2158 5343 2482 5412 sanctiﬁces;
2503 5357 2595 5396 sea:
2619 5342 2801 5394 diebus
2823 5337 3136 5409 operaberis,
3163 5346 3209 5389 et
3235 5334 3401 5404 facies
3422 5332 3598 5386 omnia

2015 5450 2176 5504 opera
2204 5444 2317 5497 tua,
2349 5432 2566 5502 septimo
2593 5448 2662 5484 au
2687 5445 2766 5483 em
2797 5428 2880 5481 die
2904 5425 3106 5480 sabbati
3143 5423 3353 5477 Domini
3382 5420 3480 5475 Dei
3522 5420 3598 5472 tui

2015 5540 2117 5578 non
2141 5522 2300 5591 facies
2323 5538 2473 5575 omne
2500 5536 2628 5590 opus
2664 5529 2830 5582 luunt,
2860 5527 2915 5569 tu
2941 5525 2987 5569 et
3021 5513 3164 5584 ﬁlius
3207 5523 3352 5577 tuus,
3402 5520 3449 5563 ct
3485 5509 3597 5578 [ilia

2014 5624 2128 5677 tua,
2156 5620 2210 5667 ct
2236 5611 2458 5680 reliqua.
2492 5610 2547 5664 ln
2582 5609 2752 5663 altera
2791 5621 2922 5661 vero
2973 5605 3153 5660 tabula
3196 5604 3429 5674 primum
3466 5608 3548 5653 est
3579 5613 3593 5650 :

2016 5702 2234 5757 Honora
2253 5712 2451 5771 patrem
2480 5711 2644 5765 tuam,
2695 5709 2739 5752 et
2797 5707 3013 5751 matrem
3058 5680 3236 5761 tuam;
3278 5689 3595 5755 secundum,
