4002 6188
393 296 533 355 1063

1038 292 1098 346 n.
1139 289 1391 346 ltABANl
1427 288 1646 372 usum
1681 289 1977 347 sucum?

2085 287 2348 348 COGUNT.
2388 285 2669 346 OPERUM
2710 285 2886 342 PARS
2927 285 2964 341 Ι.

3507 294 3653 350 {064,

389 409 513 464 Non
552 405 886 462 mtechaberis
904 421 923 470 ;
966 404 1207 468 tertium,
1255 403 1378 457 Non
1407 402 1640 468 occides;
1688 411 1961 472 quartum,
1989 411 2044 470 Α
2068 401 2302 458 dandam
2329 400 2763 470 interrogationis
2793 400 3075 456 veritatem
3109 401 3298 458 frivola
3328 407 3494 462 multa
3525 424 3664 465 con-

391 496 515 550 Non
539 493 834 564 furaberis;
858 493 1126 562 quintum,
1158 491 1274 545 Non
1298 491 1490 562 falsum
1516 492 1866 548 testimonium
1891 492 1970 546 di-

391 602 476 640 ces
497 601 516 649 ;
541 591 767 646 sextum,
802 582 925 638 Non
956 583 1283 651 concupisces
1326 597 1540 635 uxorem
1589 581 1815 654 proximi
1852 582 1968 646 tui,-

388 676 702 746 septimum,
748 673 869 728 Non
891 674 1222 742 concupisces
1267 689 1375 726 rem
1423 672 1650 742 proximi
1701 673 1798 730 tui.
1845 671 1970 732 Haec

385 767 673 837 iungamus
705 765 810 818 illis
833 765 1003 819 tribus
1032 765 1098 818 ad
1137 764 1480 820 dilectionem
1523 763 1616 819 Dei
1655 764 1971 835 pertinenti-

389 858 510 921 bus,
547 867 601 912 et
622 867 904 912 cantemus
941 857 994 911 in
1025 856 1279 928 psalterio
1309 858 1493 914 decem
1536 857 1886 924 chordarum,
1926 856 1973 913 si

389 932 638 1002 volumus
692 958 914 1002 cantare
967 947 1234 1004 canticum
1285 963 1480 1002 novum
1529 946 1776 1002 homines
1822 946 1971 1012 novi,

387 1040 585 1110 quibus
610 1040 857 1096 Salvator
880 1041 1192 1094 mandatum
1213 1039 1360 1094 dedit
1387 1054 1585 1096 novum
1611 1047 1670 1094 ut
1689 1038 1974 1109 diligamus

389 1135 643 1200 invicem,
674 1135 811 1190 sicut
833 1135 942 1203 ipse
967 1133 1151 1188 dilexit
1176 1147 1290 1187 nos.

464 1225 800 1296 Congregatis
823 1235 998 1279 autem
1025 1223 1311 1276 Phariswis
1337 1221 1676 1290 interrogavit
1707 1238 1792 1276 eos
1819 1221 1973 1276 Iesus

389 1322 565 1376 dicens
595 1334 614 1371 :
646 1320 784 1384 Quid
809 1320 951 1374 vobis
973 1318 1176 1373 videtur
1226 1316 1290 1369 de
1340 1314 1583 1368 Christo?
1637 1314 1786 1383 cujus
1831 1313 1974 1380 ﬁlius

389 1422 465 1469 est
489 1413 514 1467 ?
535 1411 729 1466 Dicunt
759 1413 806 1466 ei
831 1426 848 1464 :
885 1410 1074 1464 David.
1102 1411 1187 1462 Ait
1214 1407 1318 1461 illis
1342 1423 1360 1460 :
1391 1404 1660 1470 Quomodo
1691 1421 1810 1473 ergo
1862 1404 1974 1457 Da-

389 1508 478 1563 υὶά
507 1501 562 1556 in
595 1499 797 1570 Spiritu
818 1509 962 1554 vocat
990 1515 1108 1552 eum
1135 1497 1438 1559 Dominum,
1463 1496 1636 1548 dicens
1661 1509 1680 1547 :
1703 1493 1847 1546 Dixit
1872 1493 1976 1548 Do-

393 1599 565 1652 minus
600 1591 822 1646 Domino
846 1602 1000 1646 meo:
1035 1587 1171 1642 Sede
1196 1605 1226 1640 a
1255 1587 1452 1640 dextris
1483 1585 1632 1648 meis,
1672 1583 1834 1638 donec
1885 1599 1978 1652 po-

398 1703 522 1744 nam
549 1683 788 1740 inimicos
819 1687 935 1733 tuos
960 1676 1243 1732 scabellum
1265 1675 1452 1745 pedum
1483 1684 1690 1729 tuorum
1741 1671 1974 1743 (Psalm.

2069 496 2300 567 ﬁngunt,
2352 493 2700 552 vernaculum
2733 492 2958 550 Abrahae
3012 504 3338 560 asserentes,
3385 499 3539 569 cujus
3595 502 3668 556 ﬁ-

2070 590 2176 650 lius
2195 587 2358 645 fuerit
2391 589 2685 646 Damascus
2717 587 2946 654 Eliezer,
2991 596 3050 643 et
3093 603 3160 642 ex
3210 587 3384 658 ipsius
3426 603 3665 659 persona

2069 695 2166 751 per
2191 681 2451 751 scriptum
2481 681 2770 751 psalmum,
2809 681 2955 750 quod
3001 689 3124 750 post
3167 681 3370 737 caedem
3419 682 3669 753 quinque

2072 785 2259 839 regum
2287 771 2536 828 dominus
2560 771 2700 828 Deus
2721 771 2948 826 Domino
2969 785 3068 827 suo
3107 770 3307 826 dixerit
3329 771 3603 826 Abraham
3646 791 3663 826 :

2072 859 2208 920 Sede
2229 862 2298 915 ad
2319 862 2583 919 dexteram
2605 877 2794 924 meam,
2818 861 2980 917 donec
2999 877 3192 930 ponam
3220 876 3398 917 omnes
3421 861 3667 916 inimicos

2072 961 2187 1005 tuos
2212 950 2497 1005 scabellum
2541 951 2730 1021 pedum
2771 960 3003 1007 tuorum.
3067 949 3213 1017 Quos
3263 950 3671 1022 interrogemus

2073 1042 2340 1110 quomodo
2373 1041 2515 1095 Deus
2553 1040 2752 1095 dixerit
2781 1041 3011 1095 Abraha:
3048 1055 3114 1098 ea
3141 1055 3262 1109 quae
3309 1051 3608 1112 sequuntur
3648 1061 3665 1096 :

2079 1132 2264 1187 Tecum
2278 1133 2592 1202 principium
2617 1135 2670 1190 in
2695 1133 2778 1187 die
2802 1134 3006 1189 virtutis
3030 1143 3154 1198 tute,
3191 1133 3248 1186 in
3293 1133 3669 1203 splendoribus

2073 1233 2398 1290 sanctorum,
2425 1241 2490 1278 ea:
2520 1233 2666 1282 utero
2689 1234 2809 1278 ante
2857 1224 3133 1294 luciferum
3172 1226 3327 1294 genui
3355 1235 3421 1278 te.
3450 1225 3668 1280 Iuravit

2074 1304 2330 1368 Dominus
2346 1324 2394 1368 et
2416 1331 2521 1368 non
2547 1315 2805 1384 ptenitebit
2831 1331 2970 1379 eum,
3000 1323 3056 1367 tu
3081 1331 3134 1369 es
3157 1316 3400 1370 sacerdos
3431 1317 3485 1370 in
3512 1327 3670 1370 (vter-

2075 1420 2199 1457 num
2222 1404 2507 1460 secundum
2533 1404 2767 1458 ordinem
2796 1403 3194 1461 Melchisedech.
3223 1404 3291 1459 Et
3333 1407 3671 1474 respondere

2075 1508 2168 1550 eos
2195 1508 2468 1564 COgamus,
2495 1494 2761 1563 quomodo
2784 1494 3054 1551 Abraham
3086 1503 3209 1550 ante
3255 1494 3536 1549 luciferum
3575 1510 3674 1565 ge-

2077 1589 2222 1646 nitus
2243 1589 2334 1654 sit,
2363 1598 2418 1642 et
2445 1589 2694 1643 sacerdos
2725 1587 2884 1642 fuerit
2909 1588 3203 1644 secundum
3243 1589 3489 1643 ordinem
3536 1588 3674 1643 Mel-

2079 1680 2388 1745 chisedech,
2419 1680 2506 1749 qui
2539 1679 2928 1737 Melchisedech
2955 1679 3210 1736 obtulerit
3252 1695 3447 1749 panem
3481 1691 3537 1736 et
3584 1683 3672 1736 vi-

392 1773 514 1844 cut)
532 1812 546 1826 .
571 1771 628 1826 Si
656 1787 774 1839 ergo
800 1768 968 1822 David
997 1776 1144 1820 vocat
1165 1782 1282 1820 eum
1309 1765 1611 1830 Dominum,
1640 1762 1896 1833 quomodo
1915 1762 1982 1831 [i-

2085 1780 2321 1836 numyet
2345 1786 2376 1824 a
2403 1786 2510 1840 quo
2538 1771 2777 1829 decimas
2802 1769 2995 1840 prada:
3025 1772 3294 1841 acceperit
3332 1771 3493 1844 (Cen.
3529 1773 3666 1840 xxv).

393 1869 498 1921 lius
525 1865 638 1935 ejus
661 1861 777 1916 est?
806 1860 906 1928 Qui
929 1859 994 1912 ad
1018 1857 1330 1913 tentandum
1362 1855 1545 1909 Jcsum
1591 1853 1806 1908 fuerant
1852 1868 1981 1912 con-

396 1955 625 2030 gregati,
657 1963 712 2009 et
741 1951 1025 2007 veritatem
1055 1946 1390 2004 fraudulenta
1430 1945 1850 2015 interrogatione
1892 1959 1982 2002 ca-

397 2060 528 2116 pere
557 2043 868 2100 nitebantur
892 2039 1232 2095 occasionem
1262 2038 1609 2108 praebuerunt
1654 2034 1980 2090 confutatio-

397 2135 484 2190 nis
505 2148 635 2198 suat,
673 2133 1180 2201 interroganturque
1207 2128 1271 2182 de
1299 2126 1511 2184 Christo
1533 2126 1687 2196 cujus
1714 2124 1854 2179 ﬁlius
1889 2125 1977 2184 sit.

401 2222 758 2293 Interrogatio
784 2221 912 2276 Jesu
942 2219 1098 2275 nobis
1126 2216 1342 2287 proﬁcit
1363 2232 1534 2289 usque
1589 2215 1746 2270 hodie
1792 2224 1980 2269 contra

397 2314 630 2370 Judaaos.
655 2312 722 2368 Et
748 2311 800 2366 hi
833 2311 976 2365 enim
1027 2308 1119 2382 qui
1162 2307 1490 2364 conﬁtentur
1533 2305 1807 2362 Christum
1862 2319 1983 2362 esse

399 2414 686 2460 venturum
729 2403 998 2458 hominem
1051 2400 1369 2469 simplicem,
1420 2407 1476 2454 et
1516 2405 1760 2453 sanctum
1805 2396 1980 2456 virum

400 2502 651 2551 asserunt
682 2494 746 2548 de
775 2505 971 2562 genere
997 2491 1194 2557 David;
1226 2491 1621 2559 interrogemus
1642 2504 1736 2544 eos
1758 2488 1902 2544 docti
1948 2503 1982 2542 a

400 2586 664 2641 Domino:
693 2582 750 2638 Si
777 2583 1003 2651 simplex
1030 2582 1188 2636 homo
1215 2588 1319 2648 est,
1352 2589 1406 2635 et
1441 2587 1648 2636 tantum
1682 2579 1822 2637 ﬁlius
1876 2580 1981 2636 Da-

402 2675 514 2741 vid,
548 2673 817 2745 quomodo
834 2673 999 2728 David
1025 2680 1178 2727 vocet
1199 2686 1322 2726 eum
1345 2671 1629 2726 Dominum
1651 2670 1844 2725 suum?
1866 2669 1982 2724 Non

401 2767 606 2824 erroris
637 2767 847 2822 incerto
876 2780 977 2820 nec
1004 2764 1220 2833 propria
1269 2762 1566 2828 voluntate,
1613 2761 1707 2817 sed
1761 2761 1817 2814 in
1863 2759 1986 2830 Spi-

403 2859 510 2912 ritu
538 2869 746 2913 sancto.
777 2855 1166 2912 Testimonium
1191 2862 1369 2911 autem
1395 2853 1539 2926 quod
1555 2853 1754 2924 posuit,
1781 2853 1846 2908 de
1866 2867 1985 2908 cen-

405 2948 596 3003 tesimo
624 2963 768 3004 nono
796 2946 1004 3017 psalmo
1033 2954 1303 3016 sumptum
1348 2952 1450 3000 est.
1512 2943 1769 3001 Dominus
1821 2943 1985 3013 igilut‘

405 3037 573 3092 David
597 3047 819 3094 vocatur
840 3052 948 3092 non
978 3037 1267 3092 secundum
1290 3035 1342 3090 id
1363 3034 1504 3106 quod
1526 3023 1678 3090 deleo
1701 3041 1860 3089 natus
1877 3041 1980 3098 est,

2152 1860 2221 1917 Et
2257 1878 2404 1917 nemo
2429 1871 2625 1932 peteret
2657 1862 2960 1931 respondere
2989 1863 3034 1915 ei
3058 1863 3287 1926 verbum,
3316 1879 3479 1933 neque
3500 1881 3670 1919 ausus

2081 1955 2180 2025 fuit
2201 1954 2476 2024 quisquam
2512 1969 2576 2008 ex
2616 1953 2710 2009 illa
2756 1954 2840 2010 die
2891 1937 3007 2009 eum
3052 1953 3274 2025 amplius
3319 1955 3665 2027 interrogare.

2081 2047 2339 2104 Pharisaei
2367 2055 2421 2104 et
2447 2045 2723 2104 Sadducmi
2755 2058 3057 2119 quaerentes
3082 2049 3420 2104 occasionem
3456 2049 3667 2104 calum-

2081 2137 2204 2202 niae,
2231 2144 2287 2194 et
2315 2137 2537 2194 verbum
2559 2136 2773 2207 aliquod
2805 2138 3047 2193 invenire
3093 2140 3236 2209 quod
3276 2146 3486 2209 pateret
3531 2139 3666 2192 insi-

2083 2227 2204 2292 diis,
2228 2226 2352 2296 quia
2393 2226 2822 2285 in'sermonihus
2868 2228 3128 2285 confutali
3178 2239 3324 2295 sunt,
3367 2231 3509 2284 ultra
3558 2247 3670 2284 non

2082 2317 2437 2388 interrogant,
2460 2317 2554 2372 sed
2576 2319 2915 2389 apertissime
2935 2321 3381 2390 comprehensum
3409 2320 3672 2377 Romanae

2084 2407 2301 2464 tradunt
2323 2408 2594 2476 potestati.
2626 2408 2703 2465 Ex
2734 2424 2841 2478 quo
2876 2409 3223 2480 intelligimus
3271 2427 3474 2466 venena
3525 2413 3672 2466 invi-

2083 2496 2184 2552 dia:
2209 2511 2369 2567 posse
2401 2497 2615 2568 quidem
2658 2499 2922 2569 superari,
2981 2499 3076 2555 sed
3115 2499 3382 2555 diﬁicilius
3412 2503 3675 2570 conquie-

2083 2601 2255 2642 scere.
2293 2587 2402 2642 Nos
2429 2595 2608 2643 autem
2636 2604 2741 2648 non
2767 2605 2888 2644 cum
2917 2588 3119 2646 Scribis
3159 2599 3214 2646 et
3241 2591 3522 2646 Pharismis
3569 2593 3677 2647 ini-

2084 2693 2187 2748 que
2212 2679 2531 2749 cogitantes,
2579 2687 2635 2735 et
2675 2679 2860 2740 dolose
2903 2681 3190 2738 Dominum
3245 2683 3668 2754 interrogantes,

2085 2777 2246 2840 atque
2268 2777 2556 2836 tentantes,
2590 2770 2686 2826 sed
2707 2771 2934 2840 simplici
2962 2773 3123 2831 corde
3155 2782 3212 2829 et
3250 2775 3339 2843 pia
3385 2775 3676 2830 devotione

2062 2913 2065 2915 _
2086 2873 2209 2913 cum
2231 2859 2534 2916 humilitate
2555 2861 2872 2919 accedamus
2896 2862 2962 2918 ad
2999 2862 3170 2929 illum,
3193 2872 3252 2919 ut
3281 2864 3674 2930 illumincmur,

2085 2957 2142 3004 et
2164 2949 2340 3006 vultus
2363 2952 2532 3008 nostri
2561 2968 2669 3010 non
2703 2955 3047 3021 erubescens,
3070 2957 3208 3012 sicut
3236 2957 3303 3012 de
3317 2973 3384 3012 eo
3408 2959 3674 3028 scriptum

2085 3049 2170 3098 cst
2198 3060 2210 3094 :
2241 3040 2501 3110 Quoniam
2531 3042 2788 3102 invenitur
2807 3047 2873 3098 ab
2895 3045 2998 3110 his,
3027 3047 3116 3116 qui
3149 3063 3254 3102 non
3275 3058 3471 3102 tentant
3497 3048 3674 3113 ilium,

405 3128 501 3184 sed
524 3127 679 3197 juxta
702 3129 756 3183 id
785 3129 926 3196 quod
953 3137 1111 3185 natus
1135 3145 1200 3185 ex
1225 3127 1386 3183 Patre
1434 3141 1648 3196 semper
1696 3124 1799 3184 fuit
1846 3140 1982 3198 prat-
2009 3141 2054 3204 (ς
2086 3143 2300 3207 apparet
2331 3144 2503 3194 autem
2529 3136 2628 3202 eis,
2645 3137 2734 3206 qui
2755 3135 2910 3206 ﬁdem
2935 3138 3121 3196 habent
3142 3139 3199 3195 in
3225 3139 3374 3194 illum
3397 3139 3565 3211 (Sap.
3589 3156 3605 3193 ι
3625 3139 3670 3210 ).

397 3216 649 3294 _veniens,
679 3217 854 3286 ipsum
881 3219 1060 3274 carnis
1088 3233 1200 3273 sua:
1245 3227 1480 3288 patrem,
1530 3215 1699 3274 Judaei
1725 3217 1792 3274 ad
1837 3216 1984 3277 delu-

406 3349 3631 3376 mmmm

1523 3447 1824 3528 LIBER
1900 3447 2446 3528 SEPTIMUS.

1871 3607 2192 3630 M

891 3725 906 3730 -
973 3679 1200 3742 CAPUT
1234 3679 1420 3738 XXIII.

410 3799 628 3856 Instruit
662 3795 918 3850 Dominus
958 3793 1135 3848 turbas
1174 3801 1226 3846 et
1271 3791 1552 3861 discipulos
1587 3792 1652 3848 de
1695 3792 1896 3851 Scribis
1940 3804 1990 3850 et

480 3869 809 3930 Phariswis;
840 3866 1074 3933 increpat
1119 3862 1332 3933 scribas
1381 3872 1429 3916 et
1465 3861 1764 3933 Pharisa'os
1811 3865 1988 3922 multis

479 3939 647 3992 modis
673 3932 992 4002 increpando
1016 3932 1123 3987 Vw.
1156 3932 1452 4006 Exprobrat
1466 3932 1759 4006 Jerusalem
1783 3936 1969 3991 occisia

480 4024 594 4063 nem
616 4005 1004 4077 prophetarum,
1029 4011 1077 4056 et
1103 4002 1340 4072 prwdicit
1367 4002 1480 4071 ejus
1503 4003 1788 4057 interitum.

481 4137 706 4198 Scribis,
743 4143 798 4192 et
824 4132 1129 4197 Pltaristeis,
1177 4139 1337 4200 atque
1370 4131 1680 4190 Sadducaeis
1714 4135 1990 4211 tentatori.

386 4229 512 4290 bus
538 4224 758 4291 Christi,
805 4238 905 4295 per
942 4223 1111 4293 ipsam
1151 4223 1557 4292 responsionem
1602 4226 1868 4292 veritatis,
1915 4228 1990 4286 ita

411 4322 474 4368 ut
526 4313 744 4383 dignum
799 4321 935 4376 erat,
989 4309 1228 4366 confusis
1269 4326 1332 4364 ac
1375 4312 1688 4382 repudiatis,
1738 4314 1991 4385 impletur

2092 3688 2236 3743 illius
2254 3689 2371 3760 quis
2399 3689 2689 3747 intellexit?
2709 3689 2856 3748 Unus
2870 3700 2944 3746 est
2964 3691 3260 3750 Altissimus
3282 3706 3480 3751 creator
3503 3703 3680 3768 omni-

2092 3790 2290 3850 potens,
2319 3799 2411 3836 rea:
2430 3792 2609 3853 potens
2652 3794 2698 3837 et
2730 3786 3034 3840 metuendus
3081 3787 3254 3853 nimis,
3296 3790 3475 3843 sedens
3515 3808 3679 3861 super

2095 3879 2338 3927 thronum
2359 3873 2502 3929 illius
2523 3884 2570 3929 et
2592 3875 2870 3931 dominans
2884 3877 3047 3932 Deus.
3075 3877 3191 3950 Ipse
3214 3883 3402 3934 creavit
3437 3881 3584 3936 illam
3618 3885 3676 3939 in

2099 3961 2304 4032 Spiritu
2331 3973 2528 4029 sancto,
2553 3974 2601 4018 et
2623 3965 2767 4032 vidit,
2791 3978 2838 4019 et
2861 3968 3224 4035 dinumeravit,
3247 3979 3295 4022 et
3315 3986 3523 4025 mensus
3572 3984 3673 4028 est.

2101 4051 2166 4108 Et
2193 4054 2536 4124 elfuditillam
2557 4071 2713 4124 super
2735 4060 2908 4111 omnia
2933 4074 3085 4128 Opera
3112 4076 3230 4124 sua,
3279 4070 3327 4114 et
3372 4077 3526 4131 super
3559 4080 3676 4116 om—

2095 4159 2211 4198 nem
2234 4161 2444 4199 carnem
2468 4147 2750 4204 secundum
2773 4147 2953 4200 datum
2977 4164 3149 4213 suum,
3175 4159 3222 4203 et
3256 4151 3476 4220 pra'buit
3523 4151 3675 4204 illam

2094 4233 2426 4304 diligentibus
2445 4251 2500 4288 se
2538 4234 2739 4306 (Eccli.
2767 4236 2839 4306 ι).
2889 4236 3179 4308 Diligentes
3217 4217 3360 4293 enim
3408 4217 3577 4295 Deum
3618 4252 3678 4296 et

2095 4323 2364 4378 mandatis
2390 4324 2533 4379 illius
2555 4325 2865 4382 obedientes
2901 4327 3180 4382 desursum
3208 4330 3511 4399 percipiunt
3530 4347 3677 4386 verae

411 4404 543 4463 illud
565 4402 878 4473 Sapientim,
907 4403 1049 4474 quod
1067 4401 1178 4472 jam
1207 4403 1336 4458 olim
1360 4404 1563 4461 dictum
1583 4414 1690 4472 est,
1718 4409 1844 4478 quia
1871 4425 1988 4479 per-
2011 4390 2067 4450 Ῑ)
2091 4413 2367 4482 sapientiae
2393 4422 2627 4483 gustum,
2663 4423 2718 4469 et
2741 4414 2861 4483 ejus
2883 4417 3147 4471 suavitate
3164 4390 3374 4488 iugiter
3394 4419 3676 4474 delectan—

410 4495 930 4564 versarcogitationes
959 4503 1202 4562 separant
1232 4510 1266 4546 a
1293 4493 1422 4560 Deo,
1449 4495 1667 4564 probata
1692 4507 1865 4555 autem
1886 4500 1989 4554 vir—

412 4591 496 4638 tus
529 4582 742 4651 corripit
789 4583 1106 4652 insipientes.
1157 4582 1418 4648 Quoniam
1443 4587 1499 4640 in
1525 4585 1831 4644 malevolam
1875 4591 1992 4648 anis-

411 4689 552 4728 mam
573 4689 678 4727 non
704 4672 916 4724 intrabit
943 4671 1221 4740 sapientia,
1245 4688 1335 4725 nec
1362 4673 1671 4728 inhabitabit
1697 4676 1752 4730 in
1777 4694 1990 4747 corpore

411 4761 618 4817 subdito
642 4761 864 4831 peccatis
893 4775 911 4815 :
936 4759 1164 4829 Spiritus
1185 4762 1322 4814 enim
1342 4774 1554 4819 sanctus
1575 4765 1866 4836 disciplina:
1912 4770 1991 4840 ef-

413 4852 576 4924 fugiet
615 4851 818 4922 ﬁctum,
845 4860 892 4905 et
916 4851 1114 4920 auferet
1136 4868 1192 4906 se
1212 4869 1244 4907 a
1269 4854 1666 4922 cogitationibus
1709 4875 1827 4930 qua:
1867 4869 1990 4919 sunt

412 4945 524 5000 sine
552 4931 816 4996 intellectu
839 4939 999 5011 (Sup.
1024 4940 1094 5013 1).
1124 4941 1190 4996 Et
1208 4943 1332 5010 quia
1365 4942 1498 4998 tales
1520 4961 1626 5001 non
1679 4959 1992 5005 meruerunt

413 5020 648 5088 divinam
680 5031 998 5101 sapientiam
1030 5032 1292 5100 accipere,
1328 5049 1555 5104 quorum
1586 5051 1682 5092 cor
1708 5040 1992 5095 constabat

413 5138 621 5178 veneno
653 5123 867 5178 invidiae
895 5137 1014 5180 esse
1051 5123 1332 5194 repletum.
1382 5125 1484 5192 Qui
1531 5128 1640 5184 sint
1687 5137 1867 5185 autem
1915 5130 1990 5186 illi

415 5227 645 5283 quorum
669 5223 876 5270 mentes
896 5213 1074 5268 divina
1114 5215 1375 5286 largiente
1403 5219 1572 5287 gratia
1597 5235 1716 5274 eam
1744 5223 1989 5291 recipere

415 5303 642 5372 possint,
668 5304 797 5359 alibi
819 5303 1195 5362 manifestatur
1223 5321 1346 5360 cum
1391 5308 1622 5363 dicitur:
1651 5308 1796 5365 Fons
1847 5314 1991 5382 sapi-

416 5394 570 5450 entia:
589 5394 793 5448 verbum
841 5393 933 5449 Dei
953 5397 1008 5448 in
1027 5394 1261 5463 excelsis,
1283 5406 1330 5450 et
1352 5397 1612 5468 ingressus
1655 5399 1798 5456 illius
1836 5416 1989 5455 man-

417 5480 541 5535 data
567 5491 781 5538 eterna.
806 5482 981 5539 Radix
1001 5483 1268 5552 sapientia:
1293 5487 1377 5539 cui
1408 5486 1631 5541 revelata
1651 5499 1748 5554 est,
1775 5499 1824 5544 et
1847 5499 1990 5546 astu-

419 5570 518 5624 tias
539 5571 680 5626 illius
699 5573 812 5643 quis
835 5575 1035 5644 agnovit
1053 5575 1378 5646 ?Disciplina
1401 5577 1668 5645 sapientia:
1719 5580 1803 5633 cui
1847 5597 1990 5635 reve—

420 5657 530 5716 lata
552 5672 645 5729 est,
669 5673 716 5717 et
743 5665 1110 5735 manifestata?
1133 5676 1180 5722 et
1212 5668 1694 5739 multiplicationem
1727 5671 1988 5756 ingressus

2090 4510 2192 4566 tes,
2222 4517 2330 4560 non
2357 4518 2417 4558 se
2445 4503 2569 4558 inde
2618 4503 2672 4558 in
2701 4504 2989 4559 elationem
3019 4507 3303 4570 extollunt,
3334 4507 3426 4562 sed
3456 4509 3673 4564 humili..-

2088 4601 2172 4648 ter
2197 4593 2488 4649 sentientes
2510 4603 2761 4665 tanquam
2803 4597 3010 4666 parvuli
3058 4598 3110 4651 in
3158 4599 3475 4653 innocentia:
3523 4602 3682 4669 puri—

2087 4691 2199 4738 tate
2226 4684 2542 4754 persistunt.
2581 4685 2687 4740 Pro
2721 4688 2916 4755 quibus
2937 4689 3047 4758 ipsa
3069 4689 3282 4743 Veritas
3306 4689 3358 4742 in
3379 4690 3672 4760 Evangelia

2087 4772 2156 4827 ad
2193 4771 2407 4827 Patrem
2439 4772 2660 4843 loquens
2687 4775 2759 4828 ita
2784 4776 2860 4828 ait
2889 4793 2902 4829 :
2929 4773 3324 4844 Conﬁteortibi,
3356 4774 3536 4841 Pater,
3562 4778 3677 4832 Do-

2088 4863 2226 4918 mine
2249 4862 2360 4917 cmli
2383 4872 2430 4916 et
2455 4872 2630 4929 terrm,
2653 4866 2776 4935 quia
2797 4865 3112 4918 abscondisti
3149 4866 3261 4920 hare
3287 4884 3318 4919 α
3351 4868 3672 4934 sapientibrs

2087 4960 2136 5004 et
2149 4950 2520 5020 prudentibus,
2541 4961 2586 5005 et
2607 4950 2843 5007 revelasti
2866 4968 2928 5006 ea
2949 4951 3206 5022 parvulis.
3223 4952 3328 5018 Ita,
3346 4951 3528 5018 Pater,
3543 4973 3680 5023 que-

2090 5042 2232 5096 niam
2258 5042 2332 5098 sic
2355 5041 2454 5111 [uit
2479 5041 2728 5112 placitum
2753 5052 2873 5098 ante
2896 5052 2945 5097 te
2982 5042 3142 5114 (Luc.
3177 5044 3266 5116 Χ).
3303 5045 3485 5100 Placet
3523 5048 3679 5104 enim

2090 5131 2200 5189 Deo
2228 5131 2396 5198 Patri,
2425 5132 2601 5202 placet
2623 5141 2678 5188 et
2709 5133 2864 5202 Filio,
2897 5135 3072 5203 placet
3113 5145 3170 5191 et
3212 5136 3433 5206 Spiritui
3479 5149 3678 5193 sancto

2090 5221 2181 5278 uni
2206 5221 2314 5276 Deo
2339 5222 2711 5291 omnipotenti,
2740 5224 2908 5292 utqui
2948 5224 3000 5278 in
3023 5225 3194 5280 oculis
3231 5227 3344 5281 suis
3383 5242 3578 5298 parvos
3613 5241 3681 5282 se

2091 5325 2208 5368 esse
2235 5313 2592 5381 conspiciunt,
2619 5329 2804 5369 coram
2817 5314 2989 5369 oculis
3010 5315 3103 5370 Dei
3127 5317 3178 5370 in
3206 5317 3412 5388 magnis
3429 5318 3681 5371 exulten—

2093 5410 2201 5466 tur,
2231 5410 2286 5456 et
2312 5403 2714 5478 ayeprohorum
2744 5405 3015 5460 consortio
3047 5406 3302 5474 separati,
3323 5407 3413 5475 qui
3434 5421 3532 5474 pro
3549 5421 3686 5475 pce-

2091 5499 2336 5551 calorum
2357 5497 2577 5549 auorum
2607 5493 2844 5550 tenebris
2866 5501 3068 5549 aeterno
3087 5506 3308 5549 carcere
3335 5495 3670 5548 infernarum

2093 5582 2380 5640 damnandi
2410 5583 2688 5653 sunt;ipsi
2732 5598 2861 5642 vero
2901 5584 3102 5642 lumine
3147 5585 3340 5640 divina:
3394 5585 3672 5654 sapientia:

2091 5675 2475 5746 perpetualiter
2493 5675 2848 5734 illustrentur.
2875 5675 2999 5734 Ideo
3027 5677 3282 5735 Dominus
3306 5679 3505 5752 spretis
3523 5677 3670 5734 Scri—
