3998 6188
323 357 460 413 1θ65

1274 345 1624 404 ΟΟΜΜΕΝΤ.
1661 345 1734 400 I‘N
1771 343 2211 402 ΜΑΤἸἩΕῊΜ.
2252 375 2322 384 -
2360 345 2488 400 LIB.
2533 347 2641 402 Vll.

3456 347 3594 404 1006

323 476 509 527 harum
538 479 593 524 ct
618 465 1012 522 Pharismoruui
1052 463 1251 520 oo.osis
1278 459 1665 534 quaestionibus
1715 474 1908 516 conse-
1936 461 1987 518 A
2012 458 2261 514 videlicet
2284 475 2397 515 non
2431 470 2488 515 ut
2511 459 2772 518 facientes
2799 469 2909 517 smt
2938 460 3092 530 justi,
3118 459 3212 515 sed
3250 467 3311 514 ut
3355 460 3597 518 dicentes

323 567 549 631 quenter
585 559 652 613 ad
689 556 1002 626 discipulos,
1029 563 1084 610 et
1110 554 1178 610 ad
1201 552 1459 624 populum
1487 565 1798 608 sermonem
1825 551 1906 605 in-

321 651 634 708 structionis
656 648 946 711 convertit,
981 653 1039 700 ut
1075 646 1129 700 hi
1153 644 1243 713 qui
1292 643 1471 698 idonei
1520 650 1648 698 sunt
1689 641 1906 711 capiant

322 743 390 796 de
421 755 518 796 ore
546 739 662 808 ejus
683 738 903 792 verbum
932 735 1140 791 salutis.
1184 733 1450 802 Sequitur
1473 731 1821 803 evangelista,
1852 740 1908 786 ct

321 833 469 887 dicit:

395 923 538 977 Tum:
564 921 722 977 Iesus
751 919 954 975 locutus
986 927 1061 972 est
1098 917 1168 970 ad
1203 917 1405 979 turbas,
1440 926 1486 970 et
1516 916 1585 968 ad
1623 915 1909 986 discipulos

274 996 292 1006 ’
315 1029 458 1078 suos,
487 1012 666 1065 dicem
686 1026 705 1064 :
734 1008 903 1079 Super
927 1005 1226 1061 cathedram
1256 1004 1426 1074 Moysi
1453 1008 1696 1060 sederunt
1725 1004 1910 1059 sciiba:

315 1116 366 1161 et
387 1102 690 1166 Pharisaei;
719 1100 895 1155 omnia
919 1115 1038 1169 ergo
1057 1113 1382 1169 quacunque
1411 1099 1642 1152 dixerint
1665 1097 1804 1152 vobis
1821 1096 1908 1166 fa-

315 1199 416 1252 cite
437 1207 490 1251 et
511 1204 746 1260 servate;
764 1191 1054 1248 secundum
1072 1207 1234 1262 opera
1256 1207 1373 1246 vero
1399 1207 1579 1245 eorum
1616 1189 1776 1244 nolite
1821 1188 1907 1259 fa-

312 1304 433 1342 cere
462 1301 481 1339 :
511 1287 693 1341 dicunt
713 1285 854 1340 enim
884 1291 1059 1338 etnon
1083 1281 1306 1351 faciunt.
1367 1280 1509 1349 Quid
1551 1279 1908 1345 mansuetius,

316 1377 451 1447 quid
487 1375 774 1447 benignius
805 1371 1066 1430 Domino?
1088 1373 1356 1428 Tentatur
1378 1388 1408 1426 a
1439 1371 1750 1437 Pharisaais,
1776 1386 1909 1425 con-

312 1466 629 1536 .fringuntur
652 1463 862 1520 insidia:
887 1478 1093 1529 eorum,
1123 1471 1178 1519 et
1198 1476 1297 1534 per
1323 1461 1680 1533 psalmistam,
1705 1461 1912 1531 sagitta:

317 1555 660 1626 parvulorum
688 1557 842 1628 facta
866 1564 988 1611 sunt
1018 1554 1188 1626 plaga:
1209 1570 1390 1608 eorum
1416 1550 1604 1625 (Psal.
1634 1552 1832 1624 mu);
1858 1562 1914 1609 et

315 1649 674 1706 nihilominus
697 1656 919 1720 propter
950 1646 1310 1703 sacerdotium
1339 1654 1395 1702 et
1415 1645 1650 1701 nominis
1679 1645 1915 1717 dignita-

321 1749 431 1796 tem
447 1741 766 1796 exhortatur
779 1737 1006 1809 populos
1019 1744 1078 1792 ut
1100 1736 1459 1806 subjiciuntur
1475 1737 1577 1803 eis,
1613 1751 1719 1790 non
1745 1750 1912 1805 opera

310 1831 417 1887 sed
445 1831 746 1886 doctrinam
766 1828 1196 1885 considerantes.
1227 1827 1381 1895 Quod
1392 1835 1578 1884 autem
1599 1828 1714 1896 ait:
1739 1825 1914 1896 Super

318 1921 628 1976 cathedram
677 1918 849 1992 Moysi
890 1919 1135 1975 sederunt
1171 1917 1358 1974 scribta
1395 1927 1443 1971 et
1484 1914 1769 1981 Pharisazi,
1817 1930 1916 1985 per

309 2014 640 2070 «cathedram
665 2011 968 2069 doctrinam
996 2010 1128 2082 legis
1149 2009 1403 2066 ostendit.
1456 2006 1647 2080 (Joaa.
1685 2007 1914 2080 Chrys.)

321 2105 469 2176 Ergo
494 2113 545 2160 et
570 2103 716 2168 illud,
743 2102 891 2172 quod
919 2101 1119 2156 dicitur
1166 2099 1222 2154 in
1272 2098 1517 2168 psalmo:
1551 2097 1617 2153 In
1663 2098 1916 2153 cathedra

312 2192 629 2264 pestilentiae
655 2193 922 2248 non‘stetit
942 2190 964 2262 (
983 2187 1132 2244 Psal.
1158 2190 1250 2261 ι),
1298 2198 1346 2244 et
1364 2189 1645 2244 cathedras
1687 2189 1913 2245 vendes-

317 2286 456 2339 tinus
486 2283 754 2339 columbas
779 2282 980 2348 euertit,
1007 2281 1309 2338 doctrinam
1338 2279 1598 2335 debemus
1643 2279 1911 2349 accipere.

321 2374 394 2429 Et
439 2374 563 2430 ideo
610 2373 872 2430 Dominus
909 2370 976 2425 ad
1011 2386 1142 2427 suos
1169 2370 1441 2426 convertit
1473 2383 1805 2432 sermonem,
1858 2377 1918 2422 ut

313 2463 572 2520 confusio
612 2463 917 2520 scribarum
953 2468 1011 2516 et
1053 2460 1454 2516 Pharisaeorum
1503 2459 1719 2517 illorum
1763 2459 1919 2516 ﬁeret

317 2555 629 2626 disciplina.
658 2553 1056 2609 lnt‘ructuosum
1089 2565 1325 2622 namque
1346 2559 1439 2608 est
1471 2551 1716 2619 verbum.
1742 2551 1918 2622 inquo

251 2662 253 2664 ·
309 2644 405 2700 sic
426 2643 568 2700 alter
599 2641 969 2708 confunditur,
994 2649 1056 2697 ut
1079 2640 1216 2697 alter
1231 2655 1344 2697 non
1364 2640 1664 2696 erudiatur.
1694 2639 1827 2696 Nam
1862 2651 1916 2698 ct

321 2735 471 2791 Deus
498 2749 604 2789 non
629 2741 857 2804 propter
884 2731 1057 2789 malos
1085 2731 1497 2803 castigationem
1522 2745 1688 2802 super
1711 2740 1918 2787 terram

2007 560 2305 620 appareant
2327 551 2481 620 justi.
2531 551 2689 606 Tales
2709 560 2832 606 sunt
2858 560 2914 608 et
2941 551 3032 620 qui
3054 565 3219 621 grave
3257 548 3466 620 pondus
3510 565 3600 605 ve-

2006 639 2285 696 nientibus
2300 641 2366 696 ad
2379 642 2760 711 paenitentiam
2785 653 3023 711 ponunt:
3047 641 3184 708 Quia
3209 643 3474 708 dicunt,et
3497 658 3600 697 nou

2003 729 2234 797 faciunt.
2264 729 2334 784 Et
2353 730 2435 786 sic
2457 731 2586 786 dum
2611 745 2770 801 poena
2795 733 3131 803 poenitentia:
3159 732 3440 803 praesentis
3469 731 3601 804 fugi-

2005 833 2119 892 tur,
2151 826 2518 881 contemnitur
2541 841 2701 896 poma
2734 828 2947 896 peccati
2977 826 3164 882 futuri.
3220 826 3278 882 Si
3326 827 3470 882 enim
3520 825 3600 880 fa»

2007 929 2156 969 seem
2179 929 2343 986 super
2371 916 2626 972 humeros
2654 916 3034 982 adolescentis,
3053 932 3214 987 quem
3266 932 3371 971 non
3426 925 3602 985 potest

2010 1003 2253 1071 baiulare
2266 1007 2513 1076 posueris
2531 1021 2752 1062 necesse
2767 1007 2950 1072 habet,
2977 1015 3033 1061 ut
3045 1015 3140 1061 aut
3155 1005 3355 1061 fascem
3371 1006 3598 1077 rejiciat.

2008 1107 2104 1152 aut
2122 1097 2224 1153 sub
2246 1098 2483 1169 pondere
2510 1099 2919 1171 confringatur:
2947 1100 3026 1156 sic
3041 1111 3096 1154 et
3111 1099 3320 1155 homini
3339 1099 3424 1154 cui
3441 1111 3604 1168 grato

2003 1189 2221 1259 pondus
2245 1189 2583 1259 poenitentiae
2607 1191 2784 1258 ponis,
2817 1203 3040 1245 necesse
3061 1198 3147 1246 est
3181 1197 3244 1244 ut
3291 1197 3386 1244 aut
3431 1189 3604 1259 pinni-

2011 1279 2236 1334 tentiam
2267 1279 2498 1350 rejiciat,
2524 1289 2618 1335 aut
2637 1281 2937 1349 suscipiens
2964 1281 3090 1334 dum
3115 1279 3257 1334 ferre
3277 1296 3382 1336 non
3403 1289 3603 1350 potest,

1961 1395 1970 1404 -
2009 1371 2410 1426 scandalizatus
2435 1372 2666 1442 amplius
2700 1381 2901 1442 peccet.
2936 1372 3138 1431 Deinde
3169 1380 3224 1428 et
3269 1373 3313 1427 si
3355 1388 3607 1429 erramus

2013 1461 2276 1516 modicam
2298 1462 2671 1531 pmnitentiam
2701 1464 3056 1533 imponentes,
3086 1477 3264 1518 nonne
3286 1463 3484 1523 melius
3523 1473 3608 1520 est

2005 1561 2234 1623 propter
2259 1553 2687 1608 miscricordiam
2720 1554 2850 1608 dare
2879 1554 3144 1610 rationem
3169 1570 3333 1625 quam
3385 1565 3608 1628 propter

2011 1641 2408 1698 crudelitatem.

2085 1732 2279 1788 Omnia
2301 1750 2424 1788 vero
2440 1750 2601 1803 opera
2624 1752 2722 1788 sua
2745 1735 2945 1805 faciunt
2967 1746 3022 1790 ut
3050 1736 3324 1792 uideantur
3349 1737 3414 1792 ab
3435 1737 3605 1792 Itami—

1941 1811 1988 1870 Β
2016 1823 2131 1878 bus.
2190 1823 2347 1878 Nunc
2381 1833 2564 1878 autem
2605 1823 2722 1878 vult
2763 1825 3049 1880 ostendere
3100 1840 3340 1893 causam,
3385 1835 3611 1899 propter

2019 1927 2180 1980 quam
2212 1925 2320 1966 non
2345 1919 2606 1982 poterant
2625 1913 2849 1970 credere
2885 1912 3140 1982 Domino,
3189 1917 3292 1972 hoc
3335 1926 3438 1985 est,
3481 1919 3609 1990 quia

2018 2001 2200 2056 cuiuia
2224 1999 2431 2056 faciunt
2452 2010 2514 2057 ut
2542 2002 2612 2058 ab
2638 2003 2948 2059 hominibus
2997 2004 3299 2061 videantur.
3352 2007 3608 2077 lmpossi—

2018 2091 2126 2148 bile
2151 2100 2240 2148 est
2261 2093 2407 2148 enim
2434 2101 2495 2148 ut
2521 2092 2710 2148 credat
2732 2091 2951 2151 Christo
2993 2095 3234 2152 ctelestia
3269 2099 3609 2168 prmdicanti,

2016 2186 2110 2254 qui
2137 2184 2364 2257 gloriam
2393 2184 2673 2240 hominum
2699 2185 3035 2256 concupiscit
3062 2192 3355 2243 terrenam.
3393 2188 3464 2246 Et
3487 2191 3609 2247 ideo

2014 2277 2331 2348 quicunque
2351 2277 2428 2332 ita
2448 2275 2580 2333 facit
2602 2292 2769 2347 opera
2791 2293 2888 2334 sua
2912 2287 2974 2334 ut
3001 2278 3286 2336 videantur
3315 2281 3389 2338 ab
3433 2283 3609 2339 homi-

2014 2366 2197 2432 nibus,
2219 2366 2412 2421 similis
2422 2365 2624 2422 scribis
2643 2373 2700 2421 et
2715 2365 3009 2424 Pharisaeis
3035 2376 3138 2425 est.

2094 2458 2327 2515 Dilatant
2353 2459 2495 2515 enim
2531 2460 2856 2531 pltylacteria
2882 2477 3006 2529 sua,
3031 2471 3083 2517 et
3107 2463 3448 2535 magniﬁcam
3489 2465 3613 2536 [ini-

2012 2551 2180 2605 brias.
2208 2551 2403 2605 Amant
2425 2561 2603 2606 autem
2626 2552 2825 2623 primos
2854 2554 3115 2610 recubitus
3131 2555 3192 2610 in
3219 2555 3401 2622 cauis,
3430 2565 3481 2612 et
3506 2559 3615 2628 pri-

2017 2657 2134 2696 mas
2159 2642 2435 2696 cathedras
2460 2642 2516 2696 in
2537 2642 2834 2714 synagogis,
2858 2653 2907 2699 et
2938 2644 3281 2702 salutationes
3310 2648 3366 2702 in
3390 2647 3529 2718 foro,
3562 2658 3614 2704 τι

2017 2733 2195 2788 vocari
2225 2733 2291 2788 ob
2319 2734 2638 2799 hominibus,
2671 2733 2856 2790 Rabbi.
2894 2735 3192 2810 (Πίθωνι.)
3231 2738 3325 2795 Va:
3366 2739 3472 2796 illis
3516 2742 3615 2795 mi-

316 2827 665 2894 transmittit,
686 2826 780 2883 sed
803 2835 1028 2898 propter
1047 2825 1220 2881 bonos
1244 2841 1263 2878 :
1292 2824 1396 2880 scit
1431 2823 1581 2879 enim
1623 2824 1754 2894 quia
1803 2837 1918 2882 ma-
2016 2823 2158 2880 seris
2183 2825 2254 2880 ad
2286 2840 2427 2896 quos
2451 2825 2660 2882 scilicet
2684 2824 3084 2884 Pharisaeorum
3129 2829 3256 2885 vitia
3305 2838 3608 2887 transeunt.

316 2921 410 2976 los
442 2919 649 2992 ﬂagella
693 2935 802 2976 non
860 2919 1161 2991 corrigunt.
1189 2916 1304 2974 Sed
1338 2915 1511 2973 malos
1552 2917 1808 2988 castigat,
1857 2923 1921 2972 ut
2020 2913 2284 2971 Dominus
2326 2931 2451 2972 uim
2486 2917 2720 2973 dedisset
2752 2919 3007 2974 mandata
3053 2919 3188 2992 legis
3225 2937 3325 2992 per
3370 2921 3609 2994 Moysen,

313 3011 567 3082 corrigat
591 3012 784 3077 bonos,
815 3010 944 3081 quia
992 3009 1168 3065 bonus
1218 3006 1323 3062 nisi
1363 3005 1677 3087 admonitus
1727 3003 1917 3075 fuerit,
2018 3005 2092 3062 ad
2114 3013 2421 3062 extremum
2459 3007 2639 3062 intulit
2664 3026 2676 3062 :
2705 3007 2916 3080 Ligabis
2935 3026 2995 3064 ea
3021 3011 3076 3064 in
3104 3027 3264 3066 manu
3296 3021 3408 3078 tua,
3433 3024 3480 3068 et
3504 3014 3610 3067 sint

319 3115 426 3170 per
451 3098 832 3170 negligentiam
857 3097 1150 3155 evanescit.
1178 3095 1272 3152 Sic
1299 3103 1357 3152 et
1388 3095 1639 3152 Christus
1671 3097 1917 3168 nunquid
1940 3151 1988 3174 Λ
2018 3095 2237 3154 immota
2255 3107 2378 3154 ante
2407 3097 2584 3154 oculos
2607 3108 2725 3154 tuos
2770 3098 2987 3172 (Exod.
3033 3116 3239 3167 xxvni;
3298 3101 3452 3156 Deut.
3495 3104 3610 3174 γι).

317 3151 438 3247 ἷιυιι
465 3151 639 3261 ι)ιῆκῆ
664 3205 852 3246 eorum
883 3189 1330 3260 interrogationes
1370 3189 1754 3245 contmnam?
1794 3151 1914 3246 ‘Sed
1939 3151 1990 3216 α
2015 3188 2184 3260 Cujus
2205 3189 2330 3247 talis
2356 3198 2440 3247 est
2465 3206 2691 3248 sensus:
2722 3151 2998 3263 Praecepta
3029 3207 3148 3247 mea
3178 3151 3286 3248 sint
3331 3193 3387 3252 in
3439 3151 3604 3250 niani:

320 3282 500 3338 vduit
522 3282 774 3354 indignos
797 3281 1017 3350 indigne
1043 3281 1256 3346 docere,
1287 3287 1347 3335 ut
1372 3279 1564 3351 dignm
1603 3279 1764 3350 digne
1785 3279 1916 3334 telli-

319 3371 536 3426 liceret.

401 3460 638 3532 Alligant
661 3469 835 3515 autem
856 3475 1019 3514 onera
1048 3457 1231 3529 gravia
1261 3467 1312 3512 et
1339 3456 1718 3529 inportabilia,
1741 3464 1793 3511 et
1814 3458 1915 3511 im-

317 3560 530 3622 ponunt
552 3553 606 3606 in
629 3551 872 3606 hstateros
900 3551 1206 3615 hominum;
1226 3548 1389 3620 digito
1412 3557 1589 3603 autem
1608 3564 1705 3603 suo
1729 3545 1917 3603 nolunt

315 3659 386 3697 ea
412 3658 629 3698 maere.
651 3643 675 3714 (
699 3639 954 3712 Venant.)
977 3640 1091 3695 Non
1111 3648 1340 3710 possunt
1355 3652 1488 3712 ergo
1507 3638 1919 3695 turbinetdisci-

320 3733 439 3804 puli
464 3732 674 3788 Domini
699 3747 865 3788 onera
887 3731 1022 3802 legis
1052 3739 1289 3802 portare,
1321 3744 1389 3784 eo
1415 3731 1575 3784 modo
1593 3743 1702 3798 quo
1721 3725 1915 3782 scriba!

314 3838 382 3884 et
418 3827 675 3883 Pharistei
699 3828 814 3882 hinc
839 3826 1189 3896 imponebant
1212 3821 1547 3878 hominibus.
1576 3820 1730 3878 Unde
1768 3827 1916 3874 recte

321 3920 557 3976 audiunt
577 3920 718 3990 quod
747 3919 994 3974 sarcinas
1018 3917 1164 3988 ipsas
1190 3931 1301 3972 uno
1329 3915 1501 3988 digito
1520 3929 1620 3970 suo
1646 3928 1753 3968 non
1796 3921 1916 3966 tan-

298 4023 521 4085 gerent
550 4030 563 4067 :
593 4013 694 4067 hoc
715 4020 820 4076 est,
850 4026 918 4064 ne
951 4010 1004 4064 in
1024 4009 1265 4065 minimis
1288 4007 1646 4077 quidemeam
1687 4003 1915 4076 perlice—

325 4112 473 4165 rent,
507 4118 669 4172 quam
698 4116 758 4157 se
782 4108 972 4156 contra
1024 4114 1232 4156 morem
1277 4107 1495 4169 patrum
1543 4097 1661 4152 sine
1709 4095 1816 4151 fide
1861 4101 1918 4150 et

321 4195 507 4266 gratia
531 4193 656 4249 Jcsu
678 4192 909 4257 Christi,
935 4199 994 4247 et
1027 4205 1245 4246 servare
1274 4198 1329 4244 et
1354 4187 1672 4245 servandam
1704 4187 1918 4241 tradere

325 4284 746 4358 praesumebant.
787 4283 964 4354 Atque
1000 4282 1119 4337 ideo
1152 4281 1341 4353 jugum
1391 4278 1594 4334 Christi
1627 4292 1813 4339 suave,
1861 4284 1920 4332 et

323 4376 600 4432 sarcinam
625 4373 740 4444 ejus
765 4373 936 4446 leuem
958 4370 1188 4442 (Matth.
1203 4385 1258 4424 χι
1275 4371 1295 4441 )
1314 4409 1330 4434 ,
1356 4368 1445 4424 ubi
1469 4367 1682 4438 requies
1699 4375 1783 4422 est
1801 4365 1917 4421 ani-

330 4481 567 4527 marum,
606 4462 795 4534 procul
832 4460 1067 4530 abjicere
1096 4469 1151 4515 et
1179 4458 1541 4516 exterminare
1587 4456 1867 4512 tentabant
1897 4473 1908 4508 :

2017 3296 2131 3351 tua,
2163 3295 2227 3342 ut
2256 3301 2420 3358 opere
2441 3285 2844 3357 compleantur;
2872 3286 2981 3340 sint
3001 3293 3125 3341 ante
3159 3287 3346 3343 oculos
3378 3297 3516 3355 tuos,
3547 3299 3606 3346 ut

2015 3377 2107 3433 die
2120 3391 2186 3432 ae
2211 3386 2369 3433 nocte
2385 3377 2730 3434 mediterisin
2748 3379 2844 3434 eis.
2868 3377 2983 3434 Hoc
3004 3379 3262 3436 Pharisaei
3285 3381 3422 3436 male
3449 3382 3615 3438 inter-

2013 3476 2294 3538 pretantes
2304 3468 2680 3525 scribebantin
2699 3468 3084 3526 membranulis
3096 3470 3408 3544 dccalogum
3422 3473 3612 3546 Moysi,
3712 3542 3716 3547 .

2019 3558 2072 3612 id
2083 3566 2190 3625 est,
2207 3559 2391 3615 decem
2404 3558 2570 3614 verba
2585 3559 2716 3630 legis
2730 3559 2992 3631 plicantes
3007 3577 3068 3616 ea
3085 3560 3377 3634 etligantes
3391 3564 3444 3617 in
3459 3563 3611 3619 fron-

2017 3660 2095 3717 te,
2110 3661 2165 3707 et
2185 3651 2341 3722 quasi
2366 3665 2622 3707 coronam
2644 3651 2807 3720 capiti
2839 3651 3120 3718 facientes,
3159 3663 3220 3706 ut
3245 3669 3460 3724 semper
3485 3665 3613 3712 ante

2017 3739 2204 3796 oculos
2228 3748 2575 3796 moverentur
2601 3756 2616 3794 :
2642 3741 2786 3810 quod
2810 3755 2983 3810 usque
3005 3741 3305 3798 hodieinde
3329 3743 3615 3818 Babylonii

2019 3829 2244 3897 faciunt,
2261 3837 2317 3885 et
2329 3829 2536 3900 quihoc
2559 3828 2811 3884 habuerit
2834 3830 2985 3900 quasi
3014 3831 3296 3904 religiosus
3320 3833 3376 3887 in
3401 3835 3614 3905 populis

2013 3922 2308 3992 judicatur.
2354 3918 2606 3977 Iusserat
2631 3936 2847 3992 quoque
2886 3921 3029 3978 aliud
3058 3923 3270 3995 Moyses
3296 3932 3355 3980 ut
3397 3925 3452 3980 in
3482 3941 3615 3997 qua-

2017 4025 2145 4072 tuor
2170 4012 2386 4085 angulis
2425 4013 2711 4085 palliorum
2755 4014 3137 4086 hiacynthinas
3194 4017 3435 4075 fimbrias
3464 4019 3611 4076 facc-

2019 4112 2162 4171 reut,
2216 4105 2287 4160 ad
2314 4103 2530 4160 lsraelis
2569 4104 2822 4175 populum
2877 4105 3322 4176 dignoscendum,
3371 4116 3431 4164 ut
3475 4123 3611 4180 quo-

2018 4194 2181 4250 modo
2205 4194 2261 4249 in
2279 4193 2597 4264 corporibus
2623 4194 2968 4251 circumcisio
2991 4197 3202 4267 signum
3223 4195 3460 4256 Iudaicae
3487 4213 3614 4270 gen—

2022 4285 2092 4340 tis
2114 4284 2293 4349 daret,
2317 4283 2391 4338 ita
2419 4290 2478 4338 et
2509 4283 2678 4340 vestis
2703 4284 2929 4340 haberet
2957 4286 3193 4356 aliquam
3227 4286 3610 4344 differentiam.

2021 4375 2394 4445 Superstitiosi
2443 4374 2687 4445 magistri
2727 4383 3012 4446 captantes
3057 4392 3246 4433 auram
3276 4379 3610 4450 popularem,

2023 4472 2185 4536 atque
2207 4480 2278 4520 ex
2303 4463 2636 4520 mulierculis
2661 4474 2939 4522 sectantes
2963 4467 3113 4524 lucra
3147 4467 3420 4528 faciebant
3441 4487 3611 4544 gran-

323 4571 457 4610 cuin
481 4555 741 4625 scriptum
773 4554 861 4616 sit,
879 4553 1058 4622 justus
1101 4568 1166 4607 ea;
1200 4551 1306 4621 ﬁde
1334 4550 1455 4606 civit
1499 4548 1699 4619 (Hebr.
1731 4547 1826 4621 κ),
1859 4557 1918 4604 et
1941 4547 1990 4563 "
2017 4555 2113 4610 des
2137 4553 2398 4621 ﬁmbrias,
2431 4562 2486 4610 et
2509 4555 2852 4614 acutissimas
2871 4557 2925 4612 in
2947 4558 3033 4614 eis
3055 4559 3240 4629 spinas
3266 4561 3524 4634 ligabant,
3553 4573 3614 4618 ut

329 4644 612 4716 apostolus
633 4645 829 4700 Petrus
850 4645 953 4711 his,
982 4644 1073 4714 qui
1097 4644 1383 4699 credentes
1411 4657 1479 4698 ex
1513 4641 1762 4714 gentibus
1803 4641 1914 4698 cir-
2020 4643 2272 4700 videlicet
2287 4643 2630 4701 ambulantes
2657 4653 2714 4701 et
2739 4647 2992 4704 sedentes
3017 4647 3287 4706 interdum
3307 4667 3613 4724 pungereu-

329 4737 568 4793 cumcidi
608 4737 900 4801 docebant,
935 4742 1286 4805 protestetur,
1338 4741 1394 4788 et
1439 4733 1628 4789 dicat:
1661 4731 1916 4804 Nunquid
2019 4744 2136 4807 tur,
2154 4745 2209 4792 et
2231 4737 2388 4807 quasi
2420 4739 2522 4794 liae
2541 4740 2964 4796 commonitione
3002 4741 3413 4799 retraherentur
3439 4745 3509 4798 ad
3526 4744 3613 4801 of-

330 4830 547 4884 tentatis
573 4827 761 4891 Deum,
781 4829 1047 4897 imponere
1058 4826 1249 4896 jugtms
1268 4841 1425 4895 super
1460 4826 1708 4880 cervicem
1758 4823 1917 4879 disci-

334 4920 760 4991 pulorum,qttod
799 4935 960 4990 neque
1001 4927 1175 4988 patres
1213 4918 1399 4980 nostri,
1444 4933 1604 4986 neque
1624 4933 1716 4970 nos
1747 4917 1918 4987 potui-

333 5028 455 5064 mus
483 5011 733 5080 portare?
752 5008 861 5065 Sed
896 5024 987 5079 per
1010 5010 1234 5079 gratiam
1268 5007 1475 5062 Domini
1505 5007 1634 5062 Jesu
1660 5007 1919 5062 credimus

333 5103 554 5169 salvari,
595 5103 1034 5175 quemadmodum
1056 5101 1208 5156 etilli
1259 5099 1410 5173 (Act.
1439 5110 1572 5172 xv).
1623 5099 1920 5174 [Hierom]

338 5196 642 5253 Notandum
670 5212 800 5268 ergo
829 5198 970 5266 quod
999 5198 1113 5252 hinc
1141 5196 1408 5251 sententia
1455 5197 1663 5251 Domini
1695 5211 1918 5265 genera-

337 5289 461 5344 liter
473 5291 760 5346 adversum
781 5305 976 5344 omnes
1007 5289 1310 5359 magistros,
1341 5289 1434 5358 qui
1463 5289 1687 5359 grandia
1704 5290 1916 5360 jubent,

337 5391 391 5436 et
407 5383 614 5437 minora
629 5382 832 5437 faciunt
843 5381 1012 5450 accipi
1026 5389 1218 5451 potest.
1238 5379 1468 5435 Maxime
1481 5395 1603 5435 cum
1618 5390 1674 5436 et
1685 5383 1916 5450 humeri,

309 5538 312 5540 _
337 5480 391 5526 et
415 5471 587 5542 digiti,
619 5479 673 5526 et
693 5486 857 5528 onera
887 5477 942 5524 et
967 5468 1179 5524 vincula
1204 5468 1398 5540 quibus
1419 5468 1710 5541 alligantur
1731 5487 1914 5538 onera,

337 5562 655 5632 spiritaliter
712 5561 1055 5632 intelligenda
1104 5562 1232 5615 sint.
1281 5558 1542 5633 (ωηερε.)
1586 5560 1747 5616 Tales
1793 5543 1922 5616 sunt

339 5655 504 5710 etiam
541 5671 681 5711 nunc
703 5653 977 5710 indiscreti
1007 5652 1331 5716 sacerdotes,
1361 5651 1454 5721 qui
1501 5666 1718 5708 omnem
1759 5652 1923 5722 justi-

341 5747 471 5802 tiam
501 5747 698 5817 populo
719 5744 995 5807 mandant,
1019 5753 1076 5797 ct
1102 5743 1200 5813 ipsi
1230 5759 1329 5800 nec
1365 5744 1634 5800 modicum
1681 5753 1915 5811 servant,

664 5841 941 5901 PATROL.
982 5833 1171 5895 CVII.

2023 4830 2144 4884 licia
2187 4829 2316 4894 Dei,
2357 4837 2418 4884 et
2458 4830 2762 4887 ministeria
2802 4833 3084 4890 servitutis
3126 4833 3263 4904 ejus.
3309 4835 3444 4904 Quia
3482 4851 3612 4906 ergo

2024 4922 2235 4978 dixerat
2273 4920 2564 4988 Dominus,
2603 4920 2797 4978 Omnia
2821 4941 2978 4996 opera
3013 4942 3114 4980 sua
3149 4925 3380 4995 faciunt,
3431 4935 3487 4980 ut
3532 4927 3610 4981 ni-

2023 5013 2248 5067 deautur
2268 5011 2333 5066 ab
2360 5011 2673 5078 hominibus,
2715 5014 2861 5083 quod
2891 5015 3216 5086 generaliter
3236 5025 3608 5077 accusaverat.

2027 5119 2171 5159 nunc
2202 5103 2255 5158 in
2284 5111 2467 5173 partes
2499 5103 2706 5159 dividit.
2753 5104 3025 5177 (Hierom)
3068 5105 3350 5160 Pictatiola
3399 5104 3486 5159 illa
3512 5106 3607 5160 dc-

2022 5195 2196 5265 calogi
2244 5193 2577 5265 pbylacteria
2623 5196 2920 5261 vocabant,
2969 5195 3113 5265 quod
3163 5195 3472 5265 quicunque
3507 5197 3608 5250 lia-

2025 5283 2270 5338 buissent
2287 5296 2372 5347 ea.
2395 5283 2548 5353 quasi
2585 5284 2656 5340 ob
2678 5284 2977 5341 custodiam
3000 5291 3058 5340 et
3101 5283 3495 5339 munimentum
3524 5285 3609 5340 sui

2026 5375 2352 5441 habuerunt,
2396 5391 2504 5432 non
2544 5375 2967 5446 intelligentibus
2996 5373 3287 5430 Pharisaais
3321 5375 3464 5444 quod
3491 5376 3612 5431 hinc

2028 5467 2082 5522 iu
2119 5468 2280 5525 corde
2316 5470 2581 5538 portanda
2609 5469 2736 5533 sint,
2759 5482 2866 5524 non
2896 5468 2950 5522 in
2975 5482 3201 5537 corpore
3229 5485 3244 5522 :
3275 5467 3515 5536 alioquin
3551 5478 3611 5522 et

2027 5560 2262 5614 armaria
2291 5568 2348 5615 et
2387 5575 2528 5616 arcae
2555 5561 2756 5616 habent
2781 5560 2970 5624 libros,
2999 5568 3059 5615 et
3095 5559 3191 5616 Dei
3225 5559 3472 5614 notitiam
3505 5577 3614 5615 nou

2031 5654 2250 5708 habent.
2295 5653 2484 5709 Nonne
2502 5656 2621 5710 haec
2660 5655 2806 5723 apud
2843 5655 3052 5723 aliquos
3077 5652 3470 5722 superstitiosa;
3496 5668 3611 5708 mu—

2031 5744 2267 5799 liercula:
2302 5746 2356 5800 in
2382 5744 2652 5812 parabolis
2685 5738 2960 5812 Evangelii
2996 5743 3128 5815 (AL,
3159 5742 3403 5814 parvulis
3424 5741 3605 5797 Evan-

3127 5835 3200 5895 3i
