3998 6188
442 362 577 417 1067

1082 359 1142 412 Β.
1183 354 1439 410 RABANI
1477 351 1694 409 MAURI
1734 350 2056 408 ARCHIEP.
2100 351 2408 408 MOGUNT.
2451 351 2736 409 OPERUM
2775 353 2953 409 PARS
2994 354 3033 407 l.

3581 359 3708 415 {illis

440 469 650 542 genis],
697 475 833 528 etin
863 470 1039 523 crucis
1068 466 1240 535 ligno,
1283 474 1336 519 et
1384 466 1438 519 in
1491 463 1790 518 istiusmodi
1840 462 2021 525 rebus,
2053 465 2102 522 Α
2132 461 2204 515 ita
2229 471 2283 516 et
2319 477 2456 517 unus
2491 471 2647 532 pater
2674 472 2728 517 et
2774 465 3031 536 magister
3081 481 3185 521 non
3225 467 3541 536 prmjudicat
3573 470 3712 538 aliis,

442 579 561 633 quae
581 562 782 617 habent
803 560 1018 630 quidem
1055 556 1228 610 zelum
1255 555 1369 621 Dei,
1399 556 1494 612 sed
1539 570 1644 609 non
1671 554 1822 625 juxta
1855 553 2028 608 scien-

441 653 573 708 tiam
601 653 772 721 usque
801 649 960 704 hodie
989 646 1268 711 factitant,
1311 647 1536 702 culicem
1577 647 1845 716 liquantes
1865 654 1921 701 et
1939 661 2030 701 ca-

441 743 638 798 melum
669 740 998 812 glutientes?
1036 737 1338 793 istiusmodi
1368 747 1488 792 erat
1536 737 1744 792 limbria
1773 751 1943 806 parva
1973 744 2029 790 et

440 831 621 886 brevis
652 845 718 887 ex
756 829 893 899 legis
925 836 1213 898 praecepto,
1263 842 1426 898 quam
1456 836 1512 884 et
1538 828 1729 882 mulier
1757 827 1866 893 illa,
1909 839 2029 896 quae

439 921 702 992 sanguine
727 919 946 984 fluebat,
996 920 1172 990 tetigit
1222 920 1276 974 in
1324 920 1486 990 pallio
1514 920 1764 985 Domini;
1797 921 1890 975 sed
1921 935 2028 975 non

440 1024 525 1071 est
553 1020 871 1085 eompuncta
901 1012 1295 1082 superstitiosis
1335 1012 1578 1067 sentibus
1613 1011 2025 1076 Phariszeorum,

441 1106 722 1176 magisque
767 1110 956 1158 sanata
988 1103 1055 1156 ad
1085 1110 1286 1157 tactum
1316 1099 1454 1170 ejus.
1489 1099 1732 1172 Cumque
1757 1101 2026 1171 superﬂue

442 1197 670 1251 dilatent
693 1192 1025 1264 pbylacteria
1049 1207 1170 1258 sua,
1195 1200 1250 1247 et
1271 1205 1494 1262 magnas
1525 1189 1730 1247 faciant
1767 1193 2026 1258 ﬁmbrias,

442 1287 669 1357 gloriam
700 1291 983 1355 captantes
1011 1283 1078 1338 ab
1111 1281 1450 1346 hominibus,
1497 1288 1803 1353 arguuntur
1830 1281 1884 1335 in
1908 1281 2031 1335 reii-

441 1380 585 1450 qnis,
609 1393 707 1434 cur
729 1384 976 1447 quaerant
1004 1375 1208 1446 primos
1239 1375 1520 1430 accubitus
1540 1373 1593 1428 in
1626 1374 1819 1438 omnis,
1848 1382 1903 1428 et
1927 1373 2033 1442 pri-

440 1485 559 1527 mas
583 1471 870 1526 cathedras
917 1469 974 1524 in
1003 1468 1306 1540 synagogis,
1347 1475 1401 1522 et
1425 1467 1480 1520 in
1502 1465 1719 1536 publico
1745 1467 1923 1538 gulam
1953 1480 2033 1521 se-

441 1571 659 1620 ctentur
687 1571 743 1618 et
763 1562 1016 1635 gloriam,
1042 1568 1098 1616 et
1121 1569 1381 1614 vocentur
1409 1558 1576 1613 Rabbi
1611 1560 1679 1613 ab
1699 1557 2030 1624 hominibus,

441 1655 583 1724 quod
604 1653 795 1708 Latino
823 1665 1072 1708 sermone
1102 1651 1350 1720 magister
1374 1649 1591 1703 dicitur.
1622 1646 1805 1719 (11η.)
1831 1647 2032 1701 Notan-

441 1747 568 1798 dum
606 1752 808 1808 tamen,
830 1744 975 1813 quod
1009 1758 1112 1796 non
1141 1741 1364 1796 salutari
1409 1742 1462 1794 in
1494 1739 1640 1804 foro,
1682 1756 1789 1795 non
1826 1739 2032 1810 primos

440 1835 650 1899 sedere,
685 1833 770 1888 vel
814 1808 1152 1887 discumbere
1183 1840 1334 1886 vetat
1375 1846 1492 1894 eos,
1533 1831 1733 1900 quibus
1752 1808 1854 1886 hoc
1872 1830 2029 1886 oliicii
2058 1808 2106 1868 Β

440 1926 633 1982 ordine
664 1923 940 1995 competit,
983 1923 1078 1979 sed
1105 1937 1198 1978 eos
1222 1921 1479 1976 nimirum
1509 1920 1601 1990 qui
1635 1921 1750 1977 haec
1789 1921 1904 1977 sive
1935 1921 2033 1976 ha-

440 2016 575 2082 blla,
603 2030 696 2072 seu
726 2022 876 2072 certe
903 2029 1009 2069 non
1037 2013 1220 2069 habita
1273 2011 1512 2069 indebite
1548 2021 1753 2079 amant,
1803 2027 1834 2068 a
1865 2011 2036 2068 ﬁdeli-

441 2110 543 2166 bus
568 2108 896 2180 quibusque,
931 2106 1084 2177 quasi
1126 2105 1398 2176 improbos
1423 2106 1578 2162 docet
1606 2121 1724 2162 esse
1745 2106 2033 2177 cavendos,

440 2200 682 2256 animum
731 2199 986 2256 videlicet
1045 2213 1152 2254 non
1208 2198 1431 2269 gradum
1484 2196 1633 2267 justa
1694 2198 2035 2255 distinctione

439 2293 793 2362 redarguens.
845 2290 1105 2358 Quamvis
1144 2298 1200 2344 et
1245 2289 1348 2345 hoc
1393 2289 1550 2359 culpa
1593 2305 1700 2344 non
1745 2297 1947 2356 careat,
1987 2292 2034 2347 si

440 2383 605 2438 iidem
637 2381 690 2436 in
718 2381 839 2436 foro
876 2381 1060 2436 litibus
1083 2381 1365 2444 interesse,
1393 2380 1484 2450 qui
1509 2380 1560 2434 in
1588 2380 1839 2435 cathedra
1866 2379 2034 2452 Moysi

441 2485 728 2544 synagogas
773 2470 1018 2543 magistri
1069 2470 1294 2541 cupiunt
1321 2470 1604 2541 appellari.
1648 2469 1852 2541 Duplici
1902 2483 2034 2525 sane

439 2564 654 2619 ratione
681 2577 711 2616 a
757 2577 912 2618 vanae
957 2562 1140 2635 gloriae
1177 2561 1387 2634 cupidis
1439 2561 1720 2618 attendere
1759 2561 2032 2632 jubemur,

437 2671 506 2711 ne
527 2657 736 2714 scilicet
764 2672 952 2714 eorum
983 2655 1068 2712 vel
1118 2656 1460 2712 simulatione
1508 2656 1830 2713 seducamur
1851 2697 1865 2722 ,
1891 2657 2036 2711 aesti-

440 2756 652 2804 mantes
689 2750 829 2804 bona
857 2763 978 2804 esse
1014 2763 1133 2818 quae
1174 2746 1414 2813 faciunt,
1468 2748 1552 2803 vei
1580 2749 1920 2804 aemulatione
1949 2751 2032 2804 in-

438 2838 780 2894 liammemur
809 2839 1011 2894 frustm
1043 2838 1338 2910 gaudentes
1381 2837 1434 2892 in
1465 2837 1622 2893 bonis
1650 2837 1881 2903 laudari,
1914 2853 2032 2907 qua:

437 2929 719 2984 simulant.
759 2929 1002 3000 Denique
1025 2930 1272 2998 sequitur
1301 2947 1314 2982 :

521 3067 623 3123 Vos
663 3078 838 3122 autem
877 3066 1039 3125 nolite
1083 3068 1258 3123 vocari
1288 3107 1303 3133 ,
1353 3065 1566 3122 Rabbi:
1611 3083 1748 3121 unus
1776 3076 1850 3122 est
1891 3067 2029 3123 enim

436 3161 686 3231 magister
704 3167 887 3215 vester.
917 3157 1112 3215 Omnes
1128 3168 1299 3214 autem
1321 3175 1408 3214 vos
1428 3158 1618 3228 fratres
1637 3160 1778 3214 estis.
1795 3156 2031 3231 (απυδ.)
2059 3163 2101 3224 C

435 3250 492 3306 ld
514 3260 627 3315 est,
655 3264 724 3305 ne
759 3249 908 3320 quod
933 3250 1048 3305 Deo
1076 3249 1303 3306 debetur
1330 3249 1485 3306 vobis
1529 3250 1890 3320 pratsumatis,
1940 3264 2031 3305 nc-

436 3356 543 3411 que
571 3341 704 3398 alios
729 3341 933 3398 vocetis
963 3339 1158 3407 Rabbi,
1200 3355 1267 3396 ne
1303 3340 1545 3396 divinum
1577 3342 1835 3396 honorem
1861 3341 2031 3395 homi-

438 3433 598 3488 nibus
627 3431 883 3488 Jel‘cratis
913 3446 930 3486 :
974 3445 1114 3487 unus
1146 3439 1232 3488 est
1269 3431 1414 3486 enim
1458 3431 1718 3504 magister
1767 3431 2028 3496 omnium,

438 3523 532 3593 qui
582 3537 773 3578 omnes
821 3520 1146 3578 naturaliter
1190 3521 1371 3587 docet,
1421 3519 1560 3575 sicut
1604 3519 1866 3589 scriptum
1905 3527 2029 3574 est:

438 3614 570 3668 Erat
595 3612 688 3668 lux
717 3630 858 3681 vera,
881 3629 998 3685 qua:
1019 3611 1282 3668 illuminat
1315 3627 1519 3667 omnem
1545 3610 1803 3665 hominem
1834 3611 2034 3665 venien-

439 3717 538 3762 tem
558 3707 614 3761 in
635 3707 773 3761 hunc
799 3706 1052 3760 mundum
1083 3704 1264 3777 (Joan.
1298 3702 1360 3774 ι).
1399 3703 1566 3759 Homo
1585 3703 1728 3758 enim
1758 3719 1860 3757 non
1882 3701 2034 3758 intel-

438 3798 635 3854 lectum
662 3798 868 3854 homini
897 3805 1117 3869 praestat
1148 3796 1408 3872 docendo,
1443 3795 1538 3850 sed
1566 3811 1593 3849 a
1644 3793 1754 3850 Dco
1783 3796 2030 3864 spiritum

437 3904 534 3959 per
558 3889 981 3945 admonitionem
1011 3893 1247 3942 exercet.

507 4021 578 4076 Et
605 4032 806 4094 patrem
839 4020 997 4076 nolite
1029 4035 1211 4074 vocare
1252 4018 1397 4073 vobis
1433 4035 1592 4089 super
1613 4028 1809 4072 terram
1836 4035 1854 4070 :
1896 4035 2030 4073 unus

436 4122 512 4173 est
538 4109 703 4167 Pater
723 4121 907 4175 vester,
941 4109 1029 4181 qui
1064 4110 1118 4163 in
1149 4107 1291 4162 caelis
1321 4117 1419 4163 est.
1466 4107 1578 4163 Nec
1597 4110 1847 4164 veremini
1866 4112 2031 4182 magi-

434 4203 533 4259 stn‘
553 4244 568 4271 ,
595 4203 721 4274 quia
745 4202 994 4273 magister
1018 4208 1181 4254 vester
1209 4214 1346 4253 unus
1367 4207 1440 4253 est
1468 4195 1727 4254 Christus.
1760 4198 2030 4271 (Hierom)

438 4293 553 4351 Nec
590 4293 869 4365 magister,
921 4305 1021 4346 nec
1057 4297 1213 4362 pater
1261 4290 1535 4346 vocandus
1579 4303 1663 4346 est
1715 4293 1871 4356 alius,
1926 4293 2029 4348 nisi

437 4386 584 4443 Deus
599 4385 760 4442 Pater
781 4394 837 4440 et
857 4383 1118 4440 Dominus
1152 4389 1336 4438 noster
1371 4379 1528 4439 Jesus
1553 4382 1818 4438 Christus.
1870 4383 2031 4439 Pater

437 4482 564 4552 quia
591 4495 660 4535 ex
689 4479 805 4550 ipso
841 4483 966 4532 sunt
1007 4475 1235 4540 omnia;
1267 4473 1527 4544 magister
1551 4473 1677 4542 quia
1727 4487 1822 4543 per
1853 4473 2024 4544 ipsum
2053 4509 2106 4568 Β

437 4580 565 4627 sunt
585 4571 810 4626 omnia:
858 4567 952 4624 vel
971 4568 1226 4638 quoniam
1268 4581 1366 4636 per
1409 4567 1864 4637 dispensationem
1901 4582 2024 4621 car—

437 4665 524 4720 nis
551 4663 796 4719 homines
827 4660 1161 4716 reconciliati
1192 4674 1382 4715 sumus
1407 4657 1536 4714 Deo.
1569 4657 1838 4724 Quaeritur
1857 4673 2026 4728 quare

439 4755 723 4808 adversum
753 4753 856 4806 hoc
884 4757 1213 4820 praeceptum
1245 4750 1521 4804 doctorem
1550 4749 1787 4819 gentium
1811 4759 2027 4820 aposto-

438 4847 523 4902 lus
569 4859 692 4901 esse
736 4858 792 4898 se
820 4841 1059 4908 dixerit;
1095 4849 1188 4895 aut
1234 4840 1504 4910 quomodo
1538 4839 1752 4912 vulgato
1779 4856 2026 4898 sermone

437 4938 675 4994 maxime
701 4936 755 4992 in
771 4934 1068 4990 Paitnstinre
1095 4941 1150 4989 et
1173 4932 1387 5005 Aigypti
1429 4934 1770 4989 monasteriis
1803 4949 1861 4991 se
1890 4936 2026 4991 invi-

435 5045 554 5086 cem
582 5028 771 5084 Patres
812 5034 1026 5082 vocent.
1083 5025 1237 5093 Quod
1277 5026 1357 5082 sic
1402 5026 1673 5082 solvitur:
1721 5027 1879 5083 Aliud
1901 5044 2024 5086 esse

437 5131 630 5177 natura
685 5128 896 5191 patrem
946 5117 1028 5173 vel
1077 5117 1418 5189 magistrum,
1472 5119 1616 5174 aliud
1665 5120 2016 5194 indulgentia.

436 5213 546 5269 Nos
565 5213 612 5268 si
643 5211 914 5268 hominem
944 5217 1151 5280 patrem
1176 5223 1454 5276 vocamus,
1480 5211 1736 5266 honorem
1765 5213 1909 5267 tutati
1932 5215 2020 5270 de-

437 5305 662 5360 ferimus
683 5319 788 5360 non
816 5311 1089 5358 auctorem
1113 5310 1312 5358 nostrae
1334 5303 1667 5359 ostendimus
1695 5306 1855 5372 vitze;
1893 5307 2019 5375 quia

437 5409 537 5449 nec
560 5393 772 5448 initium
801 5393 926 5447 vitae
946 5407 1010 5447 ex
1041 5392 1120 5446 eis
1149 5391 1428 5454 habemus,
1463 5392 1556 5446 sed
1586 5394 1878 5448 transitum'
1899 5397 2022 5452 vitae

434 5497 533 5550 per
553 5499 647 5539 eos
675 5484 989 5553 accipimus.
1039 5481 1292 5552 Magister
1324 5498 1537 5551 quoque
1581 5483 1777 5539 dicitur
1801 5502 1866 5541 ex
1894 5503 2021 5542 con-

436 5573 604 5627 sortio
624 5574 740 5629 veri
764 5573 1030 5643 magistri,
1060 5579 1115 5625 et
1127 5586 1196 5625 ne
1217 5572 1420 5626 infinita
1453 5572 1725 5642 replicem,
1749 5579 2020 5644 quomodo

438 5678 574 5716 unus
602 5680 698 5733 per
737 5673 988 5718 naturam
1017 5664 1158 5718 Deus
1183 5671 1234 5717 et
1263 5679 1400 5717 unus
1428 5661 1468 5715 F
1473 5662 1596 5718 ilius
1629 5679 1733 5718 non
1764 5654 2017 5736 prtejudi-

443 5756 775 5816 catcmtoris,
828 5771 894 5808 ne
921 5769 1016 5821 per
1038 5755 1376 5823 adoptionem
1413 5755 1485 5809 dii
1521 5766 1782 5812 vocentur
1820 5767 1868 5813 et
1902 5760 2016 5824 lilii,

2132 561 2190 606 ut
2221 554 2444 608 abusive
2471 553 2805 624 appellentur
2833 565 3016 625 patres
3039 564 3095 611 et
3117 557 3381 627 magistri.

2201 644 2306 712 Qui
2330 648 2506 716 major
2527 658 2601 702 est
2627 658 2872 714 vestrum,
2903 650 3000 703 erit
3023 650 3260 704 minister
3279 661 3458 706 vester.
3499 651 3714 710 Certan-

2129 737 2272 792 tibus
2297 738 2363 792 de
2399 739 2641 808 prioratu
2674 738 2955 810 discipulis
2981 780 2994 805 ,
3029 749 3090 794 ut
3131 740 3308 796 Lucas
3355 741 3550 805 refert,
3595 747 3715 814 pius

2127 829 2391 901 magister
2418 844 2515 888 eos
2541 845 2650 885 non
2679 831 2824 886 initae
2856 831 3217 887 contentionis
3243 834 3442 904 arguit,
3487 837 3579 890 sed
3611 836 3716 890 for-

2127 938 2272 980 mam
2314 935 2481 993 quam
2513 930 2812 992 sequantur
2856 921 3179 977 humilitatis
3221 923 3463 978 modesta
3507 926 3717 981 ratione

2128 1015 2383 1071 describit
2411 1015 2562 1088 (Luc.
2594 1013 2751 1084 xxn).
2783 1015 2840 1069 ln
2867 1030 2970 1084 qua
3001 1023 3180 1069 tamen
3210 1015 3382 1070 forma
3421 1018 3717 1072 obtinenda

2131 1107 2363 1178 majores
2393 1114 2448 1161 et
2479 1120 2860 1175 prmcessores,
2911 1106 2964 1160 id
3015 1114 3131 1171 est,
3182 1107 3434 1162 doctores
3461 1107 3719 1164 Ecclesia

2129 1213 2236 1252 non
2264 1196 2484 1250 minima
2535 1195 2864 1251 discretione
2906 1211 3043 1265 opus
3072 1197 3313 1261 habent,
3359 1211 3430 1251 ne
3467 1198 3717 1253 videlicet

2131 1303 2314 1358 regum
2342 1286 2621 1357 gentilium
2650 1287 2825 1340 instar
2853 1286 3121 1340 dominari
3145 1284 3428 1355 subjectis,
3462 1302 3630 1356 seque
3655 1290 3717 1342 ab

2129 1379 2209 1434 eis
2247 1379 2518 1449 gaudeant
2557 1376 2909 1447 supervacuis
2955 1375 3206 1430 laudibus
3248 1377 3464 1440 attolli,
3524 1379 3618 1431 sed
3656 1378 3717 1430 ad

2131 1469 2434 1541 exemplum
2485 1468 2629 1539 regis
2669 1466 2853 1522 :etcrni
2877 1506 2894 1530 ,
2944 1467 3100 1536 quasi
3124 1464 3371 1533 iuniores
3407 1467 3488 1521 eis
3526 1467 3720 1535 quilms

2132 1558 2386 1632 regendis
2419 1565 2661 1628 przesunt
2699 1556 3002 1611 elliciantur
3027 1571 3090 1611 ac
3132 1555 3387 1610 ministri.
3436 1555 3572 1624 Quia
3599 1559 3718 1625 qui-

2133 1664 2348 1720 cunque
2368 1649 2481 1704 vult
2509 1648 2732 1703 fratrem
2776 1646 3076 1717 praevenire
3104 1647 3400 1716 regnando,
3440 1647 3594 1716 prius
3629 1663 3716 1701 ne-

2134 1754 2287 1796 cesse
2310 1748 2397 1796 est
2416 1748 2473 1794 ut
2506 1738 2652 1793 illum
2683 1737 2978 1806 praeveniat
3001 1736 3371 1806 obsequendo,
3412 1736 3553 1790 sicut
3577 1737 3716 1807 Apo-

2134 1833 2305 1887 stolus
2333 1833 2412 1887 ait
2440 1849 2453 1884 :
2496 1830 2712 1884 Honore
2753 1830 2970 1884 invicem
2994 1829 3367 1900 pra’venientes
3392 1827 3568 1900 (Rom.
3598 1831 3716 1902 xu).

2135 1926 2329 1982 Vincat
2377 1940 2500 1981 eum
2540 1923 2765 1991 oﬂiciis,
2814 1933 2874 1979 ut
2919 1924 3091 1994 possit
3139 1923 3358 1980 vincere
3409 1925 3710 1980 sanctitate.

2136 2011 2341 2087 (Gr-eg.)
2387 2006 2637 2070 Attatuen
2681 2029 2906 2071 necesse
2931 2022 3016 2071 est
3045 2021 3105 2069 ut
3145 2015 3227 2070 sic
3271 2015 3412 2070 bene
3439 2015 3716 2087 agentibus

2133 2117 2232 2175 per
2278 2105 2636 2161 humilitatem
2673 2107 2781 2162 sint
2819 2107 2984 2173 socii,
3025 2115 3291 2177 quatenus
3327 2119 3518 2164 contra
3545 2109 3712 2164 delin-

2134 2197 2412 2266 quentium
2450 2198 2578 2252 vitia
2615 2211 2714 2268 per
2739 2198 2914 2253 zelum
2934 2197 3162 2267 justitiae
3199 2199 3310 2253 sint
3345 2200 3539 2264 erecti,
3573 2209 3633 2254 ut
3668 2210 3714 2254 et

2132 2287 2291 2343 bonis
2326 2287 2380 2342 in
2407 2287 2553 2343 nullo
2575 2304 2634 2344 se
2671 2287 2982 2358 praeferant,
3017 2299 3074 2343 et
3094 2304 3218 2344 cum
3246 2305 3538 2359 pravorum
3569 2289 3717 2359 culpa

2133 2376 2302 2446 exigit
2343 2386 2664 2448 potestatem
2695 2378 2943 2448 protinus
2979 2377 3060 2432 sui
3097 2379 3376 2448 prioratns
3401 2388 3718 2450 agnoscant.

2134 2467 2212 2525 Ne
2247 2470 2390 2524 enim
2419 2471 2762 2540 praesidentis
2799 2471 3011 2527 animus
3048 2473 3115 2527 ad
3157 2472 3449 2528 elationem
3482 2481 3719 2543 potesta-

2135 2561 2205 2617 tis
2231 2576 2340 2616 sute
2377 2549 2734 2616 delectatione
2770 2562 3014 2632 rapiatur
3038 2603 3053 2627 ,
3095 2571 3244 2618 recte
3288 2579 3385 2635 per
3433 2566 3718 2634 quemdam

2135 2652 2432 2722 sapientem
2471 2650 2704 2705 dicitur:
2751 2649 2944 2705 Ducem
2982 2662 3029 2706 te
3065 2655 3469 2719 constituerunt,
3494 2655 3601 2708 noli
3623 2673 3718 2709 ex-

2123 2743 2266 2809 tolli,
2289 2743 2378 2796 sed
2394 2751 2500 2796 esto
2522 2743 2574 2794 in
2597 2741 2723 2808 illis,
2749 2744 2901 2812 quasi
2922 2760 3055 2798 unus
3081 2760 3145 2798 ex
3171 2743 3277 2800 illis
3304 2745 3496 2816 (Eccli.
3523 2751 3718 2818 xxx").

2135 2831 2269 2888 Hinc
2312 2832 2475 2887 etiam
2525 2831 2717 2886 Petrus
2759 2833 2838 2886 ait
2873 2850 2886 2885 :
2943 2831 3066 2887 Non
3101 2833 3434 2888 dominantes
3466 2836 3521 2888 in
3559 2837 3716 2902 clero,

2132 2926 2220 2978 sed
2258 2923 2426 2994 {arma
2467 2923 2596 2993 fusti
2625 2925 2765 2994 gregi
2798 2923 2850 2991 (1
2880 2922 3022 2978 Patr.
3063 2924 3140 2997 v).
3179 2925 3244 2979 Et
3267 2937 3449 2980 tamen
3474 2943 3722 2982 nonnun-

2132 3031 2292 3085 quam
2327 3016 2541 3086 gravius
2579 3015 2939 3085 delinquitur,
2997 3018 3042 3071 si
3086 3018 3228 3072 inter
3263 3033 3546 3087 perversos
3600 3020 3721 3090 plus

2134 3103 2414 3173 mqualitas
2450 3119 2611 3174 quam
2665 3103 2948 3175 disciplina
3005 3107 3330 3162 custoditur.
3389 3107 3526 3176 Quia
3571 3110 3720 3164 enim

2135 3195 2268 3250 falsa
2303 3196 2503 3265 pietate
2527 3204 2816 3265 superatus
2840 3194 3004 3250 ferire
3032 3195 3149 3251 Heli
3172 3195 3552 3268 delinquentes
3579 3198 3723 3252 ﬁlios

2133 3289 2342 3355 noluit,
2397 3289 2536 3358 apud
2582 3288 2885 3344 districtum
2936 3287 3172 3358 judicent
3209 3290 3556 3360 semetipsum
3591 3306 3719 3344 eum

2133 3380 2258 3437 filiis
2294 3378 2496 3436 crudeli
2535 3379 2881 3434 damnatione
2909 3379 3178 3449 percussit
3215 3378 3412 3451 (lReg.
3443 3382 3523 3451 ιι).
3563 3381 3722 3436 Unde

2133 3488 2354 3529 necesse
2372 3481 2455 3528 est
2486 3480 2548 3527 ut
2583 3481 2848 3528 rectorem
2884 3481 2940 3527 et
2967 3478 3193 3527 matrem
3222 3472 3397 3543 pietas
3421 3483 3475 3528 et
3507 3481 3718 3544 patrem

2133 3563 2384 3619 exhibeat
2418 3562 2741 3633 disciplina;
2804 3569 2965 3632 atque
3013 3561 3158 3617 inter
3192 3563 3309 3619 haec
3347 3563 3571 3620 sollicita
3608 3567 3721 3622 cir—

2133 3657 2529 3727 cumspectione
2569 3656 2980 3727 providendum,
3019 3671 3088 3711 ne
3127 3667 3218 3711 aut
3241 3657 3500 3712 districtio
3539 3659 3719 3729 rigida

2134 3761 2225 3806 aut
2249 3751 2422 3820 pietas
2463 3752 2532 3804 sit
2570 3750 2817 3804 remissa.

2205 3839 2308 3906 Qui
2341 3849 2513 3894 autent
2548 3841 2853 3895 exultaverit
2891 3859 2978 3907 se,
3027 3843 3422 3905 humiliabitur,
3467 3854 3513 3895 et
3539 3847 3628 3912 qui
3669 3861 3721 3897 se

2133 3931 2480 3984 humiliaverit
2517 3930 2852 3986 excitabitur.
2897 3932 2915 4003 (
2933 3931 3173 4004 Venerit.)
3204 3932 3386 4002 Neque
3415 3934 3559 3988 enim
3591 3950 3721 3988 usos

2131 4021 2307 4076 omnis
2345 4021 2436 4090 qui
2487 4036 2545 4076 se
2579 4036 2762 4076 coram
2813 4023 3121 4078 hominibus
3171 4024 3370 4079 exaltat
3409 4025 3722 4080 humiliabi-

2135 4120 2254 4176 tur,
2311 4120 2404 4166 aut
2453 4114 2543 4180 qui
2585 4125 2645 4167 se
2683 4113 2735 4166 in
2784 4123 3076 4183 conspectu
3127 4114 3403 4168 hominum
3445 4115 3719 4181 humiliat,

2133 4205 2458 4260 exaltabitur
2502 4206 2570 4260 ab
2607 4205 2727 4271 eis;
2788 4206 2884 4260 sed
2930 4221 2962 4260 e
3007 4207 3280 4261 contrario
3327 4221 3720 4276 nonnunquam

2132 4295 2223 4365 qui
2262 4309 2322 4350 se
2366 4295 2449 4350 vel
2499 4295 2552 4349 in
2595 4297 2746 4366 apice
2783 4297 3062 4367 dignitatis
3109 4299 3190 4354 vel
3221 4299 3272 4352 in
3320 4299 3425 4353 alia
3473 4301 3723 4369 qualibet

2134 4385 2459 4455 acquirenda
2489 4384 2658 4456 gloria
2696 4386 2962 4452 sublevat,
3003 4403 3172 4458 usque
3209 4389 3263 4442 in
3297 4388 3460 4444 ﬁnem
3483 4391 3722 4446 exaltari

2132 4490 2238 4530 non
2277 4485 2471 4531 cessat.
2531 4477 2792 4532 Similiter
2830 4490 2892 4534 ac
2932 4480 3152 4535 humilis
3187 4481 3412 4551 quilibet
3454 4499 3517 4538 ac
3557 4499 3726 4538 vere-

2131 4565 2336 4619 cundus
2363 4565 2416 4619 in
2447 4580 2552 4636 qua
2583 4574 2866 4622 contentus
2879 4577 2963 4623 cst
2987 4584 3158 4639 usque
3182 4571 3248 4622 ad
3275 4571 3398 4625 vitae
3421 4574 3723 4628 terminum

2130 4655 2502 4711 mediocritate
2551 4668 2910 4725 perseverat;
2966 4667 3020 4712 et
3078 4659 3200 4714 ideo
3249 4659 3400 4728 juxta
3455 4661 3726 4718 Veritatis

2130 4747 2449 4802 sententiam
2486 4748 2663 4803 omnis
2691 4749 2780 4816 qui
2817 4764 2875 4802 se
2903 4749 3114 4804 incaute
3155 4752 3222 4805 de
3252 4753 3458 4807 meritis
3492 4754 3721 4823 allevat,

2128 4838 2496 4893 lmmiliabitur
2528 4855 2558 4893 a
2589 4839 2841 4904 Domino,
2883 4848 2939 4894 et
2975 4841 3065 4910 qui
3103 4843 3326 4910 pronde
3361 4857 3421 4898 se
3451 4844 3519 4899 de
3549 4847 3720 4903 bene-

2127 4929 2284 4984 factis
2324 4930 2590 4995 humiliat,
2623 4930 2947 4984 exaltabitur
2980 4932 3047 4986 ab
3079 4947 3162 4988 eo.

2173 5019 2310 5094 '[ll.]
2355 5019 2444 5075 Va:
2459 5021 2620 5086 vobis,
2658 5023 2842 5076 scriba:
2873 5032 2923 5076 et
2950 5019 3211 5078 Pharisai
3250 5025 3556 5096 hypocrita,
3587 5030 3717 5099 quia

2125 5113 2369 5167 clauditis
2408 5128 2620 5183 regnum
2668 5111 2912 5167 caelorum
2968 5123 3088 5167 ante
3131 5114 3401 5169 homines:
3439 5132 3530 5169 vos
3567 5118 3713 5169 enim

2125 5222 2229 5260 non
2257 5205 2464 5260 intratis
2498 5220 2589 5258 nec
2625 5204 2942 5258 introeuntes
2979 5204 3146 5258 sinitis
3163 5205 3402 5260 introire.
3434 5205 3713 5277 (Ηὲενοη.)

2125 5295 2335 5352 llabent
2388 5297 2580 5352 scribae
2625 5305 2682 5352 et
2732 5296 2988 5352 Pharisaei
3027 5297 3159 5368 legis
3213 5300 3715 5370 prophetarumqne

2124 5389 2396 5452 notitiam,
2437 5386 2617 5442 sciunt
2652 5386 2923 5442 Christum
2951 5401 3071 5443 esse
3109 5386 3304 5442 Filium
3334 5390 3451 5444 Dei.
3478 5390 3714 5460 (Hilar.)

2125 5481 2242 5555 Non
2289 5483 2537 5552 ignorant
2573 5490 2758 5536 natum
2804 5498 2924 5538 esse
2957 5484 3024 5538 de
3053 5485 3298 5554 virgine:
3339 5486 3432 5540 sed
3457 5485 3581 5538 dum
3611 5483 3716 5537 ad-

2120 5582 2340 5627 ventum
2375 5571 2491 5640 ejus
2521 5586 2839 5641 eorporeum
2876 5589 2906 5626 a
2929 5574 3205 5643 prophetis
3235 5575 3583 5644 praedicatum
3606 5571 3713 5626 do-

2120 5666 2310 5720 ctrina:
2343 5664 2685 5720 simulatione
2713 5665 3072 5730 abscondunt,
3100 5673 3156 5721 et
3190 5667 3428 5736 praedam
3467 5665 3532 5719 de
3567 5663 3708 5717 sub-

2114 5758 2258 5828 jecta
2297 5759 2396 5812 sibi
2419 5757 2572 5827 plebe
2602 5765 2880 5827 appetunt,
2915 5773 3010 5812 nec
3038 5759 3138 5828 ipsi
3168 5760 3441 5813 introeunt
3461 5760 3511 5812 in
3539 5771 3708 5823 regna
