3998 6188
355 328 502 385 1069

1305 322 1668 382 conamur.
1699 322 1773 380 IN
1813 323 2248 381 narramus.
2292 354 2363 366 --
2394 298 2523 381 LlB.
2565 325 2679 382 vn.

3459 321 3595 385 1οπ

338 448 635 506 ueterum,
679 457 778 498 nec
814 455 908 497 eos
934 441 1026 510 qui
1050 447 1297 511 poterant
1343 441 1548 495 intrare
1588 438 1924 508 permittunt.
1954 448 2008 500 Α
2030 451 2154 492 nem
2176 436 2359 509 gloriae
2387 440 2699 508 quaerebant
2726 436 2896 505 lucra,
2943 438 3020 494 sie
3044 438 3148 494 alia
3174 441 3487 497 traditionis
3517 444 3596 496 in-

343 535 467 590 :lluc
495 542 578 588 est
611 534 753 602 quod
801 534 855 588 in
884 532 1021 588 Osca
1047 533 1312 604 propheta
1349 531 1608 587 Dominus
1632 532 1807 600 arguit
1845 531 1928 585 di-

350 640 515 679 cens:
544 623 932 677 Absconderunt
952 621 1244 676 sacerdotes
1265 623 1418 682 viam,
1458 619 1824 688 interfecerunt
1850 617 1932 673 Si-

349 713 524 766 chima
552 711 849 784 [Particcps
892 712 1231 765 sacerdotum
1269 711 1322 765 in
1370 710 1457 764 via
1494 709 1928 765 interficiendum

337 814 636 874 pergentes
659 802 726 857 de
751 800 989 872 Sichem]
1009 799 1209 872 (Osee.
1239 799 1335 870 v1).
1369 800 1434 854 Et
1457 815 1701 855 rursum:
1738 797 1929 854 Sacer-

334 896 494 948 dotes
523 911 626 949 non
655 894 898 949 dixerunt
921 913 941 952 :
965 893 1069 949 Ubi
1091 903 1168 948 est
1195 893 1486 948 Dominus?
1515 892 1608 950 Vel
1633 900 1783 948 certe
1809 906 1927 946 om-

345 985 431 1041 nis
454 987 735 1057 magister,
772 987 865 1056 qui
889 987 1054 1041 verbo
1089 985 1338 1047 aedificat,
1377 993 1432 1039 et
1455 982 1788 1040 scandalizat
1815 997 1930 1036 ma-

345 1074 412 1130 lis
436 1076 693 1145 operibus
715 1075 1002 1146 discipulos
1029 1090 1176 1140 suos,
1208 1075 1418 1131 claudit
1435 1085 1560 1131 ante
1587 1089 1683 1130 eos
1703 1088 1925 1144 regnum

333 1165 632 1220 ~cmlorum.

431 1252 521 1308 Vm
543 1254 705 1321 vobis,
742 1254 926 1310 scriba:
958 1264 1006 1308 et
1045 1253 1307 1308 Pharisa'i
1342 1253 1644 1323 hypocritaz,
1668 1253 1791 1322 quia
1827 1252 1931 1304 cir-

332 1346 502 1398 cuitis
530 1361 675 1400 mare
699 1358 745 1400 et
776 1346 1000 1410 aridam,
1039 1355 1095 1398 ut
1138 1345 1348 1414 faciatis
1384 1359 1544 1398 unum
1573 1342 1889 1412 proselytum
1907 1359 1926 1406 ;

333 1443 392 1485 εει
433 1449 552 1488 cum
589 1435 748 1504 fuerit
770 1435 962 1505 factus,
999 1434 1174 1504 facitis
1201 1450 1318 1487 eum
1355 1433 1525 1501 ﬁlium
1557 1433 1803 1502 gehenure
1828 1432 1930 1485 du-

344 1523 430 1592 plo
467 1525 623 1596 quam
651 1543 756 1580 vos.
789 1526 906 1581 Non
931 1540 996 1580 eo
1021 1525 1198 1580 studio
1222 1539 1502 1579 servamus
1541 1525 1789 1593 quaesita,
1821 1538 1926 1592 quo

285 1615 295 1630 ’
332 1619 658 1687 quaerimus.
701 1617 906 1672 Scriba:
935 1624 989 1672 et
1021 1615 1279 1671 Pharisaei
1315 1623 1488 1670 totum
1511 1615 1805 1669 lustrantes
1839 1628 1924 1668 or-

337 1709 470 1761 bem
507 1716 727 1777 propter
751 1706 1143 1778 negotiationes
1177 1714 1232 1761 et
1266 1705 1480 1760 diversa
1512 1704 1692 1769 lucra,
1744 1711 1853 1758 tam
1893 1717 1924 1757 a

2033 536 2191 582 venta
2227 528 2447 596 stropha
2475 527 2765 596 impietatis
2791 527 2968 599 arguit
2993 537 3372 600 praceptores.
3397 528 3455 585 Si
3479 534 3602 602 quis

2028 617 2084 671 in
2125 616 2485 680 contentione,
2533 631 2627 672 seu
2677 616 2729 670 in
2760 617 2940 686 aliquo
2973 615 3172 690 iurgio»,
3229 618 3313 674 vel
3341 619 3396 673 in
3418 633 3600 675 causa:

2024 706 2282 776 ambiguo
2299 704 2535 774 iurasset
2565 706 2617 760 in
2641 706 2859 776 templo,
2897 716 2952 762 et
2990 714 3175 777 postea
3201 710 3487 766 convictus
3511 726 3600 765 es-

2031 804 2112 851 set
2138 797 2424 863 mendacii,
2459 813 2562 852 non
2587 800 2868 852 tenebatur
2886 799 3128 856 criminis
3161 815 3306 865 reus,
3334 802 3380 856 si
3420 811 3599 858 autem

2022 887 2260 956 iurasset
2293 889 2346 942 in
2373 903 2503 942 auro
2523 896 2579 942 et
2611 890 2836 956 pecunia
2878 903 2998 959 quae
3029 889 3085 944 in
3115 889 3312 960 templo
3351 893 3602 948 sacerdo-

2025 978 2175 1033 tibus
2210 976 2536 1033 otl'erebatur
2560 1019 2574 1043 ,
2615 979 2795 1032 statim
2837 979 2889 1032 in
2924 993 3032 1048 quo
3056 977 3334 1046 iuravth
3370 982 3600 1052 cogeba-

2031 1074 2120 1122 tur
2158 1067 2457 1122 exsolvere.
2520 1066 2751 1122 llursum
2799 1068 2842 1122 si
2889 1068 3009 1138 quis
3041 1067 3280 1138 iurasset
3319 1069 3376 1124 in
3417 1070 3599 1132 altari,

2025 1157 2248 1226 periurii
2276 1174 2426 1213 reum
2465 1173 2622 1213 nemo
2652 1160 2902 1226 tenebat;
2952 1160 3034 1215 sin
3066 1167 3246 1216 autem
3275 1162 3603 1233 periurasset

2029 1249 2084 1302 in
2121 1249 2282 1313 dono,
2310 1248 2392 1305 vel
2415 1249 2472 1303 in
2495 1249 2874 1315 oblationibus,
2916 1251 2970 1307 id
2995 1259 3098 1317 est,
3134 1253 3187 1306 in
3215 1254 3409 1317 hostia,
3443 1255 3496 1309 in
3525 1255 3604 1310 vi—

2028 1339 2229 1403 ctimis,
2253 1339 2310 1393 iu
2348 1339 2563 1405 simila‘,
2593 1349 2647 1395 et
2675 1341 2884 1395 (ueteris
2911 1356 3030 1411 qua:
3057 1334 3355 1398 offeruntur
3379 1344 3490 1400 Deo
3512 1360 3603 1400 su-

2025 1445 2126 1500 per
2172 1431 2379 1496 altare,
2430 1433 2550 1487 haec
2594 1433 2987 1489 studiosissime
3027 1435 3355 1506 repetebant.
3412 1436 3603 1507 Arguit

2027 1536 2156 1592 ergo
2193 1537 2287 1578 eos
2335 1523 2610 1587 Dominus,
2671 1532 2725 1578 et
2781 1523 3058 1588 stultitiae,
3107 1532 3162 1580 et
3200 1523 3595 1590 fraudulentizc,

2023 1611 2171 1680 quod
2204 1611 2377 1666 multo
2413 1611 2584 1681 maius
2621 1611 2692 1668 sit
2719 1613 2974 1683 templum
3011 1628 3174 1684 quam
3217 1629 3408 1669 aurum
3455 1619 3598 1685 quod

2028 1701 2397 1757 sanct-iticatur
2437 1717 2466 1756 a
2497 1703 2716 1773 templo,
2760 1712 2816 1760 et
2851 1704 3022 1760 altare
3066 1719 3228 1775 quam
3267 1707 3457 1762 bestia:
3482 1721 3602 1777 quae

337 1798 623 1867 discipulis
659 1799 921 1866 captanda
959 1813 1120 1867 quam
1141 1811 1239 1867 per
1266 1795 1554 1866 imaginem
1599 1794 1921 1856 sanctitatis;
1951 1790 2428 1852 Bsanetiiicantur
2482 1793 2552 1847 ab
2599 1793 2775 1847 altari.
2833 1794 3028 1848 Totum
3082 1803 3263 1850 autem
3309 1794 3598 1861 faciebant,

334 1889 399 1942 id
435 1898 538 1954 est,
589 1889 748 1944 studii
795 1890 1066 1944 habebant
1095 1888 1163 1943 de
1187 1889 1438 1959 gentibus
1471 1886 1654 1943 facere
1681 1887 1931 1959 prosely-
2026 1898 2132 1938 non
2157 1885 2227 1938 ob
2255 1885 2351 1938 Dei
2374 1885 2642 1950 timorem,
2676 1886 2769 1940 sed
2797 1885 2866 1941 ob
2891 1885 3198 1943 divitiarum
3228 1887 3597 1959 cupiditatem.

332 1987 485 2044 tum,
516 1979 567 2033 id
593 1988 696 2044 est,
728 1981 989 2034 advenam
1029 1987 1083 2033 et
1123 1971 1553 2033 incircumcisum
1582 1977 1810 2033 miscere
1833 1992 1928 2047 po-

332 2071 472 2139 pulo
511 2071 624 2125 Dei.
669 2069 774 2126 Sed
813 2071 904 2140 qui
936 2077 1067 2123 ante
1103 2069 1227 2123 dum
1264 2074 1409 2123 esset
1437 2068 1687 2123 ethnicus
1723 2067 1927 2138 simpli-

331 2161 480 2215 citer
505 2161 734 2224 errabat,
773 2169 830 2216 et
867 2168 984 2214 erat
1026 2157 1192 2214 semel
1246 2157 1386 2215 illius
1419 2159 1700 2230 gehennae,
1735 2160 1925 2214 videns

331 2251 726 2322 magistrorum
763 2252 911 2316 vitia,
950 2259 1007 2305 ct
1033 2249 1335 2320 intelligens
1371 2250 1647 2304 destruere
1671 2263 1766 2304 eos
1791 2263 1924 2318 ope-

331 2340 494 2395 ribus
531 2339 672 2410 quod
707 2341 884 2396 verbis
926 2339 1214 2406 docebant,
1259 2341 1552 2394 revertitur
1573 2341 1641 2395 ad
1664 2340 1923 2394 vomitum

337 2443 522 2496 suum,
556 2439 612 2484 et
644 2431 860 2501 gentilis
896 2429 1071 2485 tactus
1117 2429 1271 2500 quasi
1301 2429 1690 2499 pravaricator
1731 2429 1923 2500 maiori

331 2533 503 2578 poena
528 2521 716 2591 dignus
751 2521 873 2575 erit.

406 2611 596 2684 (ΗΑΒ.)
624 2613 820 2684 Typice
849 2622 1026 2670 autem
1077 2615 1243 2670 maris
1273 2623 1326 2670 et
1357 2621 1517 2669 terrae
1539 2615 1922 2686 peragratione

327 2703 609 2774 significat
641 2704 695 2758 in
734 2705 898 2761 totius
942 2706 1089 2762 orbis
1118 2706 1314 2761 ﬁnibus
1351 2721 1445 2762 eos
1479 2721 1598 2762 esse
1631 2705 1921 2779 Evangelio

327 2791 753 2850 obtrectaturos.
798 2795 1058 2868 Proselyti
1102 2797 1248 2852 enim
1300 2807 1426 2854 sunt
1465 2810 1531 2852 ex
1585 2797 1832 2869 gentibus
1861 2797 1918 2852 in

337 2901 666 2959 synagogam
692 2891 911 2960 recepti,
937 2905 1163 2960 quorum
1182 2889 1485 2945 futurorum
1510 2889 1706 2944 raritas
1734 2889 1788 2943 in
1811 2903 1918 2944 uno

339 2977 631 3033 indicatur.
672 2978 854 3050 Neque
904 2982 1045 3036 enim
1084 2991 1205 3051 post
1235 2979 1434 3036 Christi
1479 2979 1916 3051 pmdicationem

338 3065 600 3121 doctrinae
636 3081 821 3123 eorum
851 3069 981 3124 fides
1018 3070 1207 3126 relicta
1229 3077 1338 3136 est;
1381 3071 1476 3126 sed
1503 3071 1733 3140 quisque
1755 3069 1916 3126 fuerit

2026 1971 2306 2042 Templum
2345 1974 2488 2028 enim
2519 1974 2602 2030 vel
2637 1973 2808 2030 altare
2850 1975 2917 2030 ad
2959 1975 3184 2048 gloriam
3220 1978 3314 2032 Dei
3344 1979 3598 2049 pertinet,

2019 2074 2080 2120 et
2105 2065 2170 2119 ad
2214 2065 2490 2120 hominum
2526 2066 2849 2137 spiritalium
2894 2067 3160 2132 salutem;
3202 2083 3392 2124 aurum
3421 2080 3600 2126 autem

2021 2155 2165 2225 quod
2195 2164 2284 2210 est
2322 2155 2377 2209 in
2433 2155 2648 2226 templo,
2693 2156 2777 2210 vel
2816 2157 3014 2212 donum
3041 2159 3181 2227 quod
3219 2168 3302 2214 est
3335 2175 3498 2230 super
3525 2162 3603 2217 a-l-

2019 2252 2162 2311 tare,
2208 2245 2275 2298 ad
2312 2244 2538 2315 gloriam
2566 2247 2780 2315 quidem
2809 2247 2903 2302 Dei
2936 2250 3236 2318 pertinent,
3269 2259 3327 2305 et
3362 2251 3478 2322 ipsa
3514 2260 3602 2308 ta-

2023 2351 2146 2391 men
2187 2351 2378 2391 aurum
2406 2337 2492 2392 vel
2523 2337 2716 2394 donum
2746 2340 2917 2411 magis
2961 2341 3028 2396 ad
3068 2340 3474 2401 delectationem
3505 2351 3600 2401 ho-

2021 2428 2230 2483 minum
2256 2437 2312 2484 et
2357 2430 2425 2484 ad
2469 2431 2755 2488 utilitatem
2795 2433 3137 2490 sacerdotum
3173 2435 3396 2494 oll‘ertur
3437 2456 3599 2514 super

2021 2518 2211 2575 altare.
2242 2519 2410 2576 Judtci
2451 2536 2578 2593 ergo
2613 2540 2802 2578 aurum
2829 2541 2937 2597 quo
2964 2527 3064 2598 ipsi
3095 2528 3516 2600 delectabantur,
3547 2547 3600 2591 ct

2021 2609 2160 2663 dona
2205 2609 2401 2679 quibus
2439 2611 2539 2681 ipsi
2575 2614 2952 2683 pascebantur,
3002 2618 3274 2676 sanctiora
3307 2637 3426 2678 esse
3455 2625 3600 2681 dice-

2019 2698 2184 2763 bant,
2236 2716 2394 2772 quam
2442 2703 2616 2774 ipsum
2645 2705 2898 2777 templum
2932 2717 2989 2765 et
3019 2709 3208 2779 altare,
3258 2721 3316 2769 ut
3354 2715 3599 2773 homines

2017 2791 2376 2860 promptiores
2404 2790 2596 2848 ﬁerent
2616 2795 2684 2850 ad
2707 2794 2978 2852 oderenda
3003 2799 3165 2867 dona,
3195 2817 3356 2872 quam
3388 2807 3454 2861 ad
3475 2820 3599 2876 pre—

2016 2893 2108 2936 ces
2123 2879 2418 2938 fundendas
2440 2883 2492 2938 in
2505 2885 2718 2955 templo,
2736 2895 2828 2942 aut
2843 2886 3083 2956 iustitias
3094 2891 3381 2950 faciendas.
3404 2894 3597 2952 Totum

2018 2979 2198 3025 autem
2219 2971 2484 3030 faciebant
2509 2990 2615 3030 non
2647 2977 2718 3032 ob
2737 2978 2830 3033 Dei
2863 2980 3128 3048 timorem,
3162 2984 3254 3040 sed
3277 2987 3349 3041 ob
3380 2988 3596 3042 divitia-

2015 3075 2136 3114 rum
2166 3064 2537 3134 cupiditatem,
2574 3076 2633 3122 ut
2671 3069 2829 3138 paulo
2865 3079 2992 3128 ante
3036 3074 3240 3129 dictum
3270 3085 3371 3133 est.
3421 3078 3597 3150 Spiri-

338 3160 636 3228 acquisitus
667 3162 732 3216 ad
761 3161 968 3232 plebem
1021 3163 1160 3219 illius
1197 3163 1267 3220 sit
1302 3164 1576 3235 gehennae,
1613 3177 1786 3236 plena!
1822 3179 1913 3221 so-

2020 3153 2200 3208 taliter
2229 3165 2408 3211 autem
2437 3160 2578 3229 quod
2596 3159 2856 3218 Dominus
2883 3163 3017 3218 dixit
3047 3182 3059 3217 :
3093 3163 3236 3232 Quid
3260 3169 3398 3222 enim
3420 3141 3596 3241 majus

337 3248 511 3315 bolos,
551 3259 604 3305 et
632 3253 816 3307 aeterni
840 3253 1025 3324 iudicii
1065 3255 1395 3310 haereditas:
1444 3255 1565 3328 quia
1597 3256 1812 3326 adoptio
1849 3271 1916 3312 ex

336 3341 588 3410 gentibus
627 3342 859 3398 Abrahae
900 3343 1156 3398 familiam
1206 3345 1412 3400 factura
1448 3346 1537 3402 sit.
1577 3346 1701 3401 Ideo
1737 3353 1917 3400 autem

337 3445 513 3498 preme
541 3430 819 3501 duplicatae
843 3433 948 3486 erit
983 3433 1146 3498 ﬁlius,
1171 3433 1294 3502 quia
1333 3448 1509 3504 neque
1543 3434 1914 3490 remissionem

329 3531 684 3591 peccatorum
706 3524 776 3577 sit
790 3525 1029 3596 .gentium
1045 3533 1388 3590 consecutus,
1412 3532 1468 3579 et
1480 3524 1792 3582 societatem
1819 3540 1913 3580 eo-

335 3629 456 3667 rum
473 3613 563 3682 qui
585 3613 852 3668 Christum
869 3616 1134 3686 perseeuti
1156 3615 1366 3671 fuerant
1387 3615 1457 3671 sit
1477 3625 1716 3672 secutus.
1745 3615 1915 3671 Filius

325 3717 515 3761 autem
527 3716 767 3762 \vocatur
791 3709 1069 3778 gehennm,
1108 3709 1374 3778 quomodo
1402 3707 1543 3762 ﬁlius
1573 3707 1909 3776 perditionis,

331 3808 384 3852 et
408 3798 551 3853 [ilius
579 3798 737 3870 huius
765 3798 985 3863 saeculi;
1031 3807 1254 3852 vocatur
1288 3797 1431 3852 illius
1463 3799 1721 3868 gehennae
1758 3797 1825 3851 ad
1851 3797 1913 3851 il-

329 3892 441 3945 lam
472 3902 822 3963 praeparatus,
850 3907 955 3947 non
981 3908 1048 3948 ex
1073 3892 1163 3946 illa
1190 3899 1510 3965 generatus:
1544 3891 1913 3964 unusquisque

321 3982 477 4037 enim
508 3980 660 4050 cuius
687 3997 848 4052 Opera
872 3982 981 4055 agit
1011 3981 1128 4051 eius
1156 3982 1298 4038 filius
1323 3982 1642 4054 appellatur.

409 4070 504 4127 Va:
539 4072 698 4139 vobis,
731 4073 885 4142 duces
915 4075 1072 4139 cwci,
1099 4073 1222 4146 quia
1248 4073 1418 4128 dicitis
1449 4091 1466 4127 :
1492 4072 1796 4146 Quicunque
1814 4072 1911 4143 ju-

2017 3253 2094 3298 est
2129 3261 2318 3300 aurum
2357 3265 2425 3302 an
2451 3251 2715 3321 templum,
2745 3255 2882 3326 quod
2911 3257 3204 3326 sanctiﬁcat
3242 3274 3429 3314 aurum
3455 3263 3481 3315 .’
3530 3264 3597 3318 Et

2017 3335 2214 3390 iterum
2245 3337 2418 3393 dixit:
2453 3339 2592 3406 Quid
2624 3345 2760 3396 enim
2785 3345 2957 3415 majus
2971 3355 3052 3401 est
3077 3347 3292 3416 donum,
3326 3367 3396 3405 an
3430 3351 3598 3408 altare

2013 3426 2154 3495 quod
2170 3430 2464 3498 sanctiﬁcat
2491 3432 2687 3488 donum
2711 3435 2738 3490 ?
2761 3436 2833 3491 ita
2861 3438 3262 3512 intelligendum
3291 3452 3374 3500 est
3406 3463 3420 3500 :
3454 3454 3593 3503 tem—

2013 3513 2160 3584 plum
2205 3525 2261 3571 et
2295 3519 2466 3575 altare
2495 3522 2668 3592 ipsum
2698 3525 2974 3584 Christum
3001 3570 3016 3596 ,
3076 3546 3266 3587 aurum
3296 3545 3351 3590 et
3391 3537 3593 3593 donum

2015 3603 2201 3659 laudes
2228 3615 2282 3661 et
2311 3609 2578 3664 sacrificia
2616 3626 2860 3680 precum,
2890 3632 3012 3686 quae
3047 3619 3101 3672 in
3128 3636 3195 3676 eo
3230 3637 3330 3691 per
3357 3639 3481 3679 eum
3512 3629 3593 3681 ot-

2011 3694 2238 3785 ferimus
2265 3715 2280 3750 :
2328 3714 2436 3753 non
2464 3699 2608 3754 enim
2640 3702 2727 3758 ille
2753 3718 2851 3773 per
2876 3705 3014 3766 haec.
3055 3711 3148 3765 sed
3180 3712 3283 3767 ista
3319 3730 3418 3785 per
3441 3717 3589 3774 illum

2011 3784 2434 3841 sanctiﬁcantur.

2093 3875 2183 3930 Vae
2210 3877 2371 3944 vobis,
2400 3880 2585 3936 scriba:
2613 3892 2663 3937 et
2706 3881 2969 3943 Pharistei
3000 3889 3304 3961 hypocritw,
3339 3896 3463 3966 quia
3499 3901 3587 3952 de-

2011 3967 2217 4022 cimatis
2251 3980 2496 4037 mentum,
2544 3983 2592 4025 et
2623 3983 2865 4043 anetum,
2904 3987 2953 4032 et
2983 3982 3244 4050 cyminum
3281 3993 3330 4038 et
3374 3987 3584 4060 reliqui-

2009 4065 2103 4119 stis
2127 4083 2244 4137 qua
2269 4065 2511 4138 graviora
2556 4078 2699 4135 sunt,
2729 4069 3014 4140 judicium,
3065 4083 3113 4127 et
3149 4075 3584 4146 misericordiam,

327 4164 524 4217 rat'erit
554 4181 644 4233 per
664 4165 927 4236 templum,
965 4166 1096 4220 nihil
1115 4177 1230 4232 est;
1262 4168 1351 4238 qui
1379 4177 1551 4220 autem
1571 4167 1829 4236 juraverit
1855 4167 1910 4220 in
2011 4164 2056 4207 el
2085 4154 2242 4222 ﬁdem
2271 4173 2289 4210 -'
2324 4157 2436 4211 ha’c
2477 4161 2706 4227 ορονωίι
2747 4160 2940 4230 face":
2986 4171 3036 4217 ελ
3064 4162 3158 4218 ma
3184 4180 3291 4220 ηοη
3330 4170 3583 4224 (immere-

325 4267 483 4305 auro-
505 4253 698 4322 templi,
737 4252 900 4307 debet.
935 4252 1091 4308 Stulti
1136 4266 1183 4308 et
1223 4256 1347 4309 σανσὶ
1368 4296 1383 4320 ,
1418 4255 1542 4325 quid
1575 4255 1711 4308 enim
1737 4253 1908 4324 majus

2017 4243 2278 4319 (ωιτη.)
2305 4245 2466 4301 Multa
2488 4247 2541 4301 in
2571 4247 2686 4319 lege
2703 4261 2972 4320 praecepta
2997 4260 3122 4308 sunt
3144 4269 3264 4324 quae
3289 4264 3444 4328 typos
3467 4276 3589 4331 pro-

325 4354 430 4406 est,
457 4359 667 4407 mmtm,
703 4361 770 4397 an
796 4344 1041 4414 templum
1063 4346 1201 4416 quod
1237 4346 1528 4415 sanctiﬁcat
1562 4346 1795 4400 aurum?
1840 4344 1907 4399 Et
2007 4335 2186 4390 ferunt
2208 4336 2529 4393 futurorum.
2581 4339 2698 4395 Alia
2728 4357 2856 4396 vero
2877 4359 2996 4413 qua:
3017 4353 3200 4414 aperta
3239 4358 3365 4405 sunt
3389 4359 3443 4407 et
3466 4351 3588 4408 illu-

325 4436 623 4503 quicunque
657 4433 912 4503 iuraverit
946 4437 1000 4489 in
1041 4436 1227 4500 altari,
1294 4437 1424 4491 nihil
1460 4449 1571 4502 est;
1619 4423 1905 4510 quictinque
1931 4477 1982 4535 Β
2009 4431 2583 4502 titinantoculosjuxta
2605 4434 2937 4503 psalmistam
2957 4435 3588 4498 dicentemzﬂandatum

327 4534 504 4578 autem
525 4525 786 4594 juraverit
821 4527 877 4578 in
912 4526 1050 4580 dono
1088 4527 1227 4596 quod
1259 4536 1333 4581 est
1367 4543 1522 4596 super
1552 4526 1706 4593 illud,
1737 4526 1900 4581 debet.
1931 4523 1977 4535 ⁴“’
2008 4523 2220 4578 Domini
2269 4523 2499 4578 lucidum
2523 4566 2539 4590 ,
2602 4524 2908 4582 itluminans
2953 4528 3132 4584 oculos
3157 4572 3171 4598 ,
3231 4546 3352 4602 qua:
3399 4535 3583 4590 statim

323 4615 502 4678 ειπὶ,
532 4614 656 4684 quid
693 4615 830 4668 enim
873 4615 1047 4685 majus
1071 4625 1168 4680 est,
1215 4617 1434 4681 donum,
1467 4634 1534 4671 an
1563 4617 1732 4671 altare
1765 4617 1904 4687 quod
2006 4631 2168 4683 opera
2222 4613 2562 4681 desiderant;
2604 4616 2750 4671 verbi
2803 4619 2975 4688 gratia
3009 4637 3020 4672 :
3075 4619 3196 4676 Non
3239 4622 3582 4690 adulterabis,

322 4706 626 4773 sanctiﬁcat
653 4705 842 4759 donum
868 4706 893 4758 ?
920 4705 1023 4771 Qui
1062 4707 1356 4777 ergo'jurat
1385 4709 1439 4761 in
1467 4707 1642 4774 altari,
1676 4708 1904 4778 juratiu
2006 4720 2108 4758 nou
2160 4705 2356 4773 furtum
2406 4705 2586 4774 facies,
2637 4723 2739 4761 non
2784 4707 2978 4777 falsum
3023 4713 3375 4770 testimonium
3420 4716 3582 4783 dices,

325 4811 386 4848 eo
420 4804 465 4848 et
494 4796 548 4849 in
583 4795 818 4848 omnibus
854 4811 970 4866 qua:
1001 4807 1121 4850 sunt
1142 4813 1297 4867 super
1317 4796 1468 4851 illud.
1500 4796 1570 4851 Et
1588 4799 1678 4869 qui
1690 4799 1906 4868 jurave-
2004 4803 2107 4850 etc.
2136 4794 2306 4866 (Psal.
2343 4795 2517 4860 xvm).
2567 4796 2822 4853 Pharisazi
2847 4808 3054 4868 autem,
3100 4803 3225 4872 quia
3251 4816 3580 4875 przeceperat

327 4887 397 4940 rit
438 4886 490 4938 in
509 4887 716 4959 templo,
737 4888 886 4958 jura!
906 4890 958 4942 in
986 4887 1100 4954 illo,
1127 4895 1174 4942 et
1209 4889 1263 4941 in
1291 4905 1349 4942 eo
1372 4888 1671 4958 quihabitat
1691 4891 1746 4942 in
1767 4890 1898 4959 ipso.
2003 4885 2269 4941 Dominus
2316 4888 2553 4956 (interim
2600 4898 2661 4943 ut
2710 4891 3011 4955 intellectus
3049 4897 3304 4965 mysticos
3341 4899 3580 4955 dimitta-

329 4974 400 5028 1ιί
432 4978 522 5047 qui
538 4979 691 5047 jurat
725 4980 780 5034 in
811 4979 934 5034 creto
947 4980 1098 5049 jurat
1121 4980 1175 5033 in
1200 4981 1383 5032 throno
1412 4979 1528 5042 Dei,
1573 4989 1620 5034 et
1645 4980 1698 5033 in
1735 4997 1794 5033 eo
1813 4979 1903 5050 qui
2006 4978 2147 5048 ntus)
2174 4975 2392 5046 propter
2422 4977 2730 5033 alimoniam
2777 4983 3114 5038 sacerdotum
3162 4993 3217 5040 et
3244 4984 3576 5055 Levitarum,

325 5069 470 5123 sedet
503 5087 658 5140 super
678 5087 814 5125 eum.
850 5070 1040 5141 Supra,
1083 5078 1142 5124 ut
1177 5070 1350 5124 visum
1400 5071 1553 5126 nobis
1600 5079 1710 5134 est,
1738 5085 1905 5140 expo-
2005 5083 2233 5137 quorum
2263 5083 2389 5137 pars
2418 5076 2534 5122 erat
2584 5069 2863 5138 Dominus,
2899 5075 3135 5129 omnium
3170 5092 3350 5131 rerum
3396 5078 3578 5136 oﬂ‘erri

331 5159 537 5214 suimus
585 5161 712 5228 quid
751 5160 1078 5231 significaret
1112 5151 1331 5214 traditio
1376 5160 1788 5222 Phariszcorum,
1824 5162 1902 5214 di-

329 5249 562 5303 centium
589 5269 602 5304 :
645 5252 849 5305 Donum
875 5252 1214 5323 quodcunque
1248 5262 1322 5305 est
1353 5267 1416 5305 ex
1443 5267 1544 5315 me,
1591 5252 1682 5304 tibi
1715 5251 1902 5321 prode-

331 5339 415 5392 rit.
464 5339 617 5395 Nune
651 5341 842 5410 duplex
879 5349 933 5396 et
961 5342 1027 5395 ad
1071 5357 1230 5396 unam
1274 5342 1611 5396 occasionem
1660 5344 1900 5398 avaritice

330 5432 553 5488 trahens
579 5432 969 5490 Pharisaeorum
999 5433 1236 5490 conditio
1262 5433 1670 5500 condemnatur,
1719 5445 1777 5489 ut
1813 5452 1901 5490 ar-

331 5534 562 5589 guantur
588 5533 778 5581 cuncta
799 5541 897 5596 pro
925 5526 1074 5581 lucro
1113 5524 1310 5592 facere,
1357 5531 1411 5579 et
1441 5541 1545 5579 non
1571 5540 1669 5593 pro
1709 5527 1900 5597 timore

330 5612 444 5669 Dei.
486 5616 635 5673 Sicut
663 5619 805 5674 enim
836 5619 889 5673 in
936 5619 1280 5690 phylacteriis
1323 5626 1378 5673 et
1406 5616 1632 5673 ﬁmbriis
1666 5619 1900 5674 dilatatis

330 5708 510 5772 opinio
546 5711 845 5765 sanctitatis
867 5710 1114 5779 captabat
1162 5710 1409 5780 gloriam,
1448 5715 1502 5761 et
1523 5721 1622 5776 per
1660 5710 1901 5764 occasio-

2005 5159 2060 5211 in
2091 5157 2287 5227 templo
2329 5159 2586 5224 decimas,
2640 5161 2743 5218 hoc
2773 5165 2937 5218 unum
2983 5165 3254 5220 habebant
3294 5169 3478 5234 studii,
3522 5180 3581 5225 ut

2003 5261 2122 5314 qua:
2136 5244 2285 5312 iussa
2310 5245 2524 5303 fuerant
2544 5262 3028 5322 eompontarcntur.
3053 5254 3258 5311 Caetera
3287 5273 3405 5328 qua:
3425 5270 3579 5315 erant

1948 5332 1955 5339 ’
2007 5340 2232 5408 majora,
2252 5349 2433 5396 utrum
2455 5343 2574 5411 quis
2597 5344 2820 5410 faceret,
2841 5360 2908 5399 an
2929 5359 3057 5411 non,
3082 5350 3232 5416 parvi
3251 5349 3577 5419 pendebant.

2005 5430 2073 5484 Et
2095 5448 2164 5486 ex
2191 5432 2296 5486 hoc
2328 5433 2510 5503 itaque
2555 5435 2789 5504 capitulo
2815 5438 2990 5508 arguit
3024 5453 3137 5506 eos,
3172 5445 3312 5510 quod
3342 5445 3578 5504 studiose

2004 5525 2168 5579 etiam
2191 5525 2375 5580 vilium
2402 5527 2605 5581 olerum
2633 5528 2868 5583 decimas
2891 5530 3126 5601 exigant,
3167 5542 3222 5588 et
3239 5534 3497 5605 judicium
3522 5537 3578 5593 in

2005 5614 2390 5685 disceptatione
2414 5620 2767 5688 negotiorum,
2799 5620 3330 5693 misericordiamque
3360 5625 3411 5680 in
3440 5643 3574 5698 pau-

2004 5721 2159 5774 peres
2204 5708 2432 5776 pupillos
2477 5718 2532 5764 et
2572 5710 2775 5775 viduas,
2828 5718 2882 5765 et
2930 5710 3088 5768 fidem
3119 5713 3174 5767 in
3216 5714 3407 5783 Deum,
3457 5734 3576 5787 qua:
