3998 6188
388 316 521 376 Ιθτι

1034 306 1097 363 Β.
1139 301 1394 362 RABANI
1430 297 1652 357 MAURI
1693 295 2016 369 ARCHIEI'.
2057 293 2366 353 MOGUNT.
2407 290 2694 350 OPERUM
2733 288 2915 346 PARS
2952 287 2993 344 ῐ.

3533 289 3667 347 ωτς.

385 443 576 501 magna
623 433 777 489 sunt,
828 419 1268 492 praetermittunt.
1322 412 1508 488 (Λαίς.)
1562 409 1725 476 Ha’c,
1779 406 1972 477 inquit,
2006 412 2053 469 Α
2084 416 2367 475 utramque
2404 406 2681 459 hominum
2734 413 2980 457 naturam
3014 400 3157 466 fecit,
3193 412 3482 472 utramque
3515 417 3672 457 mun-

383 498 608 589 oportuit
650 516 842 584 facere,
875 511 928 566 id
969 518 1053 565 est
1093 506 1382 577 judicium,
1432 498 1888 589 miscricordiam,
1919 505 1975 552 et

385 588 564 670 fidem,
607 615 663 660 ut
686 614 745 660 et
763 619 865 657 nos
890 600 1159 655 veraciter
1186 598 1252 652 de
1282 603 1466 650 nostra
1498 590 1719 647 miseria
1736 588 1982 658 judican-

385 711 484 765 tcs,
509 709 565 753 et
588 698 680 753 Dei
712 694 1035 751 charitatetn
1063 704 1225 761 quam
1276 685 1495 742 donavit
1521 684 1636 754 ipse
1670 680 1976 750 diligentes,

384 790 467 858 pie
501 795 756 855 recteque
786 784 1033 837 vivamus
1049 775 1533 849 justumjudicium
1558 772 1675 843 ejus
1709 770 1976 826 conﬁten-

386 891 464 933 tes
494 893 603 948 quo
629 875 814 944 miseri
852 871 1031 929 effecti
1081 884 1287 925 sumus.
1336 866 1413 921 De
1443 880 1552 935 quo
1587 862 1719 918 dicit
1752 861 1981 931 Aposto-

384 966 503 1026 lus:
540 968 812 1024 Iudicium
838 964 1048 1037 quidem
1069 976 1133 1015 ea:
1155 975 1258 1013 uno
1290 958 1344 1010 in
1368 952 1893 1016 condemnationem;
1930 960 1981 1003 οι

381 1073 586 1128 magnte
613 1054 861 1110 charitati
895 1051 1011 1120 ejus
1048 1047 1250 1120 gratias
1300 1053 1512 1116 agentes
1564 1040 1741 1113 (Rom.
1786 1038 1864 1111 v).
1904 1037 1981 1093 De

384 1167 489 1220 qua
537 1149 683 1204 idem
706 1147 824 1215 ipse
865 1142 995 1199 dicit
1029 1139 1217 1210 gratia:
1252 1135 1608 1208 praedicator:
1640 1129 1982 1186 Commendat

384 1252 559 1295 autem
598 1253 751 1295 suam
773 1235 1084 1290 charitatem
1119 1230 1261 1285 Deus
1290 1229 1345 1282 in
1371 1226 1541 1292 nobis,
1582 1223 1831 1295 quoniam
1861 1237 1978 1275 cum

384 1332 557 1386 adhuc
605 1339 902 1401 peccatores
939 1339 1200 1389 essemus,
1244 1320 1485 1375 Christus
1522 1334 1618 1389 pro
1659 1315 1805 1370 nobis
1842 1332 1984 1369 mor-

383 1431 504 1474 tuus
534 1428 629 1474 est.
666 1415 920 1486 Oportuit
942 1422 1005 1469 et
1034 1413 1123 1468 illa
1155 1427 1265 1467 non
1293 1410 1564 1475 omittere,
1605 1407 1660 1462 id
1690 1415 1791 1471 est,
1834 1406 1980 1461 elec-

387 1524 643 1581 mosynas
676 1507 949 1562 fructuum
983 1512 1344 1559 terrenorum.
1387 1499 1503 1555 Non
1526 1514 1656 1568 ergo
1683 1512 1742 1553 se
1772 1497 1978 1564 fallant,

2082 495 2199 550 dari
2229 494 2520 551 desiderat.
2579 492 2691 548 Hoc
2714 502 2902 548 contra
2934 491 3278 556 Manichacus,
3313 492 3404 560 qui
3435 491 3674 547 animam

2083 592 2294 639 tantum
2323 598 2354 637 a
2385 582 2514 647 Dco,
2567 598 2782 637 carnem
2814 598 2941 637 vero
2967 590 3159 652 putant
3200 600 3231 635 a
3278 582 3495 637 diabolo
3522 598 3675 638 crea-

2083 682 2212 728 tam.
2251 672 2365 727 iloc
2391 681 2580 728 contra
2604 671 2746 736 illos,
2773 672 2864 741 qui
2891 671 3191 742 corporalia
3222 682 3468 742 peccata,
3508 671 3679 729 forni-

2080 766 2352 821 cationem
2378 761 2651 829 videlicet,
2680 762 3100 827 immunditiam,
3131 762 3429 825 libidinem,
3450 762 3651 819 furtum

2058 855 2353 924 'rapinam,
2388 863 2444 909 et
2472 862 2668 909 caetera
2699 852 2823 907 talia
2848 853 3002 923 quasi
3044 852 3364 922 gravissima
3394 853 3673 909 detestan-

2083 963 2192 1019 tur,
2220 950 2489 1023 spiritalia
2510 964 2661 1015 vero,
2690 964 2811 1019 qua:
2845 963 2954 1003 non
2982 948 3162 1004 minus
3189 947 3418 1003 damnat
3444 949 3675 1018 Aposto—
3692 970 3705 983 -

2082 1044 2186 1110 lus,
2243 1044 2348 1100 hoc
2376 1051 2482 1108 est,
2524 1040 2978 1104 amaritudinem,
3027 1039 3189 1104 iram,
3222 1039 3674 1110 indignationem,

2081 1135 2395 1199 clamorem,
2426 1132 2841 1203 blasphemiam,
2882 1131 3188 1201 superbiam
3215 1170 3229 1195 ,
3276 1140 3335 1187 et
3366 1130 3675 1206 avaritiam,

2081 1242 2204 1297 quae
2227 1226 2496 1282 idolorum
2523 1232 2609 1280 est
2637 1224 2893 1288 servitus,
2940 1231 3001 1278 ut
3020 1223 3160 1276 levia
3189 1228 3564 1278 contemnunt.

2167 1315 2255 1372 Vte
2280 1318 2442 1383 vobis,
2472 1314 2658 1371 scriba:
2683 1325 2732 1369 et
2756 1312 3017 1370 Pharisaai
3038 1314 3345 1385 hypocrita’,
3374 1314 3498 1384 quia
3525 1313 3678 1366 simi-

2081 1408 2157 1463 les
2184 1409 2308 1463 estis
2326 1407 2580 1478 sepulcris
2605 1404 2886 1471 dealbatis,
2933 1421 3052 1476 qua:
3075 1422 3107 1458 a
3141 1404 3274 1475 foris
3303 1413 3481 1475 patent
3509 1404 3681 1458 homi-

2083 1499 2238 1555 nibus
2262 1498 2519 1570 speciosa,
2549 1497 2689 1552 intus
2716 1512 2832 1551 vero
2856 1494 3010 1567 plena
3034 1505 3154 1549 sunt
3195 1495 3398 1549 ossibus
3445 1503 3682 1547 mortuo—

384 1599 476 1668 qui
502 1612 599 1669 per
637 1596 1004 1667 cleemosynas
1030 1591 1302 1664 quaslibet
1348 1590 1682 1661 largissimas
1709 1586 1983 1645 fructuum
2085 1607 2226 1658 rum,
2248 1602 2298 1646 et
2332 1589 2474 1644 omni
2497 1589 2773 1660 spurcitia.
2821 1584 2910 1641 Sic
2940 1596 2988 1641 et
3016 1602 3102 1640 vos
3142 1602 3175 1637 a
3199 1585 3330 1654 foris
3354 1584 3563 1654 quidem
3581 1601 3680 1654 pa—

385 1705 634 1754 suorum,
677 1685 937 1755 cujusque
991 1683 1233 1753 pecuniae
1270 1681 1644 1751 impunitatem
1693 1695 1753 1736 se
1798 1694 1983 1734 emere
2085 1686 2209 1740 retis
2244 1683 2541 1740 hominibus
2560 1682 2716 1752 justi,
2739 1681 2881 1736 intus
2905 1689 3081 1735 autem
3106 1678 3245 1749 pleni
3268 1678 3393 1732 estis
3418 1676 3682 1747 hypocrisi

383 1781 697 1833 existimant
733 1780 785 1830 in
816 1777 1112 1832 facinorum
1144 1775 1483 1830 immanitate
1504 1814 1519 1840 ,
1560 1789 1624 1829 ac
1654 1771 1980 1844 ﬂagitiorum
2008 1763 2056 1824 B
2082 1787 2132 1831 et
2162 1777 2454 1846 iniquitate.
2500 1773 2774 1843 Sepulcris
2799 1786 3018 1843 quoque
3055 1785 3152 1827 eos
3174 1768 3531 1840 comparavit,
3558 1783 3681 1838 qum

388 1866 626 1937 nequitia
655 1864 1026 1935 permanendi.

462 1956 628 2009 Duces
653 1954 778 2023 caci
800 1950 1095 2007 excolantes
1122 1949 1361 2015 culicem,
1389 1950 1647 2005 camelum
1666 1960 1841 2006 autem
1863 1949 1982 2022 glu-

386 2050 589 2102 ticntes.
637 2044 912 2101 Camelum
942 2050 1072 2112 puto
1098 2056 1218 2096 esse
1238 2039 1395 2109 juxta
1448 2057 1669 2097 sensum
1698 2041 1983 2111 prtesentis

391 2139 489 2193 loci
515 2146 572 2191 et
593 2133 1017 2207 magnitudinem
1048 2140 1462 2203 praeceptorum,
1492 2130 1778 2201 judicium,
1809 2140 1863 2187 et
1888 2132 1984 2187 mi-

390 2225 777 2292 sericordiam,
849 2232 905 2279 et
961 2223 1163 2289 ﬁdem;
1235 2222 1461 2279 culicem
1514 2232 1695 2278 autem
1744 2222 1982 2279 decimas

389 2329 604 2387 mentae,
655 2327 713 2374 et
737 2317 916 2384 aneti,
971 2325 1026 2371 et
1059 2316 1281 2387 cymini,
1320 2325 1377 2371 et
1431 2315 1759 2386 reliquorum
1794 2314 1981 2371 vilium

388 2414 620 2469 olerum.
670 2409 794 2465 Haac
837 2416 1027 2465 contra
1054 2416 1321 2479 praecepta
1360 2407 1475 2472 Dei,
1501 2422 1620 2477 qua:
1656 2406 1815 2478 digna
1856 2413 1984 2462 sunt

388 2504 712 2558 devoramus
761 2508 924 2570 atque
954 2498 1292 2570 negligimus,
1341 2509 1396 2554 et
1424 2499 1677 2570 Opinione
1707 2499 1982 2571 religionis

391 2598 443 2649 in
470 2593 650 2664 parvis
671 2606 791 2663 quae
818 2588 1028 2646 lucrum
1056 2590 1256 2645 habent
1287 2589 1618 2662 diligentiam
1642 2589 1981 2645 demonstra-

389 2696 529 2736 ntus.
559 2678 742 2754 (.4ug.)
791 2678 1025 2734 Possunt
1075 2686 1253 2742 tamen
1282 2679 1396 2734 lucc
1436 2694 1531 2749 per
1573 2678 1883 2750 allegoriam
1913 2678 1982 2734 ad

385 2774 601 2829 Judtcos
630 2770 839 2828 referri.
873 2770 1008 2839 Quia
1031 2770 1353 2827 dimiserunt
1389 2769 1712 2838 Barrabam,
1746 2770 1839 2843 qui
1874 2785 1981 2826 non

386 2866 615 2922 solverat
643 2865 960 2929 sabbatum,
990 2863 1135 2935 quod
1163 2877 1358 2934 magna
1383 2863 1662 2935 diligentia
1689 2862 1984 2919 carnaliter

385 2959 767 3023 observabant,
787 2942 1103 3013 occiderunt
1130 2965 1314 3011 autem
1342 2955 1629 3010 Dominum
1659 2954 1979 3026 spiritaliter

387 3049 674 3103 sabbatum
716 3046 1100 3114 insinuantem,
1142 3044 1545 3117 perjudicium,
1571 3054 1627 3101 et
1670 3044 1982 3101 misericor-

2082 1863 2321 1919 ltumano
2347 1877 2514 1933 opere
2538 1861 2795 1932 cultuque
2822 1860 3181 1931 splendentia,
3214 1866 3557 1915 mortuorum
3585 1872 3677 1913 os-

2081 1948 2235 2008 sibus
2257 1958 2315 2006 et
2331 1951 2661 2006 cadaverum
2688 1949 3044 2005 immunditiis
3067 1949 3298 2004 interius
3321 1949 3677 2023 sordescant;

2081 2040 2376 2113 praeferant
2399 2041 2609 2098 scilicet
2638 2042 2887 2097 inanibus
2910 2041 3093 2097 verbis
3111 2039 3338 2108 justitite
3358 2039 3678 2113 speciosita-

2083 2140 2226 2199 tem,
2255 2131 2490 2187 habeant
2512 2145 2641 2187 vero
2684 2131 2826 2185 intra
2854 2118 3275 2186 secoriscicntia:
3307 2143 3423 2185 suae
3451 2128 3677 2182 mentis-

2082 2238 2189 2294 que
2212 2222 2459 2281 fetorem.
2503 2222 2641 2278 liinc
2679 2222 2809 2278 illud
2854 2222 2998 2293 quod
3024 2222 3079 2277 in
3109 2221 3278 2276 calice
3304 2228 3359 2276 et
3395 2220 3681 2291 paropside

2081 2329 2245 2386 supra
2274 2314 2701 2379 demonstrabat,
2740 2328 2807 2367 eo
2845 2313 2989 2383 quod
3018 2311 3156 2368 foris
3196 2312 3291 2367 loti
3319 2322 3504 2368 essent
3527 2321 3579 2367 et
3601 2314 3683 2365 in-

2082 2404 2352 2460 trinsecus
2375 2403 2597 2471 sordidi,
2632 2403 2734 2458 hoc
2760 2419 2903 2459 nunc
2941 2418 3039 2474 per
3062 2402 3370 2475 exemplum
3406 2416 3682 2473 seputcro-

2083 2509 2202 2550 rum
2227 2494 2484 2564 replicat;
2512 2495 2655 2565 quod
2679 2495 2950 2564 quomodo
2980 2493 3226 2564 sepulcra
3255 2493 3553 2550 forinsecus
3579 2493 3682 2548 lita

2081 2594 2209 2644 sunt
2238 2588 2405 2655 calce,
2425 2596 2485 2644 et
2508 2596 2700 2643 ornata
2729 2588 3107 2652 marmoribus,
3147 2594 3202 2642 ct
3227 2602 3363 2641 auro
3382 2586 3684 2642 coloribus-

2083 2692 2190 2748 que
2221 2674 2495 2745 distincta,
2542 2678 2708 2758 intus.
2734 2686 2919 2734 autem
2943 2677 3102 2749 plena
3129 2688 3259 2734 sunt
3290 2678 3505 2734 ossibus
3531 2694 3682 2732 mor-

2086 2779 2335 2828 tuorum:
2363 2772 2446 2827 sic
2466 2779 2538 2844 et
2565 2772 2807 2843 perversi
2847 2772 3114 2841 magistri,
3146 2772 3274 2842 quia
3324 2771 3432 2826 alia
3460 2772 3679 2833 dacem,

2083 2872 2140 2918 et
2163 2863 2266 2917 alia
2292 2861 2515 2928 faciunt,
2541 2862 2858 2918 munditiam
2882 2862 3065 2919 habitu
3091 2862 3279 2927 vestis,
3307 2871 3366 2918 et
3388 2862 3680 2918 verborum

2084 2951 2387 3007 humilitate
2421 2952 2898 3017 demonstrarent,
2954 2951 3100 3007 intus
3129 2960 3310 3006 autem
3356 2951 3501 3022 pleni
3553 2960 3684 3007 sunt

2082 3042 2231 3098 omni
2260 3043 2545 3113 spurcitia,
2566 3051 2622 3099 et
2650 3043 2900 3110 avaritia,
2932 3051 2988 3098 et
3014 3042 3256 3099 libidine.
3288 3042 3534 3112 Denique
3565 3058 3680 3097 ma-

388 3141 557 3204 diam,
585 3148 641 3194 ct
671 3138 853 3204 ﬁdem,
875 3155 996 3210 qua:
1024 3139 1099 3194 illi
1126 3113 1362 3194 maxime
1381 3140 1818 3196 contemnebant.
1845 3136 1981 3192 Nam
2008 3113 2054 3177 (εἶ
2087 3130 2345 3189 ηἰΐθδιίιιε
2367 3133 2473 3190 hoc
2504 3134 2677 3204 ipsum
2706 3133 2963 3203 exprimit
2988 3131 3228 3189 inferens
3254 3135 3367 3191 sic.
3416 3132 3488 3188 Et
3517 3148 3620 3188 vos
3647 3147 3679 3187 a

387 3230 663 3285 ctculicis
710 3229 930 3285 nomine
959 3244 1067 3283 non
1118 3230 1354 3286 absurde
1406 3229 1666 3302 ﬁguratur
1691 3229 1984 3286 seditiosus

390 3322 684 3388 homicida,
719 3321 846 3392 quia
882 3320 986 3375 hoc
1014 3320 1212 3375 animal
1233 3361 1248 3385 ,
1295 3329 1350 3376 et
1386 3320 1675 3391 strependo
1697 3320 1983 3389 inquietat,

390 3420 446 3465 ct
475 3411 738 3482 sanguine
767 3410 1110 3475 delectatur;
1156 3420 1212 3466 et
1251 3410 1443 3466 cameli
1498 3411 1716 3466 nomine
1764 3420 1985 3481 propter

395 3500 768 3555 bumiliantem
819 3514 879 3555 se
919 3499 989 3553 ad
1017 3501 1295 3555 subeunda
1331 3514 1499 3556 onera
1537 3500 1981 3571 magnitudinem,

392 3600 757 3663 congruenter
783 3591 1104 3662 intelligitur
1128 3590 1408 3646 Dominus.

475 3681 563 3736 γω
589 3682 750 3748 vobis,
781 3681 965 3736 scriba:
993 3690 1040 3736 et
1070 3677 1335 3736 Pharisa'i
1361 3682 1666 3753 hypocrita,
1698 3681 1788 3752 qui
1833 3697 1987 3736 mun-

391 3772 553 3837 datis,
583 3770 723 3842 quod
771 3770 837 3825 de
865 3770 996 3841 foris
1026 3780 1102 3826 est
1130 3772 1308 3826 calicis
1337 3789 1355 3838 ,'
1401 3781 1448 3826 et
1490 3772 1816 3843 paropsidis,
1845 3773 1986 3828 intus

390 3872 567 3916 autem
584 3861 725 3933 pleni
749 3862 871 3917 estis
902 3862 1087 3933 rapina
1115 3871 1163 3916 et
1191 3861 1523 3917 inmunditia
1547 3862 1572 3916 9
1605 3862 1844 3919 Diversis
1860 3878 1985 3918 ver-

393 3951 477 4007 bis
506 3951 696 4007 eodem
721 3966 830 4024 quo
851 3967 1011 4023 supra
1042 3967 1206 4007 sensu
1233 3951 1412 4023 arguit
1434 3950 1738 4008 Pharismos
1767 3952 1987 4009 simula-

398 4042 561 4097 tionis
586 4049 748 4111 atque
772 4041 1069 4108 mendacii,
1095 4041 1240 4113 quod
1267 4041 1410 4097 aliud
1437 4042 1726 4098 ostendant
1756 4043 1986 4099 homini-

395 4133 494 4186 bus
526 4131 696 4198 foris,
740 4132 882 4188 aliud
928 4133 1071 4188 domi
1121 4140 1303 4205 agant.
1350 4132 1468 4188 Non
1517 4133 1659 4204 quod
1717 4134 1772 4189 in
1819 4135 1987 4192 calice

393 4240 580 4278 eorum
616 4232 670 4279 et
694 4224 980 4295 paropside
1010 4224 1322 4294 superstitio
1354 4233 1674 4293 moraretur,
1715 4224 1808 4281 sed
1842 4226 1986 4298 quod

396 4315 704 4372 hominibus
741 4315 1089 4370 ostenderent
1117 4315 1458 4371 sanctitatem
1482 4316 1537 4371 in
1565 4317 1774 4384 habitu,
1798 4318 1851 4372 in
1873 4333 1987 4374 ser-

394 4424 573 4474 mone,
607 4408 659 4463 in
690 4408 1060 4480 pbylactcriis,
1092 4409 1144 4463 in
1174 4408 1421 4475 ﬁmbriis,
1453 4409 1508 4466 in
1540 4410 1847 4465 orationum
1870 4410 1987 4466 lon-

2087 3222 2220 3280 foris
2247 3223 2464 3299 quidem
2486 3225 2697 3294 paretis
2741 3225 3049 3285 hominibus
3078 3223 3214 3295 justi
3240 3266 3256 3292 ,
3302 3225 3452 3281 intus
3495 3233 3682 3281 autem

2084 3316 2227 3389 pleni
2256 3316 2388 3372 estis
2418 3317 2691 3388 hypocrisi
2721 3326 2777 3372 ct
2800 3318 3103 3387 iniquitate.

2170 3405 2260 3462 Vae
2286 3407 2448 3474 vobis,
2478 3407 2663 3464 scriba:
2687 3419 2735 3463 et
2776 3408 3035 3464 Phamtri
3055 3408 3364 3482 hypocrita,
3394 3411 3522 3480 quin
3550 3410 3679 3465 cedi.

2084 3497 2258 3567 ﬁcatis
2295 3496 2536 3568 sepulcra
2571 3494 2942 3569 prophetarum
2962 3539 2978 3565 ,
3022 3509 3072 3554 et
3108 3500 3309 3554 ornatis
3341 3510 3679 3554 monumenta

2078 3587 2371 3659 justorum,
2411 3598 2459 3644 et
2489 3589 2663 3644 dicitis
2694 3606 2712 3643 :
2742 3588 2806 3645 Si
2847 3589 3129 3659 fuissemus
3159 3590 3215 3644 in
3258 3590 3441 3644 diebus
3464 3600 3679 3659 patrum

2084 3689 2408 3745 nostrorum,
2442 3696 2546 3735 non
2572 3696 2801 3736 essemus
2822 3681 2952 3735 socii
2973 3697 3151 3735 eorum
3176 3681 3231 3734 in
3261 3683 3514 3751 sanguine
3546 3696 3679 3750 pro-

2083 3770 2381 3840 phetarum.
2411 3768 2600 3842 Itaque
2648 3754 2941 3825 testimonio
2987 3771 3108 3825 estis
3149 3770 3525 3838 nobismetipsis
3551 3771 3682 3839 quia

2084 3859 2185 3930 ﬁlii
2204 3861 2329 3916 estis
2369 3877 2549 3915 eorum
2576 3862 2667 3933 qui
2688 3862 2966 3933 prophetas
3004 3862 3323 3916 occiderunt.
3363 3861 3685 3917 Prudentis-

2086 3950 2226 4007 simo
2255 3951 2565 4023 syllogismo
2611 3952 2793 4023 arguit
2816 3968 2911 4008 eos
2936 3951 3077 4008 ﬁlios
3100 3967 3221 4009 esse
3252 3952 3681 4019 homicidarum,

2087 4042 2214 4099 dum
2260 4043 2361 4114 ipsi
2393 4045 2649 4114 opinione
2678 4045 2938 4101 bonitatis
2969 4053 3026 4101 et
3050 4045 3237 4118 glorias
3276 4046 3331 4101 in
3370 4045 3572 4117 populo
3597 4061 3686 4101 se.

2085 4134 2271 4207 pulcra
2316 4136 2587 4192 aediﬁcant
2614 4137 2999 4208 prophetarum
3016 4179 3033 4205 ,
3064 4152 3200 4208 quos
3226 4136 3463 4207 majores
3490 4152 3684 4192 eorum

2087 4227 2474 4285 interfecerunt
2493 4237 2552 4285 et
2573 4229 2790 4285 dicunt:
2813 4228 2874 4285 Si
2901 4229 3192 4286 fuissemus
3217 4230 3273 4285 in
3297 4230 3389 4287 illo
3413 4240 3682 4302 tempore,

2087 4333 2196 4374 non
2223 4317 2543 4377 fecissemus
2576 4336 2642 4377 ea
2669 4337 2790 4393 qua:
2830 4321 3076 4378 fecerunt
3120 4334 3305 4394 patres
3331 4325 3526 4380 nostri.
3564 4324 3684 4380 Hoc

2087 4407 2303 4464 etiamsi
2332 4424 2585 4467 sermone
2608 4427 2714 4467 non
2744 4411 2954 4477 dicunt,
2985 4427 3149 4482 opere
3178 4412 3497 4483 loquuntur,
3519 4427 3589 4468 ex
3616 4430 3685 4468 eo

394 4501 653 4571 gitudine,
684 4475 739 4555 et
765 4475 818 4553 in
844 4501 1053 4556 caeteris
1091 4501 1419 4565 istiusmodi,
1451 4501 1776 4559 intrinsecus
1797 4512 1980 4559 autem
2010 4475 2063 4535 Ῑ)
2088 4501 2234 4571 quod
2278 4500 2567 4559 ambitiose
2618 4510 2674 4558 et
2723 4475 3331 4569 magnifice-aedificant
3383 4475 3686 4560 memorias

393 4598 577 4646 essent
604 4591 854 4645 vitiorum
890 4592 1139 4648 sordibus
1175 4592 1339 4664 pleni.
1372 4592 1567 4649 Calicis
1593 4609 1826 4665 namque
1854 4609 1983 4653 usus

396 4682 621 4737 interior
647 4691 750 4747 est,
787 4682 948 4752 quisi
987 4683 1347 4749 obsorduerit,
1379 4683 1509 4753 quid
1548 4684 1795 4754 proﬁciet
1840 4687 1982 4745 lotus

394 4770 679 4826 exterius?
717 4769 943 4841 (Hilar.)
974 4772 1149 4842 Atque
1192 4771 1311 4826 ideo
1332 4772 1612 4830 interioris
1639 4777 1982 4833 conscientiae

395 4863 541 4919 nitor
568 4870 649 4921 est
669 4863 1022 4929 obtinendas,
1055 4874 1114 4918 ut
1147 4878 1210 4918 ea
1246 4878 1365 4935 qua:
1391 4866 1633 4934 corporis
1661 4876 1788 4922 sunt
1815 4867 1980 4923 forin-

393 4971 552 5012 secus
581 4956 864 5011 laventur?

469 5044 738 5102 Pharisa’e
765 5062 918 5112 ca'ce,
946 5047 1145 5101 munda
1183 5050 1328 5118 prius
1356 5049 1496 5120 quod
1528 5055 1669 5108 intus
1696 5060 1771 5105 est
1799 5051 1978 5107 salicis

392 5152 440 5196 et
479 5139 794 5212 paropsidis,
825 5148 883 5193 ut
924 5140 1019 5209 fiat
1056 5149 1102 5195 et
1128 5139 1182 5195 id
1211 5141 1350 5212 quod
1378 5140 1573 5212 deforis
1598 5153 1672 5197 est
1701 5143 1975 5198 mundum.

395 5233 508 5290 Hoc
526 5242 629 5298 est,
661 5232 860 5287 munda
884 5232 1033 5302 prius
1072 5247 1166 5287 cor
1193 5240 1249 5287 ct
1267 5233 1649 5288 conscientiam
1671 5248 1701 5286 a
1724 5234 1979 5303 concupi-

393 5325 677 5380 scentia-et
703 5323 888 5395 pravis
917 5324 1221 5388 desideriis,
1250 5339 1279 5378 a
1312 5324 1498 5381 fraude
1539 5334 1595 5380 et
1637 5325 1780 5392 dolo,
1814 5334 1870 5382 et
1898 5327 1978 5382 sic

394 5413 526 5468 foris
554 5430 649 5485 per
679 5429 840 5485 opera
873 5415 1124 5469 ostendes
1162 5414 1425 5469 veraciter
1451 5416 1813 5470 sanctitatem.
1867 5414 1980 5472 No-

396 5500 616 5557 tandum
657 5512 833 5558 autem
865 5504 1006 5572 quod
1043 5504 1181 5574 apud
1214 5503 1413 5559 Lucam
1460 5504 1533 5559 ita
1566 5505 1823 5575 scriptum
1853 5513 1976 5562 est:

397 5587 579 5649 Stulti.
622 5608 792 5646 nonne
841 5592 931 5650 qui
975 5592 1094 5661 fecit
1144 5593 1282 5662 quod
1334 5592 1530 5663 deforis
1571 5603 1670 5656 est,
1714 5596 1872 5648 etiam
1922 5596 1978 5649 id

390 5677 531 5741 quod
571 5679 708 5732 intus
740 5690 813 5733 est
844 5680 1011 5750 fecit?
1052 5679 1201 5750 (an.
1239 5683 1341 5750 XI.)
1398 5681 1580 5755 [Ihm]
1622 5682 1745 5749 Qui,
1778 5683 1973 5754 inquit,

2088 4589 2414 4657 occisorum,
2444 4606 2580 4662 quos
2605 4606 2636 4646 a
2671 4591 2917 4662 patribus
2939 4593 3051 4649 suis
3094 4591 3370 4665 jugulatos
3408 4608 3529 4650 esse
3568 4610 3681 4650 non

2090 4690 2305 4754 negant.
2332 4682 2558 4755 (ΜΑυιι.)
2596 4680 2712 4739 Non
2737 4686 2883 4741 enim
2912 4694 3131 4757 propter
3158 4702 3400 4744 amorem
3429 4687 3684 4742 veritatis

2088 4782 2145 4830 et
2174 4773 2393 4845 pietatis
2417 4772 2521 4829 hoc
2540 4772 2812 4830 fecerunt:
2863 4775 2959 4831 sed
2997 4784 3215 4845 pr0pter
3247 4774 3492 4835 favorem
3521 4792 3683 4831 vanas

2087 4864 2261 4921 laudis
2311 4865 2608 4937 hypocrita:
2657 4865 2840 4921 omnia
2891 4864 3157 4921 fallaciter
3198 4864 3491 4923 faciebant.
3537 4864 3680 4937 (νε-

2090 4956 2260 5029 nant.)
2292 4956 2368 5012 Ac
2391 4956 2512 5012 ideo
2538 4972 2645 5012 non
2671 4965 3018 5012 monumenta
3040 4958 3427 5028 prophetarum
3455 4972 3676 5021 ornare,

2087 5048 2180 5103 sed
2210 5046 2587 5103 interfectores
2620 5047 3008 5118 prephetarum
3052 5047 3269 5110 imitari,
3298 5046 3520 5103 sceleris
3567 5054 3676 5101 est.

2085 5135 2255 5193 Judaei
2279 5152 2407 5208 ergo
2432 5138 2813 5208 prophetarum
2839 5146 3184 5193 monumenta
3209 5137 3547 5203 tethﬁcando,
3571 5153 3676 5207 pa-

2088 5235 2232 5283 trum
2266 5242 2484 5283 suorum
2523 5227 2662 5283 facta
2699 5227 2791 5298 qui
2845 5228 2945 5284 bos
2979 5228 3296 5284 occiderunt
3348 5229 3673 5300 arguebant.

2090 5317 2198 5374 Sed
2245 5328 2470 5388 paterna
2518 5317 2761 5375 facinora
2811 5319 3151 5385 aemulando,
3207 5320 3336 5376 dum
3394 5320 3676 5375 Christum

2088 5407 2467 5480 apostolosque
2495 5409 2637 5464 illius
2664 5409 3051 5479 insequuntur,
3096 5411 3151 5465 in
3201 5410 3411 5482 seipsos
3453 5420 3677 5466 semen-

2086 5498 2217 5554 tiam
2240 5501 2645 5569 retorquebant,
2663 5500 2851 5556 eadem
2877 5499 3125 5557 videlicet
3145 5500 3245 5570 ipsi
3267 5516 3389 5572 qua:
3411 5500 3464 5555 in
3480 5513 3676 5571 paren-

2086 5591 2231 5647 tibus
2272 5593 2600 5648 damnabaut
2650 5601 2893 5664 agentes.
2950 5593 3289 5649 Situulabant
3336 5594 3552 5665 quidem
3607 5607 3674 5646 se

2084 5683 2155 5738 ob
2177 5682 2419 5738 favorem
2439 5683 2578 5752 vulgi
2606 5683 2929 5754 captandum
2957 5694 3167 5754 patrum
3188 5700 3413 5742 suorum
3448 5686 3673 5740 horrere
