3998 6188
402 308 552 366 5075

1058 304 1122 363 Β.
1161 303 1420 362 ιυωειιιι
1457 302 1682 361 metu
1720 260 1985 358 Ancum

2093 297 2397 356 MOGUNT.
2441 296 2737 356 OPEKUH
2766 297 2949 356 PARS
2985 298 3028 354 Ῐ.

3529 301 3658 361 1076

356 485 365 495 ,
395 421 601 480 Juiada
644 420 943 481 sacerdotis
973 440 987 474 :
1025 419 1166 477 unde
1193 427 1250 475 et
1282 416 1564 491 Scriptura
1608 416 1775 473 refert
1805 432 1820 469 :
1855 412 1979 468 Non
2005 416 2059 476 Α
2083 410 2490 469 Deuteronomii
2535 409 2764 481 legimus
2815 408 2975 465 aliam
3033 407 3479 477 similitudinem,
3531 414 3668 473 sicut

397 512 497 583 fuit
524 510 823 567 recordatus
849 508 981 565 Joas
1008 512 1174 582 patris
1213 508 1328 579 ejus
1353 506 1584 582 locide,
1610 523 1729 578 qua:
1768 503 1869 561 sibi
1900 505 1987 575 fe-

395 604 547 658 cisset
568 602 709 657 bona
730 600 818 676 (II
849 601 1033 657 Paral.
1062 600 1235 672 xxxv).
1259 600 1395 658 Cum
1424 616 1554 672 ergo
1578 609 1633 658 et
1661 598 1981 656 Zachariam

398 702 681 750 teneamus
704 733 720 760 ,
757 702 814 751 et
847 692 1141 751 occisionis
1186 693 1493 751 consentiat
1548 691 1700 748 locus
1724 730 1740 756 ,
1783 689 1994 760 quaeri-

395 801 519 842 mus
558 800 724 856 quare
759 784 1037 842 Barachias
1084 786 1281 841 dicitur
1317 785 1489 851 ﬁlius,
1512 792 1568 840 et
1607 799 1714 839 non
1759 780 1978 838 Joiadte.

396 880 661 937 Barachia
704 880 758 936 in
803 880 983 952 lingua
1029 888 1217 936 nostra
1266 880 1564 935 benedictus
1591 879 1804 933 Domini
1844 877 1980 933 dici-

397 981 516 1040 tur;
545 980 603 1030 et
643 973 940 1030 sacerdotis
983 971 1187 1029 Ioiada:
1219 973 1442 1043 justitia
1485 971 1714 1027 lleme
1765 970 1983 1024 nomine

397 1063 815 1120 demonstratur.
861 1064 920 1120 in
971 1064 1264 1137 Evangelia
1308 1080 1415 1134 quo
1458 1072 1685 1119 utuntur
1715 1061 1981 1117 Nazareni

396 1168 496 1223 pro
542 1152 654 1210 ﬁlio
679 1153 971 1219 .Baracbia:
1019 1153 1186 1208 ﬁlium
1230 1151 1434 1209 loiadze
1479 1152 1741 1222 scriptum
1782 1149 1985 1221 reperi-

398 1258 540 1299 mus.
575 1243 941 1315 Simpliciores
983 1242 1183 1298 fratres
1217 1243 1361 1298 inter
1398 1242 1586 1298 ruinas
1614 1240 1795 1311 templi
1822 1248 1877 1295 et
1907 1239 1984 1294 at-

399 1336 568 1402 taris,
618 1336 731 1391 sive
756 1335 809 1390 in
847 1343 1129 1405 portarum
1165 1333 1432 1398 exitibus,
1484 1347 1605 1403 qua":
1647 1330 1851 1387 Siloam
1888 1328 1983 1384 du-

400 1435 526 1481 cunt
551 1465 568 1492 ,
609 1425 769 1481 rubra
818 1440 945 1481 saxa
986 1432 1369 1491 monstrantes,
1405 1422 1684 1479 Zacharias
1721 1419 1984 1492 sanguine

396 1525 591 1587 putant
620 1531 741 1574 esse
767 1518 993 1590 polluta.
1021 1515 1135 1573 Sed
1157 1532 1256 1574 nos
1297 1532 1405 1573 non
1433 1516 1856 1574 condemnamus
1898 1528 1984 1568 er—

402 1623 610 1672 rorem,
662 1609 753 1679 qui
783 1610 849 1665 de
883 1609 1009 1665 odio
1037 1606 1366 1674 Judazorum,
1393 1618 1448 1664 et
1486 1606 1608 1663 ﬁdei
1643 1607 1841 1676 pietate
1893 1607 1985 1659 dc-

399 1697 625 1756 scendit.

2084 501 2264 572 aquila
2311 512 2598 574 protegere
2663 500 2849 555 nidum
2902 515 3102 568 suum,
3167 509 3225 557 et
3284 516 3454 573 super
3500 504 3668 574 pullos

2083 609 2233 661 suos,
2272 608 2409 665 quos
2435 592 2764 649 desideravit
2799 592 3111 663 expandens
3147 593 3264 657 alas
3294 598 3535 667 suscepit
3556 614 3666 665 eos,

2082 693 2137 738 et
2177 681 2300 737 tulit
2332 697 2493 753 super
2542 696 2750 753 pennas
2790 697 2919 739 suas
2967 680 3164 755 (Deut.
3208 685 3419 757 χχχιι).
3459 685 3670 765 [ιω]

2083 772 2152 830 Ει
2190 771 2414 844 pulchre
2456 773 2549 843 qui
2595 771 2865 829 Herodem
2913 772 2982 829 de
3025 788 3125 829 sua
3169 789 3304 831 nece
3347 784 3673 837 tractantem

2082 868 2297 940 vulpem
2340 875 2656 934 vocaverat,
2685 867 2923 938 seipsum
2963 869 3050 922 avi
3089 878 3393 939 comparat.
3432 868 3673 927 Fraudu-

2082 960 2225 1015 lenta
2271 959 2417 1016 enim
2448 957 2637 1030 vulpes
2696 971 2912 1028 semper
2959 958 3185 1014 insidias
3234 959 3426 1015 avibus
3454 962 3673 1019 tendere

2084 1066 2189 1105 ιιοιι
2220 1065 2369 1106 C6858
2376 1060 2415 1105 ιι.

2154 1141 2289 1196 Ecce
2313 1140 2639 1213 relinquetur
2664 1140 2807 1196 vobis
2835 1140 3022 1194 domus
3065 1151 3237 1195 vestra
3267 1140 3496 1196 deserto.
3526 1142 3663 1215 (Ilie-

2084 1229 2223 1304 ron.)
2249 1229 2362 1286 Hoc
2391 1231 2568 1301 ipsum
2594 1245 2662 1285 ex
2690 1243 2923 1300 persona
2959 1227 3207 1284 Ieremia:
3232 1240 3360 1285 ante
3378 1230 3493 1300 jam
3522 1234 3671 1289 dise-

2085 1332 2168 1376 rat
2217 1336 2241 1375 τ’
2286 1320 2493 1393 Reliqui
2546 1337 2715 1375 meam
2759 1319 3012 1385 domum,
3069 1319 3250 1374 dimisi
3317 1321 3673 1377 hereditatem

2082 1429 2272 1477 meam,
2294 1412 2437 1483 facta
2461 1421 2536 1467 est
2561 1411 2692 1466 mihi
2722 1411 3004 1467 Itwreditas
3032 1428 3148 1466 mea
3173 1412 3324 1484 quasi
3345 1411 3425 1468 leo
3452 1416 3514 1469 in
3547 1415 3675 1470 silva

2085 1504 2301 1577 (Jerem.
2347 1502 2467 1575 xu).
2515 1503 2797 1559 Desertam
2844 1501 3155 1558 Iudaeorum
3207 1504 3448 1569 domum,
3478 1504 3536 1560 id
3568 1515 3668 1571 est,

2087 1596 2343 1674 templum
2370 1596 2517 1661 illud,
2550 1596 2693 1665 quod
2721 1604 2847 1650 ante
2892 1593 3129 1667 fulgebat
3165 1605 3456 1667 augustum
3483 1598 3672 1663 oculis,

2084 1688 2516 1757 comprobamus.
2550 1686 2687 1754 Quia
2714 1686 3079 1742 habitatorem
3109 1685 3383 1742 Christum
3421 1686 3673 1759 perdidit,

469 1788 633 1847 Amen
659 1786 776 1841 dico
807 1789 972 1854 vobis,
1004 1789 1203 1842 venient
1236 1788 1345 1841 Ita'c
1375 1787 1549 1841 omnia
1571 1802 1727 1854 super
1772 1799 1987 1854 genera—
2016 1778 2057 1837 Β
2085 1788 2139 1836 et
2158 1779 2527 1834 luereditatem
2556 1778 2847 1849 praeripere
2873 1778 3111 1850 gestiens
3149 1780 3349 1835 occidit
3384 1780 3673 1836 haeredem.

398 1879 592 1951 tionem
621 1877 796 1932 istam.
829 1876 1004 1947 Super
1028 1876 1174 1930 illam
1196 1876 1382 1944 utique
1406 1875 1828 1946 generationem,
1860 1887 1979 1941 qua).

400 1967 597 2029 merito
625 1982 737 2024 suae
761 1962 1054 2039 impietatis
1079 1967 1470 2023 condemnatur
1496 1979 1528 2018 a
1571 1963 1831 2027 Domino,
1860 1976 1981 2033 quae

400 2073 432 2112 a
455 2056 637 2131 primo
651 2056 929 2129 parricida
968 2072 1140 2128 usque
1185 2057 1251 2112 ad
1283 2055 1633 2112 novissimum
1667 2050 1987 2125 perditionis

400 2149 591 2217 illium,
631 2164 740 2207 non
785 2150 975 2222 utique
1027 2164 1192 2219 super
1234 2147 1637 2222 generationem
1686 2152 1979 2209 rectorum,

400 2256 521 2312 quae
542 2257 576 2298 ι
600 2239 830 2298 Domino
854 2240 1202 2297 benedicetur
1228 2236 1399 2312 (Psal.
1427 2235 1582 2309 χχιιι)
1602 2277 1618 2303 ,
1644 2251 1769 2307 qua:
1797 2247 1983 2289 ascen-

400 2332 493 2389 det
519 2331 572 2392 iu
603 2341 841 2387 montem
864 2329 1101 2395 Domini,
1131 2337 1186 2383 et
1214 2327 1380 2384 stabit
1426 2325 1481 2381 in
1512 2325 1628 2380 loco
1656 2332 1843 2380 sancto
1867 2322 1985 2392 ejus

401 2420 679 2492 generatio
711 2421 1069 2493 quaerentium
1114 2418 1443 2485 Dominum,
1464 2414 1855 2488 requirentium
1905 2410 1985 2467 ia-

403 2514 541 2569 eiem
573 2513 670 2569 Dei
692 2512 884 2569 Jacob.

474 2602 829 2669 Hierusalem,
865 2602 1228 2668 Hierusalem,
1256 2617 1373 2674 qua!
1398 2599 1591 2657 occidis
1617 2599 1914 2669 prophetas,
1938 2606 1984 2650 et

364 2693 615 2765 .lapidas
652 2710 739 2749 eos
783 2694 873 2766 qui
903 2693 973 2753 ad
1013 2701 1064 2748 te
1112 2692 1258 2749 missi
1301 2700 1441 2748 sunt.
1489 2690 1829 2746 Hierusalem
1880 2703 1985 2742 non

401 2799 533 2841 saxa
560 2791 616 2840 et
638 2781 863 2840 aediﬁcia
884 2781 1119 2841 civitatis
1143 2781 1237 2838 sed
1267 2781 1598 2838 habitatores
1628 2785 1801 2842 vocat,
1826 2792 1988 2848 quam

399 2873 572 2946 patris
611 2874 817 2948 plangit
841 2871 1061 2940 all'ectu,
1090 2874 1234 2930 sicut
1275 2880 1333 2928 et
1376 2872 1431 2927 in
1462 2871 1570 2927 alio
1595 2871 1711 2926 loco
1738 2868 1985 2940 legimus,

402 2968 546 3039 quod
567 2963 758 3025 videns
783 2982 906 3024 eam
932 2966 1142 3023 ﬂeverit
1164 2964 1317 3038 (Luc.
1349 2963 1483 3038 snt).

455 3056 689 3124 Quoties
717 3057 859 3113 uolui
888 3074 1200 3130 congregare
1219 3055 1357 3127 ﬁlios
1385 3065 1526 3121 tuos,
1549 3049 1989 3126 quemadmodum

2084 1870 2266 1944 (Aug)
2287 1870 2462 1943 ipsam
2490 1870 2763 1926 civitatem
2801 1886 2962 1941 quam
2988 1872 3283 1937 secundum
3313 1871 3479 1927 alium
3514 1888 3674 1927 evan-

2082 1962 2328 2035 gelistam
2372 1962 2559 2017 nidum
2588 1978 2748 2019 suum
2775 1971 3087 2027 vocaverat,
3118 1978 3261 2019 nunc
3310 1963 3535 2019 donmm
3580 1962 3669 2018 Ju-

2083 2053 2320 2109 dteorum
2351 2052 2602 2124 appellat.
2630 2052 2761 2121 Quae
2788 2067 2895 2109 non
2926 2053 3196 2108 immerito
3219 2052 3435 2108 Domini
3473 2053 3675 2107 auxilio

2083 2143 2301 2210 nudata,
2348 2159 2460 2200 suae
2514 2143 2707 2199 ditioni
2764 2143 3109 2215 relinquitur,
3163 2144 3291 2216 quia
3340 2159 3449 2199 non
3504 2146 3674 2200 solum

2084 2236 2200 2292 avis
2252 2236 2398 2291 illius
2425 2234 2832 2307 omnipotentis,
2874 2250 3038 2305 quam
3087 2234 3373 2290 Mattbreus
3421 2235 3671 2305 gallinam

2084 2339 2378 2401 nuncupat,
2401 2329 2505 2386 alis
2530 2329 2739 2401 protegi
2767 2330 3034 2400 despexit,
3050 2331 3145 2385 sed
3175 2339 3231 2385 et
3258 2330 3507 2385 eamdem
3527 2345 3674 2385 avem

2085 2435 2145 2474 se
2207 2428 2490 2491 protegere
2542 2418 2811 2475 volentem
2862 2418 3115 2490 vulpibus
3165 2418 3535 2475 devorandam
3562 2460 3579 2485 ,
3625 2420 3675 2475 id

2086 2522 2169 2568 est
2192 2512 2411 2578 Herodi,
2456 2521 2513 2569 et
2557 2512 2735 2568 Pilato
2786 2513 3214 2585 cruciﬁgendum
3252 2513 3479 2568 tradidit
3521 2512 3677 2568 Chri-

2085 2612 2251 2658 stum.
2300 2602 2414 2658 Nec
2458 2618 2608 2660 mora
2641 2602 2879 2674 vulpium
2923 2603 3270 2669 earumdem,
3304 2604 3407 2658 hoc
3452 2612 3556 2668 est,
3589 2618 3674 2658 re-

2086 2709 2213 2765 gum
2255 2702 2413 2749 terra:
2439 2702 2497 2750 et
2540 2694 2656 2765 ipsa
2698 2694 2885 2764 rapina
2936 2693 3245 2750 devoratur.
3293 2691 3489 2748 Occiso
3534 2691 3674 2749 enim

2088 2785 2315 2842 Domino
2353 2794 2619 2842 venerunt
2672 2784 2902 2841 Romani
2943 2793 2999 2841 et
3027 2785 3183 2856 quasi
3228 2786 3416 2841 nidum
3452 2800 3677 2839 vacuum

2088 2876 2405 2949 diripientes
2444 2875 2687 2933 tulerunt
2720 2892 2913 2934 eorum
2957 2875 3167 2942 locum,
3213 2886 3465 2949 gentem,
3513 2885 3574 2932 et
3599 2891 3680 2931 re-

2088 2981 2275 3039 gnum.

2161 3056 2292 3112 Dico
2321 3058 2457 3112 enim
2487 3058 2624 3112 vobis
2657 3072 2674 3109 :
2703 3057 2826 3111 Non
2867 3074 2947 3112 me
2992 3058 3227 3112 videbitis
3280 3058 3471 3112 amodo
3515 3061 3676 3111 donec

402 3122 603 3220 gallina
653 3148 824 3220 pullos
865 3122 1292 3227 suosvcongregat
1330 3147 1425 3203 sub
1456 3122 1594 3213 alas,
1644 3155 1692 3201 et
1729 3143 1988 3200 noluisti?
2013 3122 2059 3186 C
2090 3150 2278 3205 dicatis
2332 3164 2349 3202 .'
2400 3149 2713 3205 Benedictus
2753 3152 2844 3222 qui
2901 3152 3035 3205 venit
3082 3152 3137 3205 in
3182 3151 3392 3205 nomine
3439 3150 3673 3204 Domini.

402 3240 462 3298 In
493 3240 724 3305 eoenim
758 3242 901 3311 quod
950 3240 1081 3295 dicit
1120 3241 1380 3295 adversus
1414 3238 1635 3308 impiam
1686 3237 1985 3299 civitatem,

406 3332 622 3399 Quoties
661 3332 801 3388 volui
819 3348 1133 3403 congregare
1169 3330 1307 3400 ﬁlios
1334 3340 1450 3385 tuos
1479 3339 1526 3385 et
1555 3327 1809 3384 noluisti?
1831 3340 1988 3395 appa—

405 3440 527 3482 rere
549 3425 764 3483 videtur
790 3431 1045 3494 tanquam
1074 3422 1170 3477 Dei
1208 3421 1456 3476 voluntas
1497 3427 1748 3490 superata
1776 3418 1850 3474 sit
1891 3419 1990 3472 ho-

407 3517 614 3571 minum
645 3514 918 3573 voluntate
943 3553 965 3579 ,
1007 3523 1062 3570 et
1110 3511 1498 3581 inﬁrmissimis
1541 3510 1774 3567 nolendo
1818 3510 1990 3580 impe-

407 3607 704 3672 dientibus,
755 3621 861 3661 non
902 3605 1138 3677 potuerit
1182 3601 1361 3665 facere
1394 3602 1802 3674 potentissimus
1844 3601 1987 3672 quod

403 3698 639 3755 volebat.
668 3696 736 3752 Et
755 3696 849 3753 ubi
870 3705 954 3753 est
978 3694 1068 3752 illa
1096 3693 1505 3764 omnipotentia,
1534 3708 1653 3764 qua:
1683 3693 1739 3747 in
1782 3691 1909 3747 caelo
1939 3699 1988 3745 et

405 3791 620 3844 interra
656 3788 831 3843 omnia
876 3802 1197 3860 quacunque
1230 3784 1387 3839 voluit
1429 3783 1551 3854 fecit
1594 3779 1766 3857 (Psal.
1797 3782 1984 3851 cxxu),

406 3881 457 3936 si
493 3880 744 3950 colligere
779 3877 918 3939 ﬁlios
959 3875 1257 3934 Jerusalem
1285 3875 1475 3941 voluit,
1499 3884 1553 3930 et
1579 3890 1684 3930 non
1713 3873 1879 3928 fecit?
1904 3873 1986 3926 An

406 3971 585 4043 potius
616 3968 705 4024 illa
729 3966 870 4024 ﬁlios
898 3981 1024 4024 suos
1051 3966 1118 4021 ab
1166 3966 1282 4037 ipso
1328 3963 1503 4037 colligi
1533 3964 1738 4019 noluit?
1780 3961 1885 4017 Sed
1923 3978 1985 4016 ea

405 4077 621 4133 quoque
657 4060 875 4117 nolente
905 4059 1045 4114 ﬁlios
1068 4058 1183 4130 ejus
1211 4057 1425 4128 collegit
1450 4057 1565 4127 ipse
1610 4070 1745 4126 quos
1778 4055 1945 4110 voluit
1970 4072 1983 4108 :

406 4157 531 4227 quia
557 4153 609 4208 in
636 4152 774 4208 caelo
800 4159 858 4207 et
879 4151 933 4206 in
970 4159 1136 4215 terra,
1166 4165 1272 4204 nun
1323 4149 1565 4219 quasdam
1605 4147 1797 4212 voluit,
1827 4154 1876 4201 et
1910 4145 1987 4200 fe-

406 4247 502 4312 cit,
517 4246 762 4316 quaedam
788 4260 923 4303 vero
940 4243 1128 4308 voluit,
1151 4251 1206 4299 et
1230 4260 1338 4299 non
1366 4242 1511 4308 fecit,
1526 4242 1618 4297 sed
1632 4242 1685 4295 in
1708 4239 1833 4296 cmlo
1855 4250 1900 4294 et
1934 4240 1988 4294 in

406 4349 575 4405 terra,
602 4338 777 4397 omnia
812 4354 1133 4411 quacunque
1170 4335 1356 4401 voluit,
1398 4334 1538 4405 fecit.
1589 4331 1788 4403 (Hier.)
1837 4332 1988 4400 Quod

405 4439 589 4484 autem
634 4429 808 4487 dicit:
860 4425 1074 4494 Quoties
1101 4425 1239 4483 volui
1287 4440 1599 4496 congregare
1640 4422 1778 4492 ﬁlios
1830 4424 1988 4475 tuos?

409 4534 598 4576 omnes
637 4529 785 4576 retro
828 4520 1123 4590 prophetas
1154 4533 1184 4572 a
1232 4532 1291 4573 se
1332 4516 1529 4573 missos
1575 4529 1695 4570 esse
1732 4522 1980 4570 testatur.

408 4612 635 4669 Gallina:
676 4625 891 4682 quoque
940 4610 1345 4665 similitudinem
1411 4607 1563 4679 ponit
1611 4606 1986 4677 congregantis

409 4706 510 4763 sub
540 4705 653 4760 alas
702 4700 876 4774 pullos
900 4718 1047 4759 suos.
1092 4698 1274 4774 (.4ug.)
1325 4700 1437 4755 Hoc
1493 4714 1662 4770 genus
1699 4700 1988 4754 animantis

406 4808 661 4867 magnum
688 4791 939 4867 affectum
982 4790 1036 4846 in
1083 4788 1224 4845 ﬁlios
1264 4788 1447 4854 habet,
1481 4788 1555 4861 ita
1603 4797 1660 4844 ut
1691 4805 1878 4847 eorum
1909 4791 1987 4843 in-

407 4887 664 4944 ﬁrmitate
702 4883 915 4951 aﬁ‘ecta,
947 4892 1003 4939 et
1040 4882 1156 4954 ipsa
1198 4880 1537 4947 inﬁrmetur;
1568 4892 1623 4936 et
1653 4881 1815 4953 (quod
1849 4880 1987 4936 diﬁi—

406 4980 561 5037 cilius
580 4978 635 5035 in
660 4977 873 5036 caeteris
897 4968 1261 5037 animantibus
1284 4975 1552 5045 invenies)
1582 4973 1681 5030 alis
1713 4976 1825 5030 suis
1848 4974 1984 5029 ﬁlios

409 5084 717 5145 protegens,
758 5077 947 5137 contra
989 5069 1208 5125 milvum
1236 5078 1477 5141 pugnat:
1508 5069 1587 5124 sic
1616 5070 1780 5127 etiam
1815 5078 1986 5124 mater

406 5173 589 5219 nostra
631 5163 892 5235 sapientia
943 5160 1043 5217 Dei
1066 5176 1163 5231 per
1188 5161 1366 5219 carnis
1408 5161 1804 5230 susceptionem
1837 5159 1985 5214 inﬁr-

407 5263 553 5310 mata
596 5252 995 5325 quodammodo
1021 5250 1186 5324 (unde
1216 5249 1489 5322 apostolus
1516 5250 1645 5305 dicit
1674 5267 1687 5304 :
1725 5247 1880 5315 Quod
1907 5250 1987 5304 in-

405 5346 616 5415 ﬁrmum
660 5354 736 5400 est
782 5344 898 5408 Dei,
930 5343 1119 5413 fortius
1167 5350 1243 5396 est
1286 5340 1580 5396 hominibus
1611 5338 1674 5414 [I
1703 5337 1826 5395 Cor.
1859 5338 1987 5413 ιι),

405 5437 639 5507 protegit
682 5433 1050 5489 inﬁrmitatem
1097 5440 1373 5495 nostram,
1404 5440 1459 5486 et
1502 5430 1712 5487 resiszit
1756 5430 1989 5495 diabolo,

407 5541 474 5580 ne
503 5541 605 5582 nos
649 5523 843 5596 rapiat.
887 5523 944 5579 In
1000 5537 1106 5593 qua
1132 5520 1465 5584 defensione,
1491 5521 1634 5591 quod
1684 5519 1772 5574 illa
1803 5520 1991 5576 adver-

408 5608 501 5670 sus
558 5615 779 5671 milvum
831 5622 1057 5669 conatur
1112 5609 1340 5677 aﬁ‘ectu,
1392 5614 1508 5668 hac
1560 5612 1820 5669 adversus
1877 5613 1992 5669 dia-

407 5702 591 5760 bulum
640 5703 851 5776 perﬁcit
895 5711 1181 5775 potestate.
1233 5702 1254 5778 (
1270 5702 1454 5776 Hier.)
1487 5703 1620 5758 Item
1674 5705 1726 5759 in
1766 5703 1991 5762 Cantico

2091 3240 2274 3315 (Aug)
2300 3240 2424 3298 Haec
2449 3241 2667 3311 quidem
2697 3242 2865 3298 turbae
2893 3242 3145 3297 dixerunt
3170 3242 3401 3297 Domino
3430 3242 3677 3296 veniente

2093 3332 2425 3388 llicruszilem
2450 3373 2464 3396 ,
2518 3332 2613 3389 sed
2656 3332 2784 3404 quia
2830 3333 3007 3388 Lucas
3056 3348 3162 3389 non
3195 3333 3352 3398 dicit,
3379 3331 3525 3402 quod
3557 3331 3680 3387 hinc

2091 3424 2387 3482 aboesserit
2409 3424 2691 3490 Dominus,
2722 3432 2784 3481 ut
2806 3441 2915 3481 non
2947 3426 3179 3492 veniret,
3208 3425 3314 3480 nisi
3337 3440 3406 3481 eo
3434 3435 3679 3495 tempore

2089 3532 2196 3586 quo
2212 3517 2327 3587 jam
2376 3516 2505 3572 illud
2540 3516 2813 3574 diceretur
2865 3520 3212 3588 (perseverat
3251 3517 3450 3587 quippe
3494 3516 3553 3571 in
3596 3514 3681 3570 iti-

2090 3621 2221 3662 nere
2261 3621 2383 3671 suo,
2411 3606 2585 3663 donec
2610 3609 2793 3663 veniat
2837 3606 3190 3678 Jerusalem),
3239 3609 3387 3679 cogit
3433 3606 3679 3678 profecto

2091 3698 2194 3753 hoc
2223 3699 2448 3770 mystice
2476 3699 2723 3772 intelligi,
2768 3700 2871 3756 hoc
2898 3709 3010 3766 est,
3048 3700 3115 3756 de
3153 3699 3243 3755 illa
3271 3700 3391 3770 ejus
3421 3698 3677 3763 adventu,

2089 3807 2197 3861 quo
2229 3791 2282 3847 in
2318 3791 2565 3847 claritate
2592 3801 2854 3849 venturus
2894 3802 2979 3849 est
3009 3791 3163 3865 (Luc.
3211 3791 3356 3865 xui).
3393 3789 3680 3864 [Venena]

2089 3883 2320 3940 Maxime
2348 3900 2475 3943 cum»
2510 3885 2795 3942 Matthzeus
2834 3886 2953 3941 haec
2992 3884 3279 3940 Dominum
3314 3892 3438 3956 post
3464 3883 3677 3939 decan-

2088 3983 2231 4031 tatas
2257 3974 2308 4028 ei
2347 3989 2377 4029 a
2408 3977 2566 4031 turba
2619 3975 2807 4032 laudes
2851 3975 3050 4032 dixisse
3101 3983 3352 4040 testetur,
3401 3989 3473 4029 ne
3519 3973 3682 4028 aliter

2087 4066 2229 4134 quod
2280 4065 2433 4131 dicit,
2473 4065 2575 4120 hoc
2616 4075 2720 4132 est,
2766 4065 2872 4120 nisi
2915 4065 3296 4136 paenitentiam
3341 4063 3592 4135 egeritis,
3627 4072 3686 4117 et

2086 4154 2325 4213 confessi
2376 4154 2589 4212 fueritis
2616 4156 2790 4227 ipsum
2841 4169 2964 4212 esse
3010 4144 3115 4220 me,
3148 4156 3214 4210 de
3260 4168 3372 4223 quo
3399 4155 3686 4224 propheta:

2088 4250 2426 4313 cecinerunt,
2452 4246 2649 4302 Filium
2681 4246 3073 4318 omnipotentis
3121 4246 3322 4311 Patris,
3372 4261 3557 4300 meam
3607 4243 3687 4300 l'a-

2090 4338 2228 4392 ciem
2274 4352 2378 4391 non
2408 4336 2678 4391 videbitis.
2720 4334 3129 4392 IlabentJudtei
3156 4335 3344 4392 datum
3381 4335 3484 4393 sibi
3538 4344 3687 4391 tem-

2091 4443 2191 4498 pus
2238 4426 2602 4496 poenitentiie,
2638 4426 2999 4482 conﬁteantur
3044 4427 3421 4492 benedictum,
3465 4425 3564 4496 qui
3597 4438 3691 4479 ve-

2090 4518 2169 4572 nit
2208 4518 2261 4572 in
2313 4517 2527 4573 nomine
2572 4517 2805 4584 Domini,
2837 4526 2893 4573 et
2936 4517 3139 4574 Christi
3167 4533 3269 4574 ora
3319 4517 3688 4589 conspicient.

2670 4632 2895 4691 CAPUT
2933 4633 3122 4692 XXIV.

2094 4720 2171 4777 Dc
2200 4732 2465 4793 structura
2491 4722 2668 4793 templi
2691 4735 2739 4778 et
2764 4724 2928 4791 signis
2956 4725 3353 4781 nouissimorum
3378 4725 3616 4791 dierum,
3638 4738 3692 4781 et

2165 4792 2387 4865 adventu
2427 4791 2747 4857 Saluatoris;
2776 4794 2841 4847 de
2878 4793 3146 4865 vigilantia
3173 4797 3306 4853 servi
3344 4796 3486 4861 boni,
3507 4806 3563 4851 et
3593 4813 3689 4852 oc-

2167 4879 2292 4915 casu
2318 4862 2690 4917 elementorum
2708 4905 2723 4928 ,
2754 4873 2860 4919 etc.

2169 4975 2276 5050 [l.]
2322 4976 2387 5030 Et
2417 4994 2649 5048 egressus
2688 4978 2841 5033 Iesus
2890 4979 2954 5033 de
2999 4979 3184 5049 templo
3208 4979 3316 5035 ibat
3363 4990 3410 5034 et
3452 4996 3693 5035 necesse.

2098 5076 2218 5119 runt
2261 5061 2506 5139 discip'uli
2552 5068 2704 5139 ejus,
2748 5077 2803 5123 ut
2851 5067 3174 5123 ostenderent
3215 5068 3265 5122 ei
3304 5068 3696 5138 trdiﬁcationes

2088 5157 2291 5229 templi.
2327 5157 2445 5230 Ipse
2469 5169 2642 5213 autem
2683 5159 2993 5229 respondens
3030 5159 3163 5214 dixit
3191 5161 3305 5215 eis:
3344 5157 3541 5215 Videtis
3572 5159 3694 5215 lucc

2098 5250 2271 5306 omnia
2287 5251 2312 5303 ."
2330 5250 2493 5305 Amen
2517 5250 2633 5304 dico
2658 5251 2795 5306 vobis
2822 5268 2923 5306 non
2955 5251 3271 5322 relinquetur
3308 5253 3394 5308 hic
3418 5250 3554 5323 lapis
3596 5267 3693 5306 su-

2096 5358 2187 5411 per
2215 5341 2459 5413 lapidem,
2485 5344 2575 5415 qui
2608 5361 2711 5399 non
2751 5344 3069 5401 destruatur.
3098 5342 3371 5416 (Hieron.)
3403 5343 3569 5400 Juxta
3597 5344 3691 5398 lti-

2095 5434 2318 5490 storiam
2367 5436 2685 5490 manifestus
2712 5444 2795 5491 est
2823 5451 3036 5500 sensus,
3085 5437 3216 5506 quia
3265 5435 3691 5507 quadragesimo

2095 5522 2333 5578 secundo
2357 5538 2500 5578 anno
2522 5533 2636 5594 post
2661 5524 2965 5593 passionem
2993 5523 3206 5579 Domini
3234 5526 3335 5578 sub
3350 5522 3693 5593 Vespasiam

2093 5622 2149 5668 et
2179 5612 2300 5670 Tito
2343 5602 2707 5671 Romanorum
2758 5616 3128 5687 principibus,
3176 5616 3251 5671 ita
3307 5614 3551 5670 funditus
3599 5622 3692 5668 est

2089 5711 2206 5780 ipsa
2249 5706 2441 5764 civitas
2489 5721 2681 5763 eversa
2728 5722 2851 5764 cum
2887 5708 3084 5781 templo
3128 5723 3229 5764 suo
3258 5705 3691 5778 magniﬁcatus»

3215 5964 3245 5992 ο
