3998 6188
387 219 532 279 1079

1021 220 1084 280 Β.
1127 221 1386 281 RABANI
1417 219 1638 281 MAURI
1674 219 1964 278 ARCHIEP

2074 221 2343 280 [OGUNT.
2387 220 2677 280 OPERUM
2707 221 2886 279 PARS
2923 221 2961 277 l.

3437 271 3443 276 .
3510 224 3645 281 1080

384 329 672 401 Apostolus
717 330 838 387 ait:
881 316 1073 387 Omnia
1111 333 1240 387 mihi
1288 332 1462 395 licem,
1503 331 1598 386 sed
1643 347 1744 386 non
1783 333 1959 385 omnia
1987 334 2037 392 Α
2063 331 2280 400 generis
2337 332 2664 397 exercuerit,
2737 341 3117 400 terrenamquc
3167 332 3523 389 substantiam
3577 341 3647 392 ad

383 422 664 495 expediunt
707 420 760 493 (l
797 419 922 478 Cor.
954 423 1058 492 vt),
1114 424 1504 480 immoderatus
1557 425 1737 494 potius
1791 424 1966 479 licito-

385 528 507 568 rum
536 527 667 568 usus
693 514 955 585 arguitur.
988 514 1173 586 Neque
1206 517 1352 571 enim
1381 516 1508 586 quia
1547 516 1662 570 haec
1712 517 1964 586 agebant,

385 605 481 659 sed
501 603 628 673 quia
657 603 742 659 his
765 618 826 660 se
863 612 1003 658 totos
1028 604 1270 661 dedendo
1293 605 1388 660 Dei
1420 604 1624 673 judicia
1658 615 1971 661 contemne-

387 693 539 761 bant,
569 709 709 765 aqua
733 695 819 750 vel
867 695 990 765 igne
1015 698 1318 766 perierunt.
1372 697 1646 770 (Hierom)
1697 697 1969 766 Quaeritur

387 789 659 859 quomodo
705 802 867 860 supra
924 789 1185 860 scriptum
1227 790 1336 845 sit:
1377 788 1565 861 Surget
1593 792 1731 844 enim
1765 807 1888 861 gens
1914 792 1969 844 in

387 891 607 952 gentem,
646 891 698 936 et
750 897 965 952 regnum
1026 893 1206 936 contra
1261 899 1496 953 regnum,
1538 893 1584 937 et
1623 892 1773 936 erunt
1811 885 1972 952 pesti-

389 973 583 1038 lentia,
635 975 685 1029 'et
710 972 896 1044 fames,
953 984 1002 1028 et
1048 984 1375 1029 terminatus
1407 972 1620 1045 (Matth.
1666 974 1879 1044 xxvu);
1914 983 1969 1028 et

389 1080 536 1121 nunc
555 1080 619 1120 ea
641 1063 818 1120 futura
843 1074 1231 1130 memorantur,
1256 1081 1377 1135 qua:
1402 1064 1551 1134 [nucis
1590 1065 1786 1119 indicia
1819 1073 1962 1119 sunt.

391 1153 900 1212 Sedmstimaudum
945 1155 1098 1227 juxta
1138 1155 1478 1224 Apostoium,
1528 1155 1670 1224 quod
1711 1167 1834 1226 post
1872 1171 1969 1225 ρυε-

392 1261 546 1317 gnas,
581 1247 974 1314 dissensiones,
1021 1245 1373 1318 pestilentias,
1436 1246 1630 1314 fames,
1695 1255 1967 1302 tet-nemo-

393 1346 500 1403 tus,
528 1343 586 1393 et
642 1343 838 1394 extera
894 1337 1091 1407 quibus
1127 1351 1297 1406 genus
1349 1343 1592 1392 vastatur
1648 1337 1962 1400 humanum,

393 1427 572 1483 brevis
605 1428 959 1484 subsecutum
988 1427 1060 1482 sit
1090 1441 1194 1497 pax
1219 1443 1338 1498 qua:
1362 1429 1543 1500 quieta
1573 1430 1754 1484 omnia
1784 1445 1968 1499 repro-

392 1522 590 1588 mittat,
654 1531 715 1578 ut
767 1523 901 1580 ﬁdes
948 1523 1282 1580 credentium
1321 1524 1724 1593 comprobetur,
1785 1535 1966 1578 utrum

392 1615 683 1676 transactis
732 1615 888 1670 malis
940 1623 1161 1687 sperent
1205 1613 1444 1684 iudicem
1500 1630 1621 1670 esse
1658 1624 1965 1669 venturum.

2071 421 2396 490 acquirenda
2435 420 2677 478 cmlestia
2713 421 3126 491 dispensaverit.
3169 421 3519 492 Relinquetur
3555 442 3650 480 au-

2072 521 2178 567 tem
2245 527 2366 583 qua:
2418 511 2688 584 corijugiis
2723 511 2792 568 ob
2823 512 3106 568 illecebras
3145 514 3328 568 carnis
3364 515 3648 581 servierit;

2072 613 2287 659 terrena
2319 620 2450 659 vero
2498 605 2548 660 si
2583 619 2690 675 qua
2727 604 2983 660 Ecclesiae
3015 605 3101 659 vel
3129 606 3455 676 pauperibus
3493 608 3651 662 obtu-

2070 693 2215 758 lerit,
2255 695 2375 749 ideo
2423 694 2633 761 fecerit,
2682 703 2742 748 at
2791 696 2945 765 quasi
3001 695 3276 766 redempto
3314 695 3543 752 Domino
3571 699 3654 754 bis

2070 784 2300 854 amplius
2327 785 2584 840 abundet.
3178 783 3195 802 ’

2142 877 2259 931 Duo
2297 879 2352 932 in
2391 877 2544 943 lecto,
2595 895 2732 934 unus
2775 889 3096 944 assumatur,
3134 889 3183 933 et
3222 896 3357 934 unus
3397 880 3655 951 relinque-

2069 979 2173 1022 tur.
2217 970 2332 1024 Duo
2357 977 2518 1024 erunt
2553 969 2608 1022 in
2637 969 2799 1034 lecto,
2852 969 2926 1024 illi
2977 971 3228 1027 videlicet
3264 972 3356 1041 qui
3393 973 3563 1027 otium
3601 984 3654 1028 et

2069 1059 2305 1127 quietem
2331 1058 2557 1130 eligunt,
2587 1075 2761 1131 neque
2806 1062 3036 1131 negotiis
3085 1062 3453 1129 saecularibus,
3481 1080 3652 1134 neque

2070 1151 2300 1220 negotiis
2337 1151 2723 1206 ecclesiasticis
2746 1153 3016 1223 occupati.
3059 1153 3190 1220 Qtne
3229 1154 3443 1210 illorum
3499 1159 3654 1226 quies

2068 1241 2192 1296 lecti
2223 1243 2440 1297 nomine
2463 1242 2764 1312 significata
2789 1253 2890 1300 est.
2919 1243 3073 1300 Unus
3101 1257 3420 1312 assumetur,
3446 1259 3494 1302 et
3522 1249 3661 1304 alter

2069 1331 2404 1402 relinquetur,
2466 1349 2572 1388 non
2627 1335 2784 1404 quasi
2827 1335 2896 1390 de
2950 1336 3160 1391 duobus
3196 1336 3507 1394 hominibus
3569 1341 3652 1393 di-

2067 1429 2212 1475 ctum
2242 1431 2346 1487 est,
2373 1422 2468 1477 sed
2495 1423 2561 1477 de
2583 1424 2792 1479 duobus
2829 1424 3117 1495 generibus
3149 1424 3516 1482 affectionum.
3551 1429 3654 1496 Qui

2067 1517 2211 1572 enim
2245 1527 2468 1588 propter
2510 1517 2677 1574 Deum
2717 1519 3063 1574 continentia:
3115 1520 3402 1587 studuerit,
3444 1531 3506 1577 ut
3539 1523 3656 1578 sine

2073 1609 2432 1666 sollicitudine
2483 1611 2671 1672 vivens
2709 1613 2908 1683 cogitet
2933 1628 3054 1682 qua:
3081 1611 3178 1668 Dei
3218 1623 3363 1679 sunt,
3406 1629 3652 1670 assume-

394 1706 506 1762 lloc
542 1715 628 1763 est
653 1707 799 1763 enim
840 1679 988 1778 quod
1033 1707 1088 1761 in
1137 1679 1303 1762 Paulo
1341 1705 1607 1778 legimus:
1641 1707 1866 1773 Quando
1890 1708 1972 1760 di—
2005 1679 2046 1737 Β
2074 1706 2164 1753 tur
2188 1712 2217 1752 a
2257 1698 2381 1754 Deo.
2416 1698 2516 1766 Qui
2550 1714 2678 1755 vero
2699 1679 3060 1758 vei'bumana:
3093 1703 3268 1759 laudis
3325 1718 3536 1770 amore,
3568 1707 3653 1759 vel

389 1798 580 1860 marini,
612 1796 731 1851 Pax
761 1807 809 1851 et
837 1798 1111 1862 securitas,
1153 1807 1282 1852 tunc
1306 1799 1602 1868 repentinus
1635 1798 1707 1852 eis
1731 1815 1970 1868 superve-

393 1889 498 1942 niet
521 1888 763 1944 interitus
795 1888 847 1961 (1
881 1888 1060 1943 Thess.
1094 1889 1165 1961 v),
1226 1891 1364 1945 sicut
1414 1891 1566 1946 dolor
1593 1893 1966 1961 parturientis,

393 1986 448 2032 et
471 1991 577 2033 non
603 1976 876 2050 effugient.

465 2065 640 2140 Usque
659 2068 728 2122 ad
745 2085 863 2124 eum
887 2071 1026 2126 diem
1059 2088 1164 2143 quo
1198 2073 1431 2127 introivit
1455 2074 1509 2127 in
1544 2089 1723 2128 arcam
1750 2072 1888 2141 Noe,
1920 2085 1967 2129 et

394 2175 496 2215 non
516 2170 861 2232 cognoverant
886 2161 1050 2218 donec
1080 2165 1213 2218 venit
1235 2163 1509 2229 diluvium,
1536 2175 1585 2219 et
1611 2163 1728 2218 tulit
1758 2181 1968 2231 omnes;

390 2254 465 2306 ita
486 2260 535 2306 et
561 2251 812 2307 adventus
855 2251 983 2308 Filii
1022 2255 1268 2310 hominis.
1311 2256 1495 2328 (ΗΑΒ.)
1536 2255 1759 2328 Mystice
1785 2267 1966 2313 autem

393 2338 505 2397 Noe
531 2355 714 2396 arcam
738 2342 990 2410 aediﬁcat,
1027 2358 1150 2399 cum
1183 2343 1443 2402 Dominus
1477 2345 1772 2403 Ecclesiam
1801 2349 1868 2404 de
1888 2349 1968 2403 vi-

391 2430 760 2499 ris-ﬁdelibus,
808 2433 961 2503 quasi
1019 2433 1179 2506 lignis
1213 2435 1477 2507 laavigatis
1510 2437 1800 2494 adunando
1840 2453 1968 2494 con-

389 2523 569 2579 struit.
635 2522 808 2591 Quam
867 2523 1110 2593 perfecte
1159 2533 1590 2581 consummatam
1640 2527 1964 2598 ingreditur,

389 2625 513 2667 cum
539 2612 681 2669 hanc
701 2613 754 2668 in
786 2613 876 2669 die
897 2613 1086 2682 iudicii
1111 2616 1398 2685 prasentia
1430 2631 1542 2673 suae
1568 2619 1792 2675 visionis
1810 2629 1968 2677 teter-

387 2717 491 2760 nus
542 2703 820 2762 habitator
871 2705 1127 2762 illustrat.
1166 2707 1273 2763 Sed
1301 2723 1424 2764 cum
1472 2723 1598 2766 arca
1644 2710 1963 2776 aediﬁcatur.

387 2794 556 2867 iniqui
595 2795 960 2863 luxuriantur,
1011 2812 1138 2853 cum
1189 2811 1326 2854 vero
1349 2799 1602 2866 intratur,
1645 2801 1964 2857 intereunt:

384 2887 512 2958 quia
557 2887 650 2959 qui
705 2889 910 2945 sanctis
938 2889 1027 2945 hic
1061 2890 1396 2946 certantibus
1425 2890 1706 2956 insultant,
1749 2892 1832 2948 eis
1859 2892 1967 2948 illic

386 2979 658 3036 coronatis
685 2988 886 3037 aeterna
909 2980 1254 3038 damnatione
1287 2979 1610 3052 plectentur.

458 3066 606 3123 Tune
642 3069 748 3123 duo
771 3079 924 3125 erunt
952 3072 1007 3126 in
1031 3087 1179 3142 agro,
1237 3087 1374 3126 unus
1417 3082 1730 3138 assumatur,
1757 3083 1805 3128 et
1829 3091 1964 3129 unus

384 3157 724 3230 relinquetur.
763 3159 928 3225 Tune,
980 3162 1172 3233 inquit,
1203 3163 1311 3217 duo
1347 3173 1498 3219 erunt
1547 3166 1603 3220 in
1631 3182 1780 3237 agro.
1810 3165 1965 3238 (Hie-

386 3247 527 3321 ron.)
569 3246 837 3317 Quando?
873 3259 1119 3322 tempore
1173 3253 1425 3310 videlicet
1486 3255 1968 3312 consummationis

385 3345 550 3409 atque
569 3338 758 3410 iudicii
785 3341 894 3397 duo
943 3342 998 3397 in
1025 3353 1155 3415 agre
1174 3343 1380 3413 pariter
1409 3345 1771 3411 invenientur,
1818 3362 1968 3403 eum-

390 3428 514 3489 dem
543 3432 806 3491 habentes
828 3435 1092 3504 laborem,
1139 3447 1197 3495 et
1225 3439 1382 3510 quasi
1410 3455 1595 3511 parem
1641 3454 1964 3512 sementem,

388 3521 485 3577 sed
509 3520 714 3580 fluctus
745 3523 948 3582 laboris
973 3541 1082 3582 non
1129 3542 1284 3600 teque
1309 3530 1652 3602 recipientes.
1686 3534 1705 3606 (
1720 3531 1965 3608 Venant.)

385 3609 670 3685 Signiﬁcat
700 3623 882 3671 autem
907 3631 1001 3672 eos
1026 3617 1122 3689 qui
1153 3628 1451 3689 operantur
1497 3623 1552 3677 in
1579 3622 1836 3680 Ecclesiae
1863 3627 1964 3680 mi~

383 3703 629 3772 nisterio,
656 3712 911 3778 tanquam
941 3708 996 3763 in
1027 3723 1158 3780 agro
1186 3709 1302 3776 Dei,
1340 3713 1427 3767 cui
1454 3727 1584 3768 suus
1611 3715 1846 3787 agricola
1881 3717 1966 3772 di-

381 3795 540 3852 cebat
563 3815 583 3853 ε
610 3797 708 3854 Dei
733 3798 1065 3871 agricultura
1109 3802 1234 3857 estis
1274 3801 1327 3874 (I
1361 3802 1480 3859 Cor.
1508 3803 1615 3876 tu).
1648 3805 1967 3863 Assumetur

381 3896 562 3942 autem
591 3887 682 3943 ille
717 3889 809 3960 qui
840 3905 946 3945 non
969 3890 1282 3950 adulterans
1322 3895 1550 3950 verbum
1582 3894 1698 3962 Dei,
1732 3897 1825 3952 sed
1854 3898 1961 3954 sic-

379 3985 440 4032 ut
466 3991 532 4034 ex
560 3978 690 4048 Deo,
746 3994 930 4036 coram
978 3979 1093 4039 Deo
1152 3983 1364 4040 locutus
1401 3985 1456 4040 in
1509 3985 1728 4042 Christo
1758 3986 1961 4057 fuerit;

378 4067 471 4139 qui
527 4083 657 4126 vero
681 4068 960 4127 Christum
987 4073 1393 4128 annuntiaverit
1424 4088 1530 4129 non
1561 4083 1712 4131 caste
1737 4076 1832 4131 sed
1871 4091 1964 4133 oc-

385 4159 622 4228 casione,
651 4161 986 4234 relinquetur
1013 4163 1085 4222 ab
1117 4179 1203 4222 eo.

454 4248 639 4322 (Λεία.)
670 4249 806 4307 Date
850 4252 1103 4309 metentes
1149 4255 1205 4309 in
1234 4255 1394 4321 mola,
1440 4272 1546 4310 una
1593 4269 1888 4315 assumetur
1914 4271 1963 4317 et

379 4355 487 4446 pna
528 4339 869 4445 relinquetur.
900 4343 1436 4446 Molentesfppellal
1462 4361 1558 4402 803
1593 4350 1684 4418 qni
1712 4349 1764 4404 ίη
1791 4349 1958 4421 Plebi’
1987 4386 2042 4446 ι)

378 4427 478 4482 bus
508 4431 787 4486 «instituti
811 4441 1073 4504 reguntur
1097 4447 1129 4489 a
1156 4433 1485 4499 doctoribus,
1515 4445 1737 4507 agentes
1758 4452 1821 4492 ea
1841 4453 1962 4508 quae

377 4529 506 4573 sunt
543 4520 703 4592 hujus
751 4523 956 4577 saeculi.
1007 4522 1154 4590 Quos
1203 4532 1261 4580 et
1290 4523 1613 4580 feminarum
1644 4527 1861 4582 nomine
1889 4528 1960 4583 si-

378 4609 672 4681 gniﬁcavit,
705 4611 833 4684 quia
861 4613 1122 4678 consiliis,
1159 4623 1218 4670 ut
1244 4615 1376 4678 dixi,
1414 4616 1714 4685 peritorum
1744 4618 1857 4690 regi
1880 4619 1961 4675 eis

375 4699 614 4772 expedit.
641 4701 710 4758 Et
735 4701 985 4756 molentes
1007 4703 1162 4769 dixit,
1204 4712 1428 4775 propter
1461 4706 1836 4777 temporalium
1867 4727 1961 4766 nc-

377 4793 648 4864 gotiomm
675 4794 885 4860 orbem,
914 4802 1078 4865 atque
1111 4795 1396 4852 circuitum
1429 4815 1443 4850 :
1494 4814 1633 4870 quas
1667 4809 1846 4858 tamen
1875 4817 1960 4857 se-

385 4887 619 4946 cundum
653 4885 819 4943 alium
863 4887 1250 4960 evangelistam
1282 4889 1334 4944 in
1365 4905 1473 4945 uno
1501 4891 1766 4949 molentes
1800 4894 1958 4960 dixit,

377 4981 433 5037 in
460 4989 720 5053 quantum
743 4980 812 5038 de
837 4981 970 5052 ipsis
1009 4982 1192 5047 rebus,
1218 4991 1275 5037 et
1317 4984 1550 5055 negotiis
1577 4985 1690 5041 suis
1718 4987 1960 5056 praebent

376 5073 657 5130 servitium
703 5073 893 5129 usibus
951 5071 1229 5129 Ecclesia.
1261 5072 1544 5145 (Venant.)
1609 5074 1958 5147 Unaquazque

373 5165 521 5220 enim
559 5162 717 5235 hujus
750 5163 936 5220 mundi
958 5164 1102 5220 actio
1138 5163 1276 5220 mola
1304 5175 1409 5230 est,
1460 5180 1581 5236 qua:
1602 5166 1729 5221 dum
1758 5168 1957 5224 multas

376 5269 536 5311 curas
573 5255 837 5325 congerit,
882 5255 1152 5312 humanas
1203 5265 1414 5311 mentes
1449 5257 1604 5325 quasi
1641 5271 1739 5328 per
1762 5272 1954 5328 gyrum

375 5345 558 5411 vertit,
609 5354 773 5416 atque
800 5361 868 5401 ex
907 5361 968 5402 se
991 5346 1138 5402 velut
1195 5346 1402 5402 farinas
1437 5345 1678 5417 proiicit,
1714 5347 1842 5418 quia
1870 5348 1955 5404 in»

375 5437 561 5508 quieto
615 5436 767 5492 cordi
816 5450 1032 5507 semper
1074 5437 1465 5492 minutissimas
1497 5437 1856 5506 cogitationes
1877 5438 1958 5508 gi-

374 5527 508 5594 gnit.
536 5509 663 5581 'Una
703 5535 1020 5591 assumatur,
1056 5537 1104 5579 et
1130 5527 1294 5580 altera
1322 5526 1659 5597 relinquetur.
1698 5527 1958 5583 Assumo-

377 5625 464 5668 tur
501 5629 564 5670 ea
589 5630 714 5686 pars
747 5630 867 5685 quae
901 5615 1166 5670 connubia
1202 5625 1421 5686 propter
1461 5631 1700 5670 amorem
1750 5625 1960 5670 tantum

1736 5739 1764 5759 Ι

2072 1787 2177 1842 alia
2203 1788 2442 1858 qualibet
2466 1788 2719 1844 vitiorum
2743 1792 3084 1860 correptione
3105 1800 3305 1848 statum
3338 1793 3656 1849 monastica-

2070 1879 2218 1943 vitae,
2246 1895 2354 1950 quo
2385 1881 2622 1938 imbutus
2658 1893 2742 1937 est
2768 1882 2993 1949 laeserit,
3024 1885 3113 1939 hic
3153 1884 3243 1939 ubi
3270 1885 3659 1956 relinquendus

2069 1970 2141 2024 sit
2179 1968 2430 2025 Jeremia:
2486 1971 2900 2030 lamentationes
2955 1975 3255 2042 insinuant,
3320 1977 3414 2047 qui
3468 1978 3656 2032 otiose

2071 2060 2355 2132 ειιιυειίὺει
2399 2072 2455 2118 et
2507 2066 2826 2136 peccatricis
2858 2067 3056 2123 anima:
3113 2069 3214 2124 sub
3241 2067 3443 2125 Judaeae
3473 2073 3658 2140 specie

2071 2151 2277 2221 lapsum
2335 2152 2669 2220 describens,
2725 2157 2844 2211 ait:
2913 2155 3164 2216 Viderunt
3217 2176 3335 2214 eam
3372 2161 3568 2226 hostes,
3606 2175 3654 2216 et

2069 2243 2360 2299 deriserunt
2400 2246 2619 2301 sabbata
2666 2248 2782 2318 ejus
2820 2248 3038 2319 (Thren.
3063 2249 3126 2321 ι).
3160 2249 3346 2325 rAnq]
3387 2251 3497 2307 Nec
3523 2264 3657 2324 puto

2071 2332 2177 2388 alia
2215 2349 2416 2405 genera
2445 2350 2566 2392 esse
2602 2335 2882 2393 hominum
2925 2340 3122 2408 quibus
3142 2349 3361 2396 constat
3386 2342 3654 2407 Ecclesia,

2069 2441 2230 2497 quam
2271 2427 2374 2483 ista
2409 2429 2514 2484 tria
2565 2430 2821 2486 habentia
2851 2432 3008 2487 binas
3045 2431 3380 2489 dili'erentias
3434 2445 3656 2506 propter

2068 2518 2490 2588 assumptionem
2541 2529 2598 2575 et
2633 2519 2991 2577 relictionem.
3031 2523 3292 2590 Quamvis
3341 2526 3393 2580 in
3432 2525 3654 2598 singulis

2070 2607 2253 2663 multa:
2303 2609 2604 2666 stdiorum
2678 2611 3122 2684 voluntatumque
3175 2617 3540 2683 diversitates,
3588 2620 3652 2672 ad

2070 2700 2417 2756 concordiam
2453 2711 2632 2757 tamen
2674 2703 3045 2776 unitatemque
3105 2715 3498 2764 concurrentes
3535 2723 3655 2778 pos~

2067 2791 2179 2846 sint
2206 2792 2456 2847 inveniri.
2500 2792 2653 2850 Unde
2677 2802 2734 2850 et
2759 2795 3012 2852 Ezechiel
3039 2797 3301 2868 propheta
3354 2808 3468 2854 tres
3508 2802 3659 2856 viros

2066 2880 2326 2938 liberatos
2385 2884 2520 2938 vidit
2578 2882 2712 2951 Noe,
2759 2885 2964 2950 Daniel,
3018 2895 3075 2942 et
3109 2887 3212 2944 Job
3260 2888 3481 2961 (Erech.
3516 2893 3651 2950 xtvl.

2070 2972 2279 3047 [ϐπ-αφ]
2315 2975 2371 3031 ln
2419 2977 2618 3048 quibus
2669 2978 2917 3034 videlicet
2951 2980 3146 3045 tribus,
3201 2990 3445 3037 rectores
3482 2983 3660 3038 conti-

2069 3074 2283 3133 nentes,
2323 3076 2487 3137 atque
2540 3067 2810 3139 coniugati
2840 3070 3038 3141 signati
3071 3081 3217 3126 sunt.
3260 3071 3394 3126 Nam
3426 3071 3541 3127 Noe
3573 3090 3658 3128 ar-

2068 3175 2186 3216 cam
2209 3161 2266 3216 in
2293 3161 2451 3216 undis
2473 3161 2635 3227 rexit,
2667 3172 2828 3232 atque
2861 3163 2983 3218 ideo
3012 3162 3242 3234 ﬁguram
3271 3174 3546 3220 rectorum
3582 3175 3660 3220 te-

2070 3251 2208 3306 nuit.
2270 3251 2457 3307 Daniel
2495 3259 2552 3307 et
2604 3252 2658 3307 in
2697 3253 2819 3308 aula
2867 3254 3012 3326 regia
3071 3255 3412 3311 abstinentiae
3444 3255 3658 3311 deditus

2069 3340 2189 3407 fuit,
2227 3349 2284 3397 et
2323 3342 2525 3398 idcirco
2568 3342 2736 3398 vitam
2780 3343 3177 3399 con'ineutium
3239 3345 3494 3415 signavit.
3553 3345 3655 3400 Job

2069 3446 2201 3487 vero
2240 3432 2293 3488 in
2331 3432 2584 3503 conjugio
2619 3433 2851 3504 positus,
2907 3443 2962 3488 et
2991 3450 3180 3490 curant
3209 3435 3401 3491 domus
3425 3437 3661 3507 propriae

2069 3536 2332 3578 exercens
2364 3523 2586 3594 placuit,
2616 3539 2715 3594 per
2767 3540 2929 3594 quem
2977 3525 3135 3596 digne
3173 3527 3439 3581 honorum
3468 3528 3654 3598 conju-

2069 3625 2198 3681 gum
2233 3611 2366 3667 ordo
2419 3611 2703 3684 ﬁguratur.
2742 3613 3038 3684 Postquam
3090 3615 3235 3670 enim
3289 3617 3542 3672 Dominus
3586 3619 3651 3672 de

2069 3699 2393 3756 discretione
2429 3704 2862 3759 coronandorum
2893 3713 3056 3776 atque
3087 3707 3510 3763 damnandornm
3535 3724 3656 3764 ser-

2069 3805 2288 3846 monem
2319 3807 2474 3847 suum
2499 3793 2884 3863 compleverat,
2937 3796 3050 3867 jam
3101 3805 3326 3868 propter
3365 3799 3492 3868 quid
3533 3799 3656 3855 inec

2067 3883 2354 3953 protulerit
2375 3883 2701 3952 manifestat,
2735 3886 2920 3943 dicens
2950 3906 2962 3940 :

2146 3975 2371 4048 Vigilate
2394 3993 2537 4048 ergo,
2567 3979 2692 4050 quin
2721 3980 2932 4034 nescitis
2962 3996 3066 4051 qua
3095 3981 3226 4034 hora
3265 3978 3526 4036 Dominus
3579 4000 3657 4037 ve-

2065 4074 2172 4119 ster
2193 4073 2440 4120 venturus
2467 4065 2555 4120 sit.
2594 4064 2867 4138 (Ηὶενοη.)
2905 4066 3197 4138 Pcrspicue
3223 4070 3462 4125 ostendit
3485 4087 3659 4142 quare

2067 4169 2229 4225 supra
2268 4154 2520 4210 dixerat:
2552 4154 2632 4210 De
2673 4156 2760 4211 die
2806 4166 2979 4210 autem
3021 4157 3116 4211 illa
3156 4175 3305 4213 nemo
3331 4161 3453 4224 scit,
3492 4177 3660 4232 neque

2072 4239 2242 4297 Filius
2269 4241 2528 4307 hominis,
2550 4259 2714 4314 neque
2759 4243 2956 4314 angeli,
2988 4245 3090 4299 nisi
3120 4243 3282 4301 Pater
3304 4247 3468 4314 solus,
3509 4251 3660 4320 quod

2068 4355 2177 4395 non
2204 4338 2453 4409 expediat
2479 4339 2620 4394 scire
2649 4339 2926 4409 apostolis,
2981 4349 3040 4396 ut
3069 4341 3320 4411 pendula:
3369 4356 3654 4414 exspecta-

2069 4427 2231 4484 tionis
2277 4427 2467 4483 incerti
2507 4442 2720 4499 semper
2753 4444 2877 4485 eum
2924 4431 3151 4487 credant
3192 4447 3314 4488 esse
3365 4443 3654 4490 venturum

2069 4533 2229 4590 quem
2268 4519 2536 4590 ignorant.
2569 4519 2798 4587 Quando
2843 4521 2979 4576 dixit
3016 4531 3280 4578 venturus
3326 4523 3416 4588 sit,
3460 4534 3514 4580 et
3543 4542 3654 4580 non

2068 4612 2247 4668 dixit:
2286 4611 2424 4679 Quia
2461 4612 2734 4667 nescimus
2773 4627 2879 4683 qua
2910 4613 3042 4667 hora
3092 4613 3357 4669 Dominus
3391 4625 3656 4670 venturus

2067 4702 2160 4766 sit,
2197 4701 2291 4758 sed
2314 4701 2546 4766 nescitis,
2583 4703 2974 4774 pmmissoque
3029 4704 3422 4774 patrisfamiliae
3471 4723 3656 4762 exem-

2067 4791 2174 4862 plo,
2202 4808 2300 4848 cur
2328 4793 2555 4848 reticeat
2601 4796 3082 4850 consummationis
3113 4797 3254 4851 diem
3311 4798 3656 4856 manifestius

2068 4886 2244 4952 docet,
2274 4887 2500 4943 dicens:
2547 4887 2726 4943 Estote
2745 4889 2943 4959 parati,
2983 4890 3110 4961 quia
3149 4893 3356 4947 nescitis
3393 4911 3497 4963 qua
3520 4895 3655 4949 hora

2066 4975 2242 5034 Filius
2278 4979 2505 5034 hominis
2542 4989 2786 5035 venturus
2815 4991 2889 5035 est
2915 4981 3130 5052 (Matth.
3165 4984 3316 5054 xxv).

2137 5070 2281 5125 Illud
2321 5081 2493 5125 autem
2517 5071 2699 5126 scitote
2722 5075 2969 5144 quoniam
3004 5075 3049 5129 si
3087 5076 3241 5129 sciret
3270 5077 3653 5147 paterfamilias

2062 5179 2165 5232 qua
2194 5162 2324 5217 hora
2354 5161 2446 5232 fur
2472 5172 2722 5218 venturus
2768 5174 2920 5230 esset,
2951 5165 3188 5236 vigilaret
3242 5167 3443 5238 utique,
3469 5178 3514 5222 et
3545 5184 3652 5221 non

2060 5253 2250 5307 sineret
2311 5252 2516 5323 perfodi
2569 5252 2784 5307 domum
2840 5270 3012 5308 suam.
3081 5253 3159 5308 Ex
3211 5269 3320 5324 qua
3370 5257 3650 5325 praemissa

2063 5341 2415 5399 similitudine
2474 5343 2640 5398 etiam
2679 5343 2989 5398 exhortatio
3036 5341 3372 5400 subinfertur
3417 5361 3539 5402 cum
3567 5345 3647 5399 di-

2063 5435 2206 5490 citur
2241 5453 2252 5487 :

2137 5524 2366 5596 Ideoque
2394 5535 2441 5580 et
2483 5542 2566 5580 vos
2593 5535 2750 5579 estote
2779 5527 2976 5596 parati,
3006 5527 3130 5596 quia
3161 5527 3370 5582 nescitis
3389 5543 3492 5598 qua
3511 5527 3643 5580 hora

2069 5616 2239 5669 Filius
2271 5617 2496 5669 hominis
2534 5626 2779 5670 renturus
2802 5628 2900 5668 est.
2946 5615 3232 5672 Nesciente
3277 5617 3425 5673 enim
3468 5623 3630 5687 patro
