3998 6188
257 316 382 360 tum

1203 294 1556 354 conum.
1595 294 1666 352 ιιι
1702 275 2120 354 auruncum
2175 325 2244 336 —
2279 293 2408 350 LIB.
2453 293 2564 350 vn.

3383 296 3525 351 ιοεξ

253 416 487 470 tmuilias
516 411 604 470 fur
639 426 860 470 domum
885 409 1142 482 perfodit,
1167 411 1294 482 quia
1332 410 1460 466 dum
1489 425 1520 464 a
1551 410 1634 466 sui
1660 417 1838 466 custo-
1867 415 1917 473 Α
1945 424 2066 468 esse
2099 411 2413 477 ostendens,
2445 409 2523 465 ait
2549 427 2562 465 :
2585 407 2816 481 Oportet
2843 411 3139 482 episcopum
3169 413 3287 466 sine
3310 411 3527 466 crimine

252 506 338 558 qlia
363 502 586 573 spiritus
622 500 823 556 dormit
852 499 1144 570 improvisa
1174 515 1323 555 mors
1355 501 1605 564 veniens,
1660 501 1842 556 carnis

255 600 456 648 nostra:
499 589 860 646 habitaculum
919 589 1192 659 irrumpit,
1225 599 1280 644 et
1323 605 1448 644 eum
1475 605 1637 661 quem
1665 589 1840 646 domi-

258 698 390 738 nunt
412 679 678 737 invenerit
713 679 1067 734 dormientem
1117 679 1310 734 domus
1333 688 1510 734 necat.
1550 679 1689 746 Quia
1717 696 1842 736 cum

257 784 488 831 ventura
514 773 707 828 damna
735 771 956 841 spiritus
977 770 1199 824 minime
1227 771 1508 841 praevidet,
1532 772 1678 826 hunc
1697 786 1844 826 mors

258 869 324 922 ad
356 863 678 935 supplicium
701 861 1032 916 nescientem
1059 861 1224 930 rapit,
1259 858 1364 915 furi
1390 867 1572 914 autem
1619 861 1842 916 resiste-

260 967 342 1014 ret
375 958 420 1013 si
468 955 735 1027 vigilaret.
784 953 921 1021 Quia
967 951 1256 1007 adventum
1281 951 1480 1021 judicis
1515 952 1607 1022 qui
1636 951 1846 1006 occulte

258 1049 497 1105 animam
528 1047 670 1118 rapit
695 1058 1030 1117 praecavens,
1077 1042 1127 1097 ei
1158 1042 1473 1112 paenitendo
1507 1051 1843 1108 occurreret,

260 1154 326 1196 ne
356 1138 705 1209 impmnitens
735 1135 958 1207 periret.
1019 1130 1220 1187 Horam
1274 1145 1404 1186 vero
1462 1130 1705 1186 ultimam
1744 1132 1848 1186 Do-

261 1229 443 1286 minus
469 1235 655 1284 noster
678 1224 880 1281 idcirco
919 1222 1077 1278 nobis
1104 1221 1276 1276 voluit
1323 1235 1445 1276 esse
1494 1220 1844 1292 incognitam,

260 1332 321 1377 ut
344 1335 564 1391 semper
588 1317 762 1390 possit
805 1329 926 1370 esse
961 1322 1217 1383 suspecta
1250 1329 1265 1366 :
1300 1320 1366 1366 ut
1387 1313 1514 1367 dum
1541 1311 1687 1366 illam
1711 1326 1848 1380 pra:-

265 1414 449 1469 videre
484 1426 594 1466 non
631 1423 939 1480 possumus,
979 1405 1048 1460 ad
1085 1404 1231 1460 illam
1279 1404 1398 1460 sine
1448 1404 1850 1459 intermissione

260 1517 653 1576 praeparemur.

335 1595 450 1670 [IL]
485 1595 618 1662 Quis
636 1605 789 1665 putas
817 1592 988 1662 ﬁdelis
1024 1599 1101 1646 est
1135 1605 1312 1645 servus
1339 1599 1389 1643 et
1417 1589 1668 1658 prudens,
1693 1605 1849 1658 quem

263 1689 532 1744 constituit
573 1686 831 1742 Dominus
880 1700 1003 1738 suus
1037 1698 1193 1752 super
1227 1679 1487 1751 familiam
1523 1695 1673 1734 suam
1697 1679 1722 1733 Σ)
1744 1678 1850 1734 Rc-

264 1780 542 1850 spondens
570 1778 638 1832 ad
665 1777 994 1846 interrogata
1034 1772 1286 1828 Salvator
1320 1771 1500 1842 primo
1527 1771 1684 1827 docet
1706 1769 1852 1840 judi-
1877 1765 1925 1824 Β

264 1870 411 1926 cium
439 1869 651 1924 cunctis
672 1866 1006 1930 adfuturum,
1035 1862 1381 1934 singulosque
1402 1861 1559 1930 juxta
1597 1861 1847 1916 meritum

263 1961 448 2032 operis
485 1975 552 2015 ac
589 1974 784 2014 sensus
821 1957 902 2012 sui
939 1956 1298 2026 capacitatem
1346 1953 1575 2023 praemia
1620 1952 1706 2006 vel
1733 1960 1848 2008 ror-

262 2060 452 2108 menta
504 2057 782 2106 nacturos.
823 2048 1026 2103 Deinde
1078 2046 1221 2115 quod
1254 2044 1492 2100 maxime
1540 2044 1848 2114 quaesierat,

266 2145 500 2213 gratiam
521 2143 781 2198 virtutum
810 2154 972 2211 quam
1011 2139 1214 2193 mundo
1248 2137 1492 2193 attulerit
1519 2153 1586 2193 ac
1625 2138 1851 2208 singulis

263 2243 529 2306 quantum
563 2233 774 2304 possint
825 2231 1064 2288 ostendit
1104 2245 1227 2287 esse
1264 2230 1600 2287 sectandam.
1642 2229 1846 2301 Ignem,

264 2327 466 2397 inquit,
504 2327 618 2382 veni
639 2325 840 2380 mittere
875 2325 934 2378 in
980 2332 1195 2390 terram,
1246 2332 1296 2378 et
1340 2323 1466 2394 quid
1510 2321 1626 2378 volo
1669 2323 1770 2375 nisi
1795 2331 1851 2376 ut

265 2418 586 2474 accendatur
609 2417 635 2471 ?
659 2415 790 2488 (Luc
831 2415 954 2487 xu.)
999 2414 1142 2469 Sane
1176 2414 1318 2484 quod
1362 2415 1480 2478 ait,
1533 2412 1665 2481 Quis
1695 2424 1852 2485 putas

267 2518 364 2572 est,
393 2506 785 2571 difficultatem,
818 2520 924 2560 non
965 2505 1456 2573 impossibilitatem
1510 2505 1852 2576 perficienda:

265 2598 488 2654 virtutis
547 2597 828 2653 insinuat:
872 2596 1143 2666 quomodo
1192 2594 1481 2652 Psalmista
1517 2613 1530 2650 :
1574 2595 1706 2662 Quis
1763 2615 1852 2652 sa-

264 2688 420 2758 piens
437 2696 488 2742 et
515 2685 770 2741 custodiet
785 2686 896 2740 hac
912 2686 938 2738 ?
966 2684 1138 2758 (Psat.
1170 2685 1278 2758 (ενι)
1306 2701 1415 2742 non
1435 2687 1731 2754 neminem,
1757 2687 1854 2743 sed

267 2791 454 2834 rarum
497 2773 788 2848 significat.
813 2775 950 2830 Nam
989 2775 1116 2830 alibi
1174 2776 1315 2831 idem
1343 2778 1573 2833 verbum
1607 2792 1714 2832 non
1753 2792 1855 2848 pro

265 2871 490 2938 difﬁcili,
527 2871 622 2928 sed
673 2885 772 2941 pro
816 2871 1136 2940 impossibili
1173 2871 1391 2940 posuit:
1424 2870 1586 2937 Deus,
1618 2871 1738 2942 quis
1781 2871 1857 2926 si-

267 2964 412 3018 milis
432 2964 529 3018 erit
554 2963 694 3018 tibi?
721 2963 776 3019 id
803 2971 909 3028 est,
949 2963 1166 3019 nullus:
1209 2964 1288 3018 'I‘u
1330 2964 1466 3019 enim
1486 2963 1630 3018 solus
1659 2963 1856 3019 altissi-

267 3070 388 3108 mus
408 3069 565 3124 super
587 3069 791 3107 omnem
845 3061 1040 3106 terram
1093 3049 1264 3124 (Psal.
1303 3051 1550 3125 Lxxxu).
1590 3052 1722 3120 Quis
1758 3069 1856 3124 pu-

271 3155 355 3198 tas
410 3153 507 3209 est,
537 3144 730 3214 inquit,
795 3142 967 3212 ﬁdelis
1019 3159 1198 3198 servus
1253 3149 1304 3200 et
1341 3143 1572 3214 prudens
1595 3144 1622 3197 f
1648 3143 1853 3199 Fidelis
1882 3127 1927 3189 (ἶ

268 3237 472 3306 quippe
515 3236 569 3290 in
623 3235 816 3290 devote
871 3235 1177 3300 tribuendo,
1229 3243 1284 3290 et
1314 3251 1421 3290 non
1476 3235 1855 3292 abscondendo

269 3327 559 3397 pecuniam
587 3328 800 3385 Domini
846 3330 950 3385 sui.
992 3327 1236 3384 Prudens
1299 3343 1432 3383 vero
1486 3329 1540 3383 in
1571 3329 1858 3399 diligenter

271 3419 628 3476 discernenda
685 3422 1038 3491 capacitatem
1114 3419 1444 3492 singulorum
1506 3419 1851 3476 famulorum.

271 3509 572 3583 (Futgent.)
614 3510 799 3579 Quem,
848 3512 1040 3582 inquit,
1092 3513 1357 3567 constituit
1385 3511 1646 3566 Dominus
1697 3530 1856 3584 super

270 3601 535 3670 familiam
563 3618 737 3656 suam.
794 3602 927 3669 Quis
956 3603 1057 3658 iste
1087 3602 1350 3658 Dominus
1387 3613 1490 3669 est,
1541 3604 1645 3660 nisi
1698 3603 1857 3660 Chri-

269 3701 410 3757 stus,
472 3693 708 3763 quisuis
760 3693 1038 3764 discipulis
1085 3695 1200 3749 ait:
1253 3693 1356 3750 Vos
1408 3697 1604 3750 vocatis
1635 3712 1716 3750 me
1744 3713 1857 3750 ma-

268 3784 433 3854 gister
455 3795 502 3839 et
526 3784 767 3851 Domine,
799 3795 844 3840 et
901 3787 1026 3840 bene
1055 3785 1225 3840 dicitis
1255 3799 1272 3837 :
1307 3803 1423 3839 sum
1455 3787 1644 3839 etenim
1671 3784 1852 3856 (Joan.

269 3874 419 3948 xui).
453 3874 586 3943 Quae
621 3885 708 3932 est
753 3878 914 3932 etiam
955 3875 1114 3945 hujus
1155 3877 1368 3931 Domini
1427 3876 1662 3942 familia;
1696 3877 1856 3930 nimi-

270 3980 392 4019 rum
427 3964 519 4020 illa
555 3973 643 4020 est
688 3980 851 4036 quam
881 3966 995 4036 ipse
1037 3965 1297 4021 Dominus
1326 3967 1392 4022 de
1443 3981 1605 4021 manu
1652 3967 1855 4022 inimici

270 4055 522 4122 redemit,
561 4062 618 4110 et
652 4069 754 4110 suo
791 4055 1032 4112 dominio
1072 4056 1417 4126 mancipavit.
1474 4056 1600 4113 llzec
1652 4055 1855 4112 familia

271 4158 464 4206 sancta
493 4159 576 4206 est
605 4149 844 4207 Ecclesia
868 4151 1158 4214 catholica,
1197 4167 1316 4222 quae
1339 4167 1438 4223 per
1480 4152 1668 4208 orbem
1701 4159 1856 4206 teme

269 4241 493 4311 copiosa
525 4239 801 4298 fertilitate
828 4241 1168 4308 diffunditur,
1197 4251 1251 4298 et
1271 4243 1604 4314 redemptam
1635 4259 1694 4299 se
1734 4258 1852 4315 pre-

271 4337 414 4386 tioso
445 4331 656 4385 Domini
688 4333 769 4388 sui
794 4333 1055 4405 sanguine
1084 4333 1360 4405 gloriatur.
1397 4333 1572 4388 Filius
1592 4335 1728 4388 enim
1753 4335 1853 4388 ho-

269 4424 450 4488 minis,
484 4423 624 4479 sicut
645 4425 758 4494 ipse
794 4427 888 4490 ait,
937 4427 1070 4481 venit
1097 4443 1201 4481 non
1234 4427 1547 4492 ministrari,
1581 4427 1671 4481 sed
1698 4428 1855 4482 mini-

268 4522 461 4578 strare,
490 4524 539 4568 et
565 4515 693 4570 dare
721 4516 951 4571 animant
974 4534 1122 4572 suam
1154 4517 1561 4589 redemptionem
1585 4534 1680 4589 pro
1715 4516 1850 4571 mul-

270 4603 337 4657 tis
369 4605 588 4677 (Matth.
613 4606 726 4679 xx).
760 4608 878 4678 Ipse
906 4617 989 4664 est
1013 4609 1199 4675 etiam,
1223 4619 1404 4680 pastor
1423 4608 1586 4663 bonus
1614 4610 1703 4682 qui
1732 4609 1849 4664 ani-

269 4708 412 4747 mam
453 4711 603 4749 suam
634 4699 805 4768 posuit
847 4714 942 4768 pro
977 4699 1154 4753 ovibus
1189 4700 1300 4754 suis
1333 4699 1516 4772 (Joan.
1570 4700 1668 4774 ιιι).
1707 4699 1853 4756 Grex

269 4788 416 4843 enim
469 4791 700 4860 pastoris
749 4791 875 4846 boni
908 4791 1020 4862 ipsa
1075 4800 1158 4847 est
1209 4791 1412 4847 familia
1455 4793 1850 4863 Redemptoris.

270 4877 626 4952 Dispensator
678 4900 807 4939 vero
838 4885 960 4955 quis
989 4885 1060 4940 sit
1114 4900 1273 4954 quem
1325 4895 1539 4956 oportet
1577 4901 1696 4942 esse
1724 4887 1856 4942 fide-

269 4967 398 5038 lem,
426 4983 479 5028 et
516 4976 855 5045 prudentem,
912 4975 1108 5030 Paulus
1153 4977 1307 5031 nobis
1345 4977 1596 5031 ostendat
1630 4986 1849 5047 aposto-

271 5058 378 5130 lus,
423 5067 514 5136 qui
563 5067 631 5121 de
676 5083 734 5122 se
760 5068 980 5136 suisque
1017 5068 1181 5122 sociis
1227 5067 1451 5136 loquens
1489 5068 1566 5122 ait
1598 5087 1609 5122 :
1642 5068 1731 5123 Sic
1758 5085 1850 5122 nos

270 5156 528 5211 existimet
557 5159 713 5211 homo
744 5169 800 5211 ut
823 5159 1087 5213 ministros
1121 5157 1336 5222 Christi,
1369 5169 1416 5212 et
1465 5159 1849 5228 dispensatores

271 5251 633 5316 mysteriorum
662 5250 780 5305 Dei.
811 5249 913 5304 Hic
929 5253 1050 5322 jam
1083 5252 1340 5320 qumritur
1367 5251 1501 5306 inter
1528 5251 1853 5322 dispensato-

272 5355 350 5396 res
384 5356 438 5397 nt
465 5345 636 5414 ﬁdelis
673 5344 789 5414 quis
826 5345 1122 5398 inveniatur
1148 5342 1200 5415 (Ι
1231 5343 1354 5397 Cor.
1382 5342 1476 5413 iv).
1508 5341 1585 5396 Ne
1609 5342 1730 5413 quis
1749 5358 1848 5396 au-

272 5436 379 5484 tem
432 5444 675 5488 nostrum
728 5435 872 5490 solos
921 5435 1190 5507 apostolos
1249 5435 1647 5504 dispensatores
1676 5433 1849 5490 factos

272 5521 545 5579 existimet
585 5526 933 5596 neglectoque
957 5527 1161 5584 militiae
1209 5525 1469 5597 spiritalis
1491 5525 1686 5589 officio,
1731 5540 1845 5580 ser-

271 5622 372 5667 vus
401 5615 552 5686 piger
590 5616 878 5673 infideliter
917 5618 1390 5688 imprudenterque
1426 5616 1701 5680 dormitet,
1735 5616 1849 5686 ipse

275 5698 462 5762 beatus
509 5707 783 5778 apostolus
846 5709 1130 5780 cpiscopus
1181 5724 1392 5780 quoque
1449 5708 1848 5779 dispensatores

1942 519 2054 558 esse
2077 503 2211 557 sicut
2242 501 2339 556 Dei
2374 502 2790 573 dispensatorem
2830 501 2958 573 (Tit.
2992 501 3051 574 ι).
3093 501 3247 557 Servi
3277 517 3406 572 ergo
3430 517 3532 572 pa-

1944 591 2280 650 trisfamilias
2344 601 2402 648 et
2471 593 2878 664 dispensatores
2945 594 3154 649 Domini
3208 609 3413 657 sumus,
3473 601 3531 648 ut

1944 686 2224 744 conservis
2278 685 2460 741 cibum
2503 699 2665 755 quem
2705 701 2737 740 a
2785 687 3012 743 Domino
3065 688 3376 756 accepimus
3406 702 3528 743 ero—

1946 791 2156 850 gemas.

2022 905 2088 960 Ut
2111 906 2193 960 det
2218 905 2323 960 illis
2352 907 2521 961 cibum
2551 907 2604 961 in
2631 915 2879 978 tempore.
2909 905 3177 979 (Hieron)
3211 907 3537 976 Exemplum

1946 998 2375 1069 patrisfamilias,
2407 999 2509 1054 hoc
2545 1007 2648 1062 est,
2681 999 2766 1054 sui
2793 1007 2846 1054 et
2872 1015 3152 1053 servorum
3186 999 3449 1064 fidelium,
3479 1001 3532 1052 id

1947 1096 2049 1154 est,
2074 1088 2462 1159 apostolorum,
2494 1089 2562 1143 ad
2592 1089 3025 1144 cohortatiouem
3056 1088 3299 1143 sollicitae
3327 1090 3526 1144 mentis

1948 1181 2248 1245 interserit,
2274 1188 2333 1234 ut
2351 1193 2445 1250 spe
2469 1165 2815 1250 praemiorum
2838 1180 3147 1234 ministrent
3171 1181 3450 1235 conservis
3481 1181 3535 1233 in

1951 1282 2194 1344 tempore
2223 1287 2321 1328 suo
2379 1272 2587 1328 cibaria
2625 1273 3014 1328 doctrinarum.
3076 1271 3373 1344 (Fulgent.)
3405 1273 3542 1340 Quis

1950 1381 2080 1422 vero
2109 1368 2180 1420 sit
2205 1366 2379 1431 cibus,
2423 1380 2610 1434 quaeve
2659 1380 2936 1431 mensura,
2980 1363 3134 1433 juxta
3171 1365 3337 1418 alium
3369 1379 3536 1418 evan—

1950 1456 2220 1528 gelistam,
2253 1456 2434 1518 tritici,
2463 1457 2509 1510 si
2533 1470 2860 1525 quaeramus,
2886 1456 3076 1510 beatus
3097 1453 3296 1510 Paulus
3322 1464 3540 1524 aposto-

1950 1547 2034 1603 lus
2077 1547 2314 1603 ostendit
2357 1547 2543 1602 diceus
2587 1564 2601 1600 :
2643 1544 2934 1615 Unicuique
2976 1547 3109 1630 sicut
3160 1546 3304 1601 Deus
3361 1547 3537 1599 divisit

1949 1654 2252 1694 mensuram
2284 1636 2410 1708 ﬁdei
2459 1635 2637 1708 (Rom.
2670 1635 2796 1710 xu).
2836 1636 3010 1704 Quam
3049 1652 3178 1708 ergo
3225 1652 3536 1692 mensuram

1950 1729 2037 1785 vel
2069 1731 2250 1786 cibum
2274 1727 2521 1797 Christus
2547 1735 2842 1798 nuncupat,
2868 1727 3040 1796 ipsam
3072 1742 3383 1782 mensuram
3412 1725 3538 1779 fidei

1953 1821 2153 1877 Paulus
2180 1820 2435 1892 appellat,
2467 1827 2526 1874 ut
2553 1833 2911 1890 agnoscamus
2944 1833 3052 1872 non
3093 1817 3257 1871 alium
3299 1831 3421 1870 esse
3455 1817 3536 1869 ci-

1952 1913 2082 1968 bum
2110 1911 2443 1982 spiritalem,
2504 1908 2583 1962 vel
2631 1908 2894 1974 triticum,
2925 1906 3079 1976 juxta
3115 1907 3340 1973 Lucam,
3377 1922 3540 1977 quam

1953 2000 2274 2057 Cliristianze
2301 2000 2424 2056 fidei
2452 1997 2762 2054 venerabile
2800 2008 3200 2066 sacramentum
3233 1998 3383 2070 (Luc.
3416 1999 3537 2064 xu).

1954 2095 2108 2163 Hunc
2145 2093 2325 2150 cibum
2351 2092 2436 2148 vel
2463 2091 2628 2146 tritici
2669 2106 2982 2147 mensuram
3029 2091 3336 2145 sacerdotes
3368 2090 3418 2144 iu
3445 2107 3542 2145 uo-

1953 2185 2101 2240 mine
2125 2183 2339 2239 Domini
2369 2188 2615 2252 erogant,
2647 2181 2860 2250 quoties
2907 2179 3192 2234 illuminati
3248 2179 3390 2233 dono
3418 2195 3544 2251 gra-

1951 2277 2042 2330 tiae
2065 2273 2346 2345 spiritalis,
2380 2272 2678 2329 secundum
2722 2271 2963 2343 regulam
2996 2286 3136 2325 verae
3183 2269 3308 2325 fidei
3354 2271 3538 2340 dispu-

1953 2374 2090 2421 tant.
2121 2365 2186 2420 Et
2234 2364 2485 2419 eumdem
2534 2362 2731 2426 cibum,
2768 2360 2852 2416 vel
2888 2361 3051 2416 tritici
3098 2374 3412 2416 mensuram
3439 2376 3541 2430 per

1953 2457 2262 2513 Dominicos
2301 2456 2700 2525 dispensatores
2734 2451 2920 2508 fideles
2938 2451 3229 2523 accipiunt,
3258 2468 3380 2508 cum
3410 2467 3544 2522 quo-

1954 2551 2085 2608 tidie
2111 2565 2209 2622 per
2235 2549 2332 2606 Dei
2376 2546 2606 2604 famulos
2655 2546 2880 2602 verbum
2912 2546 3160 2600 veritatis
3189 2546 3434 2600 audiunt.
3467 2545 3544 2600 De

1956 2645 2072 2715 ipsa
2098 2659 2227 2716 ergo
2253 2641 2418 2698 tritici
2455 2654 2708 2696 mensura
2737 2638 2992 2694 Ecclesia:
3017 2638 3280 2708 praesules
3314 2637 3544 2708 loquun-

1955 2744 2064 2790 tur.
2107 2735 2184 2790 Ex
2223 2734 2340 2805 ipsa
2375 2731 2576 2796 cibum,
2601 2730 2742 2787 sicut
2768 2729 2911 2786 Deus
2934 2744 3032 2800 per
3051 2745 3147 2786 eos
3173 2730 3384 2794 dividit,
3425 2730 3546 2784 uni-

1955 2829 2099 2882 versi
2152 2825 2339 2882 fideles
2387 2833 2703 2895 pascuntur.
2761 2821 2894 2878 Inde
2930 2823 3187 2880 alimenta
3237 2823 3391 2878 bona:
3420 2822 3545 2877 vita:

1956 2925 2198 2981 sumunt,
2220 2924 2280 2970 ut
2320 2915 2389 2970 ad
2423 2923 2640 2971 acterna:
2670 2913 2796 2968 vitae
2825 2913 3049 2984 praemia
3095 2914 3381 2985 pervenire
3413 2927 3542 2984 pos-

1959 3007 2086 3071 sint,
2125 3007 2178 3061 in
2217 3006 2368 3060 illum
2406 3005 2711 3070 credentes,
2740 3003 2794 3058 in
2847 3003 2996 3058 illum
3049 3012 3354 3082 sperantes,
3381 3003 3538 3056 illum

1959 3113 2072 3169 prae
2089 3098 2342 3156 omnibus
2369 3105 2425 3153 et
2454 3097 2513 3153 in
2547 3097 2797 3153 omnibus
2831 3095 3133 3166 diligentes,
3163 3095 3258 3166 qui
3299 3095 3543 3164 seipsum

1959 3189 2118 3250 nobis
2143 3198 2198 3244 et
2242 3188 2557 3244 alimentum
2596 3194 2818 3258 praestat
2853 3199 2924 3240 ne
2976 3185 3297 3241 deﬁciamus
3326 3185 3381 3239 in
3433 3184 3542 3251 via,

1956 3290 2011 3336 ct
2037 3280 2316 3352 praemium
2360 3287 2542 3333 servat
2568 3285 2626 3331 ut
2661 3277 2992 3348 gaudeamus
3019 3275 3073 3330 in
3101 3274 3298 3346 patria.
3338 3271 3543 3346 (Greg.)

1956 3373 2061 3429 Per
2083 3388 2391 3429 mensuram
2413 3386 2543 3442 ergo
2570 3369 2737 3424 tritici
2766 3368 3093 3438 exprimitur
3130 3367 3323 3423 modus
3368 3367 3543 3422 verbi.

1958 3469 2080 3524 Alta
2117 3469 2316 3524 etenim
2347 3481 2573 3537 quzeque
2602 3465 2801 3520 debent
2827 3463 3010 3518 multis
3041 3462 3388 3518 audientibus
3415 3477 3546 3517 eon—

1957 3563 2087 3634 tegi,
2119 3569 2173 3616 et
2202 3560 2290 3614 vix
2322 3559 2507 3630 paucis
2545 3557 2766 3629 aperiri,
2818 3572 2886 3611 ne
2936 3571 3061 3611 cum
3110 3563 3338 3627 angusto
3388 3555 3541 3610 cordi

1957 3654 2256 3726 incapabile
2310 3653 2514 3722 aliquid
2566 3651 2844 3714 tribuitur,
2885 3655 3036 3704 extra
3087 3647 3361 3703 fundatur.
3404 3647 3542 3703 Hinc

1959 3748 2170 3818 Moyses
2191 3761 2220 3799 a
2253 3753 2463 3801 secreto
2491 3743 2588 3797 Dei
2615 3744 2801 3797 exiens
2823 3749 3198 3797 coruscantem
3228 3741 3423 3797 faciem
3451 3757 3546 3796 co-

1957 3855 2077 3894 ram
2101 3836 2300 3908 populo
2324 3835 2486 3901 velat,
2516 3836 2641 3904 quia
2681 3834 2937 3890 nimirum
2964 3833 3138 3890 turbis
3164 3835 3428 3891 claritatis
3457 3836 3542 3891 in-

1959 3929 2105 3984 limae
2129 3941 2325 3982 arcana
2362 3941 2469 3982 non
2520 3925 2746 3981 indicat.
2799 3924 2907 3979 Pro
2953 3925 3214 3994 qualitate
3252 3925 3418 3996 igitur
3442 3940 3543 3979 au-

1958 4017 2219 4074 dientium
2247 4016 2471 4072 formari
2511 4017 2671 4071 debet
2697 4030 2879 4070 sermo
2914 4015 3216 4076 doctorum,
3253 4022 3312 4067 ut
3356 4014 3421 4068 ad
3447 4029 3544 4068 sua

1959 4107 2184 4179 singulis
2213 4105 2498 4179 congruat,
2527 4113 2583 4161 et
2631 4114 2810 4160 tamen
2840 4122 2870 4159 ιι
2901 4105 3204 4160 communis
3232 4103 3544 4159 mdiﬁcatio—

1957 4201 2042 4255 nis
2069 4206 2186 4255 arte
2210 4214 2486 4269 nunquam
2515 4197 2757 4253 recedat.

2029 4331 2223 4387 Beatus
2248 4331 2338 4386 ille
2364 4347 2543 4386 servus
2565 4346 2739 4402 quem,
2769 4346 2886 4384 cum
2911 4331 3110 4383 uenerit
3127 4328 3385 4384 Dominus
3405 4330 3542 4399 ejus,

1959 4423 2209 4477 invenerit
2238 4423 2316 4477 sic
2343 4421 2641 4491 facientem.
2673 4421 2838 4484 Amen
2859 4419 2977 4474 dico
3002 4420 3163 4483 vobis,
3192 4422 3439 4491 quoniam
3455 4439 3545 4475 su-

1957 4533 2050 4588 per
2096 4515 2274 4570 omnia
2309 4515 2443 4568 bona
2475 4530 2574 4568 sua
2627 4515 2905 4567 constituet
2953 4528 3092 4566 eum.
3130 4513 3343 4580 Quanta
3402 4513 3547 4568 inter

1958 4608 2126 4664 bonos
2152 4607 2425 4662 auditores
2448 4614 2504 4661 et
2549 4605 2722 4660 bonos
2773 4605 3025 4660 doctores
3078 4605 3354 4672 distantia,
3395 4615 3544 4661 tanta

1959 4708 2044 4756 est
2068 4709 2123 4754 et
2148 4700 2518 4767 praemiorum.
2549 4697 2658 4753 Hos
2678 4699 2824 4753 enim
2858 4697 3152 4754 adveniens
3171 4714 3295 4753 cum
3316 4697 3543 4768 vigilan-

1960 4803 2042 4847 tes
2069 4791 2359 4856 invenerit,
2385 4791 2548 4846 facict
2591 4790 2955 4856 discumbere,
2991 4797 3048 4846 et
3083 4790 3356 4844 transiens
3385 4789 3544 4843 mini-

1959 4881 2156 4938 strabit
2181 4881 2304 4936 illis.
2337 4880 2462 4935 Illos
2488 4887 2667 4935 autem
2698 4895 2821 4936 cum
2861 4881 3011 4937 verbi
3063 4896 3336 4936 annonam
3387 4879 3545 4932 fami.

1958 4975 2044 5031 liae
2075 4975 2178 5030 sibi
2206 4974 2426 5029 creditm
2458 4972 2685 5027 fideliter
2730 4975 3136 5045 prudenterque
3163 4974 3545 5042 dispensantes

1959 5066 2248 5132 invenerit,
2273 5080 2435 5136 supra
2483 5065 2664 5119 omnia
2693 5081 2813 5136 quae
2848 5067 3086 5137 possidet
3139 5065 3453 5125 constituet,
3487 5063 3541 5117 id

1958 5167 2042 5215 est
2069 5175 2230 5230 supra
2265 5159 2444 5215 omnia
2477 5158 2713 5213 cmlestis
2760 5159 2908 5228 regni
2964 5158 3176 5228 gaudia.
3212 5156 3323 5211 Non
3355 5156 3545 5226 utique
3583 5221 3590 5223 _

1958 5258 2019 5303 ut
2063 5248 2256 5304 borum
2309 5248 2408 5304 soli
2448 5248 2746 5303 dominium
2783 5258 3022 5314 teneant,
3085 5251 3179 5304 sed
3231 5259 3290 5304 ut
3343 5265 3532 5304 eorum

1959 5339 2320 5395 abundantius
2391 5340 2604 5396 caeteris
2665 5339 2868 5395 sanctis
2933 5348 3135 5394 attcrna
3197 5340 3542 5408 possessione

1955 5431 2224 5486 fruantur.
2281 5428 2383 5497 Qui
2446 5431 2584 5486 enim
2646 5431 2786 5484 docti
2835 5431 3030 5501 fuerint
3079 5430 3349 5502 fulgebunt
3387 5431 3540 5501 quasi

1955 5521 2202 5592 splendor
2241 5521 2558 5590 ﬁrmamenti
2581 5539 2600 5587 ;
2639 5531 2685 5576 et
2716 5523 2806 5592 qui
2858 5521 2930 5576 ad
2977 5523 3246 5593 justitiam
3287 5523 3533 5578 erudiunt

1957 5613 2164 5674 multos.
2205 5613 2358 5682 quasi
2401 5612 2566 5668 itetlte
2611 5613 2666 5667 in
2705 5623 2979 5682 perpetuas
3019 5615 3333 5668 wternitates
3369 5613 3534 5687 (Dan.

1955 5707 2072 5778 xu).
2122 5705 2189 5762 Et
2227 5705 2511 5776 Apostolus
2538 5708 2611 5761 ait
2641 5720 2654 5763 :
2691 5705 2793 5771 Qui
2821 5705 2944 5761 bene
2972 5717 3203 5778 pra‘sunt
3252 5705 3540 5778 presbyteri
