3998 6188
263 240 418 298 1035
1244 243 1596 301 ΟΟΜΜΕΝΤ.
1639 243 1706 298 ΙΝ
1743 241 1869 297 MA]

1977 242 2179 301 [ZEURL
2217 278 2290 289 —-—
2325 249 2452 305 LIB.
2495 251 2604 309 VH.
3431 264 3574 320 1086

263 352 323 406 in
351 365 472 434 qua
519 352 712 408 doctor
735 352 828 422 qui
869 354 1186 409 mandatum
1223 355 1447 412 solverit
1488 357 1745 412 minimus
1772 369 1871 410 vo-
1903 357 1955 417 Α
1979 372 2287 446 acceperunt
2311 364 2483 418 oleum
2503 382 2678 421 secum
2712 368 2768 423 in
2791 371 2928 425 vasis
2953 371 3065 427 suis
3088 389 3206 427 cum
3238 376 3574 446 lampadibus

259 450 458 509 catur,
505 443 638 514 quia
679 443 834 514 cujus
875 444 987 499 vita
1033 445 1350 516 despicitur,
1383 455 1554 503 restat
1591 457 1650 504 ut
1686 453 1884 518 praedi-
1984 445 2126 518 (Gal.
2159 448 2257 521 vr),
2290 452 2341 506 id
2367 462 2452 509 est
2481 455 2724 512 laetitiam
2771 460 3036 516 bonorum
3066 477 3291 533 operum
3326 443 3380 520 in
3409 470 3579 524 corde

257 534 426 589 catio
457 543 860 591 contemnatur.
894 535 1078 592 Simile
1107 548 1217 603 est,
1244 539 1342 604 ait,
1383 556 1598 611 regnum
1633 543 1882 602 caelorum

256 623 456 680 decem
510 627 798 698 virginibus
826 668 840 692 ,
893 644 1011 698 qua:
1069 631 1382 700 accipientes
1434 631 1704 703 lampades
1754 654 1880 694 suas

257 718 528 774 exierunt
565 720 767 774 obviam
805 737 994 790 sponso
1019 731 1068 775 et
1088 738 1312 792 sponsae.
1351 721 1534 795 (Aug)
1565 724 1720 792 Quod
1751 743 1880 784 vero

259 824 484 876 sponso
511 811 648 866 dixit
691 821 746 866 et
781 827 996 882 sponsa:
1039 813 1252 868 obviam
1287 815 1475 871 venire
1509 816 1768 888 virgines,
1801 821 1879 876 sic

259 899 692 972 intelligendum
718 911 870 972 puto,
907 910 966 957 ut
990 919 1058 959 ex
1089 904 1220 974 ipsis
1243 905 1546 976 virginibus
1575 919 1786 964 constet
1813 927 1877 966 ea

259 1005 391 1059 quae
416 991 630 1048 dicitur
667 1009 884 1064 sponsa,
917 1002 1174 1064 tanquam
1199 997 1242 1051 si
1271 997 1526 1053 omnibus
1551 998 1878 1058 Christianis

260 1080 320 1134 in
345 1078 665 1137 Ecclesium
690 1085 1156 1150 concurrentibus,
1185 1085 1279 1139 ﬁlii
1303 1088 1369 1141 ad
1394 1095 1619 1142 matrem
1642 1104 1876 1146 concur-

259 1187 392 1226 rere
424 1173 706 1238 dicantur,
746 1189 866 1229 cum
899 1175 1030 1244 ipsis
1055 1175 1180 1231 ﬁliis
1204 1179 1548 1249 congregatis
1573 1190 1785 1236 constet
1813 1198 1878 1238 ea

257 1279 391 1332 qua:
418 1264 626 1320 dicitur
652 1275 844 1321 mater.
877 1265 1030 1322 Nunc
1054 1268 1200 1322 enim
1228 1268 1556 1339 desponsata
1584 1281 1668 1328 est
1689 1273 1876 1332 Eccle-

258 1359 370 1423 sia,
404 1370 468 1416 et
498 1362 650 1432 virgo
679 1369 765 1418 est
788 1361 856 1417 ad
883 1363 1099 1432 nuptias
1124 1365 1490 1432 perducenda,
1529 1367 1582 1421 id
1613 1379 1718 1434 est,
1751 1383 1874 1424 cum

258 1464 322 1501 se
353 1451 610 1507 continet
647 1467 679 1507 a
709 1453 1054 1524 corruptione
1085 1454 1350 1509 saeculari.
1389 1456 1485 1512 lllo
1512 1467 1695 1514 autem
1733 1469 1873 1515 tem-

259 1555 407 1607 pore
440 1542 629 1611 nubet,
661 1559 769 1615 quo
818 1546 1071 1600 universa
1114 1546 1445 1603 mortalitate
1484 1551 1536 1604 in
1564 1567 1626 1606 ea
1653 1561 1876 1622 praeter-

260 1643 443 1690 eunte
491 1630 783 1692 immortali
823 1636 1202 1707 conjunctione
1255 1637 1476 1695 letatur.
1527 1640 1871 1713 Desponsavi,

1981 546 2144 608 atque
2196 543 2898 631 conscientia‘posuerunt.
2961 550 3114 607 Sicut
3163 561 3219 608 et
3269 557 3572 625 prmdictus

1979 631 2268 703 Apostolus
2315 651 2520 705 monet,
2549 648 2604 695 et
2630 642 2764 696 dicit
2800 661 2815 700 :
2865 641 3055 699 Probet
3081 647 3308 716 seipsum
3338 649 3494 704 homo
3524 661 3573 705 et

1980 731 2103 776 tunc
2140 724 2195 778 in
2224 727 2498 797 semetipso
2530 728 2755 799 gloriam
2796 731 3022 798 habebit,
3065 744 3114 788 et
3149 753 3252 791 non
3289 739 3344 792 in
3382 738 3567 794 altero.

1978 813 2046 868 Et
2067 815 2194 870 item
2216 833 2229 869 :
2256 814 2512 884 Gaudete,
2535 819 2728 889 inquit,
2752 821 2807 875 in
2829 822 3053 878 Domino
3075 843 3294 897 semper,
3316 840 3363 883 et
3385 830 3576 884 iterum

1977 904 2094 959 dico
2113 907 2334 976 gaudete
2359 908 2524 982 (Phil.
2552 909 2647 982 ιν).
2683 910 2889 986 [Greg.]
2921 914 3074 971 Unde
3099 921 3394 974 notandum
3426 923 3573 991 quod

1976 1010 2169 1052 omnes
2211 997 2488 1069 lampades
2517 1000 2737 1070 habent,
2770 1005 2866 1060 sed
2903 1021 3094 1064 omnes
3127 1010 3305 1065 oleum
3337 1028 3440 1067 non
3474 1014 3572 1068 ha-

1976 1087 2122 1152 bent,
2164 1089 2289 1158 quia
2317 1089 2636 1163 plerumque
2668 1093 2807 1149 bona
2843 1097 2899 1150 in
2940 1112 3000 1152 se
3029 1114 3196 1168 opera
3225 1116 3348 1155 cum
3381 1102 3577 1158 electis

1977 1187 2031 1234 et
2064 1181 2277 1249 reprobi
2307 1183 2621 1250 ostendunt,
2651 1187 2744 1241 sed
2775 1187 2874 1242 soli
2900 1189 2966 1244 ad
2998 1205 3254 1260 sponsum
3291 1208 3413 1248 cum
3452 1194 3576 1248 oleo

1975 1273 2199 1328 veniunt
2227 1275 2320 1344 qui
2350 1275 2415 1330 de
2453 1277 2537 1332 his
2575 1294 2696 1348 qua:
2740 1279 2875 1336 foris
2913 1283 3123 1352 egerint
3170 1284 3312 1338 intus
3345 1285 3572 1353 gloriam

1976 1363 2280 1432 requirunt.
2331 1364 2485 1421 Unde
2522 1381 2618 1435 per
2652 1368 2988 1437 psalmistam
3015 1386 3232 1440 quoque
3270 1372 3336 1427 de
3377 1383 3566 1429 sancta

1974 1451 2270 1509 electorum
2301 1455 2542 1511 Ecclesia
2585 1457 2823 1513 dicitur:
2857 1457 3042 1514 Omnis
3071 1459 3242 1532 gloria
3281 1462 3396 1532 ejus
3439 1463 3572 1533 filia:

1977 1558 2155 1611 regum
2184 1537 2248 1597 ab
2271 1545 2413 1599 intus
2440 1543 2613 1617 (Psal.
2644 1547 2816 1621 κων).
3339 1573 3341 1576 '

2047 1633 2103 1687 Μ
2109 1643 2266 1690 oram'
2276 1647 2450 1690 autem
2473 1638 2694 1707 faciente
2721 1657 2909 1711 sponso
2932 1641 3342 1698 dormitaverunt
3363 1661 3573 1711 omnes,

260 1725 480 1796 inquit,
514 1745 601 1783 υο,
625 1729 719 1783 νηί
739 1727 850 1783 vim
875 1729 1126 1799 virginem
1165 1739 1366 1785 εαειαηι
1400 1731 1640 1788 exhibere
1661 1732 1869 1790 Chmw
1897 1716 1946 1776 B
1973 1733 2021 1776 et
2043 1723 2390 1780 dormierunt.
2422 1725 2559 1794 Quia
2591 1728 2718 1782 dum
2749 1730 2936 1785 venire
2955 1730 3123 1800 judex
3153 1731 3220 1785 ad
3261 1742 3568 1788 extremum

260 1817 356 1885 (ιι
382 1817 516 1873 εον,
539 1818 639 1893 χι),
681 1818 804 1887 ιινοε⁹
847 1821 1044 1892 inquit,
1068 1821 1338 1892 virginem,
1379 1839 1409 1878 a
1441 1823 1632 1894 plum“
1659 1827 1727 1880 ad
1757 1825 1870 1881 sin.
1964 1811 2230 1881 judicium
2281 1813 2484 1880 differt,
2518 1815 2674 1870 electi
2707 1825 2774 1888 et.
2799 1819 3013 1887 reprobi
3051 1820 3104 1873 in
3146 1822 3340 1876 mortis
3377 1837 3576 1878 somno

260 1909 521 1977 gularem
563 1926 850 1966 numerum
882 1912 1228 1967 concludens.
1279 1914 1391 1968 Cur
1419 1922 1599 1969 autem
1625 1916 1869 1985 quinque

261 1998 439 2053 dicta:
480 2008 623 2065 sunt,
655 2001 1046 2071 subsequenter
1084 2017 1435 2071 exponemus.
1464 2003 1729 2060 Videntur
1761 2007 1870 2061 ita-

259 2105 379 2158 que
432 2092 565 2146 mihi
595 2092 830 2161 quinque
855 2092 1094 2164 virgines
1141 2095 1447 2165 signiﬁcare
1495 2098 1864 2168 quinquepar-

264 2182 434 2235 titam
462 2182 844 2237 continentiam
867 2197 898 2237 a
919 2185 1100 2239 carnis
1121 2184 1407 2243 illecebris.
1433 2187 1494 2242 ln
1518 2189 1756 2259 quinque
1779 2205 1871 2245 att-

266 2278 386 2323 tem
420 2270 668 2326 sensibus
693 2270 957 2337 subsistit,
987 2273 1041 2329 id
1070 2282 1177 2341 est,
1211 2277 1349 2341 visu,
1380 2278 1586 2343 auditu,
1614 2279 1864 2346 odoratu,

267 2372 438 2431 gustu
477 2371 532 2417 et
556 2370 724 2419 tactu.
783 2364 1151 2422 Continendus
1179 2376 1265 2422 est
1293 2369 1438 2423 enim
1463 2371 1631 2426 animi
1659 2373 1867 2442 appeti-

271 2464 366 2509 tus
393 2470 426 2508 a
452 2455 724 2525 voluptate
751 2456 1052 2524 oculorum,
1084 2473 1115 2513 a
1142 2459 1416 2530 voluptate
1443 2462 1677 2529 aurium,
1705 2480 1736 2519 a
1766 2480 1864 2519 vo-

171 2596 189 2612 ,
270 2543 487 2612 lnptate
514 2544 829 2609 olfaciendi,
865 2549 1150 2617 gustandi,
1184 2551 1462 2621 tangendi.
1517 2550 1718 2627 (Ct-eg.)
1762 2554 1869 2611 Ge-

271 2635 521 2690 tninatus
560 2644 739 2690 autem
787 2637 1070 2707 quinarius
1112 2655 1370 2697 numerus
1409 2643 1689 2700 denarium
1743 2661 1870 2716 per-

274 2727 416 2780 ﬁcit.
473 2729 540 2782 Et
580 2730 706 2798 quia
750 2742 816 2784 ex
855 2737 1085 2801 utroque
1132 2748 1264 2789 sexu
1307 2734 1543 2790 ﬁdelium
1581 2737 1870 2796 multitudo

272 2817 574 2886 colligitur,
623 2828 808 2874 sancta
841 2821 1083 2878 Ecclesia
1115 2824 1300 2880 decem
1331 2826 1634 2897 virginibus
1677 2830 1872 2886 similis

274 2912 653 2968 denuntiatur.
676 2913 734 2968 In
764 2929 871 2984 qua
902 2917 1028 2985 quia
1056 2917 1181 2972 mali
1211 2933 1332 2974 cum
1359 2920 1537 2985 bonis,
1568 2929 1625 2975 et
1655 2922 1872 2991 reprobi

274 3018 407 3057 cum
454 3003 641 3060 electis
685 3006 909 3062 admixti
961 3016 1108 3074 sunt,
1155 3019 1302 3064 recte
1342 3011 1533 3066 similis
1570 3013 1871 3084 virginibus

273 3094 638 3160 prudentibus
659 3103 716 3151 et
748 3095 908 3151 fatuis
942 3113 1064 3154 esse
1091 3099 1424 3168 perhibetur.
1467 3100 1608 3156 Sunt
1635 3117 1872 3172 namque

273 3187 529 3257 plerique
578 3189 917 3246 continentes
962 3191 1056 3260 qui
1100 3192 1168 3246 ab
1216 3194 1477 3250 exteriori
1529 3209 1589 3250 se
1631 3197 1873 3267 appetitu

275 3281 616 3348 custodiunt,
661 3289 717 3338 et
752 3298 848 3353 spe
882 3283 948 3339 ad
988 3284 1244 3339 interiora
1291 3285 1601 3354 rapiuntur;
1650 3303 1870 3343 carnem

274 3377 582 3435 macerant,
627 3380 682 3427 et
727 3379 842 3427 toto
883 3372 1154 3428 desiderio
1197 3373 1265 3427 ad
1303 3389 1595 3443 supernam
1640 3376 1872 3443 patriam

275 3458 566 3525 anhelant,
618 3469 819 3516 aeterna
865 3461 1085 3531 praemia
1141 3472 1401 3534 expetunt
1450 3481 1550 3536 pro
1598 3465 1873 3524 laboribus

276 3548 392 3603 suis
421 3550 680 3620 recipere,
709 3550 896 3605 laudes
923 3552 1188 3607 humanas
1235 3553 1447 3609 nolunt.
1501 3554 1568 3611 Hi
1613 3556 1872 3612 nimirum

277 3641 508 3711 gloriam
535 3657 688 3697 suam
713 3657 820 3698 non
850 3643 904 3697 in
930 3658 1026 3698 ore
1048 3644 1326 3700 hominum
1352 3657 1582 3714 ponunt,
1607 3648 1702 3702 sed
1726 3647 1872 3702 intra

273 3731 670 3787 conscientiam
699 3741 1011 3804 contegunt.
1043 3732 1112 3787 Et
1139 3742 1266 3788 sunt
1287 3733 1532 3804 plerique
1555 3736 1647 3803 qui
1674 3749 1872 3805 corpus

269 3836 381 3890 per
418 3822 798 3878 abstinentiam
830 3821 1093 3893 amigunt,
1143 3822 1238 3878 sed
1289 3823 1356 3879 de
1410 3824 1524 3894 ipsa
1567 3840 1666 3879 sua
1702 3825 1874 3881 absti-

271 3914 464 3969 nentia
508 3915 780 3969 humanos
811 3914 1028 3970 favores
1067 3923 1359 3986 expetunt;
1394 3917 1655 3973 doctrinae
1698 3919 1873 3976 inser-

272 4007 457 4071 viunt,
487 4005 853 4078 indigentibus
881 4005 1048 4060 multa
1074 4005 1398 4078 largiuntur,
1429 4008 1525 4064 sed
1555 4009 1719 4064 fatua:
1746 4026 1872 4080 pro-

274 4094 425 4151 fecto
465 4104 593 4151 sunt
638 4095 895 4167 virgines,
935 4097 1061 4167 quia
1101 4097 1270 4152 solam
1318 4097 1493 4154 laudis
1542 4101 1872 4156 transitoria:

276 4185 697 4241 retributionem
727 4194 994 4256 quaerunt.
1029 4186 1182 4243 Unde
1210 4197 1266 4243 et
1295 4196 1480 4259 aperte
1508 4189 1786 4245 subditur:

353 4295 458 4351 Sed
487 4298 714 4368 quinque
749 4297 914 4368 fatum
952 4300 1176 4370 acceptis
1219 4299 1550 4370 lampadibus
1593 4318 1695 4355 non
1721 4319 1867 4357 sum-

274 4398 492 4461 pserunt
551 4389 724 4442 oleum
783 4405 981 4444 secum.
1041 4389 1334 4446 Prudentes
1395 4408 1513 4446 vero
1565 4403 1869 4463 acceperunt

276 4479 452 4533 oleum
505 4479 562 4533 in
598 4479 735 4534 uasis
790 4480 901 4533 suis
955 4496 1072 4533 cum
1115 4479 1463 4551 lampadibus.
1532 4481 1638 4537 Per
1690 4483 1868 4538 oleum

275 4569 478 4642 quippe
509 4567 652 4623 nitor
676 4568 861 4640 gloria:
889 4568 1224 4640 designatur.
1274 4569 1503 4627 Vascula
1533 4580 1734 4637 autem,
1768 4588 1869 4628 no-

277 4668 394 4713 stra
428 4669 554 4714 sunt
584 4659 770 4726 corda,
801 4661 854 4714 in
885 4659 1081 4731 quibus
1110 4660 1334 4718 ferimus
1363 4672 1559 4719 cuncta
1583 4679 1703 4734 quae
1725 4665 1872 4736 cogi-

279 4763 478 4807 tamus.
516 4751 819 4808 Prudentes
851 4767 983 4810 vero
1014 4753 1195 4809 oleum
1236 4755 1289 4809 in
1317 4756 1464 4811 vasis
1493 4757 1715 4821 habent,
1743 4758 1870 4828 quia

281 4842 514 4898 nitorem
539 4841 725 4912 gloria:
765 4841 910 4898 intra
938 4843 1327 4899 conscientiam
1356 4852 1560 4910 tenent,
1590 4846 1752 4901 Paulo
1783 4855 1866 4902 at-

279 4943 516 4990 tcslante
544 4933 636 5003 qui
668 4934 744 4990 ait
770 4951 782 4987 :
813 4931 996 4989 Gloria
1029 4945 1209 4989 nostra
1246 4937 1358 4990 lucc
1399 4947 1474 4991 est
1514 4940 1867 4993 testimonium

280 5025 611 5082 conscientia:
633 5035 825 5082 nostra:
852 5025 938 5098 (ΙΙ
963 5024 1086 5080 Cor.
1114 5025 1177 5096 ι).
1209 5025 1394 5082 Fatua:
1418 5037 1601 5083 autem
1631 5028 1868 5098 virgines

279 5119 458 5172 oleum
491 5134 676 5174 secum
705 5133 814 5173 non
845 5126 1088 5182 sumunt,
1120 5118 1245 5186 quia
1275 5117 1502 5189 gloriam
1548 5119 1688 5173 intra
1731 5133 1863 5174 con-

282 5209 563 5264 scientiam
605 5225 712 5264 non
750 5209 972 5273 habent,
1021 5210 1146 5264 dum
1185 5210 1327 5263 hanc
1364 5210 1433 5263 ah
1458 5225 1552 5265 ore
1592 5210 1867 5279 proximo-

283 5316 400 5353 rum
432 5309 700 5370 quaerunt.
761 5299 944 5369 (Aug)
999 5299 1130 5355 ltem
1183 5300 1234 5353 iu
1267 5299 1388 5354 oleo
1438 5299 1620 5353 laetitia
1674 5301 1868 5356 mentis

281 5393 630 5461 rxprilnitur;
664 5395 801 5447 unde
829 5403 882 5447 et
906 5392 1165 5462 scriptum
1188 5402 1301 5446 est:
1332 5389 1489 5445 Unzit
1517 5400 1565 5444 te
1586 5390 1725 5445 Deus
1747 5402 1864 5446 tuus

283 5483 394 5536 oleo
433 5483 631 5540 laetitia
672 5501 781 5554 pra:
823 5484 1149 5540 consortibus
1195 5485 1300 5537 tuis
1344 5481 1520 5552 (Psal.
1551 5484 1717 5554 κων).
1763 5483 1866 5550 Qui

282 5587 408 5628 vero
451 5590 554 5630 non
603 5583 886 5646 pmpterea
935 5575 1170 5645 gaudet,
1220 5574 1343 5643 quia
1383 5574 1494 5628 Deo
1542 5573 1868 5629 intrinsecus

288 5662 478 5737 placet,
523 5680 628 5720 non
679 5665 840 5720 habet
887 5663 1065 5720 oleum
1113 5678 1318 5719 secum.
1368 5659 1662 5718 Prudentes
1692 5671 1866 5719 autem

1971 1904 2257 1973 sapiuntur
2281 1921 2293 1956 :
2321 1905 2558 1960 dormire
2586 1907 2787 1962 etenim
2817 1909 2956 1963 mori
2988 1918 3090 1964 est.
3145 1910 3286 1965 Ante
3321 1926 3572 1968 somnum

1969 2007 2098 2048 vero
2139 1995 2456 2061 dormitare,
2488 2006 2572 2052 est
2616 2006 2743 2053 ante
2789 2008 3020 2054 mortem
3057 2016 3086 2054 a
3120 2001 3292 2057 salute
3342 2003 3567 2075 langue-

1971 2100 2150 2152 scere,
2187 2087 2313 2156 quia
2353 2102 2452 2156 per
2492 2088 2706 2158 pondus
2753 2091 3090 2160 :egritudinis
3138 2094 3454 2161 pervenitur
3501 2096 3574 2150 ad

1969 2192 2219 2231 somnum
2266 2179 2476 2232 mortis.
2529 2176 2797 2252 (Περι-οη.)
2847 2179 2991 2237 Mors
3025 2181 3170 2236 enim
3222 2191 3568 2248 sanctorum,

1968 2265 2241 2320 somnium
2289 2267 2608 2337 appellatur.
2655 2267 3064 2339 Consequenter
3110 2281 3294 2326 autem
3345 2271 3569 2339 dicitur,

1968 2354 2416 2423 Dormitaverunt,
2439 2358 2563 2427 quia
2592 2367 2780 2428 postea
2808 2361 3132 2417 suscitandze
3161 2371 3309 2418 sunt.

2041 2447 2219 2502 Media
2269 2459 2442 2503 autem
2478 2460 2624 2505 nocte
2657 2451 2860 2507 clamor
2886 2453 3062 2522 factus
3098 2465 3214 2510 est:
3241 2455 3378 2510 Ecce
3410 2474 3570 2528 spon-

1967 2553 2058 2591 sus
2083 2537 2232 2601 venit,
2263 2539 2400 2592 exite
2422 2540 2624 2593 obviam
2647 2542 2714 2595 ei.
2762 2539 2968 2613 (Greg.)
3000 2545 3076 2598 De
3107 2545 3341 2600 adventu
3381 2549 3564 2617 sponsi

1968 2629 2174 2683 clamor
2203 2629 2257 2684 in
2291 2629 2468 2685 media
2507 2640 2666 2688 nocte
2695 2633 2776 2698 ﬁt,
2806 2635 2931 2704 quia
2961 2635 3041 2690 sic
3066 2635 3183 2691 dies
3213 2635 3404 2704 judicii
3434 2640 3564 2694 sub-

1970 2725 2130 2794 repit,
2163 2734 2224 2779 ut
2250 2726 2536 2796 prmvideri
2573 2742 2681 2783 non
2724 2728 2902 2783 valeat
2946 2731 3163 2800 quando
3189 2733 3358 2787 venit.
3415 2734 3569 2790 Unde

1973 2816 2233 2888 scriptum
2272 2826 2374 2884 est,
2399 2817 2528 2874 Dies
2563 2819 2651 2874 ille
2687 2820 2820 2875 sicut
2852 2821 2942 2891 [ur
2975 2824 3031 2876 in
3065 2833 3232 2889 nocte,
3270 2827 3347 2880 ita
3382 2828 3568 2882 veniet.

1975 2905 2245 2978 (Ηίενοη.)
2277 2905 2468 2964 Subito
2503 2910 2648 2964 enim
2673 2912 2830 2982 quasi
2862 2913 3187 2984 intempesta
3217 2927 3376 2972 nocte
3403 2928 3458 2972 et
3485 2934 3572 2973 se-

1976 2997 2124 3052 curis
2160 2998 2414 3054 omnibus
2458 3001 2676 3070 quando
2726 3003 3081 3072 gravissimus
3118 3019 3280 3075 sopor
3314 3018 3418 3072 est,
3467 3023 3569 3062 an-

1898 3072 1943 3134 C
1975 3086 2216 3158 gelorum
2247 3088 2452 3146 clamor
2479 3099 2534 3145 et
2571 3091 2696 3146 tuba
2734 3095 3161 3163 praecedentium
3181 3072 3566 3152 lortitudinum

1975 3178 2177 3236 Christi
2218 3183 2495 3238 resonabit
2524 3184 2837 3240 adventum.
2891 3187 3144 3244 Dicamus
3189 3189 3392 3260 aliquid
3428 3192 3572 3261 quod

1977 3271 2211 3327 forsitan
2260 3272 2452 3329 lectori
2502 3275 2636 3332 utile
2681 3276 2772 3332 sit.
2827 3277 3071 3334 Traditio
3135 3279 3443 3337 Judarorum
3490 3291 3579 3339 est

1975 3361 2252 3418 Christum
2302 3365 2479 3420 media
2524 3374 2684 3422 nocte
2732 3377 3039 3438 venturum,
3079 3370 3132 3425 in
3163 3372 3575 3430 similitudinem

1973 3452 2191 3525 zEgypti
2221 3455 2480 3524 temporis
2508 3458 2729 3526 quando
2757 3458 2971 3517 Pascha
3021 3461 3357 3518 celebratum
3385 3472 3490 3526 est,
3519 3473 3577 3524 et

1972 3547 2365 3602 exterminator
2411 3549 2561 3604 venit
2601 3561 2658 3604 et
2700 3551 2962 3607 Dominus
3008 3569 3171 3622 super
3221 3556 3574 3614 tabernacula

1972 3643 2209 3708 transiit,
2257 3650 2312 3696 et
2349 3647 2612 3713 sanguine
2656 3644 2780 3712 agni
2836 3658 3020 3713 postes
3054 3657 3367 3701 nostrarum
3415 3647 3568 3702 fron-

1975 3732 2105 3785 tium
2135 3732 2439 3788 consecrati
2470 3740 2597 3786 sunt
2623 3729 2822 3803 (Exod.
2853 3732 2973 3806 xu).
3013 3733 3166 3790 Unde
3203 3750 3328 3791 reor
3356 3745 3412 3792 et
3454 3747 3568 3792 tra-

1971 3821 2232 3876 ditionem
2269 3821 2620 3890 apostolicam
2653 3824 3038 3892 permansisse,
3068 3835 3128 3880 ut
3152 3826 3241 3882 die
3267 3827 3574 3898 vigiliarum

1971 3910 2194 3966 Pasehm
2219 3920 2345 3966 ante
2373 3911 2550 3967 noctis
2575 3913 2766 3968 media:
2793 3914 3024 3984 spatium
3051 3917 3276 3986 populos
3301 3919 3576 3976 dimittere

1970 4018 2076 4057 non
2111 4002 2290 4068 liceat,
2321 4011 2699 4072 exspectantes
2729 4004 3027 4060 adventum
3056 4007 3280 4063 Christi.
3328 4009 3398 4064 Et
3421 4020 3570 4080 post.-

1971 4109 2134 4162 quam
2171 4093 2302 4148 illud
2339 4103 2553 4163 tempus
2585 4095 2891 4162 transierit,
2921 4097 3213 4154 securitate
3241 4109 3570 4168 praesumpta

1971 4185 2167 4239 festum
2221 4184 2430 4239 cunctis
2465 4185 2754 4254 agentibus
2797 4186 2960 4240 diem.
3006 4186 3158 4243 Unde
3202 4197 3256 4242 et
3292 4189 3571 4258 psalmista

1971 4279 2186 4333 dicebat
2211 4295 2224 4331 :
2253 4277 2431 4332 Media
2462 4287 2610 4332 nocte
2651 4278 2928 4349 surgebam
2967 4280 3036 4332 ad
3073 4280 3430 4349 conﬁtendum
3476 4281 3572 4334 tibi

1973 4387 2128 4438 super
2146 4370 2352 4440 judicia
2372 4370 2599 4441 justitia:
2627 4379 2752 4424 tute.

1896 4433 1950 4492 D
2049 4459 2193 4514 Tunc
2225 4469 2560 4514 surrexerunt
2586 4476 2763 4514 omnes
2793 4460 2899 4514 illa:
2922 4462 3146 4531 virgines
3171 4473 3220 4516 et
3248 4473 3566 4518 ornaverunt

1975 4552 2242 4621 lampades
2276 4568 2420 4606 suas.
2452 4547 2824 4622 (Greg.)Tunc
2855 4565 3044 4606 omnes
3073 4551 3311 4622 virgines
3338 4562 3571 4624 surgunt

1974 4644 2100 4714 quia
2131 4652 2187 4699 et
2212 4643 2389 4708 electi,
2420 4651 2476 4697 et
2507 4641 2720 4712 reprobi
2754 4657 2784 4696 a
2817 4656 3008 4697 somno
3044 4657 3155 4698 suae
3185 4643 3376 4698 mortis
3411 4643 3568 4698 exciq

1975 4744 2178 4790 tantur.
2232 4733 2536 4804 Lampados
2581 4741 2794 4796 ornant,
2847 4732 2977 4804 quia
3022 4749 3120 4788 sua
3169 4749 3353 4789 secum
3405 4749 3569 4803 opera

1974 4835 2282 4892 Immerant,
2324 4841 2421 4897 pro
2457 4825 2653 4894 quibus
2689 4832 2951 4880 aeternam
3001 4827 3244 4896 recipere
3278 4825 3572 4882 beatitudie.

1971 4936 2096 4975 nem
2123 4925 2462 4988 exspectant.

2042 5011 2232 5068 Fatua:
2264 5021 2437 5066 autem
2468 5009 2787 5079 sapientibus
2809 5010 3054 5065 dixerunt
3088 5028 3106 5067 :
3137 5008 3274 5063 Date
3308 5007 3456 5062 nobis
3496 5009 3568 5063 de

1969 5104 2082 5158 oleo
2136 5113 2343 5166 vestro,
2405 5102 2528 5172 quia
2585 5100 2855 5170 lampades
2915 5110 3106 5156 nostra:
3159 5100 3562 5170 extinguuntur,

1971 5194 2243 5267 (Hierom)
2268 5191 2398 5260 Quae
2419 5191 2693 5262 lampades
2716 5207 2844 5247 suas
2868 5199 3278 5261 conqueruntur
3299 5191 3566 5262 extingui,

1974 5286 2264 5342 ostendunt
2291 5300 2384 5340 eas
2420 5300 2483 5339 ex
2517 5291 2673 5354 parte
2723 5283 2926 5347 lucere,
2981 5291 3158 5336 tamen
3210 5297 3315 5337 non
3363 5282 3567 5345 habent

1976 5377 2153 5430 lumen
2185 5376 2519 5444 indelicicns,
2548 5395 2647 5434 nec
2671 5394 2832 5449 opera
2859 5389 3137 5448 perpetua.
3171 5377 3226 5433 Si
3256 5377 3377 5447 quis
3403 5377 3566 5448 igitur

1977 5473 2137 5527 habet
2175 5472 2412 5526 animam
2443 5472 2784 5543 virginalem,
2815 5482 2870 5526 et
2904 5481 3114 5526 amator
3142 5480 3226 5527 est
3264 5470 3564 5545 pudicitiae,

1977 5582 2082 5622 non
2125 5565 2286 5620 debet
2329 5564 2692 5620 mediocribus
2737 5579 2858 5619 esse
2906 5572 3232 5631 contentus,
3287 5579 3407 5634 qua:
3451 5562 3564 5626 cito
3601 5568 3610 5574 ‘

1973 5659 2306 5720 exolescunt.
2348 5667 2404 5713 et
2442 5667 2563 5713 orto
2607 5666 2854 5712 caumate
2885 5661 3134 5726 areliunt,
3164 5660 3256 5721 sed
3297 5659 3565 5730 perfectas
