4002 6188
336 242 475 301 i087

983 241 1043 297 Β.
1084 238 1338 296 uanam
1379 238 1604 297 suum
1636 238 1956 297 ancmsp.
2000 238 2307 300 MOGUNT.
2346 240 2636 302 OPERUM‘
2670 220 2849 303 rans
2885 246 2924 300 ι.

3462 250 3613 306 1088

337 359 563 413 virtutes
593 363 893 428 sequantur
919 363 979 409 ut
1006 355 1187 408 lumen
1217 354 1456 408 habeant
1504 359 1916 423 sempiternum.
1951 351 1998 412 Α
2025 351 2425 407 immutabimur
2458 354 2510 427 [I
2534 356 2660 410 Cor.
2691 353 2806 427 κη)
2838 354 3056 410 clausus
3082 367 3166 412 est
3208 332 3388 421 aditus
3438 359 3507 411 ad
3536 377 3629 414 re-

335 448 540 523 (Greg.)
581 449 727 520 Ergo
778 447 1057 520 lampades
1106 445 1381 500 fatuamm
1408 445 1677 516 virginum
1716 444 1924 499 exstin—

334 548 590 610 guuntur,
619 538 752 609 quia
775 552 964 593 eorum
1010 550 1194 604 opera,
1250 551 1373 607 quae
1416 534 1566 591 clara
1613 532 1924 589 hominibus

338 633 468 697 foris
505 641 897 703 apparuerant,
949 631 1002 685 in
1043 631 1274 685 adventu
1310 628 1514 685 iudicis
1549 628 1695 683 intus
1728 627 1925 682 obscu-

336 731 549 789 rantur,
578 731 635 778 et
658 737 689 776 a
720 722 828 777 Deo
856 722 1266 776 retributionem
1319 736 1425 776 non
1455 720 1755 775 inveniunt.
1787 717 1924 786 Quia

333 827 433 881 pro
461 813 541 867 eis
580 820 903 881 receperunt
937 813 1005 867 ab
1033 811 1344 865 hominibus
1386 810 1573 865 laudes
1601 824 1738 878 quas
1777 823 1927 863 ama-

336 909 548 956 verunt.
600 901 743 968 Quid
788 910 872 957 est
920 910 1098 956 autem
1149 901 1290 970 quod
1346 910 1476 954 tunc
1512 915 1543 953 a
1573 899 1928 969 prudentibus

335 993 515 1047 oleum
542 1000 756 1063 petunt,
789 992 891 1048 nisi
918 993 1062 1063 quod
1109 993 1161 1046 in
1205 993 1436 1047 adventu
1481 990 1678 1060 judicis
1707 1007 1830 1047 cum
1869 1006 1928 1047 se

336 1083 484 1139 intus
513 1098 713 1139 vacuas
739 1082 1066 1149 invenerint,
1098 1082 1465 1138 testimonium
1497 1082 1637 1138 foris
1654 1091 1924 1153 qumrunt,

336 1188 401 1228 ac
429 1188 524 1228 sua
552 1172 749 1227 ﬁducia
798 1173 1041 1242 deceptae
1081 1173 1346 1243 proximis
1387 1171 1597 1238 dicunt,
1649 1174 1777 1239 quia
1827 1189 1928 1228 nos

336 1264 489 1333 quasi
524 1263 644 1319 sine
669 1278 833 1333 opere
862 1263 1044 1333 repelli
1072 1264 1406 1335 conspicitis,
1438 1264 1605 1319 dicite
1628 1265 1693 1320 de
1724 1265 1930 1321 nostris

339 1355 592 1425 operibus
618 1355 748 1425 quid
774 1355 1004 1411 vidistis.

407 1449 805 1520 Responderunt
850 1451 1151 1521 prudentes,
1196 1450 1425 1505 dicentes
1456 1463 1475 1501 :
1513 1450 1597 1504 Ne
1642 1450 1776 1518 forte
1825 1464 1929 1504 non

337 1541 558 1610 sufﬁciat
587 1540 734 1595 nobis
762 1549 811 1595 et
833 1541 992 1595 vobis.
1018 1540 1287 1613 (Hierom)
1314 1540 1426 1595 Hoc
1455 1556 1560 1595 non
1590 1541 1656 1595 de
1680 1539 1926 1605 avaritia,

339 1633 434 1688 sed
477 1633 543 1687 de
588 1632 784 1689 timore
831 1635 1158 1704 respondent
1205 1653 1218 1688 :
1259 1636 1629 1705 unusquisque
1657 1634 1801 1689 enim
1830 1650 1930 1705 pro

2024 455 2193 512 gnum
2223 443 2508 499 caelorum.
2553 445 2670 499 Non
2697 445 2840 500 enim
2879 453 3005 515 post
3026 444 3292 513 judicium
3319 457 3471 517 patet
3500 464 3631 518 [προ

2025 549 2173 597 cum,
2209 544 2302 587 aut
2330 535 2646 589 meritorum
2676 535 2847 589 locus.
2899 532 3105 605 (σι-ες.)
3137 535 3181 591 Ο
3229 536 3272 591 si
3325 552 3517 605 sapere
3564 539 3625 591 in

2025 624 2206 679 cordis
2232 624 2472 694 palatum
2498 625 2671 695 possit
2698 626 2827 694 quid
2868 625 3245 680 admirationis
3277 627 3443 681 habet
3476 629 3639 696 quod

2027 715 2247 780 dicitur,
2276 714 2514 784 Sponsus
2554 715 2733 770 venit!
2756 716 2882 785 quid
2928 715 3251 779 dulcedinis,
3281 714 3631 770 Intraverunt

2027 823 2144 860 cum
2164 823 2224 860 eo
2251 807 2320 860 ad
2350 806 2599 877 nuptias!
2623 805 2752 876 quid
2782 806 3182 869 amaritudinis,
3220 804 3286 859 Et
3323 805 3506 861 clausa
3544 818 3633 861 est

2019 897 2229 968 jarma.’
2266 898 2425 951 Venit
2463 898 2661 968 quippe
2700 896 2789 952 ille
2826 898 2917 966 qui
2949 896 3180 951 adventu
3222 912 3321 951 suo
3347 897 3631 953 elementa

2028 987 2288 1051 concutit,
2332 988 2390 1042 in
2415 986 2568 1056 cujus
2598 996 2886 1057 conspectu
2918 986 3116 1042 cmlum
3144 994 3197 1041 et
3226 996 3373 1043 terra
3400 997 3626 1042 contre-

2028 1076 2228 1133 miscit.
2280 1077 2435 1133 Unde
2482 1077 2646 1132 etiam
2680 1093 2775 1147 per
2808 1077 3127 1147 prephetam
3162 1076 3401 1133 dicitur:
3430 1079 3627 1133 Adhuc

2028 1166 2206 1231 semel,
2244 1177 2293 1222 et
2336 1184 2429 1238 ego
2471 1168 2682 1222 movebo
2728 1184 2833 1221 non
2858 1166 3030 1222 solum
3077 1176 3298 1233 terram,
3340 1168 3431 1222 sed
3458 1169 3625 1222 etiam

2030 1257 2215 1313 caelum
2243 1257 2397 1330 (Agg.
2421 1256 2504 1328 ιι).
2553 1257 2637 1313 Ad
2666 1258 2821 1329 cujus
2850 1273 3080 1313 examen
3111 1272 3274 1313 omne
3302 1273 3474 1329 genus
3517 1260 3629 1314 lm-

2031 1367 2253 1407 manum
2299 1352 2604 1419 deducitur,
2637 1366 2760 1407 cum
2800 1352 2867 1407 ad
2899 1351 3194 1408 vindictam
3226 1350 3493 1406 malorum
3538 1367 3632 1408 re-

2031 1443 2570 1513 munerationemque
2631 1443 2936 1509 bonorum,
2999 1440 3206 1513 angeli,
3272 1443 3628 1510 archangeli,

2035 1535 2236 1600 throni,
2268 1535 2628 1607 principatus,
2662 1544 2719 1591 et
2748 1535 3149 1590 dominationes
3187 1528 3624 1608 subsequuntur,

2034 1638 2165 1685 tunc
2208 1629 2358 1700 regni
2399 1629 2563 1700 jauua
2611 1628 2918 1701 lugentibus
2962 1628 3255 1695 clauditur,
3301 1644 3423 1700 qua:
3462 1630 3635 1685 modo

338 1723 593 1792 Operiiuts
643 1724 756 1778 suis
780 1725 1083 1780 mercedem
1113 1722 1354 1797 recipiet,
1393 1742 1569 1796 neque
1612 1735 1836 1797 possunt
1872 1727 1925 1780 in
1962 1715 2004 1775 Β
2031 1720 2275 1790 quotidie
2320 1720 2713 1792 paenitentibus
2758 1720 3019 1790 aperitur.
3069 1719 3191 1775 Erit
3227 1734 3462 1790 namque
3496 1728 3631 1774 tunc

340 1812 428 1866 die
466 1810 653 1879 judicii
683 1813 913 1868 aliorum
953 1814 1180 1870 virtutes
1212 1815 1439 1870 aliorum
1464 1817 1595 1869 vitia
1622 1816 1925 1870 sublevare.

342 1903 409 1958 Et
447 1904 717 1973 quomodo
764 1913 1008 1976 tempore
1061 1904 1370 1977 Babylonia:
1411 1907 1742 1976 captivitatis
1776 1905 1928 1962 Jere-

343 1995 483 2050 mias
522 2005 837 2065 peccatores
878 1996 1133 2067 adjuvare
1182 2014 1288 2053 non
1329 2000 1527 2069 potuit,
1555 2007 1611 2054 et
1639 1999 1838 2056 dicitur
1865 2000 1930 2055 ad

345 2101 491 2151 cum,
526 2083 610 2140 Ne
631 2088 861 2142 oraveris
892 2103 987 2157 pro
1019 2086 1211 2159 papula
1241 2089 1342 2143 isto
1367 2088 1500 2163 (Jer.
1526 2090 1663 2161 κη’),
1710 2091 1789 2146 sic
1817 2091 1931 2147 for-

343 2178 602 2234 midolosa
640 2179 745 2234 erit
771 2178 858 2234 illa
888 2179 1025 2247 dies,
1053 2195 1178 2236 cum
1208 2181 1579 2253 unusquisque
1603 2199 1704 2254 pro
1733 2192 1933 2239 semet-

343 2268 462 2339 ipso
485 2268 751 2324 sollicitus
779 2269 901 2324 erit.
939 2267 1143 2342 (Greg.)
1173 2270 1233 2326 In
1282 2271 1374 2326 illo
1407 2272 1607 2327 etenim
1654 2272 1743 2328 die
1766 2272 1933 2343 (quod

343 2368 523 2415 tamen
553 2361 620 2415 de
644 2361 967 2430 quibusdam
999 2363 1051 2417 in
1079 2379 1214 2433 pace
1244 2363 1501 2420 Ecclesiae
1527 2365 1934 2436 quiescentibus

343 2450 581 2522 loquor),
621 2451 940 2523 sibimetipsi
979 2454 1349 2510 testimonium
1395 2455 1817 2527 uniuscujusque
1844 2457 1933 2511 vix

345 2540 559 2607 sufficit,
607 2550 813 2613 quanto
841 2544 1020 2600 minus
1049 2552 1104 2599 et
1149 2545 1252 2601 sibi
1289 2554 1344 2601 et
1373 2546 1663 2616 proximo?
1699 2545 1850 2608 Unde
1880 2557 1934 2604 et

344 2632 593 2702 protinus
622 2648 720 2703 per
749 2633 1171 2704 increpationem
1199 2636 1446 2692 subditur
1472 2655 1484 2689 :

416 2723 499 2778 Ite
522 2725 696 2793 potius
720 2725 789 2778 ad
818 2725 1115 2793 uendentes,
1142 2737 1192 2783 et
1211 2728 1364 2785 emite
1390 2728 1555 2785 vobis.
1608 2729 1792 2803 (Aug)
1816 2729 1935 2787 Non

348 2815 634 2870 consilium
668 2816 883 2872 dedisse
908 2819 1161 2888 putanda:
1207 2830 1353 2886 sunt,
1385 2822 1479 2876 sed
1509 2822 1715 2879 crimen
1743 2837 1934 2880 earum

348 2923 412 2962 ex
428 2908 646 2978 obliquo
662 2923 1140 2969 commemorasse.
1165 2911 1414 2969 Vendunt
1436 2915 1584 2970 enim
1598 2915 1777 2972 oleum
1803 2915 1937 2972 adu~

2031 1810 2376 1881 poenitentia,
2403 1810 2497 1865 sed
2529 1809 2804 1866 fructuosa
2824 1809 2938 1880 jam
2965 1825 3074 1865 non
3099 1810 3237 1875 erit;
3265 1810 3391 1882 quia
3420 1826 3628 1882 nequa-

2030 1916 2196 1973 quam
2227 1910 2353 1958 tunc
2380 1902 2593 1957 veniam
2637 1902 2862 1968 invenit,
2908 1901 2999 1973 qui
3041 1902 3202 1959 modo
3239 1910 3424 1974 aptum
3452 1903 3639 1958 venite

2032 2002 2246 2065 tempus
2272 1992 2525 2063 perdidit.
2558 1993 2698 2049 Hinc
2732 1994 3010 2063 sequitur:

2106 2085 2405 2141 Novissime
2452 2087 2663 2163 veniunt
2722 2090 2772 2141 et
2824 2085 3039 2158 reliqua:
3088 2087 3313 2159 virgines
3357 2087 3627 2142 dicentes:

2031 2175 2274 2241 Domine,
2300 2176 2547 2243 Domine,
2570 2177 2720 2247 aperi
2746 2176 2916 2233 nobis.
2958 2178 3027 2232 At
3053 2177 3141 2232 ille
3167 2179 3481 2250 respondens
3516 2181 3626 2233 ait:

2031 2265 2199 2321 Amen
2224 2266 2343 2320 dico
2373 2267 2539 2333 vobis,
2580 2267 2752 2322 nescio
2792 2284 2899 2323 vos.
2946 2268 3130 2342 (Αιιρ.)
3158 2268 3275 2324 Non
3300 2269 3503 2325 dictum
3537 2282 3619 2325 est

2034 2359 2443 2428 quodemerint
2473 2358 2676 2424 oleum,
2706 2368 2763 2415 et
2790 2361 2913 2416 ideo
2938 2361 3298 2434 inteliigendte
3324 2372 3450 2418 sunt
3474 2365 3629 2418 nullo

2027 2446 2139 2519 jam
2168 2459 2487 2506 remanente
2516 2449 2584 2505 de
2613 2449 2806 2506 alienis
2829 2450 3078 2507 laudibus
3104 2451 3324 2524 gaudio,
3371 2453 3427 2508 in
3455 2470 3627 2526 angu-

2032 2539 2154 2595 stiis
2179 2547 2237 2595 et
2260 2541 2471 2612 magnis
2497 2538 2879 2597 afﬂictionibus
2901 2543 3081 2598 redire
3102 2543 3172 2599 ad
3192 2543 3627 2616 implorationem

2033 2630 2153 2687 Dei.
2186 2628 2296 2687 Sed
2319 2647 2515 2702 magna
2534 2640 2619 2688 est
2637 2632 2756 2703 ejus
2781 2633 3043 2689 severitas
3068 2643 3189 2705 post
3212 2634 3495 2705 judicium,
3529 2653 3625 2691 cu-

2027 2720 2121 2794 jus
2147 2719 2556 2792 antejudicium
2586 2720 2873 2780 iuefl'abilis
2903 2723 3274 2780 misericordia
3323 2738 3628 2798 praemgata

2033 2819 2136 2867 est.
2174 2811 2363 2883 Itaque
2394 2812 2728 2883 respondens
2758 2813 2854 2880 ait,
2898 2815 3061 2869 Amen
3090 2814 3209 2869 dico
3242 2815 3401 2881 vobis,
3438 2820 3621 2871 nescia

2034 2917 2142 2957 vos.
2193 2903 2270 2960 lbi
2311 2902 2425 2973 jam
2461 2919 2492 2958 a
2520 2905 2750 2961 Domino
2778 2920 2886 2962 non
2911 2914 3093 2978 potest
3137 2904 3383 2964 lnisereri
3409 2911 3498 2979 qui
3537 2910 3637 2966 hie

343 2997 567 3064 latores,
607 3000 698 3069 qui
737 3000 853 3055 sive
891 3000 1064 3067 falsa,
1100 3002 1216 3058 sive
1262 3004 1508 3073 ignorata
1557 3005 1850 3073 laudando,
1878 3007 1930 3063 in

2034 2992 2207 3049 noluit
2234 2995 2425 3050 audire
2449 2996 2593 3066 quod
2613 2995 2813 3067 jussit;
2852 2998 2944 3070 qui
2984 3008 3198 3069 tempus
3232 3016 3483 3072 congrua:
3510 3020 3632 3073 pm-

344 3103 587 3144 errorem
633 3091 845 3165 animas
893 3094 1131 3160 mittunt,
1182 3103 1237 3151 et
1285 3069 1364 3151 eis
1402 3112 1540 3152 vana
1570 3097 1766 3170 gaudia
1814 3069 1934 3156 tan-
1959 3069 2005 3133 ο
2035 3083 2279 3141 “mulli”
2321 3086 2576 3157 Perdidit:
2629 3088 2829 3144 frustra
2865 3097 2991 3145 ante
3034 3091 3184 3162 τεεηί
3227 3069 3454 3163 iaﬂllam
3499 3069 3628 3150 διιω

345 3193 509 3261 quam
560 3178 725 3237 fatuis
754 3184 1117 3252 conciliando,
1137 3186 1371 3257 aliquam
1406 3189 1472 3244 de
1498 3190 1584 3245 his
1624 3191 1931 3249 mercedem

345 3268 461 3323 sive
495 3268 762 3338 ciborum,
792 3272 906 3327 sive
937 3276 1212 3344 pecunia),
1254 3276 1368 3332 sive
1400 3278 1655 3345 honoris,
1688 3281 1803 3337 sive
1831 3282 1932 3352 ali-

347 3355 500 3425 cujus
542 3359 813 3417 commodi
862 3365 1183 3434 temporalis
1223 3368 1519 3437 accipiunt,
1574 3385 1683 3425 non
1735 3371 1933 3428 intelli-

347 3457 536 3519 gentes
572 3452 715 3520 quod
744 3452 947 3508 dictum
978 3464 1064 3512 est
1096 3471 1111 3510 :
1143 3456 1249 3522 Qui
1288 3475 1377 3513 vos
1428 3459 1605 3529 felices
1653 3462 1841 3518 dicunt
1875 3468 1932 3519 in
1972 3476 1977 3479 '

345 3556 573 3601 errorem
626 3558 715 3596 vos
758 3545 973 3599 mittunt
1023 3545 1157 3618 (Isa.
1204 3548 1569 3622 m).—-Mclius
1621 3562 1705 3609 est
1749 3564 1932 3610 autem

346 3632 623 3704 ol‘jurgari
656 3650 685 3689 a
705 3634 873 3704 justo,
906 3654 1068 3709 qualn
1095 3655 1122 3694 a
1149 3651 1436 3711 peccatore
1466 3643 1675 3700 laudari
1703 3666 1716 3699 :
1742 3646 1935 3702 Emen-

348 3726 513 3791 dabit,
534 3728 828 3797 inquit,me
844 3729 1026 3800 justus
1055 3733 1109 3787 in
1130 3734 1513 3802 misericordia,
1540 3747 1588 3791 et
1610 3748 1793 3808 arguet
1817 3754 1932 3803 me;

347 3815 520 3870 oleum
565 3829 740 3873 autem
775 3824 1061 3891 peccatoris
1106 3841 1210 3880 non
1249 3826 1537 3899 impinguet
1573 3840 1728 3901 caput
1761 3847 1932 3885 meum

347 3905 519 3979 (Psal.
571 3910 715 3983 cxc).
777 3910 982 3987 [Greg.]
1030 3914 1335 3987 Principale
1389 3920 1591 3975 etenim
1648 3922 1703 3975 in
1753 3922 1930 3988 nobis,

347 4009 511 4070 caput
553 4010 637 4058 est
688 4013 933 4060 nostrum
970 4025 983 4062 :
1025 4008 1387 4079 appellatione
1439 4012 1583 4067 enim
1631 4013 1826 4082 capitis
1868 4030 1934 4071 ea

345 4106 467 4159 quas
512 4093 852 4166 principatur
892 4098 1108 4169 corpori
1146 4114 1300 4156 mens
1333 4110 1577 4156 vocatur.
1630 4102 1935 4175 lmpinguat

343 4196 474 4251 ergo
502 4191 661 4253 caput
685 4185 861 4241 oleum
894 4189 1220 4257 peccatoris,
1252 4205 1377 4245 cum
1404 4190 1672 4247 demulcet
1696 4179 1932 4249 mentem

346 4274 500 4329 favor
524 4275 811 4333 adulantis.
843 4277 927 4334 Ite
946 4296 1067 4351 ergo
1091 4280 1162 4334 ad
1187 4281 1459 4337 uendentes
1491 4283 1679 4354 magis,
1706 4294 1752 4339 et
1780 4286 1932 4340 emite

344 4366 505 4420 vobis.
529 4367 714 4439 (Aug.)
734 4368 791 4423 ld
812 4378 915 4437 est,
936 4372 1217 4428 videamus
1237 4389 1383 4429 nunc
1406 4374 1533 4444 quid
1555 4390 1650 4431 vos
1675 4375 1932 4446 adjuvant

343 4458 437 4528 qui
465 4459 618 4515 vobis
643 4459 826 4516 laudes
850 4463 1082 4519 vendere
1117 4477 1465 4533 consuerunt,
1495 4476 1550 4521 et
1577 4482 1672 4522 vos
1699 4468 1751 4521 in
1780 4483 1930 4525 erro-

345 4562 462 4602 rem
489 4549 763 4615 inducere,
790 4560 851 4606 ut
883 4569 992 4608 non
1026 4569 1211 4609 coram
1225 4554 1357 4623 Deo,
1394 4558 1491 4614 sed
1523 4558 1592 4614 ab
1621 4560 1929 4619 hominibus

346 4638 568 4711 gloriam
595 4642 930 4709 quaereretis.

416 4729 559 4786 Dum
609 4743 784 4786 autem
824 4733 959 4789 irent
996 4751 1200 4802 emere,
1243 4738 1378 4792 venit
1419 4756 1639 4810 sponsus
1664 4782 1680 4808 ,
1724 4753 1774 4799 et
1810 4762 1930 4817 qute

344 4833 547 4896 paratte
583 4835 732 4879 erant
766 4826 1089 4882 intraverunt
1122 4845 1240 4883 cum
1264 4847 1324 4885 eo
1349 4831 1402 4885 in
1421 4835 1650 4901 nuptias,
1672 4846 1719 4890 et
1749 4836 1930 4892 clausa

344 4924 420 4971 est
437 4916 632 4987 janua.
665 4916 720 4971 ld
746 4924 849 4981 est,
879 4917 1265 4977 inclinantibus
1294 4937 1353 4978 se
1381 4922 1488 4979 illis
1516 4925 1567 4979 in
1599 4941 1662 4981 ea
1689 4943 1810 4998 qua:
1849 4926 1930 4985 fo-

345 5007 424 5063 ris
452 5015 600 5074 sunt,
633 5017 687 5064 et
723 5008 897 5065 solitis
935 5010 1173 5081 gaudere
1205 5014 1590 5082 quaerentibus,
1633 5017 1759 5086 quia
1798 5033 1931 5089 gau-

346 5103 434 5159 dia
470 5104 680 5159 interna
729 5121 834 5161 non
878 5116 1163 5172 noverant,
1193 5110 1341 5164 venit
1376 5110 1465 5165 ille
1500 5111 1592 5180 qui
1624 5109 1852 5180 iudicat,
1881 5123 1928 5168 et

346 5212 468 5268 qua:
501 5207 703 5268 parata
728 5209 903 5265 erant,
943 5198 997 5254 id
1025 5208 1110 5256 est
1135 5200 1333 5270 quibus
1376 5202 1575 5258 bonum
1608 5219 1790 5259 coram
1819 5204 1929 5261 Deo

344 5288 712 5344 testimonium
736 5290 1069 5345 conscientia
1096 5292 1432 5360 perhibebat,
1463 5293 1787 5348 intraverunt
1808 5310 1927 5349 cum

343 5396 405 5435 eo
432 5378 502 5435 ad
540 5381 770 5452 nuptias,
798 5382 853 5437 id
878 5391 981 5447 est,
1014 5383 1108 5439 ubi
1135 5384 1337 5438 munda
1361 5383 1540 5439 anima
1567 5399 1704 5454 puro
1728 5393 1782 5441 et
1806 5399 1929 5457 pcr-

343 5469 490 5526 fectn
514 5471 606 5527 Dei
637 5473 802 5528 verbo
830 5472 1057 5529 fecunda
1084 5474 1386 5545 copulatur.
1418 5473 1616 5530 Clausa
1637 5486 1713 5531 est
1725 5478 1925 5548 janua,

344 5563 400 5620 id
446 5572 551 5628 est,
604 5565 837 5636 receptis
884 5565 991 5637 illis
1033 5566 1126 5637 qui
1163 5574 1291 5621 sunt
1327 5567 1381 5622 in
1420 5567 1718 5637 angelicam
1757 5569 1926 5625 vitam

346 5656 639 5724 immutati,
668 5655 887 5731 (Omnes
920 5658 1059 5712 enim
1094 5673 1439 5729 resurgemus,
1476 5659 1566 5715 sed
1608 5675 1710 5714 non
1747 5675 1924 5715 omnes

2030 3177 2288 3249 precibus
2315 3181 2481 3234 venit.
2535 3179 2672 3236 llinc
2704 3182 2905 3237 etenim
2946 3197 3047 3253 per
3071 3182 3418 3242 Salomonem
3447 3187 3630 3241 Domi-

2033 3283 2136 3323 nus
2158 3266 2290 3324 dicit
2315 3286 2328 3323 :
2367 3267 2553 3324 Vocavi
2583 3280 2633 3325 et
2657 3273 2935 3339 renuistis;
2961 3275 3171 3328 extendi
3217 3292 3430 3330 manum
3454 3266 3629 3332 meam

2031 3366 2080 3412 et
2110 3374 2213 3412 non
2243 3357 2341 3427 fuit
2370 3360 2461 3431 qui
2495 3362 2767 3429 aspiceret.
2801 3362 3126 3436 Despexistis
3163 3384 3313 3423 omne
3349 3369 3634 3425 consilium

2032 3466 2204 3505 meum
2226 3460 2274 3505 et
2296 3453 2674 3524 increpationes
2702 3471 2845 3511 meas
2869 3457 3165 3528 neglexistis
3189 3475 3207 3514 :
3229 3477 3323 3531 ego
3347 3479 3551 3532 quoque
3574 3463 3631 3517 in

2032 3542 2248 3596 interitu
2291 3555 2458 3599 vestro
2490 3546 2687 3612 ridebo,
2711 3557 2761 3602 et
2785 3549 3119 3605 subsannabo
3158 3568 3276 3605 cum
3317 3552 3455 3606 vobis
3480 3554 3637 3623 quod“

2032 3631 2292 3688 timebatis
2322 3635 2604 3690 advenerit.
2631 3635 2763 3692 Cum
2791 3639 3004 3693 irruerit
3036 3642 3302 3710 repentina
3328 3641 3629 3709 calamitas,

2030 3724 2245 3794 quando
2302 3728 2492 3781 venerit
2533 3744 2691 3800 super
2736 3746 2823 3785 vos
2869 3731 3171 3798 tribulatio,
3234 3743 3289 3787 et
3340 3735 3590 3805 angustia

2033 3817 2314 3875 calamitas
2348 3830 2397 3874 et
2439 3822 2719 3890 interitus,
2791 3824 2943 3895 quasi
2984 3834 3261 3895 tempestas
3308 3829 3626 3897 ingruerint,

2032 3919 2155 3964 tunc
2199 3912 2510 3967 invocabant
2535 3931 2616 3969 me
2644 3925 2692 3969 et
2728 3932 2837 3971 non
2873 3917 3178 3983 exaudiam,
3221 3935 3375 3973 mane
3406 3935 3631 3974 consur-

2031 4011 2151 4073 gent
2185 4014 2232 4058 ct
2258 4022 2361 4059 non
2382 4005 2640 4062 invenient
2668 4024 2749 4063 me
2774 4005 2961 4081 (Prov.
2990 4008 3089 4083 ιι).
3123 4011 3263 4066 Ecce
3290 4012 3487 4083 aperiri
3509 4013 3628 4068 cla-

2031 4100 2183 4146 ment
2204 4134 2219 4159 ,
2254 4101 2309 4148 et
2341 4094 2662 4164 repulsionis
2697 4112 2811 4152 sua:
2840 4097 3024 4154 dolore
3052 4100 3348 4170 compulsa:
3391 4102 3629 4172 appella-

2034 4182 2233 4239 tionem
2281 4186 2614 4243 dominantis
2663 4188 3002 4260 ingeminant
3049 4191 3336 4248 dicentes:
3375 4192 3627 4260 Domine,

2030 4271 2271 4339 DOmine,
2299 4277 2443 4346 aperi
2466 4277 2631 4333 nobis.
2666 4278 2864 4335 Preces
2892 4279 3126 4336 oﬂ‘erunt
3155 4281 3252 4337 sed
3277 4284 3627 4342 nesciuntur:

2033 4367 2160 4433 quia
2190 4374 2320 4423 tunc
2354 4370 2502 4424 velut
2527 4371 2830 4443 incognitas
2861 4373 3004 4429 Deus
3040 4376 3261 4442 deserit,
3291 4390 3431 4445 quos
3461 4377 3627 4436 modo

2035 4470 2162 4512 suos
2201 4472 2300 4527 per
2334 4458 2460 4516 vita:
2492 4461 2744 4516 meritum
2786 4478 2893 4518 non
2941 4463 3203 4534 agnoscit.
3238 4462 3398 4519 Nosit
3425 4465 3629 4535 quippe

2035 4548 2294 4605 Dominus
2318 4568 2406 4606 eos
2434 4552 2522 4626 qui
2542 4554 2657 4624 ejus
2680 4564 2823 4620 sunt,
2853 4554 2922 4611 Et
2947 4555 3038 4627 qui
3056 4556 3265 4625 ignorat
3294 4555 3629 4626 ignorabitur

2037 4639 2090 4712 (1
2123 4640 2247 4697 Cor.
2279 4644 2415 4717 xw).
2471 4645 2744 4720 [Hieron.]
2792 4646 2979 4705 Nescit
3041 4648 3304 4705 Dominus
3342 4648 3630 4720 operarios

2037 4733 2361 4803 iniquitatis,
2392 4744 2449 4791 et
2487 4737 2615 4794 licet
2652 4739 2892 4810 virgines
2930 4740 3064 4804 sint,
3094 4748 3151 4796 et
3178 4741 3477 4797 secundum
3520 4739 3622 4794 du-

2032 4824 2229 4897 plicem
2259 4827 2667 4900 intelligentiam
2697 4831 2767 4887 de
2792 4833 3036 4902 corporis
3057 4832 3293 4902 puritate
3310 4841 3372 4887 et
3396 4831 3466 4887 de
3490 4846 3627 4886 con-

2029 4917 2266 4974 fessione
2287 4934 2433 4975 verae
2447 4920 2745 4993 glorientur
2766 4923 2915 4990 fidei,
2943 4932 3125 4979 tamen
3143 4923 3271 4994 quia
3299 4922 3479 4978 oleum
3510 4938 3621 4977 non

2031 5014 2233 5071 habent
2277 5018 2517 5074 scientiae
2563 5025 2620 5075 et
2659 5017 2933 5082 veritatis,
2984 5015 3181 5073 sufﬁcit
3223 5017 3304 5072 eis
3328 5030 3428 5087 pro
3454 5029 3619 5085 poena

2034 5111 2181 5182 quod
2220 5110 2536 5183 ignorantur
2564 5126 2595 5167 a
2621 5125 2839 5181 sponso.
2878 5109 2959 5165 Ex
2989 5123 3057 5165 eo
3082 5123 3219 5180 ergo
3246 5109 3390 5179 quod
3431 5105 3619 5171 infert,

2119 5198 2363 5273 Vigilate,
2403 5206 2528 5269 quia
2574 5203 2782 5259 nescitis
2822 5203 2962 5257 diem
3008 5218 3175 5274 neque
3227 5201 3433 5266 horam,
3474 5199 3622 5254 dedit

2035 5295 2258 5367 intelligi
2288 5298 2539 5353 universa
2569 5311 2688 5368 quae
2718 5296 2873 5362 dixit,
2904 5295 2957 5350 id
2984 5304 3090 5361 est,
3110 5292 3181 5349 de
3200 5292 3409 5350 duobus
3440 5293 3532 5362 qui
3563 5291 3619 5345 in

2035 5399 2167 5455 agro
2202 5394 2348 5451 sunt,
2379 5394 2436 5441 et
2471 5386 2537 5442 de
2565 5385 2773 5440 duabus
2812 5382 3157 5447 moleutibus,
3190 5390 3249 5437 et
3275 5382 3343 5436 de
3377 5379 3621 5452 patrefa-

2035 5476 2213 5531 mitias
2247 5477 2337 5545 qui
2387 5476 2560 5532 servis
2590 5476 2704 5531 suis
2744 5473 2976 5531 credidit
3024 5472 3414 5537 substantiam,
3453 5480 3509 5526 et
3553 5471 3622 5525 de

2033 5569 2219 5624 decem
2246 5569 2564 5641 virginibus,
2588 5568 2706 5624 ideo
2737 5567 3024 5639 parabolas
3049 5581 3172 5623 esse
3197 5564 3530 5637 praemissas,
3560 5571 3619 5616 ut

2032 5659 2156 5732 quia
2188 5659 2499 5732 ignoramus
2524 5660 2771 5717 homines
2789 5657 2981 5732 judicii
3006 5658 3168 5725 diem,
3194 5657 3427 5714 sollicite
3460 5656 3618 5712 nobis
