3998 6188
281 304 419 365 1089

1232 307 1583 364 COMMENT.
1620 307 1689 364 1N
1729 307 2164 371 ΜΑΤἸἮΑΞυΜ.
2203 344 2273 356 -
2310 317 2438 373 ΜΒ.
2484 319 2589 375 VII.

3414 332 3551 391 1090

268 420 459 479 lumen
488 421 749 475 bonorum
776 435 1005 490 opm-nm
1034 434 1419 490 praeparemus,
1451 435 1517 475 ne
1554 420 1682 477 dum
1713 422 1864 494 igno-
1893 431 1939 487 Α
1968 441 2097 498 ergo
2125 429 2353 484 terrenis
2372 432 2623 487 sensibus
2648 449 2840 491 servus
2865 436 2966 492 istc
2997 438 3299 497 cmlestium
3328 445 3429 501 sibi
3461 464 3556 503 no-

276 526 482 576 ramus,
505 508 666 579 judcx
695 514 900 566 venint.
944 511 1126 583 (.lug.)
1155 511 1267 566 Non
1291 513 1435 568 enim
1472 523 1679 572 tantum
1711 518 1868 571 modo

275 601 419 656 illius
452 601 622 655 ultimi
664 606 928 672 temporis
953 619 1061 672 quo
1090 614 1343 662 venturus
1381 619 1468 664 est
1500 624 1749 678 sponsus,
1773 608 1868 663 sed

271 709 386 749 sua:
440 696 666 765 quisque
714 695 1060 750 dormitionis
1111 698 1252 753 diem
1308 709 1370 756 et
1427 703 1615 757 horam
1670 701 1862 757 nescit.

270 783 530 855 Quisquis
596 792 781 840 autem
813 795 1041 856 paratus
1070 796 1154 842 est
1178 802 1369 859 'usque
1399 791 1465 846 ad
1500 807 1766 855 somnum,
1813 791 1866 848 id

267 885 373 942 est,
401 892 572 948 usque
598 879 667 934 ad
707 889 959 947 mortem,
997 895 1116 949 quae
1136 883 1395 940 onitiibus
1430 886 1676 950 debetur,
1707 900 1865 956 para-

264 977 356 1022 tus
393 967 699 1025 invenietur
738 970 900 1025 etiam
938 985 1065 1027 cum
1109 970 1198 1025 illa
1232 988 1334 1027 vox
1374 975 1550 1030 media
1578 986 1738 1032 nocte
1770 995 1861 1034 so-

264 1059 467 1125 nuerit,
519 1076 625 1130 qua
679 1076 869 1117 omnes
913 1062 1186 1131 vigilaturi
1235 1073 1381 1118 sunt.
1475 1064 1627 1123 Unde
1672 1079 1862 1139 aperte

261 1164 483 1220 quoque
515 1150 783 1222 generalis
812 1153 881 1210 ad
918 1152 1215 1223 discipulos
1253 1155 1565 1212 exhortatio
1592 1160 1862 1217 subiufer-

263 1250 376 1306 tur,
407 1257 532 1297 cum
565 1244 801 1299 dicitur:
838 1243 1065 1314 Vigilate
1095 1246 1273 1316 itaque
1298 1263 1429 1317 quia
1474 1250 1683 1303 nescitis
1721 1252 1859 1307 diem

259 1349 427 1402 neque
460 1334 666 1390 horam.
720 1334 855 1392 Nam
894 1336 1020 1406 quia
1067 1345 1193 1405 post
1238 1347 1462 1406 peccata
1503 1340 1647 1397 Deus
1685 1344 1858 1411 pruni-

259 1424 490 1478 tcntiam
532 1426 774 1495 suscipit,
815 1427 860 1480 si
899 1427 1065 1481 sciret
1099 1427 1335 1497 quisque
1370 1429 1437 1483 de
1471 1433 1721 1500 praesenti
1764 1449 1859 1487 sa:-

257 1517 382 1571 culo
407 1534 518 1587 quo
545 1527 786 1590 tempore
814 1521 1007 1587 exiret,
1041 1504 1188 1577 aliud
1229 1529 1440 1593 tempus
1469 1524 1852 1595 voluptatibus,

260 1616 428 1676 atque
470 1608 614 1666 aliud
653 1610 985 1681 pmnitentiae
1028 1628 1224 1682 parare
1266 1615 1549 1685 potuisset.
1606 1616 1715 1671 Sed
1761 1618 1853 1686 qui

255 1699 545 1763 pteuitenti
578 1702 793 1756 veniam
837 1702 1077 1772 spondit,
1102 1706 1354 1773 peccanti
1381 1706 1526 1763 diem
1552 1708 1852 1763 crastinum

1971 515 2144 570 titiam
2172 518 2483 588 duplicavit,
2508 536 2576 576 ex
2602 526 2866 581 creaturis
2891 528 3198 602 intelligens
3232 544 3553 604 creatorem,

1968 620 2032 658 ex
2066 608 2435 676 corporalibus
2472 610 2859 682 incm'poralia,
2890 632 2953 670 ex
2987 619 3285 677 visibilibus
3316 625 3553 681 invisibi-

1954 693 2069 775 lia,
2096 711 2161 750 ex
2188 697 2444 754 brevibus
2485 709 2705 757 acterna.
2740 703 2941 776 (Grcg.)
2993 708 3131 763 Sunt
3172 700 3386 782 quoque
3422 733 3556 770 ltuit-

1954 786 2116 860 ;nulli,
2143 789 2231 859 qui
2261 790 2597 846 etsioiuterna
2627 799 2940 866 ac‘mystica
2966 810 3253 868 penetrare
3278 808 3551 871 llt‘Sthlttl,

1950 890 2061 947 pro
2101 878 2396 937 intentione
2439 890 2619 939 tamen
2660 902 2908 956 superna:
2941 893 3129 960 patria)
3173 895 3363 952 docent
3407 910 3553 955 recta

1961 986 2100 1040 quos
2138 983 2368 1043 possunt
2399 973 2475 1032 de
2514 975 2648 1046 ipsis
2665 980 3029 1036 exterioribus
3062 998 3184 1052 qua:
3207 1000 3547 1056 acceperunt.

1954 1063 2209 1136 Dumque
2235 1081 2294 1121 se
2320 1081 2352 1121 a
2386 1068 2568 1124 carnis
2593 1070 2912 1139 petulantia,
2940 1088 2971 1126 a
3002 1081 3337 1131 terrenarum
3369 1095 3550 1134 rerum

1961 1155 2199 1222 ambitu,
2232 1164 2395 1226 atque
2431 1173 2464 1213 a
2493 1159 2784 1217 visibilium
2813 1162 3088 1234 voluptate
3113 1169 3448 1235 custodiunt,
3480 1173 3551 1226 ab

1961 1246 2046 1302 bis
2073 1248 2236 1302 ezinm
2263 1248 2398 1305 alios
2423 1252 2760 1308 admonendo
2787 1265 3153 1327 compescunt.

2031 1336 2284 1393 Similiter
2308 1342 2399 1410 qui
2435 1342 2542 1396 duo
2584 1354 2851 1414 acceperat
2890 1347 3126 1403 lucratus
3164 1361 3240 1405 est
3278 1352 3387 1407 alia
3415 1355 3545 1410 duo.

1959 1427 2227 1501 (Ilieron.)
2262 1431 2327 1485 Et
2351 1433 2452 1487 iste
2475 1448 2573 1503 pro
2597 1435 2803 1491 viribus
2828 1438 3089 1508 quidquid
3113 1441 3168 1494 in
3192 1440 3310 1513 lege
3338 1444 3543 1500 didice-

1929 1512 2044 1573 ‘rat
2084 1520 2140 1574 in
2182 1520 2476 1594 Evangelia
2516 1525 2827 1594 duplicavit.
2875 1527 3003 1585 Sive
3047 1538 3102 1586 et
3144 1512 3447 1600 scientiam,
3492 1542 3548 1590 et

1954 1625 2119 1680 opera
2146 1613 2429 1681 prmsentis
2456 1614 2579 1668 vita:
2608 1615 2803 1670 futura:
2842 1618 3191 1675 beatitudinis
3235 1630 3387 1691 typos
3426 1637 3546 1678 esse

1956 1700 2238 1757 intellexit.
2270 1702 2474 1776 (Greg.)
2506 1704 2638 1772 Quia
2682 1716 2811 1762 sunt
2836 1709 3074 1763 nonnulli
3103 1711 3195 1780 qui
3224 1713 3375 1780 quasi
3405 1714 3544 1769 duo—

257 1805 367 1842 non
392 1792 664 1860 promisit.
697 1792 924 1862 Semper
947 1808 1076 1864 ergo
1097 1803 1401 1850 extremum
1423 1796 1564 1851 diem
1592 1798 1850 1853 debemus
1876 1788 1924 1846 Β
1951 1789 2053 1846 bus
2098 1792 2311 1847 talentis
2357 1794 2531 1859 dilati,
2586 1795 2916 1851 intellectual
2965 1807 3128 1868 atque
3172 1802 3543 1870 operationem

257 1890 524 1949 metuere,
552 1899 713 1953 quem
748 1900 1022 1955 nunquam
1048 1902 1338 1956 possumus
1361 1888 1675 1957 praevidere.
1708 1887 1849 1945 Ecce

256 1988 405 2028 nunc
435 1974 611 2044 ipsum
639 1975 781 2030 diem
809 1975 866 2029 in
890 1991 999 2046 quo
1033 1975 1326 2046 loquimur,
1352 1978 1422 2032 ad
1447 1977 1690 2033 inducias
1717 1993 1847 2034 con-

253 2065 529 2121 versionis
572 2066 867 2136 accipimus
888 2107 904 2132 ,
946 2075 1002 2122 et
1050 2075 1231 2122 tamen
1271 2066 1411 2123 mala
1452 2083 1575 2139 quae
1618 2067 1848 2128 fecimus

250 2160 386 2215 ﬁere
427 2174 773 2225 recusamus;
814 2176 921 2215 non
959 2160 1132 2216 solum
1172 2162 1462 2217 commissa
1497 2177 1606 2218 non
1632 2163 1844 2234 plangi-

249 2265 395 2315 mus,
431 2250 527 2305 sed
560 2249 725 2305 etiam
757 2265 877 2319 qua:
910 2249 1213 2311 debeantur
1244 2267 1523 2322 augemus.
1568 2254 1641 2309 At
1670 2255 1715 2309 si
1746 2254 1847 2313 ali-

249 2355 357 2409 qua
403 2355 502 2395 nos
545 2339 809 2411 aegritudo
856 2341 1156 2410 corripiat,
1205 2342 1257 2397 si
1313 2343 1467 2413 signa
1509 2344 1845 2415 aegritudinis

250 2433 487 2488 viciam
527 2441 758 2489 munem
795 2433 1132 2498 denuntient,
1169 2433 1414 2489 inducias
1443 2434 1657 2490 vivendi
1695 2450 1845 2506 qua:-

250 2524 463 2592 rimus,
517 2533 575 2580 ut
610 2532 836 2596 peccata
878 2532 1067 2582 nostra
1112 2522 1403 2581 deﬂeamus
1426 2566 1444 2592 ,
1487 2535 1546 2580 et
1582 2541 1678 2582 eas
1716 2542 1843 2582 cum

249 2632 454 2687 magno
491 2626 630 2673 aestu
670 2616 924 2673 desiderii
963 2616 1221 2687 petimus,
1251 2631 1388 2686 quas
1408 2624 1659 2688 acceptas
1681 2619 1841 2675 modo

245 2724 347 2778 pro
388 2707 564 2765 nihilo
606 2707 962 2764 habebamus.
1010 2706 1237 2781 (Μλυιι.)
1273 2707 1379 2763 Sed
1417 2709 1542 2778 quia
1568 2710 1841 2765 veraciter

243 2800 312 2855 de
334 2798 564 2855 Domino
601 2807 791 2855 nostro
823 2800 1083 2869 scriptum
1131 2808 1252 2855 est:
1285 2798 1548 2866 Quoniam
1586 2801 1642 2855 in
1673 2819 1839 2857 stren-

242 2888 357 2942 tum
381 2889 742 2945 misericordia
760 2889 876 2960 ejus
899 2887 1073 2961 (Psal.
1103 2890 1297 2963 cxvu),
1338 2893 1431 2962 qui
1474 2907 1574 2963 per
1602 2894 1839 2965 prophe-

246 2990 358 3034 tam
389 2980 551 3036 dicit:
572 2980 714 3036 Nolo
734 2991 949 3036 mortem
972 2983 1279 3053 peccatoris,
1303 2983 1394 3038 sed
1415 2993 1479 3052 ut
1505 2992 1839 3039 convertatur

242 3073 293 3123 'et
337 3070 474 3125 vivat
506 3071 726 3143 (Ezech.
772 3071 950 3143 xvm),
996 3087 1068 3129 ne
1110 3087 1210 3128 nos
1249 3074 1316 3128 ad
1351 3074 1702 3145 judicandum
1748 3091 1837 3131 νει-

1952 1884 2276 1953 percipiunt,
2323 1884 2542 1939 subtilia
2587 1886 2652 1940 de
2696 1885 2925 1941 internis
2953 1888 3277 1960 intelligunt,
3323 1892 3456 1948 mira
3488 1894 3543 1948 in

1951 1974 2309 2031 exterioribus
2335 1982 2651 2045 operantur.
2681 1974 2924 2044 Cumque
2954 1976 3302 2049 intelligendo
3327 1990 3383 2036 ct
3408 1997 3541 2053 ope-

1948 2063 2121 2119 rando
2158 2062 2280 2118 aliis
2319 2064 2652 2133 pradicant,
2692 2066 2847 2133 quasi
2889 2065 3161 2135 duplicato
3204 2072 3418 2140 negotio
3454 2072 3540 2128 lu-

1949 2171 2103 2211 crum
2141 2163 2453 2225 reportant,
2484 2155 2629 2209 unde
2664 2164 2868 2210 tctcrua
2908 2156 3240 2214 beatitudine
3285 2178 3539 2219 relnune-

1949 2254 2154 2300 rentur.
2201 2244 2345 2300 Bene
2389 2253 2570 2300 autem
2616 2245 2724 2300 alia
2771 2247 3013 2317 quinque
3052 2248 3136 2303 vel
3181 2248 3286 2305 alia
3332 2251 3438 2306 duo
3484 2253 3540 2308 in

1948 2335 2158 2391 lucrum
2188 2338 2401 2392 venisse
2437 2337 2765 2392 referuntur.
2800 2337 2934 2405 Quia
2969 2339 3096 2395 dum
3130 2341 3347 2411 utrique
3383 2345 3540 2399 sexui

1947 2426 2272 2499 impenditur
2306 2429 2648 2499 βιωάίαιιὶο,
2683 2429 2839 2498 quasi
2873 2440 3092 2502 accepta
3129 2431 3332 2489 talenta
3365 2436 3540 2505 gemi-

1946 2528 2164 2574 uanutr.

2015 2607 2122 2674 Qui
2151 2618 2325 2663 autem
2353 2625 2518 2663 unum
2545 2608 2799 2664 talentum
2824 2621 3092 2682 acceperat
3116 2612 3295 2668 abiens
3316 2614 3451 2684 fodit
3480 2616 3537 2669 in

1942 2707 2107 2765 terra,
2130 2708 2179 2755 et
2199 2698 2470 2753 abscondit
2494 2700 2770 2769 pecuniam
2792 2700 2993 2755 domini
3014 2702 3115 2757 sui.
3146 2702 3415 2777 (Hieron.)
3437 2704 3537 2763 Ne-

1942 2801 2104 2859 quam
2144 2804 2334 2845 servus
2379 2789 2606 2845 terrenis
2645 2789 2901 2859 operibus
2945 2798 3000 2845 et
3040 2792 3219 2847 saeculi
3259 2793 3534 2864 voluptate

1942 2878 2038 2934 Dei
2062 2887 2331 2949 praecepta
2357 2878 2594 2949 neglexit
2615 2887 2669 2934 et
2693 2879 2901 2949 polluit.
2927 2879 3247 2951 Quanquam
3279 2884 3332 2938 in
3361 2885 3534 2941 Evan-

1941 2970 2081 3043 gelio
2103 2970 2261 3028 Luca:
2284 2971 2544 3042 scriptum
2575 2972 2664 3038 sit,
2689 2972 2833 3042 quod
2860 2971 2914 3026 in
2939 2973 3156 3029 sudario
3186 2974 3450 3047 ligaverit,
3477 2978 3531 3033 id

1940 3076 2046 3134 est,
2073 3067 2376 3123 doctrinam
2413 3066 2826 3124 Patrisiamilias
2859 3067 3094 3123 molliter
3119 3076 3174 3124 et
3198 3069 3426 3126 delicate
3449 3071 3531 3126 vi-

242 3163 423 3229 uiens,
447 3164 744 3233 imparatos
767 3164 1027 3229 inveniat,
1074 3164 1246 3220 adhuc
1267 3164 1414 3221 aliud
1438 3164 1507 3221 de
1533 3165 1725 3225 eadem
1766 3181 1827 3222 re
1853 3159 1899 3222 C
1929 3159 2105 3215 vendo
2132 3159 2474 3216 enervaverit
2501 3158 2654 3227 (Luc.
2688 3158 2807 3231 xu).
2839 3157 3046 3233 [Greg.]
3085 3160 3370 3219 Talentum
3399 3178 3529 3234 ergo

244 3254 405 3324 ponit
443 3252 772 3323 exemplum,
799 3253 871 3308 ita
899 3254 1120 3309 dicens:

314 3341 431 3415 [IL]
465 3342 613 3398 Sicut
650 3343 789 3397 enim
826 3343 981 3397 homo
1017 3359 1230 3415 peregre
1272 3343 1606 3415 proﬁciscens
1642 3345 1840 3399 vocavit

238 3448 418 3487 servos
458 3448 604 3498 suos,
648 3442 696 3486 et
731 3433 954 3486 tradidit
991 3430 1099 3487 illis
1138 3433 1274 3486 bona
1314 3450 1434 3487 sua.
1479 3432 1612 3500 Quis
1654 3434 1839 3503 itaque

205 3593 208 3596 ἢ
242 3523 408 3578 homo
432 3532 520 3579 est
557 3524 649 3594 qui
694 3538 925 3594 peregre
962 3523 1328 3593 proﬁciscitur
1366 3524 1470 3579 nisi
1509 3523 1839 3597 Redemptor

239 3623 450 3679 noster,
481 3617 572 3685 qui
611 3616 666 3669 in
707 3630 768 3670 ea
806 3629 969 3670 carne
1007 3629 1169 3684 quam
1208 3623 1577 3685 assumpserat
1610 3617 1744 3672 abiit
1779 3617 1837 3673 in

239 3705 461 3761 etclam.
495 3705 687 3761 Carnis
721 3704 867 3760 enim
909 3705 1059 3761 locus
1102 3706 1351 3775 proprius
1380 3713 1525 3759 terra
1557 3713 1671 3773 est,
1713 3722 1836 3776 quas

238 3796 395 3867 quasi
426 3795 494 3851 ad
512 3796 852 3866 peregrinam
878 3795 1113 3860 ducitur,
1143 3795 1270 3850 dum
1297 3810 1394 3864 per
1416 3793 1835 3864 Redemptorem

240 3894 491 3942 nostrum
518 3887 574 3941 in
602 3886 741 3942 caelo
773 3884 1085 3941 collocatur.
1119 3883 1227 3940 Sed
1275 3885 1436 3940 homo
1480 3884 1583 3940 iste
1608 3901 1836 3959 peregre

237 3978 591 4049 proﬁciscens
615 3979 788 4034 servis
834 3980 973 4033 bona
999 3992 1097 4032 sua
1137 3977 1381 4043 tradidit,
1422 3978 1550 4048 quia
1590 3978 1835 4036 ﬁdelibus

238 4069 349 4125 suis
370 4068 644 4139 spiritalia
665 4068 804 4124 dona
835 4066 1123 4122 concessit.

310 4161 378 4217 Et
420 4162 516 4216 uni
555 4161 696 4216 dedit
733 4162 961 4231 quinque
985 4158 1209 4225 talenta,
1238 4157 1335 4214 alii
1363 4168 1537 4214 autem
1574 4160 1700 4225 duo,
1739 4162 1837 4216 alii

236 4269 352 4307 rem
374 4268 569 4308 unum.
592 4251 840 4320 Quinque
857 4249 1001 4304 enim
1020 4256 1148 4305 sunt
1163 4249 1408 4319 corporis
1427 4263 1639 4315 sensus,
1662 4250 1830 4320 visus,

235 4346 480 4409 auditus,
513 4350 726 4414 gustus,
753 4342 1029 4405 odoratus,
1075 4348 1133 4396 et
1167 4347 1360 4395 tactus.
1393 4338 1644 4415 Quinque
1671 4342 1833 4413 igitur

236 4438 483 4504 talentis,
507 4439 705 4493 donum
727 4428 964 4507 quinque
988 4449 1266 4506 sensuum,
1292 4435 1347 4494 id
1370 4446 1474 4505 est,
1501 4441 1829 4496 exteriorum

1940 3251 1996 3305 in
2025 3258 2168 3306 terra
2209 3252 2567 3318 abscondere,
2598 3260 2682 3307 est
2711 3263 2994 3323 acceptum
3025 3253 3296 3324 ingenium
3332 3254 3384 3309 in
3416 3263 3530 3310 ter-

1941 3344 2088 3400 renis
2120 3345 2329 3400 actibus
2362 3345 2673 3415 implicare,
2708 3345 2921 3402 lucrum
2961 3346 3207 3417 spiritale
3244 3364 3351 3404 non
3380 3363 3529 3419 qua:-

1939 3450 2079 3500 rere,
2108 3452 2206 3493 cor
2234 3452 2264 3491 a
2300 3438 2532 3492 terrenis
2562 3437 2980 3508 cogitationibus
3007 3454 3281 3510 nunquam
3323 3440 3524 3496 levare.

1939 3525 2078 3583 Sunt
2109 3544 2341 3599 namque
2383 3530 2622 3585 nonnulli
2652 3531 2746 3601 qui
2773 3533 2974 3587 donum
3014 3533 3381 3608 intelligentizc
3406 3544 3531 3607 per.

1937 3628 2228 3689 ceperunt,
2265 3622 2359 3674 sed
2384 3629 2562 3675 tamen
2601 3621 2714 3675 sola
2738 3637 2859 3690 qum
2888 3623 3068 3677 carnis
3100 3635 3227 3679 sunt
3264 3628 3480 3696 sapiunt
3509 3645 3525 3683 :

1936 3708 2004 3763 de
2031 3709 2226 3778 quibus
2254 3724 2351 3778 per
2383 3709 2710 3777 Propbetam
2741 3711 2941 3765 dicitur
2965 3726 2981 3764 :
3011 3712 3285 3782 Sapientes
3319 3729 3441 3773 sunt
3470 3729 3527 3773 ut

1936 3796 2133 3865 faciant
2158 3796 2324 3861 mala,
2356 3797 2480 3851 bene
2506 3806 2679 3851 autem
2706 3798 2881 3867 facere
2907 3801 3197 3855 nescierunt

2011 3889 2137 3944 Post
2162 3888 2386 3943 multum
2412 3906 2530 3944 vero
2560 3890 2807 3960 temporis
2835 3891 3080 3946 dominus
3108 3910 3372 3969 servorum
3399 3897 3523 3952 illo-

1936 3995 2052 4033 rum
2074 3980 2204 4034 venit
2227 3988 2277 4033 et
2295 3980 2467 4055 pospit
2489 3979 2744 4039 rationem
2766 3995 2884 4033 cum
2903 3981 2998 4034 eis.
3018 3980 3286 4055 (Hierom)
3308 3985 3524 4045 Grande

1936 4080 2150 4141 tempus
2179 4079 2263 4125 est
2298 4069 2440 4125 inter
2463 4069 2833 4125 ascensionem
2874 4068 3202 4132 Salvatoris.
3241 4083 3297 4128 et
3323 4090 3520 4133 secun-

1934 4162 2062 4218 dum
2088 4161 2206 4232 eius
2226 4160 2535 4216 adventum.
2564 4159 2622 4215 Si
2648 4168 2831 4216 autem
2854 4162 3081 4232 apostoli
3110 4152 3368 4222 reddituri
3396 4180 3525 4226 sunt

1934 4251 2199 4307 rationem
2241 4260 2297 4306 et
2342 4250 2442 4306 sub
2481 4260 2627 4306 metu
2653 4251 2843 4321 iudicii
2883 4253 3210 4316 surrecturi,
3257 4258 3383 4325 quid
3423 4274 3521 4315 nos

1932 4349 2145 4412 oportet
2177 4339 2388 4396 facere?
2413 4339 2616 4413 (ϐπ-ες.)
2655 4341 2791 4408 Quia
2817 4341 2863 4397 is
2892 4341 2985 4411 qui
3012 4356 3157 4397 nunc
3183 4344 3270 4414 pie
3305 4347 3522 4416 spirita-

1933 4435 2003 4490 lia
2037 4434 2177 4490 dona
2208 4433 2398 4489 tribuit
2432 4433 2678 4489 districts
2707 4433 2761 4488 in
2794 4433 3000 4504 judicio
3028 4434 3219 4489 merita
3247 4439 3517 4507 exquiret,

235 4532 473 4587 scientia
494 4531 832 4600 exprimitur.
862 4530 1077 4591 Duobus
1095 4549 1226 4591 vero
1246 4535 1549 4591 intellectus
1569 4542 1625 4590 et
1645 4549 1832 4605 opera-
1857 4507 1907 4567 D
1933 4528 2062 4599 quid
2087 4528 2315 4598 tuusque
2358 4525 2630 4596 000896?“
2670 4524 2999 4591 οοηείάετει,
3035 4532 3087 4581 ει
3126 4527 3270 4595 (1⁸³οά
3309 4528 3517 4585 lucrum

239 4625 329 4680 tio.
360 4625 542 4683 Unius
569 4631 748 4678 autem
779 4623 967 4684 talenti
1002 4627 1221 4684 nomine
1258 4627 1562 4683 intellectus
1591 4633 1829 4682 tantum-

240 4716 396 4770 modo
429 4715 758 4788 designatur.

310 4804 609 4880 Unicuique
629 4808 912 4863 secundum
932 4808 1198 4878 propriam
1219 4808 1480 4874 virtutem,
1495 4816 1545 4863 et
1565 4806 1827 4878 profectus

240 4911 313 4954 cst
346 4901 550 4955 statim.
586 4898 854 4972 (Ηὶετοη.)
877 4898 994 4954 Non
1023 4913 1120 4968 pro
1145 4898 1392 4968 largitate
1416 4914 1548 4971 ergo
1570 4907 1627 4955 et
1652 4899 1828 4971 parci-

244 4999 371 5055 tate,
399 4990 562 5045 alteri
589 4988 709 5060 plus
736 4997 791 5044 et
818 4987 972 5042 alteri
1001 4988 1177 5041 minus
1200 4988 1464 5053 tribuens,
1487 4986 1581 5043 sed
1611 5001 1712 5057 pro
1735 5000 1828 5042 ac-

244 5083 556 5152 cipientium
588 5081 814 5136 viribus.
855 5078 1133 5147 Quomodo
1166 5086 1222 5132 et
1257 5077 1545 5149 Apostolus
1587 5092 1704 5144 eos,
1732 5077 1828 5148 qui

245 5176 477 5231 solidum
497 5174 674 5230 cibum
701 5187 896 5242 capere
918 5187 1024 5228 non
1047 5179 1324 5241 poterant,
1359 5170 1498 5226 lacte
1524 5178 1740 5242 potasse
1767 5186 1827 5226 se

248 5265 375 5321 dicit
401 5265 451 5332 (l
481 5262 604 5319 Cor.
636 5263 740 5336 nt).
781 5262 1019 5331 Denique
1043 5268 1102 5314 et
1129 5260 1216 5314 ille
1241 5259 1335 5329 qui
1374 5259 1441 5314 de
1468 5259 1705 5330 quinque
1745 5268 1828 5314 ta-

248 5356 403 5413 lentis
422 5358 607 5413 decem
628 5354 848 5419 fecerat,
872 5361 928 5409 et
948 5352 1042 5422 qui
1062 5352 1126 5406 de
1149 5349 1355 5405 duobus
1376 5358 1627 5418 quatuor,
1650 5348 1828 5405 simile

248 5449 451 5518 recepit
476 5446 752 5519 gaudium.
786 5444 899 5499 Non
923 5442 1046 5512 quia
1068 5434 1374 5495 hrctributor
1400 5438 1489 5494 ille
1517 5438 1826 5494 considerat

251 5536 381 5594 lucri
407 5537 850 5610 magnitudinem,
877 5533 971 5589 sed
998 5531 1162 5588 studii
1189 5530 1539 5585 voluntatew

320 5633 458 5687 Abiit
481 5642 653 5686 autem
680 5630 769 5702 qui
790 5630 1016 5701 quinque
1036 5626 1233 5682 talenta
1257 5633 1544 5696 acceperat,
1572 5633 1619 5679 et
1646 5640 1828 5695 operan

249 5731 333 5777 tus
361 5733 433 5777 cst
472 5727 524 5778 in
552 5741 647 5788 eis,
678 5732 729 5778 et
765 5722 996 5776 lucratus
1033 5729 1107 5775 est
1147 5719 1253 5774 alia
1284 5719 1529 5789 quinque.
1575 5716 1826 5786 Acceptis

1931 4620 1998 4676 de
2024 4619 2261 4690 acceptis
2288 4625 2548 4686 reportet,
2576 4623 2783 4686 penset.

2001 4708 2070 4763 Et
2111 4708 2358 4763 accedens
2398 4708 2486 4780 qui
2520 4708 2746 4777 quinque
2786 4705 2984 4761 talenta
3020 4718 3291 4779 acceperat
3332 4710 3517 4766 obtulit

1928 4800 2036 4856 alia
2063 4800 2288 4871 quinque
2311 4797 2506 4853 talenta
2534 4798 2708 4852 dicens
2735 4813 2755 4852 :
2786 4796 3028 4865 Domine,
3057 4799 3286 4871 quinque
3314 4801 3512 4857 talenta

1930 4893 2056 4949 mihi
2081 4890 2366 4956 tradidisti,
2396 4907 2510 4945 ecce
2534 4890 2642 4943 alia
2667 4891 2894 4962 quinque
2921 4907 3080 4963 super
3102 4890 3337 4946 lucratus
3369 4910 3508 4946 sum.

1928 4986 2012 5038 Ait
2036 4983 2115 5037 illi
2141 4982 2384 5037 dominus
2407 4981 2561 5051 ejus:
2590 4980 2754 5051 Euge,
2777 4999 2918 5037 serve
2943 4983 3095 5048 bone,
3116 4992 3163 5036 et
3194 4983 3364 5052 ﬁdelis
3388 4986 3511 5054 quia

1925 5093 2086 5148 supra
2119 5091 2289 5146 pauca
2315 5072 2465 5143 fuisti
2502 5072 2675 5143 [idelis
2707 5090 2864 5145 super
2898 5073 3063 5130 multa
3091 5084 3140 5128 te
3173 5076 3508 5131 constituam.

1926 5166 2081 5221 Intra
2121 5165 2176 5218 in
2217 5162 2468 5233 gaudium
2496 5161 2694 5217 domini
2733 5164 2830 5216 tui.
2876 5162 3078 5218 Servus
3116 5162 3208 5232 qui
3238 5163 3509 5231 geminata

1929 5256 2127 5313 talenta
2168 5253 2354 5309 retulit
2390 5268 2422 5307 a
2464 5252 2690 5309 Domino
2732 5253 3000 5318 laudatur,
3041 5259 3202 5321 atque
3244 5253 3310 5306 ad
3351 5262 3510 5308 a-ter-

1927 5361 2052 5401 nam
2090 5343 2582 5400 remunerationem
2621 5342 2956 5413 perducitur,
2999 5358 3120 5398 cum
3155 5343 3205 5398 ei
3237 5358 3369 5399 vece
3408 5344 3508 5398 Do-

1928 5441 2125 5496 minica
2153 5439 2349 5494 dicitur
2380 5457 2393 5492 :
2425 5437 2592 5509 Euge,
2628 5453 2770 5491 serve
2798 5438 2927 5491 bone
2959 5447 3009 5492 et
3041 5438 3236 5507 fidelis,
3265 5440 3386 5509 quia
3418 5457 3510 5493 su-

1925 5545 2018 5602 per
2048 5544 2219 5599 pauca
2257 5527 2402 5597 fuisti
2449 5527 2640 5596 ﬁdelis,
2680 5542 2840 5593 supra
2878 5527 3042 5581 multa
3081 5538 3129 5581 te
3170 5531 3505 5594 constituam,

1924 5621 2065 5675 intra
2090 5619 2144 5672 in
2166 5617 2418 5688 gaudium
2448 5616 2657 5670 Domini
2684 5616 2780 5669 tui.
2823 5615 3051 5688 lMaun.)
3082 5617 3187 5673 Per
3222 5635 3348 5689 euge
3373 5633 3510 5688 quo-

1926 5725 2030 5780 que
2058 5709 2299 5773 verbum,
2338 5708 2590 5779 gaudium
2626 5721 2781 5762 suum
2829 5706 3087 5764 Dominus
3126 5708 3383 5777 insinuat,
3412 5712 3505 5780 qui
