4002 6188
437 296 572 352 1091

1070 290 1133 346 Β.
1173 285 1428 343 RABANI
1466 283 1685 340 MAURI
1720 282 2040 339 ARCHIEP.
2084 281 2397 339 MOGUNT.
2439 278 2722 337 OPERUM
2761 276 2941 334 PARS
2977 277 3018 333 ι.

3543 279 3687 336 10θῖ

419 419 561 474 bene
585 415 918 471 laborantem
947 424 1163 465 servum
1191 407 1258 462 ad
1283 405 1534 478 gaudium
1562 412 1827 459 teternum
1859 401 2000 456 invi-
2029 403 2079 463 Α
2107 398 2294 456 ctioris
2321 399 2444 453 vitae
2471 397 2870 468 apprehendere
2895 409 3077 449 arcem
3122 393 3342 458 nolunt,
3375 393 3500 464 quia
3545 394 3702 450 inﬁr-

419 515 525 564 tat.
565 505 714 576 Euge
744 514 959 574 quoque
999 496 1305 567 interiectio
1350 503 1435 551 est
1479 494 1741 560 laetantis;
1783 501 1838 546 et
1866 493 2003 547 bene

422 603 664 675 gaudens
690 599 949 654 Dominus
971 609 1188 650 servum
1219 593 1419 647 benum
1450 604 1514 645 ac
1541 587 1754 644 lldelem
1781 587 1834 641 in
1869 602 2004 658 gau-

425 695 572 750 dium
615 709 770 749 suum
822 693 1025 746 intrare
1062 688 1237 758 jubet.
1287 684 1422 752 Quia
1471 685 1584 753 ipse
1624 689 1708 736 est
1750 679 1896 736 solus
1939 679 2009 733 ad

427 801 586 856 quem
621 784 889 853 Propheta
929 781 1004 834 ait
1041 798 1055 833 :
1097 775 1410 845 Lwtiﬁeabis
1449 789 1542 827 nos
1578 773 1634 825 in
1669 770 1862 856 gaudio
1891 784 2010 822 cum

423 847 571 929 uultu
613 883 703 928 tuo
719 847 747 939 ,_
781 870 1145 926 delectationes
1182 875 1230 920 et
1268 864 1325 919 in
1366 864 1580 917 dextera
1621 870 1712 914 tua
1748 847 1912 923 usque
1954 859 2011 914 in

427 969 583 1036 ﬁnem
620 966 792 1039 (Psal.
833 962 945 1030 xv).
1001 957 1206 1034 [Greg.]
1259 956 1438 1010 Pauca
1475 955 1670 1024 quippe
1709 959 1834 1007 sunt
1871 950 2012 1005 bona

428 1059 608 1114 omnia
657 1055 937 1129 prmsentis
978 1053 1142 1116 vitm,
1196 1049 1444 1120 quamvis
1492 1046 1662 1101 multa
1704 1045 2008 1099 videantur.

422 1148 536 1205 Sed
584 1158 709 1203 tunc
759 1145 931 1201 ﬁdelis
975 1157 1164 1198 servus
1213 1155 1376 1210 supra
1421 1136 1594 1192 multa
1635 1133 2009 1195 constituitur,

425 1240 642 1309 quando
673 1238 878 1293 devicta
902 1235 1045 1290 omni
1074 1229 1438 1301 corruptionis
1467 1227 1734 1306 molestia,
1762 1225 1829 1278 de
1855 1232 2013 1277 aeter-

421 1333 512 1386 nis
536 1331 742 1402 gaudiis
775 1328 906 1398 ipsis
933 1326 1094 1381 etiam
1120 1319 1399 1377 elementis
1433 1320 1487 1373 in
1526 1317 1613 1372 illa
1631 1315 1848 1371 caelesti
1885 1313 2012 1368 sede

423 1424 710 1495 gloriatur.
740 1421 890 1474 Tunc
921 1419 988 1472 ad
1009 1415 1221 1472 Domini
1260 1413 1343 1468 sui
1368 1407 1620 1483 gaudium
1652 1406 1889 1478 perfecte
1925 1405 2009 1458 in-

424 1512 764 1575 tromittitur,
794 1509 1005 1579 quando
1040 1508 1093 1560 in
1122 1514 1323 1560 aeterna
1360 1502 1451 1556 illa
1487 1500 1663 1570 patria
1702 1503 2011 1565 assumptus

425 1611 590 1671 atque
614 1600 926 1671 angelorum
951 1597 1180 1653 ccetibus
1209 1595 1503 1654 admixtus,
1531 1591 1610 1646 sic
1634 1589 1858 1644 interius
1882 1601 2012 1656 gau—

2104 506 2224 546 mos
2273 504 2333 544 se
2378 503 2500 545 esse
2544 488 2910 557 conspiciunt,
2961 485 3116 555 quasi
3169 492 3225 540 et
3271 495 3590 554 peccatores
3641 504 3704 544 se

2107 579 2363 644 fatentur,
2393 587 2451 634 et
2479 578 2706 634 Domino
2746 577 3045 647 repellunt,
3076 590 3309 645 eumque
3340 576 3393 630 in
3423 593 3533 646 quo
3575 593 3704 632 san-

2103 668 2334 724 ctificari
2363 668 2692 733 debuerant,
2740 665 2982 737 fugiunt,
3012 674 3069 721 et
3095 665 3242 721 velut
3289 665 3344 720 in
3389 667 3706 722 turbatione

2107 760 2391 817 consilium
2422 775 2526 815 non
2573 761 2807 824 habent,
2836 759 2961 813 dum
3001 758 3310 812 moriuntur
3349 767 3404 812 et
3431 759 3599 813 vitam
3629 760 3700 813 ti-

2110 859 2277 906 ment.
2310 849 2531 906 Frustra
2574 858 2756 904 autem
2790 849 3006 919 quidam
3050 848 3155 903 hac
3200 848 3300 903 sibi
3344 851 3704 918 perversitate

2106 943 2480 1008 blandiuntur,
2501 950 2562 996 ut
2589 942 2769 996 dicant
2793 959 2806 994 :
2833 938 3038 995 Sufﬁcit
3063 947 3123 994 ut
3148 941 3214 996 de
3242 955 3300 994 se
3329 940 3704 1010 unusquisque

2113 1034 2376 1090 rationem
2415 1031 2638 1097 reddat,
2665 1030 2794 1100 quid
2837 1045 2974 1101 opus
2999 1039 3084 1085 est
3110 1030 3230 1085 aliis
3255 1031 3575 1101 praedicare,
3607 1043 3704 1086 aut

2109 1125 2421 1180 ministrare
2447 1163 2463 1189 ,
2514 1131 2607 1176 aut
2650 1122 2814 1176 etiam
2860 1121 2927 1176 de
2970 1122 3102 1191 ipsis
3155 1121 3422 1176 rationem
3475 1124 3704 1178 reddere

2109 1218 2340 1288 quisque
2367 1214 2626 1286 cogatur?
2649 1228 2772 1268 cum
2799 1212 2939 1283 apud
2969 1212 3254 1266 Dominum
3280 1214 3444 1268 etiam
3473 1213 3553 1268 illi
3592 1215 3704 1268 sint

2110 1306 2506 1364 inexcusabiles
2533 1304 2728 1375 quibus
2768 1303 2854 1357 lex
2882 1303 3004 1358 data
3034 1318 3140 1358 non
3168 1312 3252 1358 est
3270 1344 3285 1368 ,
3315 1318 3488 1372 neque
3516 1306 3703 1358 audita

2111 1397 2398 1467 Evangelio
2423 1395 2778 1456 dormierunt,
2812 1393 2937 1462 quia
2979 1408 3077 1463 per
3103 1401 3408 1446 creaturam
3445 1403 3702 1462 poterant

2109 1501 2435 1560 cognoscere
2474 1495 2798 1549 creatorem,
2843 1484 2996 1554 cujus
3034 1483 3320 1538 invisibilia
3366 1501 3397 1536 a
3443 1487 3700 1538 constitu-

2105 1583 2248 1637 tione
2271 1579 2453 1634 mundi
2492 1594 2584 1649 per
2622 1594 2682 1632 ea
2706 1593 2824 1648 qua:
2865 1576 3010 1642 facta
3050 1586 3170 1630 sunt
3192 1575 3453 1630 intellecta
3495 1578 3703 1642 conspi-

425 1662 518 1744 (ἰοί
549 1689 615 1742 de
642 1662 887 1752 munere,
920 1693 979 1739 ut
1003 1699 1106 1739 non
1148 1684 1217 1738 sit
1247 1683 1358 1753 jam
1387 1679 1531 1750 quod
1559 1677 1804 1734 exterius
1833 1674 2009 1730 doleat
2041 1747 2082 1753 _
2111 1671 2324 1723 cientur
2346 1666 2525 1739 (Rom.
2551 1665 2616 1736 ι).
2660 1664 2815 1720 Unde
2852 1662 2977 1718 huic
3006 1679 3164 1719 servo
3203 1664 3452 1734 protinus
3477 1680 3702 1732 respon-

422 1781 495 1834 de
525 1779 890 1848 corruptione.
1163 1837 1165 1840 l

501 1870 726 1924 Accessit
751 1879 923 1923 autem
948 1877 993 1921 et
1027 1867 1116 1938 qui
1147 1865 1252 1918 duo
1275 1863 1470 1916 talenta
1505 1868 1792 1930 acceperat,
1819 1869 1866 1913 et
1897 1859 2011 1912 ait:

426 1959 670 2021 Domine,
703 1957 806 2012 duo
828 1956 1022 2010 talenta
1044 1953 1310 2008 tradidisti
1340 1951 1487 2014 mihi,
1524 1967 1638 2004 ecce
1669 1950 1773 2002 alia
1803 1953 1909 2002 duo
1938 1947 2015 2002 lu-

422 2062 606 2105 cratus
645 2064 781 2103 sum.
821 2046 905 2098 Ait
945 2043 1022 2098 illi
1058 2043 1302 2097 dominus
1324 2041 1478 2108 ejus:
1511 2036 1679 2108 Euge,
1714 2054 1855 2092 serve
1885 2037 2014 2090 bone

427 2154 478 2196 et
507 2141 701 2210 ﬁdelis,
723 2139 847 2211 quia
879 2153 1032 2207 super
1063 2151 1230 2206 pauca
1265 2132 1410 2202 fuisti
1439 2130 1631 2200 ﬁdelis,
1664 2145 1818 2199 super
1847 2125 2014 2181 multa

430 2243 478 2284 te
513 2230 845 2291 constituam,
869 2228 1008 2280 intra
1030 2225 1085 2278 in
1107 2221 1358 2293 gaudium
1378 2219 1578 2274 domini
1617 2218 1715 2271 tui.
1741 2215 2012 2287 (Hieron.)

424 2320 659 2389 Utrique
683 2331 840 2373 servo
866 2323 924 2370 ut
945 2323 1069 2369 ante
1094 2311 1226 2376 dixi,
1251 2317 1306 2365 et
1325 2309 1416 2379 qui
1443 2309 1508 2364 de
1531 2307 1767 2378 quinque
1795 2304 2014 2360 talentis

425 2410 636 2464 fecerat
669 2407 875 2472 decem,
906 2411 960 2460 et
997 2403 1088 2472 qui
1125 2401 1193 2456 de
1218 2400 1428 2455 duobus
1455 2406 1706 2468 quatuor,
1745 2395 1886 2450 idem
1911 2408 2012 2464 pa-

425 2497 769 2555 trisfamilias
803 2491 1304 2555 sermo'hlanditur,
1357 2497 1412 2544 et
1453 2489 1522 2542 ad
1567 2489 1709 2542 bona
1754 2484 1922 2540 multa
1954 2491 2016 2538 et

425 2589 667 2646 maxima
693 2586 913 2657 praemia
940 2584 1163 2646 invitat,
1191 2581 1320 2651 quia
1347 2579 1416 2634 ad
1442 2577 1901 2648 comparationem
1930 2574 2015 2630 fu-

425 2691 677 2736 turorum
701 2691 819 2748 quae
841 2679 1176 2746 permanent,
1192 2669 1479 2742 praesentia
1496 2669 1681 2723 omnia
1705 2681 1825 2736 quae
1845 2673 2017 2719 trans-

423 2781 590 2835 eunt,
637 2769 789 2838 quasi
830 2780 999 2837 pauca
1033 2778 1154 2820 esse
1195 2762 1465 2817 videntur.
1513 2759 1689 2825 Intra,
1716 2757 1920 2828 inquit,
1961 2756 2017 2810 in

431 2863 683 2935 gaudium
709 2858 908 2915 domini
935 2856 1034 2922 tui,
1065 2863 1121 2911 et
1161 2853 1372 2923 suscipe
1400 2866 1520 2922 quae
1549 2867 1640 2904 nec
1681 2849 1862 2904 oculus
1889 2849 2017 2905 uidit

432 2973 524 3010 nec
572 2955 717 3008 auris
761 2950 981 3014 audivit,
1032 2963 1124 3002 nec
1167 2946 1224 2999 in
1266 2961 1358 2998 cor
1403 2943 1628 2998 hominis
1674 2941 2016 2995 ascenderunt

2039 1747 2089 1807 Β
2115 1759 2311 1815 detur:

2188 1847 2524 1918 Respondens
2565 1855 2739 1900 autem
2783 1844 3038 1898 Dom'nus
3084 1845 3198 1914 ejus
3237 1845 3371 1897 dixit
3407 1844 3456 1897 ei
3491 1857 3509 1894 :
3548 1843 3708 1897 Serve

2114 1940 2251 1994 male
2280 1949 2329 1993 et
2365 1941 2532 2010 p’ger,
2565 1937 2764 1992 sciebas
2803 1937 2927 2008 quia
2962 1945 3098 1990 meto
3137 1936 3224 1989 ubi
3264 1952 3368 1989 non
3393 1935 3616 1999 semina,
3654 1945 3704 1988 et

2109 2046 2366 2101 congrego
2391 2028 2480 2083 ubi
2505 2045 2610 2083 non
2630 2028 2822 2098 sparsi.
2849 2027 2960 2082 Hoc
2985 2036 3071 2082 est
3095 2027 3237 2081 enim
3266 2028 3421 2096 quasi
3449 2042 3558 2080 non
3591 2043 3706 2080 me-

2116 2129 2230 2176 tere
2256 2119 2348 2175 ubi
2376 2135 2484 2174 non
2515 2118 2809 2183 seminavi,
2847 2118 2900 2172 id
2939 2126 3052 2181 est,
3090 2118 3254 2173 etiam
3290 2133 3385 2174 eos
3412 2119 3708 2190 impietatis

2113 2227 2238 2267 reos
2271 2221 2455 2266 tenere
2499 2211 2693 2280 quibus
2722 2210 2943 2268 verbum
2986 2210 3123 2282 legis
3151 2221 3246 2264 aut
3289 2211 3564 2283 Evangelii
3594 2227 3708 2267 non

2112 2305 2479 2360 ministratum
2503 2311 2611 2358 est.
2640 2303 2719 2357 Ex
2749 2318 2817 2358 eo
2839 2303 2986 2357 eim
3015 2302 3158 2371 quod
3193 2302 3368 2356 malus
3394 2317 3585 2357 servus
3611 2319 3713 2357 au-

2115 2413 2210 2454 sus
2232 2406 2316 2453 est
2343 2397 2542 2462 dicere,
2577 2395 2732 2451 Metis
2751 2396 2846 2451 ubi
2873 2412 2976 2450 non
3007 2395 3298 2460 seminasti,
3337 2404 3384 2449 et
3415 2411 3711 2465 congregas

2112 2487 2204 2540 ubi
2249 2502 2356 2541 non
2401 2486 2677 2558 sparsisti,
2721 2486 3070 2557 intelligimus
3113 2485 3279 2540 etiam
3321 2485 3603 2556 gentilium
3653 2495 3714 2540 et

2115 2577 2557 2648 philosophorum
2587 2577 2784 2631 bonam
2807 2576 2978 2631 vitam
3021 2577 3262 2646 recipere
3301 2575 3586 2629 Dominum
3605 2615 3620 2639 ,
3652 2584 3714 2630 et

2118 2664 2275 2721 aliter
2306 2665 2505 2720 habere
2523 2679 2623 2720 eos
2649 2663 2743 2734 qui
2779 2663 2944 2733 iuste,
2975 2664 3130 2719 aliter
3153 2665 3248 2734 qui
3286 2663 3482 2733 injuste
3518 2673 3712 2734 agant.

2117 2765 2174 2811 et
2200 2756 2266 2808 ad
2296 2755 2753 2826 comparationem
2774 2755 2896 2824 ejus
2920 2757 3012 2825 qui
3043 2755 3344 2811 naturalem
3377 2755 3554 2827 legem
3587 2771 3710 2811 scr-

2117 2853 2209 2900 vat
2231 2844 2581 2901 condemnari
2611 2860 2706 2901 eos
2733 2846 2825 2914 qui
2859 2846 3111 2916 scriptam
3134 2845 3309 2916 legem
3338 2846 3633 2916 negligant.

2195 2934 2441 3008 Oportuit
2465 2951 2588 3007 ergo
2626 2946 2674 2990 te
2701 2937 3021 2990 committere
3048 2937 3323 3006 pecuniam
3355 2952 3525 2988 meam
3554 2952 3718 2989 num-

427 3047 486 3118 .(l
514 3044 639 3100 Cor.
664 3044 746 3116 ιι).
773 3042 911 3110 Quid
940 3049 1120 3094 autem
1145 3038 1320 3108 majus
1345 3037 1460 3092 dari
1488 3043 1667 3106 potest
1696 3033 1833 3088 fideli
1859 3047 2019 3089 servo
2048 3093 2090 3118 η
2120 3025 2382 3090 mulariis,
2409 3035 2458 3081 et
2485 3026 2691 3081 veniens
2714 3041 2808 3097 ego
2837 3027 3139 3096 recepissem
3164 3027 3342 3096 utique
3369 3025 3505 3096 quod
3533 3041 3721 3079 meum

435 3093 600 3210 quam
629 3093 748 3192 essle
781 3093 905 3190 dum
934 3132 1174 3198 domino,
1207 3093 1265 3186 et
1300 3093 1507 3184 videre.
1526 3127 1779 3198 gaudium
1818 3125 2021 3180 domini
2048 3093 2092 3155 Ο
2124 3129 2200 3174 est
2236 3135 2354 3181 cum
2388 3135 2573 3174 usura.
2597 3093 2875 3192 (Hierom)
2906 3093 3058 3185 Quod
3085 3093 3462 3186 putaverat'se
3484 3130 3589 3186 pro
3614 3130 3720 3169 cx-

432 3229 556 3286 sui?

505 3318 765 3374 Accedens
801 3325 974 3370 autem
1013 3321 1061 3366 et
1101 3312 1188 3382 qui
1225 3326 1390 3364 unum
1432 3308 1685 3362 talentum
1729 3315 2020 3376 acceperat,

435 3414 507 3464 ait
535 3427 552 3462 :
588 3409 824 3472 Domine,
854 3405 962 3460 scio
994 3404 1117 3474 quia
1143 3405 1296 3456 homo
1321 3400 1484 3453 durus
1511 3415 1600 3464 es;
1627 3399 1774 3452 metis
1804 3398 1891 3451 ubi
1918 3413 2022 3451 non

435 3500 723 3564 seminasti,
737 3507 784 3552 et
805 3511 1086 3567 congregas
1106 3493 1195 3548 ubi
1214 3509 1316 3546 non
1336 3490 1573 3562 sparsisti
1589 3500 1667 3555 ;et
1689 3490 1874 3544 timens
1894 3489 2020 3554 abii,

433 3604 483 3648 ct
504 3588 810 3645 abscondidi
834 3585 1085 3640 talentum
1107 3594 1252 3638 tuum
1271 3582 1326 3635 in
1352 3591 1513 3635 terra.
1541 3580 1676 3634 Ecce
1702 3581 1858 3634 habes
1883 3580 2022 3650 quod

437 3695 584 3737 tuum
611 3688 707 3733 est.
736 3675 874 3732 Vere
901 3674 1045 3746 quod
1073 3672 1331 3742 scriptum
1355 3679 1460 3735 est,
1487 3669 1569 3724 Ad
1589 3669 1914 3731 excusandas
1939 3685 2034 3744 ear.

437 3772 730 3827 cusationes
772 3767 830 3822 in
870 3765 1094 3836 peccatis
1121 3760 1297 3836 (Psal.
1329 3760 1474 3832 est),
1516 3761 1685 3816 etiam
1711 3760 1840 3816 huic
1865 3775 2022 3815 servo

430 3860 693 3929 contigit,
730 3865 792 3912 ut
822 3856 892 3911 ad
927 3854 1199 3926 pigritiam
1247 3859 1302 3907 et
1335 3850 1717 3922 negligentiam
1757 3849 2022 3920 supeer

431 3965 652 4023 quoque
685 3948 891 4003 crimen
919 3945 1218 4001 accederet.
1251 3941 1353 4010 Qui
1380 3941 1525 3997 enim
1551 3941 1734 3998 debuit
1761 3941 2022 4012 simplici-

437 4052 520 4098 ter
567 4040 814 4096 inertiam
859 4034 1129 4101 conliteri,
1175 4041 1231 4088 ct
1274 4045 1434 4088 orare
1476 4030 1942 4101 patremfamilias,
1991 4047 2024 4088 e

433 4132 711 4191 contrario
749 4127 1126 4192 calumniatur,
1168 4132 1224 4181 et
1263 4123 1392 4180 dicit
1433 4138 1494 4179 se
1536 4122 1787 4193 prudenti
1827 4122 2023 4178 fecisse

435 4226 684 4290 consilio,
714 4238 781 4279 ne
813 4223 938 4278 dum
976 4220 1130 4275 lucra
1172 4217 1412 4289 pecunia:
1440 4224 1729 4286 quaereret,
1758 4215 1922 4270 etiam
1956 4215 2022 4271 de

439 4327 584 4376 sorte
615 4314 1034 4389 periclitaretur.
1075 4307 1278 4383 (Greg.)
1317 4305 1621 4379 Notandum
1657 4315 1839 4362 autem
1879 4307 2022 4376 quod

437 4409 642 4467 inutilis
665 4421 854 4463 servus
880 4407 1073 4461 durum
1106 4402 1382 4458 dominum
1406 4407 1584 4463 vocat,
1617 4399 1704 4455 cui
1739 4407 1917 4454 tamen
1953 4400 2020 4456 ad

2121 3209 2402 3265 cusationc
2452 3209 2694 3275 dixisse,
2753 3209 2805 3263 in
2861 3207 3072 3277 culpam
3125 3205 3400 3275 propriam
3455 3205 3716 3263 vertitur.

2122 3301 2327 3357 Servus
2351 3309 2531 3357 autem
2559 3300 2731 3356 malus
2753 3301 2874 3355 ideo
2895 3298 3214 3370 appellatur,
3231 3298 3357 3367 quia
3379 3296 3718 3368 calumniam

2124 3392 2352 3447 Domino
2389 3393 2550 3458 facit;
2581 3393 2748 3463 piger,
2777 3392 2902 3460 quia
2936 3389 3192 3444 talentum
3216 3388 3391 3444 noluit
3412 3387 3718 3457 duplicare,

2123 3492 2184 3538 ut
2207 3485 2263 3538 in
2287 3483 2457 3539 altero
2486 3484 2772 3555 superbiat,
2812 3483 2865 3537 in
2895 3482 3064 3538 altero
3089 3481 3423 3552 negligentiae
3443 3481 3720 3536 «cnsident—

2120 3585 2303 3631 netur.
2337 3575 2417 3639 Si,
2451 3576 2646 3646 inquit,
2671 3575 2862 3631 durum
2891 3584 2946 3630 et
2965 3574 3241 3630 crudelem
3271 3588 3392 3628 esse
3418 3587 3500 3627 me
3533 3587 3718 3627 nove-

2125 3682 2236 3729 ras,
2267 3675 2321 3723 et
2347 3668 2520 3723 aliena
2548 3667 2766 3732 sectari,
2809 3668 2990 3736 ibique
3033 3675 3237 3721 metere
3263 3665 3353 3719 ubi
3399 3679 3500 3719 non
3546 3679 3718 3718 seve—

2123 3756 2229 3810 rim
2248 3798 2263 3822 ,
2294 3772 2461 3826 quare
2501 3773 2606 3810 non
2635 3757 2730 3811 tibi
2765 3755 3069 3811 istiusmodi
3100 3755 3358 3825 cogitatio
3384 3754 3609 3808 incussit
3637 3755 3716 3806 ti-

2123 3860 2354 3910 morem,
2383 3855 2442 3900 ut
2466 3847 2637 3901 scires
2664 3861 2751 3900 me
2783 3859 2902 3899 mea
2929 3844 3236 3916 diligentius
3257 3844 3633 3913 quesiturnm,
3657 3854 3723 3898 et

2125 3937 2282 3991 dares
2301 3936 2584 4005 pecuniam
2606 3935 2721 3991 sive
2750 3943 3032 4005 argentum
3056 3932 3464 3988 nummulariis?
3487 3932 3722 3988 Utrum-

2124 4044 2230 4097 que
2249 4028 2391 4082 enim
2423 4030 2662 4104 ἀργύριον
2682 4027 2902 4083 Graecus
2929 4041 3107 4082 sermo
3137 4025 3424 4098 significat.
3458 4025 3716 4098 Eloquia.

2123 4124 2320 4192 inquit,
2355 4122 2587 4187 Domini,
2619 4121 2826 4192 eloquia
2853 4129 3022 4186 casta,
3053 4130 3326 4190 argentum
3357 4120 3476 4190 igne
3509 4121 3720 4174 exami—

2123 4225 2338 4280 natum,
2377 4215 2654 4286 probatum
2682 4223 2860 4279 term,
2893 4223 3173 4283 purgatum
3211 4211 3500 4282 septuplum
3532 4212 3716 4284 (Paul.

2124 4307 2222 4375 χι).
2263 4306 2496 4362 Pecunia
2529 4321 2658 4375 ergo
2691 4315 2748 4358 et
2777 4312 3056 4376 argentum
3089 4303 3402 4373 praedicatio
3432 4303 3720 4374 Evangelii

2123 4409 2230 4466 est,
2261 4408 2318 4455 et
2354 4412 2534 4455 sermo
2565 4397 2801 4462 divinus,
2834 4398 2926 4466 qui
2959 4396 3072 4450 dari
3113 4395 3300 4450 debuit
3331 4393 3721 4448 nummulari's

665 4460 947 4556 deservire
972 4495 1290 4560 dissimulat,
1333 4502 1389 4549 et
1417 4460 1660 4548 timuisse
1700 4508 1760 4548 se
1787 4493 1918 4548 dicit
1962 4494 2018 4548 in
2045 4460 2099 4520 D
2127 4502 2182 4548 et
2217 4460 2530 4562 trapesetis,
2571 4489 2626 4544 id
2662 4496 2751 4544 est
2769 4460 2794 4552 ,i
2823 4460 2910 4542 vel
2949 4488 3160 4543 caeteris
3198 4487 3506 4542 doctoribus
3543 4486 3718 4557 (quod

438 4597 590 4651 lucro
618 4593 874 4648 talentum
900 4590 1222 4660 expendere,
1248 4589 1340 4658 qui
1367 4589 1471 4643 hoc
1502 4587 1673 4642 solum
1706 4587 1894 4641 timere
1920 4586 2018 4642 de-

436 4687 649 4748 buerat,
682 4696 748 4736 ne
777 4683 879 4736 hoc
921 4681 1036 4736 sine
1078 4679 1231 4733 lucro
1268 4685 1571 4746 reportaret
1613 4677 1681 4732 ad
1721 4677 2017 4732 dominum.

437 4775 579 4832 Sunt
605 4773 747 4827 enim
792 4771 1033 4842 plerique
1078 4771 1133 4824 in
1160 4767 1400 4823 Ecclesia
1435 4781 1663 4836 quorum
1689 4767 1792 4822 iste
1834 4780 2023 4822 servus

437 4866 728 4939 imaginem
751 4870 920 4928 tenet,
951 4861 1043 4932 qui
1071 4859 1313 4916 melioris
1347 4858 1463 4914 vias
1484 4858 1608 4914 vita:
1649 4859 1866 4930 aggredi
1910 4873 2024 4914 me-

437 4966 625 5023 tuunt,
657 4964 711 5011 et
742 4963 919 5010 tamen
956 4950 1141 5021 jacere
1179 4951 1232 5006 in
1273 4951 1355 5006 sui
1395 4949 1628 5019 torporis
1665 4950 1874 5020 ignavia
1915 4963 2023 5002 non

438 5046 852 5116 pertimescunt.
906 5040 1149 5107 Cumque
1193 5053 1251 5092 se
1298 5043 1611 5106 peccatores
1658 5035 2017 5096 considerant,

389 5125 398 5130 ”
436 5133 743 5191 sanctitatis
777 5131 892 5186 vias
929 5128 1172 5199 arripere
1209 5127 1509 5198 trepidant,
1555 5134 1610 5180 et
1638 5138 1918 5178 remanere
1963 5124 2019 5178 in

437 5227 553 5282 suis
590 5221 964 5294 iniquitatibus
990 5237 1099 5275 non
1141 5218 1450 5274 formidant.
1489 5216 1729 5284 Quorum
1754 5215 1891 5269 bene
1916 5214 2019 5268 Pe-

437 5329 556 5374 trus
584 5318 758 5372 adhuc
780 5315 833 5370 in
860 5315 1175 5370 inﬁmitate
1201 5311 1410 5382 positus
1437 5311 1669 5379 speciem
1699 5315 1868 5367 tenet,
1898 5321 2020 5360 cum

441 5413 555 5465 viso
593 5409 854 5466 miraculo
889 5408 1121 5479 piscium
1161 5404 1300 5461 dixit
1341 5422 1354 5457 :
1400 5403 1508 5458 Exi
1547 5421 1579 5456 a
1619 5419 1731 5466 me,
1777 5401 2018 5467 Domine,

435 5504 561 5572 quia
590 5502 743 5555 homo
766 5511 1006 5572 peccator
1029 5515 1145 5553 sum
1180 5496 1332 5570 (Luc.
1361 5495 1438 5570 v).
1476 5495 1588 5549 imo
1618 5495 1663 5549 si
1693 5503 1745 5549 te
1771 5501 2024 5564 peccato-

439 5605 554 5644 rem
581 5591 910 5654 consideras,
955 5596 1168 5660 oportet
1195 5596 1256 5642 ut
1283 5602 1314 5640 a
1353 5595 1408 5640 te
1449 5583 1733 5640 Dominum
1781 5599 1888 5639 non
1937 5599 2022 5639 re-

437 5679 624 5749 pellas.
671 5679 775 5734 Sed
808 5680 896 5748 qui
942 5680 1144 5735 idcirco
1186 5677 1424 5733 melioris
1451 5678 1666 5734 habitus
1693 5678 1808 5731 vias
1837 5685 1891 5731 et
1936 5693 2022 5730 rc-

2126 4582 2370 4640 fecerunt
2397 4590 2451 4638 et
2487 4581 2710 4652 apostoli
2750 4595 2849 4651 per
2878 4580 3118 4651 singulas
3149 4578 3455 4649 provincias
3486 4579 3718 4649 presby-

2131 4685 2271 4729 teros
2309 4682 2364 4728 et
2401 4672 2682 4742 episcopos
2719 4669 3079 4741 ordinantes),
3119 4669 3203 4724 vel
3239 4668 3448 4724 cunctis
3483 4668 3721 4723 creden—

2128 4767 2294 4831 tibus,
2318 4766 2408 4836 qui
2433 4773 2658 4836 possunt
2687 4763 2973 4834 pecuniam
2995 4761 3285 4832 duplicare,
3307 4769 3504 4816 etcum
3526 4758 3719 4813 usuris

2127 4855 2383 4920 reddere,
2422 4862 2482 4909 ut
2519 4852 2782 4923 quidquid
2819 4865 3070 4908 sermone
3107 4850 3379 4906 discerent
3413 4862 3578 4918 opere
3615 4862 3718 4902 ex-

2124 4946 2354 5017 plerent.
2417 4999 2436 5005 _

2199 5039 2382 5093 Tollite
2418 5040 2591 5109 itaque
2627 5037 2692 5092 ab
2727 5053 2788 5091 eo
2817 5035 3088 5099 talentum,
3124 5045 3170 5087 et
3197 5034 3318 5086 date
3353 5033 3399 5087 ei
3438 5032 3526 5104 qui
3553 5032 3715 5084 habet

2126 5133 2303 5186 decem
2331 5130 2547 5185 talenta.
2591 5126 2793 5202 (Greg.)
2833 5126 3203 5198 Opportunum
3230 5125 3382 5179 valde
3401 5124 3712 5186 videbatur,

2127 5232 2186 5278 ut
2221 5237 2343 5278 cum
2383 5220 2524 5275 malo
2561 5233 2720 5274 servo
2756 5233 2922 5272 unum
2964 5217 3225 5270 talentum
3261 5213 3481 5278 tollitur,
3521 5213 3572 5265 ei
3613 5227 3715 5282 po-

2127 5314 2236 5367 tius
2274 5311 2366 5381 qui
2407 5312 2514 5366 duo
2552 5325 2715 5380 quam
2753 5308 2848 5378 qui
2886 5308 3120 5377 quinque
3161 5306 3362 5359 talenta
3399 5313 3710 5371 acceperat,

2127 5407 2346 5459 daretur
2383 5417 2399 5456 :
2443 5403 2518 5456 illi
2563 5401 2705 5456 enim
2749 5399 2866 5454 dari
2913 5399 3098 5452 debuit
3141 5397 3234 5466 qui
3279 5397 3490 5459 minus,
3541 5409 3710 5463 quam

2127 5497 2217 5566 qui
2258 5495 2378 5565 plus
2424 5493 2633 5548 habuit.
2680 5490 2787 5545 Sed
2827 5490 2968 5544 sicut
3013 5489 3260 5557 superius
3302 5487 3562 5548 diximus,
3610 5499 3714 5555 per

2125 5587 2364 5656 quinque
2404 5584 2638 5647 talenta,
2679 5583 2917 5651 quinque
2957 5580 3207 5636 videlicet
3243 5594 3470 5642 sensus,
3509 5578 3564 5632 id
3596 5586 3704 5635 est.
3759 5603 3768 5612 -

2125 5675 2453 5730 exteriorum
2492 5673 2716 5728 scientia
2752 5671 3089 5740 designatur;
3131 5685 3225 5739 per
3263 5671 3368 5726 duo
3403 5677 3582 5724 autem
3624 5674 3710 5718 tav-
