3998 6188
316 346 452 404 1095

1269 340 1626 401 COMMENT.
1665 341 1732 396 IN
1774 341 2213 399 MATTIUEUM.
2260 373 2328 382 -—
2367 342 2494 397 LIB.
2537 341 2646 399 VII.

3462 354 3592 408 teat

314 465 460 517 lenta
499 457 801 514 intellectus
839 465 893 512 et
928 457 1170 528 operatio
1209 456 1530 527 exprimitur
1566 473 1578 507 :
1619 455 1738 525 plus
1773 468 1901 524 ergo
1930 457 1976 516 Α
2006 470 2091 517 es;
2123 455 2270 508 metis
2303 455 2391 508 ubi
2429 472 2530 510 non
2567 457 2834 512 seminasti
2863 469 2912 513 et
2948 460 3150 532 colligis
3190 463 3278 518 ubi
3307 482 3408 519 non
3448 483 3597 536 spar-

313 552 503 608 habuit
527 551 617 621 qui
649 552 753 606 duo
783 565 942 620 quam
974 551 1064 620 qui
1095 551 1334 621 quinque
1364 551 1563 605 talenta
1610 549 1850 619 percepit
1884 568 1896 602 :

311 645 438 714 quia
469 643 559 712 qui
591 656 687 712 per
716 643 910 697 talenta
938 643 1177 712 quinque
1203 642 1531 697 exteriorum
1559 641 1904 696 administra-

311 737 513 789 tionem
547 733 767 787 meruit.
814 735 879 788 ab
923 732 1195 788 intellectu
1239 733 1574 788 internorum
1605 733 1780 787 adhuc
1815 747 1903 786 va-

310 839 444 881 cuus
485 823 603 878 fuit.
650 823 826 880 Unum
875 839 1004 895 ergo
1053 825 1337 890 talentum,
1381 825 1524 895 quod
1571 823 1898 880 intellectum

307 915 602 988 signiﬁcari
632 916 886 978 diximus,
935 915 1008 970 illi
1051 916 1170 970 dari
1207 917 1389 971 debuit
1434 916 1526 986 qui
1571 917 1708 969 bene
1752 922 1901 970 exte-

307 1010 452 1064 riora
497 1021 618 1079 quai
649 1015 930 1078 acceperat
973 1007 1317 1062 ministravit.
1366 1005 1518 1073 Quod
1562 1006 1803 1076 quotidie
1844 1006 1898 1061 in

307 1107 497 1156 sancta
543 1097 784 1152 Ecclesia
816 1097 1108 1162 cernimus,
1140 1098 1266 1166 quia
1311 1097 1551 1166 plerique
1597 1098 1723 1151 dum
1763 1098 1901 1152 bene

305 1189 640 1253 ministrant,
672 1189 942 1244 exteriora
987 1203 1106 1258 quze
1149 1188 1418 1257 accipiunt
1456 1204 1554 1258 per
1589 1187 1899 1257 adjunctam

305 1281 538 1350 gratiam
570 1280 636 1333 ad
673 1278 1001 1334 intellectum
1030 1293 1244 1349 quoque
1273 1279 1560 1349 mysticum
1602 1281 1901 1348 perducun-

305 1379 416 1434 tur,
450 1378 511 1423 ut
553 1372 716 1424 etiam
762 1371 827 1426 de
857 1371 1069 1425 interna
1115 1370 1466 1442 intelligentia
1497 1371 1763 1442 polleant,
1807 1373 1899 1442 qui

305 1462 584 1517 exteriora
617 1461 847 1516 ﬁdeliter
880 1461 1278 1516 administrant.
1313 1460 1539 1534 (Hitar.)
1577 1461 1707 1517 ltem
1746 1462 1902 1517 aliter

306 1555 425 1608 hzec
464 1553 720 1625 parabola
763 1551 1056 1607 secundum
1102 1552 1412 1624 allegoriam
1458 1553 1652 1624 exponi
1701 1562 1896 1623 potest.

307 1645 514 1701 Servus
558 1645 648 1701 ille
675 1646 767 1715 qui
798 1647 1036 1716 quinque
1076 1646 1277 1700 talenta
1320 1647 1549 1718 accepit,
1578 1646 1804 1717 populus
1833 1657 1898 1700 ex

2003 546 2139 600 sisti.
2187 546 2386 600 Rerum
2416 549 2762 617 praesentium
2793 561 2987 606 natura
3015 570 3121 609 non
3161 555 3335 610 defert
3365 573 3594 614 messem

2001 649 2125 692 esse
2148 636 2266 690 sine
2297 637 2522 701 semine,
2554 647 2611 692 et
2641 639 2816 711 colligi
2847 657 2968 712 quae
3005 659 3194 713 sparsa
3225 662 3330 701 non
3360 645 3594 712 fuerunt,

2003 726 2099 781 sed
2147 734 2292 782 totus
2341 727 2601 796 spiritalis
2648 730 2738 784 hic
2783 747 2960 787 sermo
3008 743 3109 788 est.
3160 735 3404 792 Diximus
3451 738 3597 792 enim

1999 817 2149 871 hunc
2176 817 2429 888 populum
2458 833 2578 874 esse
2607 819 2674 876 de
2699 820 2836 892 lege,
2865 838 2973 876 non
3014 824 3349 894 ignorantem
3386 826 3595 882 Domini

2002 910 2292 966 adventum
2319 919 2374 966 et
2395 912 2634 982 gentium
2667 913 2919 979 salutem,
2949 917 3042 970 sed
3074 916 3360 972 inﬁdelem.
3389 918 3598 990 Quippe

2002 1017 2128 1059 cum
2155 1002 2290 1058 sciat
2313 1003 2594 1057 metendos
2621 1004 2732 1060 illic
2749 1002 2975 1073 justitiae
2998 1006 3224 1075 fructus,
3251 1010 3340 1064 ubi
3369 1010 3453 1065 lex
3479 1020 3595 1066 sata

2001 1110 2109 1150 non
2133 1096 2222 1160 sit,
2249 1105 2303 1151 et
2320 1096 2648 1167 colligendos
2671 1113 2736 1152 ex
2760 1099 3008 1168 gentibus
3031 1101 3120 1170 qui
3147 1117 3252 1155 non
3275 1117 3337 1156 ex
3366 1102 3597 1158 Abrahae

2003 1186 2112 1241 sint
2151 1186 2319 1256 stirpe
2345 1187 2610 1257 dispersi,
2645 1196 2701 1242 et
2739 1188 2943 1244 idcirco
2980 1190 3146 1245 durus
3176 1191 3266 1246 hic
3295 1191 3457 1247 homo
3493 1195 3597 1258 sit,

2003 1276 2212 1332 scilicet
2240 1277 2356 1332 sine
2385 1279 2501 1348 lege
2523 1277 2946 1349 justiﬁcaturus,
2975 1282 3091 1336 sine
3125 1282 3460 1352 dispersione
3486 1285 3599 1339 col-

2001 1367 2262 1432 lecturus,
2301 1377 2355 1423 et
2389 1369 2504 1424 sine
2545 1370 2754 1426 satione
2796 1385 3093 1426 mcssurus.
3135 1372 3313 1443 Atque
3342 1375 3462 1428 ideo
3495 1375 3598 1430 hoc

2002 1459 2177 1530 magis
2211 1459 2328 1514 sine
2357 1460 2512 1515 venia
2541 1462 2644 1515 erit
2685 1475 2784 1515 cur
2820 1463 3257 1531 prredicationem
3286 1464 3594 1520 occultave-

2003 1549 2092 1613 rit,
2123 1558 2178 1604 et
2211 1551 2559 1606 commissum
2588 1553 2690 1607 sibi
2723 1553 2980 1607 talentum
3011 1551 3309 1618 suffoderit,
3341 1571 3460 1609 cum
3493 1557 3597 1611 sci-

1997 1651 2087 1697 ret
2113 1657 2415 1699 messurum
2445 1659 2564 1700 esse
2593 1645 2711 1700 sine
2753 1645 2975 1707 semine,
3011 1654 3065 1700 et
3095 1645 3444 1700 collecturum
3478 1663 3597 1702 esse

305 1739 427 1809 lege
447 1738 782 1793 credentium
805 1747 909 1804 est,
937 1753 1004 1793 ex
1029 1753 1132 1809 qua
1158 1737 1433 1807 profectus
1457 1739 1706 1792 meritum
1731 1735 1899 1808 ipsius
1925 1799 1962 1809 Α
2003 1748 2122 1804 quae
2147 1751 2254 1791 non
2283 1737 2591 1805 sparsisset.
2620 1736 2726 1792 Sed
2746 1737 2932 1806 potius
2959 1738 3262 1807 oportuisse
3290 1755 3414 1792 eum
3441 1756 3598 1794 num-

304 1805 458 1883 recte
483 1827 756 1898 probeque
777 1805 1073 1896 perfuncta:
1093 1805 1560 1898 evangelicaiﬁdei
1586 1805 1898 1896 operatione
1925 1805 1974 1866 Β
2001 1824 2248 1880 mulariis
2296 1827 2449 1891 dare,
2497 1826 2550 1879 id
2597 1833 2711 1888 est,
2754 1805 3017 1880 universo
3059 1827 3243 1895 generi
3293 1829 3590 1891 hominum,

308 1919 620 1989 duplicavit.
650 1916 710 1972 ln
735 1917 945 1972 ratione
971 1927 1150 1972 autem
1175 1919 1443 1988 ponenda,
1462 1915 1648 1985 judicii
1668 1931 1896 1971 examen

305 2015 414 2076 est,
446 2023 554 2079 quo
582 2007 818 2064 caelestis
843 2008 992 2064 verbi
1027 2023 1155 2063 usus
1179 2017 1340 2076 atque
1371 2008 1576 2062 reditas
1604 2007 1898 2078 dispensati

309 2097 495 2154 talenti
520 2097 838 2168 postulatur.
857 2096 1024 2168 Igitur
1044 2097 1129 2152 cui
1152 2104 1309 2151 erant
1328 2095 1565 2165 quinque
1585 2096 1895 2163 commissa,

306 2189 529 2244 domino
563 2201 782 2243 reverso
812 2187 879 2265 de
907 2186 1146 2258 quinque
1173 2187 1359 2242 decem
1385 2185 1609 2253 obtulit,
1643 2186 1765 2242 talis
1794 2188 1900 2242 sci-

303 2281 434 2338 licet
460 2281 515 2336 in
540 2279 644 2336 ﬁde
671 2285 919 2350 repertus
939 2278 1114 2350 qualis
1138 2279 1194 2333 in
1216 2278 1355 2350 lege,
1379 2277 1470 2348 qui
1495 2278 1681 2333 decem
1707 2280 1900 2333 verbo-

306 2391 428 2430 rum
450 2375 688 2445 quinque
715 2373 868 2429 libris
896 2372 1062 2444 Moysi
1087 2380 1483 2444 praeceptorum
1513 2372 1896 2440 obedientiam,

305 2483 406 2538 per
429 2469 657 2542 gratiam
684 2469 1004 2542 evangelicae
1025 2466 1428 2538 justiﬁeationis
1457 2466 1773 2538 expleverit.
1799 2466 1899 2539 lgi-

306 2567 398 2613 tur
431 2557 654 2628 juhetur
687 2557 743 2612 in
782 2557 1033 2629 gaudium
1064 2557 1265 2613 domini
1300 2557 1555 2625 introire,
1600 2558 1654 2613 id
1695 2567 1809 2624 est,
1843 2558 1899 2614 in

305 2650 570 2706 honorem
600 2649 781 2721 gloriae
801 2648 1004 2704 Christi
1025 2648 1300 2720 recipitur.
1329 2647 1421 2706 Ille
1445 2665 1575 2706 vero
1601 2665 1790 2707 servus
1813 2651 1899 2707 cui

305 2742 415 2797 duo
441 2743 639 2797 talenta
665 2741 951 2797 commissa
978 2749 1126 2806 sunt,
1151 2741 1388 2813 gentium
1414 2741 1641 2812 populus
1665 2754 1769 2808 est,
1797 2743 1900 2798 ﬁde

305 2841 471 2903 atque
500 2831 839 2889 confessione
880 2839 937 2886 et
969 2830 1092 2886 Filii
1118 2831 1468 2901 justiﬁcatus,
1511 2839 1566 2888 et
1609 2833 1805 2900 Patris,
1845 2843 1900 2889 et

304 2921 592 2979 Dominum
623 2931 867 2980 nostrum
894 2920 1078 2978 Jesum
1105 2921 1379 2978 Christum
1396 2964 1410 2988 ,
1437 2932 1598 2994 atque
1625 2925 1898 2980 hominem

305 3025 359 3070 et
386 3018 578 3086 spiritu
608 3025 664 3072 et
691 3029 856 3072 carne
880 3015 1182 3072 confessus.
1227 3015 1362 3070 Nam
1402 3023 1456 3072 et
1486 3016 1648 3071 corde
1684 3017 1816 3071 ﬁdes
1845 3024 1900 3072 et

303 3118 399 3159 ore
431 3104 700 3161 confessio
731 3113 816 3162 est
846 3104 1024 3176 (Rom.
1057 3103 1135 3178 x).
1174 3103 1301 3160 Haec
1328 3121 1456 3176 ergo
1481 3106 1608 3161 huic
1637 3115 1762 3160 sunt
1792 3107 1896 3161 duo

2000 1915 2144 1984 quod
2170 1915 2350 1969 saeculi
2379 1916 2608 1986 negotiis
2636 1924 2952 1985 occupetur,
2985 1931 3140 1970 usum
3168 1919 3357 1972 crediti
3385 1920 3484 1974 sibi
3519 1929 3596 1974 ta-

1999 2002 2130 2060 lenti
2164 2006 2585 2069 communicare,
2624 2005 2851 2060 Domino
2895 2006 3100 2060 reditus
3137 2006 3254 2075 ejus
3295 2023 3324 2061 a
3369 2009 3597 2081 singulis

1997 2092 2355 2163 postulaturo.
2407 2091 2487 2149 οι)
2515 2108 2677 2162 quam
2722 2093 2934 2162 culpam
2973 2095 3231 2149 talentum
3261 2096 3329 2151 ab
3372 2111 3437 2151 eo
3485 2114 3594 2153 non

1994 2185 2109 2257 jam
2136 2185 2410 2258 Evangelii
2439 2186 2580 2256 quod
2624 2185 2935 2251 suffoderat,
2969 2186 3062 2240 sed
3107 2187 3241 2257 legis
3284 2187 3591 2256 auferetur;

1998 2278 2156 2347 eique
2177 2278 2484 2348 quicunque
2513 2276 2868 2346 duplicaverit
2898 2277 3055 2331 datur
3081 2277 3310 2332 Domino
3337 2278 3550 2334 dicente
3575 2297 3590 2335 :

2072 2367 2229 2422 Omni
2258 2369 2393 2423 enim
2425 2367 2634 2421 habenti
2658 2367 2875 2421 dabitur
2912 2378 2958 2421 et
2993 2368 3314 2434 abundabit;
3344 2369 3392 2423 ei
3419 2380 3594 2424 autem

1999 2461 2089 2532 qui
2116 2476 2220 2514 non
2245 2460 2417 2526 habet,
2442 2468 2490 2514 et
2517 2460 2658 2531 quod
2687 2460 2888 2514 videtur
2911 2458 3100 2514 habere
3125 2460 3393 2530 auferetur
3421 2462 3485 2516 ab
3509 2479 3592 2517 eo.

2000 2551 2138 2620 Quia
2163 2553 2388 2608 habenti
2418 2567 2575 2608 usum
2607 2551 3020 2624 Evangeliorum
3055 2552 3220 2606 etiam
3258 2552 3394 2624 legis
3422 2554 3597 2610 honor

2002 2647 2263 2702 redditur.
2313 2646 2432 2702 Non
2474 2647 2693 2702 habenti
2740 2655 2923 2702 autem
2967 2647 3127 2702 ﬁdem
3170 2647 3396 2716 Christi,
3428 2651 3593 2705 etiam

2002 2739 2143 2808 quod
2173 2739 2372 2794 habere
2401 2738 2502 2794 sibi
2532 2738 2818 2794 videbatur
2843 2755 2907 2794 ex
2956 2739 3072 2811 lege
3114 2740 3338 2796 honoris
3383 2742 3596 2799 aufere-

2003 2836 2108 2882 tur.
2141 2827 2408 2902 (Hieron.)
2450 2827 2619 2884 Aliter
2660 2846 2673 2883 :
2713 2829 2862 2884 Μιιιιί
2895 2846 3016 2885 cum
3043 2831 3316 2900 sapientes
3363 2833 3468 2887 sint
3505 2850 3596 2888 na-

2001 2919 2268 2984 turaliter,
2296 2929 2351 2975 et
2381 2921 2619 2975 habeant
2648 2937 2874 2976 acumen
2918 2923 3142 2995 ingenii,
3189 2924 3232 2978 si
3267 2923 3467 2980 fuerint
3508 2943 3598 2982 ne-

2001 3009 2292 3080 gligenlcs,
2324 3019 2379 3066 et
2405 3012 2608 3067 desidia
2638 3013 2835 3069 bonum
2871 3026 3076 3070 naturae
3108 3019 3485 3088 corruperint,
3527 3023 3595 3076 ad

2000 3103 2457 3171 comparationem
2486 3103 2603 3173 ejus
2630 3105 2722 3175 qui
2757 3105 3032 3175 paululum
3073 3108 3277 3162 tardior
3306 3109 3489 3167 labore
3520 3112 3592 3166 ἰη-

305 3194 512 3250 talenta
544 3197 850 3251 commissa.
889 3194 996 3251 Sed
1024 3205 1084 3249 ut
1106 3196 1258 3266 prior
1281 3195 1370 3251 illc
1395 3211 1556 3252 omne
1584 3211 1895 3252 sacramen-
1925 3159 1971 3222 δ
2003 3190 2225 3248 dustria:
2273 3197 2640 3266 compensavit
2686 3197 2828 3268 quod
2876 3198 3055 3253 minus
3103 3200 3313 3266 habuit,
3361 3205 3597 3272 perdunt

303 3292 419 3338 tum
449 3287 504 3341 in
533 3286 770 3357 quinque
794 3285 1041 3352 talentis,
1070 3286 1124 3341 id
1163 3297 1275 3352 est,
1307 3287 1360 3341 in
1389 3287 1502 3358 lege
1537 3295 1894 3359 cognoverat,

307 3378 471 3446 idque
501 3378 676 3448 ipsum
706 3377 812 3432 ﬁde
841 3376 1113 3448 Evangelii
1144 3377 1538 3448 duplicaverat,
1580 3378 1653 3432 ita
1685 3379 1786 3434 iste
1816 3379 1898 3432 in-

306 3475 587 3524 cremento
616 3467 778 3522 duum
807 3467 1149 3533 talentorum,
1174 3466 1333 3536 idque
1353 3468 1664 3537 operatione
1683 3482 1897 3538 prome-

303 3561 434 3614 ruit.
479 3561 545 3615 Et
588 3561 642 3615 in
675 3559 962 3616 traditione
991 3576 1056 3616 ac
1099 3559 1272 3615 reditu
1306 3558 1549 3615 dissimili
1580 3576 1679 3631 par
1713 3569 1895 3617 tamen

302 3653 443 3722 apud
490 3652 776 3708 Dominum
823 3666 1020 3707 munus
1066 3651 1350 3708 amborum
1393 3660 1498 3719 est,
1545 3660 1607 3707 ut
1654 3655 1894 3724 gentium

301 3743 464 3799 ﬁdem
509 3753 844 3814 exmquatam
879 3743 1213 3800 credentium
1255 3758 1320 3798 ex
1359 3743 1474 3813 lege
1518 3745 1758 3799 scientiae
1800 3760 1896 3798 no-

301 3849 608 3902 sceremus,
653 3849 779 3889 nam
825 3850 948 3889 cum
993 3833 1300 3887 laudatione
1344 3833 1531 3886 eadem
1571 3833 1792 3902 jubetur
1838 3833 1892 3886 in

297 3926 554 3995 gaudium
585 3924 800 3982 Domini
827 3924 1072 3978 introire.
1099 3923 1197 3977 Est
1222 3929 1402 3976 autem
1425 3921 1717 3990 duplicatio
1743 3938 1891 3977 sum-

297 4023 402 4082 ptte
448 4015 691 4086 pecuniae
734 4014 1108 4085 operatiOnem
1155 4013 1280 4067 ﬁdei
1328 4009 1628 4078 addidisse,
1675 4020 1731 4069 et
1773 4027 1895 4083 quae

295 4107 554 4174 opinione
596 4105 972 4170 crediderant,
1021 4103 1183 4159 rebus
1212 4102 1473 4173 factisque
1500 4105 1748 4174 gessisse.
1788 4103 1893 4172 Qui

298 4209 425 4252 vero
471 4212 637 4252 unum
686 4195 946 4252 talentum
985 4195 1211 4264 accepit,
1245 4201 1300 4249 et
1342 4193 1394 4246 in
1437 4202 1582 4248 terra
1626 4195 1888 4259 recondit;

295 4288 528 4358 populus
552 4294 637 4343 est
667 4287 722 4342 in
760 4287 878 4358 lege
919 4286 1236 4356 persistens,
1273 4291 1420 4338 totus
1446 4283 1684 4340 carnalis
1707 4294 1762 4340 et
1787 4294 1896 4340 stu.

294 4379 478 4448 pidus,
523 4389 579 4436 et
624 4378 757 4434 nihil
800 4378 1044 4449 spiritale
1089 4377 1414 4448 intelligens,
1449 4386 1504 4432 et
1531 4392 1690 4446 quem
1721 4379 1895 4436 virtus

291 4469 699 4539 praedicationis
723 4468 1048 4540 evangelicae
1072 4482 1178 4523 non
1206 4468 1415 4533 subeat,
1443 4468 1536 4523 sed
1560 4477 1785 4539 propter
1808 4469 1890 4524 in—

293 4561 503 4616 vidiam
531 4558 907 4615 salvandarum
935 4558 1174 4630 gentium
1221 4558 1275 4612 in
1315 4566 1463 4612 terra
1491 4566 1769 4630 acceptum
1813 4568 1892 4614 ta-

295 4648 504 4705 lentum
548 4649 912 4714 absconderit,
955 4662 1131 4718 neque
1170 4647 1285 4718 ipse
1313 4655 1492 4715 utens,
1532 4663 1708 4718 neque
1735 4657 1892 4704 uten-

295 4741 418 4796 dum
452 4741 573 4796 aliis
605 4740 899 4809 dispenset,
947 4739 1042 4794 sed
1088 4738 1332 4794 suﬁicere
1361 4739 1464 4795 sibi
1508 4739 1678 4810 legem
1705 4741 1892 4796 existi-

296 4841 404 4886 met
438 4831 504 4885 ad
534 4830 783 4886 salutem.
813 4833 988 4900 Atque
1014 4829 1133 4884 ideo
1159 4845 1281 4884 cum
1304 4830 1370 4889 ab
1395 4845 1460 4885 eo
1486 4831 1625 4885 ratio
1653 4831 1891 4900 postula-

297 4931 469 4989 retur,
507 4922 580 4976 ita
617 4923 694 4976 ait
725 4939 737 4974 :
772 4921 982 4986 Timui;
1028 4931 1283 4990 tanquam
1315 4935 1412 4990 per
1439 4923 1793 4976 reverentiam
1823 4937 1889 4978 ac

299 5021 500 5066 metum
527 5022 769 5068 veterum
800 5019 1214 5081 praeceptorum,
1253 5025 1352 5064 usu
1382 5011 1701 5082 evangelica:
1723 5011 1888 5066 liber-

301 5105 424 5160 tatis
449 5105 736 5170 abstineat,
765 5105 1012 5173 dicatque
1038 5101 1169 5156 Ecce
1188 5103 1325 5173 quod
1356 5111 1503 5156 tuum
1531 5111 1626 5169 est,
1653 5103 1801 5156 velut
1831 5103 1884 5156 in

299 5195 382 5253 his
417 5215 536 5269 qua:
573 5214 603 5252 a
634 5198 860 5252 Domino
891 5204 1156 5266 praecepta
1194 5203 1319 5249 sunt
1349 5193 1511 5247 fuerit
1544 5195 1878 5249 immoratus.

214 5323 223 5327 -
297 5285 354 5342 In
383 5298 526 5346 terra
549 5303 676 5346 vero
702 5287 1053 5352 abscondere,
1079 5287 1181 5340 hoc
1207 5293 1290 5340 est
1312 5299 1464 5339 novre
1487 5285 1884 5354 praedicationis

300 5387 521 5455 gloriam
569 5388 670 5443 sub
714 5386 1034 5441 tractatione
1078 5397 1350 5453 corporea:
1390 5381 1658 5451 passionis
1704 5379 1884 5436 occul-

301 5479 550 5547 tare.'Qui
572 5494 695 5534 cum
709 5477 984 5532 Christum
1002 5475 1286 5530 Dominum
1310 5473 1375 5527 ad
1397 5473 1621 5526 salutem
1643 5473 1881 5543 gentium

301 5570 520 5625 missum
553 5572 719 5626 fuisse
752 5585 857 5624 non
895 5569 1066 5640 possit
1100 5568 1335 5622 abnuere
1367 5565 1510 5637 (nam
1542 5573 1595 5620 et
1624 5567 1884 5622 adventus

299 5668 352 5712 et
377 5663 554 5730 passio
581 5662 695 5730 ejus
722 5678 786 5716 ex
811 5662 926 5732 lege
950 5658 1078 5732 est),
1099 5661 1474 5728 obtemperare
1501 5667 1676 5711 tamen
1705 5657 1882 5711 Evan-

301 5754 433 5814 gelia
464 5755 575 5821 ipse
606 5753 854 5808 noluerit.
887 5753 978 5806 Ait
1004 5751 1148 5806 enim
1183 5768 1194 5803 :
1232 5749 1354 5805 Srio
1379 5750 1499 5820 quia
1530 5749 1682 5804 homo
1717 5749 1884 5803 durus

1999 3281 2200 3338 bonum
2229 3293 2457 3352 naturai,
2485 3295 2538 3342 et
2581 3289 2859 3360 praernium
2893 3290 3036 3358 quod
3076 3290 3156 3344 eis
3185 3289 3363 3346 fuerat
3407 3309 3595 3365 repro-

1999 3375 2222 3430 missum
2249 3378 2462 3433 videtur
2491 3381 2723 3436 transire
2753 3381 2818 3436 ad
2847 3382 2999 3436 alios.
3028 3381 3213 3437 Potest
3240 3393 3294 3439 et
3322 3385 3400 3440 sic
3433 3387 3589 3441 intel-

1997 3461 2089 3535 ligi
2119 3478 2134 3518 :
2165 3464 2215 3520 ei
2242 3467 2332 3535 qui
2365 3466 2523 3522 ﬁdem
2554 3469 2732 3534 habet,
2761 3479 2818 3525 et
2844 3469 3039 3526 bonam
3072 3474 3125 3528 in
3157 3472 3384 3530 Domino
3415 3476 3596 3531 volun-

1997 3560 2188 3619 tatem,
2214 3556 2429 3612 etiamsi
2463 3559 2591 3629 quid
2626 3561 2806 3616 minus
2834 3562 2888 3615 in
2923 3577 3085 3633 Opere
3112 3573 3170 3618 ut
3197 3566 3361 3621 homo
3391 3567 3594 3625 habue—

1995 3645 2088 3708 rit,
2126 3647 2345 3701 dabitur
2385 3663 2412 3700 a
2457 3647 2600 3702 bono
2625 3650 2836 3718 judice;
2872 3653 2964 3720 qui
2994 3662 3175 3708 autem
3205 3672 3310 3710 non
3341 3659 3594 3716 habuerit

1995 3734 2177 3800 ﬁdem,
2211 3731 2372 3792 etiam
2404 3747 2628 3794 cmteras
2655 3741 2882 3818 virtutes
2910 3757 3045 3811 quas
3067 3744 3348 3802 videbatur
3375 3761 3593 3807 natura-

1993 3826 2118 3884 liter
2137 3829 2436 3898 possiderc,
2461 3831 2658 3900 perdit.
2683 3831 2970 3904 Eleganter
2990 3836 3175 3902 etiam,
3198 3841 3336 3910 quod
3365 3828 3588 3912 videtur,

1994 3917 2192 3989 inquit,
2238 3921 2428 3975 habere
2469 3921 2743 3992 auferetur
2780 3924 2845 3978 ab
2873 3942 2953 3980 eo.
3001 3925 3269 3998 Quidquid
3298 3933 3440 3986 enim
3473 3935 3592 3992 sine

1994 4007 2100 4066 ﬁde
2129 4009 2332 4066 Christi
2361 4021 2464 4078 est,
2490 4028 2596 4067 non
2625 4013 2676 4068 ei
2701 4012 2860 4070 debet
2888 4015 3172 4087 imputari,
3201 4022 3326 4090 quia
3357 4023 3496 4078 male
3525 4042 3592 4081 eo

1996 4103 2195 4157 abusus
2219 4111 2332 4170 est;
2391 4103 2484 4158 sed
2533 4104 2609 4159 illi
2653 4105 2749 4175 qui
2794 4107 2955 4162 etiam
2991 4123 3150 4164 servo
3194 4111 3337 4167 malo
3384 4123 3590 4170 naturai

1993 4189 2194 4247 bonum
2219 4193 2424 4248 tribuit.
2452 4194 2667 4269 (Beda.)
2691 4197 2822 4252 ltcm
2850 4199 2939 4267 qui
2963 4213 3203 4256 amorem
3230 4202 3393 4258 habet
3414 4205 3586 4272 verbi,

1994 4283 2212 4340 dabitur
2237 4285 2311 4340 illi
2356 4286 2519 4341 etiam
2567 4303 2758 4344 sensus
2784 4289 3116 4362 intelligendi
3143 4293 3483 4363 quod'amat.
3516 4297 3588 4352 At

1995 4377 2086 4447 qui
2115 4379 2264 4433 verbi
2293 4378 2459 4434 divini
2496 4383 2738 4436 amarem
2781 4397 2890 4437 non
2932 4383 3095 4438 habet
3122 4385 3393 4452 audiendi,
3422 4389 3586 4444 etiam

1995 4469 2042 4523 si
2072 4469 2155 4524 vel
2186 4469 2417 4525 naturali
2449 4471 2665 4542 ingenio
2693 4471 2778 4528 vel
2806 4472 3111 4528 litterarum
3147 4475 3249 4531 sibi
3278 4475 3474 4533 callere
3503 4480 3584 4534 vi-

1995 4561 2154 4617 detur
2178 4571 2449 4628 ornatum,
2490 4563 2631 4618 nulla
2658 4580 2802 4620 verae
2830 4567 3109 4636 sapientia:
3139 4568 3422 4626 dulcedine
3451 4589 3584 4643 gau-

1992 4652 2158 4708 debit.
2194 4653 2396 4728 (Greg.)
2445 4655 2570 4711 Sive
2597 4657 2756 4711 aliter
2786 4677 2798 4712 :
2835 4657 2992 4714 Omni
3033 4660 3244 4716 babenti
3273 4663 3504 4730 dabitur,
3538 4677 3585 4720 et

1993 4746 2280 4800 abundabit
2331 4766 2348 4802 :
2397 4749 2522 4818 quia
2569 4749 2817 4819 quisquis
2865 4750 3184 4807 cltaritatem
3238 4770 3342 4808 non
3389 4754 3582 4821 habet,

1991 4836 2157 4890 etiam
2203 4853 2322 4907 qua:
2365 4841 2672 4908 percepisse
2719 4842 3004 4896 videbatur
3036 4845 3254 4898 amittit.
3299 4844 3452 4902 Unde
3493 4864 3585 4902 ne—

1992 4944 2145 4985 cesse
2181 4939 2263 4984 est
2302 4939 2360 4983 ut
2400 4947 2497 5000 per
2522 4947 2682 4988 omne
2710 4935 2852 5002 quod
2889 4936 3117 5006 agimus,
3145 4951 3274 5006 erga
3302 4938 3584 4993 charitatis

1993 5023 2172 5080 studia
2198 5023 2497 5093 vigilemus.
2525 5023 2776 5080 Charitas
2798 5036 2976 5082 autem
3001 5044 3128 5083 vera
3156 5039 3240 5081 est
3267 5036 3322 5080 et
3346 5029 3580 5082 amicum

1992 5116 2214 5188 diligere
2245 5117 2298 5171 in
2340 5117 2480 5182 Deo,
2508 5127 2564 5172 et
2592 5119 2870 5174 inimicum
2897 5120 3120 5190 diligere
3143 5130 3364 5190 propter
3391 5122 3580 5187 Deum,
3637 5135 3640 5137 '

1991 5223 2153 5276 quam
2183 5207 2429 5278 quisquis
2469 5226 2573 5264 non
2612 5210 2775 5264 habet
2801 5226 2959 5265 omne
2987 5211 3184 5264 bonum
3218 5211 3413 5265 amittit
3438 5214 3583 5280 quod

1991 5299 2184 5361 habet,
2221 5309 2276 5354 et
2321 5299 2519 5354 talento
2556 5303 2697 5372 quod
2744 5309 3024 5371 acceperat
3067 5302 3310 5371 privatur
3334 5311 3389 5356 et
3421 5302 3580 5370 juxta

1988 5388 2325 5444 Domiriicam
2365 5393 2722 5458 sententiam,
2764 5392 2817 5445 in
2847 5391 3143 5457 exteriores
3173 5393 3422 5446 tenebras
3452 5394 3578 5448 mit-

1989 5480 2139 5535 titur.

2060 5573 2127 5627 Et
2156 5574 2392 5628 inutilem
2419 5591 2621 5630 servum
2643 5574 2882 5644 projicite
2907 5575 2964 5628 in
3007 5573 3243 5628 tenebras
3273 5575 3576 5630 exteriores.

1988 5659 2072 5716 Ibi
2099 5664 2192 5716 erit
2241 5667 2394 5734 fletus
2423 5675 2469 5718 et
2511 5663 2707 5718 stridor
2731 5663 2988 5716 dentium.
3017 5662 3284 5733 (Πίειόη.)
3318 5663 3579 5716 Dominus

1989 5751 2166 5808 lumen
2213 5762 2318 5818 est,
2365 5762 2418 5808 et
2441 5755 2530 5824 qui
2560 5755 2626 5808 ab
2656 5769 2721 5809 eo
2762 5751 2908 5809 foras
2935 5754 3189 5818 mittitur,
3218 5769 3348 5809 vero
3375 5754 3580 5808 lumine
