3998 6188
422 305 560 365 N95
1059 298 1120 354 B.
1158 296 1412 353 RABAM
1447 294 1665 352 MAURI
1703 291 2018 349 ARCHIEP.
2060 286 2372 348 EOGUNT.
2407 283 2696 342 OPER-UM
2731 280 2911 337 PARS
2945 281 2987 336 ἰ.
3552 277 3701 335 1098

416 429 587 483 caret.
613 415 815 491 (σι-υς.)
853 414 958 470 Per
995 426 1213 484 prunam
1253 411 1448 481 quippe
1481 409 1534 464 in
1577 407 1877 463 exteriores
1909 421 2000 462 ca-
2028 409 2078 468 Α
2106 401 2376 460 sententia
2406 398 2526 454 Filii
2556 397 2794 491 hominis
2821 396 3084 491 adversus
3129 391 3434 491 ha‘rcticos,
3466 395 3559 491 qui
3592 395 3707 452 Do-

417 482 653 579 det,qrii
694 482 1032 578 per'culpam
1080 517 1176 558 sua
1223 509 1412 572 sponte
1440 500 1496 556 in
1537 499 1822 554 interiores
1860 507 2003 553 tene-
2103 493 2309 546 tninum
2337 497 2582 543 nostrum
2609 484 2792 540 .Iesum
2813 483 3110 546 Christum,
3137 482 3189 579 in
3212 491 3491 579 assumpta
3521 482 3706 579 forma

419 575 546 658 bras
579 575 796 656 cecidit.
839 598 950 652 lllic
973 603 1196 652 coactus
1222 595 1429 664 patitur
1456 593 1709 649 tenebras
1757 590 2001 656 ultionis,
2103 583 2247 640 servi
2295 587 2495 651 negant
2527 591 2768 640 manere,
2797 589 2894 644 pro
2927 590 2994 629 eo
3036 575 3180 644 quod
3229 576 3305 628 ait
3360 576 3657 646 Apostolus
3687 593 3704 631 :

416 693 509 763 qui
541 692 628 746 hic
656 692 883 746 ιίυεηιετ
908 687 1165 743 sustinuit
1204 687 1457 741 tenebras
1509 682 1817 753 voluptatis,
1863 679 2004 748 Quid
2105 671 2223 727 Etsi
2250 686 2563 727 noveramus
2588 666 2853 723 Christum
2876 667 3164 722 secundum
3188 682 3428 729 carnem,
3450 669 3540 720 sed
3563 685 3709 722 nunc

416 759 489 840 sit
513 792 692 838 autem
720 780 898 845 ﬂetus,
952 787 1006 832 et
1035 778 1234 832 stridor
1259 776 1521 839 dentium,
1553 789 1715 842 supra
1746 771 2001 826 diximus.
2095 766 2214 836 jam
2260 780 2366 818 non
2403 763 2660 817 novimus.
2707 760 2774 814 Et
2818 759 2909 814 ubi
2939 768 3026 814 est
3053 759 3202 826 illud,
3229 759 3374 829 quod
3405 774 3472 815 eo
3501 776 3709 816 ascen-

417 875 713 932 Sciendum
741 887 872 926 vero
909 879 994 925 est
1019 869 1165 939 quod
1205 867 1381 921 nullus
1409 866 1564 935 piger
1591 863 1658 918 ab
1685 863 1786 916 hac
1816 860 2005 916 talenti

416 966 731 1036 acceptione
775 977 996 1018 securus
1027 969 1126 1015 est.
1161 957 1349 1012 Nullus
1378 969 1611 1024 namque
1633 953 1824 1022 estqui
1855 966 2007 1006 vera-

417 1060 556 1114 citer
584 1057 728 1111 dicat
759 1073 771 1108 :
801 1054 1084 1107 Talentum
1114 1049 1336 1105 minime
1363 1047 1568 1116 accepi,
1600 1061 1708 1100 non
1741 1052 1825 1098 est
1865 1043 2006 1097 unde

421 1162 622 1217 ponere
650 1145 885 1198 rationes
915 1156 1094 1211 cogar.
1125 1138 1334 1194 Talcnti
1368 1137 1511 1191 enim
1543 1134 1761 1190 nomine
1783 1132 2009 1203 quilibet

421 1237 643 1308 pauperi
666 1236 827 1289 etiam
852 1234 958 1287 hoc
985 1235 1157 1302 ipsum
1192 1226 1549 1298 reputabitur,
1577 1225 1660 1279 vel
1677 1224 1820 1293 quod
1849 1223 2009 1277 mini-

424 1340 572 1378 mum
603 1323 818 1391 accipit.
866 1319 1018 1373 Alius
1070 1331 1301 1386 namque
1332 1314 1539 1385 accepit
1576 1313 2006 1382 intelligentiam,

423 1413 822 1485 praedicationis
869 1409 1232 1465 ministerium
1275 1407 1434 1462 debet
1473 1419 1540 1459 ex
1593 1404 1828 1468 talento;
1872 1403 2010 1457 alius

426 1517 695 1560 terrenam
734 1501 942 1572 accepit
999 1498 1375 1561 substantiam,
1409 1494 1775 1566 erogationem
1824 1491 2010 1548 talenti

424 1596 584 1648 debet
606 1610 669 1648 ex
696 1593 886 1656 rebus;
917 1589 1053 1644 alius
1098 1604 1195 1644 nec
1219 1588 1554 1642 internorum
1579 1585 2009 1656 intelligentiam,

424 1701 527 1740 nec
567 1700 750 1739 rerum
797 1681 1123 1736 afﬂuentiam
1175 1679 1393 1748 accipit,
1442 1678 1538 1732 sed
1589 1685 1770 1730 tamen
1822 1675 2012 1731 didicit

2106 856 2265 911 dente
2315 853 2574 924 apostolis
2618 851 2902 922 protestati
2939 858 3066 906 sunt
3111 851 3289 922 angeli
3340 869 3353 904 :
3397 851 3488 908 Sic
3538 856 3708 908 veniet

2107 943 2542 1017 quemadmodum
2569 941 2769 997 vidistis
2799 959 2918 996 eum
2943 951 3147 996 omnem
3173 944 3229 996 in
3250 942 3440 996 caelum
3469 945 3609 1014 (Act.
3636 947 3704 1016 ι).

2107 1037 2173 1091 Et
2189 1036 2307 1106 ipse
2332 1036 2396 1090 de
2425 1050 2486 1090 se
2523 1035 2626 1090 hoc
2654 1034 2710 1089 in
2737 1033 2854 1089 loco
2892 1033 2968 1088 ait
2993 1051 3006 1086 :
3041 1031 3175 1088 Cum
3196 1035 3383 1089 reneri:
3415 1034 3583 1089 “(ius
3608 1038 3708 1089 ho-

2108 1127 2263 1181 minis
2308 1127 2361 1180 in
2397 1125 2670 1196 majestate
2697 1141 2816 1180 sua.
2854 1124 3000 1180 Idem
3042 1126 3188 1180 enim
3234 1125 3406 1180 Filius
3441 1127 3533 1180 Dei
3561 1126 3706 1181 titius

2109 1217 2360 1281 hominis,
2392 1227 2446 1272 et
2490 1217 2631 1272 filius
2682 1216 2918 1272 hominis
2957 1215 3128 1272 Filius
3175 1218 3292 1282 Dei,
3327 1217 3472 1272 aliud
3499 1233 3702 1273 secun—

2106 1311 2238 1366 dum
2265 1310 2675 1376 humanitatem,
2702 1309 2849 1364 aliud
2870 1309 3169 1365 secundum
3195 1309 3559 1374 divinitatem,
3594 1327 3704 1365 non

2113 1410 2294 1458 tamen
2324 1401 2482 1467 alius,
2532 1400 2626 1456 sed
2669 1415 2810 1456 unus
2837 1399 3089 1470 idemque
3133 1401 3186 1456 in
3237 1410 3471 1470 utraque
3507 1413 3704 1456 natura

2111 1509 2298 1560 verus,
2323 1501 2377 1549 et
2393 1493 2648 1564 proprius
2677 1492 2848 1548 Filius
2869 1492 2986 1548 Dei.
3014 1492 3167 1550 Unus
3186 1493 3406 1550 omnino
3436 1510 3544 1549 non
3572 1510 3705 1550 con-

2113 1582 2326 1640 fusione
2371 1583 2706 1650 substantiae,
2752 1582 2848 1640 sed
2883 1583 3094 1639 unitate
3126 1598 3396 1654 personze,
3437 1599 3540 1640 nec
3567 1599 3703 1639 con—

2113 1675 2366 1733 versione
2406 1674 2708 1730 divinitatis
2753 1674 2809 1729 in
2837 1688 3027 1740 carne,
3069 1675 3165 1729 sed
3192 1675 3563 1744 assumptione
3603 1675 3707 1730 bu-

425 1786 600 1830 artem
636 1791 740 1844 qua
770 1774 1028 1843 pascitur,
1063 1773 1175 1842 ipsa
1206 1786 1295 1825 ars
1320 1772 1366 1824 ei
1401 1771 1454 1823 in
1489 1769 1671 1825 talenti
1697 1771 2010 1839 acceptione
2037 1771 2086 1832 Β
2115 1768 2391 1826 manitatis
2441 1768 2495 1822 in
2535 1768 2665 1823 Deo.
2716 1765 3051 1838 Majestatem
3101 1765 3220 1836 ejus
3280 1767 3424 1822 haud
3481 1768 3705 1824 dubium

426 1867 801 1937 reputabitur;
828 1863 962 1916 alius
989 1862 1119 1915 nihil
1144 1862 1335 1914 horum
1361 1867 1642 1914 assecutus
1659 1868 1768 1923 est,
1804 1859 1897 1913 sed
1928 1868 2011 1913 ta-

427 1976 552 2014 men
597 1956 825 2011 fortasse
865 1953 1246 2008 familiaritatis
1275 1951 1449 2007 locum
1481 1950 1619 2020 apud
1643 1949 1866 2005 divitem
1895 1965 2012 2006 me-

429 2051 556 2111 ruit,
592 2048 848 2102 talentum
871 2045 1113 2116 profecto
1141 2043 1523 2097 familiaritatis
1546 2042 1784 2103 accepit;
1817 2044 1861 2098 si
1885 2057 2016 2116 ergo

427 2139 562 2194 nihil
592 2139 639 2194 ci
661 2154 762 2207 pro
791 2135 1158 2206 indigentibus
1179 2133 1446 2204 loquitur,
1483 2148 1584 2203 pro
1618 2132 1803 2188 talenti
1830 2143 2012 2189 reten-

425 2234 576 2287 tinne
631 2228 994 2284 damnabitur.
1037 2225 1253 2281 llabens
1293 2241 1422 2296 ergo
1473 2224 1824 2292 intellectum,
1861 2233 2018 2281 curet

427 2322 649 2375 omnino
673 2334 738 2373 ne
771 2326 983 2382 taceat;
1016 2317 1221 2371 habens
1247 2330 1427 2370 rerum
1455 2313 1801 2380 aﬂluentiam,
1833 2314 2017 2384 vigilet

427 2427 498 2464 ne
534 2425 564 2462 a
592 2406 975 2463 misericordia:
1001 2404 1250 2476 largitate
1279 2413 1581 2473 torpescat;
1613 2402 1819 2458 habens
1842 2412 2016 2460 artem

430 2514 537 2569 qna
566 2497 789 2568 regitur,
826 2509 1154 2566 magnopere
1175 2495 1408 2558 studeat,
1435 2503 1495 2549 ut
1523 2511 1678 2550 usum
1711 2503 1872 2565 atque
1909 2496 2016 2552 uti-

431 2592 641 2644 litatcm
675 2589 817 2643 illius
867 2603 989 2644 cum
1030 2588 1280 2658 proximo
1335 2588 1635 2657 partiatur;
1681 2587 1889 2644 habens
1938 2587 2018 2645 lo-

430 2677 632 2748 qnendi
661 2677 840 2731 locum
887 2677 1030 2746 apud
1079 2677 1318 2741 divitem,
1353 2677 1749 2733 damnationem
1788 2692 1888 2748 pro
1927 2691 2015 2734 re-

430 2778 584 2824 tento
607 2767 808 2823 talento
837 2767 1040 2830 timeat,
1069 2767 1113 2822 si
1145 2783 1250 2823 non
1280 2768 1518 2837 quotidie
1540 2783 1662 2823 cum
1684 2768 1844 2833 valet,
1875 2767 2018 2838 apud

427 2877 558 2916 eum
590 2875 691 2931 pro
723 2859 1058 2931 pauperibus
1105 2859 1422 2915 intercedat.
1463 2859 1699 2915 Tantum
1733 2860 1928 2931 quippe
1949 2858 2017 2916 ab

429 2967 760 3022 unoquoque
783 2959 1026 3006 nostrum
1050 2958 1312 3006 venturus
1331 2949 1504 3007 Iudex
1528 2951 1728 3024 exiget,
1757 2963 2018 3023 quantum

431 3039 600 3094 dedit.
632 3040 702 3096 Ut
723 3055 850 3111 ergo
879 3039 943 3094 de
975 3039 1160 3095 talenti
1190 3041 1272 3096 sui
1301 3041 1601 3097 rationibus
1628 3042 1885 3098 redeunte
1911 3044 2019 3100 Do-

2114 1859 2244 1930 quin
2273 1857 2611 1914 divinitatem
2651 1855 2768 1927 ejus
2806 1856 3108 1927 intelligere
3134 1856 3416 1923 debemus,
3467 1873 3590 1928 quae
3621 1859 3709 1914 in-

2113 1950 2397 2008 visibiliter
2437 1966 2570 2025 cum
2601 1949 2763 2004 Patre
2791 1959 2848 2004 et
2891 1948 3096 2018 Spiritu
3144 1958 3357 2014 sancto,
3390 1960 3708 2020 peccatores

2109 2041 2377 2112 judicabit
2399 2050 2456 2096 et
2500 2040 2712 2112 impios.
2745 2037 2861 2095 Non
2909 2047 3089 2094 tamen
3115 2040 3184 2095 ab
3213 2040 3396 2110 impiis
3420 2049 3478 2096 et
3509 2056 3704 2112 pecea-

2117 2133 2324 2190 toribus
2369 2148 2605 2202 unquam
2636 2131 2751 2186 visa
2790 2139 2894 2197 est,
2925 2145 3102 2202 neque
3142 2147 3383 2201 unquam
3414 2132 3704 2188 videbitur.

2117 2229 2343 2303 (Al/tun.)
2377 2228 2512 2285 Cum
2540 2229 2770 2294 venerit,
2799 2226 2994 2297 inquit,
3033 2225 3204 2282 Filius
3247 2226 3485 2282 hominis
3507 2227 3558 2282 in
3591 2243 3708 2280 ma-

2107 2321 2307 2391 jestate
2333 2334 2465 2388 sua;
2497 2319 2640 2374 idem
2662 2332 2876 2388 quoque
2907 2316 3076 2372 Filius
3103 2316 3202 2372 Dei
3242 2317 3335 2386 qui
3363 2325 3418 2372 et
3442 2317 3585 2372 ﬁlius
3614 2319 3713 2374 ho-

2118 2411 2278 2466 minis
2324 2416 2454 2465 tune
2481 2409 2661 2465 veniet
2704 2409 2764 2463 in
2807 2407 3092 2480 majestate
3125 2422 3226 2463 sua
3268 2416 3326 2462 ut
3351 2406 3586 2476 judicct,
3617 2408 3712 2478 qui

2117 2509 2244 2553 ante
2276 2497 2426 2552 venit
2477 2496 2532 2551 in
2557 2495 2866 2553 humilitate
2896 2510 2994 2553 sua
3046 2505 3104 2550 ut
3140 2496 3499 2567 judicaretur.
3550 2497 3712 2554 Tune

2115 2587 2300 2643 veniet
2326 2585 2604 2642 districtus
2641 2593 2700 2641 et
2741 2601 2984 2653 severus,
3037 2587 3284 2658 quiante
3315 2587 3465 2642 venit
3490 2587 3712 2657 quietus

2116 2690 2184 2730 ac
2210 2685 2544 2730 mansuetus.
2584 2674 2736 2731 Tunc
2758 2675 2936 2732 veniet
2965 2689 3061 2731 rex
3088 2685 3148 2731 ut
3186 2677 3371 2747 exigat
3391 2677 3706 2746 pecuniam,

2118 2782 2241 2822 cum
2266 2782 2454 2833 usura,
2491 2782 2654 2838 quam
2682 2777 2810 2824 ante
2836 2768 3007 2824 servis
3028 2777 3332 2838 spontanee
3359 2770 3588 2826 contulit
3612 2786 3712 2842 per

2116 2856 2368 2930 gratiam.
2404 2855 2498 2912 llle
2541 2857 2728 2928 utique
2752 2857 2819 2914 de
2846 2872 2953 2928 quo
2975 2858 3236 2929 scripturn
3265 2870 3350 2914 est
3392 2877 3406 2912 :
3461 2859 3529 2914 Et
3551 2860 3710 2915 homo

2115 2958 2216 3018 est,
2242 2960 2292 3008 et
2313 2950 2430 3022 quis
2459 2959 2726 3022 cognoscet
2741 2951 2907 3006 eum?
2949 2949 3074 3006 Non
3105 2952 3355 3006 clamabit
3385 2969 3553 3025 neque
3605 2971 3712 3008 aa-

2119 3043 2226 3098 diet
2266 3041 2456 3114 aliquis
2499 3058 2671 3098 vocem
2705 3041 2840 3113 ejus.
2890 3041 3216 3098 Arundinem
3260 3055 3564 3116 quassatam
3601 3062 3713 3102 non

431 3130 582 3185 mino
615 3131 847 3201 quisque
869 3145 1093 3186 securus
1116 3132 1206 3198 sit,
1239 3148 1360 3187 cum
1409 3142 1643 3190 tremore
1668 3143 1858 3204 penset
1883 3149 2016 3205 quo-
2042 3119 2089 3185 C
2117 3141 2369 3199 conteret,
2391 3140 2438 3187 et
2464 3131 2628 3187 linum
2651 3131 2920 3204 fumigans
2947 3149 3049 3188 non
3070 3136 3360 3206 exstinguor
3385 3135 3520 3208 (ιω.
3551 3137 3709 3208 xui).

429 3220 565 3274 tidie
593 3220 721 3288 quid
744 3221 971 3289 accepit.
995 3221 1138 3277 Ecce
1157 3224 1269 3294 jam
1287 3222 1443 3293 juxta
1474 3233 1580 3293 est,
1604 3233 1664 3281 ut
1691 3226 1778 3283 ille
1803 3228 1894 3298 qui
1919 3243 2018 3299 pe-

432 3323 591 3379 regre
641 3307 915 3379 profectus
963 3320 1045 3365 est
1087 3312 1316 3368 redeat:
1351 3317 1504 3384 quasi
1555 3317 1780 3389 peregre
1823 3319 2021 3390 quippe

433 3399 590 3463 abiit,
615 3399 708 3468 qui
729 3399 794 3453 de
823 3399 927 3454 hac
950 3407 1091 3454 terra
1121 3400 1173 3455 in
1203 3418 1305 3472 qua
1336 3415 1492 3460 natus
1513 3416 1595 3460 est
1618 3407 1886 3473 discessit,
1925 3410 2022 3465 sed

431 3485 680 3557 profecto
729 3487 1040 3553 revertitur,
1077 3498 1135 3543 ut
1174 3491 1240 3545 de
1273 3491 1488 3548 talentis
1537 3495 1775 3550 rationes
1811 3505 2016 3567 ponat:

431 3577 563 3648 quia
597 3577 642 3632 si
699 3593 730 3632 a
759 3577 900 3633 bona
937 3579 1149 3635 actione
1191 3589 1558 3652 torpescemus
1583 3586 1648 3640 de
1699 3587 1829 3656 ipsis
1863 3587 2020 3646 donis

429 3685 554 3740 quae
599 3669 849 3737 contulit,
885 3686 986 3727 nos
1025 3673 1301 3730 districtus
1331 3676 1559 3746 judicat.
1606 3677 2022 3740 Consideremus

431 3777 560 3833 ergo
587 3778 708 3832 qua:
743 3763 1053 3833 accepimus
1094 3774 1254 3836 atque
1290 3767 1345 3821 in
1377 3782 1562 3824 eorum
1599 3772 1912 3842 erogatione
1937 3775 2020 3830 νὶ-

429 3857 680 3926 gilemus.
736 3856 890 3912 Nulla
946 3873 1043 3914 nos
1079 3875 1111 3914 a
1164 3861 1396 3930 Spir-itali
1443 3878 1606 3934 Opere
1639 3873 1852 3922 terrena
1889 3883 2022 3924 cura

433 3948 715 4019 impediat,
760 3963 828 4004 ne
862 3949 908 4004 si
955 3950 1010 4004 in
1045 3960 1189 4006 terra
1224 3952 1482 4009 talentum
1522 3957 1892 4026 absconditur,
1942 3968 2023 4016 ta-

431 4036 563 4092 lenti
596 4037 853 4092 Dominus
894 4039 961 4092 ad
998 4039 1331 4096 iracundiam
1358 4055 1700 4112 provocetur.
1729 4046 1892 4119 Piger
1943 4059 2024 4106 et-

431 4129 577 4182 enim
609 4144 800 4184 servns
830 4145 952 4184 cum
977 4129 1087 4199 jam
1123 4129 1295 4186 iudex
1331 4133 1514 4205 culpas
1550 4137 1826 4194 examinat
1853 4140 2024 4198 talen-

431 4227 547 4274 tum
578 4219 644 4274 de
675 4230 818 4274 terra
849 4221 1012 4276 levat.
1051 4221 1188 4290 Quia
1213 4233 1338 4278 sunt
1357 4225 1604 4298 plerique
1631 4229 1723 4300 qui
1751 4238 1877 4286 tunc
1898 4246 1957 4287 se
1988 4246 2022 4288 a

432 4310 668 4365 terrenis
707 4310 958 4380 operibus
1002 4312 1342 4379 subtrahunt,
1385 4316 1603 4386 quando
1625 4315 1736 4386 jam
1768 4333 1865 4389 per
1905 4320 2025 4377 ani-

432 4401 863 4456 madversionem
906 4401 1110 4458 iudicis
1154 4405 1221 4460 ad
1248 4414 1510 4460 mternum
1541 4407 1862 4479 supplicium
1910 4421 2023 4468 tra-

433 4491 654 4546 buntur.
685 4493 825 4548 Ante
858 4510 987 4565 ergo
1026 4495 1092 4550 de
1119 4495 1303 4551 talenti
1331 4499 1502 4554 nostri
1535 4504 1782 4570 ponenda
1810 4505 2021 4562 ratione

431 4581 740 4650 vigilemus,
763 4592 821 4637 ut
847 4600 967 4638 cum
985 4583 1096 4652 jam
1122 4583 1293 4640 Judex
1330 4587 1397 4641 ad
1424 4587 1722 4644 feriendum
1753 4592 2015 4661 imminet,

432 4671 644 4726 lucrum
693 4689 792 4728 nos
838 4677 980 4744 quod
1017 4676 1242 4732 fecimus
1287 4689 1528 4735 excuset.
1561 4681 1692 4739 Post
1736 4687 2019 4755 parabolas

428 4771 614 4820 autem
660 4763 896 4834 prolatas
945 4767 1011 4821 de
1057 4767 1165 4822 ﬁne
1213 4770 1417 4835 mundi,
1453 4773 1696 4842 sequitur
1761 4776 2019 4836 Dominus

433 4857 654 4912 modum
687 4855 853 4911 futuri
900 4856 1088 4927 judicii
1125 4863 1444 4931 exponendo
1477 4872 1533 4918 et
1559 4865 1686 4920 dicit
1716 4886 1730 4920 :

500 4950 635 5024 μη]
659 4951 790 5006 Cum
813 4962 984 5006 autem
1009 4955 1198 5008 venerit
1223 4952 1397 5010 Filius
1421 4957 1644 5012 hominis
1671 4959 1724 5012 in
1747 4960 2022 5031 majestate

428 5063 551 5112 sua,
576 5055 625 5100 et
649 5062 824 5100 omnes
849 5045 1019 5116 angeli
1045 5062 1162 5100 cum
1184 5063 1263 5113 eo,
1287 5057 1411 5102 tunc
1446 5049 1640 5104 sedebit
1667 5068 1822 5122 super
1844 5054 2019 5108 sedem

429 5139 720 5206 maiestatis
761 5155 892 5192 suae.
947 5136 1224 5211 (llieron.)
1248 5140 1388 5210 Ergo
1418 5143 1662 5212 proxime
1705 5143 1915 5200 Pascha
1938 5145 2016 5201 fa-

424 5239 636 5295 cturus,
669 5238 724 5284 et
767 5229 1059 5285 tradendus
1089 5244 1258 5296 cruel,
1281 5239 1336 5286 et
1358 5231 1658 5289 illudendus
1676 5235 1744 5289 ab
1783 5235 2016 5290 homini-

426 5321 548 5387 bus,
564 5331 617 5376 et
634 5331 789 5376 aceto
804 5337 868 5376 ac
888 5320 1008 5376 felle
1022 5323 1309 5393 potandus,
1327 5333 1474 5379 recte
1494 5325 1771 5394 praemittit
1791 5327 2020 5397 gloriam

425 5413 843 5484 triumphantis,
856 5423 912 5468 et
929 5423 1179 5470 secutura
1201 5415 1453 5471 scandala
1470 5415 1871 5484 pollicitationis
1884 5432 2023 5487 prte-

2121 3227 2191 3282 Et
2216 3228 2352 3282 sicut
2391 3243 2558 3296 agnus
2589 3243 2767 3281 coram
2799 3226 3044 3282 tondente
3069 3244 3126 3282 se
3169 3229 3282 3284 sine
3314 3245 3457 3294 voce,
3480 3229 3554 3284 sic
3602 3247 3710 3284 non

2121 3319 2326 3390 aperuit
2369 3334 2427 3372 os
2459 3333 2610 3372 suum
2646 3315 2782 3389 (Isa.
2825 3318 2966 3390 LIII).
3001 3318 3118 3388 Ipse
3147 3328 3278 3375 tunc
3303 3320 3483 3374 veniet
3519 3338 3533 3374 :
3566 3319 3710 3374 Deus

2121 3407 2454 3478 manifestus,
2484 3406 2623 3460 Deus
2663 3416 2858 3472 noster,
2885 3418 2932 3461 et
2959 3425 3062 3462 non
3089 3408 3280 3463 silebit.
3328 3408 3474 3480 Ignis
3501 3411 3554 3464 in
3580 3428 3711 3464 coa-

2121 3508 2298 3570 spectu
2324 3498 2438 3568 ejus
2464 3498 2690 3563 ardebit,
2732 3507 2779 3552 et
2809 3498 2865 3551 in
2891 3497 3111 3552 circuitu
3133 3499 3247 3570 ejus
3277 3509 3551 3569 tempestas
3583 3502 3714 3554 vali-

2123 3590 2212 3644 da.
2241 3589 2525 3644 Advocabit
2551 3589 2736 3643 malum
2778 3605 3008 3655 sursum,
3036 3600 3081 3644 et
3108 3600 3325 3656 terram,
3349 3601 3406 3644 ut
3449 3591 3711 3645 discernat

2121 3683 2371 3755 populum
2400 3700 2576 3737 suum.
2606 3681 2812 3738 Montes
2833 3684 2967 3737 sicut
2987 3699 3109 3738 cera
3135 3685 3362 3754 tie/luent
3392 3701 3423 3737 a
3446 3683 3582 3751 facie
3603 3681 3711 3736 Do-

2123 3774 2275 3840 mini,
2306 3792 2337 3827 a
2359 3773 2496 3842 facie
2528 3773 2742 3828 Domini
2779 3773 3134 3829 contremiscet
3175 3775 3344 3828 omnis
3375 3783 3512 3828 terra
3536 3771 3711 3844 tPsal.

2093 3865 2294 3937 'xux).
2349 3864 2541 3920 Omnes
2585 3865 2781 3936 inquit,
2837 3865 3010 3937 angeli
3040 3866 3241 3921 veniem
3293 3881 3413 3920 cum
3453 3882 3533 3920 eo.
3575 3864 3712 3932 Quia

2125 3954 3708 4025 tuncsiquodt.............

2123 4272 2239 4312 mor
2261 4272 2279 4320 ;
2300 4255 2417 4326 quis
2439 4253 2857 4321 scandalizatur,
2886 4263 2936 4309 ct
2959 4271 3055 4324 ego
3080 4271 3183 4310 non
3206 4271 3355 4320 uror,
3384 4255 3471 4312 hic
3491 4257 3713 4312 omnino

2120 4363 2268 4404 verat
2295 4347 2600 4403 dilectionis
2652 4346 2907 4404 observat
2931 4345 3078 4416 jura,
3123 4357 3178 4403 et
3217 4350 3290 4404 ob
3325 4349 3432 4405 hoc
3469 4350 3714 4406 celestis

2047 4477 2100 4538 Β
2125 4449 2466 4512 promeretur
2511 4441 2753 4513 praemia.
2787 4439 2902 4497 Hoc
2950 4440 3093 4496 enim
3146 4442 3383 4497 maxime
3425 4444 3715 4498 ostendunt

2125 4531 2244 4587 hate
2293 4531 2459 4587 verba
2488 4531 2727 4595 Domini,
2769 4531 2916 4601 quod
2965 4531 3197 4602 gemina
3223 4533 3528 4588 dilectionis
3576 4549 3716 4602 pne-

2125 4629 2282 4690 cepta
2311 4629 2612 4686 servantes,
2642 4621 2712 4675 ad
2747 4635 3007 4676 coronam
3057 4622 3378 4691 perveniant
3423 4623 3714 4693 sempiter-

2123 4725 2270 4766 nam.

2197 4861 2340 4916 Tunc
2364 4862 2740 4932 respondebunt
2762 4863 2809 4917 ei
2817 4864 2955 4934 justi
2975 4864 3201 4920 dicentes
3227 4882 3249 4919 :
3275 4865 3512 4931 Domine,
3543 4884 3715 4938 quon-

2119 4953 2189 5008 do
2228 4963 2275 5008 te
2313 4953 2538 5008 vidimus
2576 4955 2908 5021 esurientem,
2956 4965 3007 5010 et
3052 4958 3324 5026 pavimus,‘
3355 4959 3634 5022 sitientem,
3661 4969 3712 5013 et

2119 5049 2359 5103 dedimus
2385 5047 2478 5102 tibi
2500 5058 2716 5118 potum;
2745 5049 2959 5120 quando
3000 5061 3175 5104 autem
3203 5060 3252 5105 te
3282 5052 3504 5106 vidimus
3526 5053 3713 5122 hospi-

2123 5153 2244 5208 tem,
2285 5152 2332 5197 et
2361 5141 2659 5213 collegimus
2698 5151 2777 5207 te;
2819 5153 2910 5196 aut
2959 5143 3181 5208 nudum,
3213 5153 3262 5198 et
3298 5145 3594 5214 aperuimus
3620 5157 3711 5208 te;

2096 5285 2101 5291 .
2125 5243 2216 5286 aut
2237 5233 2448 5304 quando
2471 5243 2519 5286 te
2540 5233 2762 5288 vidimus
2783 5233 3073 5301 infirmum,
3103 5243 3194 5287 aut
3218 5235 3275 5288 in
3303 5251 3527 5298 carcere,
3549 5245 3598 5288 et
3629 5253 3718 5290 re-

2127 5323 2297 5377 nimus
2323 5323 2392 5376 ad
2409 5332 2460 5378 te
2477 5324 2503 5376 ?
2526 5322 2657 5379 Ilzec
2679 5331 2857 5378 autem
2879 5323 3066 5378 dicunt
3089 5322 3252 5378 verba
3274 5325 3417 5393 quod
3443 5341 3548 5380 non
3573 5325 3716 5378 ditii-

2129 5414 2260 5468 dant
2283 5414 2461 5470 verbis
2486 5415 2719 5481 Domini,
2745 5415 2839 5470 sed
2865 5414 2980 5470 sive
3003 5423 3283 5485 stupentes
3303 5425 3360 5471 et
3379 5417 3717 5472 admirantes

425 5504 536 5558 snio
561 5511 958 5574 compensaret.
988 5504 1053 5559 Et
1087 5505 1379 5560 notandum
1397 5506 1536 5574 quod
1553 5506 1643 5575 qui
1666 5506 1718 5560 in
1746 5505 2030 5576 majestate
2126 5521 2224 5578 pro
2256 5507 2626 5579 magnitudine
2655 5515 2710 5562 et
2737 5506 2911 5579 gloria
2956 5507 3260 5578 majestatis
3303 5509 3449 5582 regis
3485 5508 3709 5572 Christi,

425 5594 731 5650 cernendus
757 5602 859 5660 est,
899 5593 1070 5650 Filius
1099 5594 1334 5650 hominis
1381 5595 1469 5650 sit.
1503 5593 1731 5665 (Hilar.)
1781 5595 2026 5653 Notanda

2126 5597 2238 5652 sive
2273 5597 2414 5667 quod
2464 5613 2688 5668 parvum
2743 5607 2872 5653 tunc
2923 5599 3003 5653 eis
3039 5596 3252 5656 videtur
3297 5615 3460 5656 omne
3509 5599 3712 5655 bonum

498 5714 527 5742 ι
555 5703 655 5761 Hic
697 5706 848 5761 deest
876 5704 1098 5775 aliquid,
1137 5709 1279 5778 quod
1301 5708 1370 5764 ob
1390 5707 1620 5764 militum
1641 5707 1907 5765 saevitiam
1934 5709 2270 5780 deperditum
2291 5719 2391 5764 est.
2424 5709 2632 5764 EDITOR
2659 5709 3027 5767 Coacmeusrs.
