4002 6188
299 272 431 331 1697

1254 274 1583 332 conamur
1648 278 1713 331 IN
1752 278 2185 337 MATTlleUM.
2214 316 2277 324 -
2305 287 2429 343 uc.
2476 276 2596 346 vnt‘

3407 303 3420 353 l
3442 304 3546 360 098

295 387 436 459 quod
460 384 716 447 fecerunt,
742 399 838 453 pro
861 385 1228 454 magnitudine
1254 389 1473 442 terroris
1489 389 1677 459 judicii
1707 400 1867 459 atque
1895 401 1944 459 Α
2042 394 2254 450 Esuriri
2277 402 2436 465 enim,
2470 413 2516 456 et
2544 421 2646 457 non
2671 406 2885 458 dedistis
2913 407 3038 459 mihi
3082 411 3435 479 manducare;
3475 419 3546 470 si-

293 472 618 530 abuudantia
644 474 1034 528 inaestimabilis
1072 476 1465 542 retributionis,
1494 487 1551 531 ut
1583 478 1869 548 Apostolus

289 564 365 618 ait
389 581 401 617 :
436 562 574 628 Quia
599 580 700 616 non
722 572 841 616 sunt
864 564 1134 634 condigna!
1153 568 1419 635 passiones
1441 568 1597 637 hujus
1626 570 1868 640 temporis

289 655 358 708 ad
398 655 634 725 futuram
662 653 908 724 gloriam,
932 672 1049 726 qua:
1074 656 1382 711 revelabitur
1402 659 1456 711 in
1480 659 1649 714 nobis.

358 747 426 800 Et
475 746 787 817 respondens
845 765 955 813 rex,
1005 748 1137 802 dixit
1170 749 1274 804 illis
1304 770 1315 803 :
1346 753 1509 806 Amen
1534 754 1650 807 dico
1683 755 1819 808 vobis
1848 772 1865 809 :

288 836 537 902 Quandiu
581 837 776 906 fecistis
818 839 910 891 uni
951 839 1014 891 de
1058 839 1138 892 Itis
1168 839 1420 908 fratribus
1444 845 1569 897 meis
1614 846 1861 910 minimis,

215 982 222 990 ,
283 928 410 981 mihi
442 927 656 997 fecistis.
686 928 953 1002 (Hieron.)
982 930 1178 986 Libera
1207 932 1362 987 nobis
1410 943 1529 988 erat
1572 935 1868 1009 intelligen-

282 1017 377 1083 tia,
416 1018 561 1088 quod
605 1019 660 1072 in
703 1020 850 1074 omni
874 1035 1114 1091 paupere
1141 1021 1389 1080 Christus
1413 1027 1655 1083 esuriens
1678 1043 1866 1097 pasce-

281 1115 456 1174 retur,
502 1108 693 1163 sitiens
737 1118 1036 1179 potaretur,
1085 1112 1282 1183 hospes
1329 1115 1673 1172 induceretur
1705 1120 1758 1174 in
1786 1128 1866 1173 te-

279 1208 446 1265 ctum,
479 1201 656 1257 nudus
706 1203 1014 1268 vestiretur,
1066 1205 1314 1262 inﬁrmus
1360 1208 1688 1275 visitaretur,
1720 1211 1865 1267 clau-

277 1302 368 1341 sus
437 1302 655 1344 carcere
717 1290 941 1373 haberet
1015 1293 1266 1348 solatium
1336 1297 1716 1368 colloquentis;
1768 1302 1862 1357 sed

274 1390 340 1428 ex
403 1376 508 1431 hoc
557 1378 699 1446 quod
751 1381 1039 1448 sequitur:
1073 1381 1322 1448 Quandiu
1386 1386 1587 1455 fecistis
1642 1391 1733 1443 uni
1796 1391 1862 1444 de

273 1467 506 1522 minimis
549 1469 662 1523 istis
699 1470 951 1539 fratribus
977 1474 1123 1540 meis,
1155 1475 1283 1528 mihi
1322 1475 1547 1545 fecistis.
1580 1492 1689 1534 non
1726 1479 1860 1533 mihi

272 1558 488 1613 videtur
518 1562 843 1631 generaliter
870 1564 1068 1619 dixisse
1090 1565 1156 1619 de
1184 1567 1533 1637 pauperibus,
1565 1570 1659 1623 sed
1685 1569 1751 1624 de
1775 1571 1861 1625 his

271 1650 362 1716 qui
394 1665 657 1720 pauperes
696 1653 892 1722 spiritu
929 1663 1072 1709 sunt.
1101 1656 1185 1710 Ad
1210 1672 1345 1725 quos
1381 1659 1605 1714 tendens
1639 1676 1857 1715 manum

270 1740 483 1796 dixerat
517 1760 530 1795 :
560 1740 778 1796 Fratres
810 1745 911 1797 mei
930 1754 979 1797 et
1015 1755 1183 1799 mater
1223 1764 1336 1801 mea
1373 1748 1429 1801 hi
1477 1759 1617 1814 sunt,
1656 1751 1744 1820 qui
1769 1747 1853 1819 fa-

268 1833 414 1888 ciunt
439 1835 751 1889 voluntatem
777 1833 953 1890 Patris
975 1838 1075 1890 mei
1088 1838 1178 1908 qui
1192 1840 1244 1892 in
1266 1838 1405 1892 caelis
1424 1850 1497 1894 est
1519 1841 1600 1911 (Μ
1602 1842 1710 1894 ath.
1729 1840 1848 1912 xu.)

342 1923 489 1978 Tunc
516 1925 640 1977 dicit
668 1935 715 1979 et
743 1925 825 1979 his
867 1928 956 1996 qui
983 1944 1014 1980 a
1050 1929 1275 1983 sinistris
1300 1940 1451 1984 erunt
1479 1944 1497 1981 :
1532 1931 1789 1984 Discedite
1816 1950 1848 1984 a

264 2029 369 2078 me,
398 2014 681 2080 maledicti,
708 2017 760 2069 in
782 2017 951 2086 ignem
977 2026 1247 2083 a'ternum,
1277 2020 1364 2089 qui
1386 2030 1603 2090 paratus
1627 2031 1703 2075 est
1732 2024 1849 2076 dia-

264 2100 387 2154 bolo
411 2111 459 2155 et
483 2103 679 2173 angelis
709 2105 841 2173 ejus.
872 2104 1097 2177 (ΜΑυιι.)
1124 2106 1223 2161 Hic
1259 2107 1510 2177 impletur
1551 2111 1695 2181 quod
1720 2111 1847 2166 alibi

260 2194 528 2263 scriptum
556 2206 638 2250 est
676 2211 693 2249 :
738 2195 805 2249 In
833 2198 1047 2251 dextera
1084 2198 1183 2252 Dei
1228 2201 1381 2269 ignea
1422 2201 1525 2269 leas,
1569 2220 1601 2256 a
1629 2204 1846 2258 sinistra

257 2294 440 2337 autem
490 2284 604 2353 ejus
638 2285 842 2355 reprobi
889 2286 1066 2357 (Deut.
1114 2289 1327 2361 xxxut).
1372 2291 1428 2344 ln
1458 2292 1675 2346 sinistra
1717 2307 1845 2363 ergo

260 2374 478 2428 Domini
506 2375 718 2445 reprobi
742 2378 908 2446 positi
940 2387 1119 2444 erunt,
1151 2381 1245 2449 qui
1270 2388 1325 2434 et
1353 2380 1599 2447 sinistra,
1630 2381 1734 2435 hoc
1761 2390 1847 2436 est

255 2466 551 2536 praesentia
583 2467 821 2536 quandiu
865 2468 1112 2524 vixerunt
1141 2471 1354 2525 ardenti
1379 2471 1672 2541 cupiditate
1697 2488 1843 2526 ama-

254 2563 481 2621 verunt,
527 2570 627 2611 nec
655 2565 984 2612 aeternorum
1027 2559 1168 2630 (qua:
1198 2576 1295 2629 per
1333 2560 1609 2615 dexteram
1634 2560 1841 2631 signiﬁ-

253 2645 475 2718 cantur)
506 2644 835 2703 desiderium
887 2647 1209 2705 habucrunt.
1242 2648 1336 2703 llis
1380 2649 1579 2719 quippe
1605 2649 1839 2704 dicitur:

250 2735 524 2791 Discedite
560 2754 592 2791 a
619 2754 718 2804 me,
758 2737 1040 2804 maledicti,
1071 2740 1124 2793 in
1164 2739 1332 2810 ignem
1364 2750 1635 2794 aeternum.
1664 2740 1846 2794 Disce-

249 2828 387 2894 dite,
414 2829 608 2898 inquit,
644 2846 675 2884 a
703 2847 824 2897 me;
851 2831 1120 2901 quomodo
1143 2847 1173 2885 a
1205 2832 1314 2888 Deo
1339 2832 1614 2888 discedere
1647 2831 1843 2902 juben-

247 2931 362 2986 tur,
393 2922 487 2990 qui
510 2937 784 2992 nunquam
816 2938 938 2978 cum
964 2938 1030 2979 eo
1051 2922 1292 2990 fuerunt,
1333 2924 1435 2980 nisi
1473 2925 1599 2993 quia
1623 2940 1745 2980 cum
1771 2940 1840 2980 eo

243 3026 370 3066 esse
397 3012 721 3067 videbantur
738 3014 974 3083 quandiu
1004 3014 1129 3069 mali
1156 3015 1406 3085 permisti
1433 3013 1637 3070 fuerint
1659 3016 1834 3072 bonis.

243 3106 465 3176 Sagana
491 3122 623 3178 ergo
650 3108 865 3164 Domini
892 3119 947 3165 et
974 3110 1145 3165 bonos
1172 3111 1350 3180 pisces
1376 3109 1536 3165 simul
1572 3118 1627 3165 et
1667 3108 1838 3165 malos
1865 3099 1909 3160 C

239 3202 505 3271 usquead
526 3201 679 3256 littus
696 3201 986 3270 pertrahit,
1012 3211 1069 3257 et
1092 3203 1274 3257 lolium
1303 3203 1481 3258 adhuc
1503 3202 1556 3256 in
1583 3216 1716 3272 agro
1740 3201 1843 3255 Do-

238 3292 380 3346 mini
416 3290 577 3346 simul
605 3307 730 3347 cum
763 3293 943 3348 tritico
972 3293 1244 3363 germinat
1295 3292 1507 3365 (Matth.
1548 3292 1689 3363 sui).
1734 3290 1841 3347 Sed

237 3395 377 3440 tunc
407 3386 564 3440 bonis
587 3385 828 3455 piscibus
860 3385 917 3440 in
948 3402 1077 3441 vasa
1111 3386 1374 3452 collectis,
1401 3386 1525 3441 mali
1554 3386 1840 3457 projicien-

234 3484 331 3531 tur
354 3474 528 3541 foras,
561 3483 618 3531 et
647 3475 827 3530 tritico
853 3476 907 3530 in
945 3477 1202 3531 horreum
1231 3487 1576 3546 congregato,
1631 3474 1838 3529 zizania

233 3566 575 3636 colligantur
613 3565 888 3621 fasciculis
914 3568 982 3621 ad
1025 3566 1468 3622 comburendum.
1503 3565 1629 3621 Sive
1656 3565 1835 3621 disce-

231 3659 370 3714 dere
408 3672 505 3713 eos
552 3672 583 3712 a
621 3674 680 3713 se
730 3657 901 3727 jubet,
951 3660 1056 3714 hoc
1102 3667 1185 3715 est
1221 3676 1252 3714 a
1290 3660 1581 3729 prmsentia
1614 3660 1838 3714 visionis

230 3747 359 3817 ejus
409 3748 464 3802 in
508 3747 763 3804 tenebras
809 3751 1106 3805 exteriores
1154 3750 1367 3820 expelli.
1397 3750 1533 3816 Quia
1572 3749 1834 3817 scriptum

229 3847 320 3896 est
353 3854 369 3894 :
407 3837 634 3893 Tollitur
656 3840 848 3910 impius
870 3857 934 3894 ne
971 3840 1141 3893 videat
1166 3839 1387 3909 gloriam
1414 3839 1530 3893 Dei.
1566 3838 1836 3893 Maledicti

230 3943 505 3998 namque,
544 3928 649 3983 hoc
689 3936 792 3993 est,
820 3929 912 3998 qui
962 3928 1016 3982 in
1050 3926 1257 3982 malitia
1283 3934 1643 3982 exercuerunt
1668 3926 1835 3980 vitam

230 4034 415 4083 suam,
450 4019 506 4072 in
540 4019 719 4089 ignem
747 4024 1009 4072 aeternum
1063 4017 1374 4083 mittuntur,
1411 4016 1537 4086 quia
1572 4016 1688 4071 sine
1728 4014 1835 4070 ﬁne

231 4110 654 4165 cruciabuntur.
701 4108 801 4162 Hic
826 4108 966 4178 ignis
990 4108 1205 4164 diabolo
1233 4119 1289 4162 et
1325 4106 1531 4178 angelis
1554 4105 1671 4176 ejus
1699 4120 1835 4175 prae-

227 4210 465 4272 paratus
493 4215 613 4256 esse
638 4201 853 4266 dicitur,
884 4200 1010 4270 quia
1040 4200 1181 4255 sicut
1213 4200 1377 4271 justis
1404 4214 1629 4270 regnum
1669 4198 1835 4253 cmlo-

231 4309 357 4348 rum
393 4293 738 4363 praesci'entia
780 4292 874 4347 Dei
919 4292 987 4347 ab
1015 4292 1224 4363 origine
1266 4292 1450 4347 mundi
1482 4290 1829 4361 praeparavit,

232 4384 311 4437 ita
347 4381 573 4437 diabolo
598 4388 653 4435 et
689 4381 893 4452 angelis
922 4380 1062 4449 ejus,
1095 4396 1231 4451 quos
1257 4380 1530 4451 praescivit
1576 4378 1833 4449 praevari-

225 4481 487 4536 caturos,
532 4471 707 4541 ignem
749 4481 1028 4535 aaternum,
1080 4472 1132 4526 in
1169 4487 1276 4541 quo
1300 4468 1687 4543 perpetualiter
1712 4484 1832 4523 cru-

228 4563 546 4629 ciarentur,
568 4563 855 4618 ordinavit.

1971 486 2083 550 tivi,
2114 496 2161 540 et
2184 503 2286 541 non
2315 489 2532 546 dedistis
2557 494 2683 547 mihi
2727 494 2916 561 bibere,
2954 505 3057 552 etc.
3099 498 3379 557 Mctuenda
3411 507 3545 559 mul-

1973 584 2083 631 tum
2102 587 2265 649 atque
2293 581 2525 637 timenda
2550 583 2925 655 Redemptoris
2953 590 3121 643 nostri
3153 595 3416 648 sententia
3439 607 3544 659 est.

1970 680 2074 734 qua
2105 666 2234 721 dicit
2260 685 2270 719 :
2299 668 2381 722 Ite
2412 671 2465 724 in
2492 671 2662 740 ignem
2691 685 2963 741 internum,
2986 677 3109 746 quia
3140 680 3351 745 esurivi,
3371 690 3418 734 et
3443 700 3545 737 non

1967 758 2184 812 dedistis
2229 760 2360 813 mihi
2397 762 2750 829 manducare;
2777 766 2940 831 sitivi,
2974 777 3019 820 et
3054 786 3156 823 non
3181 768 3395 826 dedistis
3417 772 3545 825 mihi

1967 848 2169 915 bibere;
2195 850 2376 921 hospes
2413 869 2581 918 eram,
2614 863 2661 907 et
2705 871 2806 909 non
2834 856 3113 927 collegistis
3162 876 3259 914 me.
3308 861 3459 927 Quod
3498 862 3543 916 si

1965 939 2222 994 sterilitas
2245 941 2298 994 in
2328 941 2507 1013 ignem
2532 943 2786 1009 mittitur,
2821 947 3090 1015 rapacitas
3127 948 3258 1017 quid
3282 958 3540 1014 meretur,

1965 1039 2060 1085 aut
2083 1032 2212 1101 quid
2236 1032 2461 1102 recipiet
2488 1035 2577 1103 qui
2607 1035 2839 1090 alienum
2868 1037 3006 1103 tulit,
3032 1040 3077 1093 si
3096 1054 3311 1109 semper
3334 1042 3544 1096 ardebit

1964 1122 2056 1191 qui
2072 1122 2149 1177 ‘de
2167 1138 2265 1178 suo
2288 1138 2394 1179 non
2418 1123 2597 1179 dedit?
2619 1125 2686 1179 Et
2705 1126 2749 1180 si
2765 1126 3030 1196 judicium
3052 1129 3163 1182 sine
3183 1130 3543 1185 misericordia

1962 1215 2057 1268 erit
2080 1213 2182 1280 illi,
2222 1216 2312 1286 qui
2354 1233 2457 1270 non
2493 1217 2613 1287 fecit
2649 1219 3062 1272 misericordiam
3092 1219 3235 1291 (Jac.
3262 1219 3344 1293 ιι),
3386 1222 3543 1290 quale

1957 1305 2218 1375 judicium
2240 1306 2342 1361 erit
2374 1307 2449 1360 illi
2470 1309 2563 1376 qui
2584 1307 2713 1363 fecit
2739 1316 2795 1362 et
2818 1308 3096 1378 rapinam?
3125 1308 3380 1378 Sequitur
3405 1327 3419 1362 :

2035 1419 2178 1474 Tunc
2202 1421 2577 1491 respondebunt
2593 1432 2640 1475 et
2653 1423 2751 1492 ipsi
2777 1423 3001 1476 dicentes
3023 1436 3040 1473 :
3061 1421 3305 1485 Domine,
3329 1421 3540 1491 quando

1960 1521 2009 1566 te
2028 1511 2249 1567 vidimus
2272 1510 2603 1580 esurientem,
2627 1523 2718 1569 aut
2738 1515 3014 1580 sitientem,
3039 1524 3130 1568 aut
3150 1514 3420 1585 hospitem,
3446 1525 3540 1567 aut

1959 1602 2179 1669 nudum,
2232 1613 2323 1658 aut
2376 1604 2663 1673 inﬁmum,
2715 1605 2793 1660 vel
2816 1607 2872 1660 in
2913 1622 3136 1671 carcere,
3168 1615 3351 1659 etnon
3383 1607 3538 1659 mini-

1957 1694 2235 1748 stravimus
2263 1696 2393 1749 tibi?
2414 1696 2688 1752 Excusare
2719 1711 2779 1751 se
2802 1704 3052 1766 satagunt
3073 1696 3225 1764 quasi
3254 1695 3535 1749 Dominum

1880 1754 1928 1813 Β
1957 1782 2143 1838 fallere
2200 1786 2407 1854 possint
2468 1787 2561 1855 qui
2618 1787 2864 1841 homines
2921 1754 3197 1849 Eallebant,
3252 1785 3345 1841 sed
3412 1792 3538 1837 tunc

1955 1876 2356 1929 excusationem
2386 1892 2492 1930 non
2510 1876 2709 1931 habent
2733 1876 2798 1931 de
2820 1876 3057 1945 peccatis
3078 1875 3210 1940 suis,
3241 1874 3331 1943 qui
3354 1884 3479 1927 ante
3504 1889 3536 1927 a

1951 1965 2190 2033 peccatis
2214 1966 2455 2021 converti
2471 1966 2778 2032 noluerunt,
2794 1974 2849 2019 et
2871 1964 3242 2034 eleemosynas
3262 1978 3421 2033 agere
3443 1975 3535 2015 ne-

1951 2052 2263 2123 glexerunt;
2293 2054 2434 2108 unde
2470 2062 2526 2109 et
2547 2054 2828 2109 subditur:

2025 2164 2170 2218 Tunc
2206 2164 2533 2234 respondebit
2559 2162 2663 2217 illis
2686 2163 2862 2216 dicens
2885 2176 2903 2214 :
2924 2160 3175 2227 Quandiu
3210 2176 3313 2214 non
3336 2158 3549 2228 fecistis"

1952 2255 2045 2309 uni
2084 2255 2147 2308 de
2176 2253 2460 2307 minoribus
2483 2253 2585 2317 his,
2621 2269 2713 2306 nec
2736 2251 2863 2306 mihi
2900 2250 3117 2322 fecistis.
3145 2250 3245 2317 Qui
3266 2251 3408 2304 enim
3432 2249 3529 2303 mi-

1949 2345 2131 2409 nimis,
2165 2343 2218 2397 id
2265 2352 2367 2407 est,
2410 2342 2705 2397 humiiibus
2750 2351 2804 2397 et
2849 2341 3116 2412 despectis
3179 2354 3334 2409 opem
3388 2338 3533 2394 ferre

1949 2433 2177 2497 fastidit,
2209 2446 2308 2487 nec
2336 2447 2393 2487 se
2440 2433 2555 2503 regi
2601 2431 2907 2497 humilium,
2937 2432 3040 2487 hoc
3074 2437 3159 2485 est
3199 2429 3368 2500 judici
3415 2445 3531 2484 om—

1949 2523 2117 2587 nium,
2149 2522 2511 2577 ministerium
2556 2521 2849 2592 praebuisse
2895 2519 3165 2591 gaudebit.
3226 2518 3528 2572 Notandum

1948 2619 2130 2666 autem
2157 2611 2300 2681 quod
2333 2619 2388 2665 et
2416 2610 2506 2664 hic
2526 2610 2677 2667 sicut
2700 2616 2754 2664 et
2801 2609 3048 2678 superius
3081 2609 3173 2662 uni
3198 2607 3261 2661 de
3297 2607 3525 2659 minimis

1947 2702 2373 2775 misericordiam
2401 2701 2763 2772 praestandam
2801 2714 2921 2756 esse
2959 2699 3114 2763 dixit,
3144 2713 3306 2769 quam
3344 2706 3398 2752 et
3421 2696 3527 2751 sibi

1946 2795 2020 2848 ita
2048 2794 2299 2849 collatam
2328 2793 2559 2848 asseruit
2587 2807 2601 2845 :
2633 2792 2759 2862 quia
2788 2790 3047 2861 quidquid
3094 2790 3205 2844 Deo
3252 2789 3528 2843 confertur

1945 2899 2044 2957 per
2090 2885 2352 2940 unitatem
2403 2884 2527 2938 ﬁdei
2575 2892 2630 2937 et
2670 2883 2838 2953 pacis,
2869 2889 2923 2938 et
2972 2880 3203 2951 simplici
3231 2879 3525 2935 intentione

1943 2973 2127 3032 oﬂ'erri
2175 2974 2357 3040 debet,
2387 2988 2487 3029 nec
2538 2973 2695 3029 debet
2740 2973 2961 3028 sinistra
3008 2971 3147 3026 scire
3181 2969 3311 3040 quid
3356 2967 3522 3022 faciat

1945 3069 2185 3124 dextera.

2015 3181 2085 3235 Et
2117 3181 2262 3234 ibunt
2300 3179 2354 3232 hi
2380 3179 2434 3232 in
2460 3176 2769 3247 supplicium
2792 3183 3066 3238 wternum,
3090 3170 3226 3241 justi
3265 3176 3437 3222 autem
3466 3165 3520 3219 in

1944 3273 2103 3327 vitam
2148 3268 2440 3325 aeternam?
2481 3265 2706 3337 (MAUR.)
2759 3262 3003 3318 Prudens
3060 3261 3252 3325 lector,
3298 3256 3521 3313 intende

1943 3362 2087 3431 quod
2136 3359 2397 3429 supplicia
2441 3366 2643 3412 aeterna
2697 3362 2840 3420 sunt,
2885 3362 2940 3408 et
2973 3353 3083 3407 vita
3129 3357 3386 3421 perpetua
3415 3363 3520 3402 non

1943 3453 2142 3507 habeat
2171 3451 2402 3504 ruinam.
2438 3446 2705 3521 (Hieron.)
2736 3446 2804 3500 Et
2848 3444 2918 3499 ob
2951 3445 3053 3499 hoc
3080 3442 3284 3497 frustra
3331 3438 3521 3510 Orige-

1943 3556 2062 3606 nes,
2090 3547 2213 3610 post
2236 3540 2405 3592 multa
2431 3551 2697 3591 annorum
2723 3533 2994 3589 curricula
3021 3532 3202 3603 impiis
3229 3540 3282 3586 et
3326 3545 3523 3600 pecca-

1942 3633 2170 3694 toribus,
2199 3646 2298 3684 nec
2344 3646 2451 3683 non
2493 3628 2706 3683 diabolo
2729 3635 2783 3679 et
2814 3625 3021 3695 angelis
3044 3625 3180 3692 ejus,
3203 3622 3430 3695 spondet
3454 3620 3521 3673 de

1941 3722 2155 3776 inferno
2176 3719 2566 3773 liberationem.
2606 3717 2735 3784 Quae
2758 3716 2941 3785 opinio
2972 3715 3150 3769 verbis
3180 3713 3347 3781 ipsius
3376 3712 3518 3765 veri-

1941 3810 2067 3862 tatis
2087 3808 2299 3878 penitus
2343 3805 2617 3861 contraria
2646 3812 2746 3860 est.
2785 3802 3041 3868 Obsecro,
3091 3802 3314 3856 Domine
3362 3800 3514 3865 Jesu,

1938 3905 1998 3951 ut
2042 3911 2128 3950 me
2158 3896 2254 3951 tibi
2284 3895 2514 3950 ﬁdeliter
2554 3910 2652 3965 per
2697 3893 2878 3948 omnia
2906 3890 3238 3956 credentem,
3269 3899 3324 3945 et
3356 3889 3515 3944 ﬁdem

1941 3998 2089 4043 tuam
2118 3987 2386 4042 veraciter
2428 3994 2720 4049 tenentem,
2750 3985 2804 4038 in
2830 3982 3050 4037 dextera
3087 3989 3176 4035 tua
3209 3979 3516 4035 misericor-

1938 4079 2080 4135 diter
2100 4078 2364 4134 collocare
2404 4077 2660 4149 digneris,
2686 4083 2746 4130 ut
2766 4076 2946 4146 potius
2968 4073 3260 4129 secundum
3286 4072 3518 4142 promis-

1936 4172 2146 4226 sionem
2176 4178 2325 4224 tuam
2354 4183 2477 4223 cum
2502 4167 2800 4223 benedictis
2830 4164 3226 4247 tuis‘accipiam
3255 4171 3513 4216 (sternam

1938 4266 1993 4321 in
2020 4264 2176 4320 caelis
2196 4261 2604 4327 beatitudinem,
2635 4274 2796 4329 quam
2817 4274 2939 4313 cum
2968 4254 3285 4317 maledictis,
3322 4268 3513 4308 secun-

1937 4357 2067 4411 dum
2109 4355 2486 4409 haereticorum
2514 4350 2806 4416 ﬁctionem,
2834 4362 3011 4404 seram
3034 4344 3100 4402 de
3126 4342 3339 4399 inferno
3367 4358 3513 4412 quac—

1858 4442 1911 4503 D
1939 4461 2055 4501 ram
2081 4445 2436 4515 ereptiouem.

1457 4807 1756 4885 LIBER
1827 4800 2318 4880 OCTAVUS.

816 5106 1040 5164 CAPUT
1071 5105 1257 5161 XXVI.

230 5225 316 5282 De
347 5223 674 5279 Judazorum
724 5224 780 5274 in
809 5237 982 5275 necem
1011 5218 1207 5274 Christi
1232 5220 1449 5274 consilio
1467 5260 1483 5286 ,
1511 5220 1577 5274 de
1607 5234 1750 5274 caena
1777 5221 1831 5272 in

311 5293 601 5357 Bethania,
629 5292 693 5345 de
710 5290 867 5345 Iuda:
890 5291 1159 5345 traditoris
1180 5291 1339 5361 petito
1359 5291 1556 5360 pretio;
1579 5290 1643 5343 de
1663 5299 1832 5344 extre-

302 5378 405 5424 ma
425 5377 596 5429 cana,
639 5370 689 5416 et
713 5377 830 5431 qua:
868 5361 940 5413 ibi
963 5372 1009 5414 et
1040 5360 1094 5413 in
1121 5360 1272 5414 horto
1294 5361 1639 5431 contigerunt.

308 5472 410 5550 [L]
442 5471 670 5546 (Μλυιι.)
690 5470 831 5526 Sane
853 5472 1079 5526 decurso
1102 5478 1331 5526 tractatu
1361 5470 1533 5526 sancti
1553 5469 1828 5541 Evangelii

224 5564 546 5624 secundum
572 5562 903 5623 Matthaeum,
960 5576 988 5613 a
1023 5561 1284 5631 principio
1320 5574 1490 5631 usque
1528 5559 1597 5614 ad
1625 5559 1832 5629 passio-

229 5675 357 5717 nem
391 5654 610 5711 Domiui
638 5654 693 5707 in
719 5661 921 5722 septem
947 5653 1118 5717 libris,
1142 5661 1389 5708 octavum
1414 5666 1626 5723 quoque
1654 5667 1683 5705 a
1707 5665 1830 5722 pas-

566 5746 837 5805 PATROL.
885 5743 1069 5808 CV11.

1935 5100 2088 5156 sione
2115 5095 2328 5152 Domini
2376 5095 2712 5157 inchoantes,
2742 5106 2912 5161 usque
2955 5090 3024 5146 ad
3058 5088 3509 5145 resurrectionem

1934 5194 2072 5264 ejus,
2098 5191 2207 5246 imo
2231 5202 2403 5258 usque
2424 5186 2491 5240 ad
2519 5184 2676 5239 linem
2704 5183 2978 5254 Evangelii
3007 5181 3319 5252 perducere,
3359 5180 3402 5234 si
3436 5180 3511 5235 ita

1934 5283 2195 5340 Dominus
2236 5277 2485 5343 voluerit,
2538 5275 2881 5331 decernimus
2912 5290 2925 5325 :
2956 5278 3201 5342 petentes
3237 5267 3353 5337 ejus
3395 5268 3509 5324 cle-

1933 5372 2217 5436 mentiam,
2248 5376 2309 5423 ut
2331 5367 2422 5437 qui
2446 5374 2571 5436 post
2609 5364 2892 5421 sabbatum
2924 5362 2978 5416 iu
3018 5360 3314 5424 Dominica,
3348 5360 3398 5414 id
3426 5367 3510 5413 est

1933 5472 2124 5519 octava
2150 5462 2237 5517 die
2262 5468 2384 5529 post
2417 5457 2702 5527 septimam
2731 5469 2850 5524 quae
2870 5462 2925 5508 et
2949 5452 3123 5523 prima
3147 5451 3354 5507 sabbati
3380 5449 3514 5504 dici-

1936 5565 2044 5619 tur,
2073 5570 2104 5608 a
2133 5552 2361 5608 mortuis
2384 5547 2700 5609 resurrexit,
2734 5560 2831 5601 nos
2850 5559 3064 5615 quoque
3088 5551 3208 5615 post
3228 5542 3512 5613 septimam

1938 5646 2343 5715 astutum'hujus
2375 5640 2579 5707 saeculi,
2608 5639 2660 5695 id
2689 5632 2771 5694 est
2813 5644 3000 5694 octava
3029 5643 3188 5690 aetate
3218 5650 3320 5704 qua
3353 5646 3510 5704 gene-

3002 5728 3079 5789 35
