4002 6188
423 263 556 315 iﬁlli)

1060 257 1120 310 Β.
1155 252 1405 309 llABANI
1446 250 1662 307 MAURI
1703 247 2020 303 Alltlllllﬂl’.
2063 243 2368 301 MOCUNT.
2412 238 2694 297 OPERUM
2736 238 2920 293 PARS
2958 238 2997 292 Ι.

3532 238 3547 290 l
3567 239 3668 292 “)0

418 379 606 433 raliter
632 389 818 430 omnes
847 372 1040 427 mortui
1087 375 1389 438 resurgent,
1434 366 1543 434 ipse
1576 360 1991 417 resurrectionis
2017 364 2066 422 Α
2093 366 2251 427 gatur
2286 356 2352 409 ad
2380 355 2657 410 consilium
2688 351 3028 408 sacerdotum
3052 351 3192 420 quod
3220 349 3524 405 habuerunt
3555 361 3672 406 tra-

420 485 531 527 sua:
556 467 717 522 faciat
754 480 871 521 esse
898 462 1203 533 participes.
1244 456 1645 514 Consummatis
1671 454 1833 526 igitur
1870 467 1989 506 ser-

421 557 669 614 monibus
698 556 764 609 de
786 556 873 609 die
896 552 1105 623 judieii,
1136 550 1380 619 sequitur
1406 546 1706 610 Matthzeus,
1736 552 1791 597 et
1819 542 1948 597 dicit
1973 557 1986 592 :

494 650 561 704 Et
594 648 788 717 factum
829 655 927 709 est,
954 658 1071 698 cum
1111 649 1516 697 consummasset
1539 635 1697 692 Jesus
1729 649 1991 690 sermones

2092 455 2302 501 ctantes
2332 447 2399 500 de
2443 461 2573 500 nece
2611 444 2839 499 Domini.
2874 441 3143 515 (Hieron)
3177 442 3283 498 Sed
3314 444 3673 499 consideran-

2093 535 2219 590 dum
2250 534 2392 603 quod
2442 548 2700 603 passurus
2734 548 2831 602 pro
2855 531 3004 585 omni
3046 532 3247 585 mundo
3288 532 3570 595 Dominus,
3619 541 3679 585 et

2093 624 2373 679 universas
2424 624 2669 678 nationes
2707 638 2806 678 suo
2828 622 3088 693 sanguine
3128 624 3520 691 redempturus,
3563 638 3683 679 mo-

422 741 516 794 hos
542 713 758 792 omnes:
786 734 1004 789 Scilicet
1030 747 1218 787 omnes
1253 745 1389 799 quos
1421 730 1484 785 de
1527 726 1995 783 consummatione

2116 723 2249 768 ator
2294 715 2347 768 in
2378 713 2655 776 Bethania,
2696 713 2749 766 in
2784 713 2943 767 domo
2969 713 3305 778 obedientiae,
3338 729 3460 783 quae
3500 728 3681 783 quou-

423 829 629 892 mundi,
655 826 741 881 vel
771 826 838 880 de
865 823 1185 879 discretione
1200 819 1387 888 judicii
1410 817 1739 888 proferebat.
1766 812 1995 884 (Hilam)

424 918 550 973 Sive
572 916 747 980 aliter,
776 928 964 968 omnes
989 925 1265 966 sermones
1287 923 1421 977 quos
1444 907 1515 961 ab
1544 906 1697 959 initio
1723 902 1995 972 Evangelii

424 1006 504 1059 sui
553 1019 723 1073 usque
782 1003 848 1057 ad
895 1012 1105 1071 tempus
1140 998 1405 1069 passionis
1445 1011 1556 1051 sua:
1604 993 1847 1049 docendo
1884 993 1998 1047 sive

422 1094 777 1154 exhortando,
826 1107 918 1145 seu
946 1092 1110 1146 etiam
1137 1088 1315 1142 futura
1359 1084 1701 1157 praedicendo
1729 1084 1783 1137 in
1812 1083 1998 1136 auditu

422 1184 827 1252 discipulorum,
854 1190 942 1235 aut
974 1180 1249 1234 turbarum
1272 1182 1773 1252 consummaverat,
1792 1174 1893 1228 hoc
1917 1180 2003 1227 cst

426 1272 670 1325 faciendo
704 1280 755 1324 et
776 1269 1114 1339 praedicando
1138 1248 1518 1336 compleverat.

499 1360 642 1414 Tunc
668 1360 799 1414 dixit
819 1358 1087 1429 discipulis
1121 1359 1230 1412 suis
1252 1371 1270 1408 :
1294 1356 1449 1413 Scitis
1481 1357 1605 1427 quia
1635 1365 1747 1425 post
1787 1354 2001 1408 biduum

426 1448 635 1503 Pascha
662 1448 768 1518 ﬁet.
807 1446 990 1519 (Αιιθ.)
1020 1446 1088 1503 Ut
1113 1457 1234 1518 post
1261 1459 1566 1500 sermonem
1591 1458 1698 1513 quo
1726 1458 1784 1497 se
1817 1451 2005 1497 ventu-

425 1554 543 1592 rum
574 1538 628 1592 in
660 1536 835 1591 reditu
863 1535 1125 1591 claritatis
1169 1534 1504 1596 ostenderat,
1546 1546 1688 1586 nunc
1718 1544 2003 1600 passurum

426 1645 485 1686 se
527 1643 648 1684 csse
696 1628 1012 1692 admoneat;
1069 1634 1335 1697 quatenus
1384 1633 1786 1681 sacramentum
1828 1623 2005 1679 crucis

2096 806 2221 860 dam
2262 804 2361 858 fuit
2412 803 2648 859 Simonis
2680 802 2898 874 leprosi.
2955 803 3071 858 Non
3111 805 3253 873 quod
3288 805 3532 875 Ieprosus
3585 807 3680 861 illo

2098 901 2339 962 tempore
2385 900 2746 962 permaneret,
2791 893 2885 947 sed
2923 892 3015 962 qui
3054 902 3182 965 ante
3214 893 3458 964 leprosus
3487 905 3680 965 postea

2097 1003 2128 1041 a
2174 986 2457 1041 Salvatore
2503 986 2792 1040 mundatus
2816 994 2923 1050 est,
2955 987 3172 1041 nomine
3216 989 3447 1057 pristino
3465 1004 3680 1059 perma-

2097 1089 2280 1145 nente,
2308 1089 2367 1133 ut
2388 1081 2556 1134 virtus
2577 1080 2817 1134 curantis
2842 1089 3119 1150 appareat.
3149 1079 3281 1135 Nam
3310 1091 3365 1136 et
3393 1082 3447 1135 in
3468 1084 3681 1136 catalo-

2100 1186 2169 1242 go
2202 1170 2563 1241 apostolorum
2605 1185 2729 1225 cum
2754 1171 2982 1241 pristino
3013 1171 3144 1225 vitio
3199 1171 3480 1227 Matthzeus
3507 1175 3686 1241 publi-

2100 1276 2268 1317 canus
2297 1262 2620 1332 appellatur,
2643 1262 2733 1331 qui
2762 1272 2908 1317 certe
2935 1263 3252 1333 publicanus
3278 1279 3400 1318 esse
3424 1265 3683 1319 desierat.

2102 1349 2332 1418 Quidam
2389 1352 2663 1407 Simonem
2709 1339 3001 1421 leprosum,
3030 1352 3212 1407 volunt
3237 1354 3533 1425 intelligere
3560 1371 3688 1424 par-

2104 1456 2213 1500 tem
2242 1446 2420 1516 populi
2461 1462 2582 1516 quze
2612 1444 2901 1500 crediderit
2932 1444 3179 1510 Domino,
3217 1452 3268 1498 et
3298 1445 3368 1500 ab
3401 1459 3467 1500 eo
3495 1455 3687 1500 curata

2102 1532 2207 1591 sit.’
2225 1536 2408 1590 Simon
2438 1551 2652 1606 quoque
2679 1534 2921 1589 obediens
2956 1534 3170 1588 dicitur.

2174 1628 2402 1681 Accessit
2429 1628 2497 1680 ad
2518 1643 2634 1680 eum
2660 1624 2847 1679 mulier
2865 1625 3059 1679 habens
3086 1624 3408 1679 alabastrum
3439 1628 3692 1697 unguenti

426 1722 718 1776 admistum
749 1735 868 1774 esse
888 1719 1071 1789 gloria:
1106 1718 1425 1772 aeternitatis
1454 1724 1828 1787 agnoscerent.
1854 1714 2008 1769 Sicut
2037 1723 2082 1781 Β
2107 1719 2357 1789 pretiosi,
2405 1728 2455 1771 et
2497 1718 2682 1787 e/fudit
2722 1733 2877 1787 super
2916 1726 3070 1787 caput
3114 1717 3276 1787 ipsius
3324 1718 3687 1773 recumbentis.

425 1824 555 1878 ergo
582 1822 646 1862 es
674 1806 898 1862 Joannis
930 1807 1246 1861 narratione
1286 1807 1577 1877 colligitur,
1606 1815 1732 1860 ante
1770 1820 1862 1860 sex
1892 1807 2007 1859 dies

432 1902 658 1957 Pascha:
684 1899 835 1956 venit
859 1898 1019 1954 Jesus
1042 1899 1094 1953 in
1122 1898 1460 1965 Bcthaniam,
1487 1898 1667 1966 ibique
1695 1896 1894 1951 factum
1929 1902 2012 1951 est

427 1995 557 2048 illud
591 1992 919 2056 convivium,
967 1991 1059 2044 uhi
1089 1991 1154 2045 de
1184 1998 1458 2061 unguento
1493 1990 1731 2059 pretioso
1763 1988 1822 2043 fit
1860 2004 2015 2044 com-

430 2082 774 2140 memoratio.
816 2081 942 2136 lnde
971 2081 1121 2135 venit
1151 2079 1573 2151 Hierosolymam
1606 2080 1800 2134 sedens
1851 2094 2014 2149 super

428 2174 687 2239 asellum;
714 2172 905 2229 deinde
925 2180 1109 2241 postea
1136 2178 1398 2240 geruntur
1419 2185 1484 2225 ea
1506 2185 1626 2240 qua:
1649 2177 1871 2223 narrant
1893 2177 2017 2240 post

427 2266 573 2321 hunc
618 2263 909 2323 adrentum
939 2260 1055 2330 ejus
1090 2259 1477 2333 Hierosolymis
1502 2269 1653 2331 gesta
1691 2259 1878 2333 (Joan.
1910 2259 2011 2334 χι).

430 2351 703 2426 [llieran.]
756 2352 973 2408 Ex’illo
1017 2366 1145 2421 ergo
1191 2350 1277 2406 die
1322 2366 1429 2421 quo
1478 2351 1626 2406 venit
1670 2349 2013 2418 Bcthaniam,

430 2456 597 2517 atque
625 2445 754 2501 illud
789 2446 856 2500 de
884 2452 1156 2517 unguento
1184 2442 1384 2499 factum
1426 2451 1530 2509 est,
1558 2458 1730 2512 usque
1778 2443 1845 2497 ad
1875 2443 2017 2497 diem

430 2552 541 2609 quo
584 2536 688 2592 ista
718 2535 900 2591 omnia
932 2542 1078 2606 gesta
1126 2542 1289 2604 atque
1326 2532 1469 2588 dicta
1496 2540 1640 2597 sunt,
1670 2531 2018 2602 intelligimus

431 2630 599 2685 etiam
634 2626 984 2697 evangelistis
1011 2640 1121 2680 non
1166 2622 1719 2684 commemorantibus
1767 2636 2015 2678 consum-

434 2730 584 2793 ptum
633 2720 801 2776 fuisse
848 2718 1212 2790 quatriduum,
1256 2725 1315 2772 ut
1343 2724 1654 2773 occurreret
1700 2716 1815 2771 dies
1855 2730 2015 2785 quem

435 2820 560 2866 ante
592 2811 815 2866 biduum
870 2808 1093 2864 Pascha:
1135 2809 1417 2864 Mattlueus
1446 2815 1503 2864 et
1535 2806 1750 2863 Marcus
1792 2807 2017 2863 definie-

436 2910 563 2956 runt
593 2900 786 2974 (Marc.
812 2899 946 2972 xxv).
974 2899 1196 2972 Mystice
1221 2909 1400 2955 autem
1443 2907 1566 2970 post
1586 2898 1723 2954 duos
1761 2898 1878 2954 dies
1904 2897 2017 2953 cla-

438 2993 643 3049 rissimi
670 2991 894 3048 luminis
926 2990 1136 3047 Veteris
1163 3007 1226 3047 ac
1272 2991 1407 3047 Novi
1433 2990 1787 3055 Testamenti,
1825 3004 2017 3045 verum

2117 1808 2324 1880 (ΒΜ.)
2376 1808 2568 1863 Muller
2610 1809 2711 1863 ista
2760 1806 2926 1862 Maria
2973 1816 3091 1862 erat
3136 1807 3485 1879 Magdalene,
3537 1826 3696 1865 soror

2113 1902 2328 1969 Laiari,
2357 1918 2519 1973 quem
2545 1903 2903 1957 suscitaverat
2924 1899 3081 1956 Jesus
3109 1915 3138 1954 a
3171 1903 3418 1967 mortuis,
3446 1912 3503 1955 ut
3529 1901 3697 1958 Joan-

2114 2009 2211 2051 nes
2242 2004 2427 2065 aperte
2461 2002 2869 2051 commemorat.
2923 1993 3023 2061 Qui
3068 1994 3235 2047 etiam
3281 1995 3382 2048 hoc
3425 2003 3552 2047 ante
3597 2010 3691 2048 sex

2116 2088 2231 2143 dies
2261 2086 2483 2142 Pascha:
2515 2084 2712 2142 factum
2743 2094 2989 2152 testatur,
3026 2085 3199 2155 pridie
3226 2101 3389 2156 quam
3420 2085 3575 2139 asino
3603 2102 3695 2141 se-

2114 2176 2250 2231 dens
2278 2191 2399 2231 cum
2430 2176 2627 2246 palmis
2670 2184 2724 2231 et
2765 2175 2920 2230 laude
2951 2176 3230 2230 turbarum
3266 2174 3696 2246 Hierosolymam

2115 2268 2344 2322 veniret.
2379 2267 2497 2336 Ipsa
2526 2276 2610 2322 est
2636 2278 2838 2332 autem,
2870 2281 2977 2320 non
3010 2265 3132 2331 alia,
3166 2282 3285 2335 qua:
3313 2268 3607 2337 quondam,
3638 2278 3704 2322 ut

2115 2358 2291 2412 Lucas
2318 2357 2525 2424 scribit,
2552 2356 2826 2426 peccatrix
2851 2355 3027 2409 adhuc
3049 2356 3270 2410 veniens
3296 2354 3461 2426 pedes
3486 2356 3700 2411 Domini

2112 2446 2372 2517 lacrymis
2396 2446 2729 2515 paenitentiae
2757 2445 2950 2517 rigavit
2976 2454 3032 2500 et
3060 2454 3331 2516 unguento
3360 2447 3461 2515 pia:
3484 2446 3703 2501 confes-

2120 2537 2289 2591 sionis
2325 2535 2520 2601 linivit,
2544 2543 2598 2591 et
2632 2536 2761 2606 quia
2791 2535 3020 2590 multum
3049 2534 3256 2601 dilexit,
3280 2536 3572 2591 multorum
3603 2554 3701 2592 ve-

2117 2628 2261 2683 niam
2298 2636 2647 2698 peccatorum
2679 2642 2710 2681 a
2746 2628 2835 2698 pio
2862 2625 3045 2695 judice
3075 2628 3371 2697 promeruit
3398 2626 3549 2699 (Luc.
3574 2631 3700 2701 vn).

2118 2718 2275 2775 Nunc
2302 2735 2432 2774 vero
2469 2717 2767 2788 justiﬁcata
2804 2727 2859 2774 et
2897 2718 3180 2774 familiaris
3216 2717 3409 2773 effecta
3448 2720 3701 2786 Domino,

2118 2823 2226 2864 non
2258 2816 2479 2863 tantum
2496 2809 2661 2878 pedes
2690 2808 2827 2879 ejus,
2858 2816 2919 2863 ut
2946 2808 3088 2862 idem
3116 2805 3352 2862 Joannes
3381 2817 3589 2872 narrat,
3610 2824 3704 2863 ve-

2121 2912 2240 2953 rum
2261 2898 2425 2953 etiam
2447 2907 2628 2969 caput,
2653 2909 2711 2953 ut
2735 2897 2949 2953 Marcus
2975 2897 3365 2968 Matthaeusque
3390 2899 3704 2968 perhibent,

2121 2990 2240 3045 oleo
2270 2998 2458 3044 sancto
2486 2989 2745 3059 perfudit.
2787 2988 3093 3044 Notandum
3122 2996 3306 3042 autem
3334 2989 3477 3059 quod
3505 2989 3573 3045 de
3599 2991 3705 3046 hoc

436 3101 536 3156 pro
555 3085 756 3141 mundo
782 3085 990 3141 Pascha
1013 3082 1336 3139 celebratur.
1359 3081 1568 3137 Pascha
1598 3082 1838 3152 quidem,
1871 3080 2013 3151 quod
2043 3070 2087 3133 C
2120 3088 2393 3151 unguento
2442 3077 2654 3133 Marcus
2701 3079 2776 3132 ita
2826 3077 3032 3133 refert:
3080 3076 3150 3130 Et
3201 3093 3319 3131 cum
3368 3089 3498 3131 esset
3546 3078 3708 3133 Jesus

440 3174 704 3229 llcbraice
748 3174 945 3229 dicitur
973 3172 1167 3239 Pbase,
1201 3189 1306 3229 non
1328 3189 1357 3227 a
1380 3174 1655 3244 passione,
1683 3180 1744 3228 ut
1775 3171 2020 3244 plerique

439 3265 791 3328 arbitrantur,
850 3262 946 3319 sed
991 3278 1021 3319 a
1082 3265 1308 3320 transitu
1362 3265 1693 3319 nominatur.
1751 3265 1829 3321 Eo
1874 3264 2019 3336 quod

438 3354 833 3410 exterminator
873 3355 1061 3418 videns
1095 3355 1414 3425 sanguinem
1439 3355 1493 3409 in
1515 3354 1719 3411 foribus
1755 3355 2021 3411 Israelita-

442 3460 557 3498 rnm
585 3443 981 3513 pertransierit,
1005 3460 1103 3500 nec
1128 3445 1476 3520 percusserit,
1506 3445 1590 3500 vel
1620 3446 1735 3515 ipse
1763 3445 2021 3502 Dominus

437 3534 687 3605 praebens
717 3534 976 3589 auxilium
1008 3534 1206 3606 populo
1228 3550 1326 3591 suo
1358 3535 1591 3606 desuper
1643 3534 2017 3591 ambulaverit.

439 3625 619 3696 (ιω.)
648 3624 813 3696 Cujus
841 3633 1240 3679 sacramentum
1269 3623 1515 3681 vocabuli
1548 3624 1831 3680 sublimius
1860 3640 2024 3694 expo-

439 3734 574 3774 nens
620 3716 947 3790 evangelista
1006 3715 1240 3773 Joannes
1297 3716 1374 3771 ait
1412 3734 1425 3770 :
1468 3716 1602 3771 Ante
1662 3716 1799 3770 diem
1848 3726 2022 3770 autem

439 3810 627 3879 festum
657 3808 900 3873 Paschaa,
943 3807 1113 3862 sciens
1153 3805 1308 3862 Jesus
1358 3808 1484 3878 quia
1518 3808 1648 3861 venit
1702 3808 1817 3877 ejus
1867 3807 2017 3872 hora,

438 3909 496 3953 ut
544 3907 776 3953 transeat
814 3914 881 3952 ea:
916 3897 1013 3951 hoc
1041 3896 1237 3951 mundo
1276 3896 1345 3951 ad
1382 3894 1595 3951 Patrem
1643 3895 1827 3969 (Joan.
1878 3896 2020 3968 xm).

440 3990 541 4046 Ubi
569 3987 854 4044 manifeste
880 3987 1139 4053 declarat,
1169 3988 1290 4042 ideo
1315 3987 1672 4042 solemnitatis
1700 3986 1859 4056 hujus
1881 3989 2022 4043 diem

440 4096 536 4150 per
587 4080 760 4152 legem
808 4079 1034 4150 mystice
1082 4079 1369 4133 transitum
1415 4089 1661 4134 vocatum
1698 4094 1841 4145 esse,
1880 4079 2024 4151 quod

438 4174 617 4244 Agnus
641 4170 739 4225 Dei
762 4171 851 4242 qui
876 4168 1012 4224 tollit
1034 4181 1245 4240 peccata
1274 4170 1477 4238 mundi,
1505 4171 1557 4225 in
1587 4186 1652 4225 eo
1683 4171 1747 4226 de
1776 4171 1877 4227 hoc
1904 4181 1951 4225 ο.
2005 4212 2017 4225 .

439 4463 545 4499 non
578 4446 851 4515 pavebant
874 4461 999 4501 cum
1020 4446 1128 4501 Deo
1142 4455 1421 4517 perpetem
1450 4448 1773 4503 discordiam
1797 4452 2021 4506 tenere?

440 4536 554 4590 lllic
584 4536 987 4604 trepidaverunt
1032 4537 1224 4592 timore
1259 4538 1351 4591 ubi
1399 4553 1507 4593 non
1542 4548 1663 4593 erat
1691 4540 1869 4594 timor.
1923 4541 2019 4597 Sa-

440 4630 590 4698 gitta:
610 4642 823 4696 quoque
844 4627 1192 4697 parvulorum
1220 4628 1376 4683 factae
1404 4637 1529 4684 sunt
1551 4630 1721 4701 plaga:
1737 4646 1943 4687 eorum.

514 4715 626 4789 [IL]
651 4716 780 4771 Cum
804 4725 975 4770 autent
1009 4726 1139 4771 esset
1180 4716 1335 4772 Jesus
1381 4719 1433 4772 in
1483 4717 1739 4775 Bethania
1783 4722 1838 4777 in
1865 4723 2018 4779 domo

444 4809 677 4863 Simonis
703 4808 909 4877 leprosi.
945 4808 1125 4883 (Aug)
1153 4808 1323 4878 Hujus
1351 4810 1452 4867 loci
1490 4814 1855 4870 narrationem
1885 4816 2021 4870 Mat-

446 4899 620 4952 theeus
641 4906 694 4951 et
721 4895 955 4963 Marcus,
977 4913 1097 4951 cum
1120 4899 1232 4969 jam
1260 4899 1519 4955 dixissent
1537 4910 1663 4971 post
1686 4902 1905 4958 biduum
1935 4904 2021 4960 fu-

445 4997 625 5040 turmn
662 4985 871 5041 Pascha
903 4987 1324 5057 recapitulando,
1357 4989 1423 5043 ad
1448 4989 1594 5045 illum
1626 4991 1766 5045 diem
1800 4993 2026 5049 redeunt

444 5077 499 5129 iu
529 5074 867 5141 Bcthaniam,
897 5076 987 5145 qui
1011 5085 1129 5131 erat
1151 5085 1274 5132 ante
1295 5094 1386 5133 sex
1410 5079 1525 5135 dies
1542 5079 1784 5136 Pascha}.
1810 5081 1879 5136 Et
1902 5098 2025 5137 nar-

446 5175 567 5221 rant
596 5167 737 5236 quod
763 5166 999 5223 Joannes
1020 5169 1085 5224 de
1108 5183 1259 5225 creua
1292 5180 1345 5225 et
1375 5180 1646 5243 unguento
1669 5171 1856 5241 refert,
1885 5176 2026 5231 unde

444 5268 702 5313 venturus
727 5268 845 5314 erat
865 5257 1022 5315 Jesus
1042 5257 1485 5333 Hierosolymam.
1515 5263 1679 5334 Cujus
1704 5264 1782 5320 rei
1804 5276 2023 5336 peracta

446 5351 758 5407 narratione
809 5351 933 5408 illuc
980 5354 1173 5408 iterum
1233 5354 1457 5408 redeunt
1500 5355 1641 5411 unde
1683 5353 1897 5411 fuerant
1946 5358 2026 5412 di-

446 5443 639 5513 gressi,
671 5443 723 5498 id
751 5452 853 5509 est,
901 5452 960 5498 ut
982 5442 1103 5512 jatn'
1125 5457 1301 5499 sermo
1329 5445 1538 5500 Domini
1585 5456 1835 5502 narretur
1862 5464 2021 5519 quem

448 5532 637 5587 habuit
664 5540 789 5587 ante
813 5532 1033 5588 biduum
1063 5531 1302 5597 Paschw,
1325 5544 1380 5588 et
1407 5533 1605 5588 factum
1631 5533 1781 5590 Juda:
1802 5537 2024 5608 conjun-

2122 3169 2421 3236 Bethaniaz,
2458 3170 2513 3223 in
2550 3170 2705 3223 domo
2739 3169 2972 3225 Simonis
3010 3169 3231 3240 leprosi,
3271 3180 3317 3225 et
3354 3173 3704 3238 recumberet,

2121 3261 2255 3315 venit
2282 3262 2472 3315 mulier
2495 3260 2687 3315 habens
2714 3262 3035 3315 alabastrum
3064 3263 3316 3332 unguenti
3341 3264 3496 3317 nardi
3516 3265 3710 3333 spicati

2118 3354 2363 3425 pretiosi,
2398 3362 2445 3408 et
2476 3354 2644 3424 fracto
2683 3353 2950 3408 alabastro
2987 3353 3172 3424 eﬁ'adit
3207 3370 3366 3424 super
3396 3366 3553 3426 caput
3589 3357 3707 3426 ejus

2070 3518 2093 3527 κ
2125 3444 2315 3515 (Marc.
2346 3444 2478 3517 xw).
2527 3445 2763 3501 Joannes
2788 3461 2920 3501 vero
2949 3446 3021 3499 ita
3048 3445 3179 3500 dicit
3206 3463 3218 3499 ε
3252 3444 3433 3499 Maria
3458 3463 3582 3516 ergo
3611 3464 3707 3500 ac-

2121 3534 2252 3604 cepit
2277 3534 2461 3587 libram
2492 3536 2645 3588 nardi
2670 3535 2842 3605 pistici
2868 3537 3103 3605 pretiosi,
3126 3544 3175 3589 et
3200 3536 3349 3589 unxit
3375 3537 3531 3606 pedes
3551 3535 3705 3603 Iesu,

2122 3632 2171 3676 et
2199 3624 2408 3677 extersit
2439 3624 2642 3695 capillis
2681 3625 2789 3679 suis
2827 3625 2981 3696 pedes
3009 3626 3141 3693 eius,
3183 3636 3231 3680 et
3270 3628 3456 3682 domus
3488 3628 3705 3699 impleta

2124 3725 2200 3772 est
2226 3733 2291 3771 ea:
2315 3716 2475 3771 odore
2502 3710 2772 3789 unguenti.
2807 3718 2909 3773 Ubi
2934 3718 3077 3773 enim
3105 3718 3319 3774 Marcus
3346 3722 3521 3789 posuit
3548 3722 3708 3775 nardi

2124 3808 2329 3879 apicati,
2365 3807 2437 3863 ibi
2466 3806 2699 3863 Joannes
2728 3808 2894 3863 habet
2921 3810 3073 3862 nardi
3101 3810 3314 3879 pistici:
3345 3826 3577 3880 quorum
3604 3811 3714 3867 διε-

2124 3899 2411 3954 ferentiam
2440 3900 2492 3952 in
2521 3898 2974 3969 subsequentibus
3004 3898 3453 3956 demonstratnus.
3488 3901 3585 3958 Est
3608 3918 3710 3957 au-

2127 3997 2232 4045 tem
2267 3989 2597 4043 alabastrum
2628 4003 2797 4059 genus
2827 3989 3119 4044 marmoris
3149 3990 3386 4057 candidi,
3418 3992 3586 4046 variis
3613 4008 3709 4048 co-

2124 4079 2331 4136 loribus
2354 4080 2698 4145 interstincti,
2721 4080 2863 4149 quod
2890 4080 2957 4135 ad
2979 4094 3109 4133 vasa
3134 4081 3487 4151 unguentaria
3509 4096 3712 4136 cavare

2126 4174 2331 4239 solent,
2370 4188 2436 4227 eo
2466 4172 2606 4243 quod
2634 4172 2840 4242 Optime
2870 4185 3092 4227 servare
3116 4187 3179 4227 ea
3212 4172 3522 4243 incorrupta
3553 4173 3709 4227 dica-

2126 4273 2231 4319 tur.
2268 4264 2521 4319 Nascitur
2546 4264 2688 4317 circa
2718 4262 2931 4317 Thebas
2957 4262 3265 4333 Egyptias,
3299 4272 3355 4317 et
3382 4264 3711 4319 Damascum

2127 4356 2329 4429 Syriae,
2381 4356 2592 4409 caeteris
2632 4354 2955 4419 candidius,
3002 4354 3443 4424 probatissimum
3474 4368 3604 4407 vero
3650 4354 3709 4408 in

2122 4446 2291 4504 India.
2317 4447 2526 4502 Nardus
2554 4460 2683 4500 vero
2717 4454 2801 4501 est
2834 4445 3012 4501 frutex
3049 4447 3398 4511 aromaticus,
3434 4449 3603 4518 gravi,
3640 4457 3708 4501 ut

2122 4539 2293 4603 aiunt,
2319 4546 2374 4593 et
2398 4552 2579 4593 crassa
2606 4538 2805 4602 radice,
2827 4539 2921 4592 sed
2946 4538 3096 4593 brevi
3121 4548 3171 4592 et
3199 4540 3375 4609 nigra,
3396 4539 3706 4609 fragilique,

2121 4628 2369 4699 quamvis
2402 4628 2587 4699 pingui
2624 4628 2787 4682 situm
2813 4668 2829 4693 ,
2868 4628 3177 4693 redolente,
3218 4637 3310 4681 aut
3346 4643 3705 4699 cypressum,

2123 4735 2314 4787 aspero
2339 4732 2550 4789 sapore,
2578 4718 2704 4775 folio
2728 4734 2897 4789 parvo
2923 4720 3215 4790 densoque,
3241 4719 3395 4790 cujus
3420 4722 3708 4778 cacumina

2120 4803 2173 4858 in
2194 4807 2387 4864 aristas
2401 4823 2460 4864 se
2488 4817 2763 4878 spargunt.
2805 4807 3038 4877 Ideoque
3066 4810 3275 4879 gemina
3306 4809 3431 4865 dote
3458 4811 3711 4882 pigmen-

2128 4898 2246 4953 tarii
2275 4899 2430 4952 nardi
2460 4899 2637 4969 spicas
2663 4913 2726 4953 ac
2754 4898 2878 4953 folia
2908 4899 3200 4955 celebrant.
3232 4899 3296 4955 Et
3324 4901 3427 4957 hoc
3450 4912 3534 4958 est
3561 4906 3711 4975 quod

2125 4988 2201 5043 ait
2231 4988 2473 5055 Marcus,
2504 4990 2759 5062 unguenti
2790 4991 2944 5045 nardi
2972 4993 3158 5062 apicati
3185 4994 3423 5063 pretiosi,
3466 4996 3593 5064 quia
3620 4997 3711 5051 vi-

2124 5079 2317 5134 delicet
2348 5089 2676 5151 unguentum
2720 5080 2848 5137 illud
2878 5082 3018 5151 quod
3049 5082 3227 5137 attulit
3257 5082 3423 5137 Maria
3452 5083 3709 5153 Domino,

2126 5186 2230 5226 non
2252 5171 2432 5226 solum
2464 5170 2529 5226 de
2562 5172 2743 5228 radice
2772 5171 3073 5226 confectum
3109 5173 3295 5238 nardi,
3322 5188 3508 5228 verum
3537 5174 3713 5229 etiam

2127 5278 2233 5332 quo
2278 5263 2565 5333 pretiosius
2608 5272 2781 5329 esset,
2819 5265 3089 5335 spicarum
3124 5279 3337 5333 quoque
3367 5273 3422 5319 et
3451 5265 3710 5323 foliorum

2126 5351 2242 5420 ejus
2268 5353 2588 5423 adjectione,
2611 5353 2794 5408 odoris
2822 5368 2885 5408 ac
2906 5353 3123 5407 virtutis
3147 5352 3289 5409 illius
3312 5364 3427 5408 erat
3454 5368 3716 5409 accumu-

2126 5443 2232 5498 lata
2263 5446 2455 5517 gratia.
2494 5446 2730 5501 Nardum
2760 5454 2939 5501 autem
2967 5446 3253 5516 pisticum,
3288 5446 3343 5501 id
3371 5456 3486 5513 est,
3525 5445 3710 5513 ﬁdele,

2129 5537 2251 5593 ideo
2277 5537 2495 5604 dicitur,
2525 5538 2649 5609 quia
2677 5553 2818 5608 saepe
2847 5539 3017 5594 solent
3045 5539 3210 5609 aliqui
3241 5539 3575 5595 medicorum
3607 5556 3714 5595 un-

524 5654 548 5683 τι
574 5641 670 5697 llic
700 5646 895 5701 iterum
923 5645 1122 5715 aliquid
1145 5647 1312 5709 deest,
1344 5647 1481 5717 quod
1507 5647 1574 5702 ob
1601 5650 2022 5720 suprascriptum
2061 5663 2282 5704 causam
2313 5650 2643 5720 deperditum
2670 5659 2770 5706 est.
2810 5649 3015 5706 Eotrea
3055 5650 3421 5706 Coroneusxs.
