4002 6188
362 333 491 388 “Ol

1318 325 1671 381 COMMENT.
1712 326 1775 379 IN
1814 325 2252 383 IdAT'l‘llAZUM.
2298 359 2361 369 —-—
2398 331 2523 384 LIB.
2570 332 2714 414 Vlll.‘

3479 343 3610 396 “tl-2.

361 456 552 520 guenta
586 444 818 515 pretiosa
847 441 1124 497 similibus
1171 440 1354 495 herbis
1400 441 1723 495 adulterare.
1782 440 1934 493 Sicut
1963 447 2004 501 Α
2040 443 2368 497 miliaritale.
2424 444 2587 512 Cujus
2631 448 2705 500 rei
2752 463 2957 504 memor
2985 450 3271 518 Apostolus
3301 455 3375 507 ait
3410 473 3423 507 :
3467 456 3533 511 Et
3571 456 3616 511 si

359 540 699 614 pigmentarii
734 538 825 607 qui
863 536 1139 607 pigmenta
1167 534 1400 588 vendere
1439 534 1583 587 soliti
1621 542 1773 596 sunt,
1825 533 1933 587 fre-

359 638 586 702 quenter
638 627 1010 683 intermisceat
1061 624 1350 695 pigmentis
1398 624 1644 693 quaedam
1694 625 1935 694 germina

358 734 457 790 per
484 718 724 774 fraudem
745 757 760 781 ,
799 716 997 786 quibus
1030 714 1321 769 ementium
1355 714 1609 768 deludam
1636 724 1932 783 aspectum.

360 808 463 863 Sed
489 810 591 862 hoc
616 814 950 877 unguentum
979 820 1084 859 non
1110 803 1492 868 adulterinum,
1517 804 1611 857 sed
1638 803 1792 857 lidcle
1817 802 1936 867 fuit,

357 914 464 967 quo
494 898 659 951 Maria
689 896 904 950 Domini
935 896 1088 949 unxit
1117 902 1277 964 caput
1307 902 1361 949 et
1387 894 1569 963 pedes,
1612 910 1733 948 nam
1766 899 1939 955 πίστις

357 988 566 1053 Grmce,
593 988 791 1043 dicitur
811 987 974 1041 ﬁdes:
1000 986 1141 1039 unde
1160 985 1439 1039 derivatur
1457 987 1705 1041 πιστικόν.
1738 985 1940 1040 Ferunt

358 1091 539 1137 autem
576 1083 642 1136 de
678 1081 848 1135 nardo
876 1078 1182 1150 physiologi
1204 1118 1216 1141 ,
1268 1078 1395 1147 quia
1429 1077 1741 1147 principalis
1778 1078 1850 1132 sit
1885 1078 1938 1130 in
1970 1086 1973 1089 ‘

355 1171 676 1244 unguentis;
707 1172 849 1225 unde
879 1170 1071 1224 merito
1102 1168 1399 1222 inunctioni
1433 1168 1625 1237 capitis
1661 1176 1716 1221 et
1744 1168 1939 1236 pedum
2006 1218 2011 1231 ,

356 1266 534 1321 oblata
581 1274 685 1319 est.
744 1263 881 1317 Sunt
925 1262 1139 1332 quidem
1187 1260 1355 1313 multa
1400 1258 1515 1326 ejus
1564 1275 1793 1329 genera,
1846 1260 1940 1315 sed

356 1359 541 1413 omnia
581 1357 785 1421 herbae,
817 1364 1011 1425 praeter
1039 1353 1302 1416 Indicum,
1335 1353 1475 1421 quod
1516 1354 1804 1421 pretiosius
1836 1362 1936 1409 est.

357 1448 582 1520 Mystice
629 1456 808 1502 autem
849 1446 1061 1499 devotio
1102 1445 1217 1498 haec
1268 1444 1449 1498 Maria:
1500 1444 1730 1500 Domino
1776 1446 1939 1499 mini-

357 1541 608 1604 strantis,
628 1540 785 1594 ﬁdem
810 1554 872 1592 ac
893 1537 1033 1608 picta
1043 1544 1148 1590 tem
1174 1535 1424 1605 designat
1444 1535 1699 1591 Ecclesiae
1720 1546 1936 1602 sancte,

357 1646 479 1699 quae
512 1630 752 1699 loquitur
789 1628 843 1682 in
884 1628 1085 1681 amoris
1114 1624 1338 1681 Cantico
1379 1626 1599 1682 dicens:
1635 1627 1775 1682 Dum
1810 1639 1941 1683 esset

356 1736 450 1773 rea:
481 1720 533 1772 in
564 1718 804 1772 accubitu
837 1734 954 1781 suo,
996 1715 1191 1769 nardus
1228 1732 1340 1769 mea
1374 1716 1517 1769 dedit
1545 1716 1756 1771 odorem
1788 1733 1940 1771 suum

2040 548 2343 587 noveramus
2374 534 2557 587 Iesum
2601 536 2866 590 Christum
2907 542 3193 595 secundum
3232 560 3439 598 carnem
3465 586 3479 611 ,
3525 549 3616 601 scd

2039 639 2177 677 nunc
2200 625 2313 694 jam
2342 643 2444 680 non
2474 630 2708 683 novimus
2738 646 2855 683 eum
2888 630 2969 701 (11
3003 631 3124 685 Cor.
3152 632 3229 706 v).

2110 715 2321 771 Mittens
2351 720 2488 773 enim
2516 720 2626 773 ha'c
2655 732 2975 791 unguentum
3004 725 3101 778 hoc
3129 726 3183 778 in
3211 743 3396 797 corpus
3425 746 3615 794 meum,

2041 807 2108 861 ad
2154 810 2504 878 sepeliendum
2553 829 2635 865 me
2684 813 2826 881 fecit.
2881 813 3061 887 (ΗΑΒ.)
3110 815 3261 882 Quod
3292 832 3388 872 vos
3416 822 3619 889 putatis

2040 896 2393 963 perditionem
2426 914 2546 954 esse
2574 902 2861 971 unguenti,
2908 901 3145 959 ofﬁcium
3188 907 3474 974 sepulturae
3512 917 3615 964 cst.

2042 985 2150 1041 Nec
2175 989 2368 1041 mirum
2399 990 2442 1043 si
2476 991 2605 1044 mihi
2633 992 2834 1046 bonum
2862 993 3085 1047 odorem
3110 1009 3219 1048 sum
3244 996 3367 1049 ﬁdei
3390 998 3616 1064 dederit,

2041 1092 2165 1131 cum
2190 1093 2290 1147 ego
2316 1094 2417 1148 pro
2443 1096 2506 1134 ea
2536 1080 2756 1136 fusurus
2785 1083 2886 1137 sim
2918 1086 3233 1155 sanguinem
3264 1102 3462 1141 meum.

2110 1168 2276 1224 Amen
2302 1171 2419 1225 dico
2448 1173 2604 1237 vobis,
2637 1173 2929 1244 ubicunque
2962 1178 3305 1245 prwdicatum
3336 1179 3495 1247 fuerit
3525 1181 3623 1235 hoc

2042 1264 2383 1333 Evangelium
2413 1265 2466 1318 in
2496 1275 2603 1319 toto
2632 1266 2847 1333 mundo,
2879 1268 3085 1321 dicetur
3113 1279 3161 1322 et
3191 1271 3331 1340 quod
3360 1272 3470 1325 [nec
3500 1274 3621 1342 fecit

2041 1354 2095 1408 in
2121 1356 2425 1409 memoriam
2450 1357 2584 1425 ejus.
2622 1355 2740 1411 Non
2771 1367 2878 1411 tam
2909 1359 2964 1411 in
2996 1367 3106 1413 toto
3137 1360 3337 1427 mundo
3370 1362 3471 1414 ista
3505 1378 3623 1415 mu-

2041 1446 2171 1512 lier,
2227 1462 2390 1516 quam
2443 1448 2686 1504 Ecclesia
2742 1450 3099 1520 pnndicatur,
3154 1453 3297 1522 quod
3351 1455 3625 1523 sepelierit

2044 1536 2381 1593 Salvatorcm
2406 1580 2423 1603 ,
2475 1541 2618 1609 quod
2659 1542 2875 1596 unxerit
2914 1550 3077 1612 caput
3112 1542 3244 1612 ejus.
3311 1545 3377 1599 Et
3406 1551 3624 1602 attende

2042 1628 2291 1681 notitiam
2332 1626 2634 1683 futurorum
2656 1670 2671 1695 ,
2703 1630 2847 1699 quod
2882 1647 3143 1701 passurus
3172 1642 3294 1702 post
3320 1634 3539 1690 biduum
3569 1646 3626 1692 et

2046 1718 2357 1783 moriturus,
2392 1718 2528 1773 sciat
2557 1719 2901 1791 Evangelium
2955 1738 3112 1777 suum
3159 1732 3273 1778 toto
3313 1726 3444 1779 orbe
3489 1727 3623 1781 cele-

357 1808 537 1873 (Cant.
559 1808 621 1879 ι).
649 1806 776 1873 Qum
797 1807 1051 1859 nimirum
1071 1805 1233 1860 verba
1260 1812 1314 1865 et
1339 1806 1501 1865 scmel
1523 1804 1677 1879 juxta
1705 1806 1939 1866 litteram
1969 1795 2014 1858 B
2042 1807 2326 1865 brandum.
2364 1808 2667 1864 Notandum
2695 1823 2825 1865 vero
2855 1812 2997 1881 quod
3026 1814 3167 1867 sicut
3197 1813 3364 1867 Maria
3396 1815 3623 1885 gloriam

358 1898 611 1951 manilius
643 1897 821 1947 Mariae
864 1902 1187 1972 complerit,
1232 1911 1287 1955 et
1323 1901 1561 1969 quotidie
1600 1902 1652 1954 in
1689 1901 1940 1955 omnibus

354 1988 473 2048 suis
504 1994 761 2049 membris
798 1993 1113 2063 spiritaliter
1145 1993 1366 2062 implere
1394 2007 1501 2047 non
1544 1993 1771 2058 desinit;
1821 2009 1940 2062 qua:

356 2094 480 2139 toto
506 2084 696 2140 diﬂ‘usa
736 2087 866 2140 orbe
909 2085 1223 2156 gloriantur,
1266 2094 1322 2138 et
1362 2084 1583 2139 dicunt:
1621 2084 1731 2139 Deo
1768 2095 1940 2139 autem

352 2176 559 2242 gratias
589 2175 679 2244 qui
709 2190 910 2244 semper
945 2173 1229 2243 triumphat
1271 2190 1363 2227 nos
1394 2175 1448 2228 in
1476 2171 1682 2229 Christo
1712 2174 1864 2239 Iesu,
1892 2184 1941 2229 et

354 2264 572 2317 odorem
606 2265 803 2317 notitia:
832 2278 943 2317 sua:
972 2262 1273 2332 manifestat
1309 2281 1402 2333 per
1428 2281 1519 2318 nos
1552 2266 1605 2318 in
1634 2267 1776 2318 omni
1805 2264 1938 2332 loco,

350 2354 481 2423 quia
511 2351 706 2408 Christi
732 2353 897 2407 bonus
926 2353 1059 2407 odor
1085 2369 1266 2407 sumus
1291 2352 1514 2426 Deo‘(ll
1540 2350 1663 2407 Cor.
1689 2355 1771 2421 ιι).
1813 2352 1944 2419 Quae

353 2459 481 2497 cum
513 2444 809 2512 potentiam
858 2442 1052 2496 divinae
1097 2442 1313 2495 virtutis
1360 2440 1498 2508 ejus,
1546 2456 1665 2510 qum
1713 2440 1785 2493 illi
1837 2454 1941 2493 una

346 2551 481 2590 cum
506 2535 666 2588 Patre
694 2542 777 2589 est
801 2533 963 2604 digna
992 2532 1295 2587 reverentia
1319 2530 1628 2597 conﬁtetur,
1657 2531 1861 2596 laudat,
1889 2537 1944 2584 et

342 2627 658 2698 praedicat,
710 2633 871 2695 caput
920 2623 1166 2695 profecto
1209 2624 1352 2678 illius
1396 2632 1671 2694 unguento
1706 2623 1944 2693 pretioso

349 2717 657 2789 perfundit.
691 2716 825 2772 Cum
846 2730 976 2771 vero
1001 2721 1286 2801 assqmptae
1311 2714 1567 2787 mysteria
1594 2713 1944 2768 humanitatis

350 2823 515 2879 aeque
548 2808 708 2879 digna
738 2806 1045 2862 reverentia
1079 2806 1328 2877 suscipit,
1356 2806 1412 2860 in
1438 2806 1603 2876 pedes
1630 2806 1815 2876 utique
1841 2804 1944 2859 Do-

350 2900 528 2966 mini,
569 2908 907 2971 unguentum
936 2899 1091 2954 nardi
1121 2899 1406 2970 pisticum,
1449 2899 1503 2954 id
1541 2907 1656 2964 est,
1692 2897 1849 2954 ﬁdele
1880 2914 1946 2953 ac

349 3010 551 3049 rerum
579 2993 897 3064 profundit:
940 2992 1064 3063 quia
1097 2992 1242 3046 illam
1271 2992 1390 3063 ejus
1422 2999 1671 3046 naturam
1701 3006 1807 3062 qua
1840 2999 1948 3045 ter-

342 3100 479 3139 ram
511 3085 856 3154 contingere,
903 3083 1007 3137 hoc
1053 3090 1138 3137 est
1185 3081 1327 3136 inter
1359 3082 1607 3136 homines
1631 3080 1945 3137 conversari

348 3179 616 3249 digna/tus
639 3141 740 3242 esi,
762 3177 849 3247 pia
876 3176 1262 3246 prtedicatione
1288 3175 1629 3231 commendat
1653 3190 1717 3230 ac
1740 3173 1948 3229 devotis
1973 3141 2019 3202 Ο

353 3278 660 3326 veneratur
685 3268 979 3338 obsequiis.

450 3361 690 3416 Videntes
722 3371 897 3415 autem
936 3359 1182 3430 discipuli
1220 3361 1478 3430 indignati
1519 3370 1641 3414 sunt
1678 3361 1903 3415 dicentes
1928 3380 1946 3413 :

352 3458 428 3513 Ut
463 3457 592 3526 quid
621 3454 841 3525 perditio
869 3453 1025 3508 haec?
1057 3450 1239 3506 Potuit
1267 3453 1404 3506 enim
1444 3451 1730 3505 uenundari
1761 3451 1944 3516 multo,

344 3559 401 3603 et
422 3547 558 3600 ’dari
585 3544 896 3616 pauperibus
921 3542 1102 3615 (Joan.
1131 3541 1252 3616 χιι).
1290 3540 1474 3614 [Aug]
1502 3541 1784 3598 Matthmus
1810 3542 1944 3610 hinc,

346 3636 637 3708 quomodo
685 3643 739 3689 et
786 3633 996 3689 Marcus
1034 3633 1462 3705 synecdochizal;
1508 3632 1771 3703 loquitur,
1825 3634 1946 3703 plu-

344 3727 533 3783 ralem
558 3724 807 3780 videlicet
836 3739 1117 3779 numerum
1145 3738 1242 3794 pro
1268 3721 1530 3791 singulari
1554 3737 1782 3791 ponens.
1814 3722 1947 3777 Nam

338 3819 625 3874 Joannem
656 3817 965 3871 distinctius
1011 3815 1255 3885 loquens,
1307 3813 1499 3868 Judam
1545 3815 1661 3868 hate
1707 3814 1948 3869 locutum

341 3922 486 3965 esse
520 3914 771 3971 testatur,
800 3914 855 3960 et
885 3907 989 3960 hoc
1018 3903 1189 3975 gratia
1220 3903 1554 3973 cupiditatis,
1590 3918 1655 3958 eo
1690 3905 1832 3973 quod
1863 3903 1950 3958 fur

344 4003 588 4066 fuisset,
624 4010 680 4055 et
708 3999 912 4054 loculos
942 3998 1166 4061 habens,
1196 4012 1259 4052 ea
1286 4011 1405 4067 qua:
1437 3996 1790 4052 mittebantur
1817 4011 1946 4066 por-

343 4099 528 4148 taret.
567 4089 751 4145 Potest
782 4089 943 4143 etiam
973 4087 1197 4158 intelligi
1225 4086 1367 4157 quod
1394 4093 1448 4140 et
1472 4085 1562 4140 alii
1589 4085 1833 4157 discipuli
1858 4094 1949 4141 aut

343 4182 640 4239 senserint
661 4163 786 4247 hoc,
809 4188 902 4234 aut
926 4179 1182 4244 dixerint,
1209 4186 1302 4231 aut
1328 4177 1407 4232 eis
1429 4176 1566 4232 Juda
1595 4178 1806 4233 dicente
1829 4194 1951 4249 per-

342 4290 588 4333 suasum
620 4274 710 4338 sit,
744 4281 906 4343 atque
934 4273 1172 4327 omnium
1204 4272 1536 4328 voluntatem
1576 4272 1858 4329 Matthteus
1897 4282 1953 4330 et

342 4368 588 4422 Marcus
615 4363 777 4418 etiam
807 4363 987 4419 verbis
1016 4362 1402 4433 expresserint.
1464 4362 1567 4418 Sed
1617 4361 1783 4418 Judas
1826 4379 1952 4433 pro-

339 4469 556 4532 pterea
598 4457 794 4512 dixerit
829 4458 953 4528 quia
988 4455 1076 4511 fur
1115 4467 1271 4523 erat;
1330 4456 1513 4512 cmteri
1559 4472 1689 4512 vero
1734 4442 1952 4527 propter

340 4562 671 4624 pauperum
700 4562 923 4611 curam,
976 4545 1241 4602 Joannem
1290 4555 1467 4601 autem
1501 4547 1566 4601 de
1597 4545 1710 4601 solo
1760 4546 1850 4600 illo
1898 4546 1951 4602 id

341 4655 800 4699 commemorare
826 4640 1062 4695 voluisse
1081 4681 1094 4705 ,
1129 4638 1282 4708 cujus
1310 4655 1376 4694 ex
1412 4641 1515 4695 hac
1544 4639 1829 4695 occasione
1863 4639 1949 4694 fu-

340 4732 528 4790 randi
561 4730 1000 4785 consuetudinem
1029 4729 1258 4785 credidit
1285 4730 1654 4786 intimandam.

431 4823 631 4879 Sciens
679 4828 851 4875 autem
898 4820 1076 4885 Jesus,
1126 4822 1198 4874 ait
1232 4820 1377 4874 illis:
1409 4818 1549 4886 Quid
1592 4820 1792 4876 molesti
1830 4824 1951 4879 estis

342 4913 492 4967 huic
540 4907 795 4963 mulieri?
830 4906 973 4978 Opus
1012 4907 1202 4961 bonum
1244 4919 1455 4978 aperata
1483 4920 1554 4962 est
1583 4910 1637 4962 in
1666 4927 1763 4963 me.
1811 4909 1950 4964 Nam

343 5014 577 5070 semper
602 5014 855 5067 pauperes
884 4997 1134 5051 habebitis
1162 4998 1419 5052 vobiscum
1444 5040 1459 5063 ,
1509 5016 1591 5053 me
1636 5010 1808 5054 autem
1853 5019 1957 5055 non

342 5104 578 5161 semper
603 5088 879 5142 habebitis.
938 5087 1210 5161 (Ilieron.)
1259 5088 1377 5143 Alia
1425 5090 1671 5145 oboritur
1710 5080 1956 5161 quaaslio,

345 5191 550 5252 quare
577 5175 736 5231 Iesus
767 5185 889 5247 post
925 5178 1379 5233 resurrectionem
1429 5179 1627 5233 dixerit
1678 5180 1746 5234 ad
1794 5181 1955 5235 discis

346 5271 573 5342 pulos:
611 5265 722 5336 Ego
752 5266 1010 5322 vobiscum
1050 5283 1166 5320 sum
1211 5267 1445 5321 omnibus
1486 5268 1666 5323 diebus
1693 5286 1854 5340 usque
1889 5270 1959 5323 ad

348 5357 873 5414 consummationem
909 5357 1091 5410 mundi
1119 5356 1333 5428 (Matth.
1368 5356 1559 5429 xxvm)
1579 5398 1593 5423 ,
1629 5365 1684 5411 et
1712 5374 1853 5413 nunc
1882 5358 1959 5413 lo-

350 5460 614 5516 quatur:
650 5447 738 5502 He
767 5457 942 5501 autem
985 5464 1086 5502 non
1125 5463 1325 5517 semper
1350 5446 1622 5501 habebitis.
1681 5445 1789 5501 Sed
1828 5445 1959 5503 mihi

346 5539 595 5596 videtur
630 5538 687 5594 in
726 5539 829 5593 hoe
859 5538 978 5593 loco
1018 5540 1083 5591 de
1124 5537 1412 5607 prmsentia
1440 5536 1624 5592 dicere
1658 5538 1956 5606 corporali,

344 5630 521 5703 quod
555 5645 892 5701 nequaquam
926 5645 1047 5684 cum
1079 5630 1159 5684 eis
1188 5630 1261 5683 ita
1292 5629 1506 5683 futurus
1529 5629 1601 5682 sit
1629 5638 1750 5698 post
1780 5645 1959 5684 resur-

345 5723 678 5782 rectionem
698 5762 711 5787 ,
755 5722 1020 5791 quomodo
1054 5736 1214 5787 nunc,
1260 5720 1311 5773 in
1341 5719 1487 5774 omni
1518 5719 1765 5772 convictu
1796 5730 1847 5774 et
1876 5720 1954 5774 fa-

2040 1898 2232 1968 adcpta
2263 1907 2348 1953 est
2378 1906 2491 1954 toto
2517 1900 2648 1954 orbe
2678 1914 3003 1970 quacunque
3032 1900 3274 1957 Ecclesia
3305 1916 3491 1959 sancta
3524 1907 3627 1961 dif-

2040 1988 2158 2043 fusa
2202 1997 2320 2054 est,
2364 1989 2431 2043 de
2468 1988 2729 2060 obsequio
2758 1990 2900 2060 quod
2929 1991 3159 2047 Domino
3187 1994 3289 2063 piae
3324 1996 3625 2053 devotionis

2040 2080 2323 2145 exhibuit,
2372 2082 2446 2134 ita
2474 2095 2504 2133 e
2535 2080 2808 2135 contrario
2838 2080 2926 2135 ille
2955 2083 3045 2150 qui
3075 2083 3334 2152 obsequio
3373 2087 3489 2153 ejus
3527 2088 3623 2142 de-

2043 2170 2257 2224 trahere
2285 2171 2575 2225 temeraria
2613 2169 2795 2240 lingua
2824 2184 2933 2225 non
2969 2171 3179 2238 timuit,
3227 2173 3462 2241 perﬁdiae
3497 2187 3623 2232 nota

2041 2258 2198 2328 longe
2224 2259 2438 2327 lateque
2465 2258 2775 2324 infamatus,
2803 2270 2857 2315 et
2884 2260 2995 2316 Deo
3022 2261 3370 2333 simulatque
3400 2266 3627 2321 homini-

2041 2348 2142 2403 bus
2172 2350 2366 2403 merito
2396 2348 2572 2404 factus
2603 2358 2687 2404 est
2715 2366 2935 2408 exosus.
2974 2351 3082 2408 Sed
3113 2354 3373 2411 Dominus
3402 2358 3620 2429 bonum,

2042 2438 2199 2493 laude
2227 2439 2387 2509 digna
2415 2454 2791 2508 remunerans,
2828 2442 2982 2513 impii
3011 2445 3365 2501 contumelias
3394 2452 3623 2505 tacendo

2041 2530 2321 2598 prteteriit.

2116 2619 2250 2694 [ιιι]
2286 2620 2433 2675 Tunc
2458 2623 2586 2677 abiit
2618 2639 2753 2677 unus
2783 2624 2847 2678 de
2872 2624 3149 2681 duodecim
3178 2630 3268 2699 qui
3297 2629 3491 2684 dicitur
3517 2631 3622 2686 Ju-

2043 2713 2140 2767 das
2176 2712 2423 2769 Scarioth
2464 2714 2533 2768 ad
2577 2716 2834 2787 principes
2869 2718 3222 2787 sacerdotum,
3270 2731 3319 2776 et
3364 2724 3437 2777 ait
3478 2724 3624 2779 illis:

2047 2804 2188 2871 Quid
2217 2806 2374 2861 uultis
2404 2806 2534 2861 mihi
2565 2807 2715 2875 dare,
2746 2818 2795 2863 et
2827 2826 2921 2880 ego
2948 2810 3091 2865 vobis
3122 2829 3237 2867 eum
3266 2814 3520 2870 tradam?
3558 2823 3625 2870 At

2044 2896 2125 2951 illi
2153 2899 2530 2953 constituerunt
2559 2901 2608 2954 ei
2635 2901 2851 2971 triginta
2879 2912 3168 2972 argenteos.
3204 2904 3331 2960 Haec
3358 2910 3626 2963 sententia

2047 2988 2115 3042 ad
2150 2987 2296 3042 illam
2317 2986 2593 3061 iungenda
2619 2998 2704 3044 est
2730 2990 2820 3046 ubi
2850 2993 3099 3062 superius
3130 2995 3411 3050 consilium
3444 3013 3625 3054 sacer-

2051 3082 2237 3138 dotum
2271 3083 2338 3139 de
2375 3082 2749 3139 interfectione
2773 3084 2976 3141 Christi
3007 3088 3206 3163 retulit.
3243 3088 3469 3156 Quando
3499 3106 3625 3162 ergo

2049 3171 2320 3242 principes
2359 3174 2697 3228 sacerdotum
2737 3174 3022 3230 consilium
3055 3176 3323 3243 inierunt,
3357 3186 3415 3233 ut
3441 3178 3627 3234 Iesum

2049 3262 2173 3318 dolo
2203 3270 2451 3318 tenerent
2478 3272 2533 3320 et
2560 3264 2899 3331 occiderent,
2931 3275 3055 3319 tunc
3084 3266 3212 3321 abiit
3240 3284 3376 3322 unus
3405 3270 3469 3324 de
3498 3271 3628 3324 duo-

2048 3353 2237 3419 decim,
2266 3354 2356 3424 qui
2388 3354 2583 3409 dicitur
2608 3353 2778 3410 ludas
2813 3355 3088 3422 Scarioth,
3138 3358 3207 3411 ad
3247 3360 3508 3430 principes
3542 3378 3629 3415 sa-

2049 3443 2335 3507 cerdotum,
2377 3452 2425 3496 et
2455 3444 2529 3496 ait
2565 3443 2709 3498 illis:
2742 3443 2881 3510 Quid
2912 3443 3066 3499 vultis
3097 3446 3224 3500 mihi
3252 3447 3415 3514 dare,
3455 3459 3501 3503 et
3536 3467 3627 3521 ego

2049 3530 2189 3585 vobis
2227 3549 2346 3586 eum
2382 3534 2632 3587 tradam?
2663 3542 2767 3589 etc.
2823 3533 3006 3608 (ΗΑΒ.)
3051 3535 3205 3603 Quod
3240 3547 3417 3592 autem
3451 3539 3626 3593 dixit:

2047 3621 2194 3676 Abiit
2222 3623 2290 3676 ad
2319 3638 2559 3677 summos
2599 3625 2909 3679 sacerdotes
2955 3634 3012 3678 ut
3056 3627 3308 3695 proderet
3338 3643 3461 3682 eum
3498 3630 3625 3690 illis,

2048 3713 2286 3767 ostendit
2312 3728 2436 3767 eum
2466 3728 2573 3767 non
2603 3730 2633 3767 a
2662 3714 2996 3784 principibus
3025 3716 3340 3783 invitatum,
3381 3734 3487 3774 non
3519 3722 3627 3775 ulla

2048 3803 2371 3859 necessitate
2410 3804 2793 3870 constrictum,
2842 3806 2938 3861 sed
2979 3816 3169 3877 sponte
3203 3812 3423 3880 propria
3462 3813 3630 3867 scele-

2050 3904 2180 3949 ratte
2204 3896 2400 3951 mentis
2426 3895 2590 3952 inisse
2615 3897 2921 3952 consilium.
2958 3898 3227 3971 (Ηὶενοη.)
3254 3901 3440 3957 Infelix
3464 3902 3631 3961 .ludas

2051 3987 2343 4053 damnum,
2397 3990 2541 4060 quod
2593 4004 2662 4044 ex
2710 3987 2973 4046 effusione
3020 3993 3275 4063 unguenti
3329 3997 3624 4053 accessi-sse

2051 4078 2342 4146 credebat,
2393 4079 2508 4135 vult
2557 4080 2801 4152 magistri
2853 4082 3030 4152 pretio
3081 4097 3452 4155 compensare.
3516 4087 3630 4144 Nec

2051 4178 2253 4225 certam
2291 4170 2529 4241 postulat
2558 4187 2823 4226 summam
2861 4180 2920 4226 ut
2953 4171 3145 4228 saltem
3186 4174 3337 4231 lucro
3367 4179 3626 4235 suadere-

2052 4270 2143 4316 tur
2173 4262 2430 4332 proditio,
2470 4262 2564 4318 sed
2614 4263 2767 4333 quasi
2804 4262 2909 4318 vile
2950 4265 3166 4321 tradens
3202 4269 3531 4338 mancipium
3572 4272 3627 4327 in

2051 4361 2320 4423 potestate
2365 4354 2657 4408 ementium
2707 4354 2887 4423 posuit
2934 4364 3194 4424 quantum
3229 4358 3428 4414 vellent
3476 4361 3626 4417 dare.

2057 4443 2161 4509 Qui
2183 4444 2557 4498 constituerunt
2582 4445 2628 4497 ei
2655 4444 2869 4515 triginta
2894 4454 3180 4515 argenteos.
3217 4446 3414 4517 Ioseph
3443 4465 3545 4505 non
3573 4460 3631 4505 ut

2060 4534 2210 4589 multi
2239 4542 2460 4604 putant,
2493 4534 2647 4603 juxta
2680 4533 3029 4606 Septuaginta
3060 4537 3408 4609 interpretes,
3442 4543 3630 4614 viginti

2058 4627 2238 4681 aureis
2264 4627 2511 4681 venditus
2540 4635 2653 4692 est,
2687 4626 2780 4681 sed
2811 4626 2967 4696 juxta
2997 4626 3314 4685 llebraicam
3348 4634 3628 4689 veritatem

2056 4715 2245 4787 viginti
2272 4718 2566 4786 argenteis;
2596 4731 2770 4785 neque
2792 4716 2936 4771 enim
2966 4727 3178 4787 poterat
3207 4722 3493 4789 pretiosior
3521 4740 3634 4779 scr-

2056 4821 2155 4860 vus
2179 4819 2298 4860 esse
2324 4820 2485 4873 quam
2512 4805 2791 4859 Dominus.
3658 4808 3663 4817 '

2112 4896 2309 4951 Exinde
2328 4895 3039 4965 qumrebatOpportunilatcm
3068 4906 3123 4950 ut
3142 4916 3258 4952 eum
3281 4901 3507 4954 traderet
3536 4904 3629 4955 eis.

2065 4973 2289 5057 (ΜΑυιιζ)
2319 4984 2471 5040 Hunc
2509 4984 2684 5038 locum
2722 4984 3061 5042 manifestius
3097 4987 3271 5042 Lucas
3305 4989 3628 5059 evangelista

2064 5078 2319 5132 disseruit
2348 5076 2531 5130 dicens
2555 5090 2568 5127 :
2593 5074 2663 5128 Et
2687 5078 2951 5146 quwrebat
2978 5078 3410 5147 opportunitatem
3441 5090 3495 5133 ut
3523 5090 3631 5137 tra-
3690 5092 3699 5097 ‘

2063 5168 2203 5222 deret
2248 5156 2398 5219 illum
2439 5166 2551 5219 sine
2593 5166 2757 5220 turbis
2786 5164 2935 5237 (Luc.
2967 5165 3123 5237 ml).
3184 5166 3297 5222 Hoc
3339 5169 3483 5224 enim
3533 5169 3635 5228 fuit

2003 5261 2022 5280 '
2063 5257 2436 5328 opportunitas
2462 5255 2611 5311 .ludze
2639 5271 2799 5324 quam
2831 5256 3123 5325 quaerebat,
3155 5269 3215 5311 ut
3247 5259 3484 5315 traderet
3517 5277 3635 5316 ma-

2062 5349 2286 5419 gistrum
2312 5387 2326 5411 ,
2372 5346 2516 5415 quod
2556 5344 2656 5399 fuit
2690 5345 2853 5399 timor
2879 5345 3220 5400 sacerdotum
3266 5363 3333 5402 ne
3371 5350 3633 5407 tumultus

2061 5440 2215 5494 ﬁeret
2262 5440 2316 5493 in
2358 5436 2575 5509 pepulo.
2634 5436 2811 5506 Ipsum
2857 5452 2988 5507 ergo
3032 5438 3433 5494 meditabantur
3473 5442 3631 5496 simul

2060 5529 2303 5584 venditor
2343 5536 2397 5584 et
2431 5537 2704 5597 emptores
2728 5566 2743 5590 ,
2796 5540 2862 5579 ne
2911 5526 3264 5596 impediretur
3293 5527 3629 5583 fraudulenta

2061 5622 2222 5677 factio
2253 5637 2436 5677 eorum
2466 5636 2563 5692 per
2588 5621 2843 5689 impetum
2873 5618 3073 5687 pepuli,
3106 5635 3173 5674 ne
3200 5635 3296 5688 per
3321 5620 3430 5675 vim
3460 5621 3633 5690 eripe-

2060 5723 2207 5769 retur
2246 5713 2404 5768 Jesus
2445 5716 2509 5767 de
2554 5711 2799 5766 manibus
2828 5723 3033 5763 eurum.
3093 5708 3241 5764 Multi
3294 5724 3421 5781 ergo
3474 5710 3630 5767 l.oJic

1980 4497 2031 4556 D
