3998 6188
388 305 525 361 1103

1026 306 1087 361 Β.
1128 305 1379 359 RABANI
1420 302 1634 359 MAUlil
1674 301 1988 357 ARClllEP.
2034 300 2340 357 MOGUNT.
2384 301 2667 358 OPERUM
2705 302 2883 357 PARS
2919 303 2959 357 l.

3510 307 3642 362 “(Si

382 424 529 479 Judm
554 422 750 485 scelus,
776 423 916 490 quod
939 421 1219 474 Domimun
1248 435 1310 472 ac
1333 419 1646 487 magistrum
1674 417 1948 483 Deumque
1977 416 2024 474 Α
2053 413 2432 468 insinuandum
2456 412 2695 482 jubentis
2722 415 3047 469 sententiam
3075 414 3325 471 sufﬁcere
3346 417 3643 475 videretur.

380 531 535 570 suum
567 513 790 585 pecunia
844 511 1185 577 vendiderit,
1238 511 1385 565 velut
1419 511 1655 564 immane
1702 517 1755 562 et
1800 502 1952 561 nefa-

381 606 519 660 rium
549 604 841 658 exhorrcnt
868 644 882 668 ,
929 616 1031 657 nec
1061 611 1239 657 tamen
1268 608 1480 656 cavent.
1539 599 1674 653 Nam
1706 613 1826 653 cum
1857 612 1955 666 pro

380 697 695 751 muneribus
744 694 939 750 falsum
991 704 1177 750 contra
1235 694 1530 763 quemlibet
1583 691 1950 746 testimonium

378 788 581 852 dicunt,
611 786 852 857 profecto
879 786 1005 857 quia
1035 787 1319 842 veritatem
1352 800 1448 853 pro
1478 783 1702 852 pecunia
1736 788 1952 851 negant,

380 880 547 933 Deum
576 878 805 949 pecunia
842 878 1101 933 vendunt.
1155 877 1273 947 Ipse
1301 876 1444 928 enim
1476 873 1611 927 dixit
1641 890 1677 945 :_
1692 872 1804 942 Ego
1839 887 1953 924 sum

377 971 583 1025 rei-itas.
630 969 764 1026 Cum
795 970 1110 1025 societatem
1141 968 1502 1023 fraternitatis
1539 966 1718 1037 aliqua
1748 966 1954 1021 discor-

376 1060 477 1115 diae
504 1068 656 1131 peste
682 1058 1108 1124 commaculant,
1152 1058 1321 1111 Deum
1350 1058 1610 1127 produnt,
1655 1055 1780 1126 quia
1815 1055 1951 1108 Deus

375 1151 605 1204 charitas
639 1158 734 1203 est.
789 1148 890 1216 Qui
935 1164 1063 1219 ergo
1108 1148 1394 1204 charitatis
1447 1156 1501 1203 et
1543 1148 1789 1203 veritatis
1829 1146 1951 1215 jura

375 1249 661 1311 spernunt,
693 1240 861 1295 Deum
894 1242 1111 1309 utique,
1143 1240 1232 1310 qui
1265 1249 1348 1295 est
1379 1240 1615 1294 charitas
1648 1251 1702 1293 et
1729 1240 1950 1302 veritas,

375 1333 640 1402 produnt:
665 1332 900 1387 maxime
923 1348 1046 1388 eum
1074 1348 1180 1385 non
1206 1330 1518 1386 inﬁrmitate
1538 1331 1622 1386 vel
1647 1331 1950 1403 ignorantia

376 1429 631 1491 peccant,
674 1422 768 1479 sed
800 1422 852 1476 in
883 1423 1232 1478 similitudine
1261 1421 1412 1478 Judae
1445 1432 1961 1494 quzeruntopporlu-

374 1513 598 1568 nitatem
632 1512 865 1582 qualiter
893 1512 1112 1568 arbitris
1153 1513 1466 1568 absentibus
1501 1514 1781 1569 mendacio
1811 1515 1950 1568 veri-

372 1611 564 1670 tatem,
592 1604 866 1670 virtutem,
897 1604 1124 1659 crimine
1154 1613 1379 1659 mutent.

444 1694 630 1750 Prima
661 1707 835 1750 autem
873 1696 957 1751 die
996 1713 1300 1767 azymorum
1341 1706 1668 1751 accesserunt
1707 1696 1949 1767 discipuli

2059 504 2240 574 (ΗΑΒ.)
2277 504 2534 560 Consulto
2575 515 2755 559 autem
2799 505 2912 559 sive
2952 521 3105 574 aqua:
3152 507 3316 577 hajnli
3353 509 3520 579 (quod
3554 513 3652 566 alii

2056 598 2401 668 evangelista:
2431 598 2698 668 inserunt)
2735 613 2831 653 seu
2861 599 3066 653 domini
3095 600 3290 655 domus
3333 611 3461 656 sunt
3503 619 3657 673 prte—

2058 690 2313 744 termissa
2343 688 2626 752 vocabula,
2670 698 2729 743 ut
2765 690 3019 744 omnibus
3046 704 3237 744 verum
3266 693 3470 760 pascha
3500 692 3650 747 cele-

2056 782 2214 836 brare
2242 781 2568 845 volentibus,
2597 782 2700 835 hoc
2729 789 2812 836 est
2834 781 3035 835 Christi
3066 783 3423 837 sacramentis
3452 784 3647 849 imbui,

2055 888 2285 941 eumque
2314 888 2424 927 sum
2455 872 2651 926 mentis
2681 872 2915 942 hospitio
2959 872 3237 941 suscipere
3272 872 3647 941 quterentibus

2055 963 2229 1018 danda
2259 963 2487 1019 facultas
2517 964 2849 1033 designetur.

2125 1054 2193 1107 Et
2223 1054 2454 1124 fecerunt
2482 1053 2725 1123 discipuli
2766 1055 2900 1107 sicut
2928 1055 3194 1109 constituit
3235 1055 3341 1109 illis
3370 1055 3558 1122 Iesus,
3594 1064 3649 1113 et

2052 1157 2368 1217 paraverunt
2404 1147 2619 1216 pascha.
2670 1146 2939 1219 (llieron.)
2965 1146 3024 1202 ln
3055 1149 3162 1202 alio
3190 1149 3475 1219 evangelio
3502 1151 3646 1206 scri-

2052 1247 2205 1307 ptum
2253 1247 2373 1302 cst,
2433 1239 2581 1309 quod
2629 1238 2938 1294 invenerint
2991 1241 3331 1295 cmnaculum
3388 1258 3647 1313 magnum

2053 1336 2281 1382 stratum
2308 1336 2471 1398 atque
2503 1328 2843 1393 mundatutn,
2872 1337 2927 1383 et
2957 1328 3028 1383 ibi
3056 1341 3389 1399 paraverunt
3413 1332 3486 1386 ei.
3525 1332 3650 1387 Cm-

2052 1416 2305 1472 naculum
2334 1432 2588 1487 magnum
2616 1416 2701 1471 lex
2731 1418 2988 1486 spiritalis
3016 1428 3121 1485 est,
3147 1436 3266 1489 quae
3291 1422 3356 1475 de
3382 1423 3647 1494 angustiis

2052 1508 2247 1564 litterae
2276 1508 2560 1579 egrediens
2590 1509 2644 1563 in
2675 1509 2888 1565 sublimi
2922 1510 3039 1566 loco
3067 1514 3257 1583 recipit
3284 1514 3641 1571 Salvatorem.

2052 1597 2186 1653 Nam
2219 1600 2311 1667 qui
2342 1599 2517 1653 adhuc
2544 1600 2881 1655 occidentem
2913 1601 3147 1657 litteram
3189 1608 3517 1673 servaverit,
3548 1610 3643 1677 qui

2051 1703 2157 1742 non
2187 1686 2330 1741 aliud
2364 1688 2418 1742 in
2453 1704 2583 1758 agro
2612 1704 2771 1758 quam
2815 1705 2980 1759 pecus
3018 1691 3377 1759 intellexerit,
3424 1695 3525 1750 iste
3561 1696 3645 1749 ni-

371 1784 439 1838 ad
466 1785 647 1839 Jesum
682 1787 947 1840 dicentes:
996 1784 1094 1839 Ubi
1142 1787 1211 1839 vis
1259 1804 1501 1857 paremus
1541 1788 1640 1841 tibi
1684 1789 1949 1843 comedere

2059 1780 2251 1834 mirum
2288 1780 2341 1834 in
2373 1780 2495 1835 imis
2523 1783 2723 1851 pascha
2756 1781 2914 1849 facit,
2952 1784 3078 1853 quia
3113 1787 3453 1856 majestatem
3485 1788 3645 1858 spiri-

373 1876 607 1944 pascha?
628 1874 867 1930 Primum
895 1876 1036 1931 diem
1065 1894 1376 1947 azymorum
1399 1888 1652 1949 quartum
1680 1881 1949 1935 decimum

369 1966 531 2035 primi
562 1966 764 2023 mensis
792 1966 1048 2037 appellat,
1079 1967 1294 2034 quando
1320 1966 1588 2024 fermento
1613 1968 1823 2038 abjecto
1850 1972 1950 2025 im-

369 2059 592 2126 molare,
617 2059 669 2115 id
693 2068 777 2117 est
798 2074 995 2129 agnum
1015 2060 1265 2115 occidere
1288 2060 1532 2115 solebant
1555 2062 1622 2115 ad
1645 2077 1946 2132 vesperam.

369 2152 520 2219 Quod
541 2166 817 2221 exponens
836 2150 1124 2222 Apostolus
1145 2153 1249 2207 ait:
1270 2152 1475 2207 Etenim
1497 2155 1689 2224 pascha
1715 2165 1950 2210 nostrum

366 2241 666 2297 immolatus
695 2252 770 2298 est
799 2241 1036 2298 Christus
1070 2243 1155 2317 (II
1187 2242 1310 2300 Cor.
1342 2245 1417 2317 v).
1465 2245 1566 2313 Qui
1596 2246 1721 2301 licet
1749 2247 1839 2303 die
1866 2263 1951 2303 se-

371 2332 587 2401 quenti,
628 2332 733 2387 hoc
762 2342 845 2388 est
865 2373 879 2399 ,
915 2333 1123 2388 decima
1154 2334 1341 2404 quinta
1378 2336 1449 2390 sit
1480 2335 1603 2390 luna
1633 2336 1948 2403 cruciﬁxus,

366 2427 469 2480 hac
495 2433 672 2481 tamen
695 2432 854 2482 nocte
877 2441 984 2497 qua
1006 2442 1178 2499 agnus
1203 2427 1605 2496 immolabatur,
1630 2431 1809 2485 carnis
1832 2447 1951 2485 san-

367 2515 652 2587 guinisque
672 2517 754 2572 sui
779 2516 1056 2587 discipulis
1081 2518 1298 2573 tradidit
1323 2520 1580 2591 mysteria
1603 2520 1945 2588 celebranda,

368 2616 423 2661 et
458 2622 489 2661 a
517 2606 716 2663 Judaeis
739 2600 934 2663 tentus
973 2622 1038 2664 ac
1073 2608 1291 2678 ligatus,
1331 2609 1502 2680 ipsius
1544 2611 1944 2679 immolationis,

369 2700 420 2754 id
462 2707 580 2767 est,
630 2699 897 2772 passionis
938 2715 1048 2756 sum
1090 2700 1326 2756 sacravit
1354 2702 1669 2757 exordium:
1707 2700 1830 2769 Ubi,
1862 2703 1948 2758 in-

368 2795 591 2864 quiunt,
623 2795 697 2849 vis
726 2810 967 2865 paremus
1000 2793 1092 2848 tibi
1123 2794 1390 2848 comedere
1418 2795 1655 2865 pascha?
1694 2794 1796 2850 hoe
1829 2804 1943 2862 est,

369 2901 475 2941 non
506 2886 768 2942 habemus
796 2879 1126 2941 domicilium
1146 2927 1159 2951 ,
1200 2900 1308 2940 non
1337 2886 1597 2941 habemus
1629 2887 1949 2942 tabernacu-

367 2977 498 3032 lum.
546 2976 782 3032 Audiant
809 2976 1004 3046 quibus
1035 2976 1473 3032 mdiﬁcandarum
1507 2977 1786 3033 domorum
1818 2993 1949 3034 cura

367 3077 470 3135 est,
497 3076 551 3123 et
577 3067 983 3124 ambitiosarum
1011 3068 1315 3140 porticuum
1347 3069 1613 3140 cogitatur
1642 3070 1942 3126 instructio.

371 3161 518 3229 Quos
566 3159 928 3230 pretiosorum
978 3174 1313 3215 marmorum
1360 3175 1558 3231 pompa
1598 3169 1654 3215 et
1693 3161 1947 3217 distincta

372 3267 508 3307 auro
535 3249 815 3321 laquearia
846 3248 1139 3315 delectant,
1176 3259 1507 3320 cognoscant
1532 3248 1803 3307 Christum
1832 3266 1949 3308 om-

370 3345 523 3401 nium
555 3341 864 3407 Dominum,
887 3340 978 3411 qui
1014 3339 1190 3398 locum
1216 3342 1305 3397 ubi
1332 3352 1493 3413 caput
1527 3343 1810 3399 inclinaret
1840 3361 1947 3401 non

369 3435 579 3490 habuit.
630 3433 700 3488 Et
736 3433 939 3489 idcirco
980 3447 1104 3488 eum
1148 3435 1394 3506 discipuli
1438 3438 1812 3507 interrogant:
1848 3435 1948 3492 Ubi

368 3527 444 3581 ris
472 3542 714 3596 paremus
742 3524 836 3580 tibi
866 3526 1184 3581 manducare
1209 3527 1402 3597 pascha
1432 3526 1581 3597 (Luc.
1608 3526 1686 3598 ιχ)
1714 3528 1737 3581 ?

439 3621 505 3672 At
545 3617 700 3673 Iesus
740 3617 875 3673 dixit
896 3634 916 3673 :
951 3616 1035 3673 Ite
1066 3618 1121 3672 in
1151 3619 1409 3673 civitatem
1438 3618 1507 3672 ad
1538 3619 1816 3690 quemdam
1837 3661 1851 3686 ,
1901 3629 1948 3674 et

369 3709 525 3764 dicite
551 3709 598 3763 ei
624 3725 642 3764 :
672 3708 924 3780 Magister
950 3708 1118 3764 dicit:
1153 3708 1375 3780 Tempus
1419 3725 1590 3763 meum
1635 3725 1794 3781 prope
1838 3718 1946 3776 est,
1980 3760 1985 3765 .

369 3801 508 3870 apud
540 3809 589 3853 te
618 3798 754 3869 facio
782 3798 976 3870 pascha
1003 3814 1119 3852 cum
1148 3796 1417 3869 discipulis
1443 3799 1587 3854 meis.
1620 3798 1822 3854 Morem
1844 3797 1950 3855 Ve-

370 3890 501 3945 teris
550 3889 880 3944 Testamenti
927 3887 1075 3943 Nova
1124 3885 1400 3958 Scriptura
1446 3898 1747 3944 conservat.
1811 3889 1947 3944 Fre-

368 3991 598 4052 quenter
636 3981 887 4054 legimus,
928 3980 1061 4035 dixit
1108 3979 1215 4045 ille,
1259 3987 1314 4036 et
1359 3982 1413 4035 in
1459 3980 1551 4035 illo
1589 3980 1701 4035 loco
1740 3990 1790 4035 et
1835 3980 1945 4047 illo,

369 4075 512 4144 quod
556 4072 817 4129 llebraice
860 4071 1059 4127 dicitur
1100 4068 1406 4137 Philimoni,
1455 4078 1511 4126 et
1557 4070 1845 4140 Helimoni,
1896 4084 1953 4131 et

371 4174 549 4218 tamen
582 4178 777 4218 nomen
805 4176 1157 4233 personarum
1187 4160 1538 4231 locorumque
1570 4178 1675 4218 non
1706 4164 1946 4233 ponitur.

371 4253 554 4327 (Aug.)
588 4252 695 4309 Sed
729 4251 863 4307 nihil
908 4251 963 4306 in
991 4252 1095 4307 hoc
1126 4251 1359 4323 capitulo
1400 4253 1734 4308 contrarium
1772 4256 1951 4325 putari

368 4353 547 4418 potest
591 4346 773 4400 Marco
818 4352 873 4400 et
912 4343 1092 4408 Luem,
1124 4345 1214 4414 qui
1245 4345 1346 4399 hoc
1375 4343 1516 4400 idem
1547 4345 1799 4401 similiter
1826 4363 1953 4402 nar-

369 4449 511 4494 rant.
545 4437 699 4505 Quod
726 4436 868 4492 enim
901 4436 1032 4492 dicit
1061 4435 1344 4491 Matthteus
1369 4454 1379 4489 :
1414 4435 1495 4492 Ite
1518 4437 1572 4491 in
1597 4438 1854 4493 civitatem
1879 4439 1949 4493 ad

367 4528 667 4599 quemdam,
695 4536 740 4581 et
769 4526 926 4580 dicite
952 4528 1038 4581 ei:
1066 4525 1317 4596 Magister
1336 4526 1462 4580 dicit
1485 4541 1502 4577 :
1534 4525 1753 4597 Tempus
1776 4544 1949 4583 incum

367 4635 527 4690 prope
556 4627 651 4682 est,
699 4617 841 4687 apud
870 4626 917 4670 te
943 4617 1080 4686 facio
1116 4618 1310 4686 pascha
1338 4634 1463 4670 cum
1498 4617 1767 4687 discipulis
1800 4620 1947 4686 meis,

368 4724 494 4763 cum
520 4705 789 4778 signiﬁcat
810 4721 970 4776 quem
997 4705 1206 4760 Marcus
1230 4716 1287 4761 et
1306 4706 1481 4761 Lucas
1506 4706 1693 4763 dicunt
1715 4718 1950 4777 patrem-

368 4799 623 4865 familias,
648 4796 735 4852 vel
756 4795 1033 4851 dominum
1062 4796 1272 4862 domus,
1299 4796 1350 4850 in
1379 4812 1483 4868 qua
1505 4798 1584 4853 eis
1610 4800 1950 4856 cumaculum

369 4874 803 4945 demonstratum
835 4892 937 4953 est,
981 4884 1070 4941 ubi
1120 4894 1341 4956 pararet
1367 4887 1587 4958 pascha.
1640 4889 1793 4957 Quod
1821 4907 1951 4962 ergo

370 4980 665 5052 interponit
691 4978 996 5043 Matthreus,
1024 4976 1094 5031 ad
1119 4978 1415 5048 quemdam,
1447 4988 1701 5051 tanquam
1732 4997 1795 5035 ex
1827 4998 1949 5052 per-

369 5090 501 5129 sona
544 5088 640 5129 sua
692 5070 871 5127 studio
915 5070 1196 5125 brevitatis
1244 5070 1392 5126 illum
1432 5074 1752 5142 compendio
1782 5074 1949 5130 voluit

369 5165 665 5220 insinuare.
704 5161 761 5218 Si
792 5164 936 5219 enim
968 5162 1175 5219 diceret
1201 5161 1401 5219 dixisse
1432 5162 1754 5221 Dominum:
1785 5166 1866 5222 Ite
1896 5168 1948 5221 in

370 5258 650 5322 ciuitatem,
677 5266 726 5311 et
755 5255 910 5310 dicite
935 5256 982 5309 ei
1001 5273 1019 5310 :
1056 5254 1309 5327 Magister
1334 5255 1500 5310 dicit:
1533 5255 1753 5327 Tempus
1780 5275 1950 5314 meum

370 5365 528 5421 prope
557 5358 649 5413 est,
684 5347 824 5419 apud
855 5355 903 5401 te
930 5345 1068 5417 facio
1096 5348 1323 5418 pascha,
1357 5356 1609 5417 tanquam
1635 5348 1841 5403 civitati
1873 5350 1955 5403 di-

373 5438 602 5493 cendum
629 5445 806 5503 esset,
838 5436 1207 5505 acciperetur:
1232 5436 1310 5491 Ae
1338 5452 1435 5505 per
1462 5438 1565 5491 hoc
1600 5453 1707 5492 non
1745 5453 1808 5493 ex
1843 5438 1951 5493 Do-

363 5530 508 5581 mino
533 5526 685 5596 cujus
711 5528 1021 5582 mandatum
1053 5529 1344 5592 narrabat,
1376 5526 1469 5581 sed
1496 5542 1559 5580 ex
1591 5542 1686 5582 sua
1724 5542 1953 5598 persona

375 5619 716 5688 interposuit,
740 5620 809 5674 ad
834 5620 1122 5691 quemdam
1147 5619 1375 5691 jussisse
1398 5618 1683 5674 Dominum
1707 5629 1767 5675 ut
1791 5621 1952 5688 irent,

377 5723 445 5764 ne
477 5708 698 5764 haberet
727 5723 951 5766 necesse
988 5716 1162 5765 totum
1193 5709 1399 5778 dicere,
1437 5723 1559 5764 cum
1608 5709 1709 5765 hoc
1757 5709 1837 5767 illi
1887 5711 1957 5768 ad

1976 4481 2029 4539 D

2055 1883 2141 1927 tus
2191 1873 2243 1926 in
2295 1874 2478 1929 verbis
2523 1873 2619 1929 Dei
2658 1875 3117 1944 comprehendere
3154 1878 3388 1933 necdum
3431 1879 3643 1936 didicit.

2052 1965 2121 2018 At
2149 1965 2240 2034 qui
2272 1980 2426 2035 aqua:
2459 1965 2727 2035 bajulum,
2770 1967 2873 2023 hoc
2904 1977 2987 2028 est
3013 1971 3199 2040 gratia:
3228 1986 3538 2041 przeconem
3587 1974 3642 2027 in

2052 2056 2268 2110 domum
2306 2055 2564 2111 Ecclesia:
2604 2056 2770 2113 fuerit
2810 2067 3030 2116 secutus
3056 2101 3072 2127 ,
3122 2062 3214 2116 hic
3263 2076 3362 2132 per
3390 2064 3642 2133 spiritum

2053 2147 2414 2203 illustrantem
2454 2148 2794 2219 superﬁciem
2836 2150 3030 2206 litterae
3074 2154 3543 2219 ttanscendendo,
3588 2153 3647 2208 in

2051 2239 2162 2295 alto
2208 2241 2405 2295 mentis
2450 2241 2649 2296 solario
2680 2241 2898 2298 Christo
2934 2242 3285 2300 refectionem
3329 2254 3641 2315 prasparat:

2050 2333 2177 2402 quia
2207 2341 2399 2389 cuncta
2424 2334 2507 2390 vel
2534 2336 2761 2405 pascha:
2782 2347 3145 2405 sacramenta,
3174 2339 3258 2394 vel
3286 2348 3483 2396 caetera
3510 2340 3647 2412 legis

2051 2424 2266 2478 decreta
2298 2438 2418 2479 esse
2446 2435 2787 2480 sacramenta
2817 2429 3115 2499 cognoscit.

2123 2512 2259 2585 [lV.]
2312 2512 2528 2584 Vespere
2566 2524 2740 2569 autem
2782 2515 2921 2585 facto
2960 2516 3313 2572 discumbebat
3353 2535 3470 2572 cum
3510 2519 3647 2573 duo-

2050 2603 2215 2657 decim
2265 2603 2536 2675 discipulis
2585 2606 2716 2660 suis.
2773 2606 3002 2679 [Msum]
3056 2608 3288 2677 Vespera
3334 2624 3465 2679 ergo
3512 2619 3647 2664 tunc

2050 2694 2190 2750 facta
2222 2694 2323 2750 fuit
2362 2696 2581 2765 quando
2622 2697 2715 2752 lux
2756 2698 2975 2765 mundi,
3017 2699 3070 2754 id
3104 2707 3218 2766 est,
3260 2700 3340 2757 sol
3379 2712 3537 2756 verus
3574 2701 3647 2756 ad

2048 2800 2301 2840 occasum
2352 2786 2574 2851 mortis,
2624 2788 2953 2857 properavit.
3009 2789 3078 2843 Et
3126 2798 3255 2845 tunc
3304 2804 3428 2844 cum
3477 2791 3644 2847 disci-

2048 2875 2188 2947 pulis
2217 2877 2476 2933 Dominus
2509 2877 2801 2946 discubuit,
2843 2880 2969 2949 quia
2999 2881 3078 2936 eis
3106 2880 3345 2951 quietem
3377 2890 3646 2937 azteruam

2049 2968 2387 3036 praeparavit.

2120 3058 2409 3114 Edeutibus
2451 3059 2556 3115 illis
2600 3061 2730 3116 dixit
2757 3079 2773 3117 :
2802 3062 2967 3118 Amen
3001 3064 3116 3119 dico
3153 3065 3310 3128 vobis,
3346 3067 3471 3137 quia
3506 3083 3645 3122 unus

2055 3160 2279 3205 vestrum
2317 3168 2398 3207 me
2429 3153 2722 3209 traditurus
2757 3165 2850 3210 est.
2900 3155 3168 3231 (Hieron.)
3199 3157 3393 3215 Omnia
3422 3160 3503 3215 sic
3529 3162 3647 3233 agit

2052 3239 2251 3307 Judas,
2289 3249 2350 3295 ut
2396 3242 2615 3298 tollatur
2649 3245 2883 3315 suspicio
2927 3248 3249 3318 proditoris,
3302 3251 3396 3305 sed
3442 3251 3532 3321 qui
3574 3251 3648 3306 de

2052 3330 2305 3401 passione
2332 3334 2686 3403 praedixerat,
2723 3342 2778 3389 et
2802 3336 2870 3391 de
2897 3338 3173 3407 proditore
3198 3341 3473 3411 prmlieit,
3503 3341 3646 3397 dans

2052 3419 2229 3477 locum
2257 3422 2622 3492 pmnitentite,
2658 3434 2716 3479 ut
2739 3440 2863 3481 cum
2892 3427 3246 3485 intellexisset
3274 3432 3402 3487 sciri
3432 3434 3643 3503 cogita-

2054 3511 2230 3569 tiones
2256 3528 2403 3580 suas,
2433 3523 2489 3569 et
2516 3516 2730 3571 occulta
2758 3518 2980 3573 consilia
3004 3560 3018 3585 ,
3048 3521 3337 3590 paeniteret
3363 3537 3486 3578 eum
3511 3522 3642 3579 facti

2051 3603 2156 3659 sui.
2188 3603 2256 3658 Et
2282 3612 2463 3660 tamen
2494 3622 2599 3687 non
2630 3607 2872 3683 designat
2899 3611 3227 3679 specialiter,
3257 3628 3325 3667 ne
3355 3612 3641 3668 manifeste

2052 3704 2344 3767 ooargutus
2372 3696 2738 3766 impudentior
2765 3699 2939 3756 ﬁeret.
2993 3701 3155 3757 Mittit
3200 3704 3405 3759 crimen
3441 3705 3493 3759 in
3534 3720 3639 3759 nu-

2052 3800 2223 3853 mero,
2251 3795 2313 3841 ut
2344 3795 2466 3858 agat
2493 3790 2743 3844 conscius
2769 3793 3165 3860 ptenitentiam.

2124 3876 2193 3931 Et
2235 3880 2529 3934 contristati
2565 3880 2715 3936 valde
2739 3894 2999 3954 cmperunt
3024 3886 3217 3957 singuli
3241 3888 3449 3942 dicere:
3480 3886 3641 3943 Nun-

2050 3967 2176 4037 quid
2212 3984 2305 4038 ego
2339 3984 2478 4035 sum,
2513 3968 2780 4025 Domine?
2818 3972 2885 4027 Et
2920 3984 3067 4031 certe
3097 3987 3362 4033 noverant
3387 3978 3640 4035 undecim

2054 4058 2302 4129 apostoli,
2328 4060 2470 4128 quod
2500 4060 2633 4115 nihil
2660 4062 2763 4118 tale
2788 4073 2979 4119 contra
3002 4066 3286 4123 Dominum
3314 4072 3637 4143 cogitarent.

2055 4147 2165 4204 Sed
2194 4148 2315 4219 plus
2345 4150 2575 4205 credunt
2616 4153 2877 4223 magistro
2911 4171 3076 4225 quam
3114 4160 3257 4226 sibi;
3297 4169 3353 4217 et
3387 4162 3643 4218 timentes

2053 4241 2401 4312 fragilitatem
2428 4258 2583 4298 suam
2612 4246 2794 4302 tristes
2823 4248 3159 4321 interrogant
3188 4254 3254 4309 de
3278 4264 3521 4325 peccato,
3545 4271 3646 4312 cu-

2045 4332 2136 4402 jus
2163 4335 2550 4391 conscientiam
2580 4353 2684 4392 non
2716 4338 3003 4395 habebant.

2124 4427 2193 4482 Et
2229 4429 2540 4497 respondens
2572 4430 2684 4484 ait:
2716 4429 2818 4495 Qui
2861 4431 3066 4503 intingit
3101 4451 3303 4491 mecum
3337 4455 3551 4493 manum
3582 4439 3643 4494 in

2053 4522 2331 4593 paropside
2368 4522 2452 4576 hic
2498 4539 2578 4576 me
2616 4523 2804 4577 tradet.
2850 4522 2894 4579 Ο
2932 4525 3067 4580 mira
3104 4527 3320 4583 Domini
3354 4530 3643 4599 potentia?

2053 4613 2294 4668 Primum
2316 4614 2525 4669 dixerat
2543 4629 2556 4668 :
2577 4613 2725 4671 Unus
2736 4629 2800 4669 ex
2822 4616 2971 4671 vobis
2994 4632 3079 4672 me
3101 4620 3298 4673 tradet.
3321 4620 3647 4677 Perseverat

2054 4705 2297 4775 proditor
2324 4706 2379 4759 in
2414 4705 2592 4760 malo:
2634 4704 2976 4763 manifestius
3004 4710 3212 4780 arguit,
3243 4719 3299 4765 et
3335 4721 3515 4767 tamen
3542 4729 3645 4768 no-

2053 4813 2177 4853 men
2208 4799 2423 4868 proprie
2450 4814 2557 4855 non
2586 4799 2851 4871 designat.
2881 4798 3047 4857 Judas
3071 4803 3284 4858 caeteris
3305 4805 3646 4862 eontristatis

2055 4904 2119 4943 ac
2161 4888 2560 4943 retrahentibus
2605 4905 2854 4956 manum,
2904 4901 2960 4945 et
3005 4891 3451 4949 interdicentibus
3488 4894 3648 4952 cibos

2053 4983 2133 5037 ori
2165 4998 2298 5046 suo,
2349 4982 2654 5043 temeritate
2703 4992 2757 5037 et
2806 4983 3135 5053 impudentia
3180 4999 3284 5053 qua
3325 4986 3647 5055 proditurus

2053 5085 2199 5143 erat,
2229 5076 2392 5131 etiam
2421 5091 2638 5130 manum
2669 5091 2795 5131 cum
2826 5076 3085 5146 magistro
3116 5078 3282 5131 mittit
3312 5080 3365 5132 in
3392 5079 3649 5148 paropsi-

2053 5166 2209 5233 dem,
2256 5173 2316 5220 ut
2348 5166 2573 5221 audacia
2617 5166 2815 5221 bonam
2856 5166 3249 5222 conscientiam
3293 5170 3646 5224 mentiretur.

2023 5273 2038 5288 ο
2058 5257 2283 5329 (διΑυιι.)
2320 5257 2624 5313 Notandum
2655 5267 2837 5314 autem
2868 5260 3009 5328 quod
3042 5259 3114 5314 ibi
3147 5260 3431 5316 Matthteus
3457 5262 3653 5332 posuit

2053 5349 2415 5419 paropsidem,
2459 5347 2672 5403 Marcus
2706 5349 2956 5419 scripsit,
2997 5351 3051 5403 in
3087 5350 3283 5406 catino.
3336 5351 3435 5406 Est
3458 5360 3648 5408 autem

2055 5437 2323 5508 paropsis,
2359 5447 2419 5491 ut
2451 5438 2669 5508 quidam
2700 5438 2915 5505 dicunt,
2946 5454 3042 5494 vas
3072 5441 3339 5495 escarium
3367 5444 3651 5512 quadrimo

2055 5528 2235 5600 gutum
2254 5569 2269 5594 ,
2309 5528 2379 5583 ob
2406 5528 2508 5584 hoc
2540 5529 2612 5584 ita
2642 5529 2845 5583 dictum
2876 5530 3017 5599 quod
3046 5531 3269 5600 paribus
3297 5531 3502 5587 absidis
3534 5532 3647 5600 sit,

2057 5620 2159 5675 hoc
2198 5627 2313 5686 est,
2358 5620 2527 5688 aequis
2567 5620 2847 5675 lateribus.
2900 5619 3151 5675 Catinam
3196 5631 3377 5678 autem
3421 5634 3503 5678 est
3543 5638 3649 5679 vas

2059 5712 2222 5772 ﬁctile
2264 5720 2448 5785 aptum
2496 5715 2566 5773 ad
2613 5714 3011 5773 immittendqu
3052 5715 3339 5786 liquorem.
3395 5718 3503 5776 Nec
3549 5719 3647 5777 hic
