3998 6188
372 359 512 417 “05

1282 358 1631 416 COMMENT.
1676 358 1743 412 IN
1784 352 2222 410 MATTlLEUM.
2266 387 2336 399 —
2375 354 2503 411 LIB.
2553 356 2673 414 νιιιε

3502 359 3645 414 “Uti

372 474 552 544 aliqua
582 474 928 546 repugnantia
957 481 1059 529 est.
1093 473 1275 528 Potuit
1303 473 1449 528 enim
1480 471 1630 537 ﬁeri,
1659 478 1716 525 ut
1744 470 1797 525 in
1827 470 1941 539 ipsa
1971 474 2020 532 Α
2048 467 2181 521 riam
2215 456 2510 523 Ecclesiam
2542 467 2885 536 frequentare
2917 467 3150 533 volebat,
3181 475 3241 523 ut
3272 469 3513 525 videlicet
3538 487 3643 543 pro

370 581 558 622 mensa
579 582 672 622 vas
693 568 853 621 ﬁctile
872 566 1300 636 quadrangulum
1320 564 1621 619 contineret
1644 562 1938 632 liquamen,

370 659 427 714 in
458 659 598 726 quod
628 656 890 727 intiugere
932 671 1151 710 manum
1179 654 1473 724 discipulus
1516 669 1637 708 cum
1678 652 1940 722 magistro

364 751 568 815 posset.
604 741 753 809 Quod
781 743 968 811 utique
995 757 1092 811 per
1116 740 1574 811 dispensationem
1595 738 1936 803 humilitatis,

365 842 422 887 et
458 832 730 903 patientiae
763 848 873 887 sua:
905 847 1013 885 non
1046 832 1252 901 respuit
1279 830 1564 895 Dominus,
1607 830 1937 901 proditorem

364 938 523 977 suum
565 923 633 976 ad
672 922 973 978 communis
1002 936 1200 976 mensae
1228 922 1697 997 participationem
1738 924 1937 979 admit-

364 1024 504 1079 tere,
544 1022 605 1069 ut
640 1015 955 1084 impleretur
983 1014 1112 1069 illud
1137 1013 1280 1083 quod
1310 1015 1569 1083 scriptum
1598 1023 1720 1070 est:
1764 1014 1938 1069 Homo

357 1107 506 1177 pacis
530 1122 659 1160 mea:
684 1106 739 1159 in
762 1122 863 1177 quo
888 1105 1181 1176 sperabam,
1208 1106 1298 1177 qui
1322 1106 1502 1160 edebat
1530 1123 1718 1178 panem
1745 1124 1935 1174 meum,

358 1196 630 1267 ampliavit
656 1197 928 1251 adversum
957 1214 1036 1250 me
1059 1197 1527 1268 supplantationem
1554 1195 1726 1269 (Psal.
1754 1197 1863 1270 aL).

430 1287 609 1343 Filius
637 1288 843 1360 quidem
870 1289 1095 1343 hominis
1133 1289 1271 1344 vadit
1306 1290 1440 1343 sicut
1474 1290 1725 1359 scriptum
1762 1300 1840 1344 est
1875 1290 1940 1344 de

356 1379 476 1433 illo.
527 1376 616 1434 γω
652 1389 824 1433 autem
863 1380 1064 1433 homini
1099 1378 1180 1433 illi
1218 1396 1310 1450 per
1334 1396 1486 1451 quem
1514 1377 1687 1434 Filius
1713 1380 1939 1435 hominis

356 1470 616 1525 tradetur.
659 1468 925 1544 (Hierom)
960 1469 1070 1526 Nec
1096 1471 1303 1541 primo,
1353 1486 1456 1526 nec
1492 1475 1731 1528 secundo
1758 1488 1939 1529 corre-

355 1572 484 1630 ptus
514 1576 545 1614 a
574 1561 876 1631 proditione
904 1561 1132 1633 retpahit
1161 1562 1352 1632 pedem
1372 1602 1386 1628 ,
1426 1563 1518 1617 sed
1547 1563 1803 1633 patientia
1835 1565 1938 1620 Do-

354 1652 493 1708 mini
525 1654 693 1708 nutrit
728 1652 1114 1722 impudentiam
1140 1668 1292 1708 suam
1316 1694 1332 1720 ,
1382 1662 1438 1709 et
1479 1654 1800 1710 thesauzirat
1839 1657 1939 1712 sibi

350 1743 491 1796 iram
516 1743 572 1798 in
596 1743 681 1797 die
706 1744 802 1798 irae
823 1741 1000 1816 (Rom.
1024 1743 1105 1816 ιι).
1139 1743 1304 1800 Pcena
1334 1745 1664 1815 prmdicitur,
1693 1756 1753 1801 ut
1774 1764 1936 1818 quem

2045 573 2209 613 carne
2220 560 2338 629 agni
2355 567 2408 613 et
2421 558 2701 629 sanguine,
2716 559 2795 613 sui
2812 559 3052 628 corporis
3065 560 3446 631 sanguinisque
3461 576 3638 616 sacra-

2042 660 2279 707 mentum
2300 650 2669 715 substitueret,
2689 651 2967 719 ipsumque
2982 664 3040 703 se
3053 664 3171 705 esse
3188 658 3536 717 monstraret,
3551 652 3635 706 cui

2030 743 2232 813 jurarit
2259 742 2509 796 Dominus
2522 751 2568 795 et
2590 758 2692 795 non
2714 740 3121 811 pamitebiteum,
3138 750 3194 793 tu
3220 757 3271 793 es
3298 740 3541 795 sacerdos
3582 743 3635 796 in

2039 844 2292 888 aeternum
2318 831 2601 886 secundum
2626 831 2861 885 ordinem
2885 829 3259 884 Melchisedech
3295 830 3465 900 (Psal.
3495 835 3629 899 cxx).

2040 925 2263 995 Frangit
2285 930 2464 977 autem
2510 923 2625 992 ipse
2662 936 2855 992 panem
2889 936 3049 990 quem
3087 921 3362 991 discipulis
3406 922 3635 993 porrigit

2041 1025 2101 1071 ut
2151 1013 2405 1070 ostendat
2427 1013 2672 1083 corporis
2708 1013 2790 1067 sui
2820 1013 3136 1068 fractionem
3162 1026 3268 1066 non
3298 1013 3500 1082 absque
3534 1029 3629 1066 sua

2041 1113 2233 1178 sponte
2282 1121 2347 1161 ac
2380 1104 2763 1175 procuratione
2813 1112 3122 1166 venturam,
3168 1102 3261 1157 sed
3307 1103 3472 1173 sicut.
3505 1103 3631 1157 alibi

2040 1199 2172 1254 dicit
2224 1203 2549 1269 potestatem
2603 1211 2663 1251 se
2710 1196 2911 1250 habere
2963 1194 3158 1250 iterum
3213 1194 3459 1250 sumendi
3507 1207 3629 1255 eam

2043 1291 2224 1365 (Joan.
2265 1290 2401 1362 xvr).
2468 1288 2641 1357 Quem
2684 1288 2933 1343 videlicet
2968 1304 3163 1358 panem
3214 1288 3355 1342 certi
3414 1300 3632 1357 quoque

2041 1383 2215 1455 gratia
2260 1382 2584 1438 sacramenti
2636 1381 2955 1450 priusquam
3005 1378 3283 1451 frangeret
3333 1379 3627 1434 benedixit.

2042 1474 2177 1543 Quia
2216 1482 2466 1530 naturam
2507 1472 2798 1527 humanam
2843 1487 3007 1542 quam
3043 1486 3303 1541 passurus
3340 1471 3631 1540 assumpsit

2041 1568 2157 1637 ipse
2190 1581 2297 1620 una
2328 1580 2450 1621 cum
2483 1564 2645 1619 Patre
2668 1575 2723 1619 et
2750 1563 2954 1633 Spiritu
2992 1571 3201 1627 sancto,
3229 1563 3402 1634 gratia
3432 1562 3628 1616 divina:

2039 1658 2259 1712 virtutis
2314 1655 2575 1727 implevit.
2624 1654 2904 1711 Benedixit
2942 1668 3138 1723 panem
3178 1661 3235 1708 et
3281 1650 3461 1723 fregit,
3502 1652 3627 1720 quia

2041 1748 2317 1804 hominem
2340 1754 2674 1816 assumptum
2692 1745 2766 1799 ita
2797 1744 2959 1798 morti
2993 1744 3226 1798 subdere
3249 1742 3499 1814 dignatus
3521 1752 3626 1805 est,

351 1832 529 1902 pudor
562 1828 668 1889 non
693 1834 899 1890 vicerat
977 1836 1254 1906 corrigant
1295 1835 1610 1891 denuntiata
1653 1838 1933 1907 supplicia.
1967 1841 2013 1898 B
2040 1846 2101 1891 ut
2133 1839 2184 1891 ei
2235 1837 2431 1891 divina:
2464 1834 2887 1889 immortalitatis
2919 1834 3187 1887 veraciter
3221 1834 3399 1887 inesse
3438 1840 3625 1902 palen:-

350 1921 540 1996 (ΗΑΒ.)
575 1922 682 1979 Sed
711 1932 766 1979 et
794 1924 955 1979 hodie
984 1940 1197 1995 quoque
1243 1932 1298 1980 et
1337 1928 1390 1980 in
1426 1927 1814 1996 sempiternum
1856 1942 1935 1981 vae

348 2017 429 2072 illi
457 2017 659 2073 homini
685 2018 775 2088 qui
804 2018 871 2073 ad
900 2032 1142 2073 mensam
1170 2018 1380 2073 Domini
1411 2018 1676 2090 malignus
1704 2020 1934 2087 accedit,

349 2107 445 2176 qui
488 2108 701 2163 insidiis
743 2116 924 2162 mente
963 2108 1230 2174 conditis,
1277 2108 1369 2179 qui
1406 2110 1720 2179 praecordiis
1755 2110 1937 2181 aliquo

347 2199 555 2255 scelere
600 2199 819 2269 pollutis
845 2239 860 2265 ,
906 2200 1287 2270 mysteriorum
1328 2199 1532 2255 Christi
1574 2201 1936 2258 oblationibus

347 2291 711 2346 sacrosanctis
738 2290 1071 2361 participare
1103 2306 1211 2347 non
1243 2293 1455 2347 metuit.
1495 2292 1563 2347 Et
1590 2293 1678 2349 ille
1706 2295 1850 2349 enim
1881 2294 1936 2348 in

346 2381 654 2451 exemplum
682 2379 834 2435 Iudae
863 2380 1032 2435 ﬁlium
1069 2382 1303 2437 hominis
1332 2382 1526 2448 tradit,
1568 2398 1674 2437 non
1713 2384 1935 2453 quidem

344 2473 545 2531 Iudaeis
569 2475 964 2545 peccatoribus,
995 2475 1090 2530 sed
1119 2484 1299 2530 tamen
1328 2475 1732 2545 peccatoribus,
1766 2491 1937 2532 mem-

344 2564 462 2620 bris
480 2564 734 2619 videlicet
761 2563 893 2630 suis,
917 2564 1113 2633 quibus
1136 2563 1264 2619 iliud
1287 2565 1663 2621 inaestimabile
1684 2573 1740 2621 et
1760 2567 1936 2622 invio-

343 2657 508 2713 labile
534 2657 799 2712 Dominici
828 2661 1074 2729 corporis
1116 2674 1199 2735 ac]
1222 2660 1502 2730 sanguinis
1532 2671 1935 2717 sacramentum

342 2758 614 2805 temerare
659 2750 961 2821 przesumit.
1015 2750 1111 2807 ille
1155 2752 1443 2807 Dominum
1471 2754 1659 2809 vendit
1687 2755 1778 2825 qui
1818 2753 1935 2825 ejus

344 2839 548 2895 timore
584 2849 747 2910 atque
791 2856 976 2896 amore
1020 2842 1285 2914 neglecto,
1337 2852 1549 2898 terrena
1591 2859 1692 2914 pro
1742 2844 1834 2899 illo
1880 2854 1938 2900 et

340 2931 568 2997 caduca,
596 2932 705 2988 imo
726 2933 893 2988 etiam
923 2932 1214 2991 criminosa
1246 2934 1469 3006 diligere
1501 2944 1556 2990 et
1586 2949 1781 2991 curare
1806 2949 1937 2991 con-

343 3025 604 3080 vincitur.

411 3115 619 3171 Bonum
662 3123 779 3170 erat
828 3116 898 3183 ei,
924 3117 972 3170 si
1010 3122 1165 3171 natus
1215 3133 1322 3172 non
1370 3118 1556 3188 fuisset
1604 3118 1758 3173 homo
1814 3117 1932 3175 ille.

2045 1928 2175 1981 tiam
2214 1926 2631 1991 demonstraret,
2675 1924 2905 1993 ideoque
2942 1923 3179 1979 velocius
3216 1939 3338 1979 eum
3379 1939 3414 1979 a
3454 1932 3629 1979 morte

2038 2018 2472 2075 re'suscitandum
2500 2032 2621 2073 esse
2659 2017 2905 2073 doceret.

2108 2108 2180 2162 Et
2224 2109 2485 2179 accipiens
2533 2106 2770 2173 calicem,
2828 2107 3027 2177 gratias
3072 2108 3182 2177 agit
3231 2116 3280 2162 et
3326 2108 3468 2163 dedit
3519 2109 3623 2164 illis

2037 2199 2213 2254 dicens
2256 2218 2270 2253 :
2310 2198 2480 2253 Bibite
2511 2215 2575 2252 ea:
2610 2214 2670 2252 eo
2716 2213 2913 2252 omnes.
2949 2193 3149 2269 (Greg.)
3173 2196 3307 2253 Cum
3339 2201 3625 2269 appropin-

2039 2303 2209 2358 quare
2233 2288 2476 2360 passioni
2510 2288 2727 2353 dicitur,
2760 2295 2984 2358 accepto
2997 2302 3137 2357 pane
3159 2297 3215 2344 et
3236 2289 3405 2345 calice
3420 2291 3625 2360 gratias

2038 2380 2216 2452 egisse
2259 2380 2597 2450 perhibetur.
2649 2377 2867 2434 Gratias
2906 2378 3232 2449 itaqueagit
3274 2380 3367 2449 qui
3412 2378 3620 2452 ﬂagella

1993 2502 2006 2514 -
2037 2469 2225 2525 alienae
2256 2468 2555 2540 iniquitatis
2578 2468 2824 2539 suscipit,
2850 2477 2906 2524 et
2931 2468 3021 2539 qui
3044 2467 3122 2522 nil
3151 2469 3381 2541 dignum
3399 2485 3622 2540 percus-

2038 2560 2191 2615 sione
2219 2560 2484 2625 exhibuit,
2514 2560 2788 2615 humiliter
2832 2559 2889 2614 in
2927 2559 3277 2630 percussione
3328 2560 3620 2625 benedicit,

2037 2658 2098 2705 ut
2136 2651 2266 2706 hinc
2306 2651 2561 2707 videlicet
2588 2651 2840 2706 ostendat
2862 2650 2993 2721 quid
3020 2650 3395 2720 unusquisque
3442 2651 3495 2704 in
3524 2650 3621 2706 ﬁa-

2037 2742 2176 2811 gello
2212 2743 2383 2813 culpae
2425 2742 2659 2812 propriae
2697 2741 2875 2797 facere
2905 2742 3127 2808 debeat,
3149 2743 3193 2797 si
3223 2743 3337 2813 ipse
3373 2744 3620 2812 aequani-

2037 2831 2199 2886 miter
2224 2830 2432 2903 ﬂagella
2477 2831 2647 2901 culpae
2672 2839 2853 2900 portat
2880 2831 3090 2898 alienae,
3118 2840 3177 2886 ut
3204 2832 3329 2887 hinc
3365 2832 3622 2888 ostendat

2037 2923 2164 2994 quid
2206 2924 2262 2978 in
2291 2924 2633 2994 correptione
2662 2923 2825 2979 faciat
2851 2923 3116 2990 subditus,
3137 2923 3183 2978 si
3207 2924 3261 2978 in
3290 2922 3499 2994 ﬂagello
3525 2938 3619 2992 po-

2037 3015 2174 3071 situs
2202 3015 2352 3070 Patri
2376 3016 2581 3087 gratias
2602 3016 2712 3086 agit
2738 3014 2992 3086 aequales.

2110 3127 2213 3183 Hic
2265 3139 2340 3185 est
2392 3130 2528 3183 enim
2583 3130 2796 3199 sanguis
2847 3145 2991 3184 meus
3039 3131 3155 3185 novi
3193 3132 3506 3195 testamenti,
3531 3132 3621 3201 qui

342 3207 614 3279 (Hieron.)
637 3206 755 3263 Non
803 3207 924 3263 ideo
955 3209 1229 3279 putandus
1275 3218 1360 3265 est
1406 3217 1532 3265 ante
1565 3209 1731 3266 fuisse
1768 3228 1932 3283 quam
1960 3192 2005 3255 (ἶ
2036 3235 2131 3290 pro
2182 3219 2363 3274 multis
2411 3192 2709 3290 effundatur
2758 3221 2813 3274 in
2859 3221 3214 3274 remissionem
3263 3192 3614 3290 peccatorum».

341 3309 683 3367 nasceretur,
713 3302 840 3371 quia
885 3300 1017 3356 nulli
1064 3301 1235 3372 possit
1268 3313 1388 3356 esse
1417 3301 1556 3357 bene
1600 3302 1706 3359 nisi
1745 3303 1796 3358 ei
1840 3304 1933 3374 qui

340 3392 524 3449 fuerit.
559 3393 667 3450 Sed
696 3394 1022 3464 simpliciter
1042 3394 1245 3450 dictum
1271 3403 1372 3460 est,
1398 3394 1568 3450 multo
1593 3396 1788 3452 melius
1814 3412 1933 3453 esse

339 3500 448 3540 non
463 3486 757 3542 Subsistere
782 3502 943 3556 quam
966 3486 1107 3540 male
1128 3486 1443 3544 subsistere.

408 3574 741 3646 Respondeas
786 3585 959 3629 autem
985 3575 1157 3630 ludas
1201 3577 1293 3647 qui
1338 3578 1555 3632 tradidit
1580 3595 1700 3633 eum
1747 3579 1930 3634 dixit:

338 3665 597 3737 Nunquid
626 3682 719 3737 ego
756 3682 895 3732 sum,
943 3664 1105 3720 Rabbi
1123 3667 1149 3720 7
1189 3667 1275 3721 Ait
1304 3667 1420 3721 illi:
1444 3667 1522 3722 Tu
1549 3670 1750 3723 dixisti.
1793 3670 1930 3736 Quia

337 3758 520 3812 caeteri
549 3758 753 3823 tristes,
779 3766 835 3812 et
858 3756 1014 3812 valde
1038 3758 1243 3823 tristes,
1274 3760 1746 3829 interrogaverunt
1771 3776 1927 3815 eum:

337 3847 594 3919 Nunquid
610 3866 701 3920 ego
723 3866 859 3915 sum,
882 3848 1096 3902 Domine
1112 3849 1214 3902 ?ne
1230 3850 1454 3904 tacendo
1475 3866 1534 3904 se
1546 3851 1776 3920 prodere
1788 3851 1933 3905 vide-

335 3947 506 4005 retur,
536 3948 591 3994 et
616 3941 729 4008 ipse
750 3939 1064 4008 simpliciter
1090 3939 1387 4010 interrogat
1410 3955 1569 4009 quem
1595 3941 1927 3997 conscientia

333 4028 755 4098 prtemordebat,
783 4029 874 4098 qui
904 4044 1121 4084 manum
1146 4030 1427 4085 audaciter
1454 4031 1682 4087 miserat
1730 4032 1785 4087 in
1836 4047 1929 4102 pa-

331 4121 627 4192 ropsidem.
678 4119 934 4192 Nunquid
980 4137 1071 4192 ego
1106 4138 1239 4185 sum,
1271 4121 1557 4179 Rabbi7et
1602 4123 1929 4180 blandientis

327 4211 507 4282 jungit
551 4210 804 4267 allectum
856 4213 969 4267 sive
1015 4213 1402 4270 incredulitatis
1452 4216 1683 4286 signum.
1731 4217 1927 4273 Caeteri

332 4304 480 4358 enim
503 4305 594 4374 qui
627 4320 734 4358 non
755 4313 910 4360 erant
934 4306 1238 4375 proditores
1268 4308 1490 4363 dicunt:
1525 4307 1783 4380 Nunquid
1811 4327 1925 4378 ego,

333 4398 598 4453 Domine?
624 4398 749 4464 lste,
778 4399 869 4468 qui
905 4401 1148 4469 proditor
1183 4410 1320 4469 erat,
1352 4419 1459 4457 non
1497 4403 1803 4470 Dominum,
1832 4406 1927 4460 sed

336 4491 657 4561 magistrum
714 4500 901 4558 vocat;
954 4493 1107 4562 quasi
1161 4495 1565 4549 excusationem
1608 4496 1826 4563 habeat,
1881 4498 1925 4552 si

336 4581 565 4637 Domino
603 4582 864 4653 denegato
900 4582 1086 4638 saltem
1133 4585 1453 4654 magistrum
1495 4586 1814 4656 prodiderit.
1860 4587 1926 4641 Et

335 4674 414 4728 ait
444 4673 519 4727 illi
553 4688 567 4726 :
606 4672 683 4726 Tu
729 4674 931 4727 dixisti.
984 4674 1182 4729 Eadem
1220 4678 1573 4745 responsione
1612 4677 1925 4733 confutatus

334 4772 420 4818 est
472 4764 735 4832 proditor,
794 4780 899 4833 qua
956 4765 1128 4819 Pilato
1180 4775 1365 4836 postea
1412 4784 1770 4839 responsurus
1818 4778 1918 4823 est.

336 4854 605 4928 (August.)
636 4856 742 4911 Sed
770 4872 877 4910 non
914 4857 1002 4911 hic
1029 4866 1214 4926 aperte
1255 4873 1573 4927 expressum
1618 4869 1701 4916 est
1738 4869 1920 4915 utrum

337 4949 451 5019 ipse
493 4959 652 5005 esset.
708 4949 891 5005 Potest
933 4951 1077 5005 enim
1130 4951 1233 5007 hoc
1272 4950 1348 5005 ita
1402 4952 1624 5022 intelligi
1661 4961 1918 5021 tanquam

338 5042 607 5098 diceretur
639 5060 650 5095 :
686 5042 799 5096 Non
841 5057 941 5112 ego
979 5040 1119 5107 dixi;
1148 5042 1323 5111 potuit
1353 5042 1515 5096 etiam
1556 5043 1659 5096 hoc
1684 5043 1761 5097 sic
1789 5043 1914 5109 dici,

337 5145 367 5184 a
388 5129 522 5186 Juda
547 5139 604 5187 et
631 5148 661 5185 a
692 5131 919 5186 Domino
950 5131 1265 5202 responderi
1294 5138 1354 5185 ut
1382 5147 1491 5187 non
1517 5146 1703 5187 omnes
1730 5133 1897 5188 advcr

338 5230 515 5276 terent
538 5223 681 5291 quod
704 5221 907 5277 dictum
935 5230 1074 5277 erat.

408 5312 520 5387 [V.]
539 5314 872 5370 Caznantibus
886 5325 1057 5370 autent
1071 5317 1145 5370 eis
1160 5317 1355 5378 accepit
1378 5315 1414 5370 J
1417 5333 1534 5371 esus
1543 5332 1730 5386 panem
1746 5333 1807 5370 ac
1824 5316 1912 5370 be-

337 5407 554 5473 nedixit,
587 5425 648 5461 ac
679 5407 830 5478 fregit
852 5408 1093 5479 deditque
1112 5409 1382 5480 discipulis
1404 5410 1536 5476 suis,
1572 5420 1620 5464 et
1664 5412 1737 5464 ait
1769 5424 1786 5461 :
1815 5411 1915 5464 Ac-

337 5500 488 5569 cipite
513 5510 560 5554 et
580 5500 853 5568 comedite,
875 5501 971 5555 hoc
992 5512 1065 5555 cst
1088 5519 1273 5573 corpus
1296 5518 1484 5556 metuit.
1512 5500 1691 5575 (ΚΑΒ.)
1720 5502 1914 5557 Finitis

335 5595 547 5661 pascha:
573 5596 775 5651 veteris
801 5595 1075 5650 soleumiis
1115 5612 1236 5665 quae
1264 5595 1317 5650 in
1345 5597 1912 5650 conuncmorationcm

335 5684 571 5755 antiqua:
590 5686 657 5740 de
670 5685 903 5756 rEgypto
916 5685 1249 5742 liberatiouis
1269 5686 1448 5757 pepuli
1473 5687 1564 5741 Dei
1589 5687 1907 5757 agebantur,

335 5776 473 5845 quod
504 5778 700 5835 transit
731 5780 795 5835 ad
819 5794 1015 5836 novum
1049 5780 1100 5835 in
1146 5795 1256 5836 suae
1298 5778 1679 5850 redemptionis
1709 5795 1911 5837 memo-

2039 3311 2221 3385 (ΚΑΒ.)
2244 3312 2380 3380 Quia
2402 3328 2533 3384 ergo
2561 3312 2715 3383 panis
2740 3313 3025 3368 conﬁrmat
3050 3353 3064 3379 ,
3093 3312 3276 3367 vinum
3311 3327 3445 3367 vero
3492 3328 3619 3367 san-

2036 3406 2254 3477 guinem
2305 3414 2561 3475 operatur
2610 3405 2664 3459 in
2716 3420 2898 3469 carne,
2940 3406 3030 3460 hic
3075 3405 3143 3459 ad
3177 3420 3375 3475 corpus
3421 3403 3620 3459 Christi

2034 3495 2286 3566 mystice,
2332 3494 2463 3549 illud
2501 3495 2738 3550 refertur
2784 3496 2852 3550 ad
2897 3497 3233 3568 sanguinem.
3264 3495 3464 3552 Verum
3495 3496 3621 3566 quia

2033 3593 2089 3641 et
2109 3601 2209 3641 nos
2234 3586 2286 3640 in
2305 3586 2522 3642 Christo
2536 3594 2589 3641 et
2611 3587 2663 3640 in
2677 3586 2836 3642 nobis
2855 3585 3128 3641 Christum
3149 3600 3368 3640 manere
3383 3595 3617 3655 oportet,

2032 3679 2216 3732 vinum
2259 3677 2530 3732 Dominici
2585 3676 2771 3734 colicis
2817 3692 2955 3745 aqua
3007 3677 3285 3733 miscetur.
3316 3676 3623 3732 Attcsumte

2032 3768 2178 3821 enim
2245 3766 2472 3832 Joanne,
2529 3783 2679 3837 aqua:
2718 3766 2898 3838 populi
2949 3776 3072 3821 sunt
3123 3767 3307 3839 (Apoc.
3356 3766 3510 3837 xvu).
3554 3770 3623 3823 Et

2033 3871 2210 3927 neque
2246 3872 2440 3927 aquam
2470 3856 2639 3911 solam
2666 3872 2841 3925 neque
2884 3857 3056 3913 solum
3091 3858 3297 3923 vinum,
3352 3859 3492 3913 sicut
3519 3874 3619 3913 nec.

2033 3961 2264 4018 granum
2304 3945 2562 4001 frumenti
2611 3946 2785 4002 solum
2836 3946 2953 4002 sine
3003 3962 3156 4017 aqum
3200 3946 3521 4003 admistione
3564 3949 3619 4002 in

2033 4051 2226 4107 panem
2265 4037 2516 4106 cuiquam
2541 4036 2666 4092 licet
2690 4035 2907 4104 offerre,
2936 4054 3006 4093 ne
3037 4038 3157 4093 talis
3185 4038 3434 4094 videlicet
3471 4039 3620 4094 obla-

2030 4128 2110 4182 tio
2153 4128 2308 4196 quasi
2357 4135 2517 4198 caput
2562 4128 2821 4183 membris
2851 4129 3242 4184 secernendum
3284 4144 3405 4184 esse
3455 4130 3622 4201 signi-

2032 4221 2176 4283 ﬁcet,
2203 4229 2259 4274 ct
2280 4219 2362 4275 vel
2389 4219 2664 4276 Christum
2687 4220 2803 4275 sine
2816 4230 3013 4275 nostra:
3030 4220 3412 4290 redemptionis
3435 4219 3620 4275 amor'e

2030 4311 2143 4382 pati
2173 4312 2449 4381 potuisse,
2479 4309 2562 4365 vel
2592 4325 2690 4366 nos
2729 4311 2846 4366 sine
2892 4310 3093 4367 Christi
3134 4312 3383 4381 passione
3422 4311 3616 4367 salvari

2032 4422 2097 4462 ac
2116 4405 2264 4460 Patri
2286 4403 2468 4460 oﬂ'erri
2486 4419 2642 4474 posse
2669 4404 2961 4474 conﬁngat.
2990 4405 3143 4471 Quod
3168 4404 3211 4460 si
3228 4418 3386 4475 quem
3417 4414 3613 4465 movet,

2033 4515 2157 4554 cum
2186 4499 2417 4554 eoenatis
2445 4497 2695 4553 Salvator
2718 4498 2975 4568 apostolis
3000 4513 3159 4552 suum
3186 4512 3383 4568 corpus
3405 4512 3468 4551 ae
3492 4513 3615 4551 san-

2029 4591 2246 4663 guinem
2278 4589 2578 4655 tradiderit,
2636 4604 2805 4659 quare
2860 4605 2959 4644 nos
3005 4587 3327 4642 universalis
3361 4586 3616 4642 Ecclesia:

2026 4681 2416 4736 consuetudine
2452 4678 2623 4749 jejuni
2697 4680 2988 4735 doceamur
3041 4679 3229 4733 eadem
3272 4686 3612 4733 sacramenta

2023 4773 2322 4843 percipere,
2366 4771 2606 4826 breviter
2635 4770 2837 4836 audiat,
2867 4771 2988 4825 ideo
3034 4778 3159 4825 tunc
3201 4777 3444 4825 coenatus
3467 4783 3613 4823 com-

2024 4862 2328 4917 municasse
2358 4861 2651 4930 apostolos,
2682 4862 2807 4930 quia
2832 4876 3054 4916 necesse
3088 4868 3209 4915 erat
3252 4858 3452 4929 pascha
3482 4857 3611 4912 illud

2022 4955 2259 5024 typicum
2290 4953 2675 5018 consummari,
2707 4960 2763 5007 et
2812 4953 2891 5008 sic
2932 4954 2999 5008 ad
3037 4954 3148 5008 veri
3174 4953 3386 5022 paschm
3432 4967 3611 5004 sacra-

2029 5054 2212 5099 menta
2242 5040 2482 5098 transiri.
2514 5041 2666 5098 Nunc
2697 5043 2749 5097 in
2798 5044 3057 5098 honorem
3102 5042 3235 5096 tanti
3265 5049 3479 5108 tamque
3503 5048 3612 5094 ter-

2028 5137 2198 5192 ribilis
2213 5136 2539 5192 sacramenti
2557 5136 2821 5206 placuisse
2838 5135 3113 5207 magistris
3135 5132 3411 5197 Ecclesiae,
3434 5133 3610 5203 primo

2026 5242 2125 5282 nos
2157 5226 2449 5281 Dominicm
2478 5225 2744 5296 passionis
2774 5223 3185 5295 participatione
3200 5222 3609 5291 nmniri,primo

2026 5316 2359 5387 spiritalibus
2388 5316 2561 5387 epulis
2613 5316 2844 5371 interius
2896 5315 3121 5379 sacrari,
3170 5328 3235 5368 ac
3277 5312 3469 5367 deinde
3497 5321 3605 5366 ter-

2023 5412 2170 5466 renis
2218 5411 2445 5480 dapibus
2484 5426 2681 5482 corpus
2727 5418 2782 5464 et
2808 5408 3004 5464 vilibus
3045 5409 3185 5464 escis
3224 5407 3396 5463 reﬁci.
3455 5405 3607 5472 Quod

2023 5513 2202 5561 autem
2255 5504 2427 5559 dicit:
2462 5503 2563 5559 llic
2609 5512 2680 5558 est
2710 5504 2925 5573 sanguis
2961 5519 3104 5556 meus
3142 5501 3259 5554 novi
3309 5499 3603 5553 testamenti

2023 5596 2089 5651 ad
2133 5595 2529 5650 distinctionem
2580 5592 2800 5663 respicit
2848 5593 3049 5647 veteris
3101 5598 3428 5651 testamenti,
3461 5587 3603 5657 quod

2021 5687 2293 5743 hircorum
2319 5695 2373 5741 et
2391 5686 2681 5742 vitulorum
2706 5694 2788 5739 cst
2816 5683 3075 5754 sanguine
3106 5683 3365 5745 dicatum,
3388 5677 3604 5733 dicente

2020 5781 2162 5838 inter
2181 5783 2574 5849 aspergendum
2598 5778 2903 5846 lcgislatore
2935 5795 2945 5831 :
2972 5776 3073 5832 llic
3100 5785 3172 5831 est
3202 5776 3413 5846 sanguis
3444 5782 3603 5825 testa-
