3998 6188
369 328 506 384 “07

998 318 1060 371 B.
1102 286 1354 369 RADANI
1390 312 1611 366 MAUlll
1648 308 1963 364 ARCIIIEP.
2007 304 2313 361 MOGUNI‘.
2354 302 2637 357 011:1:le
2680 303 2859 356 PARS
2898 304 2938 356 Ι.

3474 305 3615 358 liOK

372 444 525 501 υιιτηιί
561 444 697 511 quod
746 436 1011 491 manaavit
1037 436 1104 487 ad
1134 450 1220 489 vos
1254 433 1391 486 Deus
1416 429 1610 501 (Exod.
1638 426 1806 496 xxw).
1834 425 1937 479 Ne-
1965 426 2013 488 Α
2041 420 2392 492 gnificaverat
2442 434 2541 489 per
2586 419 2951 474 testimonium
3004 416 3297 487 Scriptura:
3343 418 3408 471 ab
3444 436 3508 473 eo
3558 437 3624 476 se

367 547 522 590 eesse
545 538 629 587 est
657 529 801 584 enim
827 524 1155 595 exemplaria
1173 522 1387 592 quidem
1411 534 1661 574 verorum
1677 518 1761 571 his
1784 531 1938 569 mun-

370 623 508 687 dari,
540 621 655 690 ipsa
705 626 886 673 autem
921 615 1161 671 cmlestia
1188 611 1502 667 melioribus
1541 607 1736 663 hostiis
1776 621 1937 676 quam

367 715 516 778 istis;
543 712 695 781 juxta
725 710 866 779 quod
895 708 1184 779 Apostolus
1237 722 1335 776 per
1386 714 1553 760 totam
1581 704 1648 758 ad
1687 701 1940 756 Hebraios

368 804 660 877 Epistolam
702 804 844 856 inter
894 800 1063 869 legem
1116 799 1449 865 distinguens
1477 804 1532 849 et
1579 793 1939 863 evangelium,

367 895 727 969 pulcherrima
746 890 1081 960 expositione
1100 903 1163 943 ac
1188 887 1427 958 plenaria
1449 886 1658 939 ratione
1680 882 1939 937 declarat.

440 986 572 1040 Dico
608 994 780 1038 autem
808 981 950 1035 vobis
979 996 997 1033 :
1031 977 1154 1032 Non
1186 978 1355 1031 bibam
1377 975 1565 1030 amodo
1591 974 1654 1028 de
1680 974 1776 1027 hoc
1800 974 1944 1042 geni-

370 1081 509 1134 mine
531 1079 670 1143 vitis,
687 1092 847 1147 usque
873 1076 927 1128 in
948 1074 1084 1127 diem
1106 1071 1256 1126 illum
1283 1086 1400 1125 cum
1434 1069 1567 1123 illud
1591 1068 1760 1122 bibam
1775 1066 1946 1121 vobis-

370 1185 489 1224 cum
526 1184 713 1222 novum
729 1168 785 1220 in
822 1180 978 1235 regno
1012 1161 1192 1215 Patris
1216 1161 1336 1216 mei.
1368 1159 1549 1215 Vitem
1589 1158 1701 1213 sive
1728 1158 1943 1212 vineam

367 1258 582 1313 Domini
622 1255 940 1326 appellatam
966 1268 1088 1308 esse
1112 1264 1439 1322 synagogam
1463 1256 1518 1302 et
1537 1248 1714 1302 omnis
1741 1246 1940 1315 passim

371 1351 649 1419 Scriptum
696 1356 750 1402 et
784 1345 1021 1416 apertius
1064 1351 1293 1399 testatur
1341 1341 1510 1396 Isaias
1553 1339 1605 1393 in
1626 1338 1836 1394 cantico
1879 1337 1945 1391 de

368 1443 457 1498 illa
484 1448 722 1505 cantato,
754 1438 941 1504 Vinea,
971 1437 1238 1507 inquiens,
1263 1433 1479 1488 Domini
1505 1430 1734 1487 Sabaoth
1760 1430 1945 1484 domus

370 1534 541 1590 Israel
580 1543 655 1588 est
691 1532 827 1605 (Isa.
859 1530 936 1601 ν).
978 1530 1054 1586 De
1082 1544 1187 1599 qua
1217 1527 1476 1582 nimirum
1497 1525 1655 1579 vinea
1688 1522 1947 1577 Dominus

370 1627 541 1682 nmlto
562 1634 801 1696 tempore
826 1624 1069 1688 bibebat,
1098 1620 1348 1691 quamvis
1394 1617 1639 1688 pluribus
1671 1613 1838 1669 ramis
1890 1612 1944 1666 in

368 1717 783 1772 amaritudinem
811 1715 938 1768 vitis
982 1712 1171 1767 aliena:
1208 1710 1504 1767 conversis.
1551 1707 1687 1774 Quia
1730 1701 1945 1758 tametsi

369 1810 554 1864 multis
568 1809 621 1861 in
639 1807 727 1860 illa
749 1806 903 1875 plebe
927 1802 1354 1859 exorbitantibus
1374 1816 1403 1854 a
1425 1808 1573 1855 recto
1592 1797 1715 1851 ﬁdei
1732 1796 1942 1858 itinere,

370 1917 479 1956 non
506 1899 729 1956 defuere
766 1906 945 1951 tamen
978 1892 1197 1965 plurimi
1222 1898 1334 1946 toto
1359 1890 1491 1960 legis
1511 1897 1769 1956 tempore,
1809 1899 1942 1953 quo-

370 2006 491 2045 rum
538 1989 643 2059 piis
669 1986 996 2057 cogitatibus
1034 1982 1365 2050 summisque
1392 1978 1683 2032 virtutibus
1709 1975 1944 2029 delecta-

370 2091 522 2137 retur
548 2080 708 2135 Deus.
736 2078 935 2134 Verum
963 2089 1123 2145 passo
1151 2074 1205 2127 in
1227 2087 1390 2127 carne
1405 2070 1649 2133 Domino,
1679 2081 1743 2121 ac
1769 2079 1945 2119 resur-

374 2182 532 2245 gente
561 2189 592 2229 a
626 2171 871 2235 mortuis,
904 2177 1116 2238 tempus
1131 2167 1304 2221 fuitut
1319 2165 1569 2235 legaliset
1584 2162 1676 2216 illa
1701 2159 1944 2231 figuralis

373 2267 682 2323 observatio
702 2268 963 2327 cessaret,
986 2270 1148 2330 atque
1169 2274 1233 2315 ea
1255 2273 1372 2327 qua:
1388 2255 1680 2311 secundum
1703 2253 1942 2306 litteram

373 2361 721 2432 gerebantur,
774 2357 828 2410 in
872 2353 1168 2425 spiritalem
1198 2350 1461 2406 translata
1490 2363 1730 2411 sensum,
1753 2344 1943 2399 melius

374 2454 430 2508 in
479 2468 618 2507 novo
659 2456 981 2505 testamento
1021 2445 1245 2515 iuvante
1273 2443 1445 2498 sancti
1492 2440 1725 2510 Spiritus
1769 2436 1942 2508 gratia

374 2548 704 2597 tenerentur.
735 2537 912 2592 lturus
949 2548 1078 2605 ergo
1115 2533 1181 2587 ad
1217 2532 1522 2602 passionem
1551 2526 1809 2584 Dominus
1832 2525 1938 2579 ait:

370 2631 496 2687 Iam
523 2648 625 2685 non
659 2630 828 2684 bibam
850 2628 914 2682 de
938 2628 1033 2681 hoc
1058 2625 1312 2696 genimine
1361 2623 1478 2677 vitis
1517 2637 1679 2691 usque
1722 2620 1777 2672 in
1804 2617 1941 2671 diem

371 2722 520 2776 illum
541 2737 660 2775 cum
685 2718 817 2773 illud
843 2718 1009 2772 bibam
1033 2715 1296 2770 vobiscum
1317 2728 1501 2767 nouum
1520 2711 1575 2765 in
1597 2723 1750 2779 regno
1765 2705 1943 2760 Patris

372 2815 495 2868 mei.
521 2814 597 2869 Ac
630 2813 676 2869 si
701 2819 887 2882 aperte
911 2810 1054 2865 dicat
1080 2823 1095 2862 :
1126 2806 1244 2862 Non
1271 2804 1413 2859 ultra
1442 2799 1749 2857 carnalibus
1779 2811 1944 2888 syna-

373 2920 521 2975 εοεαε
585 2901 921 2959 caeremoniis
949 2898 1276 2961 delectabor,
1308 2894 1362 2948 in
1409 2891 1602 2961 quibus
1643 2886 1806 2944 etiam
1837 2886 1940 2940 ista

372 2996 641 3066 paschalis
704 2994 824 3066 agni
875 3008 1029 3047 sacra
1085 2990 1261 3045 locum
1331 2995 1549 3042 tenuere
1589 2980 1938 3053 prsccipuum.

375 3087 560 3143 Aderit
584 3087 727 3141 enim
757 3093 965 3155 tempus
990 3097 1123 3138 mete
1160 3075 1589 3136 resurrectionis.
1620 3071 1805 3128 Aderit
1827 3069 1941 3126 dies

374 3174 463 3232 ille
506 3191 631 3230 cum
677 3174 790 3244 ipse
829 3173 884 3227 in
932 3187 1096 3242 regno
1126 3169 1353 3240 positus,
1386 3166 1565 3230 idest,
1614 3160 1780 3234 gloria
1822 3159 1946 3213 vita:

375 3262 697 3321 immortalis
712 3260 1046 3324 sublimatus,
1074 3259 1138 3313 de
1160 3257 1327 3313 salute
1350 3253 1584 3323 ejusdem
1600 3249 1779 3321 populi
1802 3248 1950 3303 fonte

376 3354 565 3425 gratia:
617 3351 876 3422 spiritalis
906 3348 1226 3419 rcgenerati,
1256 3360 1393 3399 novo
1431 3342 1709 3397 vobiscum
1754 3338 1949 3411 gaudio

378 3441 692 3513 perfundar.
726 3439 907 3511 (Aug.)
936 3438 1068 3492 Item
1099 3437 1257 3490 aliter
1286 3453 1300 3488 :
1336 3432 1458 3486 Non
1480 3431 1648 3484 bibam
1669 3430 1855 3483 amodo
1884 3428 1947 3483 de

375 3534 473 3587 hac
500 3528 830 3602 generatione
855 3528 967 3582 vitis
1010 3541 1170 3596 usque
1208 3524 1264 3578 in
1314 3523 1450 3576 diem
1490 3519 1639 3575 illum
1677 3535 1791 3572 cum
1816 3517 1947 3570 illud

377 3626 547 3681 bibam
578 3623 837 3678 vobiscum
868 3636 1051 3675 novum
1078 3619 1130 3672 in
1160 3633 1316 3697 regno
1345 3615 1518 3668 Patris
1550 3614 1669 3679 mei,
1701 3611 1814 3665 vult
1862 3612 1948 3664 in-

382 3714 545 3785 telligi
595 3713 699 3767 hoc
725 3719 880 3765 vetus
914 3724 1033 3785 esse
1067 3722 1188 3762 cum
1224 3705 1353 3760 illud
1386 3719 1584 3759 novum
1610 3703 1757 3757 dicit.
1810 3702 1945 3768 Quia

377 3820 505 3875 ergo
546 3804 611 3858 de
639 3801 932 3873 propagine
943 3799 1132 3862 Adam,
1156 3797 1245 3867 qui
1266 3806 1421 3851 vetus
1445 3796 1605 3851 homo
1627 3792 1945 3863 appellatur,

380 3909 575 3965 corpus
613 3900 940 3961 susceperat,
982 3889 1127 3961 quod
1176 3890 1229 3942 in
1264 3887 1515 3957 passione
1563 3886 1718 3939 morti
1778 3883 1945 3938 tradi-

379 3996 533 4042 turus
567 3992 708 4052 erat,
729 3982 870 4038 unde
893 3983 1055 4038 etiam
1085 3996 1183 4052 per
1222 3980 1335 4034 vini
1369 3985 1765 4033 sacramentum
1802 3992 1949 4031 com-

381 4080 600 4135 mendat
644 4077 961 4147 sanguinem
991 4088 1164 4139 suum,
1197 4071 1326 4140 quid
1362 4069 1503 4124 aliud
1546 4084 1741 4123 novum
1765 4068 1946 4121 vinum

379 4171 481 4227 nisi
511 4167 965 4225 immortalitatem
1008 4170 1384 4220 renovatorum
1432 4174 1715 4230 corporum
1758 4158 1949 4212 intelli-

379 4278 504 4334 gere
556 4254 845 4316 debemus?
893 4257 1042 4324 Quod
1096 4269 1219 4309 cum
1258 4253 1384 4309 dicit
1436 4252 1712 4305 vobiscum
1747 4263 1947 4304 novum

382 4354 581 4418 bibam,
614 4352 775 4407 etiam
800 4349 931 4420 ipsis
967 4346 1415 4416 resurrectionem
1451 4358 1737 4413 corporum
1766 4341 1833 4396 ad
1868 4341 1950 4395 in-

380 4444 649 4499 duendam
679 4439 1136 4495 immortalitatem
1159 4435 1454 4506 promittit.
1498 4432 1773 4487 Vobiscum
1803 4432 1946 4486 enim

381 4549 486 4588 non
530 4532 597 4586 ad
640 4532 780 4585 idem
836 4538 1069 4597 tempus,
1118 4528 1211 4581 sed
1255 4524 1499 4580 eamdem
1554 4522 1948 4577 innovationem

380 4626 578 4680 dictum
603 4620 968 4690 accipiendum
1003 4628 1103 4673 est.
1135 4617 1272 4671 Nam
1300 4627 1356 4671 et
1389 4631 1487 4670 nos
1515 4615 1643 4669 dicit
1669 4613 1950 4683 Apostolus

383 4711 745 4769 resurrexissc
789 4724 909 4762 cum
944 4707 1186 4772 Christo,
1241 4713 1298 4760 ut
1342 4720 1468 4773 spes
1502 4703 1581 4758 rei
1616 4703 1810 4757 futurae
1835 4703 1948 4772 jam

380 4807 620 4863 lattitiam
642 4808 958 4874 praesentem
987 4798 1194 4853 afferat.
1226 4796 1377 4864 Quod
1403 4804 1579 4850 autem
1602 4796 1667 4850 de
1688 4795 1789 4850 hoc
1802 4796 1950 4866 geni-

380 4899 525 4954 mine
548 4895 673 4949 vitis
691 4894 853 4948 etiam
876 4891 1004 4945 illud
1028 4905 1223 4944 novum
1249 4901 1369 4943 esse
1392 4879 1541 4952 dicit,
1566 4886 1832 4956 signiﬁcat
1859 4901 1951 4941 ea-

381 4995 500 5049 dem
526 4993 710 5060 utique
736 5001 964 5059 corpora
1000 4991 1369 5040 resurrectura
1396 4981 1684 5036 secundum
1727 4980 1949 5033 innova-

383 5085 581 5141 tionem
634 5081 928 5143 C(elcstcm,
975 5092 1095 5146 quae
1134 5090 1275 5129 nunc
1312 5072 1602 5129 secundum
1628 5078 1949 5124 vetustatem

379 5175 641 5230 moritura
676 5180 820 5228 sunt.
852 5170 1154 5225 Notandum
1194 5175 1373 5220 autem
1419 5164 1559 5233 quod
1608 5162 1842 5215 Joannes
1887 5160 1951 5215 de

387 5281 613 5336 corpore
654 5273 710 5320 et
760 5264 1015 5333 sanguine
1056 5260 1266 5316 Domini
1304 5260 1407 5313 hoc
1448 5258 1564 5312 loco
1616 5255 1747 5309 nihil
1796 5255 1949 5317 dixit,

380 5355 475 5410 sed
500 5354 657 5423 plane
686 5352 813 5407 alibi
843 5351 1011 5406 multo
1033 5350 1252 5404 uberius
1282 5347 1461 5416 (Ioan.
1490 5344 1583 5415 vi).
1616 5344 1748 5398 liinc
1774 5343 1952 5397 Domi-

382 5459 509 5497 num
539 5442 772 5497 locutum
820 5454 939 5495 esse
968 5446 1214 5494 testatur.
1258 5435 1411 5490 Nunc
1447 5449 1574 5487 vero
1599 5448 1720 5486 cum
1767 5430 1949 5486 Domi-

386 5548 508 5584 num
547 5547 576 5584 a
615 5545 769 5586 emno
822 5530 1120 5584 surrexisse
1148 5536 1205 5583 et
1251 5527 1415 5595 pedes
1462 5522 1843 5593 discipulorum
1877 5522 1951 5576 la-

385 5620 523 5672 visse
549 5627 1043 5684 commemorasset,
1073 5619 1278 5673 reddita
1306 5617 1468 5671 etiam
1499 5614 1702 5667 ratione
1727 5630 1821 5667 cur
1853 5615 1951 5666 hoc

386 5707 463 5759 eis
508 5708 711 5775 fecerit,
745 5711 795 5764 in
831 5728 931 5777 qua
983 5726 1136 5765 coena
1167 5710 1420 5764 Deminus
1455 5708 1625 5761 adhuc
1655 5707 1835 5761 clause
1876 5708 1947 5761 εἰη

2040 515 2182 569 tradi
2230 514 2323 583 qui
2375 512 2724 568 manducaret
2772 511 2887 577 eius
2915 525 3129 581 panem,
3159 510 3306 563 venit
3356 512 3423 564 ad
3476 512 3625 569 hunc

2039 603 2218 659 locum
2269 617 2429 672 quem
2455 611 2566 657 tres
2612 601 2790 656 ceteri
2822 600 3024 669 pariter
3054 601 3416 655 insinuabant.
3486 599 3623 656 Cum

2040 694 2153 748 lucc
2180 694 2417 758 dixisset,
2444 693 2638 763 inquit,
2664 691 2818 746 Iesus
2840 691 3079 744 turbatas
3106 699 3179 744 est
3204 692 3391 759 spiritu
3420 701 3467 744 et
3502 710 3628 760 pro-

2041 792 2262 837 testatus
2289 792 2385 847 est,
2412 791 2457 836 et
2496 781 2629 835 dixit
2660 797 2677 834 :
2712 778 2876 833 Amen
2908 778 3024 832 dico
3059 779 3219 840 vobis,
3246 779 3371 848 quia
3400 796 3535 831 unus
3558 796 3628 833 ea:

2044 858 2183 928 vobis
2230 873 2400 928 tradet
2450 891 2551 927 me.
2605 872 2935 942 Aspiciebant
2976 887 3118 940 ergo,
3159 870 3300 924 sicut
3334 870 3473 924 idem
3507 873 3627 941 ipse

2044 962 2278 1020 Ioannes
2305 964 2594 1029 subnectit,
2610 962 2679 1016 ad
2708 962 2923 1016 invicem
2963 960 3212 1030 discipuli
3235 961 3532 1014 ha'sitantes
3557 962 3629 1015 de

2044 1071 2145 1127 quo
2169 1055 2380 1119 diceret,
2413 1064 2462 1109 et
2483 1053 2798 1117 contristati,
2827 1052 2963 1106 sicut
2992 1050 3276 1105 Matthzeus
3310 1059 3365 1104 et
3412 1049 3626 1105 Marcus

2046 1144 2255 1209 dicunt,
2281 1153 2539 1214 cmperunt
2579 1143 2627 1197 ei
2665 1142 2963 1211 singulatim
2987 1141 3178 1205 dicere,
3212 1140 3465 1212 Nunquid
3486 1158 3578 1211 ego
3603 1142 3627 1193 ?

2046 1235 2113 1289 At
2140 1235 2256 1305 ipse'
2268 1234 2579 1304 respondens
2602 1234 2695 1298 ait,
2722 1233 2862 1287 sicut
2888 1230 3171 1287 Matthteus
3194 1231 3436 1300 sequitur
3469 1250 3481 1284 :
3516 1230 3625 1295 Qui

2045 1325 2254 1395 intingit
2281 1341 2480 1378 mecum
2508 1340 2719 1377 manum
2743 1323 2797 1376 in
2838 1322 3133 1392 paropside,
3178 1322 3263 1375 hic
3297 1338 3379 1375 me
3418 1322 3623 1375 tradet:

2047 1413 2177 1468 illud
2204 1414 2460 1483 consequi
2489 1413 2630 1482 quod
2658 1410 2892 1467 Ioannes
2918 1419 3122 1477 narrat,
3149 1412 3239 1467 isti
3269 1422 3449 1468 autem
3481 1428 3623 1481 pne-

2047 1505 2414 1568 termiserunt,
2439 1503 2577 1558 sicut
2601 1501 2837 1558 Joannes
2857 1500 3099 1570 quaedam
3128 1501 3475 1571 praetermisit
3504 1516 3627 1572 quas

2048 1593 2124 1648 illi
2172 1594 2444 1649 dixerunt.
2492 1591 2627 1647 Cum
2655 1606 2784 1663 ergo
2812 1599 2933 1661 post
2977 1589 3235 1644 traditum
3264 1590 3491 1645 calicem
3541 1590 3629 1645 di-

2048 1682 2219 1737 xisset
2247 1682 2502 1737 Dominus
2550 1682 2692 1751 quod
2729 1697 2759 1735 a
2805 1680 2948 1745 Luca
2983 1681 3214 1751 positum
3260 1690 3345 1736 est
3382 1698 3395 1735 :
3434 1679 3626 1735 Verum

1973 1785 2020 1845 Β
2048 1782 2222 1827 tamen
2247 1791 2361 1828 ecce
2386 1790 2572 1828 manus
2603 1773 2854 1827 tradentis
2884 1789 2985 1838 me,
3015 1789 3213 1827 mecum
3234 1782 3310 1827 est
3340 1773 3396 1827 in
3420 1788 3633 1837 mensa,

2041 1873 2146 1920 etc.
2174 1865 2527 1936 Conjungitur
2567 1864 2694 1919 illud
2718 1864 3009 1919 secundum
3028 1862 3321 1920 Joannem:
3351 1863 3479 1917 Erat
3502 1880 3637 1934 ergo

2041 1954 2337 2009 recumbens
2374 1971 2508 2009 unus
2533 1970 2599 2008 ex
2625 1954 2896 2021 discipulis
2921 1953 3036 2024 ejus
3065 1954 3118 2007 in
3145 1970 3267 2008 sinu
3293 1952 3442 2018 Iesu,
3468 1969 3627 2024 quem

2041 2043 2285 2114 diligebat
2337 2043 2514 2098 Iesus.
2560 2043 2741 2098 lnnuit
2780 2059 2901 2112 ergo
2929 2042 3048 2097 huic
3077 2041 3260 2098 Simon
3308 2040 3521 2109 Petrus,
3573 2054 3631 2098 et

2039 2133 2165 2190 dicit
2201 2136 2281 2189 ei:
2301 2134 2431 2201 Quis
2453 2145 2527 2191 est
2556 2136 2622 2190 de
2644 2151 2745 2206 quo
2767 2136 2893 2189 dicit
2921 2135 2946 2189 Ρ
2985 2134 3173 2206 Itaque
3216 2151 3333 2189 cum
3360 2137 3617 2190 recubuis-

2039 2234 2115 2279 set
2144 2223 2232 2278 ille
2268 2241 2426 2295 supra
2464 2233 2639 2295 pectus
2663 2224 2792 2280 Iesu
2833 2224 2960 2277 dicit
2981 2223 3069 2278 ei:
3096 2223 3337 2285 Domine,
3365 2226 3479 2296 quis
3508 2237 3580 2279 est
3600 2227 3628 2279 2

2039 2312 2319 2384 Respondit
2348 2314 2653 2369 Iesus:llle
2686 2314 2881 2386 cuiego
2910 2313 3178 2369 intinctam
3190 2331 3630 2385 panemporrexe—

2040 2420 2118 2458 ro.
2137 2404 2207 2459 Et
2225 2422 2341 2459 cum
2354 2406 2586 2461 tinxisset
2604 2422 2789 2476 panem
2805 2404 3104 2459 deditJuda:
3120 2402 3344 2459 Simonis
3357 2402 3635 2471 Scarioth,

2040 2506 2087 2549 et
2107 2505 2218 2567 post
2252 2495 2537 2551 buccellam
2559 2506 2679 2550 tunc
2702 2496 2929 2550 introivit
2952 2495 3005 2549 in
3025 2494 3172 2547 illum
3193 2492 3417 2549 Satanas
3439 2494 3622 2566 (Ionas.

2041 2585 2181 2657 xm).
2214 2586 2398 2659 (ΚΑΒ.)
2442 2584 2548 2642 Sed
2593 2586 2681 2640 hic
2741 2585 2968 2657 quaestio
3018 2583 3306 2639 oboritur:
3346 2585 3627 2652 Quomodo

2042 2678 2146 2733 istc
2173 2676 2431 2743 Joannes,
2462 2693 2558 2733 nec
2600 2692 2708 2732 non
2736 2686 2790 2732 et
2818 2676 2991 2730 Lucas
3037 2675 3219 2729 dicant
3247 2673 3357 2743 jam
3392 2683 3518 2729 ante
3542 2676 3625 2728 in-

2040 2768 2234 2823 troisse
2276 2767 2534 2822 Satanam
2566 2767 2619 2821 in
2650 2781 2746 2820 cor
2771 2764 2941 2830 Iudm,
2975 2774 3036 2822 ut
3052 2765 3289 2821 traderet
3315 2764 3623 2827 Dominum,

2041 2874 2161 2915 cum
2192 2858 2423 2914 Joannes
2453 2859 2649 2917 dixerit
2676 2858 2817 2928 quod
2849 2867 2972 2928 post
3014 2857 3310 2914 buccellam
3354 2857 3629 2912 introierit

2040 2949 2096 3004 in
2114 2965 2234 3004 eum
2268 2947 2517 3004 Satanas.
2548 2948 2730 3021 (Aug.)
2761 2948 2875 3003 Hoc
2892 2949 3033 3003 enim
3082 2949 3157 3003 ita
3201 2947 3429 3003 solvitur
3458 2966 3471 2999 :
3524 2947 3637 3000 ln-r

2043 3040 2208 3094 travit
2235 3054 2363 3110 ergo
2393 3046 2517 3109 post
2536 3039 2681 3094 hunc
2709 3052 2901 3107 panem
2928 3036 3160 3093 Satanas
3191 3038 3244 3091 in
3281 3036 3490 3092 Domini
3514 3045 3626 3091 tm-

1972 3140 2016 3204 ρ
2048 3131 2280 3187 ditorem
2310 3140 2370 3187 ut
2407 3132 2510 3188 sibi
2546 3129 2663 3201 jam
2710 3133 2963 3187 traditum
2999 3131 3209 3203 plenius
3242 3131 3535 3201 possideret
3567 3134 3622 3183 in

2051 3239 2209 3295 quem
2233 3225 2382 3295 prius
2418 3224 2733 3290 intraverat,
2756 3231 2816 3280 ut
2832 3224 3132 3295 deciperet;
3162 3223 3309 3278 auxit
3335 3223 3475 3277 enim
3498 3238 3623 3294 pec-

2053 3322 2232 3370 catum
2275 3314 2579 3370 traditionis
2608 3315 2952 3384 praesumptio
2988 3314 3312 3369 sacramenti
3365 3328 3484 3367 cum
3524 3313 3625 3366 bo.

2050 3406 2181 3462 mini
2239 3407 2448 3476 ingrato
2499 3406 2751 3460 intrasset
2812 3406 2967 3476 panis
3030 3406 3083 3459 in
3139 3414 3403 3470 ventrem,
3448 3405 3631 3458 hostis

2051 3499 2103 3551 in
2132 3504 2389 3562 mentem,
2429 3494 2673 3551 fortassis
2712 3510 2809 3565 per
2860 3494 3014 3565 panis
3055 3494 3427 3549 intinctionem
3477 3492 3623 3546 illius

2053 3584 2361 3656 signiﬁcans
2382 3583 2677 3650 fictionem,
2708 3583 2797 3653 qui
2820 3584 2975 3638 (ictus
2996 3583 3063 3637 ad
3092 3598 3303 3639 cumam
3328 3583 3470 3637 venit
3487 3582 3629 3635 ami~

2050 3691 2167 3737 cus,
2197 3682 2250 3729 et
2287 3673 2453 3729 falsus
2480 3674 2545 3728 ad
2573 3674 2886 3744 magistrum
2914 3674 3062 3728 vadit
3088 3672 3411 3742 discipulus.

2122 3781 2256 3855 [VL]
2308 3782 2375 3836 Et
2412 3784 2603 3853 hymno
2644 3784 2781 3837 dicto
2822 3786 3053 3838 exierunt
3077 3784 3129 3838 in
3153 3794 3375 3837 montem
3410 3783 3618 3838 Olircti.

2050 3874 2230 3946 (ΗΑΒ.)
2245 3872 2358 3929 Hoc
2372 3883 2455 3929 est
2466 3875 2606 3942 quod
2623 3874 2673 3928 in
2690 3874 2891 3943 psalmo
2913 3874 3138 3945 legimus
3156 3894 3168 3928 :
3190 3875 3355 3929 Edent
3368 3893 3619 3947 pauperes

2049 3973 2094 4017 et
2114 3964 2504 4027 saturabttntur,
2535 3973 2581 4017 et
2604 3963 2892 4019 laudabunt
2906 3965 3211 4032 Dominum,
3237 3967 3326 4037 qui
3353 3968 3619 4038 requirunt

2047 4070 2163 4107 eum
2194 4052 2365 4125 (Psal.
2390 4051 2527 4123 χχι).
2572 4053 2759 4108 Potest
2792 4064 2968 4110 autem
3016 4057 3248 4127 hymnus
3274 4057 3362 4112 ille
3399 4058 3622 4129 intelligi

2046 4159 2205 4212 quem
2268 4144 2526 4199 Dominus
2577 4145 2871 4200 secundum
2917 4144 3177 4201 Joannem
3233 4147 3380 4202 Patri
3417 4150 3620 4219 gratias

2048 4251 2211 4306 agens
2256 4236 2593 4302 decantahat,
2648 4236 2701 4290 in
2738 4253 2845 4307 quo
2890 4247 2944 4292 et
2980 4254 3079 4308 pro
3107 4239 3307 4308 seipso,
3338 4248 3392 4294 et
3415 4255 3512 4309 pro
3542 4242 3624 4296 di-

2049 4326 2284 4397 scipulis,
2315 4335 2367 4381 et
2408 4342 2506 4396 pro
2534 4328 2610 4381 eis
2634 4327 2723 4397 qui
2748 4342 2846 4396 per
2874 4329 3093 4382 verbum
3123 4343 3312 4383 eorum
3356 4330 3611 4384 credituri

2051 4426 2206 4472 erant
2233 4417 2455 4472 elevatis
2483 4433 2697 4473 sursum
2724 4418 2894 4474 oculis
2933 4421 3273 4488 precabatur.
3309 4419 3377 4475 Et
3398 4421 3621 4491 pulchre

1979 4480 2027 4539 Ῐ)
2053 4507 2343 4575 discipulos
2369 4509 2721 4563 sacramentis
2753 4508 2834 4562 sui
2855 4509 3098 4577 corporis
3135 4517 3190 4563 et
3214 4512 3488 4577 sanguinis
3514 4484 3614 4565 ini-

2050 4597 2228 4662 butos,
2278 4604 2333 4651 et
2393 4597 2591 4668 hymno
2637 4597 2797 4652 etiam
2848 4598 2950 4669 piae
3020 4599 3422 4656 intercessionis
3470 4600 3621 4656 Patri

2051 4688 2528 4743 commendatosin
2559 4697 2794 4743 montem
2825 4689 3005 4744 educit
3031 4689 3333 4756 Olivarum,
3363 4702 3420 4745 ut
3446 4696 3621 4763 typiec

2051 4781 2292 4849 designet
2334 4796 2431 4834 nos
2476 4796 2573 4850 per
2614 4780 2879 4836 actionem
2907 4771 3367 4837 sacramentorum
3398 4798 3617 4838 suorum

2048 4886 2249 4940 perque
2275 4886 2431 4940 opem
2464 4884 2574 4924 suae
2610 4870 3012 4926 intercessionis
3042 4872 3108 4925 ad
3145 4871 3338 4927 altiora
3360 4874 3623 4928 virtutum

2054 4961 2190 5014 dona
2231 4969 2284 5014 et
2313 4961 2638 5015 charismata
2667 4961 2902 5031 Spiritus
2929 4964 3122 5035 sancti,
3153 4965 3349 5033 quibus
3370 4965 3423 5020 in
3456 4966 3621 5021 corde

2049 5067 2430 5123 perungamur,
2469 5054 2828 5108 conscendere
2856 5054 3073 5110 debere.

2123 5160 2266 5214 Tunc
2295 5162 2419 5213 dicit
2441 5160 2545 5214 illis
2567 5160 2723 5215 Iesus
2746 5179 2765 5216 :
2795 5161 2987 5216 Omnes
3016 5179 3099 5217 vos
3124 5163 3431 5218 scandalum
3455 5164 3624 5233 patie-

2052 5252 2180 5306 mini
2221 5254 2274 5306 in
2328 5256 2429 5307 ista
2470 5264 2634 5307 nocte.
2671 5242 3215 5324 (HieromlPrazdicit
3239 5254 3382 5323 quod
3409 5254 3619 5323 passuri

2052 5341 2181 5407 sint,
2214 5353 2271 5395 ut
2308 5358 2428 5397 cum
2475 5343 2617 5411 passi
2648 5341 2845 5396 fuerint
2887 5358 2993 5398 non
3034 5344 3321 5413 desperent
3366 5346 3619 5411 salutem,

2052 5432 2146 5487 sed
2197 5441 2415 5501 agentes
2453 5432 2825 5501 pcenitentiam
2863 5433 3179 5489 liberentur.
3234 5433 3301 5487 Et
3340 5433 3624 5502 signanter

2055 5522 2278 5587 addidit,
2295 5523 2351 5576 in
2370 5532 2513 5577 nocte
2537 5525 2635 5577 ista
2653 5523 3142 5579 scandalizabimini
3169 5542 3179 5576 :
3209 5524 3335 5593 quia
3351 5523 3622 5592 quomodo

2053 5614 2140 5682 qui
2181 5614 2515 5667 inebriantur
2556 5621 2711 5668 nocte
2739 5613 3088 5677 inebriantur,
3121 5614 3199 5668 sic
3245 5621 3301 5666 et
3328 5614 3419 5681 qui
3463 5627 3622 5665 scau-

2055 5708 2229 5761 «lttlum
2260 5708 2533 5777 patiuntur
2570 5707 2623 5760 in
2672 5714 2824 5760 nocte
2860 5686 2991 5759 etin
3039 5706 3271 5761 tenebris
3323 5705 3610 5759 sustinent.
