3998 6188
310 328 451 386 “‘39

1230 318 1584 378 COMMENT.
1625 315 1691 371 IN
1730 312 2167 370 MATTlleUlI.
2206 347 2279 358 —
2314 316 2441 372 LlB.
2486 317 2620 373 Vill.

3436 313 3588 372 4120

308 439 424 494 Nos
453 452 580 492 vero
608 440 848 492 dicamus
886 453 898 485 :
952 434 1075 489 Nox
1111 431 1385 504 praeteriit,
1425 432 1535 485 dies
1578 440 1753 485 autem
1797 445 1892 497 ap-
1918 427 1970 487 Α
1997 434 2152 495 cepta
2185 438 2288 483 est.
2320 427 2434 484 Nec
2468 429 2695 485 interest
2721 430 2936 499 quantis
2977 444 3254 486 morarum
3283 428 3580 486 intervallis

307 528 681 598 propinquavit
722 524 901 597 (Rom.
923 522 1067 596 xm).

385 618 650 689 Scriptum
681 628 755 671 est
784 618 956 670 enim:
986 616 1288 671 Percutiam
1311 626 1573 687 pastorem
1611 625 1661 670 et
1696 615 1896 684 disper-

308 719 502 780 gentur
529 725 641 762 oves
679 707 867 778 gregis.
904 706 1019 763 Hoc
1046 706 1168 761 aliis
1191 705 1452 761 verbisjn
1477 706 1737 765 Zacharia
1764 721 1894 775 pro-

308 799 476 867 pheta
537 797 797 866 scriptum
833 806 935 862 est,
986 804 1043 852 et
1087 798 1142 851 ni
1190 795 1348 851 fallor
1395 812 1460 851 ex
1500 810 1733 867 persona
1772 812 1895 866 pro-

305 889 488 959 pheta:
521 889 591 943 ad
639 888 809 944 Deum
849 890 1088 945 dicitur:
1123 889 1343 944 Percute
1383 899 1666 960 pastorem,
1721 898 1770 943 et
1812 888 1895 942 di-

307 988 618 1050 spergentur
655 996 771 1035 oves
824 978 1007 1051 (Zach.
1039 978 1258 1051 χχχιιι).
1295 980 1642 1051 Sexagesimo
1684 996 1897 1050 quoque

309 1078 507 1126 octavo
558 1070 789 1141 psalmo,
838 1071 930 1140 qui
970 1079 1116 1126 totus
1161 1087 1193 1125 a
1250 1071 1478 1126 Domino
1522 1071 1734 1125 canitur
1772 1071 1897 1125 huic

309 1160 497 1216 sensui
523 1169 878 1231 congruente,
911 1158 1171 1226 Quoniam
1195 1177 1348 1231 quem
1372 1170 1427 1214 tu
1452 1161 1774 1231 percussisti,
1797 1161 1896 1230 ipsi

308 1249 571 1319 persecuti
614 1259 753 1304 sunt.
811 1249 1118 1305 Percutitur
1168 1260 1347 1305 autem
1400 1259 1585 1320 pastor
1616 1250 1788 1304 bonus
1840 1259 1899 1304 ut

309 1350 480 1411 ponat
505 1342 738 1396 animam
765 1357 864 1412 pro
888 1341 1079 1397 ovibus
1116 1341 1230 1396 suis
1255 1350 1312 1397 et
1342 1342 1408 1396 de
1441 1340 1625 1397 multis
1644 1342 1896 1413 gregibus

309 1412 568 1486 errorum
599 1431 695 1486 liat
721 1448 860 1488 unus
893 1447 1023 1501 grex
1059 1441 1115 1487 et
1136 1447 1276 1487 unus
1298 1440 1500 1502 pastor.

387 1523 676 1593 Posfquam
692 1523 1214 1581 auteniresurrexero
1235 1527 1527 1596 praecedam
1557 1543 1643 1581 vos
1671 1528 1726 1581 in
1749 1523 1915 1580 Gali-1

310 1612 490 1667 lwam.
537 1614 760 1685 (Μλυιι.)
784 1614 946 1670 Sicut
974 1616 1120 1671 enim
1160 1615 1228 1670 ad
1263 1617 1566 1685 passionem
1598 1631 1896 1687 properans

311 1702 496 1760 locum
539 1706 863 1775 praulixerat
912 1708 1178 1777 passionis
1213 1707 1453 1764 futurum
1490 1710 1545 1764 in
1592 1709 1891 1766 Jerusalem

313 1816 426 1870 quo
478 1804 661 1858 mmsti
705 1804 833 1860 lacti
864 1817 990 1861 sunt
1016 1805 1285 1876 discipuli,
1321 1806 1397 1861 ita
1433 1814 1489 1861 et
1541 1806 1718 1862 locum
1756 1821 1899 1876 prae-

312 1891 453 1947 dixit
471 1894 660 1949 essein
686 1894 902 1951 Galiltea
925 1896 978 1950 in
1008 1910 1115 1965 quo
1141 1911 1427 1966 resurgens
1454 1911 1484 1949 a
1507 1895 1735 1975 mortuis
1762 1911 1895 1952 con-

313 1981 635 2039 solationem
665 1985 888 2044 visionis
916 2002 1028 2041 suae
1061 1987 1142 2041 eis
1182 1986 1468 2057 praeberet.
1824 2050 1841 2059 _

323 2129 333 2139 ,
390 2072 727 2146 Respondeas
776 2087 950 2133 autem
996 2078 1186 2135 Petrus
1238 2081 1311 2134 ait
1357 2079 1483 2134 illi:
1526 2078 1595 2133 Et
1633 2081 1680 2133 si
1718 2097 1896 2136 omnes

313 2164 662 2219 scandalizati
686 2167 881 2235 fuerint
906 2169 959 2223 in
988 2179 1055 2235 te,
1078 2187 1171 2240 ego
1187 2186 1452 2242 nunquam
1474 2170 1893 2226 scandalizabor.

317 2252 590 2327 (Hieron.)
618 2256 734 2312 Non
769 2267 852 2314 est
882 2262 1158 2317 temeritas
1186 2278 1288 2318 nec
1334 2262 1674 2317 mendacium
1694 2303 1709 2328 ,
1762 2262 1897 2317 lides

314 2352 403 2399 est
432 2347 655 2414 apostoli
692 2347 861 2414 Petri,
892 2358 946 2405 et
971 2352 1172 2406 ardens
1196 2352 1423 2407 all'ectus
1450 2367 1577 2422 erga
1610 2354 1895 2408 Dominum

318 2434 675 2493 Salvatorem.
718 2441 776 2495 ln
811 2449 1018 2497 tantum
1055 2444 1198 2499 enim
1227 2454 1281 2500 et
1324 2442 1516 2500 affectu
1547 2455 1603 2499 et
1630 2446 1895 2501 charitate

313 2524 515 2582 Christi
537 2528 1017 2598 ellerebatur,utet
1038 2534 1459 2591 imbecillitatem
1490 2538 1669 2593 carnis
1682 2553 1811 2603 sum,
1841 2546 1898 2594 et

314 2617 478 2673 ﬁdem
526 2622 816 2677 verborum
872 2624 967 2679 Dei
1007 2641 1116 2681 non
1152 2636 1521 2694 contueretur,
1560 2630 1716 2698 quasi
1765 2645 1894 2686 vero

311 2710 461 2765 dicta
488 2712 604 2783 ejus
629 2713 919 2775 ellicienda-
937 2734 1043 2773 non
1066 2728 1267 2776 essent.

385 2803 475 2857 Ait
505 2804 583 2859 illi
616 2805 774 2862 Jesus
806 2827 819 2861 :
852 2808 1017 2865 Amen
1061 2811 1179 2865 dico
1221 2812 1314 2868 tibi
1342 2815 1465 2885 quia
1503 2817 1557 2870 in
1598 2818 1697 2871 hac
1747 2827 1895 2874 nocte

311 2902 593 2965 antequam
625 2897 797 2966 gallus
833 2909 1023 2967 cantet,
1051 2910 1130 2956 ter
1156 2919 1236 2957 me
1258 2905 1484 2974 negabis.
1512 2906 1579 2961 Et
1607 2907 1800 2965 Petrus
1827 2910 1893 2965 de

311 2985 507 3040 ardore
532 2986 654 3041 ﬁdei
692 2990 1061 3058 promittebat,
1093 3000 1150 3047 at
1173 2993 1429 3050 Salvator
1449 2999 1604 3066 quasi
1639 3000 1780 3055 Deus
1808 3000 1893 3057 fu-

311 3082 437 3128 tura
469 3086 710 3131 noverat.
741 3079 807 3133 Et
851 3088 976 3135 nota
1007 3084 1150 3152 quod
1203 3083 1397 3141 Petrus
1431 3087 1486 3142 in
1526 3098 1684 3146 nocte
1708 3101 1885 3162 neget,

310 3171 369 3217 et
402 3173 561 3235 neget
611 3169 792 3223 tertio.
826 3170 1116 3241 Postquam
1149 3182 1327 3230 autem
1371 3178 1544 3247 gallus
1586 3182 1803 3250 cecinit,
1834 3192 1889 3240 et

310 3251 750 3311 decrescentibus
805 3260 1043 3317 tenebris
1096 3263 1273 3319 vicina
1340 3265 1432 3322 lux
1467 3270 1714 3325 nuntiata
1786 3280 1890 3340 est,

311 3359 592 3399 conversus
637 3349 777 3417 ﬂevit
806 3366 1006 3417 amare,
1059 3356 1360 3424 negationis
1418 3360 1605 3415 sordes
1638 3361 1895 3434 lacrymis

309 3432 519 3491 lavans.
552 3436 732 3510 (ΗΑΒ.)
755 3439 872 3495 Non
893 3451 977 3497 est
988 3459 1119 3499 sane
1138 3448 1508 3505 arbitrandum
1537 3465 1657 3508 esse
1678 3432 1894 3509 contra-

309 3526 451 3580 rium
520 3530 660 3596 quod
702 3531 880 3587 Marco
940 3534 1168 3602 dicente,
1217 3537 1535 3611 Priusquam
1588 3544 1759 3614 gallus
1814 3546 1891 3601 bis

306 3631 500 3670 vocem
534 3618 741 3673 dederit
770 3630 849 3675 ter
880 3639 962 3677 me
994 3641 1048 3678 es
1092 3636 1395 3695 negaturus,
1429 3633 1610 3687 cazteri
1659 3649 1891 3705 evange—

305 3702 447 3758 lista:
478 3705 794 3776 simpliciter
828 3710 1102 3776 dixerunt,
1134 3711 1453 3786 Priusquam
1480 3718 1653 3787 gallus
1692 3702 1886 3789 cantet,

302 3805 390 3849 ter
431 3813 512 3850 me
555 3800 785 3869 negabis.
839 3799 1020 3876 (.lug.)
1067 3803 1203 3858 Tota
1253 3807 1398 3860 enim
1446 3807 1592 3861 Petri
1646 3812 1884 3881 negatio,

302 3887 450 3942 trina
481 3892 695 3960 negatio
720 3901 822 3946 est.
855 3893 910 3947 lu
952 3895 1142 3950 eadem
1169 3911 1401 3967 namque
1449 3902 1747 3969 permansit
1794 3918 1888 3959 ne-

298 3978 522 4047 gatione
559 3982 723 4036 animi
760 3985 1140 4055 propositoque
1167 3987 1452 4058 mendacii,
1501 3992 1669 4049 donec
1703 3995 1887 4051 admo-

299 4069 455 4123 nitus
475 4070 603 4137 quid
633 4072 682 4125 ei
704 4072 1019 4141 przedictum
1046 4075 1116 4130 sit
1139 4092 1324 4133 amaro
1354 4076 1481 4135 ﬂetu
1507 4088 1561 4135 et
1587 4082 1767 4138 cordis
1791 4082 1887 4140 do-

297 4161 423 4217 lore
449 4174 750 4219 sanaretur.
781 4165 905 4221 H330
930 4178 1108 4223 autem
1140 4179 1273 4238 tota,
1297 4172 1353 4227 id
1375 4182 1459 4230 est
1480 4176 1620 4231 trina
1648 4179 1880 4250 negatio,

294 4253 347 4307 si
366 4262 501 4335 'post
528 4256 759 4324 primum
790 4258 915 4327 galli
967 4270 1185 4317 cantum
1210 4265 1490 4336 inciperet,
1548 4268 1743 4325 falsum
1793 4273 1878 4328 di-

295 4342 453 4398 xisse
480 4345 793 4401 viderentur
826 4356 957 4415 tres,
980 4351 1070 4419 qui
1097 4352 1348 4409 dixerunt
1368 4357 1571 4414 dixisse
1592 4359 1881 4418 Dominum

295 4432 447 4501 quod
470 4442 755 4505 antequam
785 4436 955 4507 gallus
979 4450 1239 4508 cantaret,
1278 4453 1359 4498 ter
1377 4461 1498 4501 eum
1528 4447 1717 4505 Petrus
1737 4462 1881 4507 esset

1999 520 2138 572 trina
2187 534 2317 575 voce
2346 522 2624 575 enuntiata
2675 522 2767 588 sit,
2801 538 2921 577 eum
2964 538 3060 578 cor
3102 522 3218 589 ejus
3255 523 3418 577 etiam
3457 531 3583 579 ante

1996 609 2233 679 primum
2271 609 2395 681 galli
2446 624 2666 667 cantum
2707 622 2818 667 tota
2868 614 3172 684 possederit
3231 622 3336 669 tam
3391 632 3581 686 magna

1998 697 2207 753 scilicet
2238 697 2525 755 formidine
2554 702 2822 768 imbibita,
2853 712 2912 757 ut
2951 713 3135 775 posset
3163 706 3445 760 Dominum
3477 723 3580 761 nou

1999 787 2169 843 solum
2202 789 2392 856 semel,
2424 792 2517 848 sed
2566 793 2761 847 iterum
2791 803 2847 849 et
2894 798 3054 851 tertio
3107 798 3469 867 interrogatus
3495 816 3586 854 ue-

1998 892 2146 949 gare,
2192 888 2252 932 ut
2299 880 2501 937 rectius
2537 881 2954 954 diligentiusque
2989 889 3413 954 attendentibus,
3455 906 3588 959 quo-

2000 968 2160 1022 modo
2181 967 2291 1039 jam
2320 972 2624 1028 mmehatus
2650 982 2732 1028 est
2772 974 3052 1030 mulierem
3100 978 3151 1031 in
3182 977 3341 1033 corde
3366 996 3463 1033 suo
3491 979 3581 1048 qui

1997 1075 2118 1117 eam
2149 1061 2344 1117 viderit
2364 1063 2432 1119 ad
2462 1066 2987 1139 concupiscendum;
3021 1069 3100 1123 sic
3129 1069 3321 1125 Petrus
3348 1072 3589 1140 quamle-

1997 1167 2211 1222 cunque
2238 1154 2416 1210 verbis
2446 1156 2631 1212 ederet
2668 1158 2937 1226 timorem,
2971 1176 3129 1231 quem
3163 1170 3272 1216 tam
3301 1164 3588 1217 vehemen-

1998 1251 2103 1298 tem
2135 1246 2317 1301 animo
2344 1257 2687 1320 conceperat,
2716 1260 2774 1306 ut
2797 1253 3091 1322 perdurare
3120 1265 3303 1324 posset
3326 1272 3493 1326 usque
3521 1258 3590 1311 ad

1999 1338 2212 1393 tertiam
2257 1339 2466 1396 Domini
2519 1345 2878 1415 negationem,
2934 1356 3044 1401 tota
3095 1349 3233 1404 trina
3276 1352 3491 1421 negatio
3540 1354 3589 1408 ei

1999 1429 2222 1497 tempori
2256 1431 2560 1501 deputanda
2590 1445 2694 1500 cst,
2726 1437 2946 1506 quando
2974 1453 3095 1494 eum
3124 1440 3279 1495 trium
3316 1443 3590 1513 uegationi

1996 1518 2268 1578 suﬂiciens
2298 1523 2460 1579 timor
2488 1525 2707 1583 invasit.

2066 1613 2151 1669 Ait
2182 1613 2260 1668 illi
2274 1614 2467 1672 Petrus
2488 1632 2506 1671 :
2530 1618 2760 1676 Etiamsi
2797 1626 3083 1693 oportuerit
3111 1642 3192 1680 me
3226 1628 3361 1682 mori
3397 1637 3587 1695 (ecum,

1995 1723 2099 1761 non
2120 1717 2169 1763 le
2207 1710 2425 1779 negabo.
2456 1710 2713 1767 Similiter
2750 1724 2796 1771 et
2823 1732 2998 1772 omnes
3026 1717 3278 1789 discipuli
3317 1721 3584 1776 dixerunt.

2004 1796 2230 1870 (ΜΑωι.)
2258 1800 2531 1857 Intellexit
2567 1818 2695 1875 ergo
2723 1805 2915 1861 Petrus
2938 1807 3229 1864 Dominum
3258 1825 3367 1879 pra:
3398 1813 3588 1867 timore

2000 1892 2191 1946 mortis
2237 1907 2361 1947 eum
2405 1893 2610 1949 dixisse
2668 1910 2727 1951 se
2770 1905 3114 1968 negaturum,
3146 1914 3254 1970 quo
3284 1902 3388 1957 hoc
3426 1920 3590 1960 excu-

2000 1980 2153 2036 sabat
2179 1995 2260 2046 se,
2317 1981 2444 2037 licet
2476 1985 2772 2054 periculum
2803 1989 2994 2043 mortis
3023 1990 3333 2047 immineret
3363 2002 3415 2048 et
3444 1997 3589 2052 nullo

1995 2071 2159 2126 modo
2187 2071 2254 2126 ab
2300 2072 2415 2142 ejus
2445 2075 2548 2128 lide
2575 2083 2629 2129 et
2670 2076 3006 2134 confessione
3032 2095 3192 2149 posse
3227 2083 3588 2154 divelli.quod

1998 2168 2053 2215 et
2078 2160 2168 2215 alii
2211 2162 2439 2232 apostoli
2476 2166 2666 2219 eodem
2692 2167 2886 2222 ardore
2914 2169 3155 2242 instigati
3182 2172 3250 2229 de
3283 2177 3589 2245 semetipsis

1997 2253 2412 2321 prmsumebant.
2452 2254 2588 2309 Nam
2641 2257 2768 2326 quia
2803 2260 3065 2329 scriptum
3108 2272 3210 2317 est.
3272 2262 3459 2320 Valida
3508 2278 3580 2321 est

1998 2348 2053 2392 ut
2107 2356 2247 2394 mors
2285 2340 2495 2396 dilectio
2538 2341 2714 2414 (Cant.
2761 2347 2905 2417 vm),
2948 2364 3045 2418 per
3095 2351 3345 2407 ardorem
3393 2357 3587 2411 mentis

1995 2446 2102 2484 non
2131 2432 2424 2487 timuerunt
2448 2433 2704 2491 damnum
2725 2439 2933 2495 mortis.
2964 2440 3069 2496 Sed
3093 2456 3216 2497 vera
3242 2444 3328 2500 illa
3353 2446 3590 2504 Psalmo-

1996 2523 2181 2594 grapbi
2208 2526 2474 2580 sententia
2500 2544 2511 2579 :
2543 2526 2664 2582 Nisi
2693 2528 2946 2587 Dominus
2970 2533 3273 2588 custodierit
3304 2537 3585 2603 civitatem,

1994 2612 2051 2665 in
2102 2629 2295 2668 vanum
2326 2614 2537 2684 vigilant
2565 2618 2657 2688 qui
2685 2619 2987 2677 custodiunt
3008 2638 3123 2677 eam
3158 2621 3331 2695 (Psal.
3372 2630 3581 2699 cxxvi).

1997 2703 2316 2778 [Aug.]ldeo
2340 2708 2601 2763 vaua'l‘uit
2622 2714 2970 2783 prmumptio
2993 2715 3225 2769 humana
3260 2716 3376 2772 sine
3401 2729 3587 2786 prote-

1994 2796 2172 2852 ctione
2188 2798 2388 2854 divina.
2405 2798 2515 2855 Nec
2537 2806 2965 2871 praetereundum
2979 2815 3059 2861 est
3077 2809 3219 2877 quod
3233 2808 3514 2867 Matthaeus
3534 2821 3589 2868 et

1992 2883 2207 2942 Marcus
2253 2889 2372 2957 pari
2402 2890 2592 2946 ordine
2640 2900 2696 2946 et
2733 2893 2920 2950 eodem
2954 2898 3281 2953 narrationis
3310 2914 3421 2955 suae
3470 2902 3588 2959 loco

1990 2976 2326 3045 negationem
2356 2977 2503 3034 Petri
2553 2983 2897 3052 subuectunt,
2929 2988 3155 3057 apostoli
3193 2991 3353 3047 ambo
3401 3006 3589 3062 postea

1991 3082 2152 3136 quam
2207 3070 2467 3127 Dominus
2504 3086 2756 3139 egressus
2787 3083 2871 3130 est
2908 3091 2973 3131 ex
3022 3078 3110 3132 illa
3134 3080 3294 3136 domo
3318 3082 3407 3136 ubi
3438 3099 3590 3139 mau-

1916 3163 1960 3226 C
1991 3158 2325 3216 ducaverunt
2349 3164 2572 3235 pascha,
2593 3164 2770 3222 Lucas
2794 3183 2923 3223 vero
2951 3177 3003 3224 et
3028 3168 3267 3229 Joannes
3296 3182 3584 3247 antequam

2000 3249 2125 3306 inde
2150 3261 2293 3309 esset
2329 3268 2600 3326 egressus.
2634 3256 2741 3314 Sed
2777 3258 2932 3317 facile
2966 3278 3251 3332 possumus
3283 3266 3586 3340 intelligere

1997 3350 2090 3396 aut
2118 3342 2237 3398 illos
2265 3344 2398 3400 duos
2439 3362 2558 3402 eam
2599 3351 3006 3420 recapitulando
3030 3356 3298 3425 posuisse,
3336 3368 3431 3414 aut
3454 3360 3587 3417 istos

1993 3436 2438 3505 praeoccupando,
2466 3440 2567 3494 nisi
2599 3443 2773 3513 magis
2799 3454 3039 3501 moveret
3058 3444 3205 3517 quod
3238 3455 3347 3503 tam
3373 3450 3585 3508 diversa

1992 3540 2101 3580 non
2125 3535 2330 3582 tantum
2357 3530 2542 3597 verba,
2570 3534 2665 3588 sed
2688 3534 2855 3590 etiam
2884 3540 3185 3594 sententias
3207 3540 3419 3598 Domini
3447 3559 3585 3613 prte-

1993 3619 2218 3674 mittunt
2258 3622 2454 3691 quibus
2518 3635 2796 3693 permotus
2858 3627 3052 3685 Petrus
3119 3632 3267 3685 illam
3313 3648 3578 3702 praesum-

1989 3710 2229 3776 ptionem
2266 3712 2552 3779 proferret,
2586 3715 2671 3769 vel
2695 3730 2818 3769 cum
2857 3718 3084 3774 Domino
3114 3720 3196 3775 vel
3224 3737 3322 3790 pro
3350 3723 3578 3781 Domino

1989 3797 2276 3865 moriendi,
2301 3808 2359 3853 ut
2401 3802 2574 3871 magis
2598 3812 2794 3874 cogant
2822 3804 3044 3878 intelligi
3072 3809 3157 3863 vel
3192 3817 3274 3865 ter
3298 3827 3421 3867 eum
3479 3830 3578 3870 ex-

1990 3888 2259 3959 pressisse
2284 3893 2764 3962 praesumptionem
2794 3911 2946 3952 suam
2970 3900 3199 3957 diversis
3220 3902 3353 3959 locis
3377 3904 3441 3958 ad
3470 3921 3581 3961 ser-

1990 3993 2177 4035 mones
2220 3978 2440 4048 Christi,
2470 3991 2525 4037 et
2564 3992 2645 4039 ter
2687 3985 2765 4039 illi
2789 3987 3073 4044 a'Domino
3094 4005 3412 4061 responsum
3434 3997 3579 4065 quod

1988 4085 2112 4126 eum
2140 4079 2288 4126 esset
2315 4081 2439 4128 ante
2489 4074 2615 4146 galli
2644 4085 2863 4133 cautum
2892 4087 2977 4135 ter
3021 4092 3333 4152 negaturus.
3393 4085 3577 4158 Neque

1986 4160 2130 4215 enim
2153 4162 2465 4219 incredibile
2486 4174 2568 4221 est
2600 4167 2936 4238 aliquantum
2985 4172 3255 4230 distinctis
3277 4176 3574 4235 intervallis

1987 4261 2288 4323 temporum
2307 4254 2529 4312 Petrum
2541 4269 2867 4316 commotum
2889 4278 3011 4320 esse
3032 4267 3099 4320 ad
3126 4271 3563 4336 praisumendum

1986 4345 2127 4400 sicut
2152 4347 2219 4401 ad
2247 4349 2571 4417 negandum,
2619 4352 2703 4407 vel
2743 4354 2792 4408 ei
2824 4354 3109 4411 Dominum
3151 4359 3352 4429 aliquid
3384 4373 3464 4416 ter
3499 4363 3572 4418 si-

1988 4433 2188 4489 militer
2208 4437 2567 4505 respondisse.
2592 4439 3036 4511 Quandoquidem
3062 4447 3225 4503 etiam
3272 4453 3568 4508 contextim

295 4531 614 4592 negatum5_
669 4525 876 4583 Rursus
910 4530 954 4585 si
978 4539 1145 4587 totum
1173 4536 1366 4591 mnam
1393 4540 1729 4609 negalionem
1756 4552 1880 4600 ante
1905 4513 1959 4575 D
1986 4522 2145 4579 nullis
2194 4525 2314 4581 aliis
2347 4527 2680 4599 interpositis
2706 4534 2867 4588 rebus
2897 4543 2991 4589 aut
3021 4538 3199 4593 verbis
3220 4548 3344 4610 post
3376 4557 3562 4598 resur-

294 4614 600 4684 peregisset
632 4632 792 4685 quam
821 4629 1040 4677 cantare
1079 4624 1249 4695 gallus
1290 4627 1569 4698 inciperet,
1615 4633 1885 4702 superﬂuo

299 4701 508 4758 dixisse
537 4704 752 4760 Marcus
782 4708 1274 4778 deprehenderetur
1302 4732 1367 4771 ex
1389 4734 1619 4789 persona
1645 4701 1879 4791 Domini,

296 4791 467 4846 Amen
498 4794 615 4847 dico
644 4797 736 4850 tibi
772 4799 982 4881 quia~tu
1012 4801 1065 4855 in
1096 4814 1241 4858 nocte
1262 4806 1361 4861 hac
1389 4813 1693 4881 priusquam
1709 4814 1882 4884 gallus

299 4881 383 4935 bis
418 4900 587 4939 vocem
611 4886 830 4953 dederit,
856 4900 935 4944 ter
960 4909 1040 4946 me
1064 4905 1343 4964 negaturus
1362 4916 1435 4954 es.
1462 4900 1567 4957 Sed
1595 4881 1726 4973 quia
1754 4915 1880 4961 ante

297 4977 533 5045 primum
558 4980 678 5047 galli
706 4991 920 5038 cantum
948 4994 1120 5055 erepta
1144 4997 1225 5042 est
1249 4988 1389 5044 trina
1424 4993 1510 5048 illa
1533 4997 1763 5066 negatio,
1792 5007 1876 5053 at-

301 5067 591 5123 tenderunt
614 5070 692 5125 illi
716 5079 824 5127 tres
853 5089 958 5128 non
984 5077 1197 5144 quando
1211 5094 1330 5133 eam
1353 5083 1714 5152 completurus
1735 5095 1878 5141 esset

299 5154 523 5223 Petrus,
572 5160 666 5214 sed
705 5169 907 5230 quanta
957 5163 1138 5220 futura
1180 5177 1344 5234 esset,
1390 5172 1711 5242 quandoque
1764 5189 1876 5229 ca:-

299 5253 490 5316 plura;
539 5249 592 5302 id
632 5260 737 5316 est,
772 5253 898 5322 quia
927 5253 1066 5309 trina
1090 5263 1143 5310 et
1168 5257 1292 5325 quia
1321 5268 1445 5314 ante
1467 5261 1589 5331 galli
1630 5270 1870 5329 cantum,

301 5350 608 5407 quanquam
639 5340 1015 5412 inanimoejus
1032 5352 1222 5401 etante
1247 5346 1477 5417 primum
1493 5350 1618 5421 galli
1655 5361 1871 5408 cantum

302 5433 415 5480 tota
446 5429 614 5497 possit
640 5431 883 5504 intelligi.
924 5434 1179 5501 Quamvis
1220 5437 1364 5492 enim
1409 5439 1587 5494 verbis
1631 5445 1875 5514 negantis

304 5526 429 5573 ante
462 5522 690 5591 primum
745 5533 943 5597 empta,
993 5537 1118 5584 ante
1171 5531 1465 5586 secundum
1519 5542 1698 5589 autem
1749 5537 1873 5607 galli

304 5620 520 5666 cantum
546 5623 763 5684 peracta
802 5619 872 5671 sit
907 5626 1014 5673 tota
1042 5619 1131 5674 illa
1160 5621 1297 5676 trina
1326 5624 1561 5693 negatio,
1592 5633 1769 5681 tamen
1792 5628 1872 5681 al-

304 5697 534 5756 lectione
563 5703 727 5758 animi
754 5713 807 5760 et
830 5707 1019 5763 timore
1044 5708 1186 5763 Petri
1214 5718 1336 5765 ante
1358 5711 1588 5781 primum
1615 5722 1722 5769 tota
1748 5731 1874 5772 con-

1986 4614 2281 4670 rectionem
2307 4625 2390 4672 ter
2417 4617 2563 4673 illum
2592 4620 3008 4694 interrogaverit
3036 4638 3216 4686 utrum
3268 4644 3497 4701 amaret,
3517 4646 3571 4693 et

1988 4711 2071 4759 ter
2104 4706 2154 4760 ei
2181 4707 2284 4762 hoc
2303 4712 2649 4780 respondenti
2678 4715 2843 4770 etiam
2875 4718 2990 4789 ipse
3012 4723 3326 4779 mandatum
3349 4728 3415 4782 de
3446 4744 3565 4797 pas-

1985 4797 2170 4853 cendis
2190 4800 2379 4856 ovibus
2391 4803 2503 4858 suis
2516 4821 2682 4860 unum
2706 4807 2955 4878 idemque
2977 4819 3058 4866 ter
3079 4817 3335 4886 prmcepit
3374 4817 3558 4889 (Joan.

1982 4892 2121 4964 χιι.)
2154 4893 2268 4949 Hoc
2302 4895 2486 4966 itaque
2514 4899 2839 4956 credendum
2866 4913 2950 4960 est
2975 4908 3119 4975 quod
3157 4917 3239 4964 ter
3265 4913 3562 4968 ostenderit

1985 4989 2459 5058 praesumptionem
2498 5007 2647 5046 suam
2678 4994 2871 5051 Petrus
2892 5006 2947 5052 et
2980 5000 3047 5054 de
3087 5002 3226 5054 trina
3258 5016 3356 5055 sua
3398 5017 3563 5069 nega-

1986 5084 2130 5139 tione
2154 5092 2238 5140 ter
2260 5101 2288 5139 a
2318 5084 2545 5142 Domino
2570 5089 2818 5145 audierit.
2848 5091 3141 5163 Sequitur:

2059 5173 2205 5227 Tunc
2230 5176 2361 5229 venit
2406 5175 2562 5231 Iesus
2600 5195 2717 5233 cum
2760 5181 2865 5236 illis
2904 5184 2959 5237 in
2993 5183 3169 5238 villam
3197 5202 3315 5255 quae
3366 5188 3565 5243 dicitur

1984 5259 2353 5317 Gethsemami.
2408 5264 2463 5320 lu
2488 5265 2635 5321 Luca
2661 5269 2733 5322 ita
2762 5270 3020 5340 scriptum
3060 5282 3145 5328 est
3179 5292 3193 5327 :
3233 5274 3301 5328 Et
3326 5292 3563 5346 egressus

1981 5352 2088 5406 ibat
2123 5353 2407 5407 secundum
2456 5358 2878 5413 consuetudinem
2916 5360 2971 5414 in
3031 5372 3257 5418 montem
3291 5361 3565 5422 Olivarum

1982 5441 2132 5513 (Luc.
2158 5442 2317 5513 xxu).
2364 5444 2430 5499 Et
2462 5446 2514 5500 in
2556 5446 2803 5503 Joanne:
2832 5447 2961 5504 Hinc
3007 5467 3124 5507 cum
3148 5454 3365 5509 dixisset
3405 5455 3562 5513 Iesus

1979 5550 2217 5604 egressus
2269 5547 2345 5590 est
2412 5555 2528 5593 cum
2591 5540 2862 5611 discipulis
2916 5546 3026 5599 suis
3081 5557 3228 5602 trans
3280 5560 3560 5607 torrentem

1981 5624 2206 5691 Cedron,
2231 5629 2320 5682 ubi
2370 5642 2479 5685 erat
2537 5633 2716 5686 hortus
2763 5632 2944 5703 (Joan.
2994 5638 3168 5711 mu).
3218 5640 3369 5708 Quod
3414 5644 3562 5699 nullo

1982 5715 2143 5771 modo
2172 5721 2505 5774 contrarium
2555 5731 2633 5777 est
2684 5723 2953 5791 Matthmo,
2985 5730 3071 5798 qui
3103 5731 3167 5786 de
3214 5730 3558 5790 Gethsemani
