  <div class='ocr_page' id='page_1' title='image "/cluster/home/n/w/nwhite01/storage/ocr_20150623/107/hvd.32044054759725/561.png"; bbox 0 0 3998 6188; ppageno 0'>
   <div class='ocr_carea' id='block_1_1' title="bbox 458 347 588 403">
    <p class='ocr_par' dir='ltr' id='par_1_1' title="bbox 458 347 588 403">
     <span class='ocr_line' id='line_1_1' title="bbox 458 347 588 403; baseline 0.008 -1"><span class='ocrx_word' id='word_1_1' title='bbox 458 347 588 403; x_wconf 77' lang='lat' dir='ltr'><strong>HM</strong></span> 
     </span>
    </p>
   </div>
   <div class='ocr_carea' id='block_1_2' title="bbox 1129 346 3057 408">
    <p class='ocr_par' dir='ltr' id='par_1_2' title="bbox 1129 346 3057 408">
     <span class='ocr_line' id='line_1_2' title="bbox 1129 346 3057 408; baseline 0.002 -5"><span class='ocrx_word' id='word_1_2' title='bbox 1129 350 1189 404; x_wconf 87' lang='grc' dir='ltr'><strong>Β.</strong></span> <span class='ocrx_word' id='word_1_3' title='bbox 1226 346 1479 406; x_wconf 77' lang='lat' dir='ltr'><strong>RABANI</strong></span> <span class='ocrx_word' id='word_1_4' title='bbox 1515 348 1733 408; x_wconf 76' lang='lat' dir='ltr'><strong>MAURI</strong></span> <span class='ocrx_word' id='word_1_5' title='bbox 1771 349 2086 407; x_wconf 75' lang='lat' dir='ltr'><strong>ARCHIEP.</strong></span> <span class='ocrx_word' id='word_1_6' title='bbox 2131 350 2437 407; x_wconf 80' lang='lat' dir='ltr'><strong>MOGUNT.</strong></span> <span class='ocrx_word' id='word_1_7' title='bbox 2480 350 2765 407; x_wconf 72' lang='lat' dir='ltr'><strong>OPERUM</strong></span> <span class='ocrx_word' id='word_1_8' title='bbox 2802 350 2980 408; x_wconf 77' lang='lat' dir='ltr'><strong>PARS</strong></span> <span class='ocrx_word' id='word_1_9' title='bbox 3017 352 3057 407; x_wconf 90' lang='grc' dir='ltr'><strong>ῐ.</strong></span> 
     </span>
    </p>
   </div>
   <div class='ocr_carea' id='block_1_3' title="bbox 3572 355 3729 409">
    <p class='ocr_par' dir='ltr' id='par_1_3' title="bbox 3572 355 3729 409">
     <span class='ocr_line' id='line_1_3' title="bbox 3572 355 3729 409; baseline -0.006 0"><span class='ocrx_word' id='word_1_10' title='bbox 3572 355 3729 409; x_wconf 62' lang='lat' dir='ltr'><strong>Illi</strong></span> 
     </span>
    </p>
   </div>
   <div class='ocr_carea' id='block_1_4' title="bbox 454 460 3729 537">
    <p class='ocr_par' dir='ltr' id='par_1_4' title="bbox 454 460 3729 537">
     <span class='ocr_line' id='line_1_4' title="bbox 454 460 3729 537; baseline -0.001 -16"><span class='ocrx_word' id='word_1_11' title='bbox 454 463 713 521; x_wconf 87' lang='lat' dir='ltr'><strong>narravit.</strong></span> <span class='ocrx_word' id='word_1_12' title='bbox 746 465 1074 522; x_wconf 84' lang='lat' dir='ltr'><strong>Monstratur</strong></span> <span class='ocrx_word' id='word_1_13' title='bbox 1092 465 1235 521; x_wconf 91' lang='lat' dir='ltr'><strong>enim</strong></span> <span class='ocrx_word' id='word_1_14' title='bbox 1261 481 1432 537; x_wconf 83' lang='lat' dir='ltr'><strong>usque</strong></span> <span class='ocrx_word' id='word_1_15' title='bbox 1452 466 1614 522; x_wconf 84' lang='lat' dir='ltr'><strong>hodie</strong></span> <span class='ocrx_word' id='word_1_16' title='bbox 1640 467 1790 522; x_wconf 89' lang='lat' dir='ltr'><strong>locus</strong></span> <span class='ocrx_word' id='word_1_17' title='bbox 1816 464 2035 521; x_wconf 50' lang='lat' dir='ltr'><strong>Gethsca</strong></span> <span class='ocrx_word' id='word_1_18' title='bbox 2061 468 2109 527; x_wconf 83' lang='lat' dir='ltr'><strong>A</strong></span> <span class='ocrx_word' id='word_1_19' title='bbox 2138 460 2333 516; x_wconf 85' lang='lat' dir='ltr'><strong>simum</strong></span> <span class='ocrx_word' id='word_1_20' title='bbox 2362 460 2553 516; x_wconf 85' lang='lat' dir='ltr'><strong>Judam</strong></span> <span class='ocrx_word' id='word_1_21' title='bbox 2604 471 2657 517; x_wconf 90' lang='lat' dir='ltr'><strong>et</strong></span> <span class='ocrx_word' id='word_1_22' title='bbox 2705 464 3013 517; x_wconf 75' lang='lat' dir='ltr'><strong>scandalum</strong></span> <span class='ocrx_word' id='word_1_23' title='bbox 3056 463 3295 517; x_wconf 91' lang='lat' dir='ltr'><strong>omnium</strong></span> <span class='ocrx_word' id='word_1_24' title='bbox 3345 466 3729 534; x_wconf 71' lang='lat' dir='ltr'><strong>apostolorum</strong></span> 
     </span>
    </p>
   </div>
   <div class='ocr_carea' id='block_1_5' title="bbox 456 554 2031 627">
    <p class='ocr_par' dir='ltr' id='par_1_5' title="bbox 456 554 2031 627">
     <span class='ocr_line' id='line_1_5' title="bbox 456 554 2031 627; baseline 0 -18"><span class='ocrx_word' id='word_1_25' title='bbox 456 556 600 610; x_wconf 84' lang='lat' dir='ltr'><strong>mani</strong></span> <span class='ocrx_word' id='word_1_26' title='bbox 630 556 683 611; x_wconf 91' lang='lat' dir='ltr'><strong>in</strong></span> <span class='ocrx_word' id='word_1_27' title='bbox 707 572 815 627; x_wconf 91' lang='lat' dir='ltr'><strong>quo</strong></span> <span class='ocrx_word' id='word_1_28' title='bbox 850 556 1111 611; x_wconf 87' lang='lat' dir='ltr'><strong>Dominus</strong></span> <span class='ocrx_word' id='word_1_29' title='bbox 1135 556 1309 611; x_wconf 88' lang='lat' dir='ltr'><strong>oravit</strong></span> <span class='ocrx_word' id='word_1_30' title='bbox 1343 557 1412 610; x_wconf 90' lang='lat' dir='ltr'><strong>ad</strong></span> <span class='ocrx_word' id='word_1_31' title='bbox 1446 556 1655 611; x_wconf 82' lang='lat' dir='ltr'><strong>radices</strong></span> <span class='ocrx_word' id='word_1_32' title='bbox 1685 556 1882 611; x_wconf 91' lang='lat' dir='ltr'><strong>montis</strong></span> <span class='ocrx_word' id='word_1_33' title='bbox 1919 554 2031 609; x_wconf 90' lang='lat' dir='ltr'><strong>Oli-</strong></span> 
     </span>
    </p>
   </div>
   <div class='ocr_carea' id='block_1_6' title="bbox 454 644 2030 716">
    <p class='ocr_par' dir='ltr' id='par_1_6' title="bbox 454 644 2030 716">
     <span class='ocr_line' id='line_1_6' title="bbox 454 644 2030 716; baseline 0.002 -19"><span class='ocrx_word' id='word_1_34' title='bbox 454 647 585 702; x_wconf 74' lang='lat' dir='ltr'><strong>veti.</strong></span> <span class='ocrx_word' id='word_1_35' title='bbox 614 646 718 703; x_wconf 91' lang='lat' dir='ltr'><strong>Ubi</strong></span> <span class='ocrx_word' id='word_1_36' title='bbox 764 645 1110 716; x_wconf 79' lang='lat' dir='ltr'><strong>intelligimus</strong></span> <span class='ocrx_word' id='word_1_37' title='bbox 1142 645 1293 700; x_wconf 89' lang='lat' dir='ltr'><strong>illum</strong></span> <span class='ocrx_word' id='word_1_38' title='bbox 1338 644 1507 701; x_wconf 89' lang='lat' dir='ltr'><strong>fuisse</strong></span> <span class='ocrx_word' id='word_1_39' title='bbox 1553 647 1771 700; x_wconf 86' lang='lat' dir='ltr'><strong>hortum</strong></span> <span class='ocrx_word' id='word_1_40' title='bbox 1805 646 1870 701; x_wconf 92' lang='lat' dir='ltr'><strong>de</strong></span> <span class='ocrx_word' id='word_1_41' title='bbox 1924 662 2030 716; x_wconf 90' lang='lat' dir='ltr'><strong>quo</strong></span> 
     </span>
    </p>
   </div>
   <div class='ocr_carea' id='block_1_7' title="bbox 452 727 2030 806">
    <p class='ocr_par' dir='ltr' id='par_1_7' title="bbox 452 727 2030 806">
     <span class='ocr_line' id='line_1_7' title="bbox 452 727 2030 806; baseline -0.001 -13"><span class='ocrx_word' id='word_1_42' title='bbox 452 737 691 794; x_wconf 78' lang='lat' dir='ltr'><strong>Joannes</strong></span> <span class='ocrx_word' id='word_1_43' title='bbox 728 727 987 803; x_wconf 88' lang='lat' dir='ltr'><strong>narravit,</strong></span> <span class='ocrx_word' id='word_1_44' title='bbox 1027 751 1275 806; x_wconf 89' lang='lat' dir='ltr'><strong>nuncque</strong></span> <span class='ocrx_word' id='word_1_45' title='bbox 1314 737 1545 806; x_wconf 85' lang='lat' dir='ltr'><strong>desuper</strong></span> <span class='ocrx_word' id='word_1_46' title='bbox 1581 736 1819 792; x_wconf 85' lang='lat' dir='ltr'><strong>Ecclesia</strong></span> <span class='ocrx_word' id='word_1_47' title='bbox 1867 736 2030 791; x_wconf 68' lang='lat' dir='ltr'><strong>aedili-</strong></span> 
     </span>
    </p>
   </div>
   <div class='ocr_carea' id='block_1_8' title="bbox 455 825 2030 898">
    <p class='ocr_par' dir='ltr' id='par_1_8' title="bbox 455 825 2030 898">
     <span class='ocr_line' id='line_1_8' title="bbox 455 825 2030 898; baseline -0.003 -14"><span class='ocrx_word' id='word_1_48' title='bbox 455 838 577 885; x_wconf 88' lang='lat' dir='ltr'><strong>cata</strong></span> <span class='ocrx_word' id='word_1_49' title='bbox 600 836 830 884; x_wconf 92' lang='lat' dir='ltr'><strong>constat.</strong></span> <span class='ocrx_word' id='word_1_50' title='bbox 864 828 1259 898; x_wconf 84' lang='lat' dir='ltr'><strong>Interpretatur</strong></span> <span class='ocrx_word' id='word_1_51' title='bbox 1296 835 1477 882; x_wconf 90' lang='lat' dir='ltr'><strong>autem</strong></span> <span class='ocrx_word' id='word_1_52' title='bbox 1511 826 1856 882; x_wconf 89' lang='lat' dir='ltr'><strong>Gethsemani</strong></span> <span class='ocrx_word' id='word_1_53' title='bbox 1881 825 2030 880; x_wconf 80' lang='lat' dir='ltr'><strong>vallis</strong></span> 
     </span>
    </p>
   </div>
   <div class='ocr_carea' id='block_1_9' title="bbox 453 922 2031 994">
    <p class='ocr_par' dir='ltr' id='par_1_9' title="bbox 453 922 2031 994">
     <span class='ocr_line' id='line_1_9' title="bbox 453 922 2031 994; baseline -0.001 -19"><span class='ocrx_word' id='word_1_54' title='bbox 453 924 726 993; x_wconf 80' lang='lat' dir='ltr'><strong>pinguium</strong></span> <span class='ocrx_word' id='word_1_55' title='bbox 772 923 888 978; x_wconf 83' lang='lat' dir='ltr'><strong>sive</strong></span> <span class='ocrx_word' id='word_1_56' title='bbox 934 923 1330 994; x_wconf 85' lang='lat' dir='ltr'><strong>pinguedinum.</strong></span> <span class='ocrx_word' id='word_1_57' title='bbox 1380 922 1514 989; x_wconf 85' lang='lat' dir='ltr'><strong>Quia</strong></span> <span class='ocrx_word' id='word_1_58' title='bbox 1549 937 1679 977; x_wconf 86' lang='lat' dir='ltr'><strong>vero</strong></span> <span class='ocrx_word' id='word_1_59' title='bbox 1717 937 1824 976; x_wconf 90' lang='lat' dir='ltr'><strong>non</strong></span> <span class='ocrx_word' id='word_1_60' title='bbox 1858 922 2031 977; x_wconf 90' lang='lat' dir='ltr'><strong>solum</strong></span> 
     </span>
    </p>
   </div>
   <div class='ocr_carea' id='block_1_10' title="bbox 454 1012 2031 1083">
    <p class='ocr_par' dir='ltr' id='par_1_10' title="bbox 454 1012 2031 1083">
     <span class='ocr_line' id='line_1_10' title="bbox 454 1012 2031 1083; baseline 0 -15"><span class='ocrx_word' id='word_1_61' title='bbox 454 1014 597 1069; x_wconf 89' lang='lat' dir='ltr'><strong>dicta</strong></span> <span class='ocrx_word' id='word_1_62' title='bbox 634 1013 719 1069; x_wconf 89' lang='lat' dir='ltr'><strong>vel</strong></span> <span class='ocrx_word' id='word_1_63' title='bbox 755 1029 919 1083; x_wconf 87' lang='lat' dir='ltr'><strong>opera</strong></span> <span class='ocrx_word' id='word_1_64' title='bbox 948 1014 1119 1069; x_wconf 85' lang='lat' dir='ltr'><strong>nostri</strong></span> <span class='ocrx_word' id='word_1_65' title='bbox 1150 1012 1466 1080; x_wconf 85' lang='lat' dir='ltr'><strong>Salvatoris,</strong></span> <span class='ocrx_word' id='word_1_66' title='bbox 1490 1030 1680 1069; x_wconf 86' lang='lat' dir='ltr'><strong>verum</strong></span> <span class='ocrx_word' id='word_1_67' title='bbox 1710 1015 1873 1070; x_wconf 89' lang='lat' dir='ltr'><strong>etiam</strong></span> <span class='ocrx_word' id='word_1_68' title='bbox 1914 1014 2031 1069; x_wconf 81' lang='lat' dir='ltr'><strong>loca</strong></span> 
     </span>
    </p>
   </div>
   <div class='ocr_carea' id='block_1_11' title="bbox 452 1103 2032 1175">
    <p class='ocr_par' dir='ltr' id='par_1_11' title="bbox 452 1103 2032 1175">
     <span class='ocr_line' id='line_1_11' title="bbox 452 1103 2032 1175; baseline 0.002 -19"><span class='ocrx_word' id='word_1_69' title='bbox 452 1110 509 1156; x_wconf 91' lang='lat' dir='ltr'><strong>et</strong></span> <span class='ocrx_word' id='word_1_70' title='bbox 547 1110 785 1173; x_wconf 89' lang='lat' dir='ltr'><strong>tempora</strong></span> <span class='ocrx_word' id='word_1_71' title='bbox 812 1103 866 1156; x_wconf 92' lang='lat' dir='ltr'><strong>in</strong></span> <span class='ocrx_word' id='word_1_72' title='bbox 910 1103 1107 1172; x_wconf 86' lang='lat' dir='ltr'><strong>quibus</strong></span> <span class='ocrx_word' id='word_1_73' title='bbox 1129 1112 1385 1173; x_wconf 87' lang='lat' dir='ltr'><strong>operatur</strong></span> <span class='ocrx_word' id='word_1_74' title='bbox 1419 1112 1474 1160; x_wconf 93' lang='lat' dir='ltr'><strong>et</strong></span> <span class='ocrx_word' id='word_1_75' title='bbox 1503 1104 1742 1174; x_wconf 89' lang='lat' dir='ltr'><strong>loquitur</strong></span> <span class='ocrx_word' id='word_1_76' title='bbox 1767 1105 2032 1175; x_wconf 86' lang='lat' dir='ltr'><strong>mysticis,</strong></span> 
     </span>
    </p>
   </div>
   <div class='ocr_carea' id='block_1_12' title="bbox 452 1194 2037 1267">
    <p class='ocr_par' dir='ltr' id='par_1_12' title="bbox 452 1194 2037 1267">
     <span class='ocr_line' id='line_1_12' title="bbox 452 1194 2037 1267; baseline 0.003 -20"><span class='ocrx_word' id='word_1_77' title='bbox 452 1202 511 1248; x_wconf 92' lang='lat' dir='ltr'><strong>ut</strong></span> <span class='ocrx_word' id='word_1_78' title='bbox 537 1209 678 1264; x_wconf 74' lang='lat' dir='ltr'><strong>smpe</strong></span> <span class='ocrx_word' id='word_1_79' title='bbox 704 1194 906 1249; x_wconf 91' lang='lat' dir='ltr'><strong>dictum</strong></span> <span class='ocrx_word' id='word_1_80' title='bbox 933 1202 1036 1261; x_wconf 91' lang='lat' dir='ltr'><strong>est,</strong></span> <span class='ocrx_word' id='word_1_81' title='bbox 1063 1194 1353 1265; x_wconf 90' lang='lat' dir='ltr'><strong>suntplena</strong></span> <span class='ocrx_word' id='word_1_82' title='bbox 1376 1195 1584 1267; x_wconf 81' lang='lat' dir='ltr'><strong>ﬁguris,</strong></span> <span class='ocrx_word' id='word_1_83' title='bbox 1610 1212 1731 1252; x_wconf 90' lang='lat' dir='ltr'><strong>eum</strong></span> <span class='ocrx_word' id='word_1_84' title='bbox 1763 1198 1817 1251; x_wconf 93' lang='lat' dir='ltr'><strong>in</strong></span> <span class='ocrx_word' id='word_1_85' title='bbox 1854 1206 2037 1253; x_wconf 89' lang='lat' dir='ltr'><strong>monte</strong></span> 
     </span>
    </p>
   </div>
   <div class='ocr_carea' id='block_1_13' title="bbox 451 1286 2039 1355">
    <p class='ocr_par' dir='ltr' id='par_1_13' title="bbox 451 1286 2039 1355">
     <span class='ocr_line' id='line_1_13' title="bbox 451 1286 2039 1355; baseline 0.003 -16"><span class='ocrx_word' id='word_1_86' title='bbox 451 1295 571 1340; x_wconf 88' lang='lat' dir='ltr'><strong>orat</strong></span> <span class='ocrx_word' id='word_1_87' title='bbox 596 1286 856 1341; x_wconf 90' lang='lat' dir='ltr'><strong>Dominus</strong></span> <span class='ocrx_word' id='word_1_88' title='bbox 878 1286 1032 1355; x_wconf 89' lang='lat' dir='ltr'><strong>quasi</strong></span> <span class='ocrx_word' id='word_1_89' title='bbox 1054 1287 1216 1342; x_wconf 88' lang='lat' dir='ltr'><strong>tacite</strong></span> <span class='ocrx_word' id='word_1_90' title='bbox 1238 1302 1338 1342; x_wconf 89' lang='lat' dir='ltr'><strong>nos</strong></span> <span class='ocrx_word' id='word_1_91' title='bbox 1366 1288 1620 1343; x_wconf 85' lang='lat' dir='ltr'><strong>admonet</strong></span> <span class='ocrx_word' id='word_1_92' title='bbox 1646 1288 1894 1344; x_wconf 82' lang='lat' dir='ltr'><strong>sublimia</strong></span> <span class='ocrx_word' id='word_1_93' title='bbox 1917 1297 2039 1343; x_wconf 86' lang='lat' dir='ltr'><strong>tan-</strong></span> 
     </span>
    </p>
   </div>
   <div class='ocr_carea' id='block_1_14' title="bbox 451 1374 2035 1447">
    <p class='ocr_par' dir='ltr' id='par_1_14' title="bbox 451 1374 2035 1447">
     <span class='ocr_line' id='line_1_14' title="bbox 451 1374 2035 1447; baseline 0.002 -19"><span class='ocrx_word' id='word_1_94' title='bbox 451 1384 567 1429; x_wconf 89' lang='lat' dir='ltr'><strong>tum</strong></span> <span class='ocrx_word' id='word_1_95' title='bbox 593 1374 800 1431; x_wconf 91' lang='lat' dir='ltr'><strong>orando</strong></span> <span class='ocrx_word' id='word_1_96' title='bbox 828 1375 1120 1446; x_wconf 88' lang='lat' dir='ltr'><strong>inquirere,</strong></span> <span class='ocrx_word' id='word_1_97' title='bbox 1144 1385 1199 1432; x_wconf 89' lang='lat' dir='ltr'><strong>et</strong></span> <span class='ocrx_word' id='word_1_98' title='bbox 1222 1392 1321 1446; x_wconf 91' lang='lat' dir='ltr'><strong>pro</strong></span> <span class='ocrx_word' id='word_1_99' title='bbox 1351 1377 1665 1433; x_wconf 65' lang='lat' dir='ltr'><strong>caelestibus</strong></span> <span class='ocrx_word' id='word_1_100' title='bbox 1706 1379 1864 1433; x_wconf 88' lang='lat' dir='ltr'><strong>bonis</strong></span> <span class='ocrx_word' id='word_1_101' title='bbox 1908 1393 2035 1447; x_wconf 88' lang='lat' dir='ltr'><strong>sup-</strong></span> 
     </span>
    </p>
   </div>
   <div class='ocr_carea' id='block_1_15' title="bbox 456 1469 2037 1540">
    <p class='ocr_par' dir='ltr' id='par_1_15' title="bbox 456 1469 2037 1540">
     <span class='ocr_line' id='line_1_15' title="bbox 456 1469 2037 1540; baseline 0.003 -17"><span class='ocrx_word' id='word_1_102' title='bbox 456 1469 660 1540; x_wconf 89' lang='lat' dir='ltr'><strong>plicare</strong></span> <span class='ocrx_word' id='word_1_103' title='bbox 688 1469 909 1528; x_wconf 85' lang='lat' dir='ltr'><strong>debere.</strong></span> <span class='ocrx_word' id='word_1_104' title='bbox 934 1470 1005 1526; x_wconf 82' lang='lat' dir='ltr'><strong>At</strong></span> <span class='ocrx_word' id='word_1_105' title='bbox 1033 1488 1155 1527; x_wconf 91' lang='lat' dir='ltr'><strong>cum</strong></span> <span class='ocrx_word' id='word_1_106' title='bbox 1193 1473 1247 1527; x_wconf 92' lang='lat' dir='ltr'><strong>in</strong></span> <span class='ocrx_word' id='word_1_107' title='bbox 1272 1472 1412 1528; x_wconf 82' lang='lat' dir='ltr'><strong>valle</strong></span> <span class='ocrx_word' id='word_1_108' title='bbox 1432 1482 1577 1539; x_wconf 91' lang='lat' dir='ltr'><strong>orat,</strong></span> <span class='ocrx_word' id='word_1_109' title='bbox 1608 1483 1661 1528; x_wconf 92' lang='lat' dir='ltr'><strong>et</strong></span> <span class='ocrx_word' id='word_1_110' title='bbox 1690 1474 1795 1529; x_wconf 91' lang='lat' dir='ltr'><strong>hoc</strong></span> <span class='ocrx_word' id='word_1_111' title='bbox 1817 1473 1868 1527; x_wconf 94' lang='lat' dir='ltr'><strong>in</strong></span> <span class='ocrx_word' id='word_1_112' title='bbox 1898 1473 2037 1528; x_wconf 84' lang='lat' dir='ltr'><strong>valle</strong></span> 
     </span>
    </p>
   </div>
   <div class='ocr_carea' id='block_1_16' title="bbox 448 1551 2040 1636">
    <p class='ocr_par' dir='ltr' id='par_1_16' title="bbox 448 1551 2040 1636">
     <span class='ocr_line' id='line_1_16' title="bbox 448 1551 2040 1636; baseline 0.004 -21"><span class='ocrx_word' id='word_1_113' title='bbox 448 1561 729 1633; x_wconf 80' lang='lat' dir='ltr'><strong>pinguium</strong></span> <span class='ocrx_word' id='word_1_114' title='bbox 759 1564 872 1619; x_wconf 91' lang='lat' dir='ltr'><strong>sive</strong></span> <span class='ocrx_word' id='word_1_115' title='bbox 905 1564 1243 1635; x_wconf 88' lang='lat' dir='ltr'><strong>piuguedinis</strong></span> <span class='ocrx_word' id='word_1_116' title='bbox 1272 1564 1442 1636; x_wconf 87' lang='lat' dir='ltr'><strong>ipsius</strong></span> <span class='ocrx_word' id='word_1_117' title='bbox 1458 1551 1862 1635; x_wconf 36' lang='lat' dir='ltr'><strong>mquein&#39;sinuat</strong></span> <span class='ocrx_word' id='word_1_118' title='bbox 1885 1567 2040 1622; x_wconf 85' lang='lat' dir='ltr'><strong>nobis</strong></span> 
     </span>
    </p>
   </div>
   <div class='ocr_carea' id='block_1_17' title="bbox 450 1654 2040 1729">
    <p class='ocr_par' dir='ltr' id='par_1_17' title="bbox 450 1654 2040 1729">
     <span class='ocr_line' id='line_1_17' title="bbox 450 1654 2040 1729; baseline 0.004 -22"><span class='ocrx_word' id='word_1_119' title='bbox 450 1654 810 1710; x_wconf 80' lang='lat' dir='ltr'><strong>humilitatem</strong></span> <span class='ocrx_word' id='word_1_120' title='bbox 837 1671 1052 1727; x_wconf 88' lang='lat' dir='ltr'><strong>semper</strong></span> <span class='ocrx_word' id='word_1_121' title='bbox 1087 1657 1143 1712; x_wconf 93' lang='lat' dir='ltr'><strong>in</strong></span> <span class='ocrx_word' id='word_1_122' title='bbox 1190 1657 1543 1723; x_wconf 89' lang='lat' dir='ltr'><strong>orationibus,</strong></span> <span class='ocrx_word' id='word_1_123' title='bbox 1568 1668 1624 1713; x_wconf 89' lang='lat' dir='ltr'><strong>et</strong></span> <span class='ocrx_word' id='word_1_124' title='bbox 1672 1659 1898 1713; x_wconf 74' lang='lat' dir='ltr'><strong>internae</strong></span> <span class='ocrx_word' id='word_1_125' title='bbox 1920 1659 2040 1729; x_wconf 85' lang='lat' dir='ltr'><strong>pin-</strong></span> 
     </span>
    </p>
   </div>
   <div class='ocr_carea' id='block_1_18' title="bbox 450 1745 2037 1817">
    <p class='ocr_par' dir='ltr' id='par_1_18' title="bbox 450 1745 2037 1817">
     <span class='ocr_line' id='line_1_18' title="bbox 450 1745 2037 1817; baseline 0.004 -20"><span class='ocrx_word' id='word_1_126' title='bbox 450 1745 737 1812; x_wconf 88' lang='lat' dir='ltr'><strong>guedinem</strong></span> <span class='ocrx_word' id='word_1_127' title='bbox 767 1745 1069 1802; x_wconf 78' lang='lat' dir='ltr'><strong>dilectionis</strong></span> <span class='ocrx_word' id='word_1_128' title='bbox 1094 1761 1215 1801; x_wconf 89' lang='lat' dir='ltr'><strong>esse</strong></span> <span class='ocrx_word' id='word_1_129' title='bbox 1250 1746 1572 1803; x_wconf 80' lang='lat' dir='ltr'><strong>servandam</strong></span> <span class='ocrx_word' id='word_1_130' title='bbox 1604 1766 1616 1801; x_wconf 90' lang='lat'><strong>:</strong></span> <span class='ocrx_word' id='word_1_131' title='bbox 1652 1762 1723 1802; x_wconf 90' lang='lat' dir='ltr'><strong>ne</strong></span> <span class='ocrx_word' id='word_1_132' title='bbox 1748 1748 1870 1817; x_wconf 85' lang='lat' dir='ltr'><strong>quis</strong></span> <span class='ocrx_word' id='word_1_133' title='bbox 1892 1749 2037 1804; x_wconf 87' lang='lat' dir='ltr'><strong>vide-</strong></span> 
     </span>
    </p>
   </div>
   <div class='ocr_carea' id='block_1_19' title="bbox 2133 547 3727 623">
    <p class='ocr_par' dir='ltr' id='par_1_19' title="bbox 2133 547 3727 623">
     <span class='ocr_line' id='line_1_19' title="bbox 2133 547 3727 623; baseline 0.002 -17"><span class='ocrx_word' id='word_1_134' title='bbox 2133 561 2189 607; x_wconf 90' lang='lat' dir='ltr'><strong>et</strong></span> <span class='ocrx_word' id='word_1_135' title='bbox 2251 552 2599 621; x_wconf 87' lang='lat' dir='ltr'><strong>rejectionem</strong></span> <span class='ocrx_word' id='word_1_136' title='bbox 2653 547 2834 623; x_wconf 82' lang='lat' dir='ltr'><strong>populi</strong></span> <span class='ocrx_word' id='word_1_137' title='bbox 2884 552 3216 619; x_wconf 75' lang='lat' dir='ltr'><strong>Judznorum,</strong></span> <span class='ocrx_word' id='word_1_138' title='bbox 3263 562 3320 608; x_wconf 90' lang='lat' dir='ltr'><strong>et</strong></span> <span class='ocrx_word' id='word_1_139' title='bbox 3369 556 3727 610; x_wconf 80' lang='lat' dir='ltr'><strong>eversionem</strong></span> 
     </span>
    </p>
   </div>
   <div class='ocr_carea' id='block_1_20' title="bbox 2132 643 3731 715">
    <p class='ocr_par' dir='ltr' id='par_1_20' title="bbox 2132 643 3731 715">
     <span class='ocr_line' id='line_1_20' title="bbox 2132 643 3731 715; baseline 0.003 -16"><span class='ocrx_word' id='word_1_140' title='bbox 2132 645 2345 700; x_wconf 83' lang='lat' dir='ltr'><strong>miserae</strong></span> <span class='ocrx_word' id='word_1_141' title='bbox 2389 643 2708 700; x_wconf 83' lang='lat' dir='ltr'><strong>Jerusalem.</strong></span> <span class='ocrx_word' id='word_1_142' title='bbox 2744 644 2896 701; x_wconf 84' lang='lat' dir='ltr'><strong>Unde</strong></span> <span class='ocrx_word' id='word_1_143' title='bbox 2936 655 2991 700; x_wconf 90' lang='lat' dir='ltr'><strong>et</strong></span> <span class='ocrx_word' id='word_1_144' title='bbox 3027 645 3194 700; x_wconf 84' lang='lat' dir='ltr'><strong>Jonas</strong></span> <span class='ocrx_word' id='word_1_145' title='bbox 3243 661 3407 715; x_wconf 89' lang='lat' dir='ltr'><strong>super</strong></span> <span class='ocrx_word' id='word_1_146' title='bbox 3461 648 3731 703; x_wconf 87' lang='lat' dir='ltr'><strong>ariditate</strong></span> 
     </span>
    </p>
   </div>
   <div class='ocr_carea' id='block_1_21' title="bbox 2135 735 3729 807">
    <p class='ocr_par' dir='ltr' id='par_1_21' title="bbox 2135 735 3729 807">
     <span class='ocr_line' id='line_1_21' title="bbox 2135 735 3729 807; baseline 0.004 -18"><span class='ocrx_word' id='word_1_147' title='bbox 2135 735 2427 790; x_wconf 75' lang='lat' dir='ltr'><strong>cucurbita:</strong></span> <span class='ocrx_word' id='word_1_148' title='bbox 2446 735 2529 789; x_wconf 88' lang='lat' dir='ltr'><strong>vel</strong></span> <span class='ocrx_word' id='word_1_149' title='bbox 2559 736 2771 791; x_wconf 52' lang='lat' dir='ltr'><strong>hedera</strong></span> <span class='ocrx_word' id='word_1_150' title='bbox 2803 737 3246 804; x_wconf 88' lang='lat' dir='ltr'><strong>contristabatur,</strong></span> <span class='ocrx_word' id='word_1_151' title='bbox 3295 737 3489 792; x_wconf 89' lang='lat' dir='ltr'><strong>nolens</strong></span> <span class='ocrx_word' id='word_1_152' title='bbox 3537 753 3729 807; x_wconf 78' lang='lat' dir='ltr'><strong>perire</strong></span> 
     </span>
    </p>
   </div>
   <div class='ocr_carea' id='block_1_22' title="bbox 2133 826 3347 900">
    <p class='ocr_par' dir='ltr' id='par_1_22' title="bbox 2133 826 3347 900">
     <span class='ocr_line' id='line_1_22' title="bbox 2133 826 3347 900; baseline 0.002 -20"><span class='ocrx_word' id='word_1_153' title='bbox 2133 827 2403 896; x_wconf 90' lang='lat' dir='ltr'><strong>quondam</strong></span> <span class='ocrx_word' id='word_1_154' title='bbox 2434 826 2839 883; x_wconf 88' lang='lat' dir='ltr'><strong>tabernaculum</strong></span> <span class='ocrx_word' id='word_1_155' title='bbox 2867 843 3023 882; x_wconf 90' lang='lat' dir='ltr'><strong>suum</strong></span> <span class='ocrx_word' id='word_1_156' title='bbox 3055 826 3231 898; x_wconf 67' lang='lat' dir='ltr'><strong>(Jama</strong></span> <span class='ocrx_word' id='word_1_157' title='bbox 3251 827 3347 900; x_wconf 84' lang='lat' dir='ltr'><strong>tv).</strong></span> 
     </span>
    </p>
   </div>
   <div class='ocr_carea' id='block_1_23' title="bbox 2207 915 3723 987">
    <p class='ocr_par' dir='ltr' id='par_1_23' title="bbox 2207 915 3723 987">
     <span class='ocr_line' id='line_1_23' title="bbox 2207 915 3723 987; baseline 0.002 -17"><span class='ocrx_word' id='word_1_158' title='bbox 2207 915 2353 970; x_wconf 86' lang='lat' dir='ltr'><strong>Tunc</strong></span> <span class='ocrx_word' id='word_1_159' title='bbox 2393 917 2465 969; x_wconf 96' lang='lat' dir='ltr'><strong>ait</strong></span> <span class='ocrx_word' id='word_1_160' title='bbox 2498 916 2603 971; x_wconf 80' lang='lat' dir='ltr'><strong>illis</strong></span> <span class='ocrx_word' id='word_1_161' title='bbox 2640 930 2659 968; x_wconf 87' lang='lat'><strong><em>:</em></strong></span> <span class='ocrx_word' id='word_1_162' title='bbox 2701 916 2884 971; x_wconf 71' lang='lat' dir='ltr'><strong>Trislis</strong></span> <span class='ocrx_word' id='word_1_163' title='bbox 2938 927 3011 971; x_wconf 89' lang='lat' dir='ltr'><strong>est</strong></span> <span class='ocrx_word' id='word_1_164' title='bbox 3056 917 3234 971; x_wconf 86' lang='lat' dir='ltr'><strong>anima</strong></span> <span class='ocrx_word' id='word_1_165' title='bbox 3284 933 3400 972; x_wconf 85' lang='lat' dir='ltr'><strong>mea</strong></span> <span class='ocrx_word' id='word_1_166' title='bbox 3449 930 3616 987; x_wconf 78' lang='lat' dir='ltr'><strong>usque</strong></span> <span class='ocrx_word' id='word_1_167' title='bbox 3647 920 3723 973; x_wconf 83' lang='lat' dir='ltr'><strong>ad</strong></span> 
     </span>
    </p>
   </div>
   <div class='ocr_carea' id='block_1_24' title="bbox 2135 1004 3723 1078">
    <p class='ocr_par' dir='ltr' id='par_1_24' title="bbox 2135 1004 3723 1078">
     <span class='ocr_line' id='line_1_24' title="bbox 2135 1004 3723 1078; baseline 0.001 -18"><span class='ocrx_word' id='word_1_168' title='bbox 2135 1016 2373 1060; x_wconf 88' lang='lat' dir='ltr'><strong>mortem.</strong></span> <span class='ocrx_word' id='word_1_169' title='bbox 2404 1005 2534 1073; x_wconf 78' lang='lat' dir='ltr'><strong>Qua:</strong></span> <span class='ocrx_word' id='word_1_170' title='bbox 2560 1006 2913 1061; x_wconf 83' lang='lat' dir='ltr'><strong>contristatur</strong></span> <span class='ocrx_word' id='word_1_171' title='bbox 2959 1004 3139 1060; x_wconf 89' lang='lat' dir='ltr'><strong>anima</strong></span> <span class='ocrx_word' id='word_1_172' title='bbox 3195 1014 3299 1070; x_wconf 87' lang='lat' dir='ltr'><strong>est,</strong></span> <span class='ocrx_word' id='word_1_173' title='bbox 3335 1014 3392 1061; x_wconf 91' lang='lat' dir='ltr'><strong>et</strong></span> <span class='ocrx_word' id='word_1_174' title='bbox 3433 1022 3539 1061; x_wconf 88' lang='lat' dir='ltr'><strong>non</strong></span> <span class='ocrx_word' id='word_1_175' title='bbox 3584 1023 3723 1078; x_wconf 51' lang='lat' dir='ltr'><strong>proi-</strong></span> 
     </span>
    </p>
   </div>
   <div class='ocr_carea' id='block_1_25' title="bbox 2134 1079 3724 1169">
    <p class='ocr_par' dir='ltr' id='par_1_25' title="bbox 2134 1079 3724 1169">
     <span class='ocr_line' id='line_1_25' title="bbox 2134 1079 3724 1169; baseline 0 -15"><span class='ocrx_word' id='word_1_176' title='bbox 2134 1108 2256 1169; x_wconf 90' lang='lat' dir='ltr'><strong>pter</strong></span> <span class='ocrx_word' id='word_1_177' title='bbox 2277 1106 2527 1164; x_wconf 91' lang='lat' dir='ltr'><strong>mortem,</strong></span> <span class='ocrx_word' id='word_1_178' title='bbox 2554 1100 2648 1153; x_wconf 89' lang='lat' dir='ltr'><strong>sed</strong></span> <span class='ocrx_word' id='word_1_179' title='bbox 2687 1113 2855 1168; x_wconf 89' lang='lat' dir='ltr'><strong>usque</strong></span> <span class='ocrx_word' id='word_1_180' title='bbox 2880 1097 2948 1152; x_wconf 89' lang='lat' dir='ltr'><strong>ad</strong></span> <span class='ocrx_word' id='word_1_181' title='bbox 2975 1079 3203 1153; x_wconf 83' lang='lat' dir='ltr'><strong>mortem</strong></span> <span class='ocrx_word' id='word_1_182' title='bbox 3234 1098 3590 1153; x_wconf 80' lang='lat' dir='ltr'><strong>contristatur</strong></span> <span class='ocrx_word' id='word_1_183' title='bbox 3622 1100 3724 1154; x_wconf 87' lang='lat' dir='ltr'><strong>do-</strong></span> 
     </span>
    </p>
   </div>
   <div class='ocr_carea' id='block_1_26' title="bbox 2138 1190 3722 1261">
    <p class='ocr_par' dir='ltr' id='par_1_26' title="bbox 2138 1190 3722 1261">
     <span class='ocr_line' id='line_1_26' title="bbox 2138 1190 3722 1261; baseline -0.002 -13"><span class='ocrx_word' id='word_1_184' title='bbox 2138 1208 2239 1248; x_wconf 88' lang='lat' dir='ltr'><strong>nec</strong></span> <span class='ocrx_word' id='word_1_185' title='bbox 2272 1191 2543 1260; x_wconf 89' lang='lat' dir='ltr'><strong>apostolos</strong></span> <span class='ocrx_word' id='word_1_186' title='bbox 2581 1206 2683 1246; x_wconf 80' lang='lat' dir='ltr'><strong>sua</strong></span> <span class='ocrx_word' id='word_1_187' title='bbox 2705 1190 2961 1244; x_wconf 88' lang='lat' dir='ltr'><strong>liberaret</strong></span> <span class='ocrx_word' id='word_1_188' title='bbox 2991 1191 3268 1261; x_wconf 88' lang='lat' dir='ltr'><strong>passione.</strong></span> <span class='ocrx_word' id='word_1_189' title='bbox 3298 1190 3494 1246; x_wconf 90' lang='lat' dir='ltr'><strong>Dicant</strong></span> <span class='ocrx_word' id='word_1_190' title='bbox 3519 1192 3617 1261; x_wconf 88' lang='lat' dir='ltr'><strong>qui</strong></span> <span class='ocrx_word' id='word_1_191' title='bbox 3640 1190 3722 1245; x_wconf 85' lang='lat' dir='ltr'><strong>ir-</strong></span> 
     </span>
    </p>
   </div>
   <div class='ocr_carea' id='block_1_27' title="bbox 2141 1280 3727 1351">
    <p class='ocr_par' dir='ltr' id='par_1_27' title="bbox 2141 1280 3727 1351">
     <span class='ocr_line' id='line_1_27' title="bbox 2141 1280 3727 1351; baseline 0.001 -16"><span class='ocrx_word' id='word_1_192' title='bbox 2141 1282 2516 1337; x_wconf 89' lang='lat' dir='ltr'><strong>rationabilem</strong></span> <span class='ocrx_word' id='word_1_193' title='bbox 2543 1280 2727 1336; x_wconf 87' lang='lat' dir='ltr'><strong>Jesum</strong></span> <span class='ocrx_word' id='word_1_194' title='bbox 2755 1281 3049 1350; x_wconf 86' lang='lat' dir='ltr'><strong>sumpsisse</strong></span> <span class='ocrx_word' id='word_1_195' title='bbox 3087 1282 3325 1336; x_wconf 88' lang='lat' dir='ltr'><strong>animam</strong></span> <span class='ocrx_word' id='word_1_196' title='bbox 3373 1282 3727 1351; x_wconf 80' lang='lat' dir='ltr'><strong>suspicantur</strong></span> 
     </span>
    </p>
   </div>
   <div class='ocr_carea' id='block_1_28' title="bbox 2139 1372 3719 1442">
    <p class='ocr_par' dir='ltr' id='par_1_28' title="bbox 2139 1372 3719 1442">
     <span class='ocr_line' id='line_1_28' title="bbox 2139 1372 3719 1442; baseline 0.001 -16"><span class='ocrx_word' id='word_1_197' title='bbox 2139 1373 2408 1442; x_wconf 88' lang='lat' dir='ltr'><strong>quomodo</strong></span> <span class='ocrx_word' id='word_1_198' title='bbox 2436 1373 2836 1435; x_wconf 87' lang='lat' dir='ltr'><strong>constristetur,</strong></span> <span class='ocrx_word' id='word_1_199' title='bbox 2879 1379 2934 1426; x_wconf 90' lang='lat' dir='ltr'><strong>et</strong></span> <span class='ocrx_word' id='word_1_200' title='bbox 2972 1373 3187 1427; x_wconf 85' lang='lat' dir='ltr'><strong>noverit</strong></span> <span class='ocrx_word' id='word_1_201' title='bbox 3222 1380 3434 1441; x_wconf 82' lang='lat' dir='ltr'><strong>tempus</strong></span> <span class='ocrx_word' id='word_1_202' title='bbox 3460 1372 3719 1428; x_wconf 64' lang='lat' dir='ltr'><strong>tristitie.</strong></span> 
     </span>
    </p>
   </div>
   <div class='ocr_carea' id='block_1_29' title="bbox 2140 1459 3721 1537">
    <p class='ocr_par' dir='ltr' id='par_1_29' title="bbox 2140 1459 3721 1537">
     <span class='ocr_line' id='line_1_29' title="bbox 2140 1459 3721 1537; baseline 0 -24"><span class='ocrx_word' id='word_1_203' title='bbox 2140 1459 2458 1530; x_wconf 84' lang='lat' dir='ltr'><strong>Quanquam</strong></span> <span class='ocrx_word' id='word_1_204' title='bbox 2475 1460 2618 1515; x_wconf 91' lang='lat' dir='ltr'><strong>enim</strong></span> <span class='ocrx_word' id='word_1_205' title='bbox 2645 1467 2702 1514; x_wconf 90' lang='lat' dir='ltr'><strong>et</strong></span> <span class='ocrx_word' id='word_1_206' title='bbox 2736 1460 2894 1513; x_wconf 88' lang='lat' dir='ltr'><strong>bruta</strong></span> <span class='ocrx_word' id='word_1_207' title='bbox 2928 1469 3195 1537; x_wconf 74' lang='lat' dir='ltr'><strong>mtereapt</strong></span> <span class='ocrx_word' id='word_1_208' title='bbox 3231 1461 3504 1526; x_wconf 77' lang='lat' dir='ltr'><strong>animalia,</strong></span> <span class='ocrx_word' id='word_1_209' title='bbox 3536 1469 3721 1515; x_wconf 87' lang='lat' dir='ltr'><strong>tamen</strong></span> 
     </span>
    </p>
   </div>
   <div class='ocr_carea' id='block_1_30' title="bbox 2139 1553 3724 1623">
    <p class='ocr_par' dir='ltr' id='par_1_30' title="bbox 2139 1553 3724 1623">
     <span class='ocr_line' id='line_1_30' title="bbox 2139 1553 3724 1623; baseline -0.001 -15"><span class='ocrx_word' id='word_1_210' title='bbox 2139 1569 2245 1608; x_wconf 92' lang='lat' dir='ltr'><strong>non</strong></span> <span class='ocrx_word' id='word_1_211' title='bbox 2276 1561 2475 1607; x_wconf 89' lang='lat' dir='ltr'><strong>norunt</strong></span> <span class='ocrx_word' id='word_1_212' title='bbox 2500 1567 2603 1607; x_wconf 91' lang='lat' dir='ltr'><strong>nec</strong></span> <span class='ocrx_word' id='word_1_213' title='bbox 2628 1567 2840 1617; x_wconf 87' lang='lat' dir='ltr'><strong>causas,</strong></span> <span class='ocrx_word' id='word_1_214' title='bbox 2883 1566 2982 1608; x_wconf 88' lang='lat' dir='ltr'><strong>nec</strong></span> <span class='ocrx_word' id='word_1_215' title='bbox 3029 1561 3238 1623; x_wconf 82' lang='lat' dir='ltr'><strong>tempus</strong></span> <span class='ocrx_word' id='word_1_216' title='bbox 3269 1568 3442 1623; x_wconf 90' lang='lat' dir='ltr'><strong>usque</strong></span> <span class='ocrx_word' id='word_1_217' title='bbox 3470 1553 3537 1607; x_wconf 87' lang='lat' dir='ltr'><strong>ad</strong></span> <span class='ocrx_word' id='word_1_218' title='bbox 3578 1556 3724 1622; x_wconf 85' lang='lat' dir='ltr'><strong>quod</strong></span> 
     </span>
    </p>
   </div>
   <div class='ocr_carea' id='block_1_31' title="bbox 2140 1643 3720 1716">
    <p class='ocr_par' dir='ltr' id='par_1_31' title="bbox 2140 1643 3720 1716">
     <span class='ocr_line' id='line_1_31' title="bbox 2140 1643 3720 1716; baseline -0.001 -16"><span class='ocrx_word' id='word_1_219' title='bbox 2140 1646 2372 1700; x_wconf 87' lang='lat' dir='ltr'><strong>debeant</strong></span> <span class='ocrx_word' id='word_1_220' title='bbox 2404 1644 2735 1699; x_wconf 86' lang='lat' dir='ltr'><strong>contristari.</strong></span> <span class='ocrx_word' id='word_1_221' title='bbox 2763 1643 3068 1699; x_wconf 84' lang='lat' dir='ltr'><strong>Notandum</strong></span> <span class='ocrx_word' id='word_1_222' title='bbox 3108 1653 3289 1699; x_wconf 89' lang='lat' dir='ltr'><strong>autem</strong></span> <span class='ocrx_word' id='word_1_223' title='bbox 3321 1646 3466 1716; x_wconf 86' lang='lat' dir='ltr'><strong>quod</strong></span> <span class='ocrx_word' id='word_1_224' title='bbox 3502 1644 3720 1699; x_wconf 69' lang='lat' dir='ltr'><strong>inﬂar-</strong></span> 
     </span>
    </p>
   </div>
   <div class='ocr_carea' id='block_1_32' title="bbox 2141 1732 3724 1805">
    <p class='ocr_par' dir='ltr' id='par_1_32' title="bbox 2141 1732 3724 1805">
     <span class='ocr_line' id='line_1_32' title="bbox 2141 1732 3724 1805; baseline 0 -16"><span class='ocrx_word' id='word_1_225' title='bbox 2141 1749 2205 1789; x_wconf 87' lang='lat' dir='ltr'><strong>co</strong></span> <span class='ocrx_word' id='word_1_226' title='bbox 2250 1734 2508 1803; x_wconf 90' lang='lat' dir='ltr'><strong>scriptum</strong></span> <span class='ocrx_word' id='word_1_227' title='bbox 2540 1741 2656 1788; x_wconf 91' lang='lat' dir='ltr'><strong>est:</strong></span> <span class='ocrx_word' id='word_1_228' title='bbox 2684 1732 2751 1787; x_wconf 84' lang='lat' dir='ltr'><strong>Et</strong></span> <span class='ocrx_word' id='word_1_229' title='bbox 2778 1735 2923 1805; x_wconf 71' lang='lat' dir='ltr'><strong>coepit</strong></span> <span class='ocrx_word' id='word_1_230' title='bbox 2952 1750 3138 1804; x_wconf 84' lang='lat' dir='ltr'><strong>pavere</strong></span> <span class='ocrx_word' id='word_1_231' title='bbox 3161 1742 3210 1787; x_wconf 88' lang='lat' dir='ltr'><strong>et</strong></span> <span class='ocrx_word' id='word_1_232' title='bbox 3233 1733 3444 1797; x_wconf 72' lang='lat' dir='ltr'><strong>uadere,</strong></span> <span class='ocrx_word' id='word_1_233' title='bbox 3476 1742 3537 1788; x_wconf 88' lang='lat' dir='ltr'><strong>ut</strong></span> <span class='ocrx_word' id='word_1_234' title='bbox 3576 1734 3724 1789; x_wconf 84' lang='lat' dir='ltr'><strong>veri-</strong></span> 
     </span>
    </p>
   </div>
   <div class='ocr_carea' id='block_1_33' title="bbox 454 1824 2037 1908">
    <p class='ocr_par' dir='ltr' id='par_1_33' title="bbox 454 1834 2035 1908">
     <span class='ocr_line' id='line_1_33' title="bbox 454 1834 2035 1908; baseline 0.005 -22"><span class='ocrx_word' id='word_1_235' title='bbox 454 1834 581 1889; x_wconf 87' lang='lat' dir='ltr'><strong>licet</strong></span> <span class='ocrx_word' id='word_1_236' title='bbox 623 1850 787 1890; x_wconf 88' lang='lat' dir='ltr'><strong>orans</strong></span> <span class='ocrx_word' id='word_1_237' title='bbox 816 1836 1026 1891; x_wconf 87' lang='lat' dir='ltr'><strong>Domini</strong></span> <span class='ocrx_word' id='word_1_238' title='bbox 1049 1837 1259 1906; x_wconf 87' lang='lat' dir='ltr'><strong>jactare</strong></span> <span class='ocrx_word' id='word_1_239' title='bbox 1291 1854 1388 1893; x_wconf 88' lang='lat' dir='ltr'><strong>sua</strong></span> <span class='ocrx_word' id='word_1_240' title='bbox 1424 1841 1618 1894; x_wconf 90' lang='lat' dir='ltr'><strong>merita</strong></span> <span class='ocrx_word' id='word_1_241' title='bbox 1649 1840 1704 1894; x_wconf 94' lang='lat' dir='ltr'><strong>in</strong></span> <span class='ocrx_word' id='word_1_242' title='bbox 1727 1841 2035 1908; x_wconf 81' lang='lat' dir='ltr'><strong>exemplum</strong></span> 
     </span>
    </p>
   </div>
   <div class='ocr_carea' id='block_1_34' title="bbox 2144 1824 3721 1908">
    <p class='ocr_par' dir='ltr' id='par_1_34' title="bbox 2144 1824 3721 1897">
     <span class='ocr_line' id='line_1_34' title="bbox 2144 1824 3721 1897; baseline 0.002 -20"><span class='ocrx_word' id='word_1_243' title='bbox 2144 1831 2305 1878; x_wconf 89' lang='lat' dir='ltr'><strong>tatem</strong></span> <span class='ocrx_word' id='word_1_244' title='bbox 2334 1824 2542 1880; x_wconf 87' lang='lat' dir='ltr'><strong>scilicet</strong></span> <span class='ocrx_word' id='word_1_245' title='bbox 2579 1832 2779 1880; x_wconf 58' lang='lat' dir='ltr'><strong>nostra:</strong></span> <span class='ocrx_word' id='word_1_246' title='bbox 2801 1826 3110 1880; x_wconf 88' lang='lat' dir='ltr'><strong>ostenderet</strong></span> <span class='ocrx_word' id='word_1_247' title='bbox 3134 1834 3363 1880; x_wconf 70' lang='lat' dir='ltr'><strong>natum.</strong></span> <span class='ocrx_word' id='word_1_248' title='bbox 3390 1826 3577 1897; x_wconf 78' lang='lat' dir='ltr'><strong>(Aug.)</strong></span> <span class='ocrx_word' id='word_1_249' title='bbox 3613 1826 3721 1882; x_wconf 86' lang='lat' dir='ltr'><strong>Sed</strong></span> 
     </span>
    </p>
   </div>
   <div class='ocr_carea' id='block_1_35' title="bbox 452 1924 2037 1999">
    <p class='ocr_par' dir='ltr' id='par_1_35' title="bbox 452 1924 2037 1999">
     <span class='ocr_line' id='line_1_35' title="bbox 452 1924 2037 1999; baseline 0.005 -22"><span class='ocrx_word' id='word_1_250' title='bbox 452 1924 711 1979; x_wconf 81' lang='lat' dir='ltr'><strong>Pharisaei</strong></span> <span class='ocrx_word' id='word_1_251' title='bbox 759 1926 1118 1994; x_wconf 86' lang='lat' dir='ltr'><strong>superbientis</strong></span> <span class='ocrx_word' id='word_1_252' title='bbox 1166 1928 1383 1995; x_wconf 87' lang='lat' dir='ltr'><strong>audeat,</strong></span> <span class='ocrx_word' id='word_1_253' title='bbox 1434 1929 1562 1997; x_wconf 88' lang='lat' dir='ltr'><strong>quin</strong></span> <span class='ocrx_word' id='word_1_254' title='bbox 1610 1930 1789 1999; x_wconf 88' lang='lat' dir='ltr'><strong>potius</strong></span> <span class='ocrx_word' id='word_1_255' title='bbox 1838 1930 2037 1985; x_wconf 87' lang='lat' dir='ltr'><strong>humili</strong></span> 
     </span>
    </p>
   </div>
   <div class='ocr_carea' id='block_1_36' title="bbox 455 2017 2037 2090">
    <p class='ocr_par' dir='ltr' id='par_1_36' title="bbox 455 2017 2037 2090">
     <span class='ocr_line' id='line_1_36' title="bbox 455 2017 2037 2090; baseline 0.004 -21"><span class='ocrx_word' id='word_1_256' title='bbox 455 2031 586 2071; x_wconf 89' lang='lat' dir='ltr'><strong>voce</strong></span> <span class='ocrx_word' id='word_1_257' title='bbox 636 2024 690 2071; x_wconf 92' lang='lat' dir='ltr'><strong>et</strong></span> <span class='ocrx_word' id='word_1_258' title='bbox 727 2024 905 2072; x_wconf 86' lang='lat' dir='ltr'><strong>mente</strong></span> <span class='ocrx_word' id='word_1_259' title='bbox 946 2017 1265 2087; x_wconf 89' lang='lat' dir='ltr'><strong>proclamet,</strong></span> <span class='ocrx_word' id='word_1_260' title='bbox 1288 2018 1452 2085; x_wconf 85' lang='lat' dir='ltr'><strong>Deus,</strong></span> <span class='ocrx_word' id='word_1_261' title='bbox 1484 2021 1739 2090; x_wconf 87' lang='lat' dir='ltr'><strong>propitius</strong></span> <span class='ocrx_word' id='word_1_262' title='bbox 1773 2030 1882 2075; x_wconf 91' lang='lat' dir='ltr'><strong>esto</strong></span> <span class='ocrx_word' id='word_1_263' title='bbox 1910 2022 2037 2075; x_wconf 76' lang='lat' dir='ltr'><strong>mihi</strong></span> 
     </span>
    </p>
   </div>
   <div class='ocr_carea' id='block_1_37' title="bbox 454 2106 2038 2181">
    <p class='ocr_par' dir='ltr' id='par_1_37' title="bbox 454 2106 2038 2181">
     <span class='ocr_line' id='line_1_37' title="bbox 454 2106 2038 2181; baseline 0.003 -20"><span class='ocrx_word' id='word_1_264' title='bbox 454 2109 719 2177; x_wconf 84' lang='lat' dir='ltr'><strong>peccatori</strong></span> <span class='ocrx_word' id='word_1_265' title='bbox 746 2106 896 2176; x_wconf 84' lang='lat' dir='ltr'><strong>(Luc.</strong></span> <span class='ocrx_word' id='word_1_266' title='bbox 940 2108 1117 2177; x_wconf 87' lang='lat' dir='ltr'><strong>xvm),</strong></span> <span class='ocrx_word' id='word_1_267' title='bbox 1164 2123 1234 2163; x_wconf 90' lang='lat' dir='ltr'><strong>ne</strong></span> <span class='ocrx_word' id='word_1_268' title='bbox 1273 2109 1484 2163; x_wconf 86' lang='lat' dir='ltr'><strong>aridum</strong></span> <span class='ocrx_word' id='word_1_269' title='bbox 1508 2125 1540 2163; x_wconf 91' lang='lat' dir='ltr'><strong>a</strong></span> <span class='ocrx_word' id='word_1_270' title='bbox 1576 2110 1867 2165; x_wconf 86' lang='lat' dir='ltr'><strong>dilectione</strong></span> <span class='ocrx_word' id='word_1_271' title='bbox 1914 2126 2038 2181; x_wconf 89' lang='lat' dir='ltr'><strong>pro-</strong></span> 
     </span>
    </p>
   </div>
   <div class='ocr_carea' id='block_1_38' title="bbox 456 2197 2037 2273">
    <p class='ocr_par' dir='ltr' id='par_1_38' title="bbox 456 2197 2037 2273">
     <span class='ocr_line' id='line_1_38' title="bbox 456 2197 2037 2273; baseline 0.003 -22"><span class='ocrx_word' id='word_1_272' title='bbox 456 2197 587 2252; x_wconf 79' lang='lat' dir='ltr'><strong>ximi</strong></span> <span class='ocrx_word' id='word_1_273' title='bbox 611 2212 706 2253; x_wconf 87' lang='lat' dir='ltr'><strong>cor</strong></span> <span class='ocrx_word' id='word_1_274' title='bbox 730 2204 950 2269; x_wconf 77' lang='lat' dir='ltr'><strong>gestans</strong></span> <span class='ocrx_word' id='word_1_275' title='bbox 969 2199 1035 2252; x_wconf 86' lang='lat' dir='ltr'><strong>ad</strong></span> <span class='ocrx_word' id='word_1_276' title='bbox 1049 2201 1349 2269; x_wconf 87' lang='lat' dir='ltr'><strong>pacandam</strong></span> <span class='ocrx_word' id='word_1_277' title='bbox 1364 2200 1465 2254; x_wconf 87' lang='lat' dir='ltr'><strong>sibi</strong></span> <span class='ocrx_word' id='word_1_278' title='bbox 1489 2200 1785 2256; x_wconf 86' lang='lat' dir='ltr'><strong>conditoris</strong></span> <span class='ocrx_word' id='word_1_279' title='bbox 1808 2202 2037 2273; x_wconf 80' lang='lat' dir='ltr'><strong>gratiam</strong></span> 
     </span>
    </p>
   </div>
   <div class='ocr_carea' id='block_1_39' title="bbox 454 2286 2037 2359">
    <p class='ocr_par' dir='ltr' id='par_1_39' title="bbox 454 2286 2037 2359">
     <span class='ocr_line' id='line_1_39' title="bbox 454 2286 2037 2359; baseline 0.003 -18"><span class='ocrx_word' id='word_1_280' title='bbox 454 2303 594 2358; x_wconf 86' lang='lat' dir='ltr'><strong>genu</strong></span> <span class='ocrx_word' id='word_1_281' title='bbox 652 2286 832 2343; x_wconf 77' lang='lat' dir='ltr'><strong>flectat</strong></span> <span class='ocrx_word' id='word_1_282' title='bbox 852 2288 1006 2359; x_wconf 82' lang='lat' dir='ltr'><strong>juxta</strong></span> <span class='ocrx_word' id='word_1_283' title='bbox 1057 2304 1179 2344; x_wconf 90' lang='lat' dir='ltr'><strong>eum</strong></span> <span class='ocrx_word' id='word_1_284' title='bbox 1203 2289 1295 2359; x_wconf 89' lang='lat' dir='ltr'><strong>qui</strong></span> <span class='ocrx_word' id='word_1_285' title='bbox 1343 2297 1559 2345; x_wconf 88' lang='lat' dir='ltr'><strong>centum</strong></span> <span class='ocrx_word' id='word_1_286' title='bbox 1604 2290 1855 2346; x_wconf 89' lang='lat' dir='ltr'><strong>denarios</strong></span> <span class='ocrx_word' id='word_1_287' title='bbox 1883 2292 2037 2345; x_wconf 81' lang='lat' dir='ltr'><strong>fratri</strong></span> 
     </span>
    </p>
   </div>
   <div class='ocr_carea' id='block_1_40' title="bbox 454 2378 2039 2448">
    <p class='ocr_par' dir='ltr' id='par_1_40' title="bbox 454 2378 2039 2448">
     <span class='ocr_line' id='line_1_40' title="bbox 454 2378 2039 2448; baseline 0.002 -15"><span class='ocrx_word' id='word_1_288' title='bbox 454 2393 595 2448; x_wconf 90' lang='lat' dir='ltr'><strong>quos</strong></span> <span class='ocrx_word' id='word_1_289' title='bbox 625 2378 729 2434; x_wconf 89' lang='lat' dir='ltr'><strong>sibi</strong></span> <span class='ocrx_word' id='word_1_290' title='bbox 756 2378 989 2435; x_wconf 87' lang='lat' dir='ltr'><strong>debebat</strong></span> <span class='ocrx_word' id='word_1_291' title='bbox 1017 2379 1291 2434; x_wconf 89' lang='lat' dir='ltr'><strong>dimittere</strong></span> <span class='ocrx_word' id='word_1_292' title='bbox 1317 2380 1522 2446; x_wconf 91' lang='lat' dir='ltr'><strong>nolens,</strong></span> <span class='ocrx_word' id='word_1_293' title='bbox 1549 2380 1732 2436; x_wconf 90' lang='lat' dir='ltr'><strong>decem</strong></span> <span class='ocrx_word' id='word_1_294' title='bbox 1766 2381 1932 2435; x_wconf 89' lang='lat' dir='ltr'><strong>millia</strong></span> <span class='ocrx_word' id='word_1_295' title='bbox 1958 2390 2039 2436; x_wconf 90' lang='lat' dir='ltr'><strong>ta-</strong></span> 
     </span>
    </p>
   </div>
   <div class='ocr_carea' id='block_1_41' title="bbox 454 2467 2033 2542">
    <p class='ocr_par' dir='ltr' id='par_1_41' title="bbox 454 2467 2033 2542">
     <span class='ocr_line' id='line_1_41' title="bbox 454 2467 2033 2542; baseline 0.001 -19"><span class='ocrx_word' id='word_1_296' title='bbox 454 2469 599 2523; x_wconf 87' lang='lat' dir='ltr'><strong>lenta</strong></span> <span class='ocrx_word' id='word_1_297' title='bbox 621 2467 724 2523; x_wconf 88' lang='lat' dir='ltr'><strong>sibi</strong></span> <span class='ocrx_word' id='word_1_298' title='bbox 740 2484 770 2523; x_wconf 89' lang='lat' dir='ltr'><strong>a</strong></span> <span class='ocrx_word' id='word_1_299' title='bbox 784 2469 1013 2524; x_wconf 87' lang='lat' dir='ltr'><strong>Domino</strong></span> <span class='ocrx_word' id='word_1_300' title='bbox 1029 2468 1233 2524; x_wconf 84' lang='lat' dir='ltr'><strong>frustra</strong></span> <span class='ocrx_word' id='word_1_301' title='bbox 1259 2471 1583 2540; x_wconf 88' lang='lat' dir='ltr'><strong>precabatur</strong></span> <span class='ocrx_word' id='word_1_302' title='bbox 1600 2470 1801 2526; x_wconf 87' lang='lat' dir='ltr'><strong>remitti</strong></span> <span class='ocrx_word' id='word_1_303' title='bbox 1820 2470 2033 2542; x_wconf 81' lang='lat' dir='ltr'><strong>(Matth.</strong></span> 
     </span>
    </p>
   </div>
   <div class='ocr_carea' id='block_1_42' title="bbox 454 2557 2039 2633">
    <p class='ocr_par' dir='ltr' id='par_1_42' title="bbox 454 2557 2039 2633">
     <span class='ocr_line' id='line_1_42' title="bbox 454 2557 2039 2633; baseline 0.004 -20"><span class='ocrx_word' id='word_1_304' title='bbox 454 2557 635 2631; x_wconf 82' lang='lat' dir='ltr'><strong>xvm),</strong></span> <span class='ocrx_word' id='word_1_305' title='bbox 662 2574 731 2614; x_wconf 91' lang='lat' dir='ltr'><strong>ne</strong></span> <span class='ocrx_word' id='word_1_306' title='bbox 752 2558 995 2630; x_wconf 83' lang='lat' dir='ltr'><strong>jejunum</strong></span> <span class='ocrx_word' id='word_1_307' title='bbox 1025 2562 1092 2616; x_wconf 91' lang='lat' dir='ltr'><strong>ab</strong></span> <span class='ocrx_word' id='word_1_308' title='bbox 1118 2576 1303 2616; x_wconf 88' lang='lat' dir='ltr'><strong>amore</strong></span> <span class='ocrx_word' id='word_1_309' title='bbox 1324 2562 1619 2618; x_wconf 88' lang='lat' dir='ltr'><strong>conditoris</strong></span> <span class='ocrx_word' id='word_1_310' title='bbox 1633 2573 1821 2633; x_wconf 87' lang='lat' dir='ltr'><strong>peetus</strong></span> <span class='ocrx_word' id='word_1_311' title='bbox 1836 2565 2039 2619; x_wconf 76' lang='lat' dir='ltr'><strong>habens</strong></span> 
     </span>
    </p>
   </div>
   <div class='ocr_carea' id='block_1_43' title="bbox 455 2649 2039 2725">
    <p class='ocr_par' dir='ltr' id='par_1_43' title="bbox 455 2649 2039 2725">
     <span class='ocr_line' id='line_1_43' title="bbox 455 2649 2039 2725; baseline 0.003 -21"><span class='ocrx_word' id='word_1_312' title='bbox 455 2649 773 2720; x_wconf 81' lang='lat' dir='ltr'><strong>temporalia</strong></span> <span class='ocrx_word' id='word_1_313' title='bbox 817 2650 1069 2721; x_wconf 60' lang='lat' dir='ltr'><strong>quaslibet</strong></span> <span class='ocrx_word' id='word_1_314' title='bbox 1104 2651 1286 2722; x_wconf 89' lang='lat' dir='ltr'><strong>potius</strong></span> <span class='ocrx_word' id='word_1_315' title='bbox 1330 2653 1386 2706; x_wconf 92' lang='lat' dir='ltr'><strong>in</strong></span> <span class='ocrx_word' id='word_1_316' title='bbox 1434 2654 1703 2721; x_wconf 87' lang='lat' dir='ltr'><strong>oratione,</strong></span> <span class='ocrx_word' id='word_1_317' title='bbox 1729 2669 1890 2724; x_wconf 90' lang='lat' dir='ltr'><strong>quam</strong></span> <span class='ocrx_word' id='word_1_318' title='bbox 1921 2654 2039 2725; x_wconf 89' lang='lat' dir='ltr'><strong>ejus</strong></span> 
     </span>
    </p>
   </div>
   <div class='ocr_carea' id='block_1_44' title="bbox 454 2743 2039 2817">
    <p class='ocr_par' dir='ltr' id='par_1_44' title="bbox 454 2743 2039 2817">
     <span class='ocr_line' id='line_1_44' title="bbox 454 2743 2039 2817; baseline 0.004 -22"><span class='ocrx_word' id='word_1_319' title='bbox 454 2743 718 2798; x_wconf 80' lang='lat' dir='ltr'><strong>visionem</strong></span> <span class='ocrx_word' id='word_1_320' title='bbox 746 2743 1007 2813; x_wconf 86' lang='lat' dir='ltr'><strong>requirat,</strong></span> <span class='ocrx_word' id='word_1_321' title='bbox 1050 2745 1489 2801; x_wconf 85' lang='lat' dir='ltr'><strong>annumerandus</strong></span> <span class='ocrx_word' id='word_1_322' title='bbox 1530 2746 1583 2799; x_wconf 92' lang='lat' dir='ltr'><strong>in</strong></span> <span class='ocrx_word' id='word_1_323' title='bbox 1621 2746 1702 2801; x_wconf 88' lang='lat' dir='ltr'><strong>eis</strong></span> <span class='ocrx_word' id='word_1_324' title='bbox 1738 2747 1806 2801; x_wconf 89' lang='lat' dir='ltr'><strong>de</strong></span> <span class='ocrx_word' id='word_1_325' title='bbox 1843 2748 2039 2817; x_wconf 87' lang='lat' dir='ltr'><strong>quibus</strong></span> 
     </span>
    </p>
   </div>
   <div class='ocr_carea' id='block_1_45' title="bbox 456 2832 2035 2910">
    <p class='ocr_par' dir='ltr' id='par_1_45' title="bbox 456 2832 2035 2910">
     <span class='ocr_line' id='line_1_45' title="bbox 456 2832 2035 2910; baseline 0.003 -24"><span class='ocrx_word' id='word_1_326' title='bbox 456 2832 533 2888; x_wconf 86' lang='lat' dir='ltr'><strong>ait</strong></span> <span class='ocrx_word' id='word_1_327' title='bbox 559 2833 673 2903; x_wconf 86' lang='lat' dir='ltr'><strong>ipse</strong></span> <span class='ocrx_word' id='word_1_328' title='bbox 702 2852 714 2887; x_wconf 90' lang='lat'><strong>:</strong></span> <span class='ocrx_word' id='word_1_329' title='bbox 746 2832 851 2901; x_wconf 80' lang='lat' dir='ltr'><strong>Qui</strong></span> <span class='ocrx_word' id='word_1_330' title='bbox 882 2844 1181 2905; x_wconf 85' lang='lat' dir='ltr'><strong>receperunt</strong></span> <span class='ocrx_word' id='word_1_331' title='bbox 1206 2836 1495 2890; x_wconf 82' lang='lat' dir='ltr'><strong>mercedem</strong></span> <span class='ocrx_word' id='word_1_332' title='bbox 1540 2854 1711 2891; x_wconf 89' lang='lat' dir='ltr'><strong>suam.</strong></span> <span class='ocrx_word' id='word_1_333' title='bbox 1742 2835 1946 2910; x_wconf 85' lang='lat' dir='ltr'><strong>(Greg.)</strong></span> <span class='ocrx_word' id='word_1_334' title='bbox 1980 2838 2035 2892; x_wconf 87' lang='lat' dir='ltr'><strong>In</strong></span> 
     </span>
    </p>
   </div>
   <div class='ocr_carea' id='block_1_46' title="bbox 457 2923 2038 2997">
    <p class='ocr_par' dir='ltr' id='par_1_46' title="bbox 457 2923 2038 2997">
     <span class='ocr_line' id='line_1_46' title="bbox 457 2923 2038 2997; baseline 0.003 -20"><span class='ocrx_word' id='word_1_335' title='bbox 457 2923 566 2978; x_wconf 89' lang='lat' dir='ltr'><strong>imo</strong></span> <span class='ocrx_word' id='word_1_336' title='bbox 613 2924 811 2995; x_wconf 87' lang='lat' dir='ltr'><strong>quippe</strong></span> <span class='ocrx_word' id='word_1_337' title='bbox 874 2925 1253 2995; x_wconf 84' lang='lat' dir='ltr'><strong>cogitationem</strong></span> <span class='ocrx_word' id='word_1_338' title='bbox 1305 2940 1528 2996; x_wconf 89' lang='lat' dir='ltr'><strong>ponere,</strong></span> <span class='ocrx_word' id='word_1_339' title='bbox 1583 2927 1713 2997; x_wconf 89' lang='lat' dir='ltr'><strong>quid</strong></span> <span class='ocrx_word' id='word_1_340' title='bbox 1756 2936 1840 2981; x_wconf 92' lang='lat' dir='ltr'><strong>est</strong></span> <span class='ocrx_word' id='word_1_341' title='bbox 1893 2927 2038 2982; x_wconf 80' lang='lat' dir='ltr'><strong>aliud</strong></span> 
     </span>
    </p>
   </div>
   <div class='ocr_carea' id='block_1_47' title="bbox 457 3015 2037 3085">
    <p class='ocr_par' dir='ltr' id='par_1_47' title="bbox 457 3015 2037 3085">
     <span class='ocr_line' id='line_1_47' title="bbox 457 3015 2037 3085; baseline 0.006 -19"><span class='ocrx_word' id='word_1_342' title='bbox 457 3028 620 3083; x_wconf 88' lang='lat' dir='ltr'><strong>quam</strong></span> <span class='ocrx_word' id='word_1_343' title='bbox 646 3015 890 3084; x_wconf 71' lang='lat' dir='ltr'><strong>qumdam</strong></span> <span class='ocrx_word' id='word_1_344' title='bbox 921 3016 1141 3072; x_wconf 90' lang='lat' dir='ltr'><strong>ariditas</strong></span> <span class='ocrx_word' id='word_1_345' title='bbox 1163 3017 1393 3073; x_wconf 89' lang='lat' dir='ltr'><strong>mentis?</strong></span> <span class='ocrx_word' id='word_1_346' title='bbox 1418 3016 1522 3085; x_wconf 85' lang='lat' dir='ltr'><strong>Qui</strong></span> <span class='ocrx_word' id='word_1_347' title='bbox 1546 3021 1732 3073; x_wconf 83' lang='lat' dir='ltr'><strong>autem</strong></span> <span class='ocrx_word' id='word_1_348' title='bbox 1761 3019 2037 3076; x_wconf 88' lang='lat' dir='ltr'><strong>intellectu</strong></span> 
     </span>
    </p>
   </div>
   <div class='ocr_carea' id='block_1_48' title="bbox 456 3103 2033 3180">
    <p class='ocr_par' dir='ltr' id='par_1_48' title="bbox 456 3103 2033 3180">
     <span class='ocr_line' id='line_1_48' title="bbox 456 3103 2033 3180; baseline 0.005 -23"><span class='ocrx_word' id='word_1_349' title='bbox 456 3103 761 3159; x_wconf 66' lang='lat' dir='ltr'><strong>caelestium</strong></span> <span class='ocrx_word' id='word_1_350' title='bbox 791 3105 905 3175; x_wconf 88' lang='lat' dir='ltr'><strong>jam</strong></span> <span class='ocrx_word' id='word_1_351' title='bbox 931 3120 1028 3177; x_wconf 86' lang='lat' dir='ltr'><strong>per</strong></span> <span class='ocrx_word' id='word_1_352' title='bbox 1049 3116 1235 3164; x_wconf 89' lang='lat' dir='ltr'><strong>sancta</strong></span> <span class='ocrx_word' id='word_1_353' title='bbox 1265 3109 1532 3164; x_wconf 90' lang='lat' dir='ltr'><strong>desideria</strong></span> <span class='ocrx_word' id='word_1_354' title='bbox 1559 3109 1626 3165; x_wconf 90' lang='lat' dir='ltr'><strong>de</strong></span> <span class='ocrx_word' id='word_1_355' title='bbox 1665 3110 1912 3180; x_wconf 90' lang='lat' dir='ltr'><strong>supernis</strong></span> <span class='ocrx_word' id='word_1_356' title='bbox 1938 3111 2033 3165; x_wconf 89' lang='lat' dir='ltr'><strong>de-</strong></span> 
     </span>
    </p>
   </div>
   <div class='ocr_carea' id='block_1_49' title="bbox 2139 1914 3725 1978">
    <p class='ocr_par' dir='ltr' id='par_1_49' title="bbox 2139 1914 3725 1978">
     <span class='ocr_line' id='line_1_49' title="bbox 2139 1914 3725 1978; baseline 0.003 -12"><span class='ocrx_word' id='word_1_357' title='bbox 2139 1928 2238 1967; x_wconf 88' lang='lat' dir='ltr'><strong>eur</strong></span> <span class='ocrx_word' id='word_1_358' title='bbox 2263 1914 2416 1968; x_wconf 89' lang='lat' dir='ltr'><strong>timet</strong></span> <span class='ocrx_word' id='word_1_359' title='bbox 2455 1914 2733 1978; x_wconf 87' lang='lat' dir='ltr'><strong>Christus,</strong></span> <span class='ocrx_word' id='word_1_360' title='bbox 2778 1930 2902 1969; x_wconf 88' lang='lat' dir='ltr'><strong>cum</strong></span> <span class='ocrx_word' id='word_1_361' title='bbox 2932 1914 3125 1970; x_wconf 85' lang='lat' dir='ltr'><strong>Petrus</strong></span> <span class='ocrx_word' id='word_1_362' title='bbox 3161 1930 3266 1969; x_wconf 91' lang='lat' dir='ltr'><strong>non</strong></span> <span class='ocrx_word' id='word_1_363' title='bbox 3308 1915 3538 1971; x_wconf 83' lang='lat' dir='ltr'><strong>timeat?</strong></span> <span class='ocrx_word' id='word_1_364' title='bbox 3567 1915 3725 1970; x_wconf 82' lang='lat' dir='ltr'><strong>Chri-</strong></span> 
     </span>
    </p>
   </div>
   <div class='ocr_carea' id='block_1_50' title="bbox 2141 2005 3722 2075">
    <p class='ocr_par' dir='ltr' id='par_1_50' title="bbox 2141 2005 3722 2075">
     <span class='ocr_line' id='line_1_50' title="bbox 2141 2005 3722 2075; baseline 0.002 -18"><span class='ocrx_word' id='word_1_365' title='bbox 2141 2012 2229 2061; x_wconf 91' lang='lat' dir='ltr'><strong>tus</strong></span> <span class='ocrx_word' id='word_1_366' title='bbox 2255 2006 2411 2059; x_wconf 91' lang='lat' dir='ltr'><strong>timet</strong></span> <span class='ocrx_word' id='word_1_367' title='bbox 2434 2013 2490 2060; x_wconf 92' lang='lat' dir='ltr'><strong>et</strong></span> <span class='ocrx_word' id='word_1_368' title='bbox 2511 2006 2691 2071; x_wconf 66' lang='lat' dir='ltr'><strong>taedet,</strong></span> <span class='ocrx_word' id='word_1_369' title='bbox 2708 2012 2871 2075; x_wconf 88' lang='lat' dir='ltr'><strong>atque</strong></span> <span class='ocrx_word' id='word_1_370' title='bbox 2893 2006 3270 2071; x_wconf 87' lang='lat' dir='ltr'><strong>contristatur,</strong></span> <span class='ocrx_word' id='word_1_371' title='bbox 3297 2018 3353 2061; x_wconf 88' lang='lat' dir='ltr'><strong>et</strong></span> <span class='ocrx_word' id='word_1_372' title='bbox 3371 2006 3536 2061; x_wconf 88' lang='lat' dir='ltr'><strong>dicit:</strong></span> <span class='ocrx_word' id='word_1_373' title='bbox 3564 2005 3617 2060; x_wconf 85' lang='grc' dir='ltr'><strong><em>Ν</em></strong></span> <span class='ocrx_word' id='word_1_374' title='bbox 3622 2023 3722 2060; x_wconf 74' lang='lat' dir='ltr'><strong>unc</strong></span> 
     </span>
    </p>
   </div>
   <div class='ocr_carea' id='block_1_51' title="bbox 2140 2095 3722 2151">
    <p class='ocr_par' dir='ltr' id='par_1_51' title="bbox 2140 2095 3722 2151">
     <span class='ocr_line' id='line_1_51' title="bbox 2140 2095 3722 2151; baseline 0 -1"><span class='ocrx_word' id='word_1_375' title='bbox 2140 2095 2319 2150; x_wconf 88' lang='lat' dir='ltr'><strong>anima</strong></span> <span class='ocrx_word' id='word_1_376' title='bbox 2352 2112 2469 2150; x_wconf 88' lang='lat' dir='ltr'><strong>mea</strong></span> <span class='ocrx_word' id='word_1_377' title='bbox 2511 2096 2773 2150; x_wconf 77' lang='lat' dir='ltr'><strong>turbatur.</strong></span> <span class='ocrx_word' id='word_1_378' title='bbox 2825 2096 3019 2151; x_wconf 85' lang='lat' dir='ltr'><strong>Petrus</strong></span> <span class='ocrx_word' id='word_1_379' title='bbox 3056 2097 3217 2151; x_wconf 89' lang='lat' dir='ltr'><strong>dicit:</strong></span> <span class='ocrx_word' id='word_1_380' title='bbox 3260 2095 3513 2151; x_wconf 85' lang='lat' dir='ltr'><strong>Animam</strong></span> <span class='ocrx_word' id='word_1_381' title='bbox 3544 2112 3722 2151; x_wconf 76' lang='lat' dir='ltr'><strong>meam</strong></span> 
     </span>
    </p>
   </div>
   <div class='ocr_carea' id='block_1_52' title="bbox 2138 2185 3722 2257">
    <p class='ocr_par' dir='ltr' id='par_1_52' title="bbox 2138 2185 3722 2257">
     <span class='ocr_line' id='line_1_52' title="bbox 2138 2185 3722 2257; baseline 0 -17"><span class='ocrx_word' id='word_1_382' title='bbox 2138 2201 2335 2256; x_wconf 90' lang='lat' dir='ltr'><strong>ponam</strong></span> <span class='ocrx_word' id='word_1_383' title='bbox 2367 2200 2465 2256; x_wconf 90' lang='lat' dir='ltr'><strong>pro</strong></span> <span class='ocrx_word' id='word_1_384' title='bbox 2496 2194 2568 2241; x_wconf 91' lang='lat' dir='ltr'><strong>te.</strong></span> <span class='ocrx_word' id='word_1_385' title='bbox 2601 2186 2900 2255; x_wconf 90' lang='lat' dir='ltr'><strong>Utrumque</strong></span> <span class='ocrx_word' id='word_1_386' title='bbox 2930 2201 3060 2257; x_wconf 84' lang='lat' dir='ltr'><strong>ergo</strong></span> <span class='ocrx_word' id='word_1_387' title='bbox 3102 2201 3287 2241; x_wconf 83' lang='lat' dir='ltr'><strong>verum</strong></span> <span class='ocrx_word' id='word_1_388' title='bbox 3314 2194 3399 2241; x_wconf 81' lang='lat' dir='ltr'><strong>est</strong></span> <span class='ocrx_word' id='word_1_389' title='bbox 3419 2196 3474 2241; x_wconf 90' lang='lat' dir='ltr'><strong>et</strong></span> <span class='ocrx_word' id='word_1_390' title='bbox 3502 2185 3722 2257; x_wconf 86' lang='lat' dir='ltr'><strong>plenum</strong></span> 
     </span>
    </p>
   </div>
   <div class='ocr_carea' id='block_1_53' title="bbox 2145 2275 3723 2347">
    <p class='ocr_par' dir='ltr' id='par_1_53' title="bbox 2145 2275 3723 2347">
     <span class='ocr_line' id='line_1_53' title="bbox 2145 2275 3723 2347; baseline -0.001 -15"><span class='ocrx_word' id='word_1_391' title='bbox 2145 2287 2438 2347; x_wconf 89' lang='lat' dir='ltr'><strong>utrumque</strong></span> <span class='ocrx_word' id='word_1_392' title='bbox 2462 2278 2688 2343; x_wconf 85' lang='lat' dir='ltr'><strong>ratione,</strong></span> <span class='ocrx_word' id='word_1_393' title='bbox 2715 2277 2859 2347; x_wconf 89' lang='lat' dir='ltr'><strong>quod</strong></span> <span class='ocrx_word' id='word_1_394' title='bbox 2886 2287 2942 2331; x_wconf 89' lang='lat' dir='ltr'><strong>et</strong></span> <span class='ocrx_word' id='word_1_395' title='bbox 2971 2276 3059 2331; x_wconf 84' lang='lat' dir='ltr'><strong>ille</strong></span> <span class='ocrx_word' id='word_1_396' title='bbox 3096 2277 3185 2345; x_wconf 90' lang='lat' dir='ltr'><strong>qui</strong></span> <span class='ocrx_word' id='word_1_397' title='bbox 3230 2285 3315 2332; x_wconf 91' lang='lat' dir='ltr'><strong>est</strong></span> <span class='ocrx_word' id='word_1_398' title='bbox 3362 2275 3592 2331; x_wconf 88' lang='lat' dir='ltr'><strong>inferior</strong></span> <span class='ocrx_word' id='word_1_399' title='bbox 3619 2282 3723 2330; x_wconf 82' lang='lat' dir='ltr'><strong>non</strong></span> 
     </span>
    </p>
   </div>
   <div class='ocr_carea' id='block_1_54' title="bbox 2140 2367 3727 2439">
    <p class='ocr_par' dir='ltr' id='par_1_54' title="bbox 2140 2367 3727 2439">
     <span class='ocr_line' id='line_1_54' title="bbox 2140 2367 3727 2439; baseline -0.002 -14"><span class='ocrx_word' id='word_1_400' title='bbox 2140 2370 2317 2434; x_wconf 92' lang='lat' dir='ltr'><strong>timet,</strong></span> <span class='ocrx_word' id='word_1_401' title='bbox 2358 2377 2412 2425; x_wconf 91' lang='lat' dir='ltr'><strong>et</strong></span> <span class='ocrx_word' id='word_1_402' title='bbox 2454 2368 2543 2423; x_wconf 89' lang='lat' dir='ltr'><strong>ille</strong></span> <span class='ocrx_word' id='word_1_403' title='bbox 2591 2369 2683 2438; x_wconf 86' lang='lat' dir='ltr'><strong>qui</strong></span> <span class='ocrx_word' id='word_1_404' title='bbox 2729 2376 2812 2422; x_wconf 86' lang='lat' dir='ltr'><strong>est</strong></span> <span class='ocrx_word' id='word_1_405' title='bbox 2849 2368 3098 2438; x_wconf 89' lang='lat' dir='ltr'><strong>superior</strong></span> <span class='ocrx_word' id='word_1_406' title='bbox 3143 2368 3285 2439; x_wconf 88' lang='lat' dir='ltr'><strong>gerit</strong></span> <span class='ocrx_word' id='word_1_407' title='bbox 3317 2368 3562 2423; x_wconf 85' lang='lat' dir='ltr'><strong>timentis</strong></span> <span class='ocrx_word' id='word_1_408' title='bbox 3595 2367 3727 2422; x_wconf 72' lang='lat' dir='ltr'><strong>alie—</strong></span> 
     </span>
    </p>
   </div>
   <div class='ocr_carea' id='block_1_55' title="bbox 2140 2461 3724 2534">
    <p class='ocr_par' dir='ltr' id='par_1_55' title="bbox 2140 2461 3724 2534">
     <span class='ocr_line' id='line_1_55' title="bbox 2140 2461 3724 2534; baseline -0.005 -13"><span class='ocrx_word' id='word_1_409' title='bbox 2140 2475 2305 2521; x_wconf 90' lang='lat' dir='ltr'><strong>ctum.</strong></span> <span class='ocrx_word' id='word_1_410' title='bbox 2338 2464 2429 2519; x_wconf 88' lang='lat' dir='ltr'><strong>Ille</strong></span> <span class='ocrx_word' id='word_1_411' title='bbox 2454 2464 2599 2519; x_wconf 91' lang='lat' dir='ltr'><strong>enim</strong></span> <span class='ocrx_word' id='word_1_412' title='bbox 2624 2462 2780 2534; x_wconf 90' lang='lat' dir='ltr'><strong>quasi</strong></span> <span class='ocrx_word' id='word_1_413' title='bbox 2817 2463 2980 2518; x_wconf 91' lang='lat' dir='ltr'><strong>homo</strong></span> <span class='ocrx_word' id='word_1_414' title='bbox 2998 2462 3107 2517; x_wconf 89' lang='lat' dir='ltr'><strong>vim</strong></span> <span class='ocrx_word' id='word_1_415' title='bbox 3138 2461 3328 2517; x_wconf 91' lang='lat' dir='ltr'><strong>mortis</strong></span> <span class='ocrx_word' id='word_1_416' title='bbox 3355 2461 3595 2533; x_wconf 81' lang='lat' dir='ltr'><strong>ignorat,</strong></span> <span class='ocrx_word' id='word_1_417' title='bbox 3620 2461 3724 2514; x_wconf 82' lang='lat' dir='ltr'><strong>iste</strong></span> 
     </span>
    </p>
   </div>
   <div class='ocr_carea' id='block_1_56' title="bbox 2140 2554 3725 2629">
    <p class='ocr_par' dir='ltr' id='par_1_56' title="bbox 2140 2554 3725 2629">
     <span class='ocr_line' id='line_1_56' title="bbox 2140 2554 3725 2629; baseline -0.004 -15"><span class='ocrx_word' id='word_1_418' title='bbox 2140 2568 2317 2615; x_wconf 90' lang='lat' dir='ltr'><strong>autem</strong></span> <span class='ocrx_word' id='word_1_419' title='bbox 2345 2558 2499 2629; x_wconf 90' lang='lat' dir='ltr'><strong>quasi</strong></span> <span class='ocrx_word' id='word_1_420' title='bbox 2523 2558 2663 2613; x_wconf 91' lang='lat' dir='ltr'><strong>Deus</strong></span> <span class='ocrx_word' id='word_1_421' title='bbox 2687 2559 2740 2611; x_wconf 93' lang='lat' dir='ltr'><strong>in</strong></span> <span class='ocrx_word' id='word_1_422' title='bbox 2764 2571 2990 2627; x_wconf 89' lang='lat' dir='ltr'><strong>corpore</strong></span> <span class='ocrx_word' id='word_1_423' title='bbox 3015 2556 3343 2611; x_wconf 88' lang='lat' dir='ltr'><strong>constitutus</strong></span> <span class='ocrx_word' id='word_1_424' title='bbox 3370 2554 3725 2625; x_wconf 81' lang='lat' dir='ltr'><strong>fragilitatem</strong></span> 
     </span>
    </p>
   </div>
   <div class='ocr_carea' id='block_1_57' title="bbox 2140 2648 3725 2722">
    <p class='ocr_par' dir='ltr' id='par_1_57' title="bbox 2140 2648 3725 2722">
     <span class='ocr_line' id='line_1_57' title="bbox 2140 2648 3725 2722; baseline -0.006 -12"><span class='ocrx_word' id='word_1_425' title='bbox 2140 2653 2320 2710; x_wconf 91' lang='lat' dir='ltr'><strong>carnis</strong></span> <span class='ocrx_word' id='word_1_426' title='bbox 2338 2652 2578 2722; x_wconf 79' lang='lat' dir='ltr'><strong>exponit,</strong></span> <span class='ocrx_word' id='word_1_427' title='bbox 2609 2659 2672 2704; x_wconf 92' lang='lat' dir='ltr'><strong>ut</strong></span> <span class='ocrx_word' id='word_1_428' title='bbox 2697 2666 2886 2705; x_wconf 90' lang='lat' dir='ltr'><strong>eorum</strong></span> <span class='ocrx_word' id='word_1_429' title='bbox 2917 2650 3008 2719; x_wconf 91' lang='lat' dir='ltr'><strong>qui</strong></span> <span class='ocrx_word' id='word_1_430' title='bbox 3048 2656 3447 2705; x_wconf 86' lang='lat' dir='ltr'><strong>sacramentum</strong></span> <span class='ocrx_word' id='word_1_431' title='bbox 3474 2648 3725 2702; x_wconf 82' lang='lat' dir='ltr'><strong>incarna-</strong></span> 
     </span>
    </p>
   </div>
   <div class='ocr_carea' id='block_1_58' title="bbox 2142 2738 3721 2815">
    <p class='ocr_par' dir='ltr' id='par_1_58' title="bbox 2142 2738 3721 2815">
     <span class='ocr_line' id='line_1_58' title="bbox 2142 2738 3721 2815; baseline -0.004 -15"><span class='ocrx_word' id='word_1_432' title='bbox 2142 2745 2300 2800; x_wconf 88' lang='lat' dir='ltr'><strong>tionis</strong></span> <span class='ocrx_word' id='word_1_433' title='bbox 2325 2742 2964 2815; x_wconf 79' lang='lat' dir='ltr'><strong>abjurantexcluderetur</strong></span> <span class='ocrx_word' id='word_1_434' title='bbox 2984 2741 3253 2811; x_wconf 85' lang='lat' dir='ltr'><strong>impietas.</strong></span> <span class='ocrx_word' id='word_1_435' title='bbox 3277 2740 3520 2810; x_wconf 89' lang='lat' dir='ltr'><strong>Denique</strong></span> <span class='ocrx_word' id='word_1_436' title='bbox 3539 2738 3721 2793; x_wconf 76' lang='lat' dir='ltr'><strong>ethatc</strong></span> 
     </span>
    </p>
   </div>
   <div class='ocr_carea' id='block_1_59' title="bbox 2140 2833 3720 2903">
    <p class='ocr_par' dir='ltr' id='par_1_59' title="bbox 2140 2833 3720 2903">
     <span class='ocr_line' id='line_1_59' title="bbox 2140 2833 3720 2903; baseline -0.004 -11"><span class='ocrx_word' id='word_1_437' title='bbox 2140 2837 2293 2902; x_wconf 84' lang='lat' dir='ltr'><strong>dixit,</strong></span> <span class='ocrx_word' id='word_1_438' title='bbox 2309 2845 2364 2890; x_wconf 92' lang='lat' dir='ltr'><strong>et</strong></span> <span class='ocrx_word' id='word_1_439' title='bbox 2392 2835 2717 2890; x_wconf 64' lang='lat' dir='ltr'><strong>Manichaeus</strong></span> <span class='ocrx_word' id='word_1_440' title='bbox 2746 2851 2853 2891; x_wconf 92' lang='lat' dir='ltr'><strong>non</strong></span> <span class='ocrx_word' id='word_1_441' title='bbox 2878 2833 3451 2899; x_wconf 83' lang='lat' dir='ltr'><strong>credidit,Valentinus</strong></span> <span class='ocrx_word' id='word_1_442' title='bbox 3475 2834 3720 2903; x_wconf 81' lang='lat' dir='ltr'><strong>negavit,</strong></span> 
     </span>
    </p>
   </div>
   <div class='ocr_carea' id='block_1_60' title="bbox 2138 2924 3722 2998">
    <p class='ocr_par' dir='ltr' id='par_1_60' title="bbox 2138 2924 3722 2998">
     <span class='ocr_line' id='line_1_60' title="bbox 2138 2924 3722 2998; baseline -0.003 -15"><span class='ocrx_word' id='word_1_443' title='bbox 2138 2937 2191 2983; x_wconf 89' lang='lat' dir='ltr'><strong>et</strong></span> <span class='ocrx_word' id='word_1_444' title='bbox 2214 2927 2452 2983; x_wconf 84' lang='lat' dir='ltr'><strong>Marcion</strong></span> <span class='ocrx_word' id='word_1_445' title='bbox 2482 2927 2801 2998; x_wconf 87' lang='lat' dir='ltr'><strong>phantasma</strong></span> <span class='ocrx_word' id='word_1_446' title='bbox 2817 2926 3098 2997; x_wconf 83' lang='lat' dir='ltr'><strong>judicavit.</strong></span> <span class='ocrx_word' id='word_1_447' title='bbox 3117 2926 3193 2981; x_wconf 86' lang='lat' dir='ltr'><strong>Eo</strong></span> <span class='ocrx_word' id='word_1_448' title='bbox 3214 2940 3387 2995; x_wconf 89' lang='lat' dir='ltr'><strong>usque</strong></span> <span class='ocrx_word' id='word_1_449' title='bbox 3412 2933 3595 2980; x_wconf 83' lang='lat' dir='ltr'><strong>autem</strong></span> <span class='ocrx_word' id='word_1_450' title='bbox 3619 2924 3722 2978; x_wconf 80' lang='lat' dir='ltr'><strong>ho—</strong></span> 
     </span>
    </p>
   </div>
   <div class='ocr_carea' id='block_1_61' title="bbox 2140 3016 3727 3089">
    <p class='ocr_par' dir='ltr' id='par_1_61' title="bbox 2140 3016 3727 3089">
     <span class='ocr_line' id='line_1_61' title="bbox 2140 3016 3727 3089; baseline -0.004 -16"><span class='ocrx_word' id='word_1_451' title='bbox 2140 3020 2342 3073; x_wconf 89' lang='lat' dir='ltr'><strong>minem</strong></span> <span class='ocrx_word' id='word_1_452' title='bbox 2370 3034 2528 3088; x_wconf 90' lang='lat' dir='ltr'><strong>quem</strong></span> <span class='ocrx_word' id='word_1_453' title='bbox 2558 3018 2786 3073; x_wconf 86' lang='lat' dir='ltr'><strong>veritate</strong></span> <span class='ocrx_word' id='word_1_454' title='bbox 2801 3018 3041 3089; x_wconf 84' lang='lat' dir='ltr'><strong>corporis</strong></span> <span class='ocrx_word' id='word_1_455' title='bbox 3054 3016 3456 3073; x_wconf 89' lang='lat' dir='ltr'><strong>demonstrabat</strong></span> <span class='ocrx_word' id='word_1_456' title='bbox 3470 3016 3727 3085; x_wconf 59' lang='lat' dir='ltr'><strong>aequabat</strong></span> 
     </span>
    </p>
   </div>
   <div class='ocr_carea' id='block_1_62' title="bbox 2140 3106 3726 3177">
    <p class='ocr_par' dir='ltr' id='par_1_62' title="bbox 2140 3106 3726 3177">
     <span class='ocr_line' id='line_1_62' title="bbox 2140 3106 3726 3177; baseline -0.005 -12"><span class='ocrx_word' id='word_1_457' title='bbox 2140 3109 2352 3176; x_wconf 70' lang='lat' dir='ltr'><strong>aﬂ‘ectu,</strong></span> <span class='ocrx_word' id='word_1_458' title='bbox 2383 3120 2441 3165; x_wconf 92' lang='lat' dir='ltr'><strong>ut</strong></span> <span class='ocrx_word' id='word_1_459' title='bbox 2464 3112 2667 3166; x_wconf 87' lang='lat' dir='ltr'><strong>diceret</strong></span> <span class='ocrx_word' id='word_1_460' title='bbox 2690 3130 2701 3164; x_wconf 91' lang='lat'><strong>:</strong></span> <span class='ocrx_word' id='word_1_461' title='bbox 2744 3109 2845 3165; x_wconf 86' lang='lat' dir='ltr'><strong>Sed</strong></span> <span class='ocrx_word' id='word_1_462' title='bbox 2865 3120 3037 3164; x_wconf 86' lang='lat' dir='ltr'><strong>tamen</strong></span> <span class='ocrx_word' id='word_1_463' title='bbox 3061 3126 3163 3163; x_wconf 86' lang='lat' dir='ltr'><strong>non</strong></span> <span class='ocrx_word' id='word_1_464' title='bbox 3189 3110 3319 3162; x_wconf 73' lang='lat' dir='ltr'><strong>s’cut</strong></span> <span class='ocrx_word' id='word_1_465' title='bbox 3340 3123 3456 3177; x_wconf 88' lang='lat' dir='ltr'><strong>ego,</strong></span> <span class='ocrx_word' id='word_1_466' title='bbox 3480 3106 3569 3160; x_wconf 83' lang='lat' dir='ltr'><strong>sed</strong></span> <span class='ocrx_word' id='word_1_467' title='bbox 3591 3106 3726 3159; x_wconf 76' lang='lat' dir='ltr'><strong>sicut</strong></span> 
     </span>
    </p>
   </div>
   <div class='ocr_carea' id='block_1_63' title="bbox 457 3181 3726 3273">
    <p class='ocr_par' dir='ltr' id='par_1_63' title="bbox 457 3181 3726 3273">
     <span class='ocr_line' id='line_1_63' title="bbox 457 3181 3726 3273; baseline 0 -25"><span class='ocrx_word' id='word_1_468' title='bbox 457 3194 991 3253; x_wconf 69' lang='lat' dir='ltr'><strong>lectationisintima:</strong></span> <span class='ocrx_word' id='word_1_469' title='bbox 1012 3199 1148 3253; x_wconf 92' lang='lat' dir='ltr'><strong>cibis</strong></span> <span class='ocrx_word' id='word_1_470' title='bbox 1174 3209 1488 3268; x_wconf 88' lang='lat' dir='ltr'><strong>pascuntur,</strong></span> <span class='ocrx_word' id='word_1_471' title='bbox 1513 3201 1667 3270; x_wconf 91' lang='lat' dir='ltr'><strong>quasi</strong></span> <span class='ocrx_word' id='word_1_472' title='bbox 1700 3201 1917 3273; x_wconf 90' lang='lat' dir='ltr'><strong>largiori</strong></span> <span class='ocrx_word' id='word_1_473' title='bbox 1942 3201 2037 3255; x_wconf 89' lang='lat' dir='ltr'><strong>ali-</strong></span> <span class='ocrx_word' id='word_1_474' title='bbox 2065 3181 2108 3241; x_wconf 65' lang='grc' dir='ltr'>ε</span> <span class='ocrx_word' id='word_1_475' title='bbox 2145 3209 2199 3255; x_wconf 83' lang='lat' dir='ltr'><strong>tu</strong></span> <span class='ocrx_word' id='word_1_476' title='bbox 2213 3202 2311 3255; x_wconf 83' lang='lat' dir='ltr'><strong>vis.</strong></span> <span class='ocrx_word' id='word_1_477' title='bbox 2332 3200 2722 3272; x_wconf 84' lang='lat' dir='ltr'><strong>Suscepitergn</strong></span> <span class='ocrx_word' id='word_1_478' title='bbox 2741 3200 3071 3256; x_wconf 87' lang='lat' dir='ltr'><strong>voluntatem</strong></span> <span class='ocrx_word' id='word_1_479' title='bbox 3087 3213 3285 3263; x_wconf 88' lang='lat' dir='ltr'><strong>meam,</strong></span> <span class='ocrx_word' id='word_1_480' title='bbox 3304 3198 3540 3268; x_wconf 88' lang='lat' dir='ltr'><strong>suscepit</strong></span> <span class='ocrx_word' id='word_1_481' title='bbox 3557 3196 3726 3251; x_wconf 87' lang='lat' dir='ltr'><strong>tristi-</strong></span> 
     </span>
    </p>
   </div>
   <div class='ocr_carea' id='block_1_64' title="bbox 456 3287 2044 3363">
    <p class='ocr_par' dir='ltr' id='par_1_64' title="bbox 456 3287 2044 3363">
     <span class='ocr_line' id='line_1_64' title="bbox 456 3287 2044 3363; baseline 0.004 -23"><span class='ocrx_word' id='word_1_482' title='bbox 456 3295 640 3341; x_wconf 88' lang='lat' dir='ltr'><strong>mento</strong></span> <span class='ocrx_word' id='word_1_483' title='bbox 675 3287 1052 3358; x_wconf 81' lang='lat' dir='ltr'><strong>pinguescunt.</strong></span> <span class='ocrx_word' id='word_1_484' title='bbox 1103 3287 1215 3344; x_wconf 83' lang='lat' dir='ltr'><strong>Hac</strong></span> <span class='ocrx_word' id='word_1_485' title='bbox 1258 3289 1402 3344; x_wconf 91' lang='lat' dir='ltr'><strong>enim</strong></span> <span class='ocrx_word' id='word_1_486' title='bbox 1443 3291 1766 3362; x_wconf 83' lang='lat' dir='ltr'><strong>pinguedine</strong></span> <span class='ocrx_word' id='word_1_487' title='bbox 1809 3292 2044 3363; x_wconf 86' lang='lat' dir='ltr'><strong>saginari</strong></span> 
     </span>
    </p>
   </div>
   <div class='ocr_carea' id='block_1_65' title="bbox 454 3377 2044 3465">
    <p class='ocr_par' dir='ltr' id='par_1_65' title="bbox 454 3377 2044 3465">
     <span class='ocr_line' id='line_1_65' title="bbox 454 3377 2044 3465; baseline 0.005 -32"><span class='ocrx_word' id='word_1_488' title='bbox 454 3377 740 3434; x_wconf 77' lang='lat' dir='ltr'><strong>Psalmista</strong></span> <span class='ocrx_word' id='word_1_489' title='bbox 753 3380 1121 3465; x_wconf 76' lang='lat' dir='ltr'><strong>concupierat,</strong></span> <span class='ocrx_word' id='word_1_490' title='bbox 1136 3396 1257 3437; x_wconf 91' lang='lat' dir='ltr'><strong>cum</strong></span> <span class='ocrx_word' id='word_1_491' title='bbox 1273 3383 1487 3439; x_wconf 89' lang='lat' dir='ltr'><strong>dicebat</strong></span> <span class='ocrx_word' id='word_1_492' title='bbox 1506 3402 1518 3437; x_wconf 92' lang='lat'><strong>:</strong></span> <span class='ocrx_word' id='word_1_493' title='bbox 1540 3383 1688 3440; x_wconf 87' lang='lat' dir='ltr'><strong>Sicut</strong></span> <span class='ocrx_word' id='word_1_494' title='bbox 1702 3385 1854 3456; x_wconf 80' lang='lat' dir='ltr'><strong>adipe</strong></span> <span class='ocrx_word' id='word_1_495' title='bbox 1868 3396 1913 3440; x_wconf 85' lang='lat' dir='ltr'><strong>et</strong></span> <span class='ocrx_word' id='word_1_496' title='bbox 1933 3388 1986 3458; x_wconf 85' lang='lat' dir='ltr'><strong>pi</strong></span> <span class='ocrx_word' id='word_1_497' title='bbox 1991 3405 2044 3441; x_wconf 83' lang='lat' dir='ltr'><strong>n-</strong></span> 
     </span>
    </p>
   </div>
   <div class='ocr_carea' id='block_1_66' title="bbox 456 3472 2044 3549">
    <p class='ocr_par' dir='ltr' id='par_1_66' title="bbox 456 3472 2044 3549">
     <span class='ocr_line' id='line_1_66' title="bbox 456 3472 2044 3549; baseline 0.003 -22"><span class='ocrx_word' id='word_1_498' title='bbox 456 3473 679 3543; x_wconf 82' lang='lat' dir='ltr'><strong>guedine</strong></span> <span class='ocrx_word' id='word_1_499' title='bbox 693 3472 955 3543; x_wconf 84' lang='lat' dir='ltr'><strong>repleatur</strong></span> <span class='ocrx_word' id='word_1_500' title='bbox 975 3474 1151 3529; x_wconf 85' lang='lat' dir='ltr'><strong>anima</strong></span> <span class='ocrx_word' id='word_1_501' title='bbox 1165 3493 1280 3530; x_wconf 89' lang='lat' dir='ltr'><strong>mea</strong></span> <span class='ocrx_word' id='word_1_502' title='bbox 1318 3474 1631 3548; x_wconf 82' lang='lat' dir='ltr'><strong>(Psal.r.xn)</strong></span> <span class='ocrx_word' id='word_1_503' title='bbox 1666 3475 1848 3549; x_wconf 69' lang='grc' dir='ltr'><strong>(ΗΑΒ.)</strong></span> <span class='ocrx_word' id='word_1_504' title='bbox 1864 3477 2044 3544; x_wconf 82' lang='lat' dir='ltr'><strong>Quan-</strong></span> 
     </span>
    </p>
   </div>
   <div class='ocr_carea' id='block_1_67' title="bbox 456 3566 2040 3642">
    <p class='ocr_par' dir='ltr' id='par_1_67' title="bbox 456 3566 2040 3642">
     <span class='ocr_line' id='line_1_67' title="bbox 456 3566 2040 3642; baseline 0.008 -25"><span class='ocrx_word' id='word_1_505' title='bbox 456 3572 569 3618; x_wconf 90' lang='lat' dir='ltr'><strong>tum</strong></span> <span class='ocrx_word' id='word_1_506' title='bbox 589 3566 794 3620; x_wconf 89' lang='lat' dir='ltr'><strong>vero-ad</strong></span> <span class='ocrx_word' id='word_1_507' title='bbox 808 3566 976 3637; x_wconf 88' lang='lat' dir='ltr'><strong>ipsam</strong></span> <span class='ocrx_word' id='word_1_508' title='bbox 994 3569 1282 3625; x_wconf 71' lang='lat' dir='ltr'><strong>Dominica:</strong></span> <span class='ocrx_word' id='word_1_509' title='bbox 1307 3570 1573 3640; x_wconf 89' lang='lat' dir='ltr'><strong>passionis</strong></span> <span class='ocrx_word' id='word_1_510' title='bbox 1586 3572 2040 3642; x_wconf 88' lang='lat' dir='ltr'><strong>dispensationem</strong></span> 
     </span>
    </p>
   </div>
   <div class='ocr_carea' id='block_1_68' title="bbox 458 3655 2043 3730">
    <p class='ocr_par' dir='ltr' id='par_1_68' title="bbox 458 3655 2043 3730">
     <span class='ocr_line' id='line_1_68' title="bbox 458 3655 2043 3730; baseline 0.007 -22"><span class='ocrx_word' id='word_1_511' title='bbox 458 3655 671 3720; x_wconf 88' lang='lat' dir='ltr'><strong>attinet,</strong></span> <span class='ocrx_word' id='word_1_512' title='bbox 704 3664 827 3726; x_wconf 89' lang='lat' dir='ltr'><strong>apte</strong></span> <span class='ocrx_word' id='word_1_513' title='bbox 872 3659 1307 3730; x_wconf 90' lang='lat' dir='ltr'><strong>appropinquans</strong></span> <span class='ocrx_word' id='word_1_514' title='bbox 1336 3660 1495 3715; x_wconf 90' lang='lat' dir='ltr'><strong>morti</strong></span> <span class='ocrx_word' id='word_1_515' title='bbox 1523 3659 1784 3718; x_wconf 89' lang='lat' dir='ltr'><strong>Dominus</strong></span> <span class='ocrx_word' id='word_1_516' title='bbox 1821 3664 1875 3718; x_wconf 92' lang='lat' dir='ltr'><strong>in</strong></span> <span class='ocrx_word' id='word_1_517' title='bbox 1906 3665 2043 3719; x_wconf 86' lang='lat' dir='ltr'><strong>valle</strong></span> 
     </span>
    </p>
   </div>
   <div class='ocr_carea' id='block_1_69' title="bbox 454 3746 2040 3824">
    <p class='ocr_par' dir='ltr' id='par_1_69' title="bbox 454 3746 2040 3824">
     <span class='ocr_line' id='line_1_69' title="bbox 454 3746 2040 3824; baseline 0.008 -26"><span class='ocrx_word' id='word_1_518' title='bbox 454 3746 797 3816; x_wconf 89' lang='lat' dir='ltr'><strong>pinguedinis</strong></span> <span class='ocrx_word' id='word_1_519' title='bbox 817 3749 992 3803; x_wconf 81' lang='lat' dir='ltr'><strong>oravit</strong></span> <span class='ocrx_word' id='word_1_520' title='bbox 1010 3767 1022 3802; x_wconf 90' lang='lat'>:</span> <span class='ocrx_word' id='word_1_521' title='bbox 1042 3748 1175 3816; x_wconf 90' lang='lat' dir='ltr'><strong>Quia</strong></span> <span class='ocrx_word' id='word_1_522' title='bbox 1190 3765 1290 3820; x_wconf 89' lang='lat' dir='ltr'><strong>per</strong></span> <span class='ocrx_word' id='word_1_523' title='bbox 1310 3750 1503 3806; x_wconf 85' lang='lat' dir='ltr'><strong>vallem</strong></span> <span class='ocrx_word' id='word_1_524' title='bbox 1519 3752 1838 3809; x_wconf 87' lang='lat' dir='ltr'><strong>humilitatis</strong></span> <span class='ocrx_word' id='word_1_525' title='bbox 1854 3755 2007 3824; x_wconf 89' lang='lat' dir='ltr'><strong>ctpin</strong></span> <span class='ocrx_word' id='word_1_526' title='bbox 2025 3785 2040 3795; x_wconf 85' lang='lat'><strong>-</strong></span> 
     </span>
    </p>
   </div>
   <div class='ocr_carea' id='block_1_70' title="bbox 455 3839 2045 3911">
    <p class='ocr_par' dir='ltr' id='par_1_70' title="bbox 455 3839 2045 3911">
     <span class='ocr_line' id='line_1_70' title="bbox 455 3839 2045 3911; baseline 0.007 -22"><span class='ocrx_word' id='word_1_527' title='bbox 455 3839 740 3909; x_wconf 76' lang='lat' dir='ltr'><strong>guelinem</strong></span> <span class='ocrx_word' id='word_1_528' title='bbox 756 3841 1037 3896; x_wconf 85' lang='lat' dir='ltr'><strong>charitatis</strong></span> <span class='ocrx_word' id='word_1_529' title='bbox 1050 3857 1148 3911; x_wconf 89' lang='lat' dir='ltr'><strong>pro</strong></span> <span class='ocrx_word' id='word_1_530' title='bbox 1160 3843 1315 3898; x_wconf 89' lang='lat' dir='ltr'><strong>nobis</strong></span> <span class='ocrx_word' id='word_1_531' title='bbox 1327 3852 1556 3899; x_wconf 88' lang='lat' dir='ltr'><strong>mortem</strong></span> <span class='ocrx_word' id='word_1_532' title='bbox 1572 3845 1764 3901; x_wconf 85' lang='lat' dir='ltr'><strong>subiit:</strong></span> <span class='ocrx_word' id='word_1_533' title='bbox 1782 3844 2045 3900; x_wconf 81' lang='lat' dir='ltr'><strong>Humilia-</strong></span> 
     </span>
    </p>
   </div>
   <div class='ocr_carea' id='block_1_71' title="bbox 456 3931 2041 4007">
    <p class='ocr_par' dir='ltr' id='par_1_71' title="bbox 456 3931 2041 4007">
     <span class='ocr_line' id='line_1_71' title="bbox 456 3931 2041 4007; baseline 0.005 -23"><span class='ocrx_word' id='word_1_534' title='bbox 456 3931 522 3984; x_wconf 75' lang='lat' dir='ltr'><strong>rit</strong></span> <span class='ocrx_word' id='word_1_535' title='bbox 547 3932 682 3984; x_wconf 76' lang='lat' dir='ltr'><strong>enim</strong></span> <span class='ocrx_word' id='word_1_536' title='bbox 695 3933 1021 4002; x_wconf 85' lang='lat' dir='ltr'><strong>semetipsum</strong></span> <span class='ocrx_word' id='word_1_537' title='bbox 1040 3933 1208 4003; x_wconf 76' lang='lat' dir='ltr'><strong>factus</strong></span> <span class='ocrx_word' id='word_1_538' title='bbox 1223 3935 1463 3990; x_wconf 83' lang='lat' dir='ltr'><strong>obediens</strong></span> <span class='ocrx_word' id='word_1_539' title='bbox 1483 3935 1633 3989; x_wconf 83' lang='lat' dir='ltr'><strong>Patri</strong></span> <span class='ocrx_word' id='word_1_540' title='bbox 1646 3954 1806 4007; x_wconf 85' lang='lat' dir='ltr'><strong>usque</strong></span> <span class='ocrx_word' id='word_1_541' title='bbox 1820 3937 1889 3992; x_wconf 89' lang='lat' dir='ltr'><strong>ad</strong></span> <span class='ocrx_word' id='word_1_542' title='bbox 1903 3955 2041 3992; x_wconf 88' lang='lat' dir='ltr'><strong>mor-</strong></span> 
     </span>
    </p>
   </div>
   <div class='ocr_carea' id='block_1_72' title="bbox 456 4020 2039 4095">
    <p class='ocr_par' dir='ltr' id='par_1_72' title="bbox 456 4020 2039 4095">
     <span class='ocr_line' id='line_1_72' title="bbox 456 4020 2039 4095; baseline 0.004 -21"><span class='ocrx_word' id='word_1_543' title='bbox 456 4031 556 4075; x_wconf 87' lang='lat' dir='ltr'><strong>tem</strong></span> <span class='ocrx_word' id='word_1_544' title='bbox 574 4020 790 4094; x_wconf 83' lang='lat' dir='ltr'><strong>(Philip.</strong></span> <span class='ocrx_word' id='word_1_545' title='bbox 811 4023 893 4095; x_wconf 86' lang='grc' dir='ltr'>ιι).</span> <span class='ocrx_word' id='word_1_546' title='bbox 917 4023 984 4077; x_wconf 89' lang='lat' dir='ltr'><strong>Et</strong></span> <span class='ocrx_word' id='word_1_547' title='bbox 998 4024 1251 4095; x_wconf 86' lang='lat' dir='ltr'><strong>majorem</strong></span> <span class='ocrx_word' id='word_1_548' title='bbox 1263 4025 1362 4080; x_wconf 75' lang='lat' dir='ltr'><strong>hac</strong></span> <span class='ocrx_word' id='word_1_549' title='bbox 1381 4026 1709 4081; x_wconf 85' lang='lat' dir='ltr'><strong>dilectionem</strong></span> <span class='ocrx_word' id='word_1_550' title='bbox 1725 4044 1873 4083; x_wconf 87' lang='lat' dir='ltr'><strong>nemo</strong></span> <span class='ocrx_word' id='word_1_551' title='bbox 1889 4028 2039 4083; x_wconf 79' lang='lat' dir='ltr'><strong>habet</strong></span> 
     </span>
    </p>
   </div>
   <div class='ocr_carea' id='block_1_73' title="bbox 456 4115 2036 4191">
    <p class='ocr_par' dir='ltr' id='par_1_73' title="bbox 456 4115 2036 4191">
     <span class='ocr_line' id='line_1_73' title="bbox 456 4115 2036 4191; baseline 0.005 -26"><span class='ocrx_word' id='word_1_552' title='bbox 456 4124 511 4165; x_wconf 81' lang='lat' dir='ltr'><strong>ut</strong></span> <span class='ocrx_word' id='word_1_553' title='bbox 535 4115 760 4168; x_wconf 76' lang='lat' dir='ltr'><strong>animum</strong></span> <span class='ocrx_word' id='word_1_554' title='bbox 782 4132 932 4169; x_wconf 82' lang='lat' dir='ltr'><strong>suam</strong></span> <span class='ocrx_word' id='word_1_555' title='bbox 954 4117 1071 4186; x_wconf 86' lang='lat' dir='ltr'><strong>quis</strong></span> <span class='ocrx_word' id='word_1_556' title='bbox 1090 4125 1248 4185; x_wconf 85' lang='lat' dir='ltr'><strong>ponat</strong></span> <span class='ocrx_word' id='word_1_557' title='bbox 1269 4133 1363 4187; x_wconf 90' lang='lat' dir='ltr'><strong>pro</strong></span> <span class='ocrx_word' id='word_1_558' title='bbox 1384 4119 1566 4173; x_wconf 87' lang='lat' dir='ltr'><strong>amicis</strong></span> <span class='ocrx_word' id='word_1_559' title='bbox 1582 4120 1692 4173; x_wconf 84' lang='lat' dir='ltr'><strong>suis</strong></span> <span class='ocrx_word' id='word_1_560' title='bbox 1738 4117 2036 4191; x_wconf 72' lang='lat' dir='ltr'><strong>(Joamxv).</strong></span> 
     </span>
    </p>
   </div>
   <div class='ocr_carea' id='block_1_74' title="bbox 530 4204 2037 4276">
    <p class='ocr_par' dir='ltr' id='par_1_74' title="bbox 530 4204 2037 4276">
     <span class='ocr_line' id='line_1_74' title="bbox 530 4204 2037 4276; baseline 0.006 -20"><span class='ocrx_word' id='word_1_561' title='bbox 530 4204 596 4257; x_wconf 82' lang='lat' dir='ltr'><strong>Et</strong></span> <span class='ocrx_word' id='word_1_562' title='bbox 621 4205 753 4259; x_wconf 67' lang='lat' dir='ltr'><strong>dixit</strong></span> <span class='ocrx_word' id='word_1_563' title='bbox 781 4206 1054 4276; x_wconf 85' lang='lat' dir='ltr'><strong>discipulis</strong></span> <span class='ocrx_word' id='word_1_564' title='bbox 1074 4209 1218 4261; x_wconf 84' lang='lat' dir='ltr'><strong>suis:</strong></span> <span class='ocrx_word' id='word_1_565' title='bbox 1244 4207 1430 4263; x_wconf 84' lang='lat' dir='ltr'><strong>Sedete</strong></span> <span class='ocrx_word' id='word_1_566' title='bbox 1452 4209 1535 4263; x_wconf 84' lang='lat' dir='ltr'><strong>hic</strong></span> <span class='ocrx_word' id='word_1_567' title='bbox 1558 4209 1722 4264; x_wconf 88' lang='lat' dir='ltr'><strong>donec</strong></span> <span class='ocrx_word' id='word_1_568' title='bbox 1756 4211 1944 4266; x_wconf 83' lang='lat' dir='ltr'><strong>vadum</strong></span> <span class='ocrx_word' id='word_1_569' title='bbox 1973 4210 2037 4265; x_wconf 86' lang='lat' dir='ltr'><strong>il-</strong></span> 
     </span>
    </p>
   </div>
   <div class='ocr_carea' id='block_1_75' title="bbox 456 4294 2035 4370">
    <p class='ocr_par' dir='ltr' id='par_1_75' title="bbox 456 4294 2035 4370">
     <span class='ocr_line' id='line_1_75' title="bbox 456 4294 2035 4370; baseline 0.005 -22"><span class='ocrx_word' id='word_1_570' title='bbox 456 4295 541 4349; x_wconf 88' lang='lat' dir='ltr'><strong>Iuc</strong></span> <span class='ocrx_word' id='word_1_571' title='bbox 563 4305 609 4348; x_wconf 85' lang='lat' dir='ltr'><strong>et</strong></span> <span class='ocrx_word' id='word_1_572' title='bbox 636 4312 797 4349; x_wconf 88' lang='lat' dir='ltr'><strong>orem.</strong></span> <span class='ocrx_word' id='word_1_573' title='bbox 830 4294 1103 4370; x_wconf 74' lang='grc' dir='ltr'><strong>(Ηίενοη.)</strong></span> <span class='ocrx_word' id='word_1_574' title='bbox 1138 4297 1405 4369; x_wconf 88' lang='lat' dir='ltr'><strong>Egressus</strong></span> <span class='ocrx_word' id='word_1_575' title='bbox 1438 4300 1503 4354; x_wconf 92' lang='lat' dir='ltr'><strong>de</strong></span> <span class='ocrx_word' id='word_1_576' title='bbox 1551 4299 1712 4358; x_wconf 91' lang='lat' dir='ltr'><strong>domo</strong></span> <span class='ocrx_word' id='word_1_577' title='bbox 1760 4300 1936 4368; x_wconf 85' lang='lat' dir='ltr'><strong>Jesus,</strong></span> <span class='ocrx_word' id='word_1_578' title='bbox 1981 4303 2035 4356; x_wconf 94' lang='lat' dir='ltr'><strong>in</strong></span> 
     </span>
    </p>
   </div>
   <div class='ocr_carea' id='block_1_76' title="bbox 458 4388 2039 4459">
    <p class='ocr_par' dir='ltr' id='par_1_76' title="bbox 458 4388 2039 4459">
     <span class='ocr_line' id='line_1_76' title="bbox 458 4388 2039 4459; baseline 0.005 -20"><span class='ocrx_word' id='word_1_579' title='bbox 458 4402 563 4456; x_wconf 87' lang='lat' dir='ltr'><strong>qua</strong></span> <span class='ocrx_word' id='word_1_580' title='bbox 595 4402 717 4441; x_wconf 87' lang='lat' dir='ltr'><strong>cum</strong></span> <span class='ocrx_word' id='word_1_581' title='bbox 749 4388 1028 4458; x_wconf 90' lang='lat' dir='ltr'><strong>discipulis</strong></span> <span class='ocrx_word' id='word_1_582' title='bbox 1057 4390 1263 4459; x_wconf 85' lang='lat' dir='ltr'><strong>pascha</strong></span> <span class='ocrx_word' id='word_1_583' title='bbox 1311 4390 1695 4457; x_wconf 89' lang='lat' dir='ltr'><strong>manducabat,</strong></span> <span class='ocrx_word' id='word_1_584' title='bbox 1737 4390 1903 4459; x_wconf 88' lang='lat' dir='ltr'><strong>jussit</strong></span> <span class='ocrx_word' id='word_1_585' title='bbox 1945 4407 2039 4447; x_wconf 89' lang='lat' dir='ltr'><strong>eos</strong></span> 
     </span>
    </p>
   </div>
   <div class='ocr_carea' id='block_1_77' title="bbox 457 4477 2039 4554">
    <p class='ocr_par' dir='ltr' id='par_1_77' title="bbox 457 4477 2039 4554">
     <span class='ocr_line' id='line_1_77' title="bbox 457 4477 2039 4554; baseline 0.006 -24"><span class='ocrx_word' id='word_1_586' title='bbox 457 4477 648 4532; x_wconf 91' lang='lat' dir='ltr'><strong>sedere</strong></span> <span class='ocrx_word' id='word_1_587' title='bbox 671 4478 961 4548; x_wconf 84' lang='lat' dir='ltr'><strong>paulisper,</strong></span> <span class='ocrx_word' id='word_1_588' title='bbox 991 4488 1046 4533; x_wconf 89' lang='lat' dir='ltr'><strong>et</strong></span> <span class='ocrx_word' id='word_1_589' title='bbox 1066 4489 1385 4551; x_wconf 80' lang='lat' dir='ltr'><strong>exspectare</strong></span> <span class='ocrx_word' id='word_1_590' title='bbox 1406 4482 1721 4538; x_wconf 89' lang='lat' dir='ltr'><strong>redeuutem</strong></span> <span class='ocrx_word' id='word_1_591' title='bbox 1745 4482 1917 4539; x_wconf 92' lang='lat' dir='ltr'><strong>donec</strong></span> <span class='ocrx_word' id='word_1_592' title='bbox 1942 4499 2039 4554; x_wconf 90' lang='lat' dir='ltr'><strong>pro</strong></span> 
     </span>
    </p>
   </div>
   <div class='ocr_carea' id='block_1_78' title="bbox 457 4570 2039 4645">
    <p class='ocr_par' dir='ltr' id='par_1_78' title="bbox 457 4570 2039 4645">
     <span class='ocr_line' id='line_1_78' title="bbox 457 4570 2039 4645; baseline 0.006 -22"><span class='ocrx_word' id='word_1_593' title='bbox 457 4570 668 4624; x_wconf 90' lang='lat' dir='ltr'><strong>cunctis</strong></span> <span class='ocrx_word' id='word_1_594' title='bbox 702 4570 960 4626; x_wconf 88' lang='lat' dir='ltr'><strong>Dominus</strong></span> <span class='ocrx_word' id='word_1_595' title='bbox 988 4572 1135 4628; x_wconf 83' lang='lat' dir='ltr'><strong>solus</strong></span> <span class='ocrx_word' id='word_1_596' title='bbox 1164 4583 1321 4629; x_wconf 90' lang='lat' dir='ltr'><strong>oret:</strong></span> <span class='ocrx_word' id='word_1_597' title='bbox 1386 4575 1512 4645; x_wconf 89' lang='lat' dir='ltr'><strong>quia</strong></span> <span class='ocrx_word' id='word_1_598' title='bbox 1557 4574 1675 4645; x_wconf 91' lang='lat' dir='ltr'><strong>ejus</strong></span> <span class='ocrx_word' id='word_1_599' title='bbox 1726 4577 1902 4630; x_wconf 88' lang='lat' dir='ltr'><strong>oratio</strong></span> <span class='ocrx_word' id='word_1_600' title='bbox 1945 4593 2039 4632; x_wconf 86' lang='lat' dir='ltr'><strong>no—</strong></span> 
     </span>
    </p>
   </div>
   <div class='ocr_carea' id='block_1_79' title="bbox 460 4663 2039 4742">
    <p class='ocr_par' dir='ltr' id='par_1_79' title="bbox 460 4663 2039 4742">
     <span class='ocr_line' id='line_1_79' title="bbox 460 4663 2039 4742; baseline 0.006 -27"><span class='ocrx_word' id='word_1_601' title='bbox 460 4669 634 4715; x_wconf 88' lang='lat' dir='ltr'><strong>strum</strong></span> <span class='ocrx_word' id='word_1_602' title='bbox 688 4663 930 4718; x_wconf 92' lang='lat' dir='ltr'><strong>omnium</strong></span> <span class='ocrx_word' id='word_1_603' title='bbox 969 4672 1053 4719; x_wconf 88' lang='lat' dir='ltr'><strong>est</strong></span> <span class='ocrx_word' id='word_1_604' title='bbox 1100 4666 1421 4737; x_wconf 89' lang='lat' dir='ltr'><strong>redemptio.</strong></span> <span class='ocrx_word' id='word_1_605' title='bbox 1465 4665 1649 4742; x_wconf 67' lang='grc' dir='ltr'><strong>(ΗΑΒ.)</strong></span> <span class='ocrx_word' id='word_1_606' title='bbox 1685 4667 1872 4723; x_wconf 89' lang='lat' dir='ltr'><strong>Fidem</strong></span> <span class='ocrx_word' id='word_1_607' title='bbox 1907 4685 2039 4742; x_wconf 87' lang='lat' dir='ltr'><strong>ergo</strong></span> 
     </span>
    </p>
   </div>
   <div class='ocr_carea' id='block_1_80' title="bbox 461 4750 2040 4822">
    <p class='ocr_par' dir='ltr' id='par_1_80' title="bbox 461 4750 2040 4822">
     <span class='ocr_line' id='line_1_80' title="bbox 461 4750 2040 4822; baseline 0.007 -18"><span class='ocrx_word' id='word_1_608' title='bbox 461 4750 850 4822; x_wconf 89' lang='lat' dir='ltr'><strong>discipulorum</strong></span> <span class='ocrx_word' id='word_1_609' title='bbox 880 4760 935 4808; x_wconf 93' lang='lat' dir='ltr'><strong>et</strong></span> <span class='ocrx_word' id='word_1_610' title='bbox 962 4755 1325 4809; x_wconf 85' lang='lat' dir='ltr'><strong>constantiam</strong></span> <span class='ocrx_word' id='word_1_611' title='bbox 1359 4757 1566 4811; x_wconf 83' lang='lat' dir='ltr'><strong>devotae</strong></span> <span class='ocrx_word' id='word_1_612' title='bbox 1600 4758 1701 4813; x_wconf 90' lang='lat' dir='ltr'><strong>sibi</strong></span> <span class='ocrx_word' id='word_1_613' title='bbox 1744 4758 2040 4815; x_wconf 85' lang='lat' dir='ltr'><strong>voluntatis</strong></span> 
     </span>
    </p>
   </div>
   <div class='ocr_carea' id='block_1_81' title="bbox 458 4842 2034 4918">
    <p class='ocr_par' dir='ltr' id='par_1_81' title="bbox 458 4842 2034 4918">
     <span class='ocr_line' id='line_1_81' title="bbox 458 4842 2034 4918; baseline 0.007 -24"><span class='ocrx_word' id='word_1_614' title='bbox 458 4847 765 4911; x_wconf 89' lang='lat' dir='ltr'><strong>acceperat,</strong></span> <span class='ocrx_word' id='word_1_615' title='bbox 795 4842 889 4897; x_wconf 87' lang='lat' dir='ltr'><strong>sed</strong></span> <span class='ocrx_word' id='word_1_616' title='bbox 917 4852 971 4897; x_wconf 90' lang='lat' dir='ltr'><strong>et</strong></span> <span class='ocrx_word' id='word_1_617' title='bbox 1020 4844 1313 4900; x_wconf 83' lang='lat' dir='ltr'><strong>turbandus</strong></span> <span class='ocrx_word' id='word_1_618' title='bbox 1361 4855 1415 4901; x_wconf 89' lang='lat' dir='ltr'><strong>et</strong></span> <span class='ocrx_word' id='word_1_619' title='bbox 1471 4846 1761 4905; x_wconf 73' lang='lat' dir='ltr'><strong>dilfusuros</strong></span> <span class='ocrx_word' id='word_1_620' title='bbox 1810 4851 2034 4918; x_wconf 80' lang='lat' dir='ltr'><strong>sciebat,</strong></span> 
     </span>
    </p>
   </div>
   <div class='ocr_carea' id='block_1_82' title="bbox 458 4933 2033 5009">
    <p class='ocr_par' dir='ltr' id='par_1_82' title="bbox 458 4933 2033 5009">
     <span class='ocr_line' id='line_1_82' title="bbox 458 4933 2033 5009; baseline 0.006 -23"><span class='ocrx_word' id='word_1_621' title='bbox 458 4948 593 5003; x_wconf 91' lang='lat' dir='ltr'><strong>quos</strong></span> <span class='ocrx_word' id='word_1_622' title='bbox 622 4933 811 4988; x_wconf 87' lang='lat' dir='ltr'><strong>sedere</strong></span> <span class='ocrx_word' id='word_1_623' title='bbox 846 4934 902 4988; x_wconf 92' lang='lat' dir='ltr'><strong>in</strong></span> <span class='ocrx_word' id='word_1_624' title='bbox 934 4934 1053 4990; x_wconf 89' lang='lat' dir='ltr'><strong>loco</strong></span> <span class='ocrx_word' id='word_1_625' title='bbox 1072 4933 1227 5004; x_wconf 87' lang='lat' dir='ltr'><strong>jubet</strong></span> <span class='ocrx_word' id='word_1_626' title='bbox 1264 4938 1389 4992; x_wconf 91' lang='lat' dir='ltr'><strong>dum</strong></span> <span class='ocrx_word' id='word_1_627' title='bbox 1417 4940 1833 5009; x_wconf 83' lang='lat' dir='ltr'><strong>progrederetur</strong></span> <span class='ocrx_word' id='word_1_628' title='bbox 1858 4959 2033 4998; x_wconf 88' lang='lat' dir='ltr'><strong>orare.</strong></span> 
     </span>
    </p>
   </div>
   <div class='ocr_carea' id='block_1_83' title="bbox 528 5028 2040 5106">
    <p class='ocr_par' dir='ltr' id='par_1_83' title="bbox 528 5028 2040 5106">
     <span class='ocr_line' id='line_1_83' title="bbox 528 5028 2040 5106; baseline 0.005 -24"><span class='ocrx_word' id='word_1_629' title='bbox 528 5028 597 5082; x_wconf 79' lang='lat' dir='ltr'><strong>Et</strong></span> <span class='ocrx_word' id='word_1_630' title='bbox 609 5038 874 5099; x_wconf 82' lang='lat' dir='ltr'><strong>assumpto</strong></span> <span class='ocrx_word' id='word_1_631' title='bbox 893 5029 1052 5084; x_wconf 88' lang='lat' dir='ltr'><strong>Petro</strong></span> <span class='ocrx_word' id='word_1_632' title='bbox 1066 5039 1114 5085; x_wconf 90' lang='lat' dir='ltr'><strong>et</strong></span> <span class='ocrx_word' id='word_1_633' title='bbox 1133 5031 1334 5086; x_wconf 87' lang='lat' dir='ltr'><strong>duobus</strong></span> <span class='ocrx_word' id='word_1_634' title='bbox 1350 5032 1475 5102; x_wconf 84' lang='lat' dir='ltr'><strong>ﬁliis</strong></span> <span class='ocrx_word' id='word_1_635' title='bbox 1491 5031 1730 5091; x_wconf 67' lang='lat' dir='ltr'><strong>Zebedari</strong></span> <span class='ocrx_word' id='word_1_636' title='bbox 1748 5037 1893 5106; x_wconf 72' lang='lat' dir='ltr'><strong>carpit</strong></span> <span class='ocrx_word' id='word_1_637' title='bbox 1918 5054 2040 5090; x_wconf 84' lang='lat' dir='ltr'><strong>con-</strong></span> 
     </span>
    </p>
   </div>
   <div class='ocr_carea' id='block_1_84' title="bbox 456 5120 2040 5196">
    <p class='ocr_par' dir='ltr' id='par_1_84' title="bbox 456 5120 2040 5196">
     <span class='ocr_line' id='line_1_84' title="bbox 456 5120 2040 5196; baseline 0.005 -22"><span class='ocrx_word' id='word_1_638' title='bbox 456 5122 661 5175; x_wconf 82' lang='lat' dir='ltr'><strong>tristari</strong></span> <span class='ocrx_word' id='word_1_639' title='bbox 687 5130 735 5174; x_wconf 89' lang='lat' dir='ltr'><strong>et</strong></span> <span class='ocrx_word' id='word_1_640' title='bbox 756 5131 963 5175; x_wconf 71' lang='lat' dir='ltr'><strong>moesms</strong></span> <span class='ocrx_word' id='word_1_641' title='bbox 986 5138 1114 5176; x_wconf 83' lang='lat' dir='ltr'><strong>esse.</strong></span> <span class='ocrx_word' id='word_1_642' title='bbox 1143 5120 1415 5196; x_wconf 78' lang='grc' dir='ltr'><strong>(Ηὶενοη.)</strong></span> <span class='ocrx_word' id='word_1_643' title='bbox 1438 5125 1569 5180; x_wconf 91' lang='lat' dir='ltr'><strong>Illud</strong></span> <span class='ocrx_word' id='word_1_644' title='bbox 1592 5127 1734 5195; x_wconf 82' lang='lat' dir='ltr'><strong>quod</strong></span> <span class='ocrx_word' id='word_1_645' title='bbox 1761 5142 1921 5195; x_wconf 83' lang='lat' dir='ltr'><strong>supra</strong></span> <span class='ocrx_word' id='word_1_646' title='bbox 1962 5128 2040 5182; x_wconf 85' lang='lat' dir='ltr'><strong>(li-</strong></span> 
     </span>
    </p>
   </div>
   <div class='ocr_carea' id='block_1_85' title="bbox 457 5215 2042 5287">
    <p class='ocr_par' dir='ltr' id='par_1_85' title="bbox 457 5215 2042 5287">
     <span class='ocr_line' id='line_1_85' title="bbox 457 5215 2042 5287; baseline 0.003 -20"><span class='ocrx_word' id='word_1_647' title='bbox 457 5215 636 5268; x_wconf 82' lang='lat' dir='ltr'><strong>ximus</strong></span> <span class='ocrx_word' id='word_1_648' title='bbox 685 5215 752 5269; x_wconf 90' lang='lat' dir='ltr'><strong>de</strong></span> <span class='ocrx_word' id='word_1_649' title='bbox 807 5215 1062 5285; x_wconf 90' lang='lat' dir='ltr'><strong>passione</strong></span> <span class='ocrx_word' id='word_1_650' title='bbox 1109 5224 1164 5270; x_wconf 91' lang='lat' dir='ltr'><strong>et</strong></span> <span class='ocrx_word' id='word_1_651' title='bbox 1201 5231 1299 5287; x_wconf 89' lang='lat' dir='ltr'><strong>pro</strong></span> <span class='ocrx_word' id='word_1_652' title='bbox 1329 5217 1602 5286; x_wconf 89' lang='lat' dir='ltr'><strong>passione,</strong></span> <span class='ocrx_word' id='word_1_653' title='bbox 1631 5216 1796 5271; x_wconf 86' lang='lat' dir='ltr'><strong>etiam</strong></span> <span class='ocrx_word' id='word_1_654' title='bbox 1829 5217 1882 5271; x_wconf 92' lang='lat' dir='ltr'><strong>in</strong></span> <span class='ocrx_word' id='word_1_655' title='bbox 1906 5233 2042 5287; x_wconf 82' lang='lat' dir='ltr'><strong>prae-</strong></span> 
     </span>
    </p>
   </div>
   <div class='ocr_carea' id='block_1_86' title="bbox 457 5305 2039 5376">
    <p class='ocr_par' dir='ltr' id='par_1_86' title="bbox 457 5305 2039 5376">
     <span class='ocr_line' id='line_1_86' title="bbox 457 5305 2039 5376; baseline 0.001 -17"><span class='ocrx_word' id='word_1_656' title='bbox 457 5305 594 5359; x_wconf 89' lang='lat' dir='ltr'><strong>senti</strong></span> <span class='ocrx_word' id='word_1_657' title='bbox 632 5305 870 5374; x_wconf 89' lang='lat' dir='ltr'><strong>capitulo</strong></span> <span class='ocrx_word' id='word_1_658' title='bbox 903 5305 1231 5373; x_wconf 91' lang='lat' dir='ltr'><strong>ostenditur,</strong></span> <span class='ocrx_word' id='word_1_659' title='bbox 1279 5306 1420 5376; x_wconf 90' lang='lat' dir='ltr'><strong>quod</strong></span> <span class='ocrx_word' id='word_1_660' title='bbox 1467 5307 1728 5361; x_wconf 90' lang='lat' dir='ltr'><strong>Dominus</strong></span> <span class='ocrx_word' id='word_1_661' title='bbox 1756 5306 2039 5362; x_wconf 84' lang='lat' dir='ltr'><strong>veritatem</strong></span> 
     </span>
    </p>
   </div>
   <div class='ocr_carea' id='block_1_87' title="bbox 458 5397 2036 5467">
    <p class='ocr_par' dir='ltr' id='par_1_87' title="bbox 458 5397 2036 5467">
     <span class='ocr_line' id='line_1_87' title="bbox 458 5397 2036 5467; baseline 0.002 -18"><span class='ocrx_word' id='word_1_662' title='bbox 458 5397 722 5467; x_wconf 88' lang='lat' dir='ltr'><strong>assumpti</strong></span> <span class='ocrx_word' id='word_1_663' title='bbox 748 5399 1005 5466; x_wconf 86' lang='lat' dir='ltr'><strong>probaret</strong></span> <span class='ocrx_word' id='word_1_664' title='bbox 1036 5398 1269 5453; x_wconf 92' lang='lat' dir='ltr'><strong>hominis</strong></span> <span class='ocrx_word' id='word_1_665' title='bbox 1293 5411 1416 5452; x_wconf 88' lang='lat' dir='ltr'><strong>vere</strong></span> <span class='ocrx_word' id='word_1_666' title='bbox 1439 5398 1654 5466; x_wconf 89' lang='lat' dir='ltr'><strong>quidem</strong></span> <span class='ocrx_word' id='word_1_667' title='bbox 1681 5397 2036 5452; x_wconf 88' lang='lat' dir='ltr'><strong>contristatus</strong></span> 
     </span>
    </p>
   </div>
   <div class='ocr_carea' id='block_1_88' title="bbox 457 5487 2038 5557">
    <p class='ocr_par' dir='ltr' id='par_1_88' title="bbox 457 5487 2038 5557">
     <span class='ocr_line' id='line_1_88' title="bbox 457 5487 2038 5557; baseline 0.001 -18"><span class='ocrx_word' id='word_1_668' title='bbox 457 5487 550 5553; x_wconf 88' lang='lat' dir='ltr'><strong>sit,</strong></span> <span class='ocrx_word' id='word_1_669' title='bbox 576 5487 672 5542; x_wconf 89' lang='lat' dir='ltr'><strong>sed</strong></span> <span class='ocrx_word' id='word_1_670' title='bbox 710 5502 779 5541; x_wconf 90' lang='lat' dir='ltr'><strong>ne</strong></span> <span class='ocrx_word' id='word_1_671' title='bbox 825 5488 1004 5557; x_wconf 90' lang='lat' dir='ltr'><strong>passio</strong></span> <span class='ocrx_word' id='word_1_672' title='bbox 1057 5488 1109 5541; x_wconf 93' lang='lat' dir='ltr'><strong>in</strong></span> <span class='ocrx_word' id='word_1_673' title='bbox 1153 5489 1336 5542; x_wconf 86' lang='lat' dir='ltr'><strong>animo</strong></span> <span class='ocrx_word' id='word_1_674' title='bbox 1372 5487 1515 5540; x_wconf 90' lang='lat' dir='ltr'><strong>illius</strong></span> <span class='ocrx_word' id='word_1_675' title='bbox 1543 5488 1912 5542; x_wconf 86' lang='lat' dir='ltr'><strong>dominaretur</strong></span> <span class='ocrx_word' id='word_1_676' title='bbox 1943 5503 2038 5557; x_wconf 89' lang='lat' dir='ltr'><strong>per</strong></span> 
     </span>
    </p>
   </div>
   <div class='ocr_carea' id='block_1_89' title="bbox 458 5576 2038 5647">
    <p class='ocr_par' dir='ltr' id='par_1_89' title="bbox 458 5576 2038 5647">
     <span class='ocr_line' id='line_1_89' title="bbox 458 5576 2038 5647; baseline 0.003 -18"><span class='ocrx_word' id='word_1_677' title='bbox 458 5576 864 5647; x_wconf 82' lang='lat' dir='ltr'><strong>propassionem</strong></span> <span class='ocrx_word' id='word_1_678' title='bbox 921 5578 1147 5647; x_wconf 63' lang='lat' dir='ltr'><strong>coeperit</strong></span> <span class='ocrx_word' id='word_1_679' title='bbox 1212 5577 1545 5632; x_wconf 87' lang='lat' dir='ltr'><strong>contristari.</strong></span> <span class='ocrx_word' id='word_1_680' title='bbox 1601 5576 2038 5633; x_wconf 86' lang='lat' dir='ltr'><strong>Contristabatur</strong></span> 
     </span>
    </p>
   </div>
   <div class='ocr_carea' id='block_1_90' title="bbox 459 5670 2032 5740">
    <p class='ocr_par' dir='ltr' id='par_1_90' title="bbox 459 5670 2032 5740">
     <span class='ocr_line' id='line_1_90' title="bbox 459 5670 2032 5740; baseline 0.002 -19"><span class='ocrx_word' id='word_1_681' title='bbox 459 5686 564 5723; x_wconf 85' lang='lat' dir='ltr'><strong>nuu</strong></span> <span class='ocrx_word' id='word_1_682' title='bbox 588 5671 783 5727; x_wconf 89' lang='lat' dir='ltr'><strong>timore</strong></span> <span class='ocrx_word' id='word_1_683' title='bbox 806 5670 1045 5740; x_wconf 89' lang='lat' dir='ltr'><strong>patiendi</strong></span> <span class='ocrx_word' id='word_1_684' title='bbox 1072 5670 1162 5739; x_wconf 92' lang='lat' dir='ltr'><strong>qui</strong></span> <span class='ocrx_word' id='word_1_685' title='bbox 1190 5672 1254 5726; x_wconf 87' lang='lat' dir='ltr'><strong>ad</strong></span> <span class='ocrx_word' id='word_1_686' title='bbox 1290 5674 1391 5726; x_wconf 90' lang='lat' dir='ltr'><strong>hoc</strong></span> <span class='ocrx_word' id='word_1_687' title='bbox 1417 5678 1640 5725; x_wconf 86' lang='lat' dir='ltr'><strong>venerat</strong></span> <span class='ocrx_word' id='word_1_688' title='bbox 1663 5679 2032 5739; x_wconf 85' lang='lat' dir='ltr'><strong>utpateretur,</strong></span> 
     </span>
    </p>
   </div>
   <div class='ocr_carea' id='block_1_91' title="bbox 462 5760 2033 5836">
    <p class='ocr_par' dir='ltr' id='par_1_91' title="bbox 462 5760 2033 5836">
     <span class='ocr_line' id='line_1_91' title="bbox 462 5760 2033 5836; baseline 0.003 -23"><span class='ocrx_word' id='word_1_689' title='bbox 462 5770 514 5814; x_wconf 89' lang='lat' dir='ltr'><strong>et</strong></span> <span class='ocrx_word' id='word_1_690' title='bbox 549 5760 764 5817; x_wconf 81' lang='lat' dir='ltr'><strong>Petrum</strong></span> <span class='ocrx_word' id='word_1_691' title='bbox 797 5764 1099 5819; x_wconf 81' lang='lat' dir='ltr'><strong>timiditatis</strong></span> <span class='ocrx_word' id='word_1_692' title='bbox 1122 5773 1389 5836; x_wconf 85' lang='lat' dir='ltr'><strong>arguerat,</strong></span> <span class='ocrx_word' id='word_1_693' title='bbox 1412 5765 1502 5819; x_wconf 83' lang='lat' dir='ltr'><strong>sed</strong></span> <span class='ocrx_word' id='word_1_694' title='bbox 1532 5773 1752 5835; x_wconf 82' lang='lat' dir='ltr'><strong>propter</strong></span> <span class='ocrx_word' id='word_1_695' title='bbox 1778 5763 2033 5819; x_wconf 80' lang='lat' dir='ltr'><strong>infelicis-</strong></span> 
     </span>
    </p>
   </div>
   <div class='ocr_carea' id='block_1_92' title="bbox 2148 3284 3729 3357">
    <p class='ocr_par' dir='ltr' id='par_1_92' title="bbox 2148 3284 3729 3357">
     <span class='ocr_line' id='line_1_92' title="bbox 2148 3284 3729 3357; baseline -0.005 -11"><span class='ocrx_word' id='word_1_696' title='bbox 2148 3292 2279 3347; x_wconf 92' lang='lat' dir='ltr'><strong>tiam</strong></span> <span class='ocrx_word' id='word_1_697' title='bbox 2308 3306 2503 3357; x_wconf 88' lang='lat' dir='ltr'><strong>meam,</strong></span> <span class='ocrx_word' id='word_1_698' title='bbox 2531 3292 2865 3346; x_wconf 83' lang='lat' dir='ltr'><strong>conﬁdenter</strong></span> <span class='ocrx_word' id='word_1_699' title='bbox 2894 3288 3169 3343; x_wconf 87' lang='lat' dir='ltr'><strong>tristitiam</strong></span> <span class='ocrx_word' id='word_1_700' title='bbox 3197 3287 3438 3351; x_wconf 90' lang='lat' dir='ltr'><strong>nomino,</strong></span> <span class='ocrx_word' id='word_1_701' title='bbox 3461 3284 3586 3356; x_wconf 86' lang='lat' dir='ltr'><strong>quia</strong></span> <span class='ocrx_word' id='word_1_702' title='bbox 3602 3300 3729 3340; x_wconf 83' lang='lat' dir='ltr'><strong>cru-</strong></span> 
     </span>
    </p>
   </div>
   <div class='ocr_carea' id='block_1_93' title="bbox 2146 3374 3725 3453">
    <p class='ocr_par' dir='ltr' id='par_1_93' title="bbox 2146 3374 3725 3453">
     <span class='ocr_line' id='line_1_93' title="bbox 2146 3374 3725 3453; baseline -0.005 -16"><span class='ocrx_word' id='word_1_703' title='bbox 2146 3397 2263 3437; x_wconf 90' lang='lat' dir='ltr'><strong>cem</strong></span> <span class='ocrx_word' id='word_1_704' title='bbox 2275 3382 2525 3453; x_wconf 72' lang='lat' dir='ltr'><strong>pracdico.</strong></span> <span class='ocrx_word' id='word_1_705' title='bbox 2554 3380 2669 3436; x_wconf 83' lang='lat' dir='ltr'><strong>Mea</strong></span> <span class='ocrx_word' id='word_1_706' title='bbox 2693 3389 2777 3436; x_wconf 90' lang='lat' dir='ltr'><strong>est</strong></span> <span class='ocrx_word' id='word_1_707' title='bbox 2794 3379 3042 3435; x_wconf 80' lang='lat' dir='ltr'><strong>voluntas</strong></span> <span class='ocrx_word' id='word_1_708' title='bbox 3063 3392 3224 3448; x_wconf 88' lang='lat' dir='ltr'><strong>quam</strong></span> <span class='ocrx_word' id='word_1_709' title='bbox 3242 3393 3396 3431; x_wconf 82' lang='lat' dir='ltr'><strong>suam</strong></span> <span class='ocrx_word' id='word_1_710' title='bbox 3414 3377 3568 3440; x_wconf 82' lang='lat' dir='ltr'><strong>dixit,</strong></span> <span class='ocrx_word' id='word_1_711' title='bbox 3595 3374 3725 3445; x_wconf 81' lang='lat' dir='ltr'><strong>quia</strong></span> 
     </span>
    </p>
   </div>
   <div class='ocr_carea' id='block_1_94' title="bbox 2145 3466 3722 3541">
    <p class='ocr_par' dir='ltr' id='par_1_94' title="bbox 2145 3466 3722 3541">
     <span class='ocr_line' id='line_1_94' title="bbox 2145 3466 3722 3541; baseline -0.006 -14"><span class='ocrx_word' id='word_1_712' title='bbox 2145 3481 2205 3527; x_wconf 93' lang='lat' dir='ltr'><strong>ut</strong></span> <span class='ocrx_word' id='word_1_713' title='bbox 2218 3474 2380 3528; x_wconf 93' lang='lat' dir='ltr'><strong>homo</strong></span> <span class='ocrx_word' id='word_1_714' title='bbox 2393 3472 2630 3541; x_wconf 90' lang='lat' dir='ltr'><strong>suscepit</strong></span> <span class='ocrx_word' id='word_1_715' title='bbox 2643 3471 2920 3526; x_wconf 88' lang='lat' dir='ltr'><strong>tristitiam</strong></span> <span class='ocrx_word' id='word_1_716' title='bbox 2935 3483 3133 3534; x_wconf 88' lang='lat' dir='ltr'><strong>meam,</strong></span> <span class='ocrx_word' id='word_1_717' title='bbox 3149 3476 3209 3523; x_wconf 92' lang='lat' dir='ltr'><strong>ut</strong></span> <span class='ocrx_word' id='word_1_718' title='bbox 3220 3468 3382 3522; x_wconf 91' lang='lat' dir='ltr'><strong>homo</strong></span> <span class='ocrx_word' id='word_1_719' title='bbox 3398 3466 3605 3522; x_wconf 85' lang='lat' dir='ltr'><strong>locutus</strong></span> <span class='ocrx_word' id='word_1_720' title='bbox 3620 3473 3722 3519; x_wconf 87' lang='lat' dir='ltr'><strong>est.</strong></span> 
     </span>
    </p>
   </div>
   <div class='ocr_carea' id='block_1_95' title="bbox 2144 3556 3725 3647">
    <p class='ocr_par' dir='ltr' id='par_1_95' title="bbox 2144 3556 3725 3647">
     <span class='ocr_line' id='line_1_95' title="bbox 2144 3556 3725 3647; baseline -0.006 -27"><span class='ocrx_word' id='word_1_721' title='bbox 2144 3565 2213 3619; x_wconf 84' lang='lat' dir='ltr'><strong>Et</strong></span> <span class='ocrx_word' id='word_1_722' title='bbox 2219 3565 2347 3647; x_wconf 69' lang='lat' dir='ltr'><strong>ideo</strong></span> <span class='ocrx_word' id='word_1_723' title='bbox 2373 3564 2450 3618; x_wconf 85' lang='lat' dir='ltr'><strong>ait</strong></span> <span class='ocrx_word' id='word_1_724' title='bbox 2475 3582 2486 3618; x_wconf 93' lang='lat'><strong>:</strong></span> <span class='ocrx_word' id='word_1_725' title='bbox 2518 3564 2641 3619; x_wconf 85' lang='lat' dir='ltr'><strong>Non</strong></span> <span class='ocrx_word' id='word_1_726' title='bbox 2668 3564 2801 3617; x_wconf 89' lang='lat' dir='ltr'><strong>sicut</strong></span> <span class='ocrx_word' id='word_1_727' title='bbox 2823 3578 2915 3633; x_wconf 87' lang='lat' dir='ltr'><strong>ego</strong></span> <span class='ocrx_word' id='word_1_728' title='bbox 2944 3561 3075 3626; x_wconf 84' lang='lat' dir='ltr'><strong>volo,</strong></span> <span class='ocrx_word' id='word_1_729' title='bbox 3092 3561 3183 3615; x_wconf 87' lang='lat' dir='ltr'><strong>sed</strong></span> <span class='ocrx_word' id='word_1_730' title='bbox 3221 3559 3356 3613; x_wconf 86' lang='lat' dir='ltr'><strong>sicut</strong></span> <span class='ocrx_word' id='word_1_731' title='bbox 3392 3567 3447 3612; x_wconf 80' lang='lat' dir='ltr'><strong>tu</strong></span> <span class='ocrx_word' id='word_1_732' title='bbox 3478 3559 3571 3612; x_wconf 82' lang='lat' dir='ltr'><strong>ris.</strong></span> <span class='ocrx_word' id='word_1_733' title='bbox 3604 3556 3725 3611; x_wconf 77' lang='lat' dir='ltr'><strong>Mea</strong></span> 
     </span>
    </p>
   </div>
   <div class='ocr_carea' id='block_1_96' title="bbox 2144 3651 3725 3727">
    <p class='ocr_par' dir='ltr' id='par_1_96' title="bbox 2144 3651 3725 3727">
     <span class='ocr_line' id='line_1_96' title="bbox 2144 3651 3725 3727; baseline -0.006 -14"><span class='ocrx_word' id='word_1_734' title='bbox 2144 3665 2226 3713; x_wconf 92' lang='lat' dir='ltr'><strong>est</strong></span> <span class='ocrx_word' id='word_1_735' title='bbox 2261 3656 2479 3712; x_wconf 84' lang='lat' dir='ltr'><strong>tristitia</strong></span> <span class='ocrx_word' id='word_1_736' title='bbox 2507 3672 2667 3727; x_wconf 89' lang='lat' dir='ltr'><strong>quam</strong></span> <span class='ocrx_word' id='word_1_737' title='bbox 2703 3670 2825 3710; x_wconf 91' lang='lat' dir='ltr'><strong>meo</strong></span> <span class='ocrx_word' id='word_1_738' title='bbox 2865 3656 3104 3724; x_wconf 88' lang='lat' dir='ltr'><strong>suscepit</strong></span> <span class='ocrx_word' id='word_1_739' title='bbox 3161 3652 3381 3708; x_wconf 65' lang='lat' dir='ltr'><strong>allactu.</strong></span> <span class='ocrx_word' id='word_1_740' title='bbox 3431 3651 3567 3722; x_wconf 80' lang='lat' dir='ltr'><strong>Ergo</strong></span> <span class='ocrx_word' id='word_1_741' title='bbox 3618 3667 3725 3720; x_wconf 87' lang='lat' dir='ltr'><strong>pro</strong></span> 
     </span>
    </p>
   </div>
   <div class='ocr_carea' id='block_1_97' title="bbox 2147 3744 3727 3821">
    <p class='ocr_par' dir='ltr' id='par_1_97' title="bbox 2147 3744 3727 3821">
     <span class='ocr_line' id='line_1_97' title="bbox 2147 3744 3727 3821; baseline -0.004 -16"><span class='ocrx_word' id='word_1_742' title='bbox 2147 3766 2232 3806; x_wconf 88' lang='lat' dir='ltr'><strong>me</strong></span> <span class='ocrx_word' id='word_1_743' title='bbox 2253 3750 2421 3806; x_wconf 89' lang='lat' dir='ltr'><strong>doluit</strong></span> <span class='ocrx_word' id='word_1_744' title='bbox 2446 3750 2537 3820; x_wconf 91' lang='lat' dir='ltr'><strong>qui</strong></span> <span class='ocrx_word' id='word_1_745' title='bbox 2565 3764 2663 3821; x_wconf 88' lang='lat' dir='ltr'><strong>pro</strong></span> <span class='ocrx_word' id='word_1_746' title='bbox 2688 3764 2745 3805; x_wconf 91' lang='lat' dir='ltr'><strong>se</strong></span> <span class='ocrx_word' id='word_1_747' title='bbox 2768 3749 2903 3804; x_wconf 88' lang='lat' dir='ltr'><strong>nihil</strong></span> <span class='ocrx_word' id='word_1_748' title='bbox 2926 3748 3115 3804; x_wconf 88' lang='lat' dir='ltr'><strong>habuit</strong></span> <span class='ocrx_word' id='word_1_749' title='bbox 3134 3748 3277 3819; x_wconf 87' lang='lat' dir='ltr'><strong>quod</strong></span> <span class='ocrx_word' id='word_1_750' title='bbox 3299 3746 3520 3802; x_wconf 88' lang='lat' dir='ltr'><strong>doleret.</strong></span> <span class='ocrx_word' id='word_1_751' title='bbox 3545 3744 3615 3798; x_wconf 79' lang='lat' dir='ltr'><strong>Et</strong></span> <span class='ocrx_word' id='word_1_752' title='bbox 3642 3760 3727 3798; x_wconf 89' lang='lat' dir='ltr'><strong>se-</strong></span> 
     </span>
    </p>
   </div>
   <div class='ocr_carea' id='block_1_98' title="bbox 2143 3836 3727 3909">
    <p class='ocr_par' dir='ltr' id='par_1_98' title="bbox 2143 3836 3727 3909">
     <span class='ocr_line' id='line_1_98' title="bbox 2143 3836 3727 3909; baseline -0.001 -18"><span class='ocrx_word' id='word_1_753' title='bbox 2143 3847 2417 3909; x_wconf 86' lang='lat' dir='ltr'><strong>questrata</strong></span> <span class='ocrx_word' id='word_1_754' title='bbox 2442 3839 2797 3894; x_wconf 90' lang='lat' dir='ltr'><strong>delectatione</strong></span> <span class='ocrx_word' id='word_1_755' title='bbox 2825 3839 3125 3894; x_wconf 88' lang='lat' dir='ltr'><strong>divinitatis</strong></span> <span class='ocrx_word' id='word_1_756' title='bbox 3152 3845 3367 3894; x_wconf 64' lang='lat' dir='ltr'><strong>aeterna:</strong></span> <span class='ocrx_word' id='word_1_757' title='bbox 3394 3836 3553 3891; x_wconf 69' lang='lat' dir='ltr'><strong>ttedio</strong></span> <span class='ocrx_word' id='word_1_758' title='bbox 3589 3850 3727 3889; x_wconf 81' lang='lat' dir='ltr'><strong>mea:</strong></span> 
     </span>
    </p>
   </div>
   <div class='ocr_carea' id='block_1_99' title="bbox 2143 3930 3726 4001">
    <p class='ocr_par' dir='ltr' id='par_1_99' title="bbox 2143 3930 3726 4001">
     <span class='ocr_line' id='line_1_99' title="bbox 2143 3930 3726 4001; baseline -0.005 -14"><span class='ocrx_word' id='word_1_759' title='bbox 2143 3933 2474 3989; x_wconf 83' lang='lat' dir='ltr'><strong>infirmitatis</strong></span> <span class='ocrx_word' id='word_1_760' title='bbox 2505 3932 2753 3988; x_wconf 74' lang='lat' dir='ltr'><strong>alﬁcitur.</strong></span> <span class='ocrx_word' id='word_1_761' title='bbox 2789 3932 3000 3995; x_wconf 86' lang='lat' dir='ltr'><strong>Tristis,</strong></span> <span class='ocrx_word' id='word_1_762' title='bbox 3041 3932 3237 4001; x_wconf 87' lang='lat' dir='ltr'><strong>inquit,</strong></span> <span class='ocrx_word' id='word_1_763' title='bbox 3283 3940 3355 3985; x_wconf 88' lang='lat' dir='ltr'><strong>est</strong></span> <span class='ocrx_word' id='word_1_764' title='bbox 3403 3930 3578 3983; x_wconf 81' lang='lat' dir='ltr'><strong>anima</strong></span> <span class='ocrx_word' id='word_1_765' title='bbox 3609 3944 3726 3980; x_wconf 81' lang='lat' dir='ltr'><strong>mea</strong></span> 
     </span>
    </p>
   </div>
   <div class='ocr_carea' id='block_1_100' title="bbox 2145 4020 3725 4098">
    <p class='ocr_par' dir='ltr' id='par_1_100' title="bbox 2145 4020 3725 4098">
     <span class='ocr_line' id='line_1_100' title="bbox 2145 4020 3725 4098; baseline -0.005 -19"><span class='ocrx_word' id='word_1_766' title='bbox 2145 4042 2306 4098; x_wconf 83' lang='lat' dir='ltr'><strong>usque</strong></span> <span class='ocrx_word' id='word_1_767' title='bbox 2330 4025 2399 4078; x_wconf 87' lang='lat' dir='ltr'><strong>ad</strong></span> <span class='ocrx_word' id='word_1_768' title='bbox 2462 4034 2699 4079; x_wconf 84' lang='lat' dir='ltr'><strong>mortem.</strong></span> <span class='ocrx_word' id='word_1_769' title='bbox 2753 4024 2868 4079; x_wconf 90' lang='lat' dir='ltr'><strong>Non</strong></span> <span class='ocrx_word' id='word_1_770' title='bbox 2919 4033 3140 4094; x_wconf 89' lang='lat' dir='ltr'><strong>propter</strong></span> <span class='ocrx_word' id='word_1_771' title='bbox 3176 4030 3407 4077; x_wconf 88' lang='lat' dir='ltr'><strong>mortem</strong></span> <span class='ocrx_word' id='word_1_772' title='bbox 3440 4020 3617 4073; x_wconf 87' lang='lat' dir='ltr'><strong>tristis</strong></span> <span class='ocrx_word' id='word_1_773' title='bbox 3643 4029 3725 4072; x_wconf 89' lang='lat' dir='ltr'><strong>est</strong></span> 
     </span>
    </p>
   </div>
   <div class='ocr_carea' id='block_1_101' title="bbox 2143 4109 3725 4186">
    <p class='ocr_par' dir='ltr' id='par_1_101' title="bbox 2143 4109 3725 4186">
     <span class='ocr_line' id='line_1_101' title="bbox 2143 4109 3725 4186; baseline -0.006 -15"><span class='ocrx_word' id='word_1_774' title='bbox 2143 4117 2421 4183; x_wconf 90' lang='lat' dir='ltr'><strong>Dominus,</strong></span> <span class='ocrx_word' id='word_1_775' title='bbox 2452 4117 2578 4186; x_wconf 86' lang='lat' dir='ltr'><strong>quia</strong></span> <span class='ocrx_word' id='word_1_776' title='bbox 2600 4131 2723 4172; x_wconf 90' lang='lat' dir='ltr'><strong>eum</strong></span> <span class='ocrx_word' id='word_1_777' title='bbox 2752 4115 2989 4171; x_wconf 85' lang='lat' dir='ltr'><strong>conditio</strong></span> <span class='ocrx_word' id='word_1_778' title='bbox 3016 4113 3317 4183; x_wconf 87' lang='lat' dir='ltr'><strong>corporalis</strong></span> <span class='ocrx_word' id='word_1_779' title='bbox 3345 4109 3570 4165; x_wconf 77' lang='lat' dir='ltr'><strong>allectus</strong></span> <span class='ocrx_word' id='word_1_780' title='bbox 3618 4126 3725 4163; x_wconf 89' lang='lat' dir='ltr'><strong>non</strong></span> 
     </span>
    </p>
   </div>
   <div class='ocr_carea' id='block_1_102' title="bbox 2143 4200 3726 4275">
    <p class='ocr_par' dir='ltr' id='par_1_102' title="bbox 2143 4200 3726 4275">
     <span class='ocr_line' id='line_1_102' title="bbox 2143 4200 3726 4275; baseline -0.008 -11"><span class='ocrx_word' id='word_1_781' title='bbox 2143 4210 2373 4267; x_wconf 89' lang='lat' dir='ltr'><strong>formido</strong></span> <span class='ocrx_word' id='word_1_782' title='bbox 2403 4209 2594 4265; x_wconf 91' lang='lat' dir='ltr'><strong>mortis</strong></span> <span class='ocrx_word' id='word_1_783' title='bbox 2642 4206 2884 4264; x_wconf 77' lang='lat' dir='ltr'><strong>oﬂ‘endit.</strong></span> <span class='ocrx_word' id='word_1_784' title='bbox 2944 4205 3079 4261; x_wconf 86' lang='lat' dir='ltr'><strong>Nam</strong></span> <span class='ocrx_word' id='word_1_785' title='bbox 3133 4204 3227 4275; x_wconf 91' lang='lat' dir='ltr'><strong>qui</strong></span> <span class='ocrx_word' id='word_1_786' title='bbox 3264 4216 3460 4272; x_wconf 92' lang='lat' dir='ltr'><strong>corpus</strong></span> <span class='ocrx_word' id='word_1_787' title='bbox 3488 4200 3726 4269; x_wconf 85' lang='lat' dir='ltr'><strong>suscepit</strong></span> 
     </span>
    </p>
   </div>
   <div class='ocr_carea' id='block_1_103' title="bbox 2142 4291 3722 4369">
    <p class='ocr_par' dir='ltr' id='par_1_103' title="bbox 2142 4291 3722 4369">
     <span class='ocr_line' id='line_1_103' title="bbox 2142 4291 3722 4369; baseline -0.008 -13"><span class='ocrx_word' id='word_1_788' title='bbox 2142 4301 2322 4357; x_wconf 88' lang='lat' dir='ltr'><strong>omnia</strong></span> <span class='ocrx_word' id='word_1_789' title='bbox 2354 4300 2542 4356; x_wconf 89' lang='lat' dir='ltr'><strong>debuit</strong></span> <span class='ocrx_word' id='word_1_790' title='bbox 2568 4299 2752 4354; x_wconf 90' lang='lat' dir='ltr'><strong>subire</strong></span> <span class='ocrx_word' id='word_1_791' title='bbox 2779 4312 2899 4369; x_wconf 61' lang='lat' dir='ltr'><strong>quae</strong></span> <span class='ocrx_word' id='word_1_792' title='bbox 2927 4296 3171 4365; x_wconf 86' lang='lat' dir='ltr'><strong>corporis</strong></span> <span class='ocrx_word' id='word_1_793' title='bbox 3208 4301 3355 4359; x_wconf 89' lang='lat' dir='ltr'><strong>sunt,</strong></span> <span class='ocrx_word' id='word_1_794' title='bbox 3384 4300 3441 4347; x_wconf 91' lang='lat' dir='ltr'><strong>ut</strong></span> <span class='ocrx_word' id='word_1_795' title='bbox 3466 4291 3722 4353; x_wconf 83' lang='lat' dir='ltr'><strong>esuriret,</strong></span> 
     </span>
    </p>
   </div>
   <div class='ocr_carea' id='block_1_104' title="bbox 2145 4384 3726 4465">
    <p class='ocr_par' dir='ltr' id='par_1_104' title="bbox 2145 4384 3726 4465">
     <span class='ocr_line' id='line_1_104' title="bbox 2145 4384 3726 4465; baseline -0.009 -16"><span class='ocrx_word' id='word_1_796' title='bbox 2145 4396 2343 4460; x_wconf 88' lang='lat' dir='ltr'><strong>sitiret,</strong></span> <span class='ocrx_word' id='word_1_797' title='bbox 2400 4401 2708 4465; x_wconf 83' lang='lat' dir='ltr'><strong>angeretur,</strong></span> <span class='ocrx_word' id='word_1_798' title='bbox 2764 4390 3202 4447; x_wconf 86' lang='lat' dir='ltr'><strong>contristaretur.</strong></span> <span class='ocrx_word' id='word_1_799' title='bbox 3247 4384 3514 4440; x_wconf 88' lang='lat' dir='ltr'><strong>Divinitas</strong></span> <span class='ocrx_word' id='word_1_800' title='bbox 3541 4392 3726 4436; x_wconf 85' lang='lat' dir='ltr'><strong>autem</strong></span> 
     </span>
    </p>
   </div>
   <div class='ocr_carea' id='block_1_105' title="bbox 2144 4472 3727 4554">
    <p class='ocr_par' dir='ltr' id='par_1_105' title="bbox 2144 4472 3727 4554">
     <span class='ocr_line' id='line_1_105' title="bbox 2144 4472 3727 4554; baseline -0.009 -15"><span class='ocrx_word' id='word_1_801' title='bbox 2144 4484 2462 4540; x_wconf 88' lang='lat' dir='ltr'><strong>commutari</strong></span> <span class='ocrx_word' id='word_1_802' title='bbox 2476 4498 2572 4554; x_wconf 87' lang='lat' dir='ltr'><strong>per</strong></span> <span class='ocrx_word' id='word_1_803' title='bbox 2585 4483 2684 4536; x_wconf 87' lang='lat' dir='ltr'><strong>hos</strong></span> <span class='ocrx_word' id='word_1_804' title='bbox 2696 4481 2868 4536; x_wconf 89' lang='lat' dir='ltr'><strong>nescit</strong></span> <span class='ocrx_word' id='word_1_805' title='bbox 2892 4478 3133 4535; x_wconf 70' lang='lat' dir='ltr'><strong>allectus.</strong></span> <span class='ocrx_word' id='word_1_806' title='bbox 3155 4476 3423 4533; x_wconf 85' lang='lat' dir='ltr'><strong>Sustinete</strong></span> <span class='ocrx_word' id='word_1_807' title='bbox 3446 4474 3555 4537; x_wconf 82' lang='lat' dir='ltr'><strong>hic,</strong></span> <span class='ocrx_word' id='word_1_808' title='bbox 3573 4482 3623 4526; x_wconf 90' lang='lat' dir='ltr'><strong>et</strong></span> <span class='ocrx_word' id='word_1_809' title='bbox 3651 4472 3727 4525; x_wconf 58' lang='lat' dir='ltr'><strong>vi-</strong></span> 
     </span>
    </p>
   </div>
   <div class='ocr_carea' id='block_1_106' title="bbox 2143 4566 3721 4645">
    <p class='ocr_par' dir='ltr' id='par_1_106' title="bbox 2143 4566 3721 4645">
     <span class='ocr_line' id='line_1_106' title="bbox 2143 4566 3721 4645; baseline -0.008 -17"><span class='ocrx_word' id='word_1_810' title='bbox 2143 4574 2298 4645; x_wconf 80' lang='lat' dir='ltr'><strong>gilate</strong></span> <span class='ocrx_word' id='word_1_811' title='bbox 2325 4590 2545 4628; x_wconf 88' lang='lat' dir='ltr'><strong>mecum.</strong></span> <span class='ocrx_word' id='word_1_812' title='bbox 2563 4573 2713 4640; x_wconf 88' lang='lat' dir='ltr'><strong>Quod</strong></span> <span class='ocrx_word' id='word_1_813' title='bbox 2730 4570 3275 4643; x_wconf 73' lang='lat' dir='ltr'><strong>prazcepit,Sustinete</strong></span> <span class='ocrx_word' id='word_1_814' title='bbox 3297 4570 3403 4634; x_wconf 82' lang='lat' dir='ltr'><strong>hic,</strong></span> <span class='ocrx_word' id='word_1_815' title='bbox 3430 4577 3477 4621; x_wconf 89' lang='lat' dir='ltr'><strong>et</strong></span> <span class='ocrx_word' id='word_1_816' title='bbox 3505 4566 3721 4636; x_wconf 71' lang='lat' dir='ltr'><strong>vigilate</strong></span> 
     </span>
    </p>
   </div>
   <div class='ocr_carea' id='block_1_107' title="bbox 2145 4661 3727 4735">
    <p class='ocr_par' dir='ltr' id='par_1_107' title="bbox 2145 4661 3727 4735">
     <span class='ocr_line' id='line_1_107' title="bbox 2145 4661 3727 4735; baseline -0.008 -13"><span class='ocrx_word' id='word_1_817' title='bbox 2145 4684 2370 4733; x_wconf 88' lang='lat' dir='ltr'><strong>mecum,</strong></span> <span class='ocrx_word' id='word_1_818' title='bbox 2415 4682 2523 4722; x_wconf 92' lang='lat' dir='ltr'><strong>non</strong></span> <span class='ocrx_word' id='word_1_819' title='bbox 2568 4681 2598 4720; x_wconf 91' lang='lat' dir='ltr'><strong>a</strong></span> <span class='ocrx_word' id='word_1_820' title='bbox 2651 4680 2841 4721; x_wconf 91' lang='lat' dir='ltr'><strong>somno</strong></span> <span class='ocrx_word' id='word_1_821' title='bbox 2890 4664 3142 4735; x_wconf 87' lang='lat' dir='ltr'><strong>prohibet</strong></span> <span class='ocrx_word' id='word_1_822' title='bbox 3177 4661 3333 4732; x_wconf 89' lang='lat' dir='ltr'><strong>cujus</strong></span> <span class='ocrx_word' id='word_1_823' title='bbox 3376 4668 3588 4728; x_wconf 88' lang='lat' dir='ltr'><strong>tempus</strong></span> <span class='ocrx_word' id='word_1_824' title='bbox 3618 4672 3727 4711; x_wconf 88' lang='lat' dir='ltr'><strong>non</strong></span> 
     </span>
    </p>
   </div>
   <div class='ocr_carea' id='block_1_108' title="bbox 2146 4747 3729 4821">
    <p class='ocr_par' dir='ltr' id='par_1_108' title="bbox 2146 4747 3729 4821">
     <span class='ocr_line' id='line_1_108' title="bbox 2146 4747 3729 4821; baseline -0.008 -10"><span class='ocrx_word' id='word_1_825' title='bbox 2146 4767 2277 4821; x_wconf 85' lang='lat' dir='ltr'><strong>erat,</strong></span> <span class='ocrx_word' id='word_1_826' title='bbox 2308 4757 2623 4812; x_wconf 86' lang='lat' dir='ltr'><strong>imminente</strong></span> <span class='ocrx_word' id='word_1_827' title='bbox 2651 4756 2980 4819; x_wconf 89' lang='lat' dir='ltr'><strong>discriminc,</strong></span> <span class='ocrx_word' id='word_1_828' title='bbox 3021 4753 3115 4809; x_wconf 89' lang='lat' dir='ltr'><strong>sed</strong></span> <span class='ocrx_word' id='word_1_829' title='bbox 3157 4768 3187 4807; x_wconf 90' lang='lat' dir='ltr'><strong>a</strong></span> <span class='ocrx_word' id='word_1_830' title='bbox 3226 4765 3415 4806; x_wconf 80' lang='lat' dir='ltr'><strong>somno</strong></span> <span class='ocrx_word' id='word_1_831' title='bbox 3441 4747 3729 4803; x_wconf 82' lang='lat' dir='ltr'><strong>inﬁdelita-</strong></span> 
     </span>
    </p>
   </div>
   <div class='ocr_carea' id='block_1_109' title="bbox 2147 4841 3725 4918">
    <p class='ocr_par' dir='ltr' id='par_1_109' title="bbox 2147 4841 3725 4918">
     <span class='ocr_line' id='line_1_109' title="bbox 2147 4841 3725 4918; baseline -0.006 -15"><span class='ocrx_word' id='word_1_832' title='bbox 2147 4851 2234 4915; x_wconf 91' lang='lat' dir='ltr'><strong>tis,</strong></span> <span class='ocrx_word' id='word_1_833' title='bbox 2263 4859 2318 4903; x_wconf 91' lang='lat' dir='ltr'><strong>et</strong></span> <span class='ocrx_word' id='word_1_834' title='bbox 2345 4858 2562 4918; x_wconf 86' lang='lat' dir='ltr'><strong>torpore</strong></span> <span class='ocrx_word' id='word_1_835' title='bbox 2586 4849 2801 4904; x_wconf 89' lang='lat' dir='ltr'><strong>mentis.</strong></span> <span class='ocrx_word' id='word_1_836' title='bbox 2836 4846 3054 4902; x_wconf 90' lang='lat' dir='ltr'><strong>Sciebat</strong></span> <span class='ocrx_word' id='word_1_837' title='bbox 3081 4845 3226 4901; x_wconf 90' lang='lat' dir='ltr'><strong>enim</strong></span> <span class='ocrx_word' id='word_1_838' title='bbox 3256 4845 3575 4915; x_wconf 82' lang='lat' dir='ltr'><strong>ingravante</strong></span> <span class='ocrx_word' id='word_1_839' title='bbox 3605 4841 3725 4894; x_wconf 86' lang='lat' dir='ltr'><strong>dia-</strong></span> 
     </span>
    </p>
   </div>
   <div class='ocr_carea' id='block_1_110' title="bbox 2145 4931 3731 5006">
    <p class='ocr_par' dir='ltr' id='par_1_110' title="bbox 2145 4931 3731 5006">
     <span class='ocr_line' id='line_1_110' title="bbox 2145 4931 3731 5006; baseline -0.006 -14"><span class='ocrx_word' id='word_1_840' title='bbox 2145 4939 2269 4992; x_wconf 86' lang='lat' dir='ltr'><strong>holo</strong></span> <span class='ocrx_word' id='word_1_841' title='bbox 2299 4939 2453 4992; x_wconf 84' lang='lat' dir='ltr'><strong>fidem</strong></span> <span class='ocrx_word' id='word_1_842' title='bbox 2483 4954 2670 4993; x_wconf 87' lang='lat' dir='ltr'><strong>eorum</strong></span> <span class='ocrx_word' id='word_1_843' title='bbox 2704 4935 3142 5006; x_wconf 77' lang='lat' dir='ltr'><strong>consepiendam.</strong></span> <span class='ocrx_word' id='word_1_844' title='bbox 3170 4935 3361 4988; x_wconf 87' lang='lat' dir='ltr'><strong>Parem</strong></span> <span class='ocrx_word' id='word_1_845' title='bbox 3391 4946 3572 4987; x_wconf 81' lang='lat' dir='ltr'><strong>secum</strong></span> <span class='ocrx_word' id='word_1_846' title='bbox 3596 4931 3731 5000; x_wconf 76' lang='lat' dir='ltr'><strong>vigi-</strong></span> 
     </span>
    </p>
   </div>
   <div class='ocr_carea' id='block_1_111' title="bbox 2146 5009 3655 5100">
    <p class='ocr_par' dir='ltr' id='par_1_111' title="bbox 2146 5009 3655 5100">
     <span class='ocr_line' id='line_1_111' title="bbox 2146 5009 3655 5100; baseline -0.006 -15"><span class='ocrx_word' id='word_1_847' title='bbox 2146 5032 2367 5085; x_wconf 89' lang='lat' dir='ltr'><strong>lantiam</strong></span> <span class='ocrx_word' id='word_1_848' title='bbox 2396 5032 2647 5100; x_wconf 88' lang='lat' dir='ltr'><strong>imperat,</strong></span> <span class='ocrx_word' id='word_1_849' title='bbox 2678 5009 2875 5099; x_wconf 60' lang='lat' dir='ltr'><strong>quibus</strong></span> <span class='ocrx_word' id='word_1_850' title='bbox 2902 5029 3090 5083; x_wconf 79' lang='lat' dir='ltr'><strong>eadem</strong></span> <span class='ocrx_word' id='word_1_851' title='bbox 3119 5027 3299 5097; x_wconf 83' lang='lat' dir='ltr'><strong>passio</strong></span> <span class='ocrx_word' id='word_1_852' title='bbox 3326 5026 3655 5079; x_wconf 83' lang='lat' dir='ltr'><strong>immineret.</strong></span> 
     </span>
    </p>
   </div>
   <div class='ocr_carea' id='block_1_112' title="bbox 2219 5117 3728 5192">
    <p class='ocr_par' dir='ltr' id='par_1_112' title="bbox 2219 5117 3728 5192">
     <span class='ocr_line' id='line_1_112' title="bbox 2219 5117 3728 5192; baseline -0.007 -17"><span class='ocrx_word' id='word_1_853' title='bbox 2219 5122 2286 5175; x_wconf 84' lang='lat' dir='ltr'><strong>Et</strong></span> <span class='ocrx_word' id='word_1_854' title='bbox 2314 5138 2615 5192; x_wconf 79' lang='lat' dir='ltr'><strong>progressus</strong></span> <span class='ocrx_word' id='word_1_855' title='bbox 2647 5119 2895 5190; x_wconf 85' lang='lat' dir='ltr'><strong>pusillum</strong></span> <span class='ocrx_word' id='word_1_856' title='bbox 2937 5119 3161 5189; x_wconf 87' lang='lat' dir='ltr'><strong>procidit</strong></span> <span class='ocrx_word' id='word_1_857' title='bbox 3210 5118 3263 5171; x_wconf 83' lang='lat' dir='ltr'><strong>in</strong></span> <span class='ocrx_word' id='word_1_858' title='bbox 3310 5117 3499 5186; x_wconf 76' lang='lat' dir='ltr'><strong>facient</strong></span> <span class='ocrx_word' id='word_1_859' title='bbox 3548 5131 3728 5177; x_wconf 80' lang='lat' dir='ltr'><strong>suam,</strong></span> 
     </span>
    </p>
   </div>
   <div class='ocr_carea' id='block_1_113' title="bbox 2147 5207 3733 5279">
    <p class='ocr_par' dir='ltr' id='par_1_113' title="bbox 2147 5207 3733 5279">
     <span class='ocr_line' id='line_1_113' title="bbox 2147 5207 3733 5279; baseline -0.006 -13"><span class='ocrx_word' id='word_1_860' title='bbox 2147 5229 2302 5267; x_wconf 88' lang='lat' dir='ltr'><strong>orans</strong></span> <span class='ocrx_word' id='word_1_861' title='bbox 2325 5221 2373 5265; x_wconf 86' lang='lat' dir='ltr'><strong>et</strong></span> <span class='ocrx_word' id='word_1_862' title='bbox 2398 5211 2610 5265; x_wconf 84' lang='lat' dir='ltr'><strong>dicens:</strong></span> <span class='ocrx_word' id='word_1_863' title='bbox 2644 5208 2808 5265; x_wconf 85' lang='lat' dir='ltr'><strong>Pater</strong></span> <span class='ocrx_word' id='word_1_864' title='bbox 2836 5210 2927 5274; x_wconf 91' lang='lat' dir='ltr'><strong>mi,</strong></span> <span class='ocrx_word' id='word_1_865' title='bbox 2958 5212 3005 5263; x_wconf 90' lang='lat' dir='ltr'><strong>si</strong></span> <span class='ocrx_word' id='word_1_866' title='bbox 3034 5207 3280 5279; x_wconf 87' lang='lat' dir='ltr'><strong>possibile</strong></span> <span class='ocrx_word' id='word_1_867' title='bbox 3310 5217 3406 5272; x_wconf 90' lang='lat' dir='ltr'><strong>est,</strong></span> <span class='ocrx_word' id='word_1_868' title='bbox 3431 5216 3667 5259; x_wconf 84' lang='lat' dir='ltr'><strong>transeat</strong></span> <span class='ocrx_word' id='word_1_869' title='bbox 3700 5223 3733 5257; x_wconf 88' lang='lat' dir='ltr'><strong>a</strong></span> 
     </span>
    </p>
   </div>
   <div class='ocr_carea' id='block_1_114' title="bbox 2145 5299 3733 5371">
    <p class='ocr_par' dir='ltr' id='par_1_114' title="bbox 2145 5299 3733 5371">
     <span class='ocr_line' id='line_1_114' title="bbox 2145 5299 3733 5371; baseline -0.005 -14"><span class='ocrx_word' id='word_1_870' title='bbox 2145 5321 2226 5357; x_wconf 83' lang='lat' dir='ltr'><strong>me</strong></span> <span class='ocrx_word' id='word_1_871' title='bbox 2255 5302 2395 5357; x_wconf 79' lang='lat' dir='ltr'><strong>calix</strong></span> <span class='ocrx_word' id='word_1_872' title='bbox 2414 5304 2528 5357; x_wconf 88' lang='lat' dir='ltr'><strong>iste.</strong></span> <span class='ocrx_word' id='word_1_873' title='bbox 2564 5303 2698 5357; x_wconf 91' lang='lat' dir='ltr'><strong>Dato</strong></span> <span class='ocrx_word' id='word_1_874' title='bbox 2722 5302 2981 5371; x_wconf 88' lang='lat' dir='ltr'><strong>apostolis</strong></span> <span class='ocrx_word' id='word_1_875' title='bbox 3010 5308 3283 5371; x_wconf 65' lang='lat' dir='ltr'><strong>praecepto</strong></span> <span class='ocrx_word' id='word_1_876' title='bbox 3310 5308 3370 5353; x_wconf 91' lang='lat' dir='ltr'><strong>ut</strong></span> <span class='ocrx_word' id='word_1_877' title='bbox 3397 5299 3733 5353; x_wconf 86' lang='lat' dir='ltr'><strong>sustinerent</strong></span> 
     </span>
    </p>
   </div>
   <div class='ocr_carea' id='block_1_115' title="bbox 2145 5386 3732 5464">
    <p class='ocr_par' dir='ltr' id='par_1_115' title="bbox 2145 5386 3732 5464">
     <span class='ocr_line' id='line_1_115' title="bbox 2145 5386 3732 5464; baseline -0.004 -19"><span class='ocrx_word' id='word_1_878' title='bbox 2145 5393 2535 5464; x_wconf 79' lang='lat' dir='ltr'><strong>vigilarentque</strong></span> <span class='ocrx_word' id='word_1_879' title='bbox 2563 5408 2683 5447; x_wconf 89' lang='lat' dir='ltr'><strong>cum</strong></span> <span class='ocrx_word' id='word_1_880' title='bbox 2713 5391 2962 5455; x_wconf 91' lang='lat' dir='ltr'><strong>Domino,</strong></span> <span class='ocrx_word' id='word_1_881' title='bbox 2991 5390 3266 5460; x_wconf 88' lang='lat' dir='ltr'><strong>paululum</strong></span> <span class='ocrx_word' id='word_1_882' title='bbox 3296 5388 3586 5458; x_wconf 88' lang='lat' dir='ltr'><strong>procideus</strong></span> <span class='ocrx_word' id='word_1_883' title='bbox 3618 5386 3732 5438; x_wconf 88' lang='lat' dir='ltr'><strong>ruit</strong></span> 
     </span>
    </p>
   </div>
   <div class='ocr_carea' id='block_1_116' title="bbox 2144 5477 3733 5548">
    <p class='ocr_par' dir='ltr' id='par_1_116' title="bbox 2144 5477 3733 5548">
     <span class='ocr_line' id='line_1_116' title="bbox 2144 5477 3733 5548; baseline -0.008 -7"><span class='ocrx_word' id='word_1_884' title='bbox 2144 5488 2195 5541; x_wconf 92' lang='lat' dir='ltr'><strong>in</strong></span> <span class='ocrx_word' id='word_1_885' title='bbox 2226 5486 2416 5540; x_wconf 86' lang='lat' dir='ltr'><strong>faciem</strong></span> <span class='ocrx_word' id='word_1_886' title='bbox 2440 5500 2610 5548; x_wconf 91' lang='lat' dir='ltr'><strong>suam,</strong></span> <span class='ocrx_word' id='word_1_887' title='bbox 2641 5493 2699 5539; x_wconf 88' lang='lat' dir='ltr'><strong>ut</strong></span> <span class='ocrx_word' id='word_1_888' title='bbox 2726 5484 3086 5539; x_wconf 87' lang='lat' dir='ltr'><strong>humilitatem</strong></span> <span class='ocrx_word' id='word_1_889' title='bbox 3116 5482 3314 5537; x_wconf 90' lang='lat' dir='ltr'><strong>mentis</strong></span> <span class='ocrx_word' id='word_1_890' title='bbox 3336 5480 3521 5536; x_wconf 82' lang='lat' dir='ltr'><strong>habitu</strong></span> <span class='ocrx_word' id='word_1_891' title='bbox 3547 5477 3733 5533; x_wconf 83' lang='lat' dir='ltr'><strong>carnis</strong></span> 
     </span>
    </p>
   </div>
   <div class='ocr_carea' id='block_1_117' title="bbox 2139 5570 3727 5646">
    <p class='ocr_par' dir='ltr' id='par_1_117' title="bbox 2139 5570 3727 5646">
     <span class='ocr_line' id='line_1_117' title="bbox 2139 5570 3727 5646; baseline -0.008 -14"><span class='ocrx_word' id='word_1_892' title='bbox 2139 5578 2404 5641; x_wconf 84' lang='lat' dir='ltr'><strong>ostendat,</strong></span> <span class='ocrx_word' id='word_1_893' title='bbox 2434 5577 2669 5646; x_wconf 87' lang='lat' dir='ltr'><strong>dicitque</strong></span> <span class='ocrx_word' id='word_1_894' title='bbox 2698 5572 3171 5637; x_wconf 82' lang='lat' dir='ltr'><strong>blandiens,Pater</strong></span> <span class='ocrx_word' id='word_1_895' title='bbox 3199 5573 3289 5635; x_wconf 80' lang='lat' dir='ltr'><strong>mi,</strong></span> <span class='ocrx_word' id='word_1_896' title='bbox 3317 5580 3373 5627; x_wconf 90' lang='lat' dir='ltr'><strong>et</strong></span> <span class='ocrx_word' id='word_1_897' title='bbox 3398 5570 3640 5642; x_wconf 88' lang='lat' dir='ltr'><strong>postulat</strong></span> <span class='ocrx_word' id='word_1_898' title='bbox 3670 5576 3727 5621; x_wconf 88' lang='lat' dir='ltr'><strong>ut</strong></span> 
     </span>
    </p>
   </div>
   <div class='ocr_carea' id='block_1_118' title="bbox 2140 5658 3725 5737">
    <p class='ocr_par' dir='ltr' id='par_1_118' title="bbox 2140 5658 3725 5737">
     <span class='ocr_line' id='line_1_118' title="bbox 2140 5658 3725 5737; baseline -0.009 -14"><span class='ocrx_word' id='word_1_899' title='bbox 2140 5671 2181 5723; x_wconf 86' lang='lat' dir='ltr'><strong>si</strong></span> <span class='ocrx_word' id='word_1_900' title='bbox 2210 5669 2459 5737; x_wconf 80' lang='lat' dir='ltr'><strong>possibile</strong></span> <span class='ocrx_word' id='word_1_901' title='bbox 2474 5667 2879 5722; x_wconf 86' lang='lat' dir='ltr'><strong>sittranseatab</strong></span> <span class='ocrx_word' id='word_1_902' title='bbox 2907 5681 2971 5720; x_wconf 92' lang='lat' dir='ltr'><strong>eo</strong></span> <span class='ocrx_word' id='word_1_903' title='bbox 3004 5666 3164 5728; x_wconf 78' lang='lat' dir='ltr'><strong>calix,</strong></span> <span class='ocrx_word' id='word_1_904' title='bbox 3198 5666 3263 5719; x_wconf 88' lang='lat' dir='ltr'><strong>de</strong></span> <span class='ocrx_word' id='word_1_905' title='bbox 3300 5679 3408 5734; x_wconf 90' lang='lat' dir='ltr'><strong>quo</strong></span> <span class='ocrx_word' id='word_1_906' title='bbox 3444 5676 3606 5731; x_wconf 89' lang='lat' dir='ltr'><strong>supra</strong></span> <span class='ocrx_word' id='word_1_907' title='bbox 3638 5658 3725 5727; x_wconf 37' lang='lat' dir='ltr'><strong>di:</strong></span> 
     </span>
    </p>
   </div>
   <div class='ocr_carea' id='block_1_119' title="bbox 2140 5750 3728 5824">
    <p class='ocr_par' dir='ltr' id='par_1_119' title="bbox 2140 5750 3728 5824">
     <span class='ocr_line' id='line_1_119' title="bbox 2140 5750 3728 5824; baseline -0.006 -10"><span class='ocrx_word' id='word_1_908' title='bbox 2140 5763 2333 5814; x_wconf 83' lang='lat' dir='ltr'><strong>ximus.</strong></span> <span class='ocrx_word' id='word_1_909' title='bbox 2361 5759 2600 5814; x_wconf 82' lang='lat' dir='ltr'><strong>Postulat</strong></span> <span class='ocrx_word' id='word_1_910' title='bbox 2630 5768 2807 5813; x_wconf 86' lang='lat' dir='ltr'><strong>autem</strong></span> <span class='ocrx_word' id='word_1_911' title='bbox 2850 5774 2953 5811; x_wconf 85' lang='lat' dir='ltr'><strong>non</strong></span> <span class='ocrx_word' id='word_1_912' title='bbox 2986 5757 3178 5812; x_wconf 85' lang='lat' dir='ltr'><strong>timore</strong></span> <span class='ocrx_word' id='word_1_913' title='bbox 3204 5755 3470 5824; x_wconf 67' lang='lat' dir='ltr'><strong>patienii,</strong></span> <span class='ocrx_word' id='word_1_914' title='bbox 3496 5752 3587 5807; x_wconf 72' lang='lat' dir='ltr'><strong>sel</strong></span> <span class='ocrx_word' id='word_1_915' title='bbox 3617 5750 3728 5805; x_wconf 78' lang='lat' dir='ltr'><strong>mi-</strong></span> 
     </span>
    </p>
   </div>
  </div>
