3998 6188
282 341 419 399 “l3

1222 339 1572 399 COMMENT.
1612 339 1680 396 ΙΝ
1718 337 2158 397 ΜΑΤΤΠᾹΞΗΜ.
2197 372 2269 386 —-
2305 343 2433 401 LIB.
2476 345 2607 401 Vill.

3338 360 3345 367 '
3414 348 3554 406 1114

280 457 572 517 sericordia
622 456 816 527 prioris
860 454 1063 526 pepuli,
1117 469 1185 510 ne
1220 457 1288 512 ab
1327 456 1434 511 illis
1459 456 1611 512 bibat
1637 453 1858 511 calicem
1888 454 1940 514 Α
1967 467 2295 522 quaeramus.
2330 455 2485 513 Unde
2510 456 2701 512 doctor
2721 456 2970 529 egregius
3000 456 3227 513 formam
3261 460 3490 517 docendi
3518 476 3552 518 ε

276 550 638 621 propinatum.
668 548 819 603 Unde
860 554 914 601 ει
960 546 1238 617 signantcr
1268 562 1374 601 non
1421 547 1574 610 dixit,
1605 544 1858 599 Transeat

279 659 310 695 a
333 658 413 695 me
440 639 600 703 calix,
626 638 718 693 sed
748 636 889 691 calix
914 638 1032 701 iste,
1066 639 1170 693 hoc
1194 646 1279 692 est
1317 636 1499 707 populi
1529 635 1856 701 Iudaeorum,

277 733 369 802 qui
411 730 811 786 excusationem
853 729 1172 799 ignorantia:
1209 730 1412 784 habere
1449 744 1555 784 non
1594 735 1775 798 potest
1813 727 1859 782 si

275 841 363 879 me
387 823 666 888 occiderit,
702 823 907 876 habens
939 822 1111 890 legem
1136 827 1191 875 et
1216 822 1527 891 prophetas,
1553 820 1645 891 qui
1678 820 1861 889 quoti—

274 917 361 970 die
385 915 768 969 vaticinantur.
798 911 868 967 Ut
894 920 1076 966 tamen
1110 920 1393 966 revertens
1422 911 1474 965 in
1507 911 1857 981 semetipsum

274 1009 415 1078 quod
465 1023 530 1062 ex
573 1005 808 1061 hominis
843 1019 1074 1074 persona
1114 1003 1445 1075 trepidanter
1480 1011 1753 1065 renuerat,
1789 1018 1856 1057 ex

272 1099 367 1153 Dei
401 1098 602 1167 ﬁliique
623 1104 889 1166 potestate
909 1095 1213 1151 conﬁrmat.

357 1178 706 1241 Verumtatem
728 1202 833 1240 non
857 1187 991 1240 sicut
1019 1202 1112 1256 ego
1132 1186 1268 1251 volo,
1295 1184 1387 1240 sed
1405 1188 1542 1240 sicut
1571 1194 1649 1239 tu.
1672 1183 1855 1257 (ΗΑΒ.)

268 1277 413 1343 Non,
452 1278 650 1347 inquit,
681 1279 787 1333 hoc
830 1277 925 1333 ﬁat
958 1278 1103 1348 quod
1139 1277 1376 1332 humano
1408 1277 1604 1333 aﬂ‘ectu
1640 1277 1854 1348 loquor,

269 1373 366 1428 sed
390 1372 443 1426 id
467 1379 689 1443 propter
708 1372 853 1442 quod
881 1373 948 1427 ad
971 1380 1148 1426 terras
1169 1378 1260 1425 tua
1274 1370 1556 1425 voluntate
1577 1371 1852 1427 descendi.

269 1465 328 1520 Si
357 1481 507 1537 ergo,
540 1465 737 1536 inquit,
782 1464 900 1520 ﬁeri
936 1472 1119 1535 potest
1150 1473 1209 1518 ut
1242 1464 1360 1519 sine
1385 1463 1606 1518 interitu
1637 1462 1855 1518 iudico-

267 1573 390 1612 rum
430 1555 617 1612 credat
642 1556 882 1627 gentium
919 1555 1227 1621 multitudo,
1268 1555 1579 1625 passionem
1622 1569 1848 1619 recuso;

268 1649 355 1704 sin
394 1656 575 1703 autem
615 1647 690 1702 illi
730 1647 1040 1702 excmeandi
1080 1654 1206 1702 sunt
1244 1656 1304 1701 ut
1336 1661 1527 1701 omnes
1556 1653 1747 1717 gentes
1774 1646 1854 1700 vi-

270 1743 458 1807 deant,
493 1759 597 1796 non
614 1758 751 1806 mea,
787 1738 969 1807 Pater,
998 1739 1359 1805 voluntas,sed
1387 1749 1478 1795 tua
1498 1741 1613 1809 ﬁat.
1645 1735 1851 1812 (Greg.)

1963 545 2192 601 Domino
2223 562 2442 604 sumens
2474 549 2547 603 ita
2588 566 2715 605 suos
2744 549 3034 620 alloquitur
3056 551 3362 606 auditores:
3389 552 3554 608 Acce-

1959 638 2111 709 pistis
2139 639 2379 710 spiritum
2405 640 2701 711 adoptionis
2729 639 2962 709 filiorum
2993 642 3048 696 in
3087 659 3191 713 quo
3231 645 3553 709 clamamus,

1961 724 2096 780 abba
2144 735 2294 797 pater
2341 726 2521 798 (Rom.
2574 728 2719 797 vm).
2774 729 2925 783 Abba
2969 730 3223 785 nimirum
3257 731 3332 785 illi
3364 731 3455 802 qui
3483 733 3551 787 de

1960 812 2259 871 Israelitico
2286 817 2506 887 populo,
2536 819 2694 873 nobis
2728 804 2892 874 Pater
2915 821 3008 890 qui
3035 821 3100 877 de
3121 822 3373 891 gentibus
3397 823 3464 879 ad
3488 821 3551 877 ﬁ-

1962 906 2083 961 dem
2115 906 2316 962 Christi
2345 909 2612 964 venimus.

2032 994 2101 1048 Et
2125 998 2261 1050 venit
2303 997 2372 1051 ad
2406 996 2693 1069 discipulos
2715 1008 2764 1053 et
2791 1001 2984 1053 invenit
3023 1017 3111 1054 eos
3133 1001 3468 1068 dormientes,
3498 1014 3547 1058 et

1959 1085 2085 1140 dicit
2115 1086 2272 1142 Petro
2297 1107 2308 1142 :
2336 1087 2423 1144 Sic
2454 1107 2556 1144 non
2581 1092 2823 1161 potuistis
2866 1109 2969 1146 una
3011 1094 3143 1147 liora
3186 1094 3404 1164 vigilare
3451 1113 3550 1149 me-

1959 1192 2078 1229 cum
2093 1177 2118 1229 1’
2141 1176 2407 1252 (Hieron.)
2430 1180 2521 1234 Ille
2543 1181 2635 1250 qui
2661 1196 2820 1251 supra
2840 1182 3051 1237 dixerat
3079 1201 3092 1235 :
3119 1183 3346 1238 Etiamsi
3368 1201 3547 1240 omnes

1958 1269 2309 1325 scandalizati
2361 1272 2579 1341 fuerint,
2638 1292 2731 1346 ego
2800 1293 3069 1347 nunquam
3124 1279 3548 1345 scandalizabor,

1958 1373 2103 1414 nunc
2133 1360 2365 1417 tristitia:
2391 1365 2765 1434 magnitudine
2790 1382 3037 1423 somnum
3069 1368 3287 1423 vincere
3318 1384 3423 1423 non
3453 1384 3551 1439 po-

1959 1456 2083 1505 test.
2122 1450 2347 1524 (Hilar.)
2385 1454 2606 1512 Petrum
2637 1458 2760 1513 ideo
2787 1458 3099 1529 singillatim
3128 1459 3270 1515 infra
3319 1470 3547 1517 caeteros

1955 1537 2223 1612 increpat,
2244 1544 2370 1613 quia
2398 1560 2511 1614 pra:
2542 1547 2757 1603 exteris
2779 1563 3055 1618 nunquam
3080 1564 3140 1604 se
3169 1550 3547 1605 scandalizen-

1956 1631 2082 1686 dum
2120 1631 2296 1689 fuerat
2317 1636 2603 1705 gloriatus.

2039 1721 2258 1794 Vigilate
2310 1735 2359 1780 et
2403 1738 2569 1794 orate,
2602 1737 2659 1782 ut
2694 1746 2798 1784 non
2832 1730 3036 1785 intretis
3070 1731 3127 1784 in
3181 1731 3563 1786 tentationem..

263 1834 440 1890 Aliter
459 1834 897 1904 appropinquans
922 1832 1161 1904 passioni
1183 1833 1433 1888 Salvator
1457 1810 1848 1887 inﬁrmantium
1880 1810 1927 1869 Β
1955 1814 2294 1885 Ῑῐηροεδίιιίιθ
2328 1828 2412 1873 εει
2439 1820 2732 1875 humanam
2763 1821 3000 1876 animam
3035 1838 3143 1877 non
3180 1823 3400 1877 tentari.
3432 1821 3546 1877 Un-

266 1927 323 1981 in
352 1942 412 1981 se
437 1941 625 1982 vocem
651 1926 944 1996 assumpsit
965 1926 1179 1981 dicens:
1218 1924 1397 1990 Pater,
1416 1926 1462 1979 si
1491 1925 1590 1990 vis,
1622 1923 1854 1993 transfer

265 2018 488 2074 calicem
503 2019 659 2074 istum
677 2036 709 2072 a
737 2035 819 2072 me
836 2037 856 2072 :
880 2032 1176 2087 eorumque
1205 2017 1453 2071 timorem
1479 2023 1539 2069 ut
1568 2016 1852 2070 abstrahe-

265 2119 353 2167 ret
378 2112 637 2181 suscepit.
664 2111 731 2166 Et
763 2126 949 2166 rursus
968 2126 1066 2181 per
1090 2108 1451 2164 obedientiam
1475 2105 1849 2163 fortitudinem

262 2202 467 2256 mentis
493 2202 804 2265 ostendens,
831 2200 906 2254 ait
932 2214 947 2253 :
977 2198 1348 2263 Verumtamen
1375 2215 1480 2252 non
1514 2214 1630 2252 mea
1664 2195 1852 2251 volun-

262 2302 371 2356 tas,
398 2291 490 2345 sed
513 2300 606 2344 tua
625 2289 741 2359 ﬁat.
770 2290 838 2345 Ut
860 2305 982 2344 cum
1018 2291 1122 2344 hoc
1151 2289 1397 2344 imminet
1423 2289 1567 2357 quod
1594 2287 1709 2341 ﬁeri
1753 2302 1851 2341 no-

260 2382 478 2448 lumus,
535 2383 614 2437 sic
665 2398 763 2452 per
801 2380 1173 2435 inﬁrmitatem
1207 2388 1473 2449 petamus,
1507 2386 1568 2432 ut
1591 2393 1699 2433 non
1730 2377 1847 2443 ﬁat,

261 2480 531 2542 quatenus
555 2487 652 2543 per
679 2470 1048 2526 fortitudinem
1074 2469 1247 2540 parati
1282 2470 1475 2533 simus,
1512 2478 1572 2523 ut
1602 2468 1851 2525 voluntas

263 2562 562 2617 conditoris
585 2560 752 2615 nostri
780 2559 944 2614 etiam
993 2568 1184 2615 contra
1223 2566 1467 2615 nostram
1513 2558 1845 2615 voluntatem

263 2652 381 2706 fiat.
415 2650 600 2723 (Aug.)
626 2649 764 2717 Quid
790 2658 909 2705 erat
940 2650 1027 2704 illa
1054 2666 1177 2715 vox,
1223 2651 1325 2705 nisi
1355 2667 1521 2706 sonus
1565 2650 1850 2706 inﬁrmita-

262 2741 338 2795 tis
366 2740 595 2794 nostraa?
625 2738 773 2793 Multi
805 2738 983 2794 adhuc
1010 2739 1211 2794 inﬁrmi
1248 2741 1642 2796 contristantur
1667 2740 1848 2795 futura

262 2836 464 2894 morte,
496 2828 589 2883 sed
620 2828 857 2883 habeant
880 2836 1084 2883 rectum
1110 2830 1656 2897 eor,vitentmortem
1679 2846 1849 2901 quan-

263 2926 380 2971 tum
420 2927 665 2988 possunt.
693 2916 799 2974 Sed
834 2918 1013 2973 sinon
1043 2912 1291 2988 possunt,
1319 2921 1502 2976 dicant
1542 2923 1685 2991 quod
1733 2921 1849 2991 ipse

264 3008 529 3063 Dominus
560 3024 663 3063 non
693 3016 916 3079 propter
934 3024 1010 3073 se,
1034 3010 1127 3065 sed
1147 3017 1374 3081 propter
1392 3026 1491 3067 nos
1517 3011 1672 3066 dixit.
1705 3010 1846 3079 Quid

263 3095 414 3150 enim
443 3098 591 3157 dixit,
619 3098 797 3162 Pater,
824 3100 868 3152 si
897 3098 1016 3168 ﬁeri
1046 3109 1236 3171 potest,
1264 3111 1499 3156 transeat
1534 3119 1566 3156 a
1592 3119 1673 3157 me
1702 3101 1847 3157 calix

259 3186 382 3240 iste.
434 3187 571 3242 Ecce
616 3188 781 3243 habes
818 3188 1477 3245 voluntatem'bumanam
1506 3206 1841 3262 expressam.

257 3274 400 3330 Vide
438 3277 551 3346 jam
594 3286 800 3331 rectum
848 3294 946 3334 cor
976 3277 1118 3335 :Sed
1166 3297 1270 3334 non
1317 3283 1456 3353 quod
1494 3299 1587 3353 ego
1619 3281 1846 3348 volo,sed

256 3366 403 3436 quod
429 3374 508 3419 tu.
545 3366 670 3422 Non
695 3370 833 3435 veni,
869 3370 1061 3441 inquit,
1089 3371 1263 3440 facere
1291 3371 1615 3428 voluntatem
1650 3390 1844 3440 meam,

257 3454 353 3508 sed
400 3454 718 3512 voluntatem
760 3458 876 3528 ejus
912 3460 1002 3529 qui
1041 3476 1123 3513 me
1146 3461 1285 3515 misit
1314 3461 1494 3533 (Joan.
1546 3461 1645 3535 vr).
1679 3462 1844 3517 Suam

255 3545 592 3601 voluntatem
624 3549 759 3604 dixit
792 3564 954 3619 quam
992 3552 1359 3620 temporaliter
1385 3554 1615 3624 sumpsit
1641 3569 1708 3609 ex
1736 3553 1846 3609 vir-

257 3635 422 3705 gine;
459 3636 788 3693 voluntatem
819 3653 950 3693 vero
974 3637 1091 3710 ejus
1133 3641 1225 3709 qui
1260 3656 1383 3696 eum
1417 3643 1567 3698 misit
1605 3658 1723 3699 eam
1763 3644 1844 3698 vi-

256 3725 459 3780 delicet
486 3726 725 3795 signans,
750 3743 913 3798 quam
940 3729 1369 3800 intemporaliter
1391 3739 1626 3787 azternus
1651 3732 1843 3787 habuit

256 3830 379 3869 cum
428 3827 581 3885 patre
617 3833 982 3874 communem.
1025 3816 1159 3873 Orat
1206 3820 1439 3873 transire
1485 3821 1733 3886 calicem,
1782 3830 1843 3875 ut

251 3908 509 3963 ostendat
556 3924 683 3964 vere
725 3910 853 3978 quia
893 3917 949 3964 et
986 3910 1149 3964 homo
1173 3918 1310 3964 erat.
1343 3910 1716 3965 Reminiscens
1746 3926 1840 3965 au-

250 4007 357 4053 tem
392 4008 451 4053 et
487 4007 711 4069 propter
738 3999 882 4068 quod
926 3999 1124 4054 missus
1164 4010 1268 4067 est,
1316 4000 1528 4071 perﬁcit
1563 4001 1841 4071 dispensa-

247 4089 461 4145 tionem
510 4090 576 4144 ad
615 4105 779 4159 quam
826 4091 1022 4145 missus
1067 4099 1170 4157 est,
1211 4099 1267 4145 et
1310 4091 1548 4147 clamat:
1595 4090 1703 4147 Sed
1734 4109 1839 4147 non

244 4183 393 4252 quod
422 4199 516 4253 ego
547 4182 682 4249 colo,
706 4182 796 4236 sed
821 4183 961 4254 quod
988 4193 1063 4236 tu.
1098 4182 1157 4238 Si
1178 4184 1410 4239 moritur
1432 4200 1600 4251 mors,
1632 4199 1718 4239 me
1732 4200 1838 4239 non

250 4273 526 4326 moriente
556 4272 852 4327 secundum
888 4288 1109 4328 carnem
1139 4256 1411 4339 videlicet,
1436 4282 1682 4330 transeat
1702 4290 1731 4329 a
1753 4290 1839 4330 me

253 4363 390 4417 calix
428 4350 569 4428 iste;
604 4380 789 4419 verum
820 4366 947 4434 quia
988 4382 1092 4421 non
1120 4365 1275 4420 aliter
1302 4367 1405 4421 hoc
1441 4366 1553 4431 ﬁet,
1585 4367 1688 4421 ait:
1713 4366 1835 4421 Non

249 4454 388 4521 quod
413 4470 508 4523 ego
526 4452 664 4517 volo,
694 4453 786 4507 sed
810 4455 950 4525 quod
972 4464 1049 4508 tu.
1077 4453 1233 4521 Quod
1273 4463 1453 4509 autem
1494 4454 1711 4510 Patrem
1750 4456 1835 4509 in-

250 4559 454 4599 vocans
478 4544 632 4613 juxta
662 4544 826 4598 alium
854 4544 1239 4615 evangelistam
1274 4544 1470 4615 duplici
1504 4545 1721 4599 nomine
1755 4545 1835 4599 di-

250 4634 347 4699 xit,
380 4633 527 4686 Abba
558 4632 740 4698 Pater,
774 4635 1053 4704 utriusque
1074 4635 1251 4706 pepuli
1277 4635 1427 4689 illum
1457 4643 1513 4689 et
1540 4633 1837 4691 ,1υάεείεεί-

250 4722 376 4777 licet
410 4731 469 4779 et
504 4724 717 4793 gentilis
741 4740 860 4780 esse
887 4724 1056 4780 Deum
1100 4741 1165 4779 ac
1200 4725 1534 4782 Salvatorem
1576 4727 1834 4782 ostendit.

249 4812 393 4868 lJcm
422 4830 657 4884 namque
685 4814 837 4870 Abba
858 4817 1001 4886 quod
1027 4823 1082 4871 et
1109 4816 1271 4871 Pater
1295 4817 1587 4887 signiﬁcat.
1622 4816 1729 4872 Sed
1745 4817 1836 4871 ab-

252 4904 313 4956 ba
344 4904 652 4973 llebrzeum,
678 4916 827 4975 pater
853 4906 1103 4961 Grzeeum
1142 4917 1224 4962 est
1261 4917 1313 4962 et
1347 4908 1619 4963 Latinum.
1649 4909 1720 4965 Ut
1750 4923 1836 4964 er-

254 5010 319 5065 go
356 5005 648 5066 utrumque
675 4998 924 5067 populum
954 4998 1006 5051 iu
1029 5013 1151 5053 eum
1175 4999 1528 5063 crediturum,
1581 5001 1650 5055 ab
1687 5010 1831 5055 utro-

254 5104 358 5157 que
383 5107 508 5146 eum
546 5092 904 5148 invocandum
948 5108 1068 5148 esse
1106 5093 1342 5156 doceret,
1382 5102 1611 5163 utraque
1652 5094 1831 5164 lingua

256 5194 375 5234 eum
399 5182 611 5252 primus
664 5184 779 5253 ipse
818 5185 1052 5239 invocat.
1086 5185 1203 5256 Ipse
1225 5193 1309 5239 est
1332 5185 1507 5240 bonus
1532 5194 1716 5255 pastor
1742 5186 1834 5255 qui

256 5271 493 5328 animam
523 5274 699 5330 dando
726 5290 824 5344 pro
845 5276 1038 5331 ovibus
1068 5276 1180 5330 suis
1205 5291 1370 5330 unum
1404 5275 1469 5330 de
1495 5276 1701 5331 duobus
1717 5293 1836 5348 gre-

256 5362 411 5431 gibus
455 5365 596 5422 ovile
645 5366 873 5437 perfecit
915 5366 1095 5441 (Joan.
1155 5366 1233 5439 ι).
1285 5366 1517 5439 Ideoque
1556 5369 1837 5439 utriusque

258 5466 387 5509 voce
426 5457 608 5528 gregis
644 5458 906 5513 auxilium
945 5458 1124 5514 Patris
1162 5458 1388 5529 ﬂagitat,
1415 5467 1473 5514 ut
1497 5476 1596 5516 nos
1622 5463 1838 5531 utrique

257 5544 502 5614 exemplo
525 5546 667 5602 illius
698 5546 995 5614 informati,
1028 5548 1120 5602 ubi
1150 5548 1380 5604 adversa
1411 5549 1698 5605 imminere
1724 5566 1844 5606 seu-

257 5633 486 5692 serimus
507 5654 607 5695 nos
631 5648 839 5710 patrem
872 5640 1059 5705 Deum,
1088 5638 1296 5696 Hebraei
1327 5642 1464 5696 abba
1502 5622 1870 5707 invocantem!-

263 5733 367 5777 tma
388 5723 590 5793 ﬁdeict
618 5730 898 5787 cbaritatis
926 5732 1207 5788 devotione
1256 5729 1568 5802 praesidium
1617 5732 1838 5787 cwlcstc

1861 4506 1914 4565 D

1956 1904 2023 1959 de
2050 1913 2104 1959 et
2136 1906 2189 1959 in
2218 1907 2466 1963 oratione
2500 1907 2782 1963 Dominica
2804 1909 3035 1966 dicimus
3062 1910 3181 1965 :Ne
3206 1927 3299 1966 nos
3324 1911 3548 1967 inducas

1953 1995 2011 2047 in
2040 1996 2399 2059 tentationem,
2426 2014 2584 2068 quam
2612 1998 2750 2068 ferre
2781 2016 2883 2055 non
2904 2018 3202 2071 possumus,
3227 2018 3335 2058 non
3364 2011 3542 2058 tenta-

1953 2082 2155 2139 tionem
2207 2086 2423 2154 penitus
2467 2087 2791 2153 refutantes,
2838 2091 2933 2145 sed
2975 2092 3120 2147 vires
3157 2094 3464 2149 sustinendi
3488 2096 3541 2149 in

1953 2174 2343 2231 tentationibus
2373 2177 2746 2249 deprecantes.
2778 2179 2920 2252 Ergo
2957 2189 3013 2235 et
3050 2182 3538 2253 impraesentiarum

1955 2281 2066 2321 non
2097 2266 2173 2321 ait
2211 2286 2222 2321 :
2271 2267 2496 2340 Vigilate
2519 2279 2569 2325 et
2594 2280 2741 2326 orate
2776 2287 2845 2327 ne
2877 2274 3181 2340 tentemini,
3225 2276 3319 2331 sed
3357 2292 3421 2332 ne
3451 2278 3536 2333 in-

1953 2360 2099 2414 tretis
2118 2360 2172 2414 in
2201 2363 2564 2429 tentationem,
2595 2364 2699 2420 hoc
2725 2372 2811 2420 est
2841 2381 2951 2422 non
2986 2366 3216 2423 tentatio
3246 2383 3342 2424 vos
3368 2384 3532 2439 supe«

1950 2457 2037 2503 ret
2061 2449 2269 2516 ultima,
2299 2459 2355 2506 et
2382 2451 2523 2507 intra
2545 2468 2673 2508 suos
2701 2469 2884 2509 casses
2917 2462 3116 2511 teneat.
3141 2453 3304 2512 Verbi
3336 2459 3541 2529 gratia,

1951 2548 2163 2612 martyr
2191 2542 2284 2612 qui
2307 2557 2404 2613 pro
2429 2544 2767 2599 confessione
2789 2545 3002 2600 Domini
3027 2547 3349 2616 sanguinem
3380 2547 3536 2611 fudit,

1951 2638 2191 2688 tentatus
2218 2635 2433 2703 quidem
2460 2642 2566 2700 est,
2602 2637 2696 2691 sed
2732 2636 3043 2692 tentationis
3079 2638 3282 2694 retibus
3318 2654 3427 2694 non
3469 2639 3537 2693 li-

1951 2732 2145 2797 gatus;
2178 2726 2271 2796 qui
2295 2734 2474 2782 autem
2506 2736 2690 2798 negat,
2725 2730 2780 2782 in
2810 2729 2995 2801 plagas
3021 2729 3335 2785 tentationis
3360 2728 3542 2786 incur-

1951 2815 2042 2870 fit.

2024 2905 2254 2979 Spiritus
2284 2909 2491 2982 quidem
2521 2917 2792 2981 promptus
2820 2922 2916 2973 est,
2942 2928 3067 2967 caro
3090 2920 3266 2968 autem
3298 2912 3533 2982 inﬁrma.

1950 2997 2085 3084 Hoc.
2142 3000 2429 3055 adversum
2478 3002 2798 3057 temerarios
2841 3003 3044 3058 dictum
3098 3012 3201 3069 est,
3247 3003 3339 3073 qui
3379 3004 3539 3074 quid-

1952 3089 2081 3158 quid
2115 3090 2474 3157 crediderint,
2531 3100 2725 3161 putant
2751 3107 2809 3147 se
2837 3094 3094 3163 consequi
3131 3110 3308 3165 posse.
3350 3095 3539 3164 Itaque

1952 3187 2213 3250 quantum
2238 3182 2305 3236 de
2338 3181 2531 3237 ardore
2586 3184 2785 3239 mentis
2828 3185 3170 3252 conﬁdimus,
3204 3195 3414 3241 tantum
3468 3187 3537 3243 de

1946 3276 2127 3331 carnis
2155 3274 2445 3347 fragilitate
2473 3277 2777 3335 timeamus.
2811 3278 2918 3335 Sed
2941 3288 3119 3335 tamen
3138 3278 3293 3349 juxta
3320 3290 3536 3351 aposto‘

1944 3364 2055 3420 lum
2084 3366 2278 3435 spiritu
2308 3368 2489 3422 carnis
2510 3382 2676 3437 opera
2704 3367 3118 3424 mortiﬁcantur.
3158 3368 3409 3442 (Bassa)
3433 3369 3535 3423 Fa-

1944 3458 2022 3514 cit
2070 3459 2162 3512 bic
2208 3456 2359 3514 locus
2407 3466 2460 3513 et
2488 3459 2777 3514 adversum
2807 3458 3195 3531 Eutychianos,
3227 3461 3318 3530 qni
3349 3461 3537 3518 dicunt

1943 3564 2106 3604 unam
2139 3549 2194 3604 in
2226 3550 2523 3606 mediatore
2554 3552 2649 3607 Dei
2671 3559 2729 3607 et
2754 3552 3058 3618 hominum,
3087 3553 3315 3610 Domino
3337 3561 3393 3608 et
3416 3552 3538 3609 Sal-

1943 3646 2132 3692 vatore
2160 3646 2347 3692 nostro
2372 3640 2765 3707 operationem,
2790 3654 2953 3694 unam
2982 3639 3148 3695 fuisse
3171 3641 3528 3699 voluntatem.

1943 3725 2077 3780 Cum
2105 3728 2246 3781 enim
2278 3727 2426 3791 dicit,
2457 3725 2686 3797 Spiritus
2709 3729 2918 3798 quidem
2939 3740 3211 3799 promptus
3244 3740 3343 3797 est,
3405 3749 3533 3788 caro

1943 3826 2119 3869 autem
2147 3816 2381 3884 inﬁrma,
2429 3817 2565 3871 duas
2607 3815 2914 3875 ’voluntates
2949 3821 3206 3887 ostendit,
3234 3821 3531 3879 humanam

1942 3906 2213 3973 videlicet,
2247 3922 2367 3977 qua:
2393 3917 2476 3962 est
2500 3908 2704 3973 carnis,
2734 3916 2790 3963 et
2813 3908 3072 3976 divinam,
3101 3927 3221 3981 quae
3251 3920 3334 3968 est
3359 3913 3531 3969 deita-

1944 3997 2049 4063 tis;
2080 3998 2171 4053 ubi
2202 3999 2437 4053 humana
2463 3999 2926 4071 quidem‘propter
2950 4001 3317 4058 inﬁrmitatem
3344 4007 3526 4067 carnis

1941 4099 2158 4144 recusat
2186 4089 2519 4160 passionem,
2551 4090 2734 4144 divina
2764 4100 2945 4145 autem
2981 4090 3098 4160 ejus
3126 4100 3209 4147 est
3233 4095 3528 4163 promptis-

1941 4179 2103 4245 sima,
2130 4180 2385 4250 quoniam
2414 4178 2708 4235 formidare
2737 4180 2954 4250 quidem
2980 4182 3034 4235 in
3058 4183 3309 4251 passione
3339 4184 3530 4239 huma-

1940 4285 2024 4324 nae
2077 4269 2387 4341 fragilitatis
2411 4279 2514 4337 est,
2547 4270 2821 4340 suscipere
2850 4280 3030 4327 autem
3068 4273 3525 4343 dispensationem

1938 4361 2229 4431 passionis,
2255 4361 2451 4416 divinae
2470 4361 2766 4417 voluntatis
2781 4369 2943 4431 atque
2960 4364 3176 4419 virtutis
3199 4373 3301 4419 est.
3330 4365 3524 4429 Aliter,

1941 4450 2010 4505 ad
2038 4464 2133 4505 eos
2161 4450 2250 4505 hic
2280 4464 2459 4505 sermo
2483 4466 2779 4506 conversus
2803 4461 2907 4516 est,
2933 4453 3101 4522 quise
3126 4455 3528 4524 spoponderant

1938 4556 2214 4611 nunquam
2240 4549 2556 4613 negaturos:
2583 4540 2797 4596 illorum
2821 4542 2965 4596 enim
2992 4542 3219 4613 spiritus
3239 4554 3525 4616 promptus

1940 4633 2035 4687 sed
2061 4648 2187 4689 caro
2214 4631 2427 4688 inﬁrma
2446 4641 2588 4698 erat,
2609 4632 2735 4702 quia
2757 4633 2997 4688 nondum
3019 4632 3193 4689 induti
3213 4643 3372 4690 erant
3409 4637 3522 4691 vir-

1940 4730 2054 4778 tute
2078 4738 2143 4777 ex
2174 4723 2302 4779 alto.

2010 4815 2212 4870 Iterum
2239 4816 2466 4869 secundo
2495 4815 2644 4880 abiit,
2671 4823 2719 4869 et
2743 4814 2934 4880 oravit,
2968 4814 3181 4870 dicens:
3222 4814 3388 4870 Pate"
3428 4818 3520 4882 mi,

1940 4911 1987 4963 si
2014 4926 2119 4963 non
2140 4918 2306 4980 potest
2346 4910 2429 4963 hic
2455 4908 2596 4963 calin:
2618 4908 2862 4972 transire,
2893 4908 2995 4961 nisi
3022 4908 3173 4962 illum
3198 4908 3394 4973 bibam,
3425 4909 3521 4977 ﬁat

1941 4998 2182 5053 voluntas
2230 5010 2340 5053 tua.
2380 4996 2648 5070 (Hieron.)
2712 4996 2959 5053 Secundo
2997 5006 3134 5062 erat,
3166 5006 3225 5051 ut
3250 4999 3295 5052 si
3330 4996 3523 5053 Ninive

1942 5090 2101 5145 aliter
2130 5090 2326 5146 salvari
2348 5105 2455 5145 non
2483 5097 2681 5159 potest,
2726 5090 2833 5146 nisi
2859 5089 3139 5144 cucurbita
3167 5088 3394 5153 aruerit,
3429 5089 3524 5142 ﬁat

1941 5182 2191 5239 voluntas
2215 5182 2547 5253 Palris,qu:e
2572 5180 2775 5238 non'est
2795 5180 3068 5237 contraria
3089 5178 3210 5233 Filii
3235 5180 3520 5247 voluntati,

1944 5274 2158 5329 dicente
2203 5274 2317 5343 ipso
2361 5288 2458 5344 per
2492 5272 2837 5343 PrOphetam,
2866 5280 2922 5324 ut
2949 5268 3171 5338 facerem
3205 5268 3517 5324 voluntatem

1944 5371 2111 5430 tuam,
2138 5361 2275 5415 Deus
2292 5378 2461 5429 meus,
2484 5362 2623 5416 volui
2650 5360 2821 5433 (Psal.
2847 5359 3019 5431 xxxx).
3044 5360 3337 5430 Diligenter
3358 5360 3521 5429 igitur

1940 5453 2331 5510 consideranda
2384 5460 2510 5507 sunt
2563 5451 2727 5507 verba
2784 5450 3014 5513 Domini,
3051 5466 3170 5521 qua:
3201 5451 3426 5521 protulit
3452 5450 3520 5507 dc

1940 5547 2300 5619 possibilitate
2325 5556 2380 5602 et
2401 5547 2678 5603 voluntate
2704 5544 2901 5609 Pal-ris,
2935 5543 3063 5613 quia
3090 5542 3421 5613 possibilitas
3466 5550 3523 5596 et

1942 5639 2188 5694 voluntas
2219 5638 2314 5693 Dei
2340 5636 2518 5691 Patris
2548 5636 2601 5690 in
2638 5633 2784 5689 nullo
2824 5634 3155 5688 discordant.
3206 5631 3374 5688 Porro
3424 5647 3522 5685 au-

1944 5722 2050 5787 tem
2079 5731 2291 5789 Marcus
2324 5731 2499 5802 primo
2528 5744 2593 5785 cx
2625 5727 2803 5783 verbis
2854 5726 2965 5784 suis
2993 5726 3133 5784 idem
3166 5725 3406 5782 narravit
3432 5740 3519 5781 ro-
