3998 6188
404 264 538 320 filii

1031 262 1092 318 Β.
1130 261 1381 318 RABANI
1419 260 1635 317 MAURI
1673 258 1986 315 ARCHIEP.
2028 257 2335 316 MOGUNT.
2378 260 2663 316 OPERUM
2701 258 2878 314 PARS
2912 260 2953 315 ῐ.

3491 256 3636 311 “1‘5

397 387 551 443 gasse
601 371 906 440 Dominum,
936 379 997 426 ut
1050 372 1094 427 si
1128 371 1243 427 ﬁeri
1287 379 1472 442 posset
1508 364 1763 426 transiret
1802 371 1871 426 ab
1898 384 1962 425 eo
1990 373 2040 435 Α
2067 377 2188 427 tens
2219 371 2487 444 obiurgat,
2512 374 2746 431 secundo
2771 375 2911 441 silet,
2945 377 3105 433 tertio
3131 376 3411 447 quiescere
3457 375 3641 447 jubet.

397 462 487 516 illa
510 463 660 526 liora,
684 462 737 516 id
762 473 845 517 est
868 461 1154 533 passionis,
1183 477 1343 532 quam
1373 460 1556 527 calicis
1595 476 1720 515 mox
1750 460 1963 515 nomine

398 552 739 622 signiﬁcavit.
780 552 987 606 Deinde
1017 554 1181 607 verba
1211 553 1325 621 ipsa
1353 552 1564 607 Domini
1600 552 1678 607 sic
1717 552 1964 606 enuntia-

395 642 473 693 vit
499 658 511 693 :
545 641 707 704 Abba,
741 638 923 705 Pater,
955 642 1129 695 omnia
1162 643 1254 695 tibi
1273 641 1541 711 possibilia
1565 652 1706 709 sunt,
1736 643 1966 712 transfer

396 730 605 781 calicem
652 729 788 781 hunc
816 746 848 781 a
884 746 978 782 me.
1009 729 1212 795 Quibus
1239 730 1421 783 verbis
1448 731 1491 784 si
1524 728 1781 802 adjungas
1820 730 1965 801 quod

398 821 468 872 illi
496 821 598 874 duo
633 821 905 885 dixerunt,
941 822 1042 875 hoc
1087 830 1170 875 est
1216 821 1499 875 Mittimus
1555 832 1610 876 et
1658 820 1853 889 Encas,
1910 830 1966 878 et

394 909 535 976 quod
572 911 733 962 etiam
774 910 887 978 ipse
914 910 1125 964 Marcus
1162 926 1228 964 ex
1253 926 1485 979 persona
1513 926 1607 965 sua
1637 912 1844 981 pariter
1869 928 1962 966 su-

394 1016 487 1069 pra
515 999 710 1068 posuit,
744 1001 813 1052 ita
841 1001 1107 1054 sententia
1139 1000 1547 1054 manifestatur:
1573 998 1755 1065 Pater,
1780 1003 1824 1054 si
1848 1002 1965 1069 ﬁeri

394 1101 558 1160 potest
588 1091 782 1161 (omnia
804 1093 939 1145 enim
966 1092 1059 1146 tibi
1087 1091 1354 1163 possibilia
1380 1092 1543 1167 sunt),
1574 1094 1802 1162 transfer
1836 1094 1965 1148 cali-

396 1195 503 1231 cem
532 1179 667 1232 hunc
690 1198 720 1232 a
750 1196 849 1233 me.
877 1180 952 1235 Ne
971 1183 1090 1250 quis
1115 1198 1236 1235 eum
1268 1190 1479 1251 putaret
1509 1182 1686 1238 Patris
1709 1185 1965 1239 minuisse

393 1277 737 1338 potestatem,
764 1286 886 1325 cum
910 1272 1003 1335 ait,
1046 1270 1105 1326 Si
1131 1273 1248 1340 fieri
1277 1283 1460 1343 potest,
1497 1290 1604 1327 non
1633 1275 1777 1329 enim
1809 1276 1961 1340 dixit,

397 1356 454 1411 Si
476 1357 655 1412 facere
683 1367 855 1428 potes,
879 1362 971 1414 sed
994 1362 1037 1412 si
1062 1362 1178 1430 ﬁeri
1200 1371 1387 1431 potest.
1415 1362 1557 1417 Fieri
1590 1372 1769 1419 autem
1791 1373 1967 1433 potest

394 1448 535 1517 quod
558 1448 646 1502 ille
666 1449 914 1503 voluerit.
946 1449 1036 1505 Sic
1060 1452 1243 1520 itaque
1282 1452 1484 1506 dictum
1520 1461 1604 1507 est
1628 1454 1675 1509 si
1709 1453 1821 1507 ﬁeri
1860 1468 1964 1524 po-

396 1544 520 1602 test,
547 1553 609 1590 ac
636 1541 680 1591 si
714 1539 1005 1603 diceretur,
1040 1539 1094 1593 Si
1123 1541 1224 1594 vis.
1261 1541 1620 1597 Manifestavit
1655 1544 1797 1598 enim
1828 1544 1968 1600 Mar-

394 1640 490 1679 cus
533 1641 639 1695 quo
688 1627 962 1683 intellectu
1013 1630 1384 1700 accipiendum
1412 1633 1519 1707 psit,
1558 1633 1616 1687 Si
1642 1635 1759 1704 fieri
1778 1646 1963 1707 potest,

394 1719 608 1786 quando
638 1721 744 1772 ait:
770 1719 958 1775 Omnia
983 1723 1074 1775 tibi
1095 1723 1365 1792 possibilia
1388 1735 1527 1779 sunt.
1558 1728 1623 1780 Et
1648 1728 1789 1798 quod
1819 1744 1966 1784 com-
1991 1715 2042 1780 Β

395 1819 831 1863 memoraverunt
858 1824 978 1863 cum
1002 1812 1215 1874 dixisse,
1252 1811 1440 1866 Verum
1464 1832 1565 1868 non
1585 1818 1725 1886 quod
1755 1835 1847 1889 ego
1884 1836 1970 1873 vo-

394 1897 467 1963 lo,
494 1898 583 1952 sed
609 1899 748 1968 quod
783 1908 858 1963 tu,
894 1902 1228 1956 tantumdem
1262 1903 1402 1957 valet
1431 1913 1688 1973 quantum
1729 1908 1771 1963 si
1799 1917 1854 1963 et
1895 1908 1968 1963 ita

395 1988 637 2042 dicatur:
669 1986 1039 2043 Verumtamen
1067 2006 1167 2043 non
1194 2007 1307 2045 mea
1337 1992 1595 2060 uoluntas,
1624 1996 1712 2049 sed
1736 2006 1824 2050 tua
1848 1998 1962 2067 ﬁat.

396 2077 538 2132 Satis
566 2079 800 2133 ostendit
838 2095 942 2134 non
971 2095 1038 2134 ex
1068 2080 1519 2151 impossibilitate,
1555 2088 1647 2141 sed
1674 2103 1741 2142 ex
1778 2090 1969 2146 volun-

394 2176 504 2223 tate
533 2169 681 2222 Patri
724 2169 925 2223 dictum
975 2185 1111 2235 esse,
1162 2172 1208 2225 si
1250 2172 1368 2241 ﬁeri
1418 2185 1622 2244 potest;
1670 2180 1965 2248 praesertim

394 2259 518 2327 quia
551 2258 725 2313 Lucas
750 2260 920 2314 ethoc
939 2258 1113 2329 ipsum
1142 2261 1353 2330 planius
1375 2264 1671 2335 intimavit;
1694 2285 1799 2324 non
1823 2271 1966 2325 enim

398 2350 494 2413 ait,
525 2349 583 2403 Si
616 2349 731 2404 ﬁeri
758 2358 954 2419 potest,
978 2351 1070 2405 sed
1099 2352 1145 2405 si
1166 2353 1259 2406 vis.
1284 2352 1387 2408 Cui
1419 2358 1653 2424 aperturi
1689 2361 1968 2417 sentcntiae

394 2442 631 2511 apertius
652 2439 895 2512 jungitur
917 2444 1059 2512 quod
1082 2442 1292 2500 Marcus
1316 2448 1514 2516 posuit,
1537 2460 1596 2503 ut
1621 2451 1693 2505 ita
1722 2451 1963 2508 dicatur:

396 2531 454 2587 Si
483 2533 581 2598 vis,
614 2533 789 2586 omnia
820 2534 955 2586 enim
976 2533 1069 2587 tibi
1088 2535 1358 2604 possibilia
1378 2547 1520 2603 sunt,
1548 2540 1777 2610 transfer
1817 2560 1849 2596 a
1885 2559 1968 2597 me

397 2622 611 2677 calicem
639 2624 813 2677 istum.

463 2713 531 2766 Et
583 2716 719 2768 venit
768 2716 954 2769 iterum
995 2726 1044 2770 et
1073 2718 1262 2773 invenit
1306 2736 1391 2774 eos
1426 2721 1763 2778 dormientes.
1797 2724 1966 2779 Erant

392 2808 527 2862 enim
556 2808 693 2862 oculi
719 2826 896 2863 eorum
920 2813 1140 2881 gravati.
1174 2811 1442 2887 (Hierom)
1497 2814 1657 2871 Solus
1702 2826 1824 2873 orat
1866 2834 1966 2888 pro

393 2902 663 2966 omnibus,
713 2902 853 2956 sicut
898 2911 951 2957 et
1000 2903 1144 2958 solus
1164 2905 1369 2973 patitur
1397 2921 1494 2974 pro
1515 2908 1813 2964 universis:
1854 2910 1965 2964 lan-

395 2990 721 3059 guescebant
772 2999 950 3045 autem
996 3000 1050 3046 et
1106 2994 1547 3062 opprimebantur
1596 2999 1963 3069 apostolorum

390 3077 531 3132 oculi
571 3079 855 3149 negatione
880 3081 1075 3135 vicina.

460 3169 552 3236 Et,
582 3172 772 3226 relictis
807 3173 933 3239 illis,
961 3175 1147 3229 iterum
1176 3178 1323 3245 abiit,
1356 3188 1404 3233 et
1433 3182 1597 3235 orarit
1621 3184 1794 3250 tertio,
1822 3200 1965 3239 eum-

388 3260 504 3314 dem
532 3277 817 3316 sermonem
839 3263 1034 3319 dicens.
1065 3265 1355 3341 (MAURUS.)
1391 3269 1585 3327 Tribus
1621 3273 1833 3331 vicibus
1856 3277 1963 3332 Do-

391 3349 569 3403 minus
595 3351 788 3416 oravit,
814 3360 871 3405 ut
903 3352 1058 3407 nobis
1084 3354 1484 3412 demonstraret
1529 3360 1676 3413 omni
1726 3370 1965 3432 tempore

388 3442 621 3495 orationi
654 3441 982 3510 instandum,
1015 3453 1076 3499 et
1107 3445 1451 3502 clementiam
1482 3450 1719 3505 divinam
1748 3469 1965 3523 semper

388 3546 510 3586 esse
534 3531 950 3600 deprecandam,
986 3543 1252 3605 quatenus
1301 3537 1367 3592 de
1396 3541 1683 3608 praeteritis
1726 3546 1964 3613 peccatis

384 3622 622 3688 veniam,
646 3629 700 3678 et
745 3638 776 3677 a
815 3624 1171 3694 praesentibus
1206 3627 1364 3683 malis
1402 3629 1644 3696 tutelam,
1690 3640 1854 3702 atque
1898 3634 1963 3691 de

384 3712 580 3768 futuris
610 3716 862 3785 periculis
887 3718 1571 3792 cautelam,tribuat,utque
1592 3741 1860 3782 memores
1883 3728 1960 3782 si-

385 3818 506 3857 mus
537 3804 588 3857 in
614 3806 827 3860 nomine
856 3815 1057 3862 sancta:
1083 3808 1387 3875 Trinitatis,
1419 3812 1617 3869 divinis
1647 3832 1958 3873 sacramen-

386 3894 457 3947 tis
486 3911 585 3950 nos
637 3911 756 3951 esse
793 3908 1073 3967 reparatos
1111 3909 1167 3955 et
1200 3900 1508 3958 Christiana
1554 3906 1815 3978 religione
1863 3909 1963 3963 im-

383 3987 561 4043 butos.
596 3986 949 4059 Sciamusque
980 4007 1192 4047 omnem
1218 4004 1416 4049 nostra:
1440 3999 1703 4054 orationis
1732 4000 1960 4057 formam

385 4078 452 4133 ad
500 4079 738 4145 Patrem,
780 4091 835 4136 et
883 4067 1100 4148 Filium,
1141 4093 1193 4139 et
1236 4086 1495 4156 Spiritum
1526 4100 1768 4146 sanctum
1794 4110 1959 4149 unum

382 4168 550 4222 Deum
582 4173 1005 4240 omnipotentem
1042 4174 1400 4244 dirigendam,
1435 4187 1489 4231 ut
1521 4180 1717 4251 integer
1744 4182 1958 4251 spiritus

382 4270 574 4325 noster,
624 4270 671 4313 et
708 4264 884 4315 anima
927 4272 975 4316 et
1022 4280 1210 4333 corpus
1259 4267 1370 4320 sine
1409 4268 1620 4339 querela
1650 4271 1701 4323 in
1734 4272 1955 4327 adventu

379 4348 769 4407 Domininostri
791 4352 921 4407 Iesu
943 4351 1136 4408 Christi
1163 4356 1463 4429 seruetisr(I
1498 4356 1740 4432 Thes.v).
1770 4360 1952 4435 [Aug]

379 4440 509 4495 Item
549 4442 689 4497 sicut
720 4436 946 4501 tentatio
970 4448 1283 4516 cupiditatis
1310 4452 1446 4506 trina
1484 4462 1587 4517 est,
1620 4454 1692 4507 ita
1725 4459 1954 4512 tentatio

379 4531 591 4585 timoris
617 4533 757 4585 trina
788 4544 889 4589 est.
921 4535 1213 4606 Cupiditati
1252 4556 1370 4610 qua:
1405 4550 1490 4597 est
1524 4545 1580 4597 in
1634 4545 1951 4603 curiositate

376 4622 665 4689 opponitur
686 4622 849 4677 timor
880 4627 1106 4692 mortis;
1135 4629 1279 4682 sicut
1329 4630 1474 4684 enim
1529 4632 1581 4685 in
1627 4632 1717 4687 illa
1748 4649 1948 4703 cogno-

375 4712 697 4766 scendorum
754 4727 933 4766 rerum
983 4724 1069 4768 est
1112 4718 1338 4772 aviditas
1370 4760 1385 4783 ,
1435 4720 1507 4774 ita
1547 4721 1600 4776 in
1642 4723 1743 4777 ista
1779 4733 1952 4780 metus

373 4800 682 4855 amittenda:
714 4798 834 4855 talis
881 4804 1107 4858 notitiae.
1159 4804 1450 4877 Cupiditati
1492 4823 1620 4864 vero
1659 4811 1945 4880 honorum,

375 4893 455 4947 vel
477 4892 648 4947 laudis
669 4894 961 4963 opponitur
990 4896 1153 4952 timor
1180 4898 1486 4969 ignominiae
1511 4912 1564 4956 et
1590 4904 1941 4958 contumelia-

370 4998 525 5038 rum:
555 4984 836 5052 cupiditati
880 4996 1058 5039 autem
1117 4988 1403 5057 voluptatis
1441 4993 1731 5060 opponitur
1788 4993 1948 5049 timor

368 5074 588 5129 doloris.
619 5072 733 5128 Non
759 5076 989 5131 absurde
1017 5088 1146 5147 ergo
1168 5078 1483 5148 intelligitur
1504 5088 1724 5150 propter
1750 5081 1944 5136 trinam

371 5164 715 5218 tentationem
730 5166 1017 5235 passionis,
1047 5176 1128 5221 ter
1150 5169 1431 5223 Dominum
1451 5184 1661 5235 orasse;
1684 5178 1742 5225 ut
1769 5180 1945 5227 trans-

366 5253 472 5309 iret
496 5254 660 5322 calix,
691 5257 785 5311 sed
810 5258 884 5312 ita
923 5267 983 5312 ut
1008 5264 1183 5329 potius
1214 5261 1529 5332 impleretur
1562 5264 1809 5343 voluntas
1839 5252 1944 5319 Pa-

365 5345 485 5401 tris.
1692 5428 1697 5433 _

437 5440 583 5494 Tum:
616 5443 750 5497 uenit
781 5442 855 5496 ad
890 5443 1176 5513 discipulos
1215 5461 1360 5509 suos,
1390 5455 1437 5499 et
1464 5444 1591 5498 dicit
1618 5445 1755 5501 illis:
1808 5445 1942 5500 Dor-

364 5529 486 5583 mite
499 5530 640 5599 jam,
678 5542 724 5585 et
756 5535 1080 5603 requiescite.
1111 5533 1344 5606 (Hilam)
1365 5535 1515 5601 Quod
1544 5545 1723 5592 autem
1754 5538 1821 5591 ad
1846 5553 1941 5593 eos

365 5628 640 5676 revertens
678 5622 1115 5694 dormientesque
1154 5626 1447 5696 reperiens,
1487 5627 1721 5696 primum
1753 5643 1936 5683 rever-

1982 4403 2032 4462 D

2067 462 2205 517 ratio
2257 462 2360 517 ista
2413 472 2516 528 est,
2568 465 2714 533 quod
2756 466 2991 536 primum
3028 475 3151 537 post
3179 469 3644 524 resurrectionem

2064 550 2336 622 dispersos
2358 568 2472 620 eos,
2504 562 2559 608 et
2586 553 2907 620 diﬁidentes,
2924 563 2979 609 et
3000 557 3239 626 trepidos
3260 557 3637 627 reprehendit;

2064 643 2298 701 secundo
2315 644 2479 700 misso
2496 644 2699 715 Spiritu
2722 645 2995 716 paracleto
3016 656 3268 718 gravatos
3289 648 3358 703 ad
3382 658 3644 704 contuen-

2064 733 2185 788 dam
2218 734 2493 805 Evangelii
2520 736 2827 793 libertatem
2856 738 3042 794 oculos
3077 739 3336 805 visitavit,
3375 756 3502 795 nam
3539 742 3640 796 ali—

2062 823 2296 891 quandiu
2327 824 2457 895 legis
2482 841 2665 881 amore
2692 826 2895 883 detenti
2919 828 3153 898 quodam
3186 828 3308 883 ﬁdei
3338 845 3529 886 somno
3549 846 3642 885 oc-

2063 913 2241 980 cupati
2267 921 2420 976 sunt;
2450 915 2607 970 tertio
2633 930 2781 983 vero,
2814 917 2867 971 id
2888 925 2992 985 est,
3025 918 3292 975 claritatis
3321 934 3430 975 sua:
3458 921 3635 975 reditu

2065 1002 2351 1057 securitate
2378 1018 2471 1057 eos
2498 1004 2666 1059 auieti
2699 1006 2953 1061 restituit.

2134 1128 2270 1185 Ecce
2290 1133 2720 1203 appropinquabit
2747 1136 2896 1195 liora.
2922 1146 2971 1191 et
2996 1134 3173 1193 Filius
3204 1138 3433 1194 hominis
3454 1144 3637 1194 trade-

2064 1230 2149 1273 tur
2184 1221 2239 1274 in
2268 1238 2454 1276 manus
2482 1234 2831 1292 peccatorum.
2871 1224 3105 1299 Surgite,
3143 1246 3357 1293 eamus;
3394 1248 3510 1285 ecce
3546 1250 3642 1301 ap-

2064 1310 2427 1381 propinquabit
2445 1313 2536 1381 qui
2564 1329 2643 1367 me
2662 1315 2852 1369 tradet.
2883 1315 3064 1389 (Aug.)
3093 1319 3321 1374 Videtur
3341 1306 3642 1377 hicsermo

2065 1399 2357 1455 secundum
2380 1400 2689 1457 Mattbaeum
2731 1412 2990 1475 tanquam
3028 1408 3132 1463 sibi
3172 1409 3274 1479 ipsi
3305 1413 3639 1477 contrarius,

2064 1489 2205 1556 quod
2230 1498 2352 1560 post
2371 1491 2581 1546 tertiam
2607 1494 2908 1553 orationem
2931 1498 3078 1552 venit
3105 1499 3175 1554 ad
3194 1500 3488 1571 discipulos
3512 1519 3643 1559 suos

2066 1590 2120 1635 et
2139 1579 2270 1638 dicit
2299 1581 2405 1638 illis
2428 1601 2441 1636 :
2477 1582 2715 1641 Dormits
2737 1586 2857 1657 jam
2877 1597 2928 1643 et
2953 1590 3269 1661 requiescite,
3287 1609 3414 1648 cum
3440 1611 3644 1650 conne-

2069 1682 2209 1729 ctat:
2234 1673 2370 1730 Ecce
2392 1679 2826 1750 appmpiuquabit
2836 1682 2991 1748 hora,
3008 1692 3056 1737 et
3080 1681 3131 1735 F
3131 1683 3258 1741 ilius
3277 1686 3501 1742 hominis
3522 1699 3639 1741 tra-

2068 1762 2222 1817 detur
2263 1765 2319 1819 ia
2352 1782 2540 1822 manus
2576 1779 2927 1840 peccatorum.
2966 1771 3208 1844 Surgite,
3262 1793 3477 1840 eamus;
3523 1796 3645 1835 ecce

2069 1855 2499 1928 appropinquabit
2525 1859 2616 1930 qui
2645 1876 2726 1915 me
2753 1863 2941 1918 tradet.
2968 1862 3250 1930 Quomodo
3283 1866 3430 1925 enim
3474 1884 3638 1939 supra

2069 1945 2233 2010 dicat,
2247 1946 2479 2002 Dormite
2491 1950 2629 2019 jam,
2644 1961 2695 2006 et
2710 1953 3026 2024 requiescite,
3040 1971 3163 2011 cum
3178 1968 3482 2023 oonneetat,
3504 1959 3642 2014 Ecce

2068 2038 2497 2110 appropinquabit
2526 2041 2677 2107 hora,
2714 2051 2770 2097 et
2812 2044 2932 2101 ideo
2954 2043 3117 2111 dicat,
3159 2045 3389 2118 Surgite,
3417 2053 3645 2103 eamus?

2068 2126 2184 2194 Qua
2210 2127 2354 2183 velut
2382 2134 2734 2202 repugnantia
2768 2137 3043 2203 commoti,
3077 2138 3165 2207 qui
3196 2137 3397 2208 legunt,
3426 2153 3636 2194 conan-

2069 2226 2157 2272 tur
2179 2219 2252 2273 ita
2280 2223 2629 2291 pronuntiare
2650 2225 2791 2295 quod
2814 2226 3016 2282 dictum
3040 2237 3122 2283 est
3146 2246 3158 2282 :
3189 2229 3423 2287 Dormite
3450 2231 3569 2300 jam
3592 2242 3637 2285 et

2068 2312 2388 2381 requiescite,
2439 2322 2690 2385 tanquam
2726 2317 2795 2372 ab
2823 2320 3205 2388 exprobrante,
3227 2338 3331 2377 non
3358 2339 3389 2376 a
3416 2325 3641 2393 permit-

2068 2408 2213 2456 tente
2238 2402 2305 2456 sit
2325 2404 2547 2459 dictum.
2580 2407 2731 2474 Quod
2770 2419 2916 2464 recte
2949 2410 3099 2465 ﬁeret
3124 2411 3170 2466 si
3196 2419 3340 2467 esset
3385 2428 3633 2471 necesse.

2066 2490 2199 2547 Cum
2213 2508 2340 2549 vero
2352 2494 2563 2550 Marcus
2576 2497 2649 2551 ita
2675 2498 2778 2553 hoc
2807 2503 3312 2558 comm’emoraverit
3329 2510 3389 2560 ut
3408 2520 3529 2560 cum
3553 2505 3641 2558 di-

2065 2584 2233 2640 xisset
2258 2604 2271 2640 :
2305 2586 2540 2642 Dormite
2553 2590 2671 2659 jam
2700 2600 2746 2644 et
2775 2593 3091 2662 requiescite,
3120 2593 3454 2666 adiungeret,
3481 2596 3639 2667 Suffi—

2066 2677 2134 2731 cit
2156 2694 2175 2742 ;
2202 2684 2257 2733 et
2283 2678 2475 2735 deinde
2500 2679 2744 2746 inferret,
2771 2680 2923 2737 Venit
2943 2684 3095 2751 hora,
3129 2702 3245 2741 cccc
3280 2687 3519 2742 tradetur
3539 2686 3640 2741 Fi-

2066 2766 2169 2822 lius
2190 2767 2439 2833 hominis,
2471 2769 2657 2839 utique
2681 2770 3000 2843 intelligitur
3011 2781 3131 2843 post
3156 2773 3283 2829 illud
3294 2775 3437 2844 quod
3456 2776 3537 2831 eis
3556 2775 3641 2831 di-

2067 2865 2214 2912 ctum
2241 2866 2345 2923 est,
2372 2857 2607 2914 Domita
2627 2860 2741 2930 jam
2780 2871 2829 2916 et
2859 2866 3179 2934 requiescite,
3208 2865 3421 2923 siluisse
3447 2866 3638 2923 Domi—

2066 2960 2195 3000 num
2215 2945 2547 3017 aliquantum
2569 2958 2628 3004 ut
2640 2951 2738 3007 hoc
2753 2951 2904 3009 fieret
2917 2954 3058 3023 quod
3079 2956 3416 3026 permiserat,
3435 2966 3490 3015 et
3509 2968 3640 3014 tunc

2068 3034 2311 3094 intulisse
2342 3052 2357 3092 :
2406 3039 2543 3095 Ecce
2578 3044 3011 3115 appropinquabit
3051 3047 3204 3103 hora.
3244 3048 3367 3104 Ideo
3392 3057 3513 3119 post
3546 3049 3640 3104 illa

2067 3128 2232 3183 verba
2258 3129 2551 3184 secundum
2580 3130 2814 3188 Marcum
2837 3135 3069 3203 positum
3098 3145 3200 3203 est,
3228 3137 3519 3209 Suﬁtcitﬁd
3530 3148 3641 3207 est,

2066 3220 2209 3289 quod
2249 3221 2591 3291 requievistis
2631 3222 2745 3293 jam
2770 3225 2983 3282 sullieit.
3026 3226 3133 3283 Sed
3161 3229 3284 3298 quia
3312 3245 3645 3288 commemo—

2065 3320 2184 3367 rata
2220 3328 2328 3369 non
2374 3323 2459 3368 est
2488 3313 2603 3383 ipsa
2643 3316 2980 3386 interpositio
3010 3319 3207 3377 silentii
3246 3320 3481 3387 Domini,
3508 3337 3641 3391 pro—

2063 3412 2247 3473 pterea
2276 3412 2521 3460 coarctat
2543 3405 2895 3473 intellectum,
2926 3418 2987 3465 ut
3020 3408 3124 3465 illis
3157 3411 3337 3467 verbis
3363 3412 3467 3467 alia
3512 3428 3645 3483 pro-

2064 3491 2333 3570 nuntiatio
2360 3495 2686 3565 requiratur.
2712 3496 2980 3570 (Hierom)
3004 3498 3293 3570 Postquam
3321 3517 3448 3572 ergo
3474 3504 3639 3558 tertio

2062 3591 2332 3651 oraverat,
2355 3592 2411 3640 et
2431 3587 2791 3655 apostolon
2816 3590 3336 3663 timoremsequente
3363 3594 3631 3664 paeniten-

2065 3671 2138 3725 tia
2167 3672 2549 3743 impetraverat
2575 3678 2950 3749 corrigendum
2978 3694 3219 3746 securus,
3270 3683 3337 3738 de
3386 3684 3641 3754 passione

2063 3775 2160 3815 sua
2188 3763 2364 3834 pergit
2404 3765 2471 3820 ad
2496 3776 2892 3837 persecutores,
2942 3780 2998 3827 et
3046 3773 3190 3829 ultro
3220 3789 3279 3829 se
3308 3774 3642 3830 interﬁcien-

2062 3851 2187 3905 dum
2228 3853 2450 3922 praabet,
2498 3846 2735 3927 dicitque
2776 3860 3085 3931 discipulis:
3143 3862 3373 3935 Surgite,
3413 3882 3637 3932 eamus;

2060 3959 2175 3997 ecce
2193 3945 2283 4015 qui
2317 3963 2397 4001 me
2424 3948 2592 4003 tradet
2610 3967 2769 4022 prope
2791 3962 2899 4019 est;
2929 3970 3035 4010 non
3066 3971 3164 4011 nos
3194 3957 3471 4013 inveniant
3491 3976 3635 4029 qua-

2060 4033 2106 4087 si
2134 4034 2383 4091 timentes
2432 4047 2486 4092 et
2516 4050 2867 4099 retractantes
2893 4060 2907 4108 ;
2937 4044 3078 4101 ultro
3100 4061 3382 4118 pergamus
3406 4051 3470 4103 ad
3495 4065 3643 4104 mor—

2061 4130 2190 4189 tem,
2223 4136 2281 4180 ut
2309 4128 2688 4185 conﬁdentiam
2719 4142 2774 4186 et
2802 4133 3054 4203 gaudium
3090 4138 3299 4206 passuri
3329 4139 3556 4192 videant.

2129 4255 2297 4330 [νη]
2324 4259 2506 4313 Adhuc
2553 4262 2662 4330 ipso
2713 4262 2972 4337 loquente,
3033 4286 3147 4323 ecce
3193 4270 3364 4324 ludas
3396 4288 3529 4325 unus
3566 4274 3637 4326 de

2057 4350 2328 4405 duodecim
2355 4353 2574 4417 venit,et
2605 4372 2721 4408 cum
2746 4372 2803 4410 eo
2826 4359 2979 4412 turba
3010 4359 3175 4413 multa
3212 4378 3328 4413 cum
3350 4361 3541 4431 gladiis
3573 4374 3627 4416 et

2058 4440 2285 4511 fustibus
2307 4444 2451 4498 missi
2474 4462 2504 4497 a
2526 4446 2844 4517 principibus
2885 4451 3213 4504 sacerdotum
3246 4462 3295 4505 et
3337 4451 3630 4508 senioribus

2056 4531 2254 4602 populi.
2310 4534 2493 4608 (Aug)
2544 4536 2778 4593 Joannes
2826 4541 3153 4611 evangelista
3192 4554 3545 4614 posteaquam
3574 4546 3635 4599 in

2056 4622 2273 4679 hortum
2295 4626 2595 4698 ingressum
2613 4630 2742 4685 dicit
2759 4647 2881 4686 cum
2897 4632 3169 4702 discipulis
3190 4635 3325 4698 suis,
3354 4650 3457 4697 non
3479 4650 3636 4688 com-

2056 4726 2319 4772 memorat
2347 4720 2475 4788 quid
2512 4720 2621 4775 illic
2643 4724 2834 4793 egerit,
2860 4725 3030 4781 donec
3053 4726 3170 4798 ejus
3219 4727 3451 4781 traditor
3502 4741 3631 4780 cum

2055 4805 2253 4865 Judazis
2279 4810 2347 4864 ad
2371 4826 2495 4865 eum
2538 4816 3099 4885 comprehendendum
3139 4819 3367 4873 venerit.
3396 4819 3630 4889 (litium)

2054 4896 2354 4954 Concordat
2383 4902 2577 4971 quippe
2605 4903 2807 4959 tactum
2836 4905 2988 4961 Judm
3027 4907 3186 4964 simul
3215 4923 3338 4961 cum
3369 4909 3630 4963 mutatio-

2052 5006 2119 5046 ne
2148 4993 2343 5047 mcntis
2381 4993 2514 5061 ejus.
2546 4995 2789 5061 Quandiu
2818 5000 2959 5053 enim
2990 5016 3109 5055 cum
3151 5003 3362 5056 caeteris
3412 5010 3631 5071 aposto-

2050 5080 2116 5136 lis
2145 5092 2362 5137 secutus
2394 5093 2476 5139 est
2498 5083 2854 5151 Salvatorcm,
2887 5090 3227 5160 tranquillius
3256 5092 3466 5163 agebat.
3485 5091 3628 5158 Quia

2050 5170 2411 5226 innocentiam
2440 5173 2745 5241 simulabat,
2770 5178 3031 5235 sanitates
3059 5180 3458 5237 inﬁrmantibus
3484 5198 3629 5254 prte-

2047 5260 2241 5325 stabat,
2283 5262 2408 5333 quia
2440 5261 2735 5320 Salvatoris
2764 5282 2822 5321 se
2850 5268 3071 5323 missum
3111 5285 3233 5326 esse
3271 5272 3505 5328 dicebat.
3551 5270 3628 5327 At

2045 5367 2167 5407 cum
2201 5352 2513 5409 deseruerat
2538 5358 2689 5426 pacis
2716 5359 3019 5426 consilium,
3044 5368 3097 5415 et
3120 5363 3240 5433 agni
3272 5364 3623 5418 mitissimum

2046 5441 2357 5509 transitum,
2394 5445 2590 5513 spretis
2612 5447 2851 5514 paciﬁcis
2877 5448 3170 5516 sodalibus,
3202 5450 3433 5509 funestis
3464 5467 3618 5508 asso-

2042 5533 2215 5588 ciatus
2242 5541 2324 5588 est
2356 5534 2632 5604 militibus,
2666 5536 2972 5607 relictisque
3013 5541 3179 5596 armis
3214 5542 3470 5598 vitalibus
3491 5557 3616 5614 pcr-

2040 5626 2117 5697 git
2160 5635 2345 5682 contra
2395 5627 2710 5699 magistrum
2775 5644 2895 5683 cum
2938 5628 3185 5686 fustibus.
3229 5631 3312 5686 Ad
3338 5641 3618 5689 auctorem
