3998 6188
231 310 371 369 ΗΠ

1150 307 1505 363 (ἸΟΜΜΕΧΤ.
1545 307 1610 361 IN
1647 306 2084 365 MATTIUEUM.
2123 343 2193 352 —
2232 314 2359 371 LIB.
2403 314 2532 371 VIII.

3332 325 3468 380 IIIS

226 428 354 485 vita:
383 428 610 484 accessit
643 442 762 481 cum
789 424 1133 480 meditatione
1174 426 1384 480 mortis.
1426 426 1578 481 Unde
1614 431 1670 480 et
1712 438 1800 480 se-
1828 425 1879 485 Α
1906 440 1994 477 rus
2019 423 2423 494 interpretatur.
2451 427 2600 494 Quod
2628 436 2807 485 autem
2839 446 3026 487 servus
3073 433 3318 489 inventus
3362 445 3467 502 est,

227 520 412 588 quitur
435 535 449 573 :

298 608 400 675 Qui
427 620 596 662 autem
626 608 837 660 tradidit
868 624 983 662 cum
1010 608 1152 661 dedit
1182 607 1287 662 illis
1332 609 1537 678 signum
1582 608 1796 662 dicens:

229 697 594 767 Quemcunque
614 696 876 751 osculatus
894 697 1064 766 fuero,
1077 698 1182 767 ipse
1198 706 1292 761 est,
1307 707 1472 751 tenete
1491 714 1627 751 eum.
1647 696 1801 769 (Hie-

225 787 374 851 ron.)
407 786 565 841 Miser
597 784 762 840 Iudas
786 796 841 842 et
875 794 1052 841 tamen
1080 802 1187 841 non
1217 786 1561 852 miserabilis,
1611 786 1798 841 eadem

225 879 540 934 inﬁdelitate
562 893 666 947 qua
694 879 976 932 Dominum
1008 885 1062 932 et
1084 878 1398 947 magistrum
1429 877 1672 941 tradidit,
1695 892 1797 946 pu-

224 972 374 1023 tabat
399 970 547 1039 signa
571 983 690 1037 qua:
715 966 1044 1021 Salvatorem
1087 967 1292 1022 viderat
1346 965 1634 1021 facientem
1691 979 1798 1019 non

222 1060 507 1129 majestate
535 1059 733 1120 divina,
765 1056 858 1112 sed
885 1057 1107 1126 magicis
1135 1058 1342 1112 artibus
1379 1056 1541 1111 facta.
1590 1054 1657 1109 Et
1705 1053 1798 1122 qui

220 1165 344 1204 eum
370 1148 509 1203 forte
530 1148 773 1203 audierat
797 1148 851 1203 in
879 1158 1059 1203 monte
1091 1146 1548 1218 transﬁguratum,
1573 1145 1798 1201 timebat

219 1254 286 1293 ne
313 1240 472 1294 simili
518 1238 988 1295 transformatione
1029 1238 1298 1293 laberetur
1316 1252 1382 1292 ex
1409 1238 1654 1292 manibus
1698 1237 1799 1291 mi-

218 1329 532 1383 nistrorum.
591 1330 690 1382 Dat
729 1343 856 1398 ergo
906 1328 1116 1398 signum
1157 1336 1218 1382 ut
1246 1327 1421 1383 sciant
1453 1326 1630 1396 ipsum
1676 1341 1797 1381 esse

217 1434 377 1488 quem
406 1420 589 1476 osculo
617 1420 1026 1474 demonstraret.

290 1512 359 1565 Et
382 1512 647 1581 confestim
676 1512 922 1566 accedens
952 1511 1020 1565 ad
1042 1509 1224 1564 Iesum
1247 1509 1380 1564 dixit
1408 1526 1422 1562 :
1447 1507 1575 1573 Ave,
1598 1506 1793 1572 Rabbi;

214 1602 551 1658 «osculatus
572 1611 645 1657 est
667 1618 806 1656 eum.
859 1601 1143 1672 Impudens
1193 1599 1409 1669 quidem
1457 1606 1511 1652 et
1532 1596 1794 1653 scelerata

214 1690 543 1747 conﬁdentia
565 1693 879 1764 magistrum
895 1705 1108 1756 vocare,
1133 1699 1187 1745 et
1207 1690 1449 1746 osculum
1470 1690 1519 1744 ei
1546 1690 1789 1759 ingerere

1896 523 1953 569 et
1976 516 2078 570 hoc
2105 517 2339 585 pertinet
2368 519 2434 572 ad
2463 519 2606 573 illam
2631 528 2972 588 vetustatem,
3018 540 3137 593 quae
3160 526 3212 579 in
3242 528 3471 581 servitu—

1898 612 2006 658 tem
2034 613 2276 674 generat,
2307 608 2448 675 quod
2476 617 2563 662 est
2583 609 2727 678 Agar
2749 609 2900 680 (Gal.
2926 611 3033 683 IV).
3089 613 3193 669 Sed
3222 630 3341 670 cum
3374 632 3479 672 ac-

1897 693 2153 748 cessisset
2179 695 2400 761 sanitas,
2431 695 2652 765 ﬁgurata
2682 706 2764 753 est
2784 708 2839 753 et
2864 700 3101 755 libertas.

1971 782 2116 837 Tunc
2143 785 2215 838 ait
2237 784 2317 838 illi
2335 784 2490 840 Iesus
2514 800 2533 837 :
2555 786 2806 860 Converte
2842 789 3072 859 gladium
3116 804 3262 847 tuum
3284 798 3337 848 in
3390 796 3470 847 lo-

1897 888 2016 928 cum
2036 890 2210 928 suum.
2235 874 2481 946 (ΜΑυιι.)
2522 875 2600 930 Ac
2621 878 2665 931 si
2691 878 2914 934 dixisset
2941 900 2953 933 :
2978 881 3162 937 Cesset
3209 887 3464 947 vindicta,

1897 965 2143 1019 remissio
2171 965 2445 1035 largiatur.
2472 966 2720 1037 Oportuit
2751 971 2895 1025 enim
2946 980 3003 1025 ut
3046 983 3231 1029 auctor
3283 978 3463 1045 gratim

1895 1054 2150 1124 populum
2179 1057 2545 1126 evangelicum
2579 1075 2678 1114 suo
2719 1062 2962 1131 exemplo
3009 1066 3323 1132 patientiam
3374 1069 3467 1122 do-

1897 1153 2065 1211 ceret,
2087 1153 2143 1199 et
2167 1147 2343 1215 potius
2368 1149 2435 1203 ad
2466 1150 2836 1206 sustinendum
2864 1152 3078 1208 fortiter
3110 1155 3332 1209 adversa
3383 1157 3467 1210 in-

1896 1241 2148 1300 strueret,
2180 1252 2342 1305 quam
2371 1238 2437 1293 ad
2469 1240 2846 1295 vindicandum
2891 1254 3227 1313 provocaret.
3280 1245 3370 1301 Sic
3414 1256 3468 1301 et

1894 1323 2091 1381 Paulus
2129 1328 2299 1383 dicit:
2335 1329 2456 1385 Non
2498 1348 2588 1385 vos
2626 1332 2971 1401 defendentes,
3021 1337 3333 1401 charissimi,
3377 1342 3467 1393 sed

1894 1416 2013 1471 date
2039 1417 2210 1472 locum
2236 1421 2329 1474 ira:
2351 1437 2371 1475 :
2404 1422 2652 1492 scriptum
2677 1434 2750 1477 est
2790 1428 2926 1478 enim
2946 1439 2965 1477 :
2992 1426 3125 1480 Mihi
3163 1427 3462 1493 vindictam,

1893 1522 1985 1577 ego
2008 1509 2290 1563 retribuam
2317 1511 2443 1565 dicit
2470 1511 2725 1567 Dominus
2756 1512 2943 1589 (Rom.
2970 1514 3100 1585 xtl).
3156 1516 3309 1573 Unde
3344 1526 3400 1573 et
3436 1533 3467 1573 e

1894 1597 2163 1653 contrario
2184 1599 2431 1656 subditur

1965 1688 2156 1745 Omnes
2172 1694 2305 1746 enim
2326 1694 2418 1763 qui
2437 1704 2740 1765 acceperunt
2753 1694 2986 1766 gladium
3008 1695 3186 1767 gladio
3205 1698 3464 1768 peribunt.

213 1799 375 1853 quem
408 1786 685 1850 tradebat;
716 1792 893 1839 tamen
923 1785 1096 1839 adhuc
1126 1784 1324 1853 aliquid
1355 1782 1516 1839 habet
1544 1783 1611 1839 de
1640 1799 1792 1838 vere—
1817 1765 1867 1825 Β
1894 1780 2007 1836 Hoc
2033 1790 2136 1847 est,
2167 1798 2353 1838 omnes
2381 1786 2471 1854 qui
2499 1765 2815 1856 semctipsos
2844 1788 2962 1842 vice
3010 1765 3230 1842 talionis
3281 1789 3465 1842 ulcisci

212 1877 410 1930 cundia
438 1876 704 1945 discipuli,
728 1892 849 1931 cum
874 1892 980 1931 non
1010 1891 1134 1931 eum
1156 1876 1329 1944 palam
1360 1874 1580 1929 tradidit
1608 1888 1792 1943 perse-

211 1968 519 2031 cutoribus,
548 1967 641 2022 sed
671 1982 769 2035 per
791 1964 1016 2038 lsignum
1060 1966 1247 2022 osculi.
1305 1963 1506 2035 (Rara)
1557 1962 1793 2031 Suscipit

209 2065 395 2110 autem
428 2056 683 2111 Dominus
709 2057 951 2112 osculum
974 2055 1265 2119 traditoris,
1287 2069 1393 2108 non
1413 2069 1520 2124 quo
1538 2052 1795 2108 simulare

209 2160 311 2199 nos
342 2146 548 2208 doceat,
574 2147 668 2199 scd
696 2162 764 2199 ne
786 2146 1140 2214 proditionem
1165 2144 1351 2215 fugere
1398 2144 1662 2210 videatur,
1713 2144 1791 2199 si-

209 2235 324 2289 mul
351 2244 407 2289 et
434 2236 559 2289 illud
586 2235 895 2290 Davidicum
939 2235 1213 2304 complens
1246 2251 1259 2287 :
1289 2231 1419 2288 Cum
1439 2234 1519 2289 his
1547 2235 1637 2305 qui
1665 2237 1791 2288 ode-

209 2336 333 2380 runt
359 2343 537 2396 pacem
559 2343 702 2381 eram
732 2326 982 2396 paciﬁcus
1012 2324 1194 2395 (Psal.
1224 2327 1406 2395 crux).

285 2418 530 2488 Dixitque
564 2417 643 2471 illi
671 2417 829 2472 Iesus
865 2418 1103 2483 :Amice,
1129 2417 1198 2469 ad
1224 2416 1351 2487 quid
1379 2416 1565 2470 venisti
1585 2415 1612 2470 2
1647 2414 1690 2469 Τ
1691 2430 1792 2469 unc

209 2517 534 2563 accesserunt
562 2517 608 2561 et
637 2524 825 2562 manus
860 2506 1146 2576 iujecerunt
1191 2506 1244 2559 in
1286 2504 1490 2570 Iesum,
1531 2514 1579 2558 et
1618 2513 1794 2558 tenue-

210 2607 332 2650 runt
376 2613 515 2650 eum.
547 2594 838 2667 (Hierom)
871 2594 1104 2650 Verbum
1145 2595 1303 2648 amici
1342 2597 1471 2650 κατά
1497 2596 1792 2671 coemam

210 2697 294 2742 est
330 2688 752 2759 intelligendum,
784 2687 865 2742 vel
893 2695 1041 2742 certe
1062 2686 1216 2755 juxta
1261 2686 1390 2741 illud
1436 2686 1579 2755 quod
1627 2700 1792 2755 supra

209 2779 487 2851 legimus:
526 2781 719 2843 Amice,
757 2779 1017 2850 quomodo
1059 2779 1161 2833 huc
1202 2779 1409 2833 intrasti
1450 2795 1554 2832 non
1599 2777 1794 2832 habens

209 2879 400 2923 restem
431 2869 713 2939 nuptialem
730 2870 756 2922 ?

283 2959 350 3013 Et
377 2976 492 3014 ecce
511 2975 646 3013 unus
666 2974 731 3013 ea:
767 2958 849 3014 his
887 2959 1146 3029 quierant
1189 2972 1308 3012 cum
1344 2956 1474 3011 Iesu
1515 2955 1793 3012 extendens

213 3066 431 3105 manum
471 3050 661 3104 exemit
708 3046 939 3118 gladium
969 3063 1145 3113 suum,
1194 3056 1243 3102 et
1288 3046 1540 3119 percussit
1588 3062 1791 3101 seruum

1894 1870 1949 1923 in
1982 1872 2233 1939 prtesenti
2256 1872 2581 1937 desiderant,
2610 1889 2717 1928 non
2740 1882 3015 1929 merentur
3040 1890 3069 1927 a
3108 1876 3334 1929 Domino
3383 1876 3466 1929 ul-

1893 1960 2045 2025 cisci,
2081 1961 2174 2016 sed
2207 1976 2419 2031 poenam
2470 1963 2571 2017 sibi
2606 1963 2966 2019 damnationis
3010 1964 3355 2032 amplilicant.
3408 1965 3465 2017 In

1893 2051 2013 2107 aliis
2036 2053 2179 2107 enim
2207 2053 2610 2122 exemplaribus
2638 2053 2834 2124 legitur
2865 2073 2877 2107 :
2909 2052 3098 2108 Omnes
3125 2056 3213 2124 qui
3252 2071 3463 2124 percus-

1891 2142 2051 2196 serint
2071 2141 2268 2212 gladio,
2290 2142 2465 2213 gladio
2494 2144 2798 2198 morientur.
2854 2142 3058 2216 (Λείᾳ.)
3103 2144 3273 2211 Quam
3317 2146 3468 2199 multi

1892 2234 2071 2306 gladio
2106 2236 2415 2304 percutiunt
2446 2249 2547 2289 nec
2587 2243 2763 2289 tamen
2808 2236 2861 2290 in
2910 2235 3085 2304 gladio
3132 2236 3473 2290 moriuntur?

1891 2324 2032 2379 sicut
2059 2340 2231 2395 neque
2259 2325 2373 2395 ipse
2400 2323 2609 2381 Petrus.
2640 2323 2746 2383 Sed
2784 2341 2849 2384 ne
2889 2327 3051 2383 istum
3093 2325 3271 2385 dicere
3315 2328 3469 2386 venia

1890 2422 2233 2482 peccatorum
2256 2414 2417 2469 talem
2437 2416 2671 2470 evasisse
2692 2430 2905 2486 poenam
2929 2419 3049 2487 quis
3070 2419 3471 2488 potest?Quan-

1893 2518 2054 2573 quam
2079 2505 2217 2559 nihil
2238 2505 2542 2571 absurdius,
2570 2521 2734 2576 quam
2758 2514 2817 2561 ut
2841 2508 3099 2578 majorem
3120 2518 3272 2579 putet
3297 2511 3474 2579 gladio

1890 2608 2108 2664 pmnam
2135 2609 2256 2650 esse
2281 2596 2518 2663 potuisse
2538 2610 2657 2665 quae
2690 2595 2850 2651 Petro
2896 2612 3002 2651 non
3047 2599 3260 2663 accidit,
3313 2615 3475 2668 quam

1894 2685 2073 2741 crucis
2093 2700 2213 2755 quae
2245 2686 2461 2742 accidit.
2503 2685 2641 2752 Quid
2673 2695 2852 2741 tamen
2883 2688 2950 2742 de
2969 2686 3275 2743 latronibus
3296 2690 3471 2745 dictu-

1894 2793 1990 2833 rus
2010 2786 2094 2834 est
2118 2778 2210 2847 qui
2236 2793 2359 2832 cum
2382 2778 2611 2833 Domino
2633 2778 2876 2833 cruciﬁxi
2906 2780 3070 2835 sunt?
3093 2780 3230 2847 Quia
3283 2789 3338 2835 et
3385 2782 3475 2837 ille

1894 2868 1987 2939 qui
2015 2867 2215 2923 meruit
2243 2868 2479 2934 veniam,
2514 2876 2865 2939 posteaquam
2896 2869 3185 2925 cruciﬁxus
3232 2878 3316 2925 est
3362 2887 3474 2927 me-

1893 2957 2026 3025 ruit,
2053 2968 2110 3012 et
2138 2958 2276 3014 alter
2300 2958 2520 3013 omnino
2548 2974 2656 3013 non
2698 2960 2913 3014 meruit.
2970 2959 3052 3013 An
3100 2958 3237 3015 forte
3289 2975 3474 3016 omnes

1895 3063 2032 3119 quos
2077 3049 2390 3105 occiderant
2431 3050 2838 3116 cruciﬁxerant,
2877 3061 2932 3105 et
2960 3061 3245 3122 propterea
3294 3061 3473 3107 autem

206 3143 461 3212 principis
488 3139 838 3204 sacerdotum,
894 3150 945 3194 et
986 3141 1273 3210 amputavit
1318 3139 1612 3195 auriculam
1651 3140 1786 3209 ejus.
1815 3128 1862 3189 C
1893 3138 1995 3209 ipsi
2017 3138 2177 3193 etiam
2198 3140 2308 3210 pati
2339 3140 2687 3195 meruerant?
2714 3140 3015 3195 Ridiculum
3038 3144 3241 3197 esthoc
3260 3152 3470 3211 putare.

211 3230 421 3302 (ΚΑΒ.)
473 3229 667 3283 Petrus
693 3229 795 3283 hoc
816 3228 945 3284 fecit
972 3236 1033 3282 ut
1056 3226 1292 3282 Joannes
1335 3228 1662 3299 evangelista
1702 3229 1795 3284 de-

206 3324 400 3389 clarat,
430 3323 617 3378 eodem
645 3321 900 3376 nimirum
928 3323 1121 3378 mentis
1148 3323 1341 3377 ardore
1361 3338 1468 3392 quo
1493 3331 1688 3378 caetera
1716 3320 1795 3378 fe-

206 3423 378 3469 cerat.
432 3414 647 3469 Sciebat
672 3413 817 3468 enim
839 3413 1105 3482 quomodo
1130 3413 1361 3468 Phinees
1387 3413 1657 3481 puniendo
1700 3428 1790 3469 sa-

207 3505 440 3574 crilegos
461 3504 757 3559 mercedem
777 3502 1002 3570 justitize
1029 3511 1083 3556 et
1104 3502 1390 3557 sacerdotii
1415 3503 1671 3572 perennis
1701 3517 1794 3557 ac-

207 3605 426 3665 ceperat
453 3594 653 3666 (Num.
678 3592 832 3663 xxv).
858 3592 1030 3648 Lucas
1056 3600 1233 3647 autem
1256 3592 1425 3658 addit,
1452 3594 1595 3662 quod
1614 3594 1795 3648 Domi-

209 3705 312 3743 nus
351 3696 577 3758 tangens
611 3685 908 3740 auriculam
933 3684 1076 3740 servi
1121 3686 1393 3739 sanaverit
1441 3700 1585 3739 eum.
1641 3685 1792 3738 Nun-

209 3794 373 3848 quam
404 3793 533 3849 ergo
557 3777 770 3846 pietatis
804 3792 914 3832 sua:
942 3776 1198 3830 Dominus
1215 3775 1568 3840 obliviscitur,
1592 3776 1688 3843 qui
1740 3783 1797 3829 et

210 3870 395 3924 hostes
423 3882 551 3923 suos
575 3882 682 3921 non
707 3865 909 3934 patitur
936 3863 1227 3919 vulnerari.
1280 3862 1359 3918 Illi
1383 3861 1531 3932 justo
1566 3870 1796 3918 mortem

212 3962 470 4025 inferunt,
487 3960 601 4027 ipse
627 3964 1036 4025 persecuturum
1060 3953 1283 4008 vulnera
1307 3960 1481 4006 sanat.
1506 3950 1525 4024 (
1549 3950 1795 4023 Venant.)

211 4049 368 4105 quta
419 4048 724 4117 allegoriam
752 4059 879 4100 vero
898 4058 1085 4099 servus
1110 4051 1193 4098 est
1220 4042 1445 4113 populus
1489 4040 1798 4097 Judzeorum

213 4139 544 4208 principibus
578 4136 919 4191 sacerdotum
969 4133 1207 4188 indebito
1253 4132 1593 4201 mancipatus
1641 4132 1798 4187 obse-

214 4232 359 4299 quio,
383 4231 521 4284 adeo
542 4237 599 4283 ut
621 4242 806 4283 eorum
833 4241 992 4281 suasu
1014 4224 1314 4280 Barabbam
1346 4224 1563 4287 dimitti,
1612 4222 1795 4278 Iesum

214 4339 360 4387 vero,
392 4337 554 4393 quem
579 4319 737 4390 paulo
765 4328 890 4373 ante
931 4318 1185 4373 IIosanna
1228 4316 1573 4371 concinentes
1629 4313 1796 4368 ﬁlium

1894 3228 2032 3296 Quid
2058 3244 2189 3301 ergo
2220 3230 2365 3284 aliud
2391 3230 2595 3286 dictum
2624 3239 2727 3303 est,
2756 3229 2942 3284 Omnis
2982 3232 3120 3285 enim
3167 3232 3254 3303 qui
3299 3232 3474 3303 gladio

1891 3318 2200 3388 percusserit
2226 3317 2401 3388 gladio
2427 3302 2717 3375 morietur?
2757 3319 2857 3375 nisi
2907 3321 3036 3389 quia
3084 3322 3200 3391 ipso
3255 3302 3476 3393 peccato

1893 3407 2073 3460 anima
2097 3407 2331 3461 moritur
2361 3407 2718 3479 quodcunque
2748 3412 3041 3467 commisit.

1962 3499 2045 3551 An
2067 3507 2221 3568 putas
2240 3500 2363 3569 quia
2389 3516 2491 3555 non
2512 3518 2725 3571 possum
2755 3519 2939 3573 rogare
2965 3502 3180 3558 Patrem
3210 3522 3400 3572 meum,
3428 3516 3485 3560 et

1892 3588 2147 3642 exhibebit
2170 3591 2299 3642 mihi
2341 3590 2459 3658 plus
2503 3608 2658 3659 quam
2704 3592 2974 3645 duodecim
3014 3593 3239 3661 legiones
3269 3595 3478 3664 angelo-

1896 3675 2361 3745 rum?(Hieron.)
2401 3676 2480 3730 Ac
2511 3678 2556 3730 si
2595 3685 2847 3746 patenter
2888 3679 3072 3732 dicat:
3104 3679 3218 3733 Non
3264 3682 3475 3752 indigeo

1896 3763 2177 3818 duodecim
2222 3763 2587 3833 apostolorum
2629 3766 2851 3830 auxilio,
2899 3766 3113 3821 etiamsi
3151 3784 3338 3824 omnes
3388 3788 3493 3827 me:

1896 3853 2264 3919 defenderent,
2294 3854 2385 3923 qui
2421 3869 2637 3923 possum
2667 3856 2867 3911 habere
2910 3857 3192 3912 duodecim
3238 3859 3477 3930 legiones

1897 3950 2123 4019 angelici
2151 3950 2440 4004 exercitus.
2474 3949 2591 4005 Una
2613 3950 2807 4020 quippe
2830 3950 2968 4023 legio
2990 3952 3127 4022 apud
3146 3962 3361 4010 veteres
3381 3971 3473 4012 sex

1897 4039 2132 4095 millibus
2160 4039 2527 4109 complebatur
2552 4039 2854 4095 homintnn.
2909 4040 3015 4095 Sed
3063 4057 3163 4111 pro
3213 4044 3475 4099 brevitate

1899 4133 2155 4200 temporis
2184 4149 2465 4189 numerum
2501 4149 2604 4188 non
2652 4134 2987 4189 occurrimus
3033 4134 3319 4203 explicare.
3370 4136 3476 4207 Ty-

1897 4238 2025 4292 pum
2062 4230 2272 4278 tantum
2308 4224 2509 4279 dixisse
2537 4222 2783 4288 suﬁiciat,
2809 4224 3146 4294 septuaginta
3173 4224 3277 4278 duo
3305 4224 3469 4278 millia

1901 4312 2237 4384 angelorum,
2277 4312 2332 4366 in
2359 4321 2488 4382 quot
2513 4318 2701 4382 gentes
2749 4310 2931 4381 lingua
2977 4311 3253 4365 hominum
3303 4312 3472 4367 divisa

216 4413 379 4467 David
406 4392 695 4483 regemque
716 4408 1043 4473 clamabant,
1086 4413 1336 4476 peterent
1374 4403 1639 4473 cruciﬁgi.
1695 4392 1799 4471 Qui
1827 4469 1874 4483 ﬁ
1902 4415 2008 4471 est,
2040 4406 2107 4460 de
2126 4404 2405 4460 duodecim
2455 4402 2753 4473 legionibus
2809 4402 3043 4456 ﬁerizin
3093 4418 3203 4473 quo
3249 4403 3477 4459 latenter

218 4504 270 4557 in
293 4469 504 4559 Dominvi
534 4469 785 4572 passione
805 4469 1421 4562 dexteram-auriculam,
1463 4494 1515 4551 id
1539 4469 1642 4559 est,
1693 4469 1802 4564 spi-
1823 4469 1879 4530 D
1904 4469 2144 4553 inn-uitur
2175 4496 2316 4567 quod
2345 4509 2450 4549 non
2472 4469 2795 4564 magnopere
2814 4469 3129 4549 curandum
3148 4494 3239 4559 sit,
3301 4508 3476 4562 neque

219 4594 429 4649 ritalem
463 4593 599 4662 legis
629 4589 1036 4659 intelligentiam
1067 4586 1322 4657 perdidit,
1349 4586 1567 4641 sinistra
1590 4591 1800 4640 tantum

219 4685 315 4740 hoc
353 4695 437 4741 est
482 4685 711 4739 utilitate
754 4682 945 4735 litterze
989 4688 1276 4735 contentus
1318 4695 1331 4731 :
1376 4692 1497 4747 quae
1555 4676 1804 4732 videlicet

222 4780 361 4834 auris
395 4779 543 4834 Petri
574 4777 747 4848 gladio
778 4776 1060 4838 deciditur,
1113 4789 1221 4831 non
1259 4772 1402 4843 quod
1444 4772 1532 4829 ille
1584 4787 1802 4827 sensum

222 4867 553 4937 intelligendi
580 4866 925 4921 audientibus
980 4864 1154 4930 tollat,
1202 4864 1296 4918 sed
1338 4862 1520 4917 divino
1562 4862 1799 4918 ablatum

217 4958 414 5026 judicio
440 4959 830 5029 negligentibus
867 4956 1087 5026 pandat.
1122 4956 1322 5012 Verum
1370 4953 1558 5009 eadem
1610 4954 1800 5008 dextra

224 5053 366 5105 auris
393 5054 446 5106 iu
474 5051 557 5104 his
590 5050 680 5118 qui
709 5064 776 5102 ex
796 5049 983 5103 eodem
1014 5044 1211 5115 populo
1234 5044 1455 5098 credere
1474 5041 1797 5105 mahterunt,

226 5141 412 5197 divina:
434 5140 742 5209 dignatione
770 5138 985 5208 pietatis
1016 5136 1241 5206 pristino
1271 5142 1352 5188 est
1389 5133 1637 5188 restituta
1685 5129 1802 5185 olli—

227 5229 326 5282 cio.
375 5231 566 5295 Aliter,
593 5230 739 5284 auris
767 5243 864 5299 pro
879 5226 1116 5282 'Dotnino
1143 5231 1417 5295 amputata
1446 5231 1503 5279 et
1524 5238 1555 5278 a
1575 5220 1802 5277 Domino

229 5326 406 5373 sanata
440 5318 709 5389 signiﬁcat
748 5318 984 5371 auditum
1030 5314 1208 5369 ablata
1259 5321 1526 5369 vetustate
1571 5326 1802 5367 renova-

231 5414 360 5474 tum,
387 5419 447 5464 ut
464 5411 537 5467 sit
558 5410 612 5463 in
638 5409 870 5464 novitate
892 5407 1112 5477 Spiritus
1134 5417 1189 5462 et
1208 5421 1315 5461 non
1338 5404 1395 5458 in
1416 5410 1685 5459 vetustate
1716 5402 1803 5458 lit-

235 5507 376 5559 terae.
407 5504 558 5571 Quod
594 5504 680 5559 cui
721 5502 1019 5572 praestitum
1065 5498 1276 5554 fuerita
1306 5497 1540 5560 Christo,
1580 5502 1802 5565 praesta-

232 5591 374 5647 bitur
391 5604 446 5650 et
473 5610 698 5667 regnare
717 5590 837 5649 cum
859 5592 1094 5647 Christo.
1132 5590 1282 5646 Unde
1309 5590 1444 5643 bene
1463 5595 1516 5644 et
1540 5585 1797 5650 Malchus,

238 5697 338 5752 Quo
363 5688 566 5745 nomine
595 5701 777 5743 servus
808 5684 891 5738 ille
919 5682 1227 5745 vocabatur,
1262 5697 1349 5734 rex
1389 5680 1500 5735 sive
1547 5687 1796 5749 regnatu-

1905 4589 2194 4646 verendum
2221 4586 2475 4658 apostolis
2492 4587 2537 4641 si
2556 4594 2744 4642 contra
2780 4585 3116 4642 Salvatorem
3145 4595 3475 4657 consurgant

1902 4694 2091 4735 omnes
2118 4678 2363 4749 nationes
2393 4676 2654 4748 gentium,
2675 4691 2798 4731 cum
2822 4676 2988 4732 multo
3012 4674 3262 4730 fortiores
3282 4676 3479 4731 habeat

1902 4774 2017 4842 ipse
2042 4771 2313 4827 exercitus
2339 4769 2671 4839 angelorum.
2698 4767 2872 4822 Aliter
2893 4775 3070 4822 autem
3100 4766 3365 4838 signiﬁcat
3389 4767 3480 4821 hic

1874 4877 2158 4918 .numerus
2180 4876 2341 4917 omne
2366 4875 2533 4931 genus
2560 4858 2862 4922 hominum,
2905 4872 3030 4912 cum
3080 4856 3325 4914 Romano
3372 4857 3476 4910 im-

1900 4954 2070 5024 perio,
2103 4954 2360 5006 adversus
2388 4949 2707 5005 sceleratam
2728 4957 2943 5016 gentem
2965 4944 3268 4999 Iudaeorum
3302 4953 3480 4998 cerui-

1906 5052 2103 5098 turum.
2144 5040 2209 5095 Hi
2230 5049 2355 5094 sunt
2380 5038 2554 5108 angeli
2583 5037 2679 5092 Dei
2712 5036 2804 5107 qui
2832 5036 2929 5090 Dei
2956 5039 3319 5091 exercuerunt
3340 5032 3479 5101 judi-

1903 5133 2070 5197 cium,
2097 5130 2310 5201 quando
2335 5137 2457 5198 post
2479 5144 2631 5183 suam
2671 5126 3119 5183 resurrectionem
3147 5138 3291 5177 anno
3342 5136 3476 5189 qua-

1904 5219 2209 5292 dragesimo
2258 5218 2493 5274 secundo
2519 5257 2534 5284 ,
2562 5224 2621 5272 ut
2642 5216 3007 5272 ecclesiastica
3032 5220 3261 5267 testatur
3291 5209 3474 5266 Histo-

1906 5312 2008 5377 ria,
2033 5327 2157 5367 cum
2182 5309 2513 5380 Vespasiano
2525 5317 2581 5365 et
2593 5307 2713 5363 Tito
2726 5306 2951 5362 ducibus
2963 5304 3328 5360 Romanorum
3352 5300 3477 5356 mis-

1898 5404 1973 5460 sis
1993 5402 2319 5458 exercitibus
2342 5401 2580 5471 gentium
2608 5413 2743 5469 quos
2770 5398 2872 5453 hoc
2897 5395 3017 5450 loco
3050 5394 3268 5465 angelos
3293 5392 3476 5447 Domi-

1897 5509 1999 5549 nus
2022 5493 2191 5548 voluit
2219 5492 2520 5555 nominare,
2550 5486 2781 5560 perdidit
2807 5486 3106 5543 homicidas
3135 5484 3274 5549 illos,
3308 5491 3361 5538 et
3399 5482 3467 5536 cio

1898 5584 2120 5638 vitatem
2150 5581 2367 5636 illorum
2395 5578 2690 5637 succendit.
2718 5576 2814 5632 llis
2833 5576 3013 5631 verbis
3036 5574 3251 5644 adjungi
3278 5581 3489 5644 potest.

1898 5672 2039 5744 quod
2067 5672 2217 5728 illum
2269 5686 2334 5727 eo
2384 5672 2503 5728 loco
2545 5670 2776 5725 Joannes
2821 5668 3017 5723 dixisse
3069 5674 3484 5731 commemorat,
