4002 6188
421 254 553 321 [HQ

1004 306 1011 313 .
1069 251 1128 305 Β.
1173 249 1433 309 RABANI
1471 250 1690 309 MAURI
1728 245 2045 305 ARCHIEP.
2092 244 2401 302 MOGUNT.
2445 243 2731 301 OPERUM
2769 242 2949 302 PARS
2986 246 3028 303 Ι.

3558 250 3714 305 ιιειν

415 377 641 432 Calicem
665 389 815 443 quem
839 370 977 425 dedit
1002 368 1125 425 mihi
1160 371 1339 436 Pater,
1365 387 1466 425 non
1504 371 1580 425 vis
1626 379 1680 424 ut
1722 368 1893 423 bibam
1939 364 2005 419 il-
2033 367 2082 427 Α
2112 371 2224 419 tum
2247 365 2346 420 sibi
2376 366 2579 436 absque
2627 367 2822 422 merito
2868 366 3145 437 dignitatis
3184 368 3381 423 emerit
3427 370 3602 440 pretio
3639 370 3715 424 ali

416 467 566 521 lum?
593 466 765 523 Tunc,
792 462 931 516 sicut
965 463 1136 519 Lucas
1169 471 1380 527 narrat,
1404 462 1580 533 tetigit
1621 459 1918 515 auriculam
1945 457 2009 512 il-

414 563 520 617 lius
549 560 639 631 qui
665 571 950 630 percussus
987 561 1182 624 fuerat,
1215 566 1268 613 et
1308 558 1519 613 sanavit
1566 571 1711 611 eum.
1744 552 2008 624 Sequens

415 666 545 721 ergo
574 646 837 705 sententia
871 666 975 720 qua
1005 649 1232 703 dicitur:

490 740 761 805 Quomodo
819 757 940 811 ergo
1001 738 1352 808 implebantur
1424 736 1733 806 Scriptum,
1778 735 1901 806 quia
1935 735 2011 788 sic

418 840 618 901 oportet
659 833 1154 902 ﬁeri?promptum
1201 830 1269 882 ad
1316 828 1624 897 patiendum
1679 827 2015 880 demonstrat

419 922 660 981 animum
691 926 833 995 quod
864 923 1062 977 frustra
1095 921 1372 993 prophetas
1397 919 1714 982 cecinerint,
1755 917 1858 972 nisi
1910 916 2017 972 Do-

423 1018 602 1071 minus
625 1030 720 1070 eos
748 1031 874 1069 vera
902 1013 1101 1067 dixisse
1129 1010 1379 1081 passione
1404 1023 1500 1063 sua
1535 1008 1851 1063 asseruerit.

507 1108 561 1165 In
587 1105 679 1159 illa
708 1106 836 1159 hora
871 1102 1027 1157 Iesus
1072 1101 1203 1154 dixit
1228 1098 1391 1153 turbis
1412 1116 1429 1153 :
1448 1098 1718 1169 Tanquam
1748 1098 1817 1152 ad
1845 1096 2013 1152 latro-

424 1213 539 1252 nem
567 1196 772 1250 uenistis
815 1210 932 1247 cum
975 1191 1163 1263 gladiis
1212 1199 1260 1244 et
1311 1188 1536 1259 fustibus
1585 1187 2016 1259 comprehendere

422 1306 521 1350 me,
547 1286 778 1358 quotidie
803 1284 942 1355 apud
967 1301 1053 1338 vos
1094 1282 1335 1336 sedebam
1388 1281 1578 1336 docens
1623 1282 1677 1334 in
1718 1278 1931 1350 templo,
1967 1288 2017 1333 et

427 1396 529 1433 non
572 1394 654 1431 me
702 1376 959 1430 tenuistis.
1012 1374 1244 1429 Stultum
1305 1382 1407 1436 est,
1466 1373 1660 1444 inquit,
1717 1387 1840 1427 eum
1894 1387 2016 1428 cum

2112 455 2345 524 Herode,
2400 458 2645 529 principe
2676 458 2942 514 Romano.
2980 457 3097 514 Non
3136 473 3265 532 ergo
3305 461 3501 515 mirum
3539 471 3629 516 est
3668 462 3713 516 si

2112 549 2332 619 iniquus
2357 549 2597 620 pontifex
2624 550 2808 619 inique
2831 549 3059 617 iudicat.

2187 640 2379 696 Petrus
2401 651 2575 697 autem
2596 642 2906 713 sequebatur
2931 659 3049 696 eum
3066 660 3097 700 ιι
3110 641 3255 713 longe
3267 644 3499 714 usquein
3515 644 3717 697 atrium

2113 732 2362 803 principis
2404 734 2758 788 sacerdotum.
2805 733 2998 789 Merito
3025 733 3237 804 alonge
3256 734 3588 803 sequebatur
3618 734 3715 803 qui

2107 824 2221 895 jam
2248 823 2526 895 proximus
2544 829 2663 876 erat
2683 830 2964 893 negatum.
2990 821 3177 892 Neque
3196 822 3339 877 enim
3365 837 3566 893 negare
3584 838 3718 891 pos-

2116 924 2203 974 set
2250 917 2294 973 si
2329 916 2552 972 Cbristo
2584 915 2865 984 proximus
2910 914 3249 969 adhaesisset.
3280 912 3483 969 Verum
3514 913 3584 968 in.
3612 916 3719 968 hoc

2115 1008 2351 1064 maxima
2389 1007 2546 1063 nobis
2568 1014 2652 1061 est
2678 1006 3037 1062 admiratione
3064 1005 3408 1060 venerandus
3435 1006 3577 1075 quod
3602 1006 3703 1060 Dc»

2117 1101 2322 1156 minum
2348 1115 2455 1155 non
2483 1098 2704 1168 reliquit
2731 1098 2897 1153 etiam
2926 1097 3051 1153 eum
3090 1096 3324 1151 timeret.
3382 1095 3533 1163 Quod
3565 1098 3714 1151 enim

2117 1193 2272 1249 timet
2318 1199 2525 1247 natura;
2557 1199 2662 1255 est,
2710 1191 2854 1261 quod
2900 1190 3144 1259 sequitur
3186 1188 3509 1251 devotionis,
3570 1189 3717 1256 quod

2118 1290 2279 1355 negat
2307 1282 2658 1352 obreptionis,
2684 1282 2828 1352 quod
2852 1280 3077 1351 pmnitet
3104 1277 3248 1334 ﬁdei.
3290 1276 3497 1350 (Aug.)
3521 1277 3716 1339 Aliter.

2119 1376 2262 1446 quod
2284 1376 2351 1430 ad
2378 1374 2683 1445 passionem
2712 1380 2933 1428 euntem
2953 1371 3243 1427 Dominum
3276 1385 3307 1424 a
3336 1369 3493 1440 longe
3528 1371 3715 1438 sequi~

422 1471 617 1541 gladiis
661 1477 717 1524 et
759 1468 987 1523 fustibus
1014 1481 1274 1536 quaerere,
1299 1467 1389 1536 qui
1423 1466 1563 1521 ultro
1607 1481 1665 1521 se
1692 1466 1887 1522 vestris
1913 1474 2023 1521 tra-
2121 1474 2210 1521 tur
2235 1464 2449 1531 Petrus,
2490 1462 2828 1535 signiﬁcabat
2870 1460 3174 1517 Eeclesiam
3227 1467 3536 1515 secuturam
3589 1461 3716 1530 qui-

423 1563 519 1617 dat
552 1562 822 1616 manibus.
862 1560 929 1614 Et
956 1559 1009 1613 in
1038 1566 1196 1613 nocte
1225 1556 1380 1626 quasi
1405 1556 2019 1613 latitantemetvestros
2121 1558 2268 1623 dem,
2325 1556 2430 1612 hoc
2479 1563 2564 1611 est
2616 1555 2953 1610 imitaturam
2999 1553 3277 1623 passiones
3326 1553 3564 1615 Domini,
3624 1554 3719 1607 sed

426 1652 610 1708 oculos
640 1651 1019 1716 declinantem,
1057 1665 1156 1720 per
1175 1649 1504 1720 proditorem
1533 1648 1880 1719 investigare,
1926 1648 2019 1719 qui
2048 1712 2090 1720 _
2121 1647 2280 1719 longe
2317 1646 2652 1702 dill'erenter.
2692 1644 2937 1701 Ecclesia
2992 1644 3137 1699 enim
3180 1658 3281 1714 pro
3311 1658 3371 1699 se
3396 1643 3622 1713 patitur,
3665 1653 3717 1696 at

434 1741 667 1810 1uotidie
687 1742 740 1794 in
767 1740 967 1809 templo
997 1712 1208 1794 doceat.
1246 1737 1351 1793 Sed
1380 1737 1501 1793 ideo
1531 1712 1817 1793 adversum
1846 1712 2017 1795 tne-in
2046 1712 2095 1773 Β
2122 1712 2347 1807 ille'pro
2382 1734 2646 1791 Ecclesia.

432 1830 668 1887 tenebris
691 1828 1112 1900 congregamini,
1136 1828 1262 1897 quia
1288 1835 1528 1897 potestas
1551 1836 1733 1883 vestra
1755 1828 1810 1883 in
1869 1837 2019 1885 tene-

428 1922 542 1977 bris
567 1928 670 1976 est.

502 2009 618 2065 Hoc
657 2018 831 2065 autem
864 2018 1025 2064 totum
1053 2009 1250 2080 factum
1273 2018 1370 2076 est,
1409 2019 1463 2064 ut
1506 2010 1843 2081 implerentur
1886 2013 2019 2067 scri-

430 2110 601 2172 ptura:
619 2100 1008 2172 prophetarum.
1034 2099 1163 2168 Quae
1190 2109 1317 2155 sunt
1337 2116 1465 2172 ergo
1490 2102 1771 2172 scriptura:
1795 2102 2022 2173 prophe-

433 2190 652 2247 tarum?
679 2190 928 2246 videlicet
954 2189 1069 2244 istae
1095 2207 1107 2243 :
1143 2187 1417 2243 Foderunt
1437 2205 1626 2244 manus
1650 2206 1816 2256 meas,
1845 2199 1892 2244 et
1934 2207 2022 2260 pe-

432 2282 523 2336 des
545 2297 683 2336 meos
705 2277 886 2352 (Psal,
918 2296 1011 2334 xx:
1026 2279 1065 2351 ).
1091 2279 1159 2333 Et
1180 2279 1337 2334 alibi:
1367 2278 1514 2333 Sicut
1536 2281 1643 2334 ovis
1666 2280 1734 2333 ad
1758 2281 2021 2335 uictimam

433 2374 622 2428 ductus
647 2372 888 2445 est(Isa.
913 2371 1060 2443 LIII).
1105 2372 1173 2426 Et
1192 2373 1247 2427 in
1276 2372 1382 2426 alio
1424 2372 1544 2428 loco
1571 2391 1585 2426 :
1612 2373 1687 2428 Ab
1729 2374 2023 2444 iniquitati-

435 2465 530 2519 bus
550 2463 729 2534 populi
750 2464 850 2517 mei
869 2463 1054 2517 ductus
1084 2472 1159 2517 est
1182 2463 1253 2518 ad
1294 2472 1536 2530 mortem,
1584 2471 1639 2518 et
1672 2464 1756 2519 his
1804 2464 2018 2518 similia.

511 2553 656 2608 Tunc
681 2552 926 2623 discipuli
954 2569 1152 2618 omnes,
1182 2551 1360 2608 relicto
1400 2570 1482 2620 eo,
1532 2553 1798 2624 fugerunt.
1830 2552 2020 2625 (ΚΑΒ.)

435 2643 692 2715 lmpletur
720 2657 898 2698 sermo
923 2641 1157 2707 Domini,
1194 2642 1286 2712 qui
1315 2641 1527 2697 dixerat
1548 2642 1692 2712 quod
1719 2657 1907 2697 omnes
1937 2642 2021 2696 di-

436 2734 627 2803 scipuli
673 2732 1173 2788 scandalizarentur
1211 2733 1265 2787 in
1305 2732 1395 2788 illo
1438 2732 1493 2787 in
1517 2732 1631 2802 ipsa
1677 2741 1853 2788 nocte.
1889 2731 2024 2787 Nam

434 2825 536 2879 etsi
567 2824 723 2878 turba
750 2823 1098 2894 permittente
1140 2822 1208 2877 ad
1254 2822 1565 2893 petitionem
1611 2823 1823 2879 Domini
1872 2823 2023 2894 fuge-

434 2922 583 2981 runt,
613 2923 673 2970 ut
697 2912 934 2970 Joannes
967 2914 1177 2980 scribit,
1209 2929 1460 2984 pavorem
1489 2922 1670 2970 tamen
1719 2930 1784 2970 ac
1827 2915 2026 2970 timidi—

436 3013 606 3062 tatem
635 3020 747 3061 suas
770 3005 967 3060 mentis
994 3004 1371 3070 ostendebant,
1393 3003 1537 3074 quod
1561 3004 1629 3058 ad
1668 3002 1806 3075 fuga:
1845 3004 2027 3073 praesi-

2190 1826 2263 1880 Et
2290 1827 2554 1897 ingressus
2581 1827 2717 1880 intro
2741 1825 2949 1881 sedebat
2987 1841 3106 1879 cum
3153 1826 3412 1880 ministris
3434 1835 3489 1878 ut
3521 1826 3723 1880 videret

2119 1917 2298 1987 ﬁnem.
2336 1914 2617 1983 Quomodo
2640 1921 2819 1969 autem
2858 1914 3053 1970 Petrus
3094 1914 3151 1969 in
3197 1915 3395 1969 atrium
3441 1914 3718 1985 pontificis

2122 2006 2328 2077 ingredi
2350 2013 2556 2076 posset,
2603 2003 2840 2060 Joannes
2891 2002 3206 2059 manifestat
3252 2001 3487 2063 dicens:
3521 2004 3722 2073 Seque-

2122 2098 2278 2152 batur
2297 2104 2474 2150 autem
2496 2094 2679 2151 Iesum
2709 2095 2894 2152 Simon
2923 2095 3128 2161 Petrus,
3152 2104 3202 2150 et
3227 2094 3367 2149 alius
3389 2095 3683 2165 discipulus
3697 2110 3716 2146 .-

2122 2185 2422 2257 Discipulus
2445 2194 2619 2240 autem
2646 2184 2736 2238 ille
2770 2193 2927 2240 notus
2942 2182 3061 2239 erat
3092 2185 3352 2255 pontiﬁci,
3376 2195 3425 2239 et
3446 2186 3609 2239 simul
3634 2187 3718 2239 in-

2123 2278 2298 2332 troivit
2324 2293 2441 2330 cum
2465 2275 2595 2331 Jesu
2623 2276 2678 2330 in
2700 2276 2896 2329 atrium
2921 2275 3217 2344 pontiﬁcis;
3239 2275 3433 2329 Petrus
3458 2293 3579 2330 vero
3603 2287 3719 2330 sta-

2125 2366 2211 2420 bat
2236 2364 2306 2418 ad
2354 2364 2543 2419 ostium
2579 2364 2728 2434 foris.
2770 2362 2949 2418 Exivit
2984 2380 3105 2434 ergo
3152 2364 3441 2434 discipulus
3489 2365 3582 2419 ille
3629 2369 3721 2436 qui

2123 2464 2235 2509 erat
2260 2464 2412 2508 notus
2434 2451 2685 2525 pontiﬁci,
2718 2464 2765 2507 et
2788 2453 2922 2508 dixit
2946 2454 3197 2518 ostiaritr,
3226 2464 3274 2508 et
3300 2456 3593 2509 introduxit
3624 2456 3726 2510 Pe-

2125 2554 2285 2599 trum.
2318 2544 2595 2616 Ingressus
2626 2554 2798 2600 autem
2827 2547 2902 2600 sic
2927 2545 3118 2601 Petrus
3149 2547 3358 2602 sedebat
3392 2567 3511 2604 cum
3562 2552 3721 2604 mini—

2125 2637 2246 2691 stris
2294 2637 2455 2706 juxta
2508 2638 2679 2707 ignem
2709 2654 2763 2691 se
2791 2637 3127 2708 calefaciens,
3172 2642 3608 2712 exspectabatque
3665 2654 3721 2695 ut

2126 2728 2317 2783 videret
2342 2728 2519 2797 ﬁnem.
2549 2728 2811 2784 Videlicet
2831 2730 2916 2785 vel
2942 2745 3126 2786 amore
3160 2731 3425 2801 discipuli,
3480 2731 3569 2786 vel
3619 2732 3722 2785 bu-

2126 2833 2287 2874 mana
2308 2818 2622 2874 curiositate
2647 2818 2787 2873 seire
2816 2820 3038 2890 cupiens
3064 2820 3193 2891 quid
3208 2819 3484 2889 iudicaret
3522 2822 3592 2875 de
3618 2823 3723 2876 Do-

2127 2910 2278 2967 mino
2317 2909 2581 2981 pontifex,
2624 2918 2803 2965 utrum
2829 2924 2951 2965 eum
2973 2910 3094 2966 neci
3121 2911 3417 2977 addiceret,
3447 2927 3515 2965 an
3550 2911 3726 2982 flagel-

2138 3002 2208 3057 iis
2237 3016 2437 3057 caesum
2457 3000 2769 3057 dimitteret.
2801 3000 2869 3056 Et
2891 3001 2947 3056 in
2972 3001 3077 3057 hoc
3097 3001 3382 3067 diversitas
3401 3011 3724 3057 ceterorum

435 3096 583 3151 dium
611 3096 989 3166 promptiores,
1020 3111 1180 3165 quam
1205 3067 1803 3166 fiducia-patiendicum
1838 3067 2025 3150 Domi-
2065 3067 2112 3131 α
2142 3095 2510 3166 apostolorum
2555 3103 2612 3152 et
2656 3095 2824 3150 Petri.
2869 3094 2948 3150 llli
2993 3094 3221 3166 fugiunt,
3266 3096 3369 3150 iste
3412 3109 3722 3164 quanquam

434 3200 507 3239 no
536 3184 877 3239 exstiterant.
911 3185 1132 3255 Mystice
1160 3195 1340 3240 autem
1364 3186 1503 3241 sicut
1539 3185 1732 3241 Petrus
1769 3186 1862 3256 qui
1907 3186 2023 3241 cul—

433 3290 559 3346 pam
597 3274 898 3346 negationis
925 3268 1535 3347 pmnitentiaelacrymis
1579 3277 1748 3332 abluit
1799 3285 1855 3332 et
1898 3293 2027 3333 con-

434 3366 671 3421 fessrone
700 3364 963 3419 Dominici
994 3365 1198 3419 amoris
1230 3363 1466 3419 funditus
1495 3366 1832 3433 exstirpavit,
1866 3381 2022 3421 recu-

435 3457 772 3527 perationem
799 3469 986 3510 eorum
1009 3454 1264 3518 ostendit,
1306 3454 1398 3522 qui
1428 3454 1482 3507 in
1527 3455 1791 3524 martyrio
1837 3456 2025 3510 labun-

438 3557 551 3614 tur,
581 3548 654 3602 ita
678 3547 857 3603 caeteri
888 3545 1133 3616 discipuli
1156 3545 1250 3615 qui
1281 3544 1566 3599 articulum
1589 3547 2026 3614 comprehensio-

436 3642 523 3696 nis
553 3639 804 3711 fugiendo
826 3645 1221 3708 praevenerant,
1244 3636 1513 3692 cautelam
1562 3636 1799 3707 fugiendi
1830 3638 2027 3694 docent

435 3748 533 3788 eos
556 3731 647 3801 qui
676 3746 733 3786 se
760 3730 939 3785 minus
959 3730 1181 3784 idoneos
1201 3728 1269 3783 ad
1295 3728 1574 3784 toleranda
1595 3728 1855 3799 supplicia
1902 3745 2028 3785 sen-

438 3822 597 3876 tiunt.
628 3821 833 3888 Quibus
861 3820 1032 3874 tutius
1051 3826 1137 3873 est
1174 3818 1344 3873 multo
1389 3818 1639 3888 praesidia
1693 3819 2025 3876 latebrarum

432 3921 644 3979 uetere,
670 3928 832 3983 quam
862 3927 922 3967 se
943 3911 1243 3967 discrimini
1262 3911 1619 3966 certaminum
1641 3926 1930 3981 exponere.
1947 3912 2026 3967 Ita

437 4005 601 4059 etiam
625 4003 712 4059 ille
731 4002 1042 4058 adolescens
1063 4002 1129 4056 de
1152 4016 1260 4070 quo
1284 3999 1495 4055 Marcus
1515 3999 1704 4065 refert,
1727 4002 1871 4071 quod
1892 3999 2028 4070 reje-

360 4126 365 4129 ε
441 4103 527 4150 cta
556 4094 780 4149 sindone
817 4093 994 4148 nudus
1020 4090 1319 4162 profugerit
1348 4091 1416 4145 ab
1444 4091 1644 4160 impiis,
1701 4091 1917 4146 illorum
1974 4100 2028 4147 et

442 4202 581 4257 opus
602 4185 848 4256 designat
873 4192 929 4240 et
948 4184 1210 4248 animum,
1252 4183 1343 4252 qui
1395 4191 1454 4236 ut
1498 4182 1802 4237 securiores
1842 4182 1911 4237 ab
1945 4184 2028 4238 in-

441 4274 693 4331 cursibus
723 4274 955 4330 hostium
978 4273 1133 4338 ﬁant,
1166 4272 1425 4343 quidquid
1447 4273 1500 4327 in
1523 4272 1627 4327 hoc
1668 4273 1867 4328 mundo
1900 4288 2028 4343 pos-

447 4369 624 4424 sidere
652 4367 901 4422 videntur
928 4366 1204 4437 abjiciunt,
1236 4381 1302 4421 ac
1341 4364 1527 4420 mundi
1578 4365 1757 4434 potius
1798 4365 2025 4421 Domino

442 4461 690 4516 famulari
730 4476 890 4530 quam
930 4459 1252 4515 adhaerendo
1296 4460 1481 4515 mundi
1522 4459 1685 4515 rebus
1737 4459 2024 4513 materiam

442 4551 683 4604 tentandi
705 4559 866 4619 atque
891 4566 923 4605 a
946 4551 1057 4605 Deo
1081 4550 1371 4604 revocandi
1398 4549 1742 4612 adversariis,
1772 4549 1901 4604 dare
1944 4548 2027 4603 di-

442 4639 711 4694 dicerunt.
737 4636 897 4692 Juxta
925 4624 1225 4706 exemplum
1249 4638 1392 4692 beati
1430 4636 1647 4706 Joseph,
1698 4638 1790 4711 qui
1838 4638 2027 4694 relicto

444 4728 504 4782 in
535 4726 787 4781 manibus
811 4726 1068 4781 adultera:
1104 4727 1287 4796 pallio,
1341 4726 1488 4783 foras
1532 4727 1772 4794 exsiluit,
1817 4728 2022 4787 malens

443 4819 557 4874 Deo
585 4818 760 4873 nudus
786 4833 947 4888 quam
974 4818 1190 4873 indutus
1225 4818 1605 4888 cupiditatibus
1628 4820 1832 4887 mundi,
1855 4836 2028 4876 mere-

441 4911 566 4967 trici
596 4911 800 4966 servire
827 4909 986 4981 (Gen.
1020 4911 1239 4983 xxxix).

517 4999 716 5073 [VllL]
740 5001 804 5054 At
827 5000 906 5057 illi
928 5012 1154 5056 tenentes
1180 5001 1381 5069 Jesum,
1401 5004 1661 5060 duxerunt
1681 5006 1751 5058 ad
1772 5003 2025 5077 Caipltam

442 5095 727 5164 principem
756 5094 1085 5149 sacerdotum
1108 5094 1195 5148 ubi
1242 5097 1426 5150 scriba:
1472 5108 1519 5151 et
1566 5099 1793 5153 seniores
1847 5116 2027 5153 conve-

443 5196 649 5240 nerant.
674 5187 875 5242 Ductus
905 5196 991 5243 est
1010 5196 1191 5244 autem
1220 5186 1396 5255 Jesus,
1437 5199 1495 5245 ut
1520 5189 1753 5246 Joannes
1793 5193 2028 5248 ostendit

444 5277 641 5348 (Joan.
673 5279 875 5349 xvtn),
917 5281 984 5336 ad
1029 5280 1241 5335 Annam
1285 5282 1538 5351 primum,
1584 5283 1825 5353 quierat
1870 5298 2026 5338 socer

447 5364 683 5435 Caiphae.
725 5367 929 5423 Deinde
956 5369 1141 5425 Annas
1168 5371 1318 5425 misit
1342 5386 1465 5426 eum
1512 5373 1750 5427 vinctum
1790 5373 1856 5427 ad
1904 5372 2025 5427 Cai-

448 5456 632 5524 pbam,
654 5457 771 5524 qui,
792 5458 929 5512 sicut
948 5460 1235 5528 prmdictus
1260 5459 1498 5517 Joannes
1525 5462 1849 5532 evangelista
1885 5463 2023 5518 scri-

443 5546 546 5612 bit,
574 5556 693 5603 erat
715 5549 956 5619 pontifex
978 5552 1103 5606 anni
1127 5552 1285 5607 illius.
1320 5554 1394 5609 De
1431 5570 1540 5623 quo
1566 5536 1921 5611 consentanea
1949 5565 2026 5610 te-

446 5644 645 5715 statur”
666 5635 951 5709 Josepbus,
991 5643 1132 5711 quod
1164 5643 1532 5711 pontificatum
1568 5645 1727 5699 unius
1749 5646 1873 5700 anni
1901 5654 2022 5700 tan-

2128 3188 2314 3261 proeul
2336 3187 2786 3257 tamensequitur
2807 3186 3164 3242 Salvatorem.

2202 3277 2455 3348 Princeps
2484 3288 2656 3333 autem
2671 3279 3003 3333 sacerdotum
3025 3288 3075 3333 et
3100 3295 3252 3333 antae
3274 3277 3554 3332 concilium
3574 3294 3721 3347 qua—

2130 3371 2308 3424 rebant
2332 3370 2525 3440 falsum
2551 3370 2898 3425 testimonium
2919 3380 3102 3425 contra
3122 3368 3325 3437 Iesum,
3343 3378 3530 3423 uteum
3567 3367 3727 3422 morti

2129 3460 2413 3525 traderent,
2435 3469 2485 3513 et
2516 3477 2619 3514 non
2642 3462 2968 3527 invenerunt,
2996 3477 3112 3514 cum
3145 3458 3294 3514 multi
3320 3459 3444 3527 falsi
3459 3469 3614 3513 testes
3630 3475 3721 3511 ac-

2128 3549 2419 3604 cessissent.
2468 3548 2726 3622 (ΜΑωι.)
2759 3549 2877 3605 Νοη
2905 3550 3050 3605 enim
3073 3557 3251 3616 erant,
3286 3557 3348 3604 ut
3374 3549 3584 3605 Marcus
3632 3556 3724 3602 te-

2129 3649 2322 3706 statur,
2348 3641 2723 3695 convenientia
2752 3641 2855 3697 sibi
2882 3642 3211 3697 testimonia.
3245 3641 3345 3697 Hic
3372 3657 3584 3713 quoque
3622 3642 3727 3695 im-

2128 3730 2306 3801 pletur
2347 3730 2477 3785 illud
2504 3729 2930 3802 Psalmographi,
2962 3748 3069 3802 quo
3111 3732 3278 3787 dicit:
3304 3731 3599 3786 Astiterunt
3643 3749 3729 3785 rc-

2128 3839 2214 3892 ges
2235 3831 2407 3887 terrtc,
2434 3831 2484 3876 et
2513 3822 2771 3893 principes
2793 3832 3136 3877 convenerunt
3166 3825 3221 3878 in
3262 3840 3421 3878 unum
3465 3823 3728 3877 adversus

2133 3915 2432 3980 Dominum,
2460 3924 2509 3969 et
2530 3914 2782 3969 adversus
2808 3911 3075 3969 Christum
3100 3914 3247 3985 ejus(
3268 3912 3416 3968 Psal.
3436 3915 3533 3976 ιι).
3564 3913 3729 3969 Scru-

2128 4006 2226 4059 tati
2250 4014 2368 4060 sunt
2399 4005 2747 4076 iniquitatem,
2774 4006 3073 4075 defecerunt
3120 4014 3411 4061 scrutanIes
3447 4006 3726 4069 scrutinio,

2129 4095 2333 4165 sagitta:
2357 4094 2695 4164 parvulorum
2743 4094 2899 4164 factm
2927 4105 3049 4149 sunt
3092 4095 3262 4166 plaga:
3300 4112 3482 4149 eorum
3526 4092 3724 4161 (Psal.

2128 4199 2259 4238 ant
2275 4184 2314 4255 ).
2340 4183 2485 4240 Bene
2509 4184 2673 4239 etiam
2695 4184 2950 4240 convenit
2976 4199 3173 4240 nomen
3203 4185 3475 4256 pontificis
3494 4186 3732 4240 actionis

2129 4291 2239 4331 sum
2266 4276 2593 4332 strenuitati.
2635 4276 3024 4349 Interpretatur
3066 4277 3209 4332 enim
3259 4276 3487 4345 Caiphas
3514 4279 3735 4331 investi-

2130 4377 2304 4440 gator,
2340 4369 2425 4424 vel
2450 4386 2637 4441 sagax,
2666 4371 2779 4426 sive
2805 4388 3012 4426 vomens
3052 4388 3159 4426 ore.
3220 4371 3396 4441 Sagax
3432 4372 3576 4425 enim
3626 4371 3728 4427 fuit

2132 4459 2201 4514 ad
2228 4460 2657 4531 prosequendam
2697 4468 2752 4515 et
2777 4461 2843 4517 ad
2873 4461 3193 4531 explendam
3241 4460 3351 4515 doli
3403 4462 3484 4516 sui
3533 4462 3734 4530 nequi-

2132 4551 2281 4615 tiam,
2307 4551 2401 4606 sed
2430 4551 2714 4621 impudens
2740 4551 2809 4606 ad
2849 4549 3228 4622 proferendum
3282 4550 3624 4605 mendacium
3672 4558 3730 4604 et

2131 4642 2199 4697 ad
2229 4642 2519 4711 petendum
2542 4642 2910 4697 homicidium.

2205 4733 2501 4789 Novissime
2534 4745 2709 4789 autem
2738 4744 2983 4789 venerunt
3015 4735 3120 4788 duo
3145 4733 3268 4803 falsi
3295 4743 3468 4795 testes,
3497 4742 3545 4786 et
3570 4733 3729 4786 dixe-

2134 4836 2254 4882 runt
2276 4840 2295 4878 :
2322 4826 2424 4882 Hic
2453 4827 2584 4882 dixit
2611 4842 2628 4879 :
2659 4825 2883 4881 Possum
2914 4827 3179 4881 destruere
3230 4826 3479 4895 templum
3534 4823 3637 4879 Dei
3678 4834 3729 4879 et

2125 4927 2239 4989 post
2267 4918 2501 4972 triduum
2527 4918 2847 4986 rea'diﬁcare
2874 4918 3029 4972 illud.
3058 4918 3337 4985 Quomodo
3394 4916 3513 4972 falsi
3557 4926 3730 4971 testes

2129 5017 2275 5074 sunt,
2309 5010 2353 5064 si
2391 5025 2454 5064 ea
2481 5009 2667 5064 dicunt
2715 5025 2836 5079 quae
2876 5010 3159 5064 Dominum
3200 5008 3405 5064 dixisse
3447 5007 3727 5077 legimus?

2131 5101 2237 5156 Sed
2260 5101 2425 5155 falsus
2455 5103 2608 5157 testis
2635 5102 2830 5171 estqui
2860 5116 2967 5156 non
3020 5103 3207 5156 eodem
3245 5117 3407 5155 sensu
3455 5100 3600 5155 dicta
3643 5101 3728 5153 in-

2131 5192 2317 5262 telligit
2345 5208 2451 5262 quo
2472 5192 2742 5248 dicuntur.
2776 5193 3036 5246 Dominus
3061 5193 3204 5246 enim
3240 5193 3445 5246 dixerat
3488 5192 3555 5246 de
3583 5198 3721 5245 teme

2130 5283 2219 5354 plo
2252 5284 2494 5353 corporis
2519 5284 2620 5350 sui,
2648 5283 2741 5339 sed
2769 5293 2823 5338 et
2846 5284 2898 5338 in
2928 5283 3054 5353 ipsis
3078 5282 3259 5338 verbis
3300 5282 3723 5343 calumniantur,

2131 5383 2185 5428 et
2208 5375 2393 5443 paucis
2418 5375 2614 5429 additis
2635 5374 2718 5428 vel
2747 5373 2972 5429 mutatis
2991 5374 3141 5443 quasi
3164 5374 3366 5442 justam
3391 5370 3721 5426 calumniam

2131 5474 2405 5520 accusant.
2475 5464 2724 5518 Salvator
2778 5465 3038 5520 dixerat:
3091 5461 3286 5517 Solvite
3323 5459 3571 5530 templum
3625 5460 3725 5512 hoc

2131 5557 2326 5628 (Joan.
2361 5556 2432 5629 ιι)
2461 5577 2472 5611 :
2500 5557 2591 5611 Isti
2615 5566 2950 5611 commutant
2971 5565 3025 5611 et
3051 5556 3205 5609 aiunt
3233 5573 3245 5607 :
3278 5553 3389 5623 Ego
3436 5550 3723 5604 dissolvunt

2131 5647 2377 5717 templum
2402 5651 2496 5703 hoc
2522 5646 2902 5717 manufactum.
2938 5646 3065 5713 Vos,
3099 5645 3290 5714 inquit,
3348 5641 3560 5705 solvite,
3613 5652 3722 5691 non
