  <div class='ocr_page' id='page_1' title='image "/cluster/home/n/w/nwhite01/storage/ocr_20150623/107/hvd.32044054759725/566.png"; bbox 0 0 4002 6188; ppageno 0'>
   <div class='ocr_carea' id='block_1_1' title="bbox 321 244 452 300">
    <p class='ocr_par' dir='ltr' id='par_1_1' title="bbox 321 244 452 300">
     <span class='ocr_line' id='line_1_1' title="bbox 321 244 452 300; baseline -0.015 0"><span class='ocrx_word' id='word_1_1' title='bbox 321 244 452 300; x_wconf 69' lang='grc'><strong>1121</strong></span> 
     </span>
    </p>
   </div>
   <div class='ocr_carea' id='block_1_2' title="bbox 1244 240 2628 307">
    <p class='ocr_par' dir='ltr' id='par_1_2' title="bbox 1244 240 2628 307">
     <span class='ocr_line' id='line_1_2' title="bbox 1244 240 2628 307; baseline 0.005 -11"><span class='ocrx_word' id='word_1_2' title='bbox 1244 240 1595 296; x_wconf 70' lang='grc' dir='ltr'><strong>(ΣΟΜΜΕΝΤ.</strong></span> <span class='ocrx_word' id='word_1_3' title='bbox 1638 243 1702 295; x_wconf 74' lang='lat' dir='ltr'><strong>IN</strong></span> <span class='ocrx_word' id='word_1_4' title='bbox 1745 243 2184 300; x_wconf 66' lang='grc' dir='ltr'><strong>ΜΑΤΤΙῐίΕυΜ.</strong></span> <span class='ocrx_word' id='word_1_5' title='bbox 2224 279 2293 287; x_wconf 92' lang='grc'><strong><em>--</em></strong></span> <span class='ocrx_word' id='word_1_6' title='bbox 2330 248 2454 303; x_wconf 83' lang='lat' dir='ltr'><strong>LIB.</strong></span> <span class='ocrx_word' id='word_1_7' title='bbox 2499 250 2628 307; x_wconf 71' lang='lat' dir='ltr'><strong>VIII.</strong></span> 
     </span>
    </p>
   </div>
   <div class='ocr_carea' id='block_1_3' title="bbox 3443 261 3577 317">
    <p class='ocr_par' dir='ltr' id='par_1_3' title="bbox 3443 261 3577 317">
     <span class='ocr_line' id='line_1_3' title="bbox 3443 261 3577 317; baseline -0.03 0"><span class='ocrx_word' id='word_1_8' title='bbox 3443 261 3577 317; x_wconf 60' lang='lat' dir='ltr'><strong>ne».</strong></span> 
     </span>
    </p>
   </div>
   <div class='ocr_carea' id='block_1_4' title="bbox 233 340 3575 442">
    <p class='ocr_par' dir='ltr' id='par_1_4' title="bbox 233 340 3575 442">
     <span class='ocr_line' id='line_1_4' title="bbox 233 340 3575 442; baseline 0.004 -29"><span class='ocrx_word' id='word_1_9' title='bbox 233 340 246 347; x_wconf 54' lang='grc'><em>”</em></span> <span class='ocrx_word' id='word_1_10' title='bbox 312 373 413 431; x_wconf 76' lang='lat' dir='ltr'><strong>ego</strong></span> <span class='ocrx_word' id='word_1_11' title='bbox 439 377 452 412; x_wconf 88' lang='lat'><strong>:</strong></span> <span class='ocrx_word' id='word_1_12' title='bbox 483 359 606 428; x_wconf 89' lang='lat' dir='ltr'><strong>quia</strong></span> <span class='ocrx_word' id='word_1_13' title='bbox 635 358 875 412; x_wconf 86' lang='lat' dir='ltr'><strong>illicitum</strong></span> <span class='ocrx_word' id='word_1_14' title='bbox 905 366 984 410; x_wconf 87' lang='lat' dir='ltr'><strong>est</strong></span> <span class='ocrx_word' id='word_1_15' title='bbox 1014 366 1069 409; x_wconf 90' lang='lat' dir='ltr'><strong>ut</strong></span> <span class='ocrx_word' id='word_1_16' title='bbox 1097 357 1192 425; x_wconf 79' lang='lat' dir='ltr'><strong>ipsi</strong></span> <span class='ocrx_word' id='word_1_17' title='bbox 1223 358 1379 411; x_wconf 81' lang='lat' dir='ltr'><strong>nobis</strong></span> <span class='ocrx_word' id='word_1_18' title='bbox 1422 357 1715 412; x_wconf 82' lang='lat' dir='ltr'><strong>inferamus</strong></span> <span class='ocrx_word' id='word_1_19' title='bbox 1748 374 1890 413; x_wconf 88' lang='lat' dir='ltr'><strong>mor—</strong></span> <span class='ocrx_word' id='word_1_20' title='bbox 1917 362 1964 421; x_wconf 79' lang='grc' dir='ltr'><strong>Α</strong></span> <span class='ocrx_word' id='word_1_21' title='bbox 1994 370 2110 415; x_wconf 89' lang='lat' dir='ltr'><strong>rato</strong></span> <span class='ocrx_word' id='word_1_22' title='bbox 2140 350 2308 417; x_wconf 87' lang='lat' dir='ltr'><strong>favori</strong></span> <span class='ocrx_word' id='word_1_23' title='bbox 2342 365 2543 434; x_wconf 83' lang='lat' dir='ltr'><strong>populi,</strong></span> <span class='ocrx_word' id='word_1_24' title='bbox 2587 367 2767 421; x_wconf 87' lang='lat' dir='ltr'><strong>statim</strong></span> <span class='ocrx_word' id='word_1_25' title='bbox 2804 370 2871 423; x_wconf 88' lang='lat' dir='ltr'><strong>ab</strong></span> <span class='ocrx_word' id='word_1_26' title='bbox 2912 370 3101 439; x_wconf 79' lang='lat' dir='ltr'><strong>angelo</strong></span> <span class='ocrx_word' id='word_1_27' title='bbox 3148 387 3435 442; x_wconf 86' lang='lat' dir='ltr'><strong>percussus</strong></span> <span class='ocrx_word' id='word_1_28' title='bbox 3468 392 3575 435; x_wconf 46' lang='lat' dir='ltr'><strong>esu</strong></span> 
     </span>
    </p>
   </div>
   <div class='ocr_carea' id='block_1_5' title="bbox 312 449 1889 519">
    <p class='ocr_par' dir='ltr' id='par_1_5' title="bbox 312 449 1889 519">
     <span class='ocr_line' id='line_1_5' title="bbox 312 449 1889 519; baseline -0.001 -13"><span class='ocrx_word' id='word_1_29' title='bbox 312 460 439 507; x_wconf 88' lang='lat' dir='ltr'><strong>tem.</strong></span> <span class='ocrx_word' id='word_1_30' title='bbox 474 450 674 505; x_wconf 84' lang='lat' dir='ltr'><strong>Deinde</strong></span> <span class='ocrx_word' id='word_1_31' title='bbox 698 450 769 504; x_wconf 89' lang='lat' dir='ltr'><strong>illi</strong></span> <span class='ocrx_word' id='word_1_32' title='bbox 798 459 1010 504; x_wconf 88' lang='lat' dir='ltr'><strong>vertunt</strong></span> <span class='ocrx_word' id='word_1_33' title='bbox 1037 464 1050 501; x_wconf 90' lang='lat'>:</span> <span class='ocrx_word' id='word_1_34' title='bbox 1081 449 1143 501; x_wconf 82' lang='lat' dir='ltr'><strong>Et</strong></span> <span class='ocrx_word' id='word_1_35' title='bbox 1178 459 1289 519; x_wconf 87' lang='lat' dir='ltr'><strong>post</strong></span> <span class='ocrx_word' id='word_1_36' title='bbox 1318 450 1550 503; x_wconf 80' lang='lat' dir='ltr'><strong>triduum</strong></span> <span class='ocrx_word' id='word_1_37' title='bbox 1580 450 1726 503; x_wconf 86' lang='lat' dir='ltr'><strong>aliud</strong></span> <span class='ocrx_word' id='word_1_38' title='bbox 1772 467 1889 504; x_wconf 84' lang='lat' dir='ltr'><strong>ma-</strong></span> 
     </span>
    </p>
   </div>
   <div class='ocr_carea' id='block_1_6' title="bbox 310 540 1890 612">
    <p class='ocr_par' dir='ltr' id='par_1_6' title="bbox 310 540 1890 612">
     <span class='ocr_line' id='line_1_6' title="bbox 310 540 1890 612; baseline -0.001 -13"><span class='ocrx_word' id='word_1_39' title='bbox 310 544 577 612; x_wconf 79' lang='lat' dir='ltr'><strong>nufactum</strong></span> <span class='ocrx_word' id='word_1_40' title='bbox 608 542 896 611; x_wconf 76' lang='lat' dir='ltr'><strong>(mliﬁcabo,</strong></span> <span class='ocrx_word' id='word_1_41' title='bbox 946 550 1005 596; x_wconf 85' lang='grc' dir='ltr'><strong>ιιι</strong></span> <span class='ocrx_word' id='word_1_42' title='bbox 1047 542 1266 611; x_wconf 84' lang='lat' dir='ltr'><strong>proprie</strong></span> <span class='ocrx_word' id='word_1_43' title='bbox 1310 542 1376 596; x_wconf 92' lang='lat' dir='ltr'><strong>de</strong></span> <span class='ocrx_word' id='word_1_44' title='bbox 1423 542 1620 611; x_wconf 84' lang='lat' dir='ltr'><strong>templo</strong></span> <span class='ocrx_word' id='word_1_45' title='bbox 1665 540 1890 598; x_wconf 82' lang='lat' dir='ltr'><strong>Judaico</strong></span> 
     </span>
    </p>
   </div>
   <div class='ocr_carea' id='block_1_7' title="bbox 308 634 1886 692">
    <p class='ocr_par' dir='ltr' id='par_1_7' title="bbox 308 634 1886 692">
     <span class='ocr_line' id='line_1_7' title="bbox 308 634 1886 692; baseline -0.002 0"><span class='ocrx_word' id='word_1_46' title='bbox 308 637 506 692; x_wconf 79' lang='lat' dir='ltr'><strong>dixisse</strong></span> <span class='ocrx_word' id='word_1_47' title='bbox 538 636 796 689; x_wconf 86' lang='lat' dir='ltr'><strong>videatur.</strong></span> <span class='ocrx_word' id='word_1_48' title='bbox 826 634 1084 688; x_wconf 89' lang='lat' dir='ltr'><strong>Dominus</strong></span> <span class='ocrx_word' id='word_1_49' title='bbox 1116 643 1294 687; x_wconf 88' lang='lat' dir='ltr'><strong>autem</strong></span> <span class='ocrx_word' id='word_1_50' title='bbox 1323 644 1380 686; x_wconf 85' lang='grc' dir='ltr'><strong>ιιι</strong></span> <span class='ocrx_word' id='word_1_51' title='bbox 1411 635 1721 689; x_wconf 77' lang='lat' dir='ltr'><strong>ostenderet</strong></span> <span class='ocrx_word' id='word_1_52' title='bbox 1767 636 1886 689; x_wconf 90' lang='lat' dir='ltr'><strong>ani-</strong></span> 
     </span>
    </p>
   </div>
   <div class='ocr_carea' id='block_1_8' title="bbox 306 724 1885 794">
    <p class='ocr_par' dir='ltr' id='par_1_8' title="bbox 306 724 1885 794">
     <span class='ocr_line' id='line_1_8' title="bbox 306 724 1885 794; baseline -0.001 -14"><span class='ocrx_word' id='word_1_53' title='bbox 306 727 414 781; x_wconf 90' lang='lat' dir='ltr'><strong>mal</strong></span> <span class='ocrx_word' id='word_1_54' title='bbox 452 730 627 780; x_wconf 86' lang='lat' dir='ltr'><strong>vivum</strong></span> <span class='ocrx_word' id='word_1_55' title='bbox 664 733 718 779; x_wconf 91' lang='lat' dir='ltr'><strong>et</strong></span> <span class='ocrx_word' id='word_1_56' title='bbox 759 725 971 794; x_wconf 87' lang='lat' dir='ltr'><strong>spirans</strong></span> <span class='ocrx_word' id='word_1_57' title='bbox 1014 725 1269 793; x_wconf 85' lang='lat' dir='ltr'><strong>templum</strong></span> <span class='ocrx_word' id='word_1_58' title='bbox 1309 725 1551 779; x_wconf 78' lang='lat' dir='ltr'><strong>dixerat:</strong></span> <span class='ocrx_word' id='word_1_59' title='bbox 1581 724 1648 777; x_wconf 86' lang='lat' dir='ltr'><strong>Et</strong></span> <span class='ocrx_word' id='word_1_60' title='bbox 1695 741 1786 794; x_wconf 88' lang='lat' dir='ltr'><strong>ego</strong></span> <span class='ocrx_word' id='word_1_61' title='bbox 1830 725 1885 778; x_wconf 88' lang='lat' dir='ltr'><strong>in</strong></span> 
     </span>
    </p>
   </div>
   <div class='ocr_carea' id='block_1_9' title="bbox 303 812 1884 879">
    <p class='ocr_par' dir='ltr' id='par_1_9' title="bbox 303 812 1884 879">
     <span class='ocr_line' id='line_1_9' title="bbox 303 812 1884 879; baseline 0.001 -11"><span class='ocrx_word' id='word_1_62' title='bbox 303 816 477 868; x_wconf 79' lang='lat' dir='ltr'><strong>triduo</strong></span> <span class='ocrx_word' id='word_1_63' title='bbox 502 813 761 868; x_wconf 79' lang='lat' dir='ltr'><strong>suscitabo</strong></span> <span class='ocrx_word' id='word_1_64' title='bbox 790 813 942 867; x_wconf 90' lang='lat' dir='ltr'><strong>illud.</strong></span> <span class='ocrx_word' id='word_1_65' title='bbox 973 812 1128 867; x_wconf 85' lang='lat' dir='ltr'><strong>Aliud</strong></span> <span class='ocrx_word' id='word_1_66' title='bbox 1159 822 1241 869; x_wconf 84' lang='lat' dir='ltr'><strong>est</strong></span> <span class='ocrx_word' id='word_1_67' title='bbox 1260 814 1551 879; x_wconf 59' lang='lat' dir='ltr'><strong>aedificare,</strong></span> <span class='ocrx_word' id='word_1_68' title='bbox 1596 814 1738 869; x_wconf 84' lang='lat' dir='ltr'><strong>aliud</strong></span> <span class='ocrx_word' id='word_1_69' title='bbox 1766 828 1884 869; x_wconf 88' lang='lat' dir='ltr'><strong>sus-</strong></span> 
     </span>
    </p>
   </div>
   <div class='ocr_carea' id='block_1_10' title="bbox 302 909 499 961">
    <p class='ocr_par' dir='ltr' id='par_1_10' title="bbox 302 909 499 961">
     <span class='ocr_line' id='line_1_10' title="bbox 302 909 499 961; baseline -0.005 0"><span class='ocrx_word' id='word_1_70' title='bbox 302 909 499 961; x_wconf 87' lang='lat' dir='ltr'><strong>citare.-</strong></span> 
     </span>
    </p>
   </div>
   <div class='ocr_carea' id='block_1_11' title="bbox 366 994 1880 1070">
    <p class='ocr_par' dir='ltr' id='par_1_11' title="bbox 366 994 1880 1070">
     <span class='ocr_line' id='line_1_11' title="bbox 366 994 1880 1070; baseline -0.003 -17"><span class='ocrx_word' id='word_1_71' title='bbox 366 999 437 1052; x_wconf 87' lang='lat' dir='ltr'><strong>Et</strong></span> <span class='ocrx_word' id='word_1_72' title='bbox 465 1016 681 1069; x_wconf 89' lang='lat' dir='ltr'><strong>surgens</strong></span> <span class='ocrx_word' id='word_1_73' title='bbox 704 1000 937 1070; x_wconf 78' lang='lat' dir='ltr'><strong>princeps</strong></span> <span class='ocrx_word' id='word_1_74' title='bbox 959 997 1288 1052; x_wconf 83' lang='lat' dir='ltr'><strong>sacerdotum</strong></span> <span class='ocrx_word' id='word_1_75' title='bbox 1337 998 1411 1050; x_wconf 91' lang='lat' dir='ltr'><strong>ait</strong></span> <span class='ocrx_word' id='word_1_76' title='bbox 1458 996 1537 1050; x_wconf 88' lang='lat' dir='ltr'><strong>illi</strong></span> <span class='ocrx_word' id='word_1_77' title='bbox 1560 1010 1578 1047; x_wconf 91' lang='lat'><strong><em>:</em></strong></span> <span class='ocrx_word' id='word_1_78' title='bbox 1607 994 1759 1049; x_wconf 85' lang='lat' dir='ltr'><strong>Nihil</strong></span> <span class='ocrx_word' id='word_1_79' title='bbox 1799 1010 1880 1048; x_wconf 85' lang='lat' dir='ltr'><strong>re-</strong></span> 
     </span>
    </p>
   </div>
   <div class='ocr_carea' id='block_1_12' title="bbox 295 1074 1875 1161">
    <p class='ocr_par' dir='ltr' id='par_1_12' title="bbox 295 1074 1875 1161">
     <span class='ocr_line' id='line_1_12' title="bbox 295 1074 1875 1161; baseline -0.004 -16"><span class='ocrx_word' id='word_1_80' title='bbox 295 1090 516 1161; x_wconf 87' lang='lat' dir='ltr'><strong>spondes</strong></span> <span class='ocrx_word' id='word_1_81' title='bbox 541 1090 610 1143; x_wconf 87' lang='lat' dir='ltr'><strong>ad</strong></span> <span class='ocrx_word' id='word_1_82' title='bbox 631 1108 691 1144; x_wconf 88' lang='lat' dir='ltr'><strong>ea</strong></span> <span class='ocrx_word' id='word_1_83' title='bbox 716 1107 830 1161; x_wconf 72' lang='lat' dir='ltr'><strong>qua:</strong></span> <span class='ocrx_word' id='word_1_84' title='bbox 852 1090 937 1143; x_wconf 89' lang='lat' dir='ltr'><strong>isti</strong></span> <span class='ocrx_word' id='word_1_85' title='bbox 958 1074 1231 1144; x_wconf 82' lang='lat' dir='ltr'><strong>adversum</strong></span> <span class='ocrx_word' id='word_1_86' title='bbox 1254 1100 1301 1143; x_wconf 92' lang='lat' dir='ltr'><strong>te</strong></span> <span class='ocrx_word' id='word_1_87' title='bbox 1322 1088 1667 1157; x_wconf 78' lang='lat' dir='ltr'><strong>testiﬁcantur</strong></span> <span class='ocrx_word' id='word_1_88' title='bbox 1684 1085 1875 1139; x_wconf 72' lang='lat' dir='ltr'><strong>Hesus</strong></span> 
     </span>
    </p>
   </div>
   <div class='ocr_carea' id='block_1_13' title="bbox 294 1176 1877 1250">
    <p class='ocr_par' dir='ltr' id='par_1_13' title="bbox 294 1176 1877 1250">
     <span class='ocr_line' id='line_1_13' title="bbox 294 1176 1877 1250; baseline -0.004 -15"><span class='ocrx_word' id='word_1_89' title='bbox 294 1190 466 1236; x_wconf 84' lang='lat' dir='ltr'><strong>autem</strong></span> <span class='ocrx_word' id='word_1_90' title='bbox 492 1182 711 1235; x_wconf 84' lang='lat' dir='ltr'><strong>tacebat.</strong></span> <span class='ocrx_word' id='word_1_91' title='bbox 735 1182 820 1235; x_wconf 91' lang='lat' dir='ltr'><strong>lra</strong></span> <span class='ocrx_word' id='word_1_92' title='bbox 853 1195 1093 1250; x_wconf 65' lang='lat' dir='ltr'><strong>princeps</strong></span> <span class='ocrx_word' id='word_1_93' title='bbox 1121 1188 1177 1234; x_wconf 88' lang='lat' dir='ltr'><strong>ct</strong></span> <span class='ocrx_word' id='word_1_94' title='bbox 1222 1180 1528 1250; x_wconf 81' lang='lat' dir='ltr'><strong>impatiens,</strong></span> <span class='ocrx_word' id='word_1_95' title='bbox 1577 1191 1681 1231; x_wconf 89' lang='lat' dir='ltr'><strong>non</strong></span> <span class='ocrx_word' id='word_1_96' title='bbox 1728 1176 1877 1229; x_wconf 88' lang='lat' dir='ltr'><strong>inve-</strong></span> 
     </span>
    </p>
   </div>
   <div class='ocr_carea' id='block_1_14' title="bbox 292 1268 1873 1339">
    <p class='ocr_par' dir='ltr' id='par_1_14' title="bbox 292 1268 1873 1339">
     <span class='ocr_line' id='line_1_14' title="bbox 292 1268 1873 1339; baseline -0.003 -13"><span class='ocrx_word' id='word_1_97' title='bbox 292 1273 448 1327; x_wconf 88' lang='lat' dir='ltr'><strong>niens</strong></span> <span class='ocrx_word' id='word_1_98' title='bbox 483 1272 764 1327; x_wconf 62' lang='lat' dir='ltr'><strong>calumnia:</strong></span> <span class='ocrx_word' id='word_1_99' title='bbox 794 1271 989 1338; x_wconf 87' lang='lat' dir='ltr'><strong>locum,</strong></span> <span class='ocrx_word' id='word_1_100' title='bbox 1018 1272 1223 1326; x_wconf 73' lang='lat' dir='ltr'><strong>excutit</strong></span> <span class='ocrx_word' id='word_1_101' title='bbox 1266 1272 1333 1326; x_wconf 92' lang='lat' dir='ltr'><strong>de</strong></span> <span class='ocrx_word' id='word_1_102' title='bbox 1386 1270 1521 1325; x_wconf 87' lang='lat' dir='ltr'><strong>solio</strong></span> <span class='ocrx_word' id='word_1_103' title='bbox 1562 1268 1873 1339; x_wconf 86' lang='lat' dir='ltr'><strong>pontiﬁcem</strong></span> 
     </span>
    </p>
   </div>
   <div class='ocr_carea' id='block_1_15' title="bbox 288 1363 1868 1433">
    <p class='ocr_par' dir='ltr' id='par_1_15' title="bbox 288 1363 1868 1433">
     <span class='ocr_line' id='line_1_15' title="bbox 288 1363 1868 1433; baseline -0.001 -17"><span class='ocrx_word' id='word_1_104' title='bbox 288 1371 350 1416; x_wconf 93' lang='grc' dir='ltr'><strong>ιιι</strong></span> <span class='ocrx_word' id='word_1_105' title='bbox 400 1363 665 1418; x_wconf 89' lang='lat' dir='ltr'><strong>insaniam</strong></span> <span class='ocrx_word' id='word_1_106' title='bbox 714 1364 910 1418; x_wconf 88' lang='lat' dir='ltr'><strong>mentis</strong></span> <span class='ocrx_word' id='word_1_107' title='bbox 962 1371 1108 1418; x_wconf 93' lang='lat' dir='ltr'><strong>motu</strong></span> <span class='ocrx_word' id='word_1_108' title='bbox 1163 1363 1404 1433; x_wconf 89' lang='lat' dir='ltr'><strong>corporis</strong></span> <span class='ocrx_word' id='word_1_109' title='bbox 1452 1363 1868 1417; x_wconf 86' lang='lat' dir='ltr'><strong>demonstraret.</strong></span> 
     </span>
    </p>
   </div>
   <div class='ocr_carea' id='block_1_16' title="bbox 288 1452 1869 1525">
    <p class='ocr_par' dir='ltr' id='par_1_16' title="bbox 288 1452 1869 1525">
     <span class='ocr_line' id='line_1_16' title="bbox 288 1452 1869 1525; baseline -0.001 -19"><span class='ocrx_word' id='word_1_110' title='bbox 288 1452 503 1519; x_wconf 88' lang='lat' dir='ltr'><strong>Quanto</strong></span> <span class='ocrx_word' id='word_1_111' title='bbox 532 1452 686 1508; x_wconf 87' lang='lat' dir='ltr'><strong>Jesus</strong></span> <span class='ocrx_word' id='word_1_112' title='bbox 723 1454 931 1508; x_wconf 85' lang='lat' dir='ltr'><strong>tacebat</strong></span> <span class='ocrx_word' id='word_1_113' title='bbox 965 1455 1030 1508; x_wconf 84' lang='lat' dir='ltr'><strong>ad</strong></span> <span class='ocrx_word' id='word_1_114' title='bbox 1076 1454 1323 1525; x_wconf 78' lang='lat' dir='ltr'><strong>indignos</strong></span> <span class='ocrx_word' id='word_1_115' title='bbox 1370 1453 1719 1522; x_wconf 85' lang='lat' dir='ltr'><strong>responsione</strong></span> <span class='ocrx_word' id='word_1_116' title='bbox 1769 1466 1869 1505; x_wconf 90' lang='lat' dir='ltr'><strong>sua</strong></span> 
     </span>
    </p>
   </div>
   <div class='ocr_carea' id='block_1_17' title="bbox 288 1542 1867 1612">
    <p class='ocr_par' dir='ltr' id='par_1_17' title="bbox 288 1542 1867 1612">
     <span class='ocr_line' id='line_1_17' title="bbox 288 1542 1867 1612; baseline -0.001 -17"><span class='ocrx_word' id='word_1_117' title='bbox 288 1543 453 1598; x_wconf 86' lang='lat' dir='ltr'><strong>falsos</strong></span> <span class='ocrx_word' id='word_1_118' title='bbox 473 1552 638 1598; x_wconf 87' lang='lat' dir='ltr'><strong>testes</strong></span> <span class='ocrx_word' id='word_1_119' title='bbox 663 1554 714 1597; x_wconf 89' lang='lat' dir='ltr'><strong>et</strong></span> <span class='ocrx_word' id='word_1_120' title='bbox 741 1545 1049 1599; x_wconf 86' lang='lat' dir='ltr'><strong>sacerdotes</strong></span> <span class='ocrx_word' id='word_1_121' title='bbox 1078 1544 1291 1612; x_wconf 91' lang='lat' dir='ltr'><strong>impios,</strong></span> <span class='ocrx_word' id='word_1_122' title='bbox 1328 1551 1490 1597; x_wconf 85' lang='lat' dir='ltr'><strong>tanto</strong></span> <span class='ocrx_word' id='word_1_123' title='bbox 1518 1542 1687 1612; x_wconf 82' lang='lat' dir='ltr'><strong>magis</strong></span> <span class='ocrx_word' id='word_1_124' title='bbox 1734 1555 1867 1610; x_wconf 88' lang='lat' dir='ltr'><strong>pon-</strong></span> 
     </span>
    </p>
   </div>
   <div class='ocr_carea' id='block_1_18' title="bbox 288 1631 1866 1702">
    <p class='ocr_par' dir='ltr' id='par_1_18' title="bbox 288 1631 1866 1702">
     <span class='ocr_line' id='line_1_18' title="bbox 288 1631 1866 1702; baseline -0.002 -15"><span class='ocrx_word' id='word_1_125' title='bbox 288 1632 418 1688; x_wconf 78' lang='lat' dir='ltr'><strong>tifex</strong></span> <span class='ocrx_word' id='word_1_126' title='bbox 443 1632 624 1688; x_wconf 86' lang='lat' dir='ltr'><strong>furore</strong></span> <span class='ocrx_word' id='word_1_127' title='bbox 652 1641 937 1702; x_wconf 89' lang='lat' dir='ltr'><strong>superatus</strong></span> <span class='ocrx_word' id='word_1_128' title='bbox 960 1649 1081 1686; x_wconf 91' lang='lat' dir='ltr'><strong>eum</strong></span> <span class='ocrx_word' id='word_1_129' title='bbox 1113 1632 1180 1687; x_wconf 90' lang='lat' dir='ltr'><strong>ad</strong></span> <span class='ocrx_word' id='word_1_130' title='bbox 1211 1631 1636 1700; x_wconf 88' lang='lat' dir='ltr'><strong>respondendum</strong></span> <span class='ocrx_word' id='word_1_131' title='bbox 1670 1645 1866 1699; x_wconf 87' lang='lat' dir='ltr'><strong>provo-</strong></span> 
     </span>
    </p>
   </div>
   <div class='ocr_carea' id='block_1_19' title="bbox 1994 450 3572 532">
    <p class='ocr_par' dir='ltr' id='par_1_19' title="bbox 1994 450 3572 532">
     <span class='ocr_line' id='line_1_19' title="bbox 1994 450 3572 532; baseline 0.009 -30"><span class='ocrx_word' id='word_1_132' title='bbox 1994 450 2012 517; x_wconf 90' lang='lat'>(</span> <span class='ocrx_word' id='word_1_133' title='bbox 2030 451 2198 522; x_wconf 70' lang='grc' dir='ltr'>ιίΑιι.)</span> <span class='ocrx_word' id='word_1_134' title='bbox 2222 453 2409 507; x_wconf 76' lang='lat' dir='ltr'><strong>Altiori</strong></span> <span class='ocrx_word' id='word_1_135' title='bbox 2433 465 2611 509; x_wconf 90' lang='lat' dir='ltr'><strong>autem</strong></span> <span class='ocrx_word' id='word_1_136' title='bbox 2644 458 2899 528; x_wconf 88' lang='lat' dir='ltr'><strong>mysterio</strong></span> <span class='ocrx_word' id='word_1_137' title='bbox 2927 460 3229 515; x_wconf 81' lang='lat' dir='ltr'><strong>estfactum</strong></span> <span class='ocrx_word' id='word_1_138' title='bbox 3257 470 3313 516; x_wconf 88' lang='lat' dir='ltr'><strong>ut</strong></span> <span class='ocrx_word' id='word_1_139' title='bbox 3347 463 3399 515; x_wconf 95' lang='lat' dir='ltr'><strong>in</strong></span> <span class='ocrx_word' id='word_1_140' title='bbox 3452 478 3572 532; x_wconf 68' lang='lat' dir='ltr'><strong>pas-</strong></span> 
     </span>
    </p>
   </div>
   <div class='ocr_carea' id='block_1_20' title="bbox 1988 541 3572 619">
    <p class='ocr_par' dir='ltr' id='par_1_20' title="bbox 1988 541 3572 619">
     <span class='ocr_line' id='line_1_20' title="bbox 1988 541 3572 619; baseline 0.006 -24"><span class='ocrx_word' id='word_1_141' title='bbox 1988 541 2138 597; x_wconf 87' lang='lat' dir='ltr'><strong>sione</strong></span> <span class='ocrx_word' id='word_1_142' title='bbox 2157 543 2362 597; x_wconf 83' lang='lat' dir='ltr'><strong>Domini</strong></span> <span class='ocrx_word' id='word_1_143' title='bbox 2386 544 2625 613; x_wconf 79' lang='lat' dir='ltr'><strong>pontifex</strong></span> <span class='ocrx_word' id='word_1_144' title='bbox 2638 544 2942 601; x_wconf 73' lang='lat' dir='ltr'><strong>Judmorum</strong></span> <span class='ocrx_word' id='word_1_145' title='bbox 2956 562 3051 603; x_wconf 91' lang='lat' dir='ltr'><strong>sua</strong></span> <span class='ocrx_word' id='word_1_146' title='bbox 3070 550 3237 619; x_wconf 88' lang='lat' dir='ltr'><strong>ipsius</strong></span> <span class='ocrx_word' id='word_1_147' title='bbox 3252 552 3572 606; x_wconf 83' lang='lat' dir='ltr'><strong>vestimenta</strong></span> 
     </span>
    </p>
   </div>
   <div class='ocr_carea' id='block_1_21' title="bbox 1987 632 3568 709">
    <p class='ocr_par' dir='ltr' id='par_1_21' title="bbox 1987 632 3568 709">
     <span class='ocr_line' id='line_1_21' title="bbox 1987 632 3568 709; baseline 0.006 -23"><span class='ocrx_word' id='word_1_148' title='bbox 1987 632 2281 699; x_wconf 89' lang='lat' dir='ltr'><strong>discideril,</strong></span> <span class='ocrx_word' id='word_1_149' title='bbox 2324 648 2445 688; x_wconf 90' lang='lat' dir='ltr'><strong>cum</strong></span> <span class='ocrx_word' id='word_1_150' title='bbox 2477 636 2657 690; x_wconf 89' lang='lat' dir='ltr'><strong>tunica</strong></span> <span class='ocrx_word' id='word_1_151' title='bbox 2692 636 2902 691; x_wconf 91' lang='lat' dir='ltr'><strong>Domini</strong></span> <span class='ocrx_word' id='word_1_152' title='bbox 2938 652 3036 693; x_wconf 90' lang='lat' dir='ltr'><strong>nec</strong></span> <span class='ocrx_word' id='word_1_153' title='bbox 3061 640 3128 693; x_wconf 89' lang='lat' dir='ltr'><strong>ab</strong></span> <span class='ocrx_word' id='word_1_154' title='bbox 3159 640 3287 709; x_wconf 89' lang='lat' dir='ltr'><strong>ipsis</strong></span> <span class='ocrx_word' id='word_1_155' title='bbox 3315 641 3404 709; x_wconf 91' lang='lat' dir='ltr'><strong>qui</strong></span> <span class='ocrx_word' id='word_1_156' title='bbox 3445 657 3568 696; x_wconf 90' lang='lat' dir='ltr'><strong>eum</strong></span> 
     </span>
    </p>
   </div>
   <div class='ocr_carea' id='block_1_22' title="bbox 1984 722 3572 802">
    <p class='ocr_par' dir='ltr' id='par_1_22' title="bbox 1984 722 3572 802">
     <span class='ocr_line' id='line_1_22' title="bbox 1984 722 3572 802; baseline 0.006 -25"><span class='ocrx_word' id='word_1_157' title='bbox 1984 722 2301 778; x_wconf 75' lang='lat' dir='ltr'><strong>cruciﬁxere</strong></span> <span class='ocrx_word' id='word_1_158' title='bbox 2364 725 2626 781; x_wconf 86' lang='lat' dir='ltr'><strong>militibus</strong></span> <span class='ocrx_word' id='word_1_159' title='bbox 2674 728 2844 783; x_wconf 85' lang='lat' dir='ltr'><strong>scindi</strong></span> <span class='ocrx_word' id='word_1_160' title='bbox 2901 731 3155 798; x_wconf 88' lang='lat' dir='ltr'><strong>potuerit.</strong></span> <span class='ocrx_word' id='word_1_161' title='bbox 3211 732 3572 802; x_wconf 81' lang='lat' dir='ltr'><strong>Figurabatur</strong></span> 
     </span>
    </p>
   </div>
   <div class='ocr_carea' id='block_1_23' title="bbox 1982 812 3568 890">
    <p class='ocr_par' dir='ltr' id='par_1_23' title="bbox 1982 812 3568 890">
     <span class='ocr_line' id='line_1_23' title="bbox 1982 812 3568 890; baseline 0.008 -26"><span class='ocrx_word' id='word_1_162' title='bbox 1982 812 2126 865; x_wconf 90' lang='lat' dir='ltr'><strong>enim</strong></span> <span class='ocrx_word' id='word_1_163' title='bbox 2172 812 2316 881; x_wconf 92' lang='lat' dir='ltr'><strong>quod</strong></span> <span class='ocrx_word' id='word_1_164' title='bbox 2365 817 2728 871; x_wconf 84' lang='lat' dir='ltr'><strong>sacerdotium</strong></span> <span class='ocrx_word' id='word_1_165' title='bbox 2777 819 3080 874; x_wconf 75' lang='lat' dir='ltr'><strong>Judmorum</strong></span> <span class='ocrx_word' id='word_1_166' title='bbox 3128 837 3226 890; x_wconf 90' lang='lat' dir='ltr'><strong>pro</strong></span> <span class='ocrx_word' id='word_1_167' title='bbox 3272 823 3568 877; x_wconf 87' lang='lat' dir='ltr'><strong>sceleribus</strong></span> 
     </span>
    </p>
   </div>
   <div class='ocr_carea' id='block_1_24' title="bbox 1980 900 3567 976">
    <p class='ocr_par' dir='ltr' id='par_1_24' title="bbox 1980 900 3567 976">
     <span class='ocr_line' id='line_1_24' title="bbox 1980 900 3567 976; baseline 0.01 -24"><span class='ocrx_word' id='word_1_168' title='bbox 1980 900 2218 969; x_wconf 91' lang='lat' dir='ltr'><strong>ipsorum</strong></span> <span class='ocrx_word' id='word_1_169' title='bbox 2247 903 2557 971; x_wconf 89' lang='lat' dir='ltr'><strong>pontiﬁcum</strong></span> <span class='ocrx_word' id='word_1_170' title='bbox 2585 916 2727 961; x_wconf 86' lang='lat' dir='ltr'><strong>esset</strong></span> <span class='ocrx_word' id='word_1_171' title='bbox 2752 909 3124 976; x_wconf 87' lang='lat' dir='ltr'><strong>scindendum,</strong></span> <span class='ocrx_word' id='word_1_172' title='bbox 3153 920 3205 965; x_wconf 90' lang='lat' dir='ltr'><strong>et</strong></span> <span class='ocrx_word' id='word_1_173' title='bbox 3234 929 3263 966; x_wconf 89' lang='lat' dir='ltr'><strong>a</strong></span> <span class='ocrx_word' id='word_1_174' title='bbox 3287 928 3397 967; x_wconf 72' lang='lat' dir='ltr'><strong>suae</strong></span> <span class='ocrx_word' id='word_1_175' title='bbox 3422 921 3567 968; x_wconf 86' lang='lat' dir='ltr'><strong>statu</strong></span> 
     </span>
    </p>
   </div>
   <div class='ocr_carea' id='block_1_25' title="bbox 1979 988 3567 1061">
    <p class='ocr_par' dir='ltr' id='par_1_25' title="bbox 1979 988 3567 1061">
     <span class='ocr_line' id='line_1_25' title="bbox 1979 988 3567 1061; baseline 0.009 -19"><span class='ocrx_word' id='word_1_176' title='bbox 1979 988 2306 1061; x_wconf 80' lang='lat' dir='ltr'><strong>integritatis</strong></span> <span class='ocrx_word' id='word_1_177' title='bbox 2319 994 2624 1049; x_wconf 87' lang='lat' dir='ltr'><strong>omnimode</strong></span> <span class='ocrx_word' id='word_1_178' title='bbox 2651 996 2982 1052; x_wconf 90' lang='lat' dir='ltr'><strong>solvendum.</strong></span> <span class='ocrx_word' id='word_1_179' title='bbox 3013 997 3268 1055; x_wconf 89' lang='lat' dir='ltr'><strong>Soliditas</strong></span> <span class='ocrx_word' id='word_1_180' title='bbox 3288 1018 3416 1056; x_wconf 90' lang='lat' dir='ltr'><strong>vero</strong></span> <span class='ocrx_word' id='word_1_181' title='bbox 3446 1018 3567 1057; x_wconf 83' lang='lat' dir='ltr'><strong>san-</strong></span> 
     </span>
    </p>
   </div>
   <div class='ocr_carea' id='block_1_26' title="bbox 1977 1085 3561 1164">
    <p class='ocr_par' dir='ltr' id='par_1_26' title="bbox 1977 1085 3561 1164">
     <span class='ocr_line' id='line_1_26' title="bbox 1977 1085 3561 1164; baseline 0.007 -27"><span class='ocrx_word' id='word_1_182' title='bbox 1977 1091 2079 1138; x_wconf 74' lang='lat' dir='ltr'><strong>cla:</strong></span> <span class='ocrx_word' id='word_1_183' title='bbox 2108 1085 2430 1141; x_wconf 86' lang='lat' dir='ltr'><strong>universalis</strong></span> <span class='ocrx_word' id='word_1_184' title='bbox 2460 1088 2732 1154; x_wconf 74' lang='lat' dir='ltr'><strong>Ecclesim,</strong></span> <span class='ocrx_word' id='word_1_185' title='bbox 2764 1105 2883 1159; x_wconf 64' lang='lat' dir='ltr'><strong>quin</strong></span> <span class='ocrx_word' id='word_1_186' title='bbox 2914 1093 3080 1146; x_wconf 81' lang='lat' dir='ltr'><strong>vestis</strong></span> <span class='ocrx_word' id='word_1_187' title='bbox 3124 1094 3205 1147; x_wconf 90' lang='lat' dir='ltr'><strong>sui</strong></span> <span class='ocrx_word' id='word_1_188' title='bbox 3237 1094 3561 1164; x_wconf 82' lang='lat' dir='ltr'><strong>Redempto-</strong></span> 
     </span>
    </p>
   </div>
   <div class='ocr_carea' id='block_1_27' title="bbox 1975 1175 3560 1255">
    <p class='ocr_par' dir='ltr' id='par_1_27' title="bbox 1975 1175 3560 1255">
     <span class='ocr_line' id='line_1_27' title="bbox 1975 1175 3560 1255; baseline 0.009 -28"><span class='ocrx_word' id='word_1_189' title='bbox 1975 1175 2052 1228; x_wconf 88' lang='lat' dir='ltr'><strong>ris</strong></span> <span class='ocrx_word' id='word_1_190' title='bbox 2073 1175 2209 1230; x_wconf 86' lang='lat' dir='ltr'><strong>solet</strong></span> <span class='ocrx_word' id='word_1_191' title='bbox 2228 1177 2504 1246; x_wconf 86' lang='lat' dir='ltr'><strong>appellari,</strong></span> <span class='ocrx_word' id='word_1_192' title='bbox 2537 1196 2807 1250; x_wconf 87' lang='lat' dir='ltr'><strong>nunquam</strong></span> <span class='ocrx_word' id='word_1_193' title='bbox 2860 1183 3038 1237; x_wconf 83' lang='lat' dir='ltr'><strong>valeat</strong></span> <span class='ocrx_word' id='word_1_194' title='bbox 3082 1185 3364 1255; x_wconf 90' lang='lat' dir='ltr'><strong>disrumpi.</strong></span> <span class='ocrx_word' id='word_1_195' title='bbox 3421 1186 3560 1253; x_wconf 88' lang='lat' dir='ltr'><strong>Quin</strong></span> 
     </span>
    </p>
   </div>
   <div class='ocr_carea' id='block_1_28' title="bbox 1972 1264 3560 1339">
    <p class='ocr_par' dir='ltr' id='par_1_28' title="bbox 1972 1264 3560 1339">
     <span class='ocr_line' id='line_1_28' title="bbox 1972 1264 3560 1339; baseline 0.008 -22"><span class='ocrx_word' id='word_1_196' title='bbox 1972 1264 2150 1332; x_wconf 83' lang='lat' dir='ltr'><strong>potius</strong></span> <span class='ocrx_word' id='word_1_197' title='bbox 2181 1273 2235 1319; x_wconf 88' lang='lat' dir='ltr'><strong>et</strong></span> <span class='ocrx_word' id='word_1_198' title='bbox 2264 1267 2306 1320; x_wconf 92' lang='lat' dir='ltr'><strong>si</strong></span> <span class='ocrx_word' id='word_1_199' title='bbox 2333 1264 2522 1331; x_wconf 76' lang='lat' dir='ltr'><strong>Judmi,</strong></span> <span class='ocrx_word' id='word_1_200' title='bbox 2571 1269 2616 1322; x_wconf 89' lang='lat' dir='ltr'><strong>si</strong></span> <span class='ocrx_word' id='word_1_201' title='bbox 2648 1270 2894 1339; x_wconf 83' lang='lat' dir='ltr'><strong>gentiles,</strong></span> <span class='ocrx_word' id='word_1_202' title='bbox 2948 1273 2991 1326; x_wconf 89' lang='lat' dir='ltr'><strong>si</strong></span> <span class='ocrx_word' id='word_1_203' title='bbox 3036 1275 3295 1338; x_wconf 71' lang='lat' dir='ltr'><strong>hmretici,</strong></span> <span class='ocrx_word' id='word_1_204' title='bbox 3343 1276 3389 1328; x_wconf 91' lang='lat' dir='ltr'><strong>si</strong></span> <span class='ocrx_word' id='word_1_205' title='bbox 3433 1276 3560 1329; x_wconf 77' lang='lat' dir='ltr'><strong>ntali</strong></span> 
     </span>
    </p>
   </div>
   <div class='ocr_carea' id='block_1_29' title="bbox 1970 1353 3562 1418">
    <p class='ocr_par' dir='ltr' id='par_1_29' title="bbox 1970 1353 3562 1418">
     <span class='ocr_line' id='line_1_29' title="bbox 1970 1353 3562 1418; baseline 0.007 -13"><span class='ocrx_word' id='word_1_206' title='bbox 1970 1353 2220 1407; x_wconf 85' lang='lat' dir='ltr'><strong>catholici</strong></span> <span class='ocrx_word' id='word_1_207' title='bbox 2277 1356 2631 1411; x_wconf 87' lang='lat' dir='ltr'><strong>humilitatem</strong></span> <span class='ocrx_word' id='word_1_208' title='bbox 2691 1359 2901 1414; x_wconf 86' lang='lat' dir='ltr'><strong>Domini</strong></span> <span class='ocrx_word' id='word_1_209' title='bbox 2968 1361 3263 1417; x_wconf 82' lang='lat' dir='ltr'><strong>Salvatoris</strong></span> <span class='ocrx_word' id='word_1_210' title='bbox 3320 1372 3562 1418; x_wconf 84' lang='lat' dir='ltr'><strong>contem-</strong></span> 
     </span>
    </p>
   </div>
   <div class='ocr_carea' id='block_1_30' title="bbox 1970 1444 3556 1520">
    <p class='ocr_par' dir='ltr' id='par_1_30' title="bbox 1970 1444 3556 1520">
     <span class='ocr_line' id='line_1_30' title="bbox 1970 1444 3556 1520; baseline 0.008 -24"><span class='ocrx_word' id='word_1_211' title='bbox 1970 1450 2121 1507; x_wconf 87' lang='lat' dir='ltr'><strong>nant,</strong></span> <span class='ocrx_word' id='word_1_212' title='bbox 2153 1444 2266 1513; x_wconf 82' lang='lat' dir='ltr'><strong>ejus</strong></span> <span class='ocrx_word' id='word_1_213' title='bbox 2296 1453 2469 1500; x_wconf 87' lang='lat' dir='ltr'><strong>tamcn</strong></span> <span class='ocrx_word' id='word_1_214' title='bbox 2497 1464 2664 1518; x_wconf 80' lang='lat' dir='ltr'><strong>usque</strong></span> <span class='ocrx_word' id='word_1_215' title='bbox 2701 1452 2766 1505; x_wconf 90' lang='lat' dir='ltr'><strong>ad</strong></span> <span class='ocrx_word' id='word_1_216' title='bbox 2799 1454 3316 1509; x_wconf 85' lang='lat' dir='ltr'><strong>consummationem</strong></span> <span class='ocrx_word' id='word_1_217' title='bbox 3347 1454 3398 1508; x_wconf 94' lang='lat' dir='ltr'><strong>in</strong></span> <span class='ocrx_word' id='word_1_218' title='bbox 3430 1455 3556 1520; x_wconf 86' lang='lat' dir='ltr'><strong>illis,</strong></span> 
     </span>
    </p>
   </div>
   <div class='ocr_carea' id='block_1_31' title="bbox 1970 1534 3557 1613">
    <p class='ocr_par' dir='ltr' id='par_1_31' title="bbox 1970 1534 3557 1613">
     <span class='ocr_line' id='line_1_31' title="bbox 1970 1534 3557 1613; baseline 0.009 -28"><span class='ocrx_word' id='word_1_219' title='bbox 1970 1546 2106 1602; x_wconf 89' lang='lat' dir='ltr'><strong>quos</strong></span> <span class='ocrx_word' id='word_1_220' title='bbox 2133 1548 2250 1588; x_wconf 91' lang='lat' dir='ltr'><strong>sors</strong></span> <span class='ocrx_word' id='word_1_221' title='bbox 2272 1534 2550 1592; x_wconf 91' lang='lat' dir='ltr'><strong>electionis</strong></span> <span class='ocrx_word' id='word_1_222' title='bbox 2573 1540 2837 1594; x_wconf 86' lang='lat' dir='ltr'><strong>invenerit</strong></span> <span class='ocrx_word' id='word_1_223' title='bbox 2884 1542 3141 1597; x_wconf 89' lang='lat' dir='ltr'><strong>inviolata</strong></span> <span class='ocrx_word' id='word_1_224' title='bbox 3188 1544 3260 1599; x_wconf 90' lang='lat' dir='ltr'><strong>sit</strong></span> <span class='ocrx_word' id='word_1_225' title='bbox 3303 1560 3557 1613; x_wconf 89' lang='lat' dir='ltr'><strong>perman—</strong></span> 
     </span>
    </p>
   </div>
   <div class='ocr_carea' id='block_1_32' title="bbox 1968 1624 2366 1679">
    <p class='ocr_par' dir='ltr' id='par_1_32' title="bbox 1968 1624 2366 1679">
     <span class='ocr_line' id='line_1_32' title="bbox 1968 1624 2366 1679; baseline 0.003 -4"><span class='ocrx_word' id='word_1_226' title='bbox 1968 1634 2093 1676; x_wconf 89' lang='lat' dir='ltr'><strong>sura</strong></span> <span class='ocrx_word' id='word_1_227' title='bbox 2124 1624 2366 1679; x_wconf 87' lang='lat' dir='ltr'><strong>castitas.</strong></span> 
     </span>
    </p>
   </div>
   <div class='ocr_carea' id='block_1_33' title="bbox 284 1710 1850 1793">
    <p class='ocr_par' dir='ltr' id='par_1_33' title="bbox 284 1720 1850 1793">
     <span class='ocr_line' id='line_1_33' title="bbox 284 1720 1850 1793; baseline -0.001 -16"><span class='ocrx_word' id='word_1_228' title='bbox 284 1733 392 1790; x_wconf 87' lang='lat' dir='ltr'><strong>cat,</strong></span> <span class='ocrx_word' id='word_1_229' title='bbox 423 1733 483 1779; x_wconf 89' lang='lat' dir='ltr'><strong>ut</strong></span> <span class='ocrx_word' id='word_1_230' title='bbox 510 1741 577 1783; x_wconf 84' lang='lat' dir='ltr'><strong>ex</strong></span> <span class='ocrx_word' id='word_1_231' title='bbox 602 1725 836 1793; x_wconf 90' lang='lat' dir='ltr'><strong>qualibet</strong></span> <span class='ocrx_word' id='word_1_232' title='bbox 861 1720 1143 1779; x_wconf 77' lang='lat' dir='ltr'><strong>occasiorie</strong></span> <span class='ocrx_word' id='word_1_233' title='bbox 1179 1723 1444 1778; x_wconf 88' lang='lat' dir='ltr'><strong>sermonis</strong></span> <span class='ocrx_word' id='word_1_234' title='bbox 1492 1721 1666 1775; x_wconf 89' lang='lat' dir='ltr'><strong>locmn</strong></span> <span class='ocrx_word' id='word_1_235' title='bbox 1719 1722 1850 1777; x_wconf 80' lang='lat' dir='ltr'><strong>inve</strong></span> 
     </span>
    </p>
   </div>
   <div class='ocr_carea' id='block_1_34' title="bbox 1956 1710 3551 1793">
    <p class='ocr_par' dir='ltr' id='par_1_34' title="bbox 2038 1711 3551 1791">
     <span class='ocr_line' id='line_1_34' title="bbox 2038 1711 3551 1791; baseline 0.009 -27"><span class='ocrx_word' id='word_1_236' title='bbox 2038 1711 2102 1765; x_wconf 80' lang='lat' dir='ltr'><strong>At</strong></span> <span class='ocrx_word' id='word_1_237' title='bbox 2127 1712 2205 1766; x_wconf 84' lang='lat' dir='ltr'><strong>illi</strong></span> <span class='ocrx_word' id='word_1_238' title='bbox 2228 1717 2589 1783; x_wconf 81' lang='lat' dir='ltr'><strong>respondentes</strong></span> <span class='ocrx_word' id='word_1_239' title='bbox 2614 1719 2855 1774; x_wconf 75' lang='lat' dir='ltr'><strong>dixerunt</strong></span> <span class='ocrx_word' id='word_1_240' title='bbox 2879 1738 2897 1774; x_wconf 90' lang='lat'><em>:</em></span> <span class='ocrx_word' id='word_1_241' title='bbox 2934 1720 3070 1776; x_wconf 84' lang='lat' dir='ltr'><strong>Reus</strong></span> <span class='ocrx_word' id='word_1_242' title='bbox 3093 1733 3167 1777; x_wconf 88' lang='lat' dir='ltr'><strong>est</strong></span> <span class='ocrx_word' id='word_1_243' title='bbox 3195 1724 3394 1777; x_wconf 87' lang='lat' dir='ltr'><strong>mortis.</strong></span> <span class='ocrx_word' id='word_1_244' title='bbox 3413 1724 3551 1791; x_wconf 88' lang='lat' dir='ltr'><strong>Quia</strong></span> 
     </span>
    </p>
   </div>
   <div class='ocr_carea' id='block_1_35' title="bbox 282 1812 1864 1874">
    <p class='ocr_par' dir='ltr' id='par_1_35' title="bbox 282 1812 1864 1874">
     <span class='ocr_line' id='line_1_35' title="bbox 282 1812 1864 1874; baseline -0.005 0"><span class='ocrx_word' id='word_1_245' title='bbox 282 1820 398 1874; x_wconf 88' lang='lat' dir='ltr'><strong>niat</strong></span> <span class='ocrx_word' id='word_1_246' title='bbox 445 1819 753 1874; x_wconf 86' lang='lat' dir='ltr'><strong>accusandi.</strong></span> <span class='ocrx_word' id='word_1_247' title='bbox 818 1818 1172 1872; x_wconf 86' lang='lat' dir='ltr'><strong>Nihilominus</strong></span> <span class='ocrx_word' id='word_1_248' title='bbox 1228 1816 1383 1872; x_wconf 75' lang='lat' dir='ltr'><strong>Iesus</strong></span> <span class='ocrx_word' id='word_1_249' title='bbox 1425 1821 1586 1869; x_wconf 87' lang='lat' dir='ltr'><strong>tacet.</strong></span> <span class='ocrx_word' id='word_1_250' title='bbox 1647 1812 1864 1867; x_wconf 90' lang='lat' dir='ltr'><strong>Sciebat</strong></span> 
     </span>
    </p>
   </div>
   <div class='ocr_carea' id='block_1_36' title="bbox 281 1901 1859 1979">
    <p class='ocr_par' dir='ltr' id='par_1_36' title="bbox 281 1901 1859 1979">
     <span class='ocr_line' id='line_1_36' title="bbox 281 1901 1859 1979; baseline -0.006 -16"><span class='ocrx_word' id='word_1_251' title='bbox 281 1910 427 1963; x_wconf 87' lang='lat' dir='ltr'><strong>enim</strong></span> <span class='ocrx_word' id='word_1_252' title='bbox 455 1911 608 1978; x_wconf 87' lang='lat' dir='ltr'><strong>quasi</strong></span> <span class='ocrx_word' id='word_1_253' title='bbox 640 1910 779 1964; x_wconf 84' lang='lat' dir='ltr'><strong>Deus</strong></span> <span class='ocrx_word' id='word_1_254' title='bbox 801 1908 1060 1979; x_wconf 81' lang='lat' dir='ltr'><strong>quidquid</strong></span> <span class='ocrx_word' id='word_1_255' title='bbox 1102 1907 1462 1976; x_wconf 87' lang='lat' dir='ltr'><strong>respondisset</strong></span> <span class='ocrx_word' id='word_1_256' title='bbox 1502 1901 1859 1971; x_wconf 88' lang='lat' dir='ltr'><strong>torquendum</strong></span> 
     </span>
    </p>
   </div>
   <div class='ocr_carea' id='block_1_37' title="bbox 278 1998 709 2053">
    <p class='ocr_par' dir='ltr' id='par_1_37' title="bbox 278 1998 709 2053">
     <span class='ocr_line' id='line_1_37' title="bbox 278 1998 709 2053; baseline -0.002 -1"><span class='ocrx_word' id='word_1_257' title='bbox 278 1999 347 2053; x_wconf 89' lang='lat' dir='ltr'><strong>ad</strong></span> <span class='ocrx_word' id='word_1_258' title='bbox 369 1998 709 2053; x_wconf 88' lang='lat' dir='ltr'><strong>calumniam.</strong></span> 
     </span>
    </p>
   </div>
   <div class='ocr_carea' id='block_1_38' title="bbox 349 2081 1857 2160">
    <p class='ocr_par' dir='ltr' id='par_1_38' title="bbox 349 2081 1857 2160">
     <span class='ocr_line' id='line_1_38' title="bbox 349 2081 1857 2160; baseline -0.007 -17"><span class='ocrx_word' id='word_1_259' title='bbox 349 2091 421 2143; x_wconf 84' lang='lat' dir='ltr'><strong>Et</strong></span> <span class='ocrx_word' id='word_1_260' title='bbox 444 2091 680 2160; x_wconf 84' lang='lat' dir='ltr'><strong>princeps</strong></span> <span class='ocrx_word' id='word_1_261' title='bbox 701 2089 1027 2143; x_wconf 85' lang='lat' dir='ltr'><strong>sacerdotum</strong></span> <span class='ocrx_word' id='word_1_262' title='bbox 1049 2088 1121 2140; x_wconf 88' lang='lat' dir='ltr'><strong>ait</strong></span> <span class='ocrx_word' id='word_1_263' title='bbox 1148 2085 1258 2139; x_wconf 90' lang='lat' dir='ltr'><strong>illi:</strong></span> <span class='ocrx_word' id='word_1_264' title='bbox 1281 2084 1483 2154; x_wconf 81' lang='lat' dir='ltr'><strong>Adjuro</strong></span> <span class='ocrx_word' id='word_1_265' title='bbox 1505 2092 1554 2137; x_wconf 85' lang='lat' dir='ltr'><strong>te</strong></span> <span class='ocrx_word' id='word_1_266' title='bbox 1576 2099 1669 2153; x_wconf 87' lang='lat' dir='ltr'><strong>per</strong></span> <span class='ocrx_word' id='word_1_267' title='bbox 1688 2081 1857 2136; x_wconf 88' lang='lat' dir='ltr'><strong>Deum</strong></span> 
     </span>
    </p>
   </div>
   <div class='ocr_carea' id='block_1_39' title="bbox 275 2173 1853 2235">
    <p class='ocr_par' dir='ltr' id='par_1_39' title="bbox 275 2173 1853 2235">
     <span class='ocr_line' id='line_1_39' title="bbox 275 2173 1853 2235; baseline -0.006 0"><span class='ocrx_word' id='word_1_268' title='bbox 275 2182 447 2235; x_wconf 82' lang='lat' dir='ltr'><strong>vivum</strong></span> <span class='ocrx_word' id='word_1_269' title='bbox 492 2188 549 2232; x_wconf 86' lang='lat' dir='ltr'><strong>ut</strong></span> <span class='ocrx_word' id='word_1_270' title='bbox 587 2180 733 2234; x_wconf 84' lang='lat' dir='ltr'><strong>dicas</strong></span> <span class='ocrx_word' id='word_1_271' title='bbox 778 2178 921 2232; x_wconf 81' lang='lat' dir='ltr'><strong>nobis</strong></span> <span class='ocrx_word' id='word_1_272' title='bbox 964 2178 1009 2232; x_wconf 88' lang='lat' dir='ltr'><strong>si</strong></span> <span class='ocrx_word' id='word_1_273' title='bbox 1049 2186 1107 2231; x_wconf 89' lang='lat' dir='ltr'><strong>tu</strong></span> <span class='ocrx_word' id='word_1_274' title='bbox 1145 2194 1198 2231; x_wconf 83' lang='lat' dir='ltr'><strong>es</strong></span> <span class='ocrx_word' id='word_1_275' title='bbox 1233 2174 1472 2230; x_wconf 83' lang='lat' dir='ltr'><strong>Christus</strong></span> <span class='ocrx_word' id='word_1_276' title='bbox 1522 2174 1695 2227; x_wconf 82' lang='lat' dir='ltr'><strong>Filius</strong></span> <span class='ocrx_word' id='word_1_277' title='bbox 1736 2173 1853 2226; x_wconf 86' lang='lat' dir='ltr'><strong>Dei.</strong></span> 
     </span>
    </p>
   </div>
   <div class='ocr_carea' id='block_1_40' title="bbox 275 2265 1853 2338">
    <p class='ocr_par' dir='ltr' id='par_1_40' title="bbox 275 2265 1853 2338">
     <span class='ocr_line' id='line_1_40' title="bbox 275 2265 1853 2338; baseline -0.004 -15"><span class='ocrx_word' id='word_1_278' title='bbox 275 2269 415 2336; x_wconf 86' lang='lat' dir='ltr'><strong>Quid</strong></span> <span class='ocrx_word' id='word_1_279' title='bbox 457 2267 698 2338; x_wconf 89' lang='lat' dir='ltr'><strong>adjuras,</strong></span> <span class='ocrx_word' id='word_1_280' title='bbox 744 2267 1062 2338; x_wconf 88' lang='lat' dir='ltr'><strong>impiissime</strong></span> <span class='ocrx_word' id='word_1_281' title='bbox 1105 2265 1483 2320; x_wconf 83' lang='lat' dir='ltr'><strong>sacerdotum?</strong></span> <span class='ocrx_word' id='word_1_282' title='bbox 1517 2271 1578 2318; x_wconf 92' lang='lat' dir='ltr'><strong>ut</strong></span> <span class='ocrx_word' id='word_1_283' title='bbox 1609 2277 1853 2328; x_wconf 85' lang='lat' dir='ltr'><strong>accuses,</strong></span> 
     </span>
    </p>
   </div>
   <div class='ocr_carea' id='block_1_41' title="bbox 278 2354 1857 2426">
    <p class='ocr_par' dir='ltr' id='par_1_41' title="bbox 278 2354 1857 2426">
     <span class='ocr_line' id='line_1_41' title="bbox 278 2354 1857 2426; baseline -0.004 -13"><span class='ocrx_word' id='word_1_284' title='bbox 278 2374 346 2413; x_wconf 89' lang='lat' dir='ltr'><strong>an</strong></span> <span class='ocrx_word' id='word_1_285' title='bbox 376 2371 435 2413; x_wconf 87' lang='lat' dir='ltr'><strong>ut</strong></span> <span class='ocrx_word' id='word_1_286' title='bbox 461 2358 686 2415; x_wconf 87' lang='lat' dir='ltr'><strong>credas?</strong></span> <span class='ocrx_word' id='word_1_287' title='bbox 709 2356 765 2413; x_wconf 91' lang='lat' dir='ltr'><strong>Si</strong></span> <span class='ocrx_word' id='word_1_288' title='bbox 793 2367 852 2411; x_wconf 90' lang='lat' dir='ltr'><strong>ut</strong></span> <span class='ocrx_word' id='word_1_289' title='bbox 883 2370 1125 2421; x_wconf 88' lang='lat' dir='ltr'><strong>accuses,</strong></span> <span class='ocrx_word' id='word_1_290' title='bbox 1149 2362 1380 2426; x_wconf 82' lang='lat' dir='ltr'><strong>arguunt</strong></span> <span class='ocrx_word' id='word_1_291' title='bbox 1402 2362 1453 2408; x_wconf 91' lang='lat' dir='ltr'><strong>te</strong></span> <span class='ocrx_word' id='word_1_292' title='bbox 1482 2354 1572 2408; x_wconf 88' lang='lat' dir='ltr'><strong>alii</strong></span> <span class='ocrx_word' id='word_1_293' title='bbox 1603 2354 1857 2409; x_wconf 85' lang='lat' dir='ltr'><strong>condem-</strong></span> 
     </span>
    </p>
   </div>
   <div class='ocr_carea' id='block_1_42' title="bbox 272 2441 1856 2513">
    <p class='ocr_par' dir='ltr' id='par_1_42' title="bbox 272 2441 1856 2513">
     <span class='ocr_line' id='line_1_42' title="bbox 272 2441 1856 2513; baseline -0.004 -11"><span class='ocrx_word' id='word_1_294' title='bbox 272 2463 405 2502; x_wconf 87' lang='lat' dir='ltr'><strong>nare</strong></span> <span class='ocrx_word' id='word_1_295' title='bbox 426 2456 712 2502; x_wconf 88' lang='lat' dir='ltr'><strong>tacentem.</strong></span> <span class='ocrx_word' id='word_1_296' title='bbox 744 2446 800 2501; x_wconf 90' lang='lat' dir='ltr'><strong>Si</strong></span> <span class='ocrx_word' id='word_1_297' title='bbox 826 2455 882 2501; x_wconf 92' lang='lat' dir='ltr'><strong>ut</strong></span> <span class='ocrx_word' id='word_1_298' title='bbox 907 2446 1120 2509; x_wconf 91' lang='lat' dir='ltr'><strong>credas,</strong></span> <span class='ocrx_word' id='word_1_299' title='bbox 1148 2459 1315 2513; x_wconf 88' lang='lat' dir='ltr'><strong>quare</strong></span> <span class='ocrx_word' id='word_1_300' title='bbox 1337 2441 1612 2498; x_wconf 88' lang='lat' dir='ltr'><strong>conﬁtenti</strong></span> <span class='ocrx_word' id='word_1_301' title='bbox 1636 2442 1856 2496; x_wconf 86' lang='lat' dir='ltr'><strong>credere</strong></span> 
     </span>
    </p>
   </div>
   <div class='ocr_carea' id='block_1_43' title="bbox 270 2536 527 2591">
    <p class='ocr_par' dir='ltr' id='par_1_43' title="bbox 270 2536 527 2591">
     <span class='ocr_line' id='line_1_43' title="bbox 270 2536 527 2591; baseline 0 -1"><span class='ocrx_word' id='word_1_302' title='bbox 270 2536 527 2591; x_wconf 84' lang='lat' dir='ltr'><strong>noluisti?</strong></span> 
     </span>
    </p>
   </div>
   <div class='ocr_carea' id='block_1_44' title="bbox 337 2623 1851 2698">
    <p class='ocr_par' dir='ltr' id='par_1_44' title="bbox 337 2623 1851 2698">
     <span class='ocr_line' id='line_1_44' title="bbox 337 2623 1851 2698; baseline -0.002 -18"><span class='ocrx_word' id='word_1_303' title='bbox 337 2626 479 2681; x_wconf 87' lang='lat' dir='ltr'><strong>Dicit</strong></span> <span class='ocrx_word' id='word_1_304' title='bbox 503 2626 580 2680; x_wconf 86' lang='lat' dir='ltr'><strong>illi</strong></span> <span class='ocrx_word' id='word_1_305' title='bbox 600 2626 785 2681; x_wconf 84' lang='lat' dir='ltr'><strong>Jesus:</strong></span> <span class='ocrx_word' id='word_1_306' title='bbox 812 2625 889 2680; x_wconf 90' lang='lat' dir='ltr'><strong>Tu</strong></span> <span class='ocrx_word' id='word_1_307' title='bbox 910 2625 1109 2680; x_wconf 75' lang='lat' dir='ltr'><strong>dixisti.</strong></span> <span class='ocrx_word' id='word_1_308' title='bbox 1129 2625 1310 2698; x_wconf 68' lang='grc' dir='ltr'><strong>(ΚΑΒ.)</strong></span> <span class='ocrx_word' id='word_1_309' title='bbox 1334 2625 1602 2680; x_wconf 83' lang='lat' dir='ltr'><strong>Adversus</strong></span> <span class='ocrx_word' id='word_1_310' title='bbox 1619 2623 1851 2678; x_wconf 88' lang='lat' dir='ltr'><strong>Pilatum</strong></span> 
     </span>
    </p>
   </div>
   <div class='ocr_carea' id='block_1_45' title="bbox 266 2716 1852 2789">
    <p class='ocr_par' dir='ltr' id='par_1_45' title="bbox 266 2716 1852 2789">
     <span class='ocr_line' id='line_1_45' title="bbox 266 2716 1852 2789; baseline -0.005 -13"><span class='ocrx_word' id='word_1_311' title='bbox 266 2730 321 2776; x_wconf 89' lang='lat' dir='ltr'><strong>et</strong></span> <span class='ocrx_word' id='word_1_312' title='bbox 345 2721 604 2775; x_wconf 85' lang='lat' dir='ltr'><strong>adversus</strong></span> <span class='ocrx_word' id='word_1_313' title='bbox 624 2719 879 2789; x_wconf 89' lang='lat' dir='ltr'><strong>Caipham</strong></span> <span class='ocrx_word' id='word_1_314' title='bbox 904 2718 1094 2774; x_wconf 87' lang='lat' dir='ltr'><strong>similis</strong></span> <span class='ocrx_word' id='word_1_315' title='bbox 1140 2727 1223 2774; x_wconf 91' lang='lat' dir='ltr'><strong>est</strong></span> <span class='ocrx_word' id='word_1_316' title='bbox 1274 2716 1574 2787; x_wconf 89' lang='lat' dir='ltr'><strong>responsio,</strong></span> <span class='ocrx_word' id='word_1_317' title='bbox 1626 2724 1686 2769; x_wconf 91' lang='lat' dir='ltr'><strong>ut</strong></span> <span class='ocrx_word' id='word_1_318' title='bbox 1728 2728 1852 2784; x_wconf 86' lang='lat' dir='ltr'><strong>pro—</strong></span> 
     </span>
    </p>
   </div>
   <div class='ocr_carea' id='block_1_46' title="bbox 264 2808 1852 2884">
    <p class='ocr_par' dir='ltr' id='par_1_46' title="bbox 264 2808 1852 2884">
     <span class='ocr_line' id='line_1_46' title="bbox 264 2808 1852 2884; baseline -0.003 -16"><span class='ocrx_word' id='word_1_319' title='bbox 264 2815 383 2884; x_wconf 86' lang='lat' dir='ltr'><strong>pria</strong></span> <span class='ocrx_word' id='word_1_320' title='bbox 409 2815 677 2870; x_wconf 88' lang='lat' dir='ltr'><strong>sententia</strong></span> <span class='ocrx_word' id='word_1_321' title='bbox 711 2815 1155 2869; x_wconf 88' lang='lat' dir='ltr'><strong>condemnentur.</strong></span> <span class='ocrx_word' id='word_1_322' title='bbox 1180 2811 1483 2867; x_wconf 84' lang='lat' dir='ltr'><strong>Notandum</strong></span> <span class='ocrx_word' id='word_1_323' title='bbox 1505 2817 1682 2865; x_wconf 86' lang='lat' dir='ltr'><strong>autem</strong></span> <span class='ocrx_word' id='word_1_324' title='bbox 1707 2808 1852 2879; x_wconf 91' lang='lat' dir='ltr'><strong>quod</strong></span> 
     </span>
    </p>
   </div>
   <div class='ocr_carea' id='block_1_47' title="bbox 263 2897 1847 2969">
    <p class='ocr_par' dir='ltr' id='par_1_47' title="bbox 263 2897 1847 2969">
     <span class='ocr_line' id='line_1_47' title="bbox 263 2897 1847 2969; baseline -0.006 -9"><span class='ocrx_word' id='word_1_325' title='bbox 263 2905 353 2961; x_wconf 90' lang='lat' dir='ltr'><strong>hic</strong></span> <span class='ocrx_word' id='word_1_326' title='bbox 377 2905 469 2959; x_wconf 89' lang='lat' dir='ltr'><strong>ubi</strong></span> <span class='ocrx_word' id='word_1_327' title='bbox 493 2904 775 2959; x_wconf 70' lang='lat' dir='ltr'><strong>Mattbaeus</strong></span> <span class='ocrx_word' id='word_1_328' title='bbox 797 2904 976 2969; x_wconf 87' lang='lat' dir='ltr'><strong>habet,</strong></span> <span class='ocrx_word' id='word_1_329' title='bbox 1029 2903 1105 2956; x_wconf 90' lang='lat' dir='ltr'><strong>Tu</strong></span> <span class='ocrx_word' id='word_1_330' title='bbox 1138 2902 1340 2965; x_wconf 69' lang='lat' dir='ltr'><strong>dixisti,</strong></span> <span class='ocrx_word' id='word_1_331' title='bbox 1393 2899 1605 2954; x_wconf 85' lang='lat' dir='ltr'><strong>Marcus</strong></span> <span class='ocrx_word' id='word_1_332' title='bbox 1644 2897 1847 2968; x_wconf 89' lang='lat' dir='ltr'><strong>posuit,</strong></span> 
     </span>
    </p>
   </div>
   <div class='ocr_carea' id='block_1_48' title="bbox 262 2988 1848 3067">
    <p class='ocr_par' dir='ltr' id='par_1_48' title="bbox 262 2988 1848 3067">
     <span class='ocr_line' id='line_1_48' title="bbox 262 2988 1848 3067; baseline -0.005 -16"><span class='ocrx_word' id='word_1_333' title='bbox 262 2996 379 3067; x_wconf 83' lang='lat' dir='ltr'><strong>Ego</strong></span> <span class='ocrx_word' id='word_1_334' title='bbox 404 3013 544 3061; x_wconf 86' lang='lat' dir='ltr'><strong>sum,</strong></span> <span class='ocrx_word' id='word_1_335' title='bbox 565 3005 625 3050; x_wconf 91' lang='lat' dir='ltr'><strong>ut</strong></span> <span class='ocrx_word' id='word_1_336' title='bbox 646 2995 892 3050; x_wconf 88' lang='lat' dir='ltr'><strong>videlicet</strong></span> <span class='ocrx_word' id='word_1_337' title='bbox 915 2993 1224 3048; x_wconf 82' lang='lat' dir='ltr'><strong>ostenderet</strong></span> <span class='ocrx_word' id='word_1_338' title='bbox 1250 2999 1459 3045; x_wconf 87' lang='lat' dir='ltr'><strong>tantum</strong></span> <span class='ocrx_word' id='word_1_339' title='bbox 1489 2989 1685 3054; x_wconf 87' lang='lat' dir='ltr'><strong>valere,</strong></span> <span class='ocrx_word' id='word_1_340' title='bbox 1702 2988 1848 3058; x_wconf 90' lang='lat' dir='ltr'><strong>quod</strong></span> 
     </span>
    </p>
   </div>
   <div class='ocr_carea' id='block_1_49' title="bbox 1965 1799 3548 1872">
    <p class='ocr_par' dir='ltr' id='par_1_49' title="bbox 1965 1799 3548 1872">
     <span class='ocr_line' id='line_1_49' title="bbox 1965 1799 3548 1872; baseline 0.008 -17"><span class='ocrx_word' id='word_1_341' title='bbox 1965 1799 2337 1869; x_wconf 85' lang='lat' dir='ltr'><strong>blasphemum</strong></span> <span class='ocrx_word' id='word_1_342' title='bbox 2367 1814 2691 1872; x_wconf 84' lang='lat' dir='ltr'><strong>putaverunt</strong></span> <span class='ocrx_word' id='word_1_343' title='bbox 2714 1810 2832 1863; x_wconf 92' lang='lat' dir='ltr'><strong>ideo</strong></span> <span class='ocrx_word' id='word_1_344' title='bbox 2860 1811 3007 1864; x_wconf 91' lang='lat' dir='ltr'><strong>illum</strong></span> <span class='ocrx_word' id='word_1_345' title='bbox 3031 1814 3190 1866; x_wconf 92' lang='lat' dir='ltr'><strong>morti</strong></span> <span class='ocrx_word' id='word_1_346' title='bbox 3206 1814 3548 1868; x_wconf 77' lang='lat' dir='ltr'><strong>addixerunt.</strong></span> 
     </span>
    </p>
   </div>
   <div class='ocr_carea' id='block_1_50' title="bbox 1966 1886 3549 1967">
    <p class='ocr_par' dir='ltr' id='par_1_50' title="bbox 1966 1886 3549 1967">
     <span class='ocr_line' id='line_1_50' title="bbox 1966 1886 3549 1967; baseline 0.011 -26"><span class='ocrx_word' id='word_1_347' title='bbox 1966 1886 2072 1942; x_wconf 88' lang='lat' dir='ltr'><strong>Sed</strong></span> <span class='ocrx_word' id='word_1_348' title='bbox 2122 1905 2245 1944; x_wconf 92' lang='lat' dir='ltr'><strong>cum</strong></span> <span class='ocrx_word' id='word_1_349' title='bbox 2305 1892 2437 1961; x_wconf 80' lang='lat' dir='ltr'><strong>legis</strong></span> <span class='ocrx_word' id='word_1_350' title='bbox 2484 1906 2748 1967; x_wconf 74' lang='lat' dir='ltr'><strong>praecepta</strong></span> <span class='ocrx_word' id='word_1_351' title='bbox 2786 1914 2844 1953; x_wconf 91' lang='lat' dir='ltr'><strong>se</strong></span> <span class='ocrx_word' id='word_1_352' title='bbox 2878 1914 3256 1957; x_wconf 88' lang='lat' dir='ltr'><strong>consummare</strong></span> <span class='ocrx_word' id='word_1_353' title='bbox 3300 1905 3549 1961; x_wconf 87' lang='lat' dir='ltr'><strong>arbitrati</strong></span> 
     </span>
    </p>
   </div>
   <div class='ocr_carea' id='block_1_51' title="bbox 1962 1984 3549 2060">
    <p class='ocr_par' dir='ltr' id='par_1_51' title="bbox 1962 1984 3549 2060">
     <span class='ocr_line' id='line_1_51' title="bbox 1962 1984 3549 2060; baseline 0.011 -27"><span class='ocrx_word' id='word_1_354' title='bbox 1962 1988 2107 2044; x_wconf 91' lang='lat' dir='ltr'><strong>sunt,</strong></span> <span class='ocrx_word' id='word_1_355' title='bbox 2137 1990 2322 2036; x_wconf 86' lang='lat' dir='ltr'><strong>contra</strong></span> <span class='ocrx_word' id='word_1_356' title='bbox 2359 1984 2526 2055; x_wconf 77' lang='lat' dir='ltr'><strong>legem</strong></span> <span class='ocrx_word' id='word_1_357' title='bbox 2551 1998 2797 2057; x_wconf 80' lang='lat' dir='ltr'><strong>egerunt,</strong></span> <span class='ocrx_word' id='word_1_358' title='bbox 2840 1991 3051 2047; x_wconf 89' lang='lat' dir='ltr'><strong>dicente</strong></span> <span class='ocrx_word' id='word_1_359' title='bbox 3098 1994 3343 2060; x_wconf 90' lang='lat' dir='ltr'><strong>Domino,</strong></span> <span class='ocrx_word' id='word_1_360' title='bbox 3386 1995 3549 2052; x_wconf 89' lang='lat' dir='ltr'><strong>Inno-</strong></span> 
     </span>
    </p>
   </div>
   <div class='ocr_carea' id='block_1_52' title="bbox 1959 2073 3546 2156">
    <p class='ocr_par' dir='ltr' id='par_1_52' title="bbox 1959 2073 3546 2156">
     <span class='ocr_line' id='line_1_52' title="bbox 1959 2073 3546 2156; baseline 0.013 -34"><span class='ocrx_word' id='word_1_361' title='bbox 1959 2080 2175 2137; x_wconf 88' lang='lat' dir='ltr'><strong>centem,</strong></span> <span class='ocrx_word' id='word_1_362' title='bbox 2209 2083 2256 2125; x_wconf 89' lang='lat' dir='ltr'><strong>et</strong></span> <span class='ocrx_word' id='word_1_363' title='bbox 2278 2073 2483 2142; x_wconf 87' lang='lat' dir='ltr'><strong>justum</strong></span> <span class='ocrx_word' id='word_1_364' title='bbox 2523 2094 2625 2131; x_wconf 85' lang='lat' dir='ltr'><strong>non</strong></span> <span class='ocrx_word' id='word_1_365' title='bbox 2662 2080 2942 2148; x_wconf 83' lang='lat' dir='ltr'><strong>interﬁcies</strong></span> <span class='ocrx_word' id='word_1_366' title='bbox 2981 2082 3177 2151; x_wconf 70' lang='lat' dir='ltr'><strong>(Exod.</strong></span> <span class='ocrx_word' id='word_1_367' title='bbox 3214 2087 3397 2156; x_wconf 79' lang='grc' dir='ltr'>ιιιιιιι).</span> <span class='ocrx_word' id='word_1_368' title='bbox 3428 2086 3546 2142; x_wconf 87' lang='lat' dir='ltr'><strong>Non</strong></span> 
     </span>
    </p>
   </div>
   <div class='ocr_carea' id='block_1_53' title="bbox 1958 2160 3544 2239">
    <p class='ocr_par' dir='ltr' id='par_1_53' title="bbox 1958 2160 3544 2239">
     <span class='ocr_line' id='line_1_53' title="bbox 1958 2160 3544 2239; baseline 0.013 -26"><span class='ocrx_word' id='word_1_369' title='bbox 1958 2160 2102 2214; x_wconf 91' lang='lat' dir='ltr'><strong>enim</strong></span> <span class='ocrx_word' id='word_1_370' title='bbox 2144 2161 2407 2230; x_wconf 85' lang='lat' dir='ltr'><strong>judicium</strong></span> <span class='ocrx_word' id='word_1_371' title='bbox 2455 2168 2897 2239; x_wconf 81' lang='lat' dir='ltr'><strong>observaverunt,</strong></span> <span class='ocrx_word' id='word_1_372' title='bbox 2949 2174 3043 2228; x_wconf 91' lang='lat' dir='ltr'><strong>scd</strong></span> <span class='ocrx_word' id='word_1_373' title='bbox 3084 2186 3410 2231; x_wconf 84' lang='lat' dir='ltr'><strong>exemerunt</strong></span> <span class='ocrx_word' id='word_1_374' title='bbox 3460 2179 3544 2233; x_wconf 87' lang='lat' dir='ltr'><strong>in-</strong></span> 
     </span>
    </p>
   </div>
   <div class='ocr_carea' id='block_1_54' title="bbox 1955 2250 2175 2305">
    <p class='ocr_par' dir='ltr' id='par_1_54' title="bbox 1955 2250 2175 2305">
     <span class='ocr_line' id='line_1_54' title="bbox 1955 2250 2175 2305; baseline 0.018 -4"><span class='ocrx_word' id='word_1_375' title='bbox 1955 2250 2175 2305; x_wconf 88' lang='lat' dir='ltr'><strong>vidiam.</strong></span> 
     </span>
    </p>
   </div>
   <div class='ocr_carea' id='block_1_55' title="bbox 2030 2341 3538 2428">
    <p class='ocr_par' dir='ltr' id='par_1_55' title="bbox 2030 2341 3538 2428">
     <span class='ocr_line' id='line_1_55' title="bbox 2030 2341 3538 2428; baseline 0.014 -33"><span class='ocrx_word' id='word_1_376' title='bbox 2030 2341 2173 2397; x_wconf 87' lang='lat' dir='ltr'><strong>Tunc</strong></span> <span class='ocrx_word' id='word_1_377' title='bbox 2193 2359 2504 2415; x_wconf 68' lang='lat' dir='ltr'><strong>exspuerunt</strong></span> <span class='ocrx_word' id='word_1_378' title='bbox 2532 2351 2585 2404; x_wconf 83' lang='lat' dir='ltr'><strong>in</strong></span> <span class='ocrx_word' id='word_1_379' title='bbox 2611 2351 2799 2420; x_wconf 79' lang='lat' dir='ltr'><strong>faciem</strong></span> <span class='ocrx_word' id='word_1_380' title='bbox 2828 2355 2942 2424; x_wconf 85' lang='lat' dir='ltr'><strong>ejus</strong></span> <span class='ocrx_word' id='word_1_381' title='bbox 2971 2365 3017 2409; x_wconf 87' lang='lat' dir='ltr'><strong>et</strong></span> <span class='ocrx_word' id='word_1_382' title='bbox 3047 2356 3279 2428; x_wconf 81' lang='lat' dir='ltr'><strong>colaphis</strong></span> <span class='ocrx_word' id='word_1_383' title='bbox 3301 2377 3418 2414; x_wconf 87' lang='lat' dir='ltr'><strong>eum</strong></span> <span class='ocrx_word' id='word_1_384' title='bbox 3456 2379 3538 2415; x_wconf 90' lang='lat' dir='ltr'><strong>ce-</strong></span> 
     </span>
    </p>
   </div>
   <div class='ocr_carea' id='block_1_56' title="bbox 1953 2432 3536 2516">
    <p class='ocr_par' dir='ltr' id='par_1_56' title="bbox 1953 2432 3536 2516">
     <span class='ocr_line' id='line_1_56' title="bbox 1953 2432 3536 2516; baseline 0.013 -31"><span class='ocrx_word' id='word_1_385' title='bbox 1953 2432 2210 2488; x_wconf 89' lang='lat' dir='ltr'><strong>ciderunt.</strong></span> <span class='ocrx_word' id='word_1_386' title='bbox 2252 2435 2319 2491; x_wconf 91' lang='lat' dir='ltr'><strong>Ut</strong></span> <span class='ocrx_word' id='word_1_387' title='bbox 2348 2440 2709 2509; x_wconf 83' lang='lat' dir='ltr'><strong>complcrctur</strong></span> <span class='ocrx_word' id='word_1_388' title='bbox 2744 2446 2885 2512; x_wconf 90' lang='lat' dir='ltr'><strong>quod</strong></span> <span class='ocrx_word' id='word_1_389' title='bbox 2928 2447 3184 2516; x_wconf 88' lang='lat' dir='ltr'><strong>scriptum</strong></span> <span class='ocrx_word' id='word_1_390' title='bbox 3242 2460 3324 2504; x_wconf 88' lang='lat' dir='ltr'><strong>est</strong></span> <span class='ocrx_word' id='word_1_391' title='bbox 3357 2469 3369 2502; x_wconf 89' lang='lat'><strong>:</strong></span> <span class='ocrx_word' id='word_1_392' title='bbox 3402 2451 3536 2506; x_wconf 80' lang='lat' dir='ltr'><strong>Dedi</strong></span> 
     </span>
    </p>
   </div>
   <div class='ocr_carea' id='block_1_57' title="bbox 1952 2525 3535 2603">
    <p class='ocr_par' dir='ltr' id='par_1_57' title="bbox 1952 2525 3535 2603">
     <span class='ocr_line' id='line_1_57' title="bbox 1952 2525 3535 2603; baseline 0.013 -28"><span class='ocrx_word' id='word_1_393' title='bbox 1952 2525 2200 2579; x_wconf 77' lang='lat' dir='ltr'><strong>maxillas</strong></span> <span class='ocrx_word' id='word_1_394' title='bbox 2227 2543 2367 2582; x_wconf 86' lang='lat' dir='ltr'><strong>meas</strong></span> <span class='ocrx_word' id='word_1_395' title='bbox 2395 2531 2584 2601; x_wconf 86' lang='lat' dir='ltr'><strong>alapis,</strong></span> <span class='ocrx_word' id='word_1_396' title='bbox 2617 2544 2663 2586; x_wconf 92' lang='lat' dir='ltr'><strong>et</strong></span> <span class='ocrx_word' id='word_1_397' title='bbox 2708 2535 2895 2603; x_wconf 76' lang='lat' dir='ltr'><strong>facient</strong></span> <span class='ocrx_word' id='word_1_398' title='bbox 2942 2553 3109 2591; x_wconf 82' lang='lat' dir='ltr'><strong>meum</strong></span> <span class='ocrx_word' id='word_1_399' title='bbox 3161 2556 3263 2593; x_wconf 87' lang='lat' dir='ltr'><strong>non</strong></span> <span class='ocrx_word' id='word_1_400' title='bbox 3305 2543 3466 2595; x_wconf 79' lang='lat' dir='ltr'><strong>averti</strong></span> <span class='ocrx_word' id='word_1_401' title='bbox 3501 2561 3535 2597; x_wconf 89' lang='lat' dir='ltr'><strong>a</strong></span> 
     </span>
    </p>
   </div>
   <div class='ocr_carea' id='block_1_58' title="bbox 1953 2614 3056 2695">
    <p class='ocr_par' dir='ltr' id='par_1_58' title="bbox 1953 2614 3056 2695">
     <span class='ocr_line' id='line_1_58' title="bbox 1953 2614 3056 2695; baseline 0.012 -27"><span class='ocrx_word' id='word_1_402' title='bbox 1953 2616 2257 2686; x_wconf 78' lang='lat' dir='ltr'><strong>confusione</strong></span> <span class='ocrx_word' id='word_1_403' title='bbox 2277 2629 2545 2689; x_wconf 88' lang='lat' dir='ltr'><strong>sputorum</strong></span> <span class='ocrx_word' id='word_1_404' title='bbox 2579 2622 2741 2694; x_wconf 87' lang='lat' dir='ltr'><strong>(Isai.</strong></span> <span class='ocrx_word' id='word_1_405' title='bbox 2769 2628 2851 2695; x_wconf 83' lang='lat'><strong>1.).</strong></span> <span class='ocrx_word' id='word_1_406' title='bbox 3050 2614 3056 2619; x_wconf 61' lang='grc'><em>’</em></span> 
     </span>
    </p>
   </div>
   <div class='ocr_carea' id='block_1_59' title="bbox 2024 2706 3533 2786">
    <p class='ocr_par' dir='ltr' id='par_1_59' title="bbox 2024 2706 3533 2786">
     <span class='ocr_line' id='line_1_59' title="bbox 2024 2706 3533 2786; baseline 0.011 -27"><span class='ocrx_word' id='word_1_407' title='bbox 2024 2706 2129 2760; x_wconf 82' lang='lat' dir='ltr'><strong>Alii</strong></span> <span class='ocrx_word' id='word_1_408' title='bbox 2157 2719 2329 2763; x_wconf 88' lang='lat' dir='ltr'><strong>autem</strong></span> <span class='ocrx_word' id='word_1_409' title='bbox 2356 2710 2559 2779; x_wconf 86' lang='lat' dir='ltr'><strong>palmas</strong></span> <span class='ocrx_word' id='word_1_410' title='bbox 2583 2714 2636 2767; x_wconf 88' lang='lat' dir='ltr'><strong>in</strong></span> <span class='ocrx_word' id='word_1_411' title='bbox 2660 2714 2847 2783; x_wconf 78' lang='lat' dir='ltr'><strong>faciem</strong></span> <span class='ocrx_word' id='word_1_412' title='bbox 2876 2718 2923 2771; x_wconf 87' lang='lat' dir='ltr'><strong>ei</strong></span> <span class='ocrx_word' id='word_1_413' title='bbox 2945 2718 3222 2786; x_wconf 86' lang='lat' dir='ltr'><strong>dederunt,</strong></span> <span class='ocrx_word' id='word_1_414' title='bbox 3270 2721 3533 2776; x_wconf 79' lang='lat' dir='ltr'><strong>dicentes:</strong></span> 
     </span>
    </p>
   </div>
   <div class='ocr_carea' id='block_1_60' title="bbox 1953 2794 3537 2882">
    <p class='ocr_par' dir='ltr' id='par_1_60' title="bbox 1953 2794 3537 2882">
     <span class='ocr_line' id='line_1_60' title="bbox 1953 2794 3537 2882; baseline 0.013 -34"><span class='ocrx_word' id='word_1_415' title='bbox 1953 2794 2265 2867; x_wconf 76' lang='lat' dir='ltr'><strong>PrOpIIetiza</strong></span> <span class='ocrx_word' id='word_1_416' title='bbox 2293 2802 2461 2868; x_wconf 84' lang='lat' dir='ltr'><strong>nobis,</strong></span> <span class='ocrx_word' id='word_1_417' title='bbox 2489 2802 2711 2872; x_wconf 84' lang='lat' dir='ltr'><strong>Christe,</strong></span> <span class='ocrx_word' id='word_1_418' title='bbox 2746 2810 2863 2878; x_wconf 84' lang='lat' dir='ltr'><strong>quis</strong></span> <span class='ocrx_word' id='word_1_419' title='bbox 2899 2819 2973 2863; x_wconf 89' lang='lat' dir='ltr'><strong>est</strong></span> <span class='ocrx_word' id='word_1_420' title='bbox 3011 2813 3099 2881; x_wconf 89' lang='lat' dir='ltr'><strong>qui</strong></span> <span class='ocrx_word' id='word_1_421' title='bbox 3151 2822 3201 2865; x_wconf 93' lang='lat' dir='ltr'><strong>te</strong></span> <span class='ocrx_word' id='word_1_422' title='bbox 3246 2814 3537 2882; x_wconf 81' lang='lat' dir='ltr'><strong>percussit?</strong></span> 
     </span>
    </p>
   </div>
   <div class='ocr_carea' id='block_1_61' title="bbox 1952 2885 3530 2971">
    <p class='ocr_par' dir='ltr' id='par_1_61' title="bbox 1952 2885 3530 2971">
     <span class='ocr_line' id='line_1_61' title="bbox 1952 2885 3530 2971; baseline 0.013 -32"><span class='ocrx_word' id='word_1_423' title='bbox 1952 2885 2053 2954; x_wconf 87' lang='lat' dir='ltr'><strong>Qui</strong></span> <span class='ocrx_word' id='word_1_424' title='bbox 2077 2896 2204 2943; x_wconf 92' lang='lat' dir='ltr'><strong>tunc</strong></span> <span class='ocrx_word' id='word_1_425' title='bbox 2229 2906 2401 2945; x_wconf 66' lang='lat' dir='ltr'><strong>caesus</strong></span> <span class='ocrx_word' id='word_1_426' title='bbox 2430 2901 2512 2947; x_wconf 89' lang='lat' dir='ltr'><strong>est</strong></span> <span class='ocrx_word' id='word_1_427' title='bbox 2541 2895 2779 2964; x_wconf 86' lang='lat' dir='ltr'><strong>colaphis</strong></span> <span class='ocrx_word' id='word_1_428' title='bbox 2826 2900 2940 2954; x_wconf 88' lang='lat' dir='ltr'><strong>sive</strong></span> <span class='ocrx_word' id='word_1_429' title='bbox 2983 2902 3153 2971; x_wconf 85' lang='lat' dir='ltr'><strong>alapis</strong></span> <span class='ocrx_word' id='word_1_430' title='bbox 3204 2902 3530 2969; x_wconf 70' lang='lat' dir='ltr'><strong>Iudaeorum,</strong></span> 
     </span>
    </p>
   </div>
   <div class='ocr_carea' id='block_1_62' title="bbox 1951 2977 3530 3056">
    <p class='ocr_par' dir='ltr' id='par_1_62' title="bbox 1951 2977 3530 3056">
     <span class='ocr_line' id='line_1_62' title="bbox 1951 2977 3530 3056; baseline 0.012 -25"><span class='ocrx_word' id='word_1_431' title='bbox 1951 2977 2176 3033; x_wconf 66' lang='lat' dir='ltr'><strong>caeditur</strong></span> <span class='ocrx_word' id='word_1_432' title='bbox 2203 2981 2370 3035; x_wconf 89' lang='lat' dir='ltr'><strong>etiam</strong></span> <span class='ocrx_word' id='word_1_433' title='bbox 2409 3000 2550 3038; x_wconf 90' lang='lat' dir='ltr'><strong>nunc</strong></span> <span class='ocrx_word' id='word_1_434' title='bbox 2581 2986 2926 3056; x_wconf 80' lang='lat' dir='ltr'><strong>blasphetniis</strong></span> <span class='ocrx_word' id='word_1_435' title='bbox 2964 2990 3222 3046; x_wconf 91' lang='lat' dir='ltr'><strong>falsorum</strong></span> <span class='ocrx_word' id='word_1_436' title='bbox 3263 2994 3530 3050; x_wconf 88' lang='lat' dir='ltr'><strong>Christia-</strong></span> 
     </span>
    </p>
   </div>
   <div class='ocr_carea' id='block_1_63' title="bbox 262 3072 1850 3152">
    <p class='ocr_par' dir='ltr' id='par_1_63' title="bbox 262 3077 1844 3152">
     <span class='ocr_line' id='line_1_63' title="bbox 262 3077 1844 3152; baseline -0.006 -11"><span class='ocrx_word' id='word_1_437' title='bbox 262 3087 312 3141; x_wconf 90' lang='lat' dir='ltr'><strong>ei</strong></span> <span class='ocrx_word' id='word_1_438' title='bbox 340 3086 472 3141; x_wconf 91' lang='lat' dir='ltr'><strong>dicit</strong></span> <span class='ocrx_word' id='word_1_439' title='bbox 496 3085 654 3141; x_wconf 85' lang='lat' dir='ltr'><strong>Jesus</strong></span> <span class='ocrx_word' id='word_1_440' title='bbox 679 3083 756 3137; x_wconf 87' lang='lat' dir='ltr'><strong>Tu</strong></span> <span class='ocrx_word' id='word_1_441' title='bbox 776 3084 975 3146; x_wconf 70' lang='lat' dir='ltr'><strong>dixisti,</strong></span> <span class='ocrx_word' id='word_1_442' title='bbox 1006 3090 1265 3152; x_wconf 90' lang='lat' dir='ltr'><strong>quantum</strong></span> <span class='ocrx_word' id='word_1_443' title='bbox 1280 3081 1322 3135; x_wconf 91' lang='lat' dir='ltr'><strong>si</strong></span> <span class='ocrx_word' id='word_1_444' title='bbox 1339 3081 1561 3143; x_wconf 88' lang='lat' dir='ltr'><strong>diceret,</strong></span> <span class='ocrx_word' id='word_1_445' title='bbox 1580 3077 1692 3149; x_wconf 88' lang='lat' dir='ltr'><strong>Ego</strong></span> <span class='ocrx_word' id='word_1_446' title='bbox 1706 3095 1844 3132; x_wconf 87' lang='lat' dir='ltr'><strong>sum.</strong></span> 
     </span>
    </p>
   </div>
   <div class='ocr_carea' id='block_1_64' title="bbox 1956 3072 3529 3152">
    <p class='ocr_par' dir='ltr' id='par_1_64' title="bbox 1956 3072 3529 3151">
     <span class='ocr_line' id='line_1_64' title="bbox 1956 3072 3529 3151; baseline 0.011 -28"><span class='ocrx_word' id='word_1_447' title='bbox 1956 3085 2163 3125; x_wconf 90' lang='lat' dir='ltr'><strong>norum.</strong></span> <span class='ocrx_word' id='word_1_448' title='bbox 2209 3072 2309 3140; x_wconf 91' lang='lat' dir='ltr'><strong>Qui</strong></span> <span class='ocrx_word' id='word_1_449' title='bbox 2341 3082 2469 3129; x_wconf 89' lang='lat' dir='ltr'><strong>tunc</strong></span> <span class='ocrx_word' id='word_1_450' title='bbox 2513 3088 2806 3147; x_wconf 88' lang='lat' dir='ltr'><strong>consputus</strong></span> <span class='ocrx_word' id='word_1_451' title='bbox 2851 3086 2936 3135; x_wconf 81' lang='lat' dir='ltr'><strong>eSt</strong></span> <span class='ocrx_word' id='word_1_452' title='bbox 2984 3082 3170 3137; x_wconf 82' lang='lat' dir='ltr'><strong>salivis</strong></span> <span class='ocrx_word' id='word_1_453' title='bbox 3216 3085 3529 3151; x_wconf 85' lang='lat' dir='ltr'><strong>inﬁdelium,</strong></span> 
     </span>
    </p>
   </div>
   <div class='ocr_carea' id='block_1_65' title="bbox 338 3169 1843 3238">
    <p class='ocr_par' dir='ltr' id='par_1_65' title="bbox 338 3169 1843 3238">
     <span class='ocr_line' id='line_1_65' title="bbox 338 3169 1843 3238; baseline -0.007 -7"><span class='ocrx_word' id='word_1_454' title='bbox 338 3177 708 3232; x_wconf 82' lang='lat' dir='ltr'><strong>Verumtamen</strong></span> <span class='ocrx_word' id='word_1_455' title='bbox 768 3175 884 3228; x_wconf 88' lang='lat' dir='ltr'><strong>dico</strong></span> <span class='ocrx_word' id='word_1_456' title='bbox 936 3174 1099 3238; x_wconf 86' lang='lat' dir='ltr'><strong>vobis,</strong></span> <span class='ocrx_word' id='word_1_457' title='bbox 1150 3172 1339 3226; x_wconf 90' lang='lat' dir='ltr'><strong>amodo</strong></span> <span class='ocrx_word' id='word_1_458' title='bbox 1392 3170 1629 3224; x_wconf 85' lang='lat' dir='ltr'><strong>videbitis</strong></span> <span class='ocrx_word' id='word_1_459' title='bbox 1674 3169 1843 3238; x_wconf 83' lang='lat' dir='ltr'><strong>ﬁlium</strong></span> 
     </span>
    </p>
   </div>
   <div class='ocr_carea' id='block_1_66' title="bbox 259 3257 1843 3324">
    <p class='ocr_par' dir='ltr' id='par_1_66' title="bbox 259 3257 1843 3324">
     <span class='ocr_line' id='line_1_66' title="bbox 259 3257 1843 3324; baseline -0.008 -2"><span class='ocrx_word' id='word_1_460' title='bbox 259 3267 483 3323; x_wconf 82' lang='lat' dir='ltr'><strong>hominis</strong></span> <span class='ocrx_word' id='word_1_461' title='bbox 497 3265 757 3319; x_wconf 88' lang='lat' dir='ltr'><strong>sedentem</strong></span> <span class='ocrx_word' id='word_1_462' title='bbox 780 3281 812 3317; x_wconf 91' lang='lat' dir='ltr'><strong>a</strong></span> <span class='ocrx_word' id='word_1_463' title='bbox 836 3263 1034 3317; x_wconf 74' lang='lat' dir='ltr'><strong>dextris</strong></span> <span class='ocrx_word' id='word_1_464' title='bbox 1056 3263 1257 3317; x_wconf 83' lang='lat' dir='ltr'><strong>virtutis</strong></span> <span class='ocrx_word' id='word_1_465' title='bbox 1277 3260 1395 3324; x_wconf 89' lang='lat' dir='ltr'><strong>Dei,</strong></span> <span class='ocrx_word' id='word_1_466' title='bbox 1421 3268 1467 3313; x_wconf 87' lang='lat' dir='ltr'><strong>et</strong></span> <span class='ocrx_word' id='word_1_467' title='bbox 1489 3259 1768 3312; x_wconf 81' lang='lat' dir='ltr'><strong>venientem</strong></span> <span class='ocrx_word' id='word_1_468' title='bbox 1790 3257 1843 3311; x_wconf 87' lang='lat' dir='ltr'><strong>in</strong></span> 
     </span>
    </p>
   </div>
   <div class='ocr_carea' id='block_1_67' title="bbox 261 3346 1843 3424">
    <p class='ocr_par' dir='ltr' id='par_1_67' title="bbox 261 3346 1843 3424">
     <span class='ocr_line' id='line_1_67' title="bbox 261 3346 1843 3424; baseline -0.008 -11"><span class='ocrx_word' id='word_1_469' title='bbox 261 3357 484 3413; x_wconf 83' lang='lat' dir='ltr'><strong>nubibus</strong></span> <span class='ocrx_word' id='word_1_470' title='bbox 511 3354 644 3408; x_wconf 87' lang='lat' dir='ltr'><strong>coeli.</strong></span> <span class='ocrx_word' id='word_1_471' title='bbox 671 3352 729 3408; x_wconf 92' lang='lat' dir='ltr'><strong>Si</strong></span> <span class='ocrx_word' id='word_1_472' title='bbox 770 3368 915 3424; x_wconf 81' lang='lat' dir='ltr'><strong>ergo</strong></span> <span class='ocrx_word' id='word_1_473' title='bbox 946 3352 1041 3406; x_wconf 89' lang='lat' dir='ltr'><strong>tibi</strong></span> <span class='ocrx_word' id='word_1_474' title='bbox 1089 3352 1142 3405; x_wconf 91' lang='lat' dir='ltr'><strong>in</strong></span> <span class='ocrx_word' id='word_1_475' title='bbox 1180 3349 1426 3413; x_wconf 89' lang='lat' dir='ltr'><strong>Christo,</strong></span> <span class='ocrx_word' id='word_1_476' title='bbox 1468 3363 1502 3402; x_wconf 88' lang='grc' dir='ltr'>ο</span> <span class='ocrx_word' id='word_1_477' title='bbox 1526 3346 1707 3402; x_wconf 69' lang='grc' dir='ltr'>,Ιιιάεθιι</span> <span class='ocrx_word' id='word_1_478' title='bbox 1749 3362 1843 3416; x_wconf 89' lang='lat' dir='ltr'><strong>pa-</strong></span> 
     </span>
    </p>
   </div>
   <div class='ocr_carea' id='block_1_68' title="bbox 264 3439 1842 3520">
    <p class='ocr_par' dir='ltr' id='par_1_68' title="bbox 264 3439 1842 3520">
     <span class='ocr_line' id='line_1_68' title="bbox 264 3439 1842 3520; baseline -0.01 -18"><span class='ocrx_word' id='word_1_479' title='bbox 264 3464 403 3520; x_wconf 76' lang='lat' dir='ltr'><strong>gana</strong></span> <span class='ocrx_word' id='word_1_480' title='bbox 430 3454 484 3501; x_wconf 86' lang='lat' dir='ltr'><strong>et</strong></span> <span class='ocrx_word' id='word_1_481' title='bbox 508 3445 784 3509; x_wconf 63' lang='lat' dir='ltr'><strong>haeretica,</strong></span> <span class='ocrx_word' id='word_1_482' title='bbox 803 3449 1144 3510; x_wconf 87' lang='lat' dir='ltr'><strong>contemptus</strong></span> <span class='ocrx_word' id='word_1_483' title='bbox 1167 3439 1470 3503; x_wconf 89' lang='lat' dir='ltr'><strong>inﬁrmitas,</strong></span> <span class='ocrx_word' id='word_1_484' title='bbox 1494 3453 1630 3492; x_wconf 80' lang='lat' dir='ltr'><strong>crux</strong></span> <span class='ocrx_word' id='word_1_485' title='bbox 1654 3443 1842 3491; x_wconf 92' lang='lat' dir='ltr'><strong>contu-</strong></span> 
     </span>
    </p>
   </div>
   <div class='ocr_carea' id='block_1_69' title="bbox 261 3527 1842 3602">
    <p class='ocr_par' dir='ltr' id='par_1_69' title="bbox 261 3527 1842 3602">
     <span class='ocr_line' id='line_1_69' title="bbox 261 3527 1842 3602; baseline -0.008 -8"><span class='ocrx_word' id='word_1_486' title='bbox 261 3538 425 3594; x_wconf 90' lang='lat' dir='ltr'><strong>Inelia</strong></span> <span class='ocrx_word' id='word_1_487' title='bbox 447 3544 551 3600; x_wconf 91' lang='lat' dir='ltr'><strong>est,</strong></span> <span class='ocrx_word' id='word_1_488' title='bbox 578 3534 699 3588; x_wconf 87' lang='lat' dir='ltr'><strong>vide</strong></span> <span class='ocrx_word' id='word_1_489' title='bbox 726 3534 849 3602; x_wconf 83' lang='lat' dir='ltr'><strong>quia</strong></span> <span class='ocrx_word' id='word_1_490' title='bbox 878 3547 973 3601; x_wconf 88' lang='lat' dir='ltr'><strong>per</strong></span> <span class='ocrx_word' id='word_1_491' title='bbox 1002 3532 1115 3585; x_wconf 61' lang='lat' dir='ltr'><strong>hinc</strong></span> <span class='ocrx_word' id='word_1_492' title='bbox 1137 3529 1275 3584; x_wconf 90' lang='lat' dir='ltr'><strong>lilius</strong></span> <span class='ocrx_word' id='word_1_493' title='bbox 1304 3528 1537 3584; x_wconf 87' lang='lat' dir='ltr'><strong>hominis</strong></span> <span class='ocrx_word' id='word_1_494' title='bbox 1562 3527 1630 3582; x_wconf 89' lang='lat' dir='ltr'><strong>ad</strong></span> <span class='ocrx_word' id='word_1_495' title='bbox 1658 3528 1842 3582; x_wconf 74' lang='lat' dir='ltr'><strong>dexte-</strong></span> 
     </span>
    </p>
   </div>
   <div class='ocr_carea' id='block_1_70' title="bbox 263 3616 1841 3687">
    <p class='ocr_par' dir='ltr' id='par_1_70' title="bbox 263 3616 1841 3687">
     <span class='ocr_line' id='line_1_70' title="bbox 263 3616 1841 3687; baseline -0.008 -5"><span class='ocrx_word' id='word_1_496' title='bbox 263 3643 378 3682; x_wconf 89' lang='lat' dir='ltr'><strong>ram</strong></span> <span class='ocrx_word' id='word_1_497' title='bbox 410 3624 503 3679; x_wconf 89' lang='lat' dir='ltr'><strong>Dei</strong></span> <span class='ocrx_word' id='word_1_498' title='bbox 524 3622 702 3677; x_wconf 88' lang='lat' dir='ltr'><strong>Patris</strong></span> <span class='ocrx_word' id='word_1_499' title='bbox 730 3635 997 3683; x_wconf 89' lang='lat' dir='ltr'><strong>sessurus,</strong></span> <span class='ocrx_word' id='word_1_500' title='bbox 1038 3628 1093 3673; x_wconf 90' lang='lat' dir='ltr'><strong>et</strong></span> <span class='ocrx_word' id='word_1_501' title='bbox 1113 3634 1180 3673; x_wconf 84' lang='lat' dir='ltr'><strong>ex</strong></span> <span class='ocrx_word' id='word_1_502' title='bbox 1210 3627 1366 3687; x_wconf 87' lang='lat' dir='ltr'><strong>partu</strong></span> <span class='ocrx_word' id='word_1_503' title='bbox 1411 3616 1636 3687; x_wconf 82' lang='lat' dir='ltr'><strong>virginis</strong></span> <span class='ocrx_word' id='word_1_504' title='bbox 1679 3616 1841 3670; x_wconf 90' lang='lat' dir='ltr'><strong>homo</strong></span> 
     </span>
    </p>
   </div>
   <div class='ocr_carea' id='block_1_71' title="bbox 260 3705 1837 3774">
    <p class='ocr_par' dir='ltr' id='par_1_71' title="bbox 260 3705 1837 3774">
     <span class='ocr_line' id='line_1_71' title="bbox 260 3705 1837 3774; baseline -0.011 0"><span class='ocrx_word' id='word_1_505' title='bbox 260 3726 422 3774; x_wconf 89' lang='lat' dir='ltr'><strong>natus</strong></span> <span class='ocrx_word' id='word_1_506' title='bbox 452 3717 505 3770; x_wconf 91' lang='lat' dir='ltr'><strong>in</strong></span> <span class='ocrx_word' id='word_1_507' title='bbox 543 3730 639 3770; x_wconf 88' lang='lat' dir='ltr'><strong>sua</strong></span> <span class='ocrx_word' id='word_1_508' title='bbox 670 3728 791 3768; x_wconf 90' lang='lat' dir='ltr'><strong>cum</strong></span> <span class='ocrx_word' id='word_1_509' title='bbox 831 3711 953 3766; x_wconf 80' lang='lat' dir='ltr'><strong>cmli</strong></span> <span class='ocrx_word' id='word_1_510' title='bbox 982 3709 1211 3764; x_wconf 90' lang='lat' dir='ltr'><strong>nubibus</strong></span> <span class='ocrx_word' id='word_1_511' title='bbox 1250 3717 1333 3762; x_wconf 87' lang='lat' dir='ltr'><strong>est</strong></span> <span class='ocrx_word' id='word_1_512' title='bbox 1377 3705 1657 3774; x_wconf 87' lang='lat' dir='ltr'><strong>majestate</strong></span> <span class='ocrx_word' id='word_1_513' title='bbox 1706 3719 1837 3758; x_wconf 86' lang='lat' dir='ltr'><strong>ven-</strong></span> 
     </span>
    </p>
   </div>
   <div class='ocr_carea' id='block_1_72' title="bbox 258 3794 1838 3870">
    <p class='ocr_par' dir='ltr' id='par_1_72' title="bbox 258 3794 1838 3870">
     <span class='ocr_line' id='line_1_72' title="bbox 258 3794 1838 3870; baseline -0.008 -8"><span class='ocrx_word' id='word_1_514' title='bbox 258 3819 432 3862; x_wconf 87' lang='lat' dir='ltr'><strong>turus.</strong></span> <span class='ocrx_word' id='word_1_515' title='bbox 465 3804 613 3860; x_wconf 90' lang='lat' dir='ltr'><strong>Unde</strong></span> <span class='ocrx_word' id='word_1_516' title='bbox 641 3812 696 3857; x_wconf 90' lang='lat' dir='ltr'><strong>et</strong></span> <span class='ocrx_word' id='word_1_517' title='bbox 721 3800 1007 3870; x_wconf 88' lang='lat' dir='ltr'><strong>Apostolus</strong></span> <span class='ocrx_word' id='word_1_518' title='bbox 1036 3814 1158 3853; x_wconf 92' lang='lat' dir='ltr'><strong>cum</strong></span> <span class='ocrx_word' id='word_1_519' title='bbox 1201 3798 1379 3853; x_wconf 90' lang='lat' dir='ltr'><strong>crucis</strong></span> <span class='ocrx_word' id='word_1_520' title='bbox 1400 3796 1608 3866; x_wconf 88' lang='lat' dir='ltr'><strong>ahjecta</strong></span> <span class='ocrx_word' id='word_1_521' title='bbox 1636 3794 1838 3850; x_wconf 86' lang='lat' dir='ltr'><strong>descri-</strong></span> 
     </span>
    </p>
   </div>
   <div class='ocr_carea' id='block_1_73' title="bbox 258 3887 1840 3970">
    <p class='ocr_par' dir='ltr' id='par_1_73' title="bbox 258 3887 1840 3970">
     <span class='ocr_line' id='line_1_73' title="bbox 258 3887 1840 3970; baseline -0.01 -16"><span class='ocrx_word' id='word_1_522' title='bbox 258 3900 452 3970; x_wconf 82' lang='lat' dir='ltr'><strong>psisset</strong></span> <span class='ocrx_word' id='word_1_523' title='bbox 473 3897 657 3952; x_wconf 89' lang='lat' dir='ltr'><strong>dicens</strong></span> <span class='ocrx_word' id='word_1_524' title='bbox 679 3910 692 3947; x_wconf 93' lang='lat'>:</span> <span class='ocrx_word' id='word_1_525' title='bbox 718 3894 856 3958; x_wconf 85' lang='lat' dir='ltr'><strong>Quia</strong></span> <span class='ocrx_word' id='word_1_526' title='bbox 877 3890 1167 3945; x_wconf 72' lang='lat' dir='ltr'><strong>humiliari:</strong></span> <span class='ocrx_word' id='word_1_527' title='bbox 1185 3891 1515 3958; x_wconf 83' lang='lat' dir='ltr'><strong>semetipsum</strong></span> <span class='ocrx_word' id='word_1_528' title='bbox 1529 3888 1699 3957; x_wconf 83' lang='lat' dir='ltr'><strong>factus</strong></span> <span class='ocrx_word' id='word_1_529' title='bbox 1722 3887 1840 3939; x_wconf 84' lang='lat' dir='ltr'><strong>obe-</strong></span> 
     </span>
    </p>
   </div>
   <div class='ocr_carea' id='block_1_74' title="bbox 256 3979 1838 4058">
    <p class='ocr_par' dir='ltr' id='par_1_74' title="bbox 256 3979 1838 4058">
     <span class='ocr_line' id='line_1_74' title="bbox 256 3979 1838 4058; baseline -0.006 -14"><span class='ocrx_word' id='word_1_530' title='bbox 256 3991 402 4044; x_wconf 84' lang='lat' dir='ltr'><strong>dicns</strong></span> <span class='ocrx_word' id='word_1_531' title='bbox 426 4004 586 4058; x_wconf 83' lang='lat' dir='ltr'><strong>usque</strong></span> <span class='ocrx_word' id='word_1_532' title='bbox 623 3986 691 4040; x_wconf 90' lang='lat' dir='ltr'><strong>ad</strong></span> <span class='ocrx_word' id='word_1_533' title='bbox 740 3993 977 4049; x_wconf 88' lang='lat' dir='ltr'><strong>mortem,</strong></span> <span class='ocrx_word' id='word_1_534' title='bbox 1023 3990 1238 4036; x_wconf 88' lang='lat' dir='ltr'><strong>mortem</strong></span> <span class='ocrx_word' id='word_1_535' title='bbox 1279 3989 1450 4034; x_wconf 89' lang='lat' dir='ltr'><strong>autem</strong></span> <span class='ocrx_word' id='word_1_536' title='bbox 1507 3979 1696 4043; x_wconf 85' lang='lat' dir='ltr'><strong>crucis,</strong></span> <span class='ocrx_word' id='word_1_537' title='bbox 1745 3982 1838 4035; x_wconf 90' lang='lat' dir='ltr'><strong>ad-</strong></span> 
     </span>
    </p>
   </div>
   <div class='ocr_carea' id='block_1_75' title="bbox 252 4072 1840 4155">
    <p class='ocr_par' dir='ltr' id='par_1_75' title="bbox 252 4072 1840 4155">
     <span class='ocr_line' id='line_1_75' title="bbox 252 4072 1840 4155; baseline -0.009 -16"><span class='ocrx_word' id='word_1_538' title='bbox 252 4084 429 4155; x_wconf 77' lang='lat' dir='ltr'><strong>junxit</strong></span> <span class='ocrx_word' id='word_1_539' title='bbox 455 4091 619 4150; x_wconf 88' lang='lat' dir='ltr'><strong>atque</strong></span> <span class='ocrx_word' id='word_1_540' title='bbox 645 4080 721 4133; x_wconf 89' lang='lat' dir='ltr'><strong>ait</strong></span> <span class='ocrx_word' id='word_1_541' title='bbox 754 4096 767 4132; x_wconf 88' lang='lat'><strong>:</strong></span> <span class='ocrx_word' id='word_1_542' title='bbox 798 4077 1019 4147; x_wconf 77' lang='lat' dir='ltr'><strong>Propter</strong></span> <span class='ocrx_word' id='word_1_543' title='bbox 1051 4074 1187 4145; x_wconf 92' lang='lat' dir='ltr'><strong>quod</strong></span> <span class='ocrx_word' id='word_1_544' title='bbox 1234 4084 1284 4128; x_wconf 84' lang='lat' dir='ltr'><strong>et</strong></span> <span class='ocrx_word' id='word_1_545' title='bbox 1326 4073 1466 4128; x_wconf 88' lang='lat' dir='ltr'><strong>Deus</strong></span> <span class='ocrx_word' id='word_1_546' title='bbox 1506 4072 1652 4125; x_wconf 88' lang='lat' dir='ltr'><strong>illum</strong></span> <span class='ocrx_word' id='word_1_547' title='bbox 1695 4072 1840 4126; x_wconf 74' lang='lat' dir='ltr'><strong>exal-</strong></span> 
     </span>
    </p>
   </div>
   <div class='ocr_carea' id='block_1_76' title="bbox 255 4163 1833 4235">
    <p class='ocr_par' dir='ltr' id='par_1_76' title="bbox 255 4163 1833 4235">
     <span class='ocr_line' id='line_1_76' title="bbox 255 4163 1833 4235; baseline -0.008 -7"><span class='ocrx_word' id='word_1_548' title='bbox 255 4175 378 4230; x_wconf 84' lang='lat' dir='ltr'><strong>tavit</strong></span> <span class='ocrx_word' id='word_1_549' title='bbox 408 4182 456 4228; x_wconf 87' lang='lat' dir='ltr'><strong>et</strong></span> <span class='ocrx_word' id='word_1_550' title='bbox 480 4171 688 4225; x_wconf 87' lang='lat' dir='ltr'><strong>donavit</strong></span> <span class='ocrx_word' id='word_1_551' title='bbox 704 4168 781 4223; x_wconf 78' lang='lat' dir='ltr'><strong>Illi</strong></span> <span class='ocrx_word' id='word_1_552' title='bbox 812 4183 996 4221; x_wconf 88' lang='lat' dir='ltr'><strong>nomen</strong></span> <span class='ocrx_word' id='word_1_553' title='bbox 1023 4163 1161 4235; x_wconf 87' lang='lat' dir='ltr'><strong>quod</strong></span> <span class='ocrx_word' id='word_1_554' title='bbox 1175 4175 1247 4218; x_wconf 82' lang='lat' dir='ltr'><strong>est</strong></span> <span class='ocrx_word' id='word_1_555' title='bbox 1275 4181 1431 4234; x_wconf 84' lang='lat' dir='ltr'><strong>super</strong></span> <span class='ocrx_word' id='word_1_556' title='bbox 1455 4179 1604 4216; x_wconf 91' lang='lat' dir='ltr'><strong>omne</strong></span> <span class='ocrx_word' id='word_1_557' title='bbox 1628 4180 1833 4228; x_wconf 87' lang='lat' dir='ltr'><strong>nomen,</strong></span> 
     </span>
    </p>
   </div>
   <div class='ocr_carea' id='block_1_77' title="bbox 253 4253 1838 4326">
    <p class='ocr_par' dir='ltr' id='par_1_77' title="bbox 253 4253 1838 4326">
     <span class='ocr_line' id='line_1_77' title="bbox 253 4253 1838 4326; baseline -0.008 -9"><span class='ocrx_word' id='word_1_558' title='bbox 253 4275 307 4318; x_wconf 90' lang='lat' dir='ltr'><strong>ut</strong></span> <span class='ocrx_word' id='word_1_559' title='bbox 328 4266 383 4319; x_wconf 91' lang='lat' dir='ltr'><strong>in</strong></span> <span class='ocrx_word' id='word_1_560' title='bbox 410 4261 621 4317; x_wconf 87' lang='lat' dir='ltr'><strong>nomine</strong></span> <span class='ocrx_word' id='word_1_561' title='bbox 656 4259 784 4313; x_wconf 83' lang='lat' dir='ltr'><strong>Jesu</strong></span> <span class='ocrx_word' id='word_1_562' title='bbox 811 4273 961 4310; x_wconf 89' lang='lat' dir='ltr'><strong>omne</strong></span> <span class='ocrx_word' id='word_1_563' title='bbox 989 4272 1123 4326; x_wconf 85' lang='lat' dir='ltr'><strong>genu</strong></span> <span class='ocrx_word' id='word_1_564' title='bbox 1148 4256 1392 4324; x_wconf 81' lang='lat' dir='ltr'><strong>flectatur</strong></span> <span class='ocrx_word' id='word_1_565' title='bbox 1413 4253 1713 4318; x_wconf 74' lang='lat' dir='ltr'><strong>caelestium,</strong></span> <span class='ocrx_word' id='word_1_566' title='bbox 1738 4263 1838 4306; x_wconf 86' lang='lat' dir='ltr'><strong>ter-</strong></span> 
     </span>
    </p>
   </div>
   <div class='ocr_carea' id='block_1_78' title="bbox 253 4344 1838 4421">
    <p class='ocr_par' dir='ltr' id='par_1_78' title="bbox 253 4344 1838 4421">
     <span class='ocr_line' id='line_1_78' title="bbox 253 4344 1838 4421; baseline -0.008 -10"><span class='ocrx_word' id='word_1_567' title='bbox 253 4359 518 4420; x_wconf 87' lang='lat' dir='ltr'><strong>restrium,</strong></span> <span class='ocrx_word' id='word_1_568' title='bbox 539 4363 586 4408; x_wconf 89' lang='lat' dir='ltr'><strong>et</strong></span> <span class='ocrx_word' id='word_1_569' title='bbox 615 4351 961 4421; x_wconf 73' lang='lat' dir='ltr'><strong>infernarum,</strong></span> <span class='ocrx_word' id='word_1_570' title='bbox 1000 4357 1048 4402; x_wconf 88' lang='lat' dir='ltr'><strong>et</strong></span> <span class='ocrx_word' id='word_1_571' title='bbox 1096 4345 1262 4400; x_wconf 88' lang='lat' dir='ltr'><strong>omnis</strong></span> <span class='ocrx_word' id='word_1_572' title='bbox 1320 4344 1501 4415; x_wconf 89' lang='lat' dir='ltr'><strong>lingua</strong></span> <span class='ocrx_word' id='word_1_573' title='bbox 1531 4345 1838 4412; x_wconf 80' lang='lat' dir='ltr'><strong>conﬁteatur</strong></span> 
     </span>
    </p>
   </div>
   <div class='ocr_carea' id='block_1_79' title="bbox 1950 3166 3535 3232">
    <p class='ocr_par' dir='ltr' id='par_1_79' title="bbox 1950 3166 3535 3232">
     <span class='ocr_line' id='line_1_79' title="bbox 1950 3166 3535 3232; baseline 0.013 -20"><span class='ocrx_word' id='word_1_574' title='bbox 1950 3175 2094 3215; x_wconf 92' lang='lat' dir='ltr'><strong>nunc</strong></span> <span class='ocrx_word' id='word_1_575' title='bbox 2124 3176 2295 3232; x_wconf 88' lang='lat' dir='ltr'><strong>usque</strong></span> <span class='ocrx_word' id='word_1_576' title='bbox 2324 3166 2534 3221; x_wconf 83' lang='lat' dir='ltr'><strong>vesanis</strong></span> <span class='ocrx_word' id='word_1_577' title='bbox 2574 3169 2789 3222; x_wconf 90' lang='lat' dir='ltr'><strong>nomine</strong></span> <span class='ocrx_word' id='word_1_578' title='bbox 2831 3179 2987 3225; x_wconf 90' lang='lat' dir='ltr'><strong>tenus</strong></span> <span class='ocrx_word' id='word_1_579' title='bbox 3026 3171 3263 3227; x_wconf 89' lang='lat' dir='ltr'><strong>ﬁdelium</strong></span> <span class='ocrx_word' id='word_1_580' title='bbox 3300 3176 3535 3231; x_wconf 83' lang='lat' dir='ltr'><strong>exhono-</strong></span> 
     </span>
    </p>
   </div>
   <div class='ocr_carea' id='block_1_80' title="bbox 1948 3256 3531 3328">
    <p class='ocr_par' dir='ltr' id='par_1_80' title="bbox 1948 3256 3531 3328">
     <span class='ocr_line' id='line_1_80' title="bbox 1948 3256 3531 3328; baseline 0.01 -24"><span class='ocrx_word' id='word_1_581' title='bbox 1948 3259 2101 3305; x_wconf 84' lang='lat' dir='ltr'><strong>ratur</strong></span> <span class='ocrx_word' id='word_1_582' title='bbox 2125 3261 2286 3322; x_wconf 86' lang='lat' dir='ltr'><strong>atque</strong></span> <span class='ocrx_word' id='word_1_583' title='bbox 2313 3256 2560 3311; x_wconf 79' lang='lat' dir='ltr'><strong>irritatur</strong></span> <span class='ocrx_word' id='word_1_584' title='bbox 2606 3259 2927 3328; x_wconf 67' lang='lat' dir='ltr'><strong>opprobriis.</strong></span> <span class='ocrx_word' id='word_1_585' title='bbox 2981 3261 3306 3317; x_wconf 81' lang='lat' dir='ltr'><strong>Velaverunt</strong></span> <span class='ocrx_word' id='word_1_586' title='bbox 3350 3273 3531 3320; x_wconf 88' lang='lat' dir='ltr'><strong>autem</strong></span> 
     </span>
    </p>
   </div>
   <div class='ocr_carea' id='block_1_81' title="bbox 1947 3340 3534 3420">
    <p class='ocr_par' dir='ltr' id='par_1_81' title="bbox 1947 3340 3534 3420">
     <span class='ocr_line' id='line_1_81' title="bbox 1947 3340 3534 3420; baseline 0.011 -25"><span class='ocrx_word' id='word_1_587' title='bbox 1947 3340 2142 3398; x_wconf 80' lang='lat' dir='ltr'><strong>faciem</strong></span> <span class='ocrx_word' id='word_1_588' title='bbox 2171 3344 2306 3414; x_wconf 85' lang='lat' dir='ltr'><strong>ejus,</strong></span> <span class='ocrx_word' id='word_1_589' title='bbox 2357 3351 2649 3403; x_wconf 90' lang='lat' dir='ltr'><strong>secundum</strong></span> <span class='ocrx_word' id='word_1_590' title='bbox 2700 3353 2843 3420; x_wconf 86' lang='lat' dir='ltr'><strong>quod</strong></span> <span class='ocrx_word' id='word_1_591' title='bbox 2888 3352 3100 3409; x_wconf 83' lang='lat' dir='ltr'><strong>Marcus</strong></span> <span class='ocrx_word' id='word_1_592' title='bbox 3145 3352 3358 3411; x_wconf 73' lang='lat' dir='ltr'><strong>Iudaeos</strong></span> <span class='ocrx_word' id='word_1_593' title='bbox 3404 3364 3534 3413; x_wconf 89' lang='lat' dir='ltr'><strong>tunc</strong></span> 
     </span>
    </p>
   </div>
   <div class='ocr_carea' id='block_1_82' title="bbox 1945 3430 3531 3522">
    <p class='ocr_par' dir='ltr' id='par_1_82' title="bbox 1945 3430 3531 3522">
     <span class='ocr_line' id='line_1_82' title="bbox 1945 3430 3531 3522; baseline 0.011 -36"><span class='ocrx_word' id='word_1_594' title='bbox 1945 3430 2140 3488; x_wconf 77' lang='lat' dir='ltr'><strong>fecisse</strong></span> <span class='ocrx_word' id='word_1_595' title='bbox 2177 3448 2582 3522; x_wconf 80' lang='lat' dir='ltr'><strong>commemorat,</strong></span> <span class='ocrx_word' id='word_1_596' title='bbox 2613 3457 2719 3496; x_wconf 92' lang='lat' dir='ltr'><strong>non</strong></span> <span class='ocrx_word' id='word_1_597' title='bbox 2742 3451 2801 3496; x_wconf 91' lang='lat' dir='ltr'><strong>ut</strong></span> <span class='ocrx_word' id='word_1_598' title='bbox 2827 3459 3011 3499; x_wconf 91' lang='lat' dir='ltr'><strong>eorum</strong></span> <span class='ocrx_word' id='word_1_599' title='bbox 3045 3446 3248 3502; x_wconf 87' lang='lat' dir='ltr'><strong>scelera</strong></span> <span class='ocrx_word' id='word_1_600' title='bbox 3294 3463 3399 3503; x_wconf 92' lang='lat' dir='ltr'><strong>non</strong></span> <span class='ocrx_word' id='word_1_601' title='bbox 3449 3448 3531 3503; x_wconf 85' lang='lat' dir='ltr'><strong>vi-</strong></span> 
     </span>
    </p>
   </div>
   <div class='ocr_carea' id='block_1_83' title="bbox 1946 3526 3522 3607">
    <p class='ocr_par' dir='ltr' id='par_1_83' title="bbox 1946 3526 3522 3607">
     <span class='ocr_line' id='line_1_83' title="bbox 1946 3526 3522 3607; baseline 0.008 -27"><span class='ocrx_word' id='word_1_602' title='bbox 1946 3526 2088 3592; x_wconf 89' lang='lat' dir='ltr'><strong>deat,</strong></span> <span class='ocrx_word' id='word_1_603' title='bbox 2122 3529 2214 3583; x_wconf 92' lang='lat' dir='ltr'><strong>sed</strong></span> <span class='ocrx_word' id='word_1_604' title='bbox 2240 3538 2298 3583; x_wconf 86' lang='lat' dir='ltr'><strong>ut</strong></span> <span class='ocrx_word' id='word_1_605' title='bbox 2329 3546 2357 3584; x_wconf 89' lang='lat' dir='ltr'><strong>a</strong></span> <span class='ocrx_word' id='word_1_606' title='bbox 2384 3533 2592 3601; x_wconf 32' lang='lat' dir='ltr'><strong>si-ipsis,</strong></span> <span class='ocrx_word' id='word_1_607' title='bbox 2637 3535 2777 3589; x_wconf 88' lang='lat' dir='ltr'><strong>sicut</strong></span> <span class='ocrx_word' id='word_1_608' title='bbox 2822 3539 3092 3604; x_wconf 87' lang='lat' dir='ltr'><strong>quondam</strong></span> <span class='ocrx_word' id='word_1_609' title='bbox 3120 3538 3285 3607; x_wconf 84' lang='lat' dir='ltr'><strong>Moysi</strong></span> <span class='ocrx_word' id='word_1_610' title='bbox 3320 3538 3522 3605; x_wconf 85' lang='lat' dir='ltr'><strong>ferunt,</strong></span> 
     </span>
    </p>
   </div>
   <div class='ocr_carea' id='block_1_84' title="bbox 1944 3617 3524 3687">
    <p class='ocr_par' dir='ltr' id='par_1_84' title="bbox 1944 3617 3524 3687">
     <span class='ocr_line' id='line_1_84' title="bbox 1944 3617 3524 3687; baseline 0.009 -20"><span class='ocrx_word' id='word_1_611' title='bbox 1944 3617 2173 3683; x_wconf 77' lang='lat' dir='ltr'><strong>gratiam</strong></span> <span class='ocrx_word' id='word_1_612' title='bbox 2203 3620 2524 3687; x_wconf 82' lang='lat' dir='ltr'><strong>cognitionis</strong></span> <span class='ocrx_word' id='word_1_613' title='bbox 2542 3621 2655 3687; x_wconf 88' lang='lat' dir='ltr'><strong>ejus</strong></span> <span class='ocrx_word' id='word_1_614' title='bbox 2684 3624 3038 3677; x_wconf 79' lang='lat' dir='ltr'><strong>abscondant.</strong></span> <span class='ocrx_word' id='word_1_615' title='bbox 3076 3624 3132 3677; x_wconf 91' lang='lat' dir='ltr'><strong>Si</strong></span> <span class='ocrx_word' id='word_1_616' title='bbox 3155 3627 3298 3679; x_wconf 90' lang='lat' dir='ltr'><strong>enim</strong></span> <span class='ocrx_word' id='word_1_617' title='bbox 3336 3629 3524 3681; x_wconf 91' lang='lat' dir='ltr'><strong>crede-</strong></span> 
     </span>
    </p>
   </div>
   <div class='ocr_carea' id='block_1_85' title="bbox 1945 3697 3520 3789">
    <p class='ocr_par' dir='ltr' id='par_1_85' title="bbox 1945 3697 3520 3789">
     <span class='ocr_line' id='line_1_85' title="bbox 1945 3697 3520 3789; baseline 0.009 -30"><span class='ocrx_word' id='word_1_618' title='bbox 1945 3716 2065 3761; x_wconf 89' lang='lat' dir='ltr'><strong>rent</strong></span> <span class='ocrx_word' id='word_1_619' title='bbox 2093 3708 2280 3777; x_wconf 81' lang='lat' dir='ltr'><strong>Moysi,</strong></span> <span class='ocrx_word' id='word_1_620' title='bbox 2319 3697 2600 3765; x_wconf 82' lang='lat' dir='ltr'><strong>crederent</strong></span> <span class='ocrx_word' id='word_1_621' title='bbox 2630 3712 2854 3767; x_wconf 83' lang='lat' dir='ltr'><strong>forsitan</strong></span> <span class='ocrx_word' id='word_1_622' title='bbox 2882 3724 2935 3768; x_wconf 91' lang='lat' dir='ltr'><strong>et</strong></span> <span class='ocrx_word' id='word_1_623' title='bbox 2965 3715 3189 3769; x_wconf 89' lang='lat' dir='ltr'><strong>Domino</strong></span> <span class='ocrx_word' id='word_1_624' title='bbox 3219 3717 3406 3785; x_wconf 84' lang='lat' dir='ltr'><strong>(Joan.</strong></span> <span class='ocrx_word' id='word_1_625' title='bbox 3438 3720 3520 3789; x_wconf 90' lang='lat' dir='ltr'><strong>v).</strong></span> 
     </span>
    </p>
   </div>
   <div class='ocr_carea' id='block_1_86' title="bbox 1942 3795 3521 3875">
    <p class='ocr_par' dir='ltr' id='par_1_86' title="bbox 1942 3795 3521 3875">
     <span class='ocr_line' id='line_1_86' title="bbox 1942 3795 3521 3875; baseline 0.007 -24"><span class='ocrx_word' id='word_1_626' title='bbox 1942 3795 2095 3862; x_wconf 87' lang='lat' dir='ltr'><strong>Quod</strong></span> <span class='ocrx_word' id='word_1_627' title='bbox 2126 3799 2482 3854; x_wconf 69' lang='lat' dir='ltr'><strong>velamentum</strong></span> <span class='ocrx_word' id='word_1_628' title='bbox 2515 3817 2683 3872; x_wconf 90' lang='lat' dir='ltr'><strong>usque</strong></span> <span class='ocrx_word' id='word_1_629' title='bbox 2707 3804 2865 3858; x_wconf 88' lang='lat' dir='ltr'><strong>hodie</strong></span> <span class='ocrx_word' id='word_1_630' title='bbox 2889 3813 3069 3859; x_wconf 88' lang='lat' dir='ltr'><strong>manet</strong></span> <span class='ocrx_word' id='word_1_631' title='bbox 3098 3822 3258 3875; x_wconf 87' lang='lat' dir='ltr'><strong>super</strong></span> <span class='ocrx_word' id='word_1_632' title='bbox 3286 3825 3382 3863; x_wconf 88' lang='lat' dir='ltr'><strong>cor</strong></span> <span class='ocrx_word' id='word_1_633' title='bbox 3429 3824 3521 3864; x_wconf 84' lang='lat' dir='ltr'><strong>eo-</strong></span> 
     </span>
    </p>
   </div>
   <div class='ocr_carea' id='block_1_87' title="bbox 1938 3889 3524 3956">
    <p class='ocr_par' dir='ltr' id='par_1_87' title="bbox 1938 3889 3524 3956">
     <span class='ocr_line' id='line_1_87' title="bbox 1938 3889 3524 3956; baseline 0.009 -16"><span class='ocrx_word' id='word_1_634' title='bbox 1938 3902 2060 3941; x_wconf 87' lang='lat' dir='ltr'><strong>rum</strong></span> <span class='ocrx_word' id='word_1_635' title='bbox 2090 3904 2193 3942; x_wconf 91' lang='lat' dir='ltr'><strong>non</strong></span> <span class='ocrx_word' id='word_1_636' title='bbox 2226 3889 2538 3956; x_wconf 89' lang='lat' dir='ltr'><strong>revelatum,</strong></span> <span class='ocrx_word' id='word_1_637' title='bbox 2570 3892 2722 3947; x_wconf 89' lang='lat' dir='ltr'><strong>nobis</strong></span> <span class='ocrx_word' id='word_1_638' title='bbox 2757 3901 2936 3948; x_wconf 90' lang='lat' dir='ltr'><strong>autem</strong></span> <span class='ocrx_word' id='word_1_639' title='bbox 2989 3897 3040 3949; x_wconf 92' lang='lat' dir='ltr'><strong>in</strong></span> <span class='ocrx_word' id='word_1_640' title='bbox 3082 3895 3354 3952; x_wconf 87' lang='lat' dir='ltr'><strong>Christum</strong></span> <span class='ocrx_word' id='word_1_641' title='bbox 3403 3916 3524 3955; x_wconf 87' lang='lat' dir='ltr'><strong>cre-</strong></span> 
     </span>
    </p>
   </div>
   <div class='ocr_carea' id='block_1_88' title="bbox 1942 3979 3526 4052">
    <p class='ocr_par' dir='ltr' id='par_1_88' title="bbox 1942 3979 3526 4052">
     <span class='ocr_line' id='line_1_88' title="bbox 1942 3979 3526 4052; baseline 0.008 -20"><span class='ocrx_word' id='word_1_642' title='bbox 1942 3979 2190 4032; x_wconf 86' lang='lat' dir='ltr'><strong>dentibus</strong></span> <span class='ocrx_word' id='word_1_643' title='bbox 2217 3979 2453 4033; x_wconf 88' lang='lat' dir='ltr'><strong>ablatum</strong></span> <span class='ocrx_word' id='word_1_644' title='bbox 2480 3982 2819 4052; x_wconf 80' lang='lat' dir='ltr'><strong>est.~Neque</strong></span> <span class='ocrx_word' id='word_1_645' title='bbox 2867 3985 3010 4039; x_wconf 88' lang='lat' dir='ltr'><strong>enim</strong></span> <span class='ocrx_word' id='word_1_646' title='bbox 3054 3984 3252 4041; x_wconf 86' lang='lat' dir='ltr'><strong>frustra</strong></span> <span class='ocrx_word' id='word_1_647' title='bbox 3299 4003 3363 4042; x_wconf 88' lang='lat' dir='ltr'><strong>eo</strong></span> <span class='ocrx_word' id='word_1_648' title='bbox 3412 4005 3526 4044; x_wconf 88' lang='lat' dir='ltr'><strong>mo-</strong></span> 
     </span>
    </p>
   </div>
   <div class='ocr_carea' id='block_1_89' title="bbox 1942 4068 3525 4148">
    <p class='ocr_par' dir='ltr' id='par_1_89' title="bbox 1942 4068 3525 4148">
     <span class='ocr_line' id='line_1_89' title="bbox 1942 4068 3525 4148; baseline 0.008 -27"><span class='ocrx_word' id='word_1_649' title='bbox 1942 4068 2116 4123; x_wconf 91' lang='lat' dir='ltr'><strong>riente</strong></span> <span class='ocrx_word' id='word_1_650' title='bbox 2143 4069 2316 4148; x_wconf 79' lang='lat' dir='ltr'><strong>velum</strong></span> <span class='ocrx_word' id='word_1_651' title='bbox 2341 4071 2522 4140; x_wconf 88' lang='lat' dir='ltr'><strong>templi</strong></span> <span class='ocrx_word' id='word_1_652' title='bbox 2558 4073 2785 4148; x_wconf 84' lang='lat' dir='ltr'><strong>scissum</strong></span> <span class='ocrx_word' id='word_1_653' title='bbox 2811 4083 2895 4129; x_wconf 89' lang='lat' dir='ltr'><strong>est</strong></span> <span class='ocrx_word' id='word_1_654' title='bbox 2921 4077 3178 4141; x_wconf 88' lang='lat' dir='ltr'><strong>medium,</strong></span> <span class='ocrx_word' id='word_1_655' title='bbox 3222 4086 3276 4131; x_wconf 91' lang='lat' dir='ltr'><strong>et</strong></span> <span class='ocrx_word' id='word_1_656' title='bbox 3301 4093 3364 4133; x_wconf 89' lang='lat' dir='ltr'><strong>ea</strong></span> <span class='ocrx_word' id='word_1_657' title='bbox 3404 4094 3525 4148; x_wconf 71' lang='lat' dir='ltr'><strong>qua:</strong></span> 
     </span>
    </p>
   </div>
   <div class='ocr_carea' id='block_1_90' title="bbox 1942 4146 3522 4232">
    <p class='ocr_par' dir='ltr' id='par_1_90' title="bbox 1942 4146 3522 4232">
     <span class='ocr_line' id='line_1_90' title="bbox 1942 4146 3522 4232; baseline 0.007 -19"><span class='ocrx_word' id='word_1_658' title='bbox 1942 4167 2054 4214; x_wconf 91' lang='lat' dir='ltr'><strong>toto</strong></span> <span class='ocrx_word' id='word_1_659' title='bbox 2084 4146 2218 4231; x_wconf 68' lang='lat' dir='ltr'><strong>legis</strong></span> <span class='ocrx_word' id='word_1_660' title='bbox 2251 4172 2493 4232; x_wconf 88' lang='lat' dir='ltr'><strong>tempore</strong></span> <span class='ocrx_word' id='word_1_661' title='bbox 2537 4146 2824 4231; x_wconf 80' lang='lat' dir='ltr'><strong>latuerant,</strong></span> <span class='ocrx_word' id='word_1_662' title='bbox 2874 4174 2929 4222; x_wconf 89' lang='lat' dir='ltr'><strong>et</strong></span> <span class='ocrx_word' id='word_1_663' title='bbox 2954 4168 3268 4222; x_wconf 86' lang='lat' dir='ltr'><strong>abscondita</strong></span> <span class='ocrx_word' id='word_1_664' title='bbox 3319 4146 3522 4224; x_wconf 77' lang='lat' dir='ltr'><strong>carnali</strong></span> 
     </span>
    </p>
   </div>
   <div class='ocr_carea' id='block_1_91' title="bbox 1938 4249 3525 4330">
    <p class='ocr_par' dir='ltr' id='par_1_91' title="bbox 1938 4249 3525 4330">
     <span class='ocr_line' id='line_1_91' title="bbox 1938 4249 3525 4330; baseline 0.008 -26"><span class='ocrx_word' id='word_1_665' title='bbox 1938 4249 2103 4305; x_wconf 89' lang='lat' dir='ltr'><strong>Israel</strong></span> <span class='ocrx_word' id='word_1_666' title='bbox 2125 4252 2361 4319; x_wconf 87' lang='lat' dir='ltr'><strong>fuerant,</strong></span> <span class='ocrx_word' id='word_1_667' title='bbox 2405 4252 2537 4309; x_wconf 88' lang='lat' dir='ltr'><strong>Novi</strong></span> <span class='ocrx_word' id='word_1_668' title='bbox 2565 4256 2889 4311; x_wconf 83' lang='lat' dir='ltr'><strong>Testamenti</strong></span> <span class='ocrx_word' id='word_1_669' title='bbox 2908 4258 3199 4315; x_wconf 91' lang='lat' dir='ltr'><strong>cultoribus</strong></span> <span class='ocrx_word' id='word_1_670' title='bbox 3222 4270 3347 4315; x_wconf 89' lang='lat' dir='ltr'><strong>sunt</strong></span> <span class='ocrx_word' id='word_1_671' title='bbox 3374 4270 3525 4330; x_wconf 85' lang='lat' dir='ltr'><strong>pate-</strong></span> 
     </span>
    </p>
   </div>
   <div class='ocr_carea' id='block_1_92' title="bbox 1941 4338 3517 4417">
    <p class='ocr_par' dir='ltr' id='par_1_92' title="bbox 1941 4338 3517 4417">
     <span class='ocr_line' id='line_1_92' title="bbox 1941 4338 3517 4417; baseline 0.008 -24"><span class='ocrx_word' id='word_1_672' title='bbox 1941 4338 2081 4395; x_wconf 87' lang='lat' dir='ltr'><strong>facta</strong></span> <span class='ocrx_word' id='word_1_673' title='bbox 2115 4352 2301 4397; x_wconf 83' lang='lat' dir='ltr'><strong>sancta</strong></span> <span class='ocrx_word' id='word_1_674' title='bbox 2328 4355 2636 4400; x_wconf 90' lang='lat' dir='ltr'><strong>sanctorum</strong></span> <span class='ocrx_word' id='word_1_675' title='bbox 2658 4361 2875 4402; x_wconf 89' lang='lat' dir='ltr'><strong>arcana.</strong></span> <span class='ocrx_word' id='word_1_676' title='bbox 2909 4349 3060 4415; x_wconf 86' lang='lat' dir='ltr'><strong>Quod</strong></span> <span class='ocrx_word' id='word_1_677' title='bbox 3079 4365 3205 4404; x_wconf 88' lang='lat' dir='ltr'><strong>vero</strong></span> <span class='ocrx_word' id='word_1_678' title='bbox 3233 4351 3416 4405; x_wconf 89' lang='lat' dir='ltr'><strong>dicunt</strong></span> <span class='ocrx_word' id='word_1_679' title='bbox 3447 4353 3517 4417; x_wconf 91' lang='lat' dir='ltr'><strong>ei,</strong></span> 
     </span>
    </p>
   </div>
   <div class='ocr_carea' id='block_1_93' title="bbox 251 4431 3517 4518">
    <p class='ocr_par' dir='ltr' id='par_1_93' title="bbox 251 4431 3517 4518">
     <span class='ocr_line' id='line_1_93' title="bbox 251 4431 3517 4518; baseline -0.002 -18"><span class='ocrx_word' id='word_1_680' title='bbox 251 4449 371 4518; x_wconf 85' lang='lat' dir='ltr'><strong>quia</strong></span> <span class='ocrx_word' id='word_1_681' title='bbox 397 4447 556 4501; x_wconf 76' lang='lat' dir='ltr'><strong>Iesus</strong></span> <span class='ocrx_word' id='word_1_682' title='bbox 571 4443 806 4499; x_wconf 84' lang='lat' dir='ltr'><strong>Christus</strong></span> <span class='ocrx_word' id='word_1_683' title='bbox 826 4441 879 4494; x_wconf 89' lang='lat' dir='ltr'><strong>in</strong></span> <span class='ocrx_word' id='word_1_684' title='bbox 893 4440 1060 4510; x_wconf 84' lang='lat' dir='ltr'><strong>gloria</strong></span> <span class='ocrx_word' id='word_1_685' title='bbox 1081 4448 1153 4491; x_wconf 89' lang='lat' dir='ltr'><strong>est</strong></span> <span class='ocrx_word' id='word_1_686' title='bbox 1189 4436 1282 4490; x_wconf 82' lang='lat' dir='ltr'><strong>Dei</strong></span> <span class='ocrx_word' id='word_1_687' title='bbox 1299 4433 1713 4505; x_wconf 86' lang='lat' dir='ltr'><strong>Patris(Philip.</strong></span> <span class='ocrx_word' id='word_1_688' title='bbox 1734 4452 1772 4489; x_wconf 88' lang='lat' dir='ltr'><strong>It</strong></span> <span class='ocrx_word' id='word_1_689' title='bbox 1792 4436 1830 4508; x_wconf 93' lang='lat'><strong>).</strong></span> <span class='ocrx_word' id='word_1_690' title='bbox 1861 4433 1915 4493; x_wconf 91' lang='lat' dir='ltr'><strong>D</strong></span> <span class='ocrx_word' id='word_1_691' title='bbox 1944 4431 2280 4501; x_wconf 67' lang='lat' dir='ltr'><strong>Prop/istim,</strong></span> <span class='ocrx_word' id='word_1_692' title='bbox 2315 4434 2433 4505; x_wconf 88' lang='lat' dir='ltr'><strong>quis</strong></span> <span class='ocrx_word' id='word_1_693' title='bbox 2464 4445 2539 4489; x_wconf 88' lang='lat' dir='ltr'><strong>est</strong></span> <span class='ocrx_word' id='word_1_694' title='bbox 2572 4437 2663 4506; x_wconf 86' lang='lat' dir='ltr'><strong>qui</strong></span> <span class='ocrx_word' id='word_1_695' title='bbox 2692 4447 2741 4490; x_wconf 88' lang='lat' dir='ltr'><strong>te</strong></span> <span class='ocrx_word' id='word_1_696' title='bbox 2763 4438 3233 4508; x_wconf 85' lang='lat' dir='ltr'><strong>percussit?quasi</strong></span> <span class='ocrx_word' id='word_1_697' title='bbox 3285 4440 3336 4494; x_wconf 90' lang='lat' dir='ltr'><strong>in</strong></span> <span class='ocrx_word' id='word_1_698' title='bbox 3385 4456 3517 4495; x_wconf 91' lang='lat' dir='ltr'><strong>con-</strong></span> 
     </span>
    </p>
   </div>
   <div class='ocr_carea' id='block_1_94' title="bbox 322 4528 1837 4607">
    <p class='ocr_par' dir='ltr' id='par_1_94' title="bbox 322 4528 1837 4607">
     <span class='ocr_line' id='line_1_94' title="bbox 322 4528 1837 4607; baseline -0.007 -16"><span class='ocrx_word' id='word_1_699' title='bbox 322 4536 469 4593; x_wconf 86' lang='lat' dir='ltr'><strong>Tunc</strong></span> <span class='ocrx_word' id='word_1_700' title='bbox 493 4537 729 4607; x_wconf 85' lang='lat' dir='ltr'><strong>princeps</strong></span> <span class='ocrx_word' id='word_1_701' title='bbox 750 4532 1073 4587; x_wconf 87' lang='lat' dir='ltr'><strong>sacerdotum</strong></span> <span class='ocrx_word' id='word_1_702' title='bbox 1102 4528 1255 4584; x_wconf 84' lang='lat' dir='ltr'><strong>scidit</strong></span> <span class='ocrx_word' id='word_1_703' title='bbox 1287 4528 1585 4583; x_wconf 79' lang='lat' dir='ltr'><strong>vestimenta</strong></span> <span class='ocrx_word' id='word_1_704' title='bbox 1616 4544 1712 4582; x_wconf 89' lang='lat' dir='ltr'><strong>sua</strong></span> <span class='ocrx_word' id='word_1_705' title='bbox 1756 4528 1837 4582; x_wconf 90' lang='lat' dir='ltr'><strong>di-</strong></span> 
     </span>
    </p>
   </div>
   <div class='ocr_carea' id='block_1_95' title="bbox 256 4620 1837 4698">
    <p class='ocr_par' dir='ltr' id='par_1_95' title="bbox 256 4620 1837 4698">
     <span class='ocr_line' id='line_1_95' title="bbox 256 4620 1837 4698; baseline -0.006 -13"><span class='ocrx_word' id='word_1_706' title='bbox 256 4645 370 4684; x_wconf 86' lang='lat' dir='ltr'><strong>cens</strong></span> <span class='ocrx_word' id='word_1_707' title='bbox 393 4646 410 4685; x_wconf 91' lang='lat'><strong><em>:</em></strong></span> <span class='ocrx_word' id='word_1_708' title='bbox 432 4626 841 4698; x_wconf 87' lang='lat' dir='ltr'><strong>Blasphemavit,</strong></span> <span class='ocrx_word' id='word_1_709' title='bbox 856 4623 980 4695; x_wconf 84' lang='lat' dir='ltr'><strong>quid</strong></span> <span class='ocrx_word' id='word_1_710' title='bbox 1004 4622 1174 4675; x_wconf 83' lang='lat' dir='ltr'><strong>adhuc</strong></span> <span class='ocrx_word' id='word_1_711' title='bbox 1199 4637 1404 4691; x_wconf 87' lang='lat' dir='ltr'><strong>egemus</strong></span> <span class='ocrx_word' id='word_1_712' title='bbox 1429 4620 1682 4674; x_wconf 85' lang='lat' dir='ltr'><strong>testibus?</strong></span> <span class='ocrx_word' id='word_1_713' title='bbox 1701 4621 1837 4676; x_wconf 79' lang='lat' dir='ltr'><strong>Ecce</strong></span> 
     </span>
    </p>
   </div>
   <div class='ocr_carea' id='block_1_96' title="bbox 256 4712 1836 4787">
    <p class='ocr_par' dir='ltr' id='par_1_96' title="bbox 256 4712 1836 4787">
     <span class='ocr_line' id='line_1_96' title="bbox 256 4712 1836 4787; baseline -0.005 -11"><span class='ocrx_word' id='word_1_714' title='bbox 256 4735 390 4776; x_wconf 77' lang='lat' dir='ltr'><strong>nunc</strong></span> <span class='ocrx_word' id='word_1_715' title='bbox 409 4720 632 4775; x_wconf 88' lang='lat' dir='ltr'><strong>audistis</strong></span> <span class='ocrx_word' id='word_1_716' title='bbox 660 4716 1030 4787; x_wconf 87' lang='lat' dir='ltr'><strong>blasphemiam</strong></span> <span class='ocrx_word' id='word_1_717' title='bbox 1052 4731 1069 4768; x_wconf 91' lang='lat'><strong><em>:</em></strong></span> <span class='ocrx_word' id='word_1_718' title='bbox 1091 4715 1218 4785; x_wconf 87' lang='lat' dir='ltr'><strong>quid</strong></span> <span class='ocrx_word' id='word_1_719' title='bbox 1238 4714 1377 4768; x_wconf 87' lang='lat' dir='ltr'><strong>vobis</strong></span> <span class='ocrx_word' id='word_1_720' title='bbox 1400 4713 1641 4768; x_wconf 85' lang='lat' dir='ltr'><strong>videtur?</strong></span> <span class='ocrx_word' id='word_1_721' title='bbox 1672 4712 1836 4785; x_wconf 83' lang='lat' dir='ltr'><strong>(Hie-</strong></span> 
     </span>
    </p>
   </div>
   <div class='ocr_carea' id='block_1_97' title="bbox 260 4805 1831 4887">
    <p class='ocr_par' dir='ltr' id='par_1_97' title="bbox 260 4805 1831 4887">
     <span class='ocr_line' id='line_1_97' title="bbox 260 4805 1831 4887; baseline -0.006 -19"><span class='ocrx_word' id='word_1_722' title='bbox 260 4813 410 4887; x_wconf 86' lang='lat' dir='ltr'><strong>ron.)</strong></span> <span class='ocrx_word' id='word_1_723' title='bbox 437 4814 609 4882; x_wconf 90' lang='lat' dir='ltr'><strong>Quem</strong></span> <span class='ocrx_word' id='word_1_724' title='bbox 652 4811 719 4866; x_wconf 88' lang='lat' dir='ltr'><strong>de</strong></span> <span class='ocrx_word' id='word_1_725' title='bbox 765 4809 899 4865; x_wconf 89' lang='lat' dir='ltr'><strong>solio</strong></span> <span class='ocrx_word' id='word_1_726' title='bbox 946 4806 1265 4863; x_wconf 89' lang='lat' dir='ltr'><strong>sacerdotali</strong></span> <span class='ocrx_word' id='word_1_727' title='bbox 1311 4805 1461 4861; x_wconf 88' lang='lat' dir='ltr'><strong>furor</strong></span> <span class='ocrx_word' id='word_1_728' title='bbox 1498 4813 1831 4871; x_wconf 81' lang='lat' dir='ltr'><strong>excesserat,</strong></span> 
     </span>
    </p>
   </div>
   <div class='ocr_carea' id='block_1_98' title="bbox 261 4896 1835 4968">
    <p class='ocr_par' dir='ltr' id='par_1_98' title="bbox 261 4896 1835 4968">
     <span class='ocr_line' id='line_1_98' title="bbox 261 4896 1835 4968; baseline -0.007 -7"><span class='ocrx_word' id='word_1_729' title='bbox 261 4906 442 4961; x_wconf 85' lang='lat' dir='ltr'><strong>eadem</strong></span> <span class='ocrx_word' id='word_1_730' title='bbox 471 4904 652 4959; x_wconf 87' lang='lat' dir='ltr'><strong>rabies</strong></span> <span class='ocrx_word' id='word_1_731' title='bbox 676 4902 743 4958; x_wconf 89' lang='lat' dir='ltr'><strong>ad</strong></span> <span class='ocrx_word' id='word_1_732' title='bbox 770 4900 1088 4957; x_wconf 89' lang='lat' dir='ltr'><strong>scindendas</strong></span> <span class='ocrx_word' id='word_1_733' title='bbox 1134 4908 1310 4953; x_wconf 84' lang='lat' dir='ltr'><strong>vestes</strong></span> <span class='ocrx_word' id='word_1_734' title='bbox 1356 4905 1630 4968; x_wconf 86' lang='lat' dir='ltr'><strong>provocat.</strong></span> <span class='ocrx_word' id='word_1_735' title='bbox 1679 4896 1835 4951; x_wconf 86' lang='lat' dir='ltr'><strong>Scin-</strong></span> 
     </span>
    </p>
   </div>
   <div class='ocr_carea' id='block_1_99' title="bbox 263 4985 1833 5056">
    <p class='ocr_par' dir='ltr' id='par_1_99' title="bbox 263 4985 1833 5056">
     <span class='ocr_line' id='line_1_99' title="bbox 263 4985 1833 5056; baseline -0.006 -5"><span class='ocrx_word' id='word_1_736' title='bbox 263 4994 337 5051; x_wconf 90' lang='lat' dir='ltr'><strong>dit</strong></span> <span class='ocrx_word' id='word_1_737' title='bbox 357 4996 675 5051; x_wconf 87' lang='lat' dir='ltr'><strong>vestimenta</strong></span> <span class='ocrx_word' id='word_1_738' title='bbox 702 5007 818 5056; x_wconf 89' lang='lat' dir='ltr'><strong>sua,</strong></span> <span class='ocrx_word' id='word_1_739' title='bbox 848 4998 907 5044; x_wconf 92' lang='lat' dir='ltr'><strong>ut</strong></span> <span class='ocrx_word' id='word_1_740' title='bbox 935 4989 1183 5044; x_wconf 88' lang='lat' dir='ltr'><strong>ostendat</strong></span> <span class='ocrx_word' id='word_1_741' title='bbox 1204 4985 1418 5042; x_wconf 63' lang='lat' dir='ltr'><strong>Iudaeos</strong></span> <span class='ocrx_word' id='word_1_742' title='bbox 1444 4986 1833 5041; x_wconf 86' lang='lat' dir='ltr'><strong>sacerdotalem</strong></span> 
     </span>
    </p>
   </div>
   <div class='ocr_carea' id='block_1_100' title="bbox 262 5078 1833 5158">
    <p class='ocr_par' dir='ltr' id='par_1_100' title="bbox 262 5078 1833 5158">
     <span class='ocr_line' id='line_1_100' title="bbox 262 5078 1833 5158; baseline -0.006 -18"><span class='ocrx_word' id='word_1_743' title='bbox 262 5087 481 5158; x_wconf 76' lang='lat' dir='ltr'><strong>gloriam</strong></span> <span class='ocrx_word' id='word_1_744' title='bbox 506 5084 823 5157; x_wconf 85' lang='lat' dir='ltr'><strong>perdidisse,</strong></span> <span class='ocrx_word' id='word_1_745' title='bbox 852 5089 909 5136; x_wconf 88' lang='lat' dir='ltr'><strong>et</strong></span> <span class='ocrx_word' id='word_1_746' title='bbox 925 5095 1150 5135; x_wconf 83' lang='lat' dir='ltr'><strong>vacuam</strong></span> <span class='ocrx_word' id='word_1_747' title='bbox 1190 5079 1385 5134; x_wconf 87' lang='lat' dir='ltr'><strong>sedem</strong></span> <span class='ocrx_word' id='word_1_748' title='bbox 1417 5080 1617 5133; x_wconf 87' lang='lat' dir='ltr'><strong>habere</strong></span> <span class='ocrx_word' id='word_1_749' title='bbox 1661 5078 1833 5147; x_wconf 88' lang='lat' dir='ltr'><strong>ponti-</strong></span> 
     </span>
    </p>
   </div>
   <div class='ocr_carea' id='block_1_101' title="bbox 263 5170 1835 5236">
    <p class='ocr_par' dir='ltr' id='par_1_101' title="bbox 263 5170 1835 5236">
     <span class='ocr_line' id='line_1_101' title="bbox 263 5170 1835 5236; baseline -0.003 -5"><span class='ocrx_word' id='word_1_750' title='bbox 263 5177 405 5233; x_wconf 81' lang='lat' dir='ltr'><strong>fices.</strong></span> <span class='ocrx_word' id='word_1_751' title='bbox 441 5178 547 5234; x_wconf 84' lang='lat' dir='ltr'><strong>Sed</strong></span> <span class='ocrx_word' id='word_1_752' title='bbox 582 5184 638 5231; x_wconf 92' lang='lat' dir='ltr'><strong>et</strong></span> <span class='ocrx_word' id='word_1_753' title='bbox 671 5172 1075 5231; x_wconf 89' lang='lat' dir='ltr'><strong>consuetudinis</strong></span> <span class='ocrx_word' id='word_1_754' title='bbox 1120 5170 1354 5225; x_wconf 75' lang='lat' dir='ltr'><strong>Iudaicae</strong></span> <span class='ocrx_word' id='word_1_755' title='bbox 1405 5182 1506 5236; x_wconf 88' lang='lat' dir='ltr'><strong>est,</strong></span> <span class='ocrx_word' id='word_1_756' title='bbox 1563 5186 1685 5226; x_wconf 90' lang='lat' dir='ltr'><strong>cum</strong></span> <span class='ocrx_word' id='word_1_757' title='bbox 1735 5170 1835 5226; x_wconf 86' lang='lat' dir='ltr'><strong>ali-</strong></span> 
     </span>
    </p>
   </div>
   <div class='ocr_carea' id='block_1_102' title="bbox 262 5262 1832 5340">
    <p class='ocr_par' dir='ltr' id='par_1_102' title="bbox 262 5262 1832 5340">
     <span class='ocr_line' id='line_1_102' title="bbox 262 5262 1832 5340; baseline -0.003 -18"><span class='ocrx_word' id='word_1_758' title='bbox 262 5271 385 5339; x_wconf 87' lang='lat' dir='ltr'><strong>quid</strong></span> <span class='ocrx_word' id='word_1_759' title='bbox 411 5268 779 5340; x_wconf 83' lang='lat' dir='ltr'><strong>blasphemiae,</strong></span> <span class='ocrx_word' id='word_1_760' title='bbox 805 5274 861 5322; x_wconf 92' lang='lat' dir='ltr'><strong>et</strong></span> <span class='ocrx_word' id='word_1_761' title='bbox 902 5264 1056 5335; x_wconf 89' lang='lat' dir='ltr'><strong>quasi</strong></span> <span class='ocrx_word' id='word_1_762' title='bbox 1105 5271 1291 5319; x_wconf 88' lang='lat' dir='ltr'><strong>contra</strong></span> <span class='ocrx_word' id='word_1_763' title='bbox 1347 5263 1513 5317; x_wconf 87' lang='lat' dir='ltr'><strong>Deum</strong></span> <span class='ocrx_word' id='word_1_764' title='bbox 1561 5262 1832 5318; x_wconf 85' lang='lat' dir='ltr'><strong>audierint</strong></span> 
     </span>
    </p>
   </div>
   <div class='ocr_carea' id='block_1_103' title="bbox 262 5354 1834 5423">
    <p class='ocr_par' dir='ltr' id='par_1_103' title="bbox 262 5354 1834 5423">
     <span class='ocr_line' id='line_1_103' title="bbox 262 5354 1834 5423; baseline -0.003 -9"><span class='ocrx_word' id='word_1_765' title='bbox 262 5360 499 5416; x_wconf 88' lang='lat' dir='ltr'><strong>scindere</strong></span> <span class='ocrx_word' id='word_1_766' title='bbox 527 5360 843 5415; x_wconf 83' lang='lat' dir='ltr'><strong>vestimenta</strong></span> <span class='ocrx_word' id='word_1_767' title='bbox 871 5372 988 5411; x_wconf 88' lang='lat' dir='ltr'><strong>sua.</strong></span> <span class='ocrx_word' id='word_1_768' title='bbox 1044 5354 1197 5421; x_wconf 89' lang='lat' dir='ltr'><strong>Quod</strong></span> <span class='ocrx_word' id='word_1_769' title='bbox 1232 5354 1453 5408; x_wconf 90' lang='lat' dir='ltr'><strong>Paulum</strong></span> <span class='ocrx_word' id='word_1_770' title='bbox 1512 5369 1727 5423; x_wconf 87' lang='lat' dir='ltr'><strong>quoque</strong></span> <span class='ocrx_word' id='word_1_771' title='bbox 1779 5363 1834 5410; x_wconf 92' lang='lat' dir='ltr'><strong>et</strong></span> 
     </span>
    </p>
   </div>
   <div class='ocr_carea' id='block_1_104' title="bbox 262 5445 1829 5521">
    <p class='ocr_par' dir='ltr' id='par_1_104' title="bbox 262 5445 1829 5521">
     <span class='ocr_line' id='line_1_104' title="bbox 262 5445 1829 5521; baseline -0.003 -17"><span class='ocrx_word' id='word_1_772' title='bbox 262 5452 554 5506; x_wconf 83' lang='lat' dir='ltr'><strong>Barnabam</strong></span> <span class='ocrx_word' id='word_1_773' title='bbox 579 5451 792 5521; x_wconf 89' lang='lat' dir='ltr'><strong>quando</strong></span> <span class='ocrx_word' id='word_1_774' title='bbox 822 5449 872 5502; x_wconf 89' lang='lat' dir='ltr'><strong>in</strong></span> <span class='ocrx_word' id='word_1_775' title='bbox 898 5448 1164 5519; x_wconf 87' lang='lat' dir='ltr'><strong>Lycaonia</strong></span> <span class='ocrx_word' id='word_1_776' title='bbox 1181 5446 1404 5500; x_wconf 89' lang='lat' dir='ltr'><strong>deorum</strong></span> <span class='ocrx_word' id='word_1_777' title='bbox 1419 5445 1564 5500; x_wconf 89' lang='lat' dir='ltr'><strong>cultu</strong></span> <span class='ocrx_word' id='word_1_778' title='bbox 1592 5445 1829 5500; x_wconf 88' lang='lat' dir='ltr'><strong>honora-</strong></span> 
     </span>
    </p>
   </div>
   <div class='ocr_carea' id='block_1_105' title="bbox 260 5536 1827 5610">
    <p class='ocr_par' dir='ltr' id='par_1_105' title="bbox 260 5536 1827 5610">
     <span class='ocr_line' id='line_1_105' title="bbox 260 5536 1827 5610; baseline -0.003 -14"><span class='ocrx_word' id='word_1_779' title='bbox 260 5544 469 5606; x_wconf 88' lang='lat' dir='ltr'><strong>hantur,</strong></span> <span class='ocrx_word' id='word_1_780' title='bbox 505 5543 693 5597; x_wconf 82' lang='lat' dir='ltr'><strong>fecisse</strong></span> <span class='ocrx_word' id='word_1_781' title='bbox 721 5540 947 5610; x_wconf 79' lang='lat' dir='ltr'><strong>legimus</strong></span> <span class='ocrx_word' id='word_1_782' title='bbox 987 5538 1123 5609; x_wconf 67' lang='lat' dir='ltr'><strong>(Act.</strong></span> <span class='ocrx_word' id='word_1_783' title='bbox 1155 5536 1295 5610; x_wconf 79' lang='lat' dir='ltr'><strong>xw).</strong></span> <span class='ocrx_word' id='word_1_784' title='bbox 1361 5536 1600 5591; x_wconf 88' lang='lat' dir='ltr'><strong>Ilerodes</strong></span> <span class='ocrx_word' id='word_1_785' title='bbox 1650 5545 1827 5591; x_wconf 87' lang='lat' dir='ltr'><strong>autem</strong></span> 
     </span>
    </p>
   </div>
   <div class='ocr_carea' id='block_1_106' title="bbox 265 5628 1828 5702">
    <p class='ocr_par' dir='ltr' id='par_1_106' title="bbox 265 5628 1828 5702">
     <span class='ocr_line' id='line_1_106' title="bbox 265 5628 1828 5702; baseline 0.002 -20"><span class='ocrx_word' id='word_1_786' title='bbox 265 5634 379 5702; x_wconf 84' lang='lat' dir='ltr'><strong>quia</strong></span> <span class='ocrx_word' id='word_1_787' title='bbox 412 5650 515 5688; x_wconf 91' lang='lat' dir='ltr'><strong>non</strong></span> <span class='ocrx_word' id='word_1_788' title='bbox 538 5634 676 5688; x_wconf 87' lang='lat' dir='ltr'><strong>dedit</strong></span> <span class='ocrx_word' id='word_1_789' title='bbox 702 5633 961 5686; x_wconf 88' lang='lat' dir='ltr'><strong>honorem</strong></span> <span class='ocrx_word' id='word_1_790' title='bbox 985 5629 1115 5695; x_wconf 87' lang='lat' dir='ltr'><strong>Deo,</strong></span> <span class='ocrx_word' id='word_1_791' title='bbox 1141 5628 1232 5684; x_wconf 85' lang='lat' dir='ltr'><strong>sed</strong></span> <span class='ocrx_word' id='word_1_792' title='bbox 1264 5630 1527 5697; x_wconf 83' lang='lat' dir='ltr'><strong>acquievit</strong></span> <span class='ocrx_word' id='word_1_793' title='bbox 1570 5630 1828 5685; x_wconf 87' lang='lat' dir='ltr'><strong>immode-</strong></span> 
     </span>
    </p>
   </div>
   <div class='ocr_carea' id='block_1_107' title="bbox 1942 4525 3520 4601">
    <p class='ocr_par' dir='ltr' id='par_1_107' title="bbox 1942 4525 3520 4601">
     <span class='ocr_line' id='line_1_107' title="bbox 1942 4525 3520 4601; baseline 0.006 -24"><span class='ocrx_word' id='word_1_794' title='bbox 1942 4525 2215 4579; x_wconf 89' lang='lat' dir='ltr'><strong>tumeliam</strong></span> <span class='ocrx_word' id='word_1_795' title='bbox 2248 4525 2451 4583; x_wconf 86' lang='lat' dir='ltr'><strong>faciunt</strong></span> <span class='ocrx_word' id='word_1_796' title='bbox 2478 4527 2615 4597; x_wconf 83' lang='lat' dir='ltr'><strong>ejus,</strong></span> <span class='ocrx_word' id='word_1_797' title='bbox 2644 4530 2734 4599; x_wconf 92' lang='lat' dir='ltr'><strong>qui</strong></span> <span class='ocrx_word' id='word_1_798' title='bbox 2762 4545 2820 4584; x_wconf 91' lang='lat' dir='ltr'><strong>se</strong></span> <span class='ocrx_word' id='word_1_799' title='bbox 2864 4545 2893 4583; x_wconf 90' lang='lat' dir='ltr'><strong>a</strong></span> <span class='ocrx_word' id='word_1_800' title='bbox 2940 4531 3150 4600; x_wconf 90' lang='lat' dir='ltr'><strong>populis</strong></span> <span class='ocrx_word' id='word_1_801' title='bbox 3201 4534 3520 4601; x_wconf 81' lang='lat' dir='ltr'><strong>prephetam</strong></span> 
     </span>
    </p>
   </div>
   <div class='ocr_carea' id='block_1_108' title="bbox 1937 4615 3517 4691">
    <p class='ocr_par' dir='ltr' id='par_1_108' title="bbox 1937 4615 3517 4691">
     <span class='ocr_line' id='line_1_108' title="bbox 1937 4615 3517 4691; baseline 0.005 -22"><span class='ocrx_word' id='word_1_802' title='bbox 1937 4615 2167 4670; x_wconf 85' lang='lat' dir='ltr'><strong>voluerit</strong></span> <span class='ocrx_word' id='word_1_803' title='bbox 2195 4617 2403 4684; x_wconf 85' lang='lat' dir='ltr'><strong>haberi,</strong></span> <span class='ocrx_word' id='word_1_804' title='bbox 2429 4619 2521 4673; x_wconf 88' lang='lat' dir='ltr'><strong>sed</strong></span> <span class='ocrx_word' id='word_1_805' title='bbox 2559 4619 2675 4689; x_wconf 88' lang='lat' dir='ltr'><strong>ipso</strong></span> <span class='ocrx_word' id='word_1_806' title='bbox 2713 4619 3058 4689; x_wconf 89' lang='lat' dir='ltr'><strong>dispensante</strong></span> <span class='ocrx_word' id='word_1_807' title='bbox 3110 4623 3311 4691; x_wconf 88' lang='lat' dir='ltr'><strong>patitur</strong></span> <span class='ocrx_word' id='word_1_808' title='bbox 3338 4624 3517 4677; x_wconf 88' lang='lat' dir='ltr'><strong>omnia</strong></span> 
     </span>
    </p>
   </div>
   <div class='ocr_carea' id='block_1_109' title="bbox 1936 4708 3520 4779">
    <p class='ocr_par' dir='ltr' id='par_1_109' title="bbox 1936 4708 3520 4779">
     <span class='ocr_line' id='line_1_109' title="bbox 1936 4708 3520 4779; baseline 0.003 -18"><span class='ocrx_word' id='word_1_809' title='bbox 1936 4722 2037 4779; x_wconf 90' lang='lat' dir='ltr'><strong>pro</strong></span> <span class='ocrx_word' id='word_1_810' title='bbox 2058 4708 2233 4775; x_wconf 85' lang='lat' dir='ltr'><strong>nobis,</strong></span> <span class='ocrx_word' id='word_1_811' title='bbox 2260 4717 2320 4762; x_wconf 90' lang='lat' dir='ltr'><strong>ut</strong></span> <span class='ocrx_word' id='word_1_812' title='bbox 2340 4711 2482 4765; x_wconf 90' lang='lat' dir='ltr'><strong>sicut</strong></span> <span class='ocrx_word' id='word_1_813' title='bbox 2501 4709 2693 4766; x_wconf 85' lang='lat' dir='ltr'><strong>Petrus</strong></span> <span class='ocrx_word' id='word_1_814' title='bbox 2717 4712 2983 4776; x_wconf 89' lang='lat' dir='ltr'><strong>hortatur,</strong></span> <span class='ocrx_word' id='word_1_815' title='bbox 3018 4711 3222 4766; x_wconf 84' lang='lat' dir='ltr'><strong>Christo</strong></span> <span class='ocrx_word' id='word_1_816' title='bbox 3269 4714 3323 4766; x_wconf 90' lang='lat' dir='ltr'><strong>in</strong></span> <span class='ocrx_word' id='word_1_817' title='bbox 3363 4730 3520 4767; x_wconf 86' lang='lat' dir='ltr'><strong>carne</strong></span> 
     </span>
    </p>
   </div>
   <div class='ocr_carea' id='block_1_110' title="bbox 1935 4800 3514 4872">
    <p class='ocr_par' dir='ltr' id='par_1_110' title="bbox 1935 4800 3514 4872">
     <span class='ocr_line' id='line_1_110' title="bbox 1935 4800 3514 4872; baseline 0.003 -21"><span class='ocrx_word' id='word_1_818' title='bbox 1935 4814 2089 4868; x_wconf 88' lang='lat' dir='ltr'><strong>passo</strong></span> <span class='ocrx_word' id='word_1_819' title='bbox 2114 4815 2206 4852; x_wconf 87' lang='lat' dir='ltr'><strong>nos</strong></span> <span class='ocrx_word' id='word_1_820' title='bbox 2232 4800 2411 4853; x_wconf 86' lang='lat' dir='ltr'><strong>eadem</strong></span> <span class='ocrx_word' id='word_1_821' title='bbox 2460 4802 2772 4870; x_wconf 89' lang='lat' dir='ltr'><strong>cogitatione</strong></span> <span class='ocrx_word' id='word_1_822' title='bbox 2816 4817 3080 4853; x_wconf 79' lang='lat' dir='ltr'><strong>armentur</strong></span> <span class='ocrx_word' id='word_1_823' title='bbox 3126 4802 3187 4872; x_wconf 88' lang='grc' dir='ltr'><strong>(Ι</strong></span> <span class='ocrx_word' id='word_1_824' title='bbox 3217 4801 3359 4856; x_wconf 86' lang='lat' dir='ltr'><strong>Petr.</strong></span> <span class='ocrx_word' id='word_1_825' title='bbox 3395 4802 3474 4871; x_wconf 85' lang='lat' dir='ltr'><strong>Iv)</strong></span> <span class='ocrx_word' id='word_1_826' title='bbox 3500 4844 3514 4866; x_wconf 90' lang='lat'><strong>,</strong></span> 
     </span>
    </p>
   </div>
   <div class='ocr_carea' id='block_1_111' title="bbox 1937 4890 3513 4961">
    <p class='ocr_par' dir='ltr' id='par_1_111' title="bbox 1937 4890 3513 4961">
     <span class='ocr_line' id='line_1_111' title="bbox 1937 4890 3513 4961; baseline -0.001 -17"><span class='ocrx_word' id='word_1_827' title='bbox 1937 4900 2098 4959; x_wconf 89' lang='lat' dir='ltr'><strong>atque</strong></span> <span class='ocrx_word' id='word_1_828' title='bbox 2126 4890 2192 4945; x_wconf 91' lang='lat' dir='ltr'><strong>ad</strong></span> <span class='ocrx_word' id='word_1_829' title='bbox 2224 4891 2497 4945; x_wconf 89' lang='lat' dir='ltr'><strong>toleranda</strong></span> <span class='ocrx_word' id='word_1_830' title='bbox 2527 4906 2624 4960; x_wconf 87' lang='lat' dir='ltr'><strong>pro</strong></span> <span class='ocrx_word' id='word_1_831' title='bbox 2663 4891 2879 4945; x_wconf 89' lang='lat' dir='ltr'><strong>nomine</strong></span> <span class='ocrx_word' id='word_1_832' title='bbox 2914 4892 3030 4961; x_wconf 84' lang='lat' dir='ltr'><strong>ejus</strong></span> <span class='ocrx_word' id='word_1_833' title='bbox 3069 4893 3380 4945; x_wconf 88' lang='lat' dir='ltr'><strong>irrisionum</strong></span> <span class='ocrx_word' id='word_1_834' title='bbox 3416 4907 3513 4960; x_wconf 82' lang='lat' dir='ltr'><strong>op-</strong></span> 
     </span>
    </p>
   </div>
   <div class='ocr_carea' id='block_1_112' title="bbox 1933 4979 3515 5052">
    <p class='ocr_par' dir='ltr' id='par_1_112' title="bbox 1933 4979 3515 5052">
     <span class='ocr_line' id='line_1_112' title="bbox 1933 4979 3515 5052; baseline 0.001 -19"><span class='ocrx_word' id='word_1_835' title='bbox 1933 4980 2151 5050; x_wconf 87' lang='lat' dir='ltr'><strong>probria</strong></span> <span class='ocrx_word' id='word_1_836' title='bbox 2187 4996 2569 5050; x_wconf 75' lang='lat' dir='ltr'><strong>prmparemur.</strong></span> <span class='ocrx_word' id='word_1_837' title='bbox 2604 4979 2623 5052; x_wconf 96' lang='lat'>(</span> <span class='ocrx_word' id='word_1_838' title='bbox 2638 4981 2806 5051; x_wconf 83' lang='lat' dir='ltr'><strong>Aug.)</strong></span> <span class='ocrx_word' id='word_1_839' title='bbox 2837 4981 3028 5045; x_wconf 85' lang='lat' dir='ltr'><strong>Aliter,</strong></span> <span class='ocrx_word' id='word_1_840' title='bbox 3072 4982 3199 5036; x_wconf 92' lang='lat' dir='ltr'><strong>illud</strong></span> <span class='ocrx_word' id='word_1_841' title='bbox 3247 4980 3387 5050; x_wconf 81' lang='lat' dir='ltr'><strong>quod</strong></span> <span class='ocrx_word' id='word_1_842' title='bbox 3436 4982 3515 5035; x_wconf 88' lang='lat' dir='ltr'><strong>di-</strong></span> 
     </span>
    </p>
   </div>
   <div class='ocr_carea' id='block_1_113' title="bbox 1935 5074 3512 5145">
    <p class='ocr_par' dir='ltr' id='par_1_113' title="bbox 1935 5074 3512 5145">
     <span class='ocr_line' id='line_1_113' title="bbox 1935 5074 3512 5145; baseline 0 -16"><span class='ocrx_word' id='word_1_843' title='bbox 1935 5084 2080 5129; x_wconf 90' lang='lat' dir='ltr'><strong>ctum</strong></span> <span class='ocrx_word' id='word_1_844' title='bbox 2108 5083 2192 5129; x_wconf 90' lang='lat' dir='ltr'><strong>est</strong></span> <span class='ocrx_word' id='word_1_845' title='bbox 2216 5093 2228 5127; x_wconf 91' lang='lat'>:</span> <span class='ocrx_word' id='word_1_846' title='bbox 2264 5074 2529 5145; x_wconf 87' lang='lat' dir='ltr'><strong>Spuerunt</strong></span> <span class='ocrx_word' id='word_1_847' title='bbox 2557 5075 2609 5129; x_wconf 89' lang='lat' dir='ltr'><strong>in</strong></span> <span class='ocrx_word' id='word_1_848' title='bbox 2631 5076 2818 5144; x_wconf 77' lang='lat' dir='ltr'><strong>faciem</strong></span> <span class='ocrx_word' id='word_1_849' title='bbox 2841 5076 2973 5145; x_wconf 83' lang='lat' dir='ltr'><strong>ejus,</strong></span> <span class='ocrx_word' id='word_1_850' title='bbox 3008 5076 3275 5143; x_wconf 84' lang='lat' dir='ltr'><strong>signiﬁcat</strong></span> <span class='ocrx_word' id='word_1_851' title='bbox 3301 5089 3394 5128; x_wconf 91' lang='lat' dir='ltr'><strong>eos</strong></span> <span class='ocrx_word' id='word_1_852' title='bbox 3420 5077 3512 5143; x_wconf 88' lang='lat' dir='ltr'><strong>qui</strong></span> 
     </span>
    </p>
   </div>
   <div class='ocr_carea' id='block_1_114' title="bbox 1935 5166 3514 5238">
    <p class='ocr_par' dir='ltr' id='par_1_114' title="bbox 1935 5166 3514 5238">
     <span class='ocr_line' id='line_1_114' title="bbox 1935 5166 3514 5238; baseline -0.003 -15"><span class='ocrx_word' id='word_1_853' title='bbox 1935 5167 2053 5238; x_wconf 89' lang='lat' dir='ltr'><strong>ejus</strong></span> <span class='ocrx_word' id='word_1_854' title='bbox 2078 5167 2379 5236; x_wconf 65' lang='lat' dir='ltr'><strong>praesentiae</strong></span> <span class='ocrx_word' id='word_1_855' title='bbox 2409 5167 2638 5237; x_wconf 85' lang='lat' dir='ltr'><strong>gratiam</strong></span> <span class='ocrx_word' id='word_1_856' title='bbox 2670 5175 2947 5237; x_wconf 86' lang='lat' dir='ltr'><strong>respuunt.</strong></span> <span class='ocrx_word' id='word_1_857' title='bbox 2974 5166 3103 5218; x_wconf 88' lang='lat' dir='ltr'><strong>Item</strong></span> <span class='ocrx_word' id='word_1_858' title='bbox 3136 5174 3391 5235; x_wconf 84' lang='lat' dir='ltr'><strong>tanquam</strong></span> <span class='ocrx_word' id='word_1_859' title='bbox 3423 5181 3514 5220; x_wconf 86' lang='lat' dir='ltr'><strong>co-</strong></span> 
     </span>
    </p>
   </div>
   <div class='ocr_carea' id='block_1_115' title="bbox 1933 5252 3508 5327">
    <p class='ocr_par' dir='ltr' id='par_1_115' title="bbox 1933 5252 3508 5327">
     <span class='ocr_line' id='line_1_115' title="bbox 1933 5252 3508 5327; baseline -0.003 -16"><span class='ocrx_word' id='word_1_860' title='bbox 1933 5257 2110 5327; x_wconf 88' lang='lat' dir='ltr'><strong>laphis</strong></span> <span class='ocrx_word' id='word_1_861' title='bbox 2139 5272 2263 5312; x_wconf 92' lang='lat' dir='ltr'><strong>eum</strong></span> <span class='ocrx_word' id='word_1_862' title='bbox 2295 5257 2506 5310; x_wconf 71' lang='lat' dir='ltr'><strong>ctcdunt</strong></span> <span class='ocrx_word' id='word_1_863' title='bbox 2535 5256 2626 5324; x_wconf 92' lang='lat' dir='ltr'><strong>qui</strong></span> <span class='ocrx_word' id='word_1_864' title='bbox 2661 5256 2709 5309; x_wconf 87' lang='lat' dir='ltr'><strong>ei</strong></span> <span class='ocrx_word' id='word_1_865' title='bbox 2758 5257 2988 5309; x_wconf 89' lang='lat' dir='ltr'><strong>honores</strong></span> <span class='ocrx_word' id='word_1_866' title='bbox 3030 5269 3157 5308; x_wconf 83' lang='lat' dir='ltr'><strong>suos</strong></span> <span class='ocrx_word' id='word_1_867' title='bbox 3196 5252 3508 5323; x_wconf 72' lang='lat' dir='ltr'><strong>prmferunt.</strong></span> 
     </span>
    </p>
   </div>
   <div class='ocr_carea' id='block_1_116' title="bbox 1934 5345 3511 5415">
    <p class='ocr_par' dir='ltr' id='par_1_116' title="bbox 1934 5345 3511 5415">
     <span class='ocr_line' id='line_1_116' title="bbox 1934 5345 3511 5415; baseline -0.002 -13"><span class='ocrx_word' id='word_1_868' title='bbox 1934 5348 2147 5403; x_wconf 90' lang='lat' dir='ltr'><strong>Palmas</strong></span> <span class='ocrx_word' id='word_1_869' title='bbox 2172 5348 2224 5402; x_wconf 90' lang='lat' dir='ltr'><strong>in</strong></span> <span class='ocrx_word' id='word_1_870' title='bbox 2251 5347 2442 5402; x_wconf 89' lang='lat' dir='ltr'><strong>faciem</strong></span> <span class='ocrx_word' id='word_1_871' title='bbox 2465 5348 2514 5401; x_wconf 91' lang='lat' dir='ltr'><strong>ei</strong></span> <span class='ocrx_word' id='word_1_872' title='bbox 2539 5349 2693 5411; x_wconf 89' lang='lat' dir='ltr'><strong>dant,</strong></span> <span class='ocrx_word' id='word_1_873' title='bbox 2739 5347 2829 5414; x_wconf 89' lang='lat' dir='ltr'><strong>qui</strong></span> <span class='ocrx_word' id='word_1_874' title='bbox 2873 5345 3095 5415; x_wconf 87' lang='lat' dir='ltr'><strong>perﬁdia</strong></span> <span class='ocrx_word' id='word_1_875' title='bbox 3150 5346 3335 5399; x_wconf 84' lang='lat' dir='ltr'><strong>caecati</strong></span> <span class='ocrx_word' id='word_1_876' title='bbox 3386 5360 3511 5399; x_wconf 89' lang='lat' dir='ltr'><strong>eum</strong></span> 
     </span>
    </p>
   </div>
   <div class='ocr_carea' id='block_1_117' title="bbox 1934 5435 3511 5507">
    <p class='ocr_par' dir='ltr' id='par_1_117' title="bbox 1934 5435 3511 5507">
     <span class='ocr_line' id='line_1_117' title="bbox 1934 5435 3511 5507; baseline -0.003 -13"><span class='ocrx_word' id='word_1_877' title='bbox 1934 5456 2041 5494; x_wconf 92' lang='lat' dir='ltr'><strong>non</strong></span> <span class='ocrx_word' id='word_1_878' title='bbox 2070 5439 2281 5493; x_wconf 88' lang='lat' dir='ltr'><strong>venisse</strong></span> <span class='ocrx_word' id='word_1_879' title='bbox 2308 5438 2593 5503; x_wconf 78' lang='lat' dir='ltr'><strong>aﬁirmant,</strong></span> <span class='ocrx_word' id='word_1_880' title='bbox 2631 5448 2880 5506; x_wconf 88' lang='lat' dir='ltr'><strong>tauquam</strong></span> <span class='ocrx_word' id='word_1_881' title='bbox 2912 5437 3249 5507; x_wconf 58' lang='lat' dir='ltr'><strong>praesentiam</strong></span> <span class='ocrx_word' id='word_1_882' title='bbox 3279 5435 3394 5505; x_wconf 80' lang='lat' dir='ltr'><strong>ejus</strong></span> <span class='ocrx_word' id='word_1_883' title='bbox 3422 5451 3511 5490; x_wconf 82' lang='lat' dir='ltr'><strong>cx-</strong></span> 
     </span>
    </p>
   </div>
   <div class='ocr_carea' id='block_1_118' title="bbox 1935 5529 3509 5603">
    <p class='ocr_par' dir='ltr' id='par_1_118' title="bbox 1935 5529 3509 5603">
     <span class='ocr_line' id='line_1_118' title="bbox 1935 5529 3509 5603; baseline -0.003 -16"><span class='ocrx_word' id='word_1_884' title='bbox 1935 5533 2282 5587; x_wconf 87' lang='lat' dir='ltr'><strong>terminantes</strong></span> <span class='ocrx_word' id='word_1_885' title='bbox 2318 5542 2372 5588; x_wconf 90' lang='lat' dir='ltr'><strong>et</strong></span> <span class='ocrx_word' id='word_1_886' title='bbox 2416 5533 2750 5603; x_wconf 84' lang='lat' dir='ltr'><strong>repellentes.</strong></span> <span class='ocrx_word' id='word_1_887' title='bbox 2802 5531 2967 5584; x_wconf 83' lang='lat' dir='ltr'><strong>Error</strong></span> <span class='ocrx_word' id='word_1_888' title='bbox 3020 5531 3392 5584; x_wconf 57' lang='lat' dir='ltr'><strong>haereticorum</strong></span> <span class='ocrx_word' id='word_1_889' title='bbox 3444 5529 3509 5583; x_wconf 84' lang='lat' dir='ltr'><strong>de</strong></span> 
     </span>
    </p>
   </div>
   <div class='ocr_carea' id='block_1_119' title="bbox 1930 5620 3508 5695">
    <p class='ocr_par' dir='ltr' id='par_1_119' title="bbox 1930 5620 3508 5695">
     <span class='ocr_line' id='line_1_119' title="bbox 1930 5620 3508 5695; baseline -0.004 -18"><span class='ocrx_word' id='word_1_890' title='bbox 1930 5624 2145 5680; x_wconf 86' lang='lat' dir='ltr'><strong>Christo</strong></span> <span class='ocrx_word' id='word_1_891' title='bbox 2187 5624 2355 5683; x_wconf 80' lang='lat' dir='ltr'><strong>tribus</strong></span> <span class='ocrx_word' id='word_1_892' title='bbox 2393 5625 2676 5695; x_wconf 73' lang='lat' dir='ltr'><strong>generibus</strong></span> <span class='ocrx_word' id='word_1_893' title='bbox 2710 5625 3030 5680; x_wconf 82' lang='lat' dir='ltr'><strong>terminatur</strong></span> <span class='ocrx_word' id='word_1_894' title='bbox 3072 5641 3083 5676; x_wconf 90' lang='lat'><strong>:</strong></span> <span class='ocrx_word' id='word_1_895' title='bbox 3132 5631 3222 5678; x_wconf 83' lang='lat' dir='ltr'><strong>aut</strong></span> <span class='ocrx_word' id='word_1_896' title='bbox 3251 5623 3395 5675; x_wconf 87' lang='lat' dir='ltr'><strong>enim</strong></span> <span class='ocrx_word' id='word_1_897' title='bbox 3441 5620 3508 5672; x_wconf 82' lang='lat' dir='ltr'><strong>de</strong></span> 
     </span>
    </p>
   </div>
  </div>
