4002 6188
435 252 571 307 “~23
1069 241 1131 294 Β.
1174 235 1425 293 RABANI
1463 230 1680 287 MAURI
1720 225 2035 281 AliClllEP.
2080 224 2384 311 ΜΟΕΞᾏΝΤ.
2427 224 2711 279 OPERUM
2748 224 2926 278 PARS
2964 223 3001 277 1.
3552 220 3703 277 Hii

432 364 750 425 divinitate,
783 320 875 411 adt
911 356 978 409 dc
1006 350 1344 407 humanitate
1367 387 1381 412 ,
1424 352 1517 398 aut
1556 341 1623 396 de
1660 348 1890 408 utroque
1914 335 2011 389 fal—
2040 341 2086 395 A
2116 334 2377 389 Dominus
2402 375 2417 400 ,
2471 336 2558 403 qui
2619 335 2830 425 dixerat
2884 352 2896 386 2
2938 333 3100 386 Amen
3157 338 3274 388 dico
3310 331 3413 425 tibi
3436 338 3569 425 quia
3604 334 3708 386 hac

432 456 634 509 lantur.
737 420 748 425 ⁷
2117 435 2261 478 nocte
2281 465 2295 486 ,
2316 435 2595 494 antequam
2630 422 2800 493 gallus
2830 432 3019 480 cantet,
3051 432 3128 474 ter
3153 438 3234 475 me
3262 421 3496 490 negabis.
3526 420 3710 477 Cerne

506 539 698 595 Petrus
734 554 850 591 vero
890 532 1095 589 sedebat
1143 530 1273 600 {oris
1314 529 1370 581 in
1410 526 1564 580 atrio.
1610 523 1765 578 Foris
1797 520 2018 575 sedebat
2118 517 2262 585 quod
2291 516 2472 578 dicat,
2500 530 2579 567 me
2610 513 2838 583 negabis,
2873 528 2979 566 non
3018 512 3312 566 hominem.

434 640 495 687 ιιι
521 632 727 685 rideret
751 628 954 681 exitum
985 623 1084 686 rei,
1200 634 1309 673 non
1348 614 1812 686 apprOpinquabat
1841 609 1968 665 Jesu
2000 649 2016 674 ,
2152 604 2258 671 “Et
2306 613 2419 674 post
2458 602 2709 673 pusillum
2750 609 3081 654 accesserunt
3108 600 3199 669 qui
3227 598 3460 663 stabant,
3486 609 3535 653 et
3567 598 3719 652 dixe-

438 736 506 777 ne
542 717 805 774 ministris
831 715 1009 783 aliqua
1037 711 1273 779 suspicio
1302 715 1634 761 nasceretur.
2121 706 2241 750 runt
2268 693 2425 748 Petro
2453 710 2469 747 :
2508 692 2635 746 Vere
2658 702 2705 746 et
2737 702 2793 745 tu
2823 707 2888 744 ex
2914 690 3022 744 illis
3045 707 3117 744 es.
3148 689 3331 760 (Aug.)
3358 690 3517 756 Quod
3548 691 3717 759 igitur

509 812 578 866 Et
610 810 824 863 accessit
858 824 961 859 una
993 802 1189 858 ancilla
1217 800 1285 854 ad
1314 816 1431 853 eum
1467 797 1646 850 dicens
1684 808 1701 845 ξ
1730 793 1796 846 Et
1822 801 1877 844 tu
1904 808 2020 845 cum
2122 789 2405 843 Matthmus
2438 797 2493 841 et
2526 785 2740 840 Marcus
2769 784 2977 849 dicunt,
3004 794 3115 853 post
3137 783 3416 851 pusillum,
3443 795 3713 853 quantum

437 902 567 956 Jesu
605 895 824 951 Calilrco
854 911 990 948 eras.
1025 892 1163 959 Quid
1191 890 1293 943 sibi
1333 887 1448 941 vult
1495 883 1635 955 quod
1675 882 1850 953 prima
1898 896 2022 935 cum
2121 889 2264 936 esset
2310 881 2415 934 hoc
2448 878 2707 947 temporis
2751 876 3062 931 manifestat
3104 875 3277 931 Lucas
3328 877 3599 931 dicendo:
3643 878 3716 929 L‘t

439 989 621 1061 prodit
646 986 858 1049 ancilla,
882 999 1004 1038 cum
1042 982 1143 1035 viri
1178 979 1365 1048 utique
1394 976 1569 1044 magis
1592 989 1717 1030 eum
1749 970 2025 1043 potuerint
2124 969 2404 1025 intervallo
2455 968 2601 1039 [acto
2629 966 2781 1038 quasi
2811 967 2953 1020 liora:
2981 966 3160 1019 unius.
3187 966 3263 1020 De
3292 967 3397 1020 hoc
3422 976 3602 1020 autem
3628 968 3718 1019 in-

444 1057 856 1151 recognosccre,
888 1076 991 1130 nisi
1024 1083 1081 1127 ut
1109 1081 1161 1127 et
1192 1073 1297 1126 iste
1328 1084 1489 1124 sexus
1538 1081 1796 1137 peccasse
1829 1066 1884 1119 in
1927 1078 2023 1118 ne-
2126 1062 2351 1118 tervallo
2407 1069 2551 1115 tacet
2583 1059 2838 1114 Joannes.
2889 1058 3023 1112 item
3071 1060 3215 1127 quod
3242 1057 3455 1112 Marcus
3485 1066 3540 1111 et
3577 1058 3719 1112 Mat-

449 1187 567 1227 cem
582 1148 807 1225 Domini
832 1167 1127 1227 videretur,
1152 1173 1205 1219 et
1235 1163 1336 1215 iste
1361 1174 1523 1215 sexus
1547 1157 1902 1212 redimeretur
1928 1169 2027 1223 per
2127 1156 2299 1210 thzeus
2332 1168 2439 1207 non
2466 1150 2721 1221 singulari
2753 1190 2766 1214 ,
2804 1149 2899 1203 sed
2948 1148 3141 1219 plurali
3171 1162 3395 1203 numero
3420 1149 3715 1203 enuntiant

443 1262 752 1333 passionem
804 1256 1033 1313 Domini.
1083 1254 1153 1307 Et
1202 1252 1320 1306 ideo
1367 1248 1564 1304 mulier
1615 1243 2028 1300 resurrectionis
2128 1262 2223 1302 eos
2255 1248 2346 1316 qui
2384 1260 2508 1299 cum
2548 1243 2712 1298 Petro
2741 1245 3006 1314 agebant,
3059 1257 3181 1295 cum
3214 1241 3390 1297 Lucas
3434 1258 3600 1295 unum
3633 1243 3720 1297 di-

443 1331 621 1423 prima
670 1347 867 1416 accipit
902 1340 1219 1415 mysterium
1264 1350 1338 1394 et'
1371 1338 1624 1393 mandata
1655 1334 1930 1400 custodit,
1971 1339 2028 1387 ut
2130 1344 2219 1391 cat
2246 1376 2260 1400 ,
2305 1333 2540 1389 Joannes
2575 1348 2790 1402 quoque
2822 1346 2985 1385 unum
3012 1344 3244 1398 eumque
3270 1338 3556 1397 cognatum
3596 1331 3718 1400 ejus

447 1419 687 1495 veterem
718 1434 1177 1507 prmvaricationis
1209 1431 1451 1486 aboleret
1491 1441 1754 1482 errorem.
2032 1446 2039 1455 ο
2129 1424 2285 1493 cujus
2326 1424 2557 1479 abscidit
2599 1423 2793 1478 Petrus
2849 1420 3146 1475 auriculam
3170 1460 3184 1485 ,
3234 1419 3389 1475 facile
3430 1430 3513 1474 est
3559 1421 3721 1475 intel-

520 1530 585 1582 Αι
614 1528 701 1582 ille
729 1526 928 1595 negavit
958 1540 1135 1578 coram
1162 1520 1400 1576 omnibus
1430 1519 1609 1573 dicens
1638 1531 1656 1568 :
1688 1514 1879 1570 Nescio
1906 1515 2033 1587 quid
2132 1516 2298 1588 ligere
2323 1558 2338 1582 ,
2376 1524 2471 1570 aut
2498 1516 2761 1585 pluralem
2792 1529 3079 1568 numerum
3104 1528 3205 1582 pro
3232 1512 3488 1584 singulari
3516 1514 3720 1567 usitata

450 1621 603 1673 dicis.
633 1616 856 1689 (Μιιιιι.)
883 1614 1065 1670 Palam
1088 1628 1269 1667 coram
1294 1611 1544 1666 omnibus
1564 1608 1803 1678 negavit,
1829 1606 1955 1676 quia
1975 1621 2034 1661 se
2060 1686 2097 1689 _
2134 1607 2404 1662 locutione
2428 1621 2718 1675 usurpasse
2744 1604 3050 1659 Mattha'um
3080 1610 3136 1657 et
3161 1602 3421 1667 Marcum,
3447 1612 3543 1657 aut
3571 1603 3721 1673 quod

451 1686 792 1766 manifestari
837 1686 1072 1777 expavit.
1118 1703 1329 1758 Dictum
1364 1702 1540 1771 ipsum
1584 1714 1644 1755 se
1686 1699 1899 1753 nescire
1947 1712 2032 1752 re-
2060 1686 2107 1745 Β
2136 1714 2277 1753 unus
2326 1698 2560 1752 maxime
2600 1705 2853 1765 tanquam
2887 1695 3067 1750 sciens
3105 1702 3160 1748 et
3189 1694 3281 1763 qui
3336 1708 3460 1748 eum
3505 1693 3723 1747 viderat

452 1798 688 1868 spondit,
715 1798 840 1865 quia
871 1810 968 1865 pro
998 1793 1277 1848 Salvatore
1305 1791 1483 1845 adhuc
1511 1789 1649 1843 mori
1680 1788 1871 1842 nolutt.
2137 1784 2457 1846 afﬁrmabat.
2487 1787 2679 1843 Caeteri
2719 1797 2895 1842 autem
2927 1786 3101 1841 secuti
3130 1785 3246 1856 ejus
3274 1784 3434 1840 ﬁdem
3454 1825 3471 1851 ,
3493 1786 3719 1839 Petrum

529 1889 767 1941 Ea‘eunle
790 1896 963 1938 autem
989 1882 1079 1937 illo
1105 1882 1351 1953 januam.
1382 1879 1481 1933 Hic
1506 1878 1718 1932 Marcus
1755 1874 2033 1949 adimplet,
2137 1882 2299 1937 simul
2339 1880 2656 1951 arguebant.
2702 1879 2853 1935 Unde
2895 1881 3030 1934 duos
3063 1878 3421 1948 evangelistas
3472 1894 3727 1949 compen-

456 1978 598 2047 quod
630 1975 911 2029 Matthteus
930 1970 1214 2027 brevitatis
1234 1984 1401 2024 causa
1427 1968 1610 2022 dicere
1638 1966 1822 2021 omisit
1847 1984 1859 2019 :
1889 1963 2035 2019 Ea‘iit
2140 1974 2231 2030 dio
2259 1973 2522 2044 pluralem
2553 1986 2839 2025 numerum
2883 1970 3131 2040 posuisse
3150 1969 3336 2050 ,galios
3366 1978 3549 2024 autem
3587 1969 3725 2025 diros

456 2071 625 2141 foras,
648 2068 843 2137 inquit,
874 2076 995 2120 ante
1034 2065 1269 2127 atrium,
1316 2073 1365 2117 et
1407 2062 1578 2132 gallus
1622 2060 1868 2114 cantavit.
1904 2056 2039 2112 Cum
2142 2081 2265 2122 eum
2326 2064 2501 2120 solum
2554 2062 2862 2135 signiﬁcare
2904 2061 3135 2117 voluisse
3183 2060 3275 2131 qui
3326 2061 3627 2131 praecipuus
3668 2062 3727 2115 in

459 2175 588 2231 ergo
609 2157 777 2214 semel
805 2160 1053 2227 negasset
1082 2153 1276 2208 Petrus
1294 2193 1310 2219 ,
1337 2151 1471 2206 exiit
1496 2149 1666 2215 foras,
1690 2155 1747 2203 et
1773 2162 1899 2201 mox
1923 2145 2039 2217 gal-
2143 2158 2248 2214 hoc
2281 2166 2419 2213 erat.

456 2250 542 2305 105
590 2247 847 2303 cama‘lil-
888 2245 1006 2313 Quo
1065 2257 1285 2300 Γενεηο
1338 2242 1538 2296 iterum
1594 2240 1649 2294 in
1694 2238 1891 2292 auium
1915 2276 1934 2304 ν
1982 2235 2045 2290 ﬁt
2218 2247 2361 2302 Nam
2391 2257 2439 2300 et
2470 2245 2676 2316 loquela
2699 2255 2791 2300 tua
2822 2245 3156 2315 manifestum
3184 2252 3235 2297 te
3256 2244 3404 2315 facit.
3444 2242 3729 2317 (Ventum)

458 2340 604 2412 quod
629 2339 874 2408 sequitur
908 2351 923 2391 :
1618 2360 1632 2374 κ
1941 2380 1944 2383 η
2145 2339 2264 2395 Νοιι
2292 2340 2434 2409 quod
2464 2339 2569 2393 alia
2599 2339 2781 2406 lingua
2804 2336 3008 2393 Galilaei
3058 2344 3219 2406 atque
3253 2337 3357 2392 alia
3380 2336 3733 2407 loquerentur

541 2430 682 2485 Vidit
704 2444 821 2483 eum
847 2425 954 2481 alia
978 2424 1194 2491 ancilla,
1237 2433 1285 2479 et
1326 2424 1399 2478 ait
1440 2423 1521 2476 his
1545 2422 1633 2493 qui
1656 2428 1804 2475 erant
1836 2418 1947 2473 ibi:
1979 2416 2046 2471 Et
2146 2429 2579 2501 Ηίειιοεοιγιηῑιω
2604 2469 2620 2495 ,
2649 2428 2741 2498 qui
2788 2428 3004 2498 umque
3059 2426 3277 2482 fuel-um
3322 2425 3531 2482 Hebraei
3565 2468 3581 2491 ,
3636 2428 3734 2481 εδδ

463 2523 548 2576 hic
570 2530 680 2575 erat
711 2535 831 2574 cum
856 2517 986 2573 Iesu
1018 2515 1322 2571 Nazareno.
1352 2515 1411 2569 ln
1443 2514 1681 2571 secunda
1714 2527 1844 2581 ergo
1885 2524 2048 2580 nega-
2149 2522 2293 2592 quod
2327 2534 2661 2592 unaqumque
2684 2519 2983 2589 provincia,
3014 2526 3068 2573 ει
3104 2518 3252 2588 τρείο
3307 2532 3433 2573 suas
3479 2516 3735 2572 habendo

465 2615 611 2669 tione
640 2628 671 2666 a
708 2612 916 2667 duobus
946 2608 1299 2679 compellatus
1323 2615 1427 2675 est,
1456 2607 1604 2662 etab
1622 2603 1817 2659 ancilla
1843 2601 2051 2657 scilicet
2149 2609 2892 2683 pmﬁelatesﬂemaculum
2917 2609 3169 2679 loquendi
3206 2624 3396 2664 sonum
3422 2609 3598 2664 vitare
3624 2624 3736 2663 non

462 2720 632 2779 quam
673 2708 1063 2760 commemorat
1097 2699 1381 2755 Mattbams
1421 2707 1477 2753 et
1502 2696 1740 2761 Marcus,
1766 2702 1822 2749 et
1849 2693 1919 2749 ab
1944 2692 2052 2747 alio
2150 2705 2342 2777 possit,
2371 2703 2522 2760 unde
2556 2704 2609 2758 in
2643 2703 2867 2779 Actibus
2891 2700 3277 2772 apostolorum,
3310 2716 3435 2757 cum
3458 2701 3514 2756 bi
3539 2701 3739 2770 quibus

466 2778 700 2872 quodam
750 2814 912 2868 quem
947 2803 1337 2854 commemorat
1375 2794 1573 2860 Lucas,
1600 2792 1694 2863 qui
1723 2791 1799 2846 ita
1834 2790 1911 2845 ait
1940 2807 1952 2843 :
1981 2787 2053 2842 Et
2154 2795 2390 2866 spiritus
2413 2803 2636 2851 sanctus
2660 2778 2935 2849 insederat
2955 2833 2973 2859 ,
3001 2792 3243 2847 omnium
3271 2792 3510 2862 genuum
3539 2790 3741 2861 linguis
3800 2816 3801 2819 η

465 2903 582 2964 post
603 2890 855 2964 pusillum
892 2888 1029 2944 alius
1068 2904 1186 2943 eum
1228 2887 1408 2942 uidens
1454 2886 1587 2940 dixit
1615 2900 1633 2938 :
1665 2882 1734 2937 Et
1766 2891 1823 2936 tu
1852 2881 1920 2935 de
1947 2878 2053 2935 illis
2153 2885 2680 2957 loquerentur,inter
2701 2883 2837 2939 alios
2857 2883 2947 2951 qui
2975 2883 3041 2938 de
3071 2882 3286 2937 diverso
3313 2881 3499 2936 mundi
3522 2880 3745 2935 clima:

467 3002 544 3041 es.
571 2985 628 3039 lu
656 2986 760 3040 hoc
789 2998 920 3056 ergo
945 2981 1122 3053 spatio
1149 3021 1164 3046 ,
1195 2980 1260 3036 de
1288 2994 1396 3050 quo
1422 2977 1600 3033 Lucas
1623 2975 1754 3032 dicit
1781 2993 1796 3030 :
1829 2973 1898 3028 Et
1935 2980 2051 3043 post
2078 3036 2120 3056 η
2158 2984 2518 3035 convenerant
2546 2977 2707 3032 etiam
2735 2975 2827 3045 qui
2865 2974 3182 3030 habitabant
3203 2971 3445 3027 Iudaeam
3476 2972 3744 3026 mirantes

468 3075 720 3147 Pusillum
747 3115 763 3140 ν
794 3036 992 3128 Pam;
1013 3036 1397 3143 βοειιπίιιιῖληι
1417 3069 1758 3141 negationem
1780 3065 1970 3131 θΧίνίῑ,
1994 3071 2052 3120 ει
2076 3036 2123 3100 C
2158 3073 2358 3130 dixisse
2385 3071 2692 3127 referuntur
2721 3090 2733 3126 :
2766 3068 2820 3124 Ν
2822 3087 2956 3126 anne
2979 3086 3094 3125 ecre
3109 3085 3285 3124 omnes
3309 3069 3394 3123 isti
3413 3068 3500 3139 qui
3520 3067 3746 3137 loquun-

467 3164 641 3236 gallus
664 3164 935 3229 cantavit;
973 3164 1193 3234 jamque
1222 3162 1459 3217 redierat
1485 3167 1563 3226 ut,
1596 3156 2047 3230 quemadmodum

2165 3174 2246 3219 tur
2274 3162 2486 3219 Galiltei
2513 3163 2681 3217 sunt?
2728 3170 2777 3215 et
2802 3159 3063 3232 quomodo
3106 3176 3200 3214 nos
3229 3158 3527 3213 audivimus
3581 3172 3745 3212 unus-

468 3253 604 3309 dicit
635 3251 890 3319 Joannes,
916 3251 984 3307 ad
1013 3251 1192 3308 focum
1214 3260 1364 3308 stans
1386 3252 1581 3306 iterum
1607 3257 1829 3320 negaret
1860 3265 1874 3301 :
1898 3246 2048 3311 Erat,

2162 3257 2372 3328 quisque
2398 3254 2633 3326 linguam
2655 3264 2888 3308 nostram
2914 3252 2968 3307 in
2990 3269 3094 3323 qua
3120 3251 3231 3306 nati
3258 3267 3437 3305 sumus
3451 3248 3628 3321 ἴωσι.
3652 3247 3742 3317 ιι).

472 3341 689 3411 inquit,
726 3339 908 3396 Simon
952 3339 1142 3395 Petrus
1172 3350 1318 3395 stans
1348 3350 1398 3394 et
1436 3339 1746 3409 calefaciens
1777 3354 1850 3392 se.
1898 3336 2057 3390 Dixe‘
2235 3343 2382 3399 Tum:
2408 3345 2555 3414 εωρίι
2582 3343 2828 3398 detestari
2870 3351 2919 3397 ει
2949 3342 3137 3412 jurare
3162 3342 3287 3413 quia
3317 3358 3419 3397 non
3445 3349 3617 3395 nosset
3649 3339 3746 3393 lio-

475 3440 595 3483 runt
627 3447 749 3500 ergo
777 3432 823 3483 ei
856 3444 875 3481 .‘
905 3429 1161 3501 Nunquid
1186 3438 1234 3483 et
1258 3439 1316 3482 tu
1338 3445 1402 3483 ea:
1431 3428 1704 3497 discipulis
1729 3426 1842 3495 ejus
1865 3442 1918 3480 es
1942 3428 1967 3478 Ξ)
2004 3432 2061 3478 et
2159 3436 2369 3489 minem,
2417 3434 2435 3506 (
2461 3434 2599 3504 Aug,
2630 3433 2649 3505 )
2694 3433 2865 3501 Quam
2918 3434 3080 3489 noxia
3124 3447 3416 3503 pravorum
3464 3430 3744 3486 hominum

476 3517 704 3587 reliqua.
744 3517 859 3574 Hoc
891 3518 1056 3589 igitur
1096 3516 1214 3574 loco
1239 3518 1544 3573 invenimus
1583 3525 1638 3573 et
1671 3532 1777 3571 non
1816 3526 1941 3571 ante
1973 3513 2059 3584 ja-
2160 3524 2441 3594 colloquia,
2493 3540 2612 3594 qua:
2654 3534 2945 3597 coegerunt
2982 3524 3202 3580 Petrum
3252 3522 3551 3593 apostolum
3600 3520 3749 3575 inter

480 3626 642 3664 uuam
672 3610 768 3665 sed
806 3607 988 3664 focum
1023 3618 1255 3665 stantem
1291 3609 1525 3664 secundo
1562 3620 1788 3680 negasse
1815 3609 2055 3664 Petrum.
2162 3616 2407 3671 inﬁdeles
2448 3631 2643 3687 negare
2678 3616 2963 3672 Dominum
2985 3656 2999 3681 ,
3026 3616 3111 3671 vel
3155 3615 3428 3670 hominem
3457 3628 3516 3668 se
3537 3627 3702 3668 nosse
3729 3652 3745 3673 ,

475 3704 629 3772 Quod
659 3703 775 3759 ﬁeri
800 3719 909 3759 non
938 3713 1120 3774 posset
1151 3704 1253 3758 nisi
1269 3703 1382 3775 jam
1409 3704 1678 3770 redisset,
1705 3711 2060 3775 posteaquam
2162 3722 2323 3779 quem
2375 3707 2518 3762 inter
2568 3707 2960 3777 condiscipulos
2998 3706 3114 3776 jam
3160 3707 3257 3763 Dei
3313 3705 3511 3760 Filium
3566 3704 3751 3760 fuerat

478 3794 626 3850 foras
656 3795 884 3850 exierat.
911 3796 980 3849 Et
1005 3793 1140 3850 foris
1165 3810 1289 3850 eum
1320 3795 1475 3861 vidit,
1522 3795 1578 3850 id
1602 3802 1708 3859 est,
1730 3809 1852 3849 cum
1881 3809 2061 3850 resur-
2163 3798 2461 3854 confessus.
2516 3796 2742 3871 (Μιιιιι.)
2774 3798 2910 3854 Nota
2937 3799 3081 3869 quod
3127 3800 3359 3871 primum
3400 3800 3691 3869 respondet
3727 3813 3747 3852 :

478 3894 632 3957 geret
658 3896 716 3941 ut
737 3886 930 3952 exiret,
973 3887 1168 3942 ancilla
1208 3887 1445 3942 advertit
1489 3902 1636 3942 eum.
1687 3887 1755 3941 Et
1788 3888 1927 3942 dixit
1976 3888 2063 3943 his
2167 3888 2358 3943 Nescio
2385 3888 2510 3960 quid
2543 3888 2695 3943 dicis.
2729 3888 2977 3945 Secundo
3000 3906 3123 3945 cum
3156 3889 3465 3960 juramento
3499 3896 3663 3961 negat
3687 3903 3751 3943 se

477 3978 572 4046 qui
610 3986 766 4031 erant
796 3977 891 4043 ibi,
924 3977 979 4032 id
1005 3987 1110 4043 est,
1156 3976 1251 4047 qui
1294 3976 1457 4033 simul
1500 3977 1725 4032 aderant
1769 3978 1837 4031 ad
1882 3978 2062 4049 ignem
2164 3992 2324 4033 nosse
2356 3979 2648 4035 hominem.
2680 3980 2864 4035 Tertio
2893 3989 3020 4037 tunc
3048 3980 3214 4051 cmpit
3241 3979 3521 4045 detestari,
3560 3988 3618 4034 et
3653 3977 3750 4047 ju-

481 4068 627 4122 intus
672 4067 725 4121 in
755 4067 895 4122 atrio
921 4086 934 4121 :
971 4065 1041 4121 Et
1070 4068 1154 4122 hic
1180 4076 1293 4121 erat
1329 4083 1447 4121 cum
1475 4066 1605 4122 Jesu
1638 4066 1942 4122 Nazareno.
1971 4068 2064 4125 llle
2166 4083 2287 4122 rare
2313 4068 2457 4137 quod
2490 4084 2598 4124 non
2625 4070 2867 4126 novisset
2893 4070 3184 4127 hominem.
3214 4070 3574 4126 Perseverare
3602 4069 3754 4124 enim

480 4168 665 4214 autem
708 4160 802 4228 qui
842 4157 988 4214 foras
1028 4159 1280 4226 exierat,
1327 4160 1432 4214 hoc
1488 4158 1670 4214 audito
1716 4160 1930 4215 rediens
1977 4160 2064 4229 ju-
2166 4159 2221 4213 in
2250 4167 2472 4228 peccato
2499 4158 2892 4214 incrementum
2918 4160 3181 4216 scelerum
3219 4158 3450 4215 confert.
3478 4159 3617 4226 Quia
3655 4157 3756 4228 qui

482 4248 625 4302 ravit
650 4247 757 4303 illis
781 4248 1273 4304 contranitentibus
1319 4250 1463 4318 quod
1493 4264 1600 4305 non
1627 4250 1866 4305 novisset
1893 4252 2065 4306 homi-
2166 4251 2374 4306 modica
2401 4251 2609 4321 Spernit
2637 4252 2826 4307 incidit
2865 4254 2918 4307 in
2952 4253 3158 4324 majora
3184 4250 3358 4322 (Eccl.
3386 4250 3523 4323 xix).

480 4355 628 4395 nem.
661 4340 813 4395 Unde
843 4350 895 4395 et
922 4339 1212 4396 Mattbteus
1241 4341 1373 4397 dicit
1416 4360 1429 4396 :
2087 4386 2141 4445 D
2239 4341 2307 4394 Et
2353 4344 2600 4396 continuo
2646 4341 2819 4413 gallus
2874 4345 3123 4398 cantavit.
3153 4342 3339 4415 (Aug)
3379 4332 3519 4399 Galli
3566 4351 3758 4399 autem

556 4433 621 4487 Et
654 4433 841 4488 iterum
892 4437 1093 4506 negavit
1138 4454 1254 4491 cum
1289 4437 1617 4508 juramento,
1662 4441 1787 4510 quia
1814 4454 1917 4493 non
1946 4433 2136 4494 novi"
2168 4443 2384 4488 cantum
2423 4441 2548 4503 post
2597 4434 2814 4488 tertiam
2869 4435 3212 4507 negationem
3255 4434 3407 4490 Petri
3453 4434 3756 4491 secundum

481 4524 764 4577 hominem.
789 4524 973 4595 (Aug.)
1000 4526 1056 4579 In
1084 4527 1188 4581 hac
1212 4539 1390 4583 autem
1418 4528 1706 4599 negatione
1733 4529 1880 4584 Petri
1902 4529 2062 4583 disci-
2167 4539 2289 4579 esse
2343 4525 2692 4596 intelligimus
2720 4565 2735 4589 ,
2787 4526 2928 4582 sicut
2985 4525 3198 4581 Marcus
3252 4525 3537 4596 expressit.
3600 4524 3758 4581 Solet

485 4626 607 4665 mus
653 4626 759 4666 non
800 4613 974 4667 solum
1010 4614 1280 4685 abnegare
1307 4614 1583 4670 Christum
1629 4617 1723 4686 qui
1754 4617 1883 4672 dicit
1938 4631 2065 4672 eum
2170 4615 2450 4686 Scriptura
2477 4612 2631 4672 sacra
2658 4631 2801 4687 saepe
2827 4617 3081 4672 meritum
3108 4629 3397 4671 causarum
3422 4630 3521 4686 per
3547 4625 3755 4671 statum

483 4717 593 4755 non
622 4716 742 4755 esse
767 4700 1069 4769 Christum,
1098 4705 1190 4759 sed
1221 4706 1289 4760 ab
1317 4705 1408 4760 illo
1429 4708 1593 4761 etiam
1623 4708 1713 4777 qui
1744 4750 1759 4773 ,
1799 4725 1919 4764 cum
1946 4710 2017 4763 sit
2046 4750 2062 4774 ,
2167 4706 2452 4775 designare
2485 4715 2810 4777 temporum.
2846 4707 2999 4764 L‘nde
3025 4707 3243 4762 Petrum
3265 4708 3357 4777 qui
3386 4707 3562 4762 media
3594 4717 3761 4763 nocte

485 4799 645 4861 negat
671 4806 730 4846 se
757 4807 878 4847 esse
900 4792 1291 4850 Christianum.
1336 4797 1597 4853 Dominus
1625 4808 1806 4855 autem
1838 4816 1946 4855 non
1987 4801 2066 4855 ait
2169 4796 2386 4865 negavit
2413 4796 2480 4850 ad
2523 4796 2647 4867 galli
2684 4805 2899 4852 cantum
2941 4795 3212 4866 paenituit.
3264 4796 3365 4862 Qui
3415 4796 3582 4852 etiam
3630 4805 3762 4865 post

483 4881 646 4938 Petro
678 4901 690 4936 :
724 4883 1052 4954 Discipulum
1094 4901 1274 4942 meum
1308 4897 1361 4942 te
1388 4890 1630 4960 negabis,
1659 4891 1777 4955 sed,
1806 4906 1885 4945 me
1912 4907 2064 4961 nega—
2172 4888 2626 4943 resurrectionem
2673 4889 2868 4944 diurna
2907 4890 3007 4944 sub
3061 4889 3180 4945 luce
3224 4889 3508 4947 Dominum
3534 4928 3549 4953 ,
3587 4904 3757 4958 quem

485 4974 582 5028 bis.
615 4972 840 5048 Negavit
881 4992 1011 5049 ergo
1057 4979 1250 5049 ipsum,
1305 4996 1428 5036 cum
1464 4997 1523 5038 se
1560 4983 1780 5054 negavit
1807 4985 1923 5054 ejus
1942 4999 2064 5040 esse
2171 4985 2254 5032 ter
2282 4987 2592 5048 negaverat,
2626 4979 2788 5035 tertio
2838 4993 2899 5034 se
2935 4992 3119 5034 amare
3162 4977 3434 5049 professus
3464 4986 3592 5034 est:
3625 4978 3758 5048 quia

487 5066 826 5137 discipulum.
861 5066 1128 5140 (Hieron.)
1158 5067 1284 5125 Scio
1317 5071 1577 5140 quosdam
1606 5072 1696 5142 pio
1723 5071 1913 5127 affectu
1935 5088 2063 5144 erga
2170 5067 2423 5122 nimirum
2454 5068 2595 5137 quod
2622 5068 2676 5122 in
2710 5068 2948 5124 tenebris
2979 5068 3267 5123 oblivionis
3303 5068 3507 5123 erravit
3536 5076 3590 5123 et
3627 5084 3754 5138 spe—

487 5155 792 5227 apostolum
821 5156 1038 5214 Petrum
1067 5159 1245 5215 locum
1282 5161 1426 5216 hunc
1453 5162 1834 5233 interpretatos
1857 5203 1872 5228 ,
1908 5165 1982 5217 ita
2007 5171 2067 5216 ut
2171 5169 2303 5215 rane
2349 5157 2464 5228 jam
2501 5159 2637 5215 lucis
2664 5161 3114 5216 rememoratione
3141 5161 3399 5226 correxit,
3428 5169 3482 5215 et
3510 5160 3757 5231 ejusdem

488 5249 760 5305 discerent
781 5248 1003 5306 Petrum
1028 5268 1134 5307 non
1164 5254 1330 5309 Deum
1361 5268 1610 5325 negasse,
1640 5256 1734 5311 sed
1763 5254 2059 5321 hominem,
2168 5270 2310 5310 vene
2355 5254 2491 5309 lucis
2525 5254 2716 5324 adepta
2751 5255 3035 5324 praesentia
3061 5295 3075 5321 ,
3106 5254 3262 5325 plene
3294 5262 3464 5308 totum
3489 5253 3756 5323 quidquid

488 5348 547 5396 et
570 5355 691 5397 esse
718 5356 958 5407 sensum,
988 5342 1182 5398 Nescio
1213 5344 1486 5400 hominem
1516 5384 1532 5411 ,
1577 5345 1703 5413 quia
1729 5345 1844 5400 scio
1871 5344 2059 5400 Deum.
2165 5351 2451 5398 nutaverat
2473 5344 2665 5398 erexit.
2688 5343 2843 5399 Hunc
2871 5344 3060 5413 opinor
3085 5344 3283 5415 gallum
3308 5343 3542 5412 aliquem
3567 5342 3753 5397 docto-

491 5430 604 5486 lloc
629 5447 789 5501 quam
811 5432 1062 5489 frivolum
1098 5435 1170 5488 sit
1196 5436 1434 5504 prudens
1459 5435 1632 5490 lector
1659 5435 1948 5504 intelligat.
1975 5433 2067 5489 Sic
2167 5450 2289 5487 rum
2335 5433 2742 5504 intelligendum
2772 5473 2787 5498 ,
2836 5434 2927 5503 qui
2978 5449 3076 5488 nos
3098 5432 3345 5500 iacentes
3377 5432 3626 5487 excitans
3652 5472 3666 5495 ,
3698 5438 3757 5483 ct

492 5520 785 5575 defendunt
833 5522 1166 5592 apostolum,
1215 5530 1276 5576 ut
1314 5525 1481 5577 Deum
1510 5524 1779 5578 mendacii
1806 5539 1957 5578 reum
1988 5522 2067 5576 fa-
2169 5522 2852 5592 somnolentosincrepans,
2873 5522 3337 5591 dicatzEvigilatc,
3353 5523 3511 5591 justi,
3529 5534 3576 5575 et
3595 5521 3754 5575 nolite

494 5610 657 5663 ciant.
702 5608 759 5665 Si
803 5613 959 5666 enim‘
990 5612 1093 5668 iste
1136 5628 1241 5666 non
1274 5613 1511 5683 negavit,
1540 5627 1667 5683 ergo
1699 5614 1956 5667 mentitus
1985 5621 2068 5667 est
2168 5630 2382 5684 peccare
2405 5613 2455 5684 (I
2485 5612 2606 5667 Cor.
2638 5613 2747 5685 xv).
2781 5613 2930 5679 Quod
2957 5614 3097 5666 enim
3128 5613 3318 5668 Petrus
3346 5621 3470 5665 ante
3516 5611 3753 5680 primum
