3998 6188
316 315 448 371 “‘25

1263 310 1613 366 CUMMENT.
1653 312 1716 365 IN
1758 312 2191 369 MATTIIJﬁUM.
2230 345 2298 355 ——
2327 316 2453 372 LIB.
2494 318 2626 374 Vl".

3429 335 3556 388 “‘26

312 426 640 497 gallicinium
689 423 901 494 negavit
949 423 1091 486 illos,
1146 422 1415 492 Signiﬁcat
1463 425 1553 493 qui
1610 423 2135 487 ChristumAPetri
2166 431 2527 501 negationem.
2554 432 2669 500 Qua
2717 439 2997 494 terminata
3046 444 3315 499 redierunt
3366 449 3559 503 iterum

312 526 436 570 ante
460 516 903 569 resurrectionem
932 513 1099 567 Deum
1140 527 1258 567 esse
1287 529 1391 566 non
1426 522 1749 581 putaverunt
1771 515 1888 585 ejus

313 621 485 667 morte
512 609 726 664 turbati.
767 607 916 674 Quod
962 594 1089 661 vero
1137 608 1219 662 bis
1262 616 1388 663 ante
1426 610 1719 662 secundum
1764 609 1887 679 galli

312 709 530 753 cantum
560 697 790 767 negavit,
846 696 966 749 illos
1020 696 1354 765 signiﬁcasse
1403 698 1727 751 credendum
1762 706 1885 762 εει,

313 796 401 865 qui
434 795 645 849 nuncin
671 792 781 857 illo,
814 792 897 845 vel
929 792 1221 845 secundum
1254 793 1527 846 hominem
1566 792 1650 845 vel
1696 807 1891 846 secun-

311 890 436 944 dum
472 888 636 940 Deum
668 885 721 938 in
748 893 975 952 utraque
1007 883 1303 937 substantia
1331 892 1535 947 errant,
1568 894 1621 937 et
1654 884 1772 938 ideo
1792 897 1887 937 ve-

309 980 525 1033 n'tatem
556 984 771 1045 negant.
794 976 1006 1029 Primus
1034 974 1175 1027 enim
1208 974 1329 1045 galli
1361 983 1549 1029 cantus
1575 975 1891 1043 intelligitur

309 1066 503 1135 capitis
536 1065 878 1129 resurrectio,
904 1064 955 1117 id
979 1071 1083 1129 est,
1116 1063 1284 1133 ipsius
1323 1064 1572 1129 Domini;
1622 1068 1891 1122 secundus

310 1168 491 1212 autem
540 1158 666 1211 item
701 1157 867 1226 ipsius
894 1155 1132 1221 Domini,
1166 1155 1260 1210 sed
1287 1155 1340 1209 in
1370 1171 1595 1226 corpore
1636 1155 1890 1212 Ecclesiae

312 1249 603 1302 universm.

381 1337 445 1391 Et
470 1335 771 1392 recordatus
799 1345 875 1390 est
909 1335 1097 1389 Petrus
1144 1336 1283 1389 verbi
1308 1335 1437 1390 Iesu
1466 1339 1606 1408 quod
1630 1339 1839 1403 dixerat
1868 1356 1887 1394 :

308 1428 448 1496 Quia
482 1430 784 1498 priusquam
815 1425 986 1496 gallus
1020 1434 1226 1492 cantet,
1253 1436 1332 1481 ter
1370 1443 1451 1481 me
1480 1428 1710 1498 negabis.
1737 1428 1890 1499 (Hie-

305 1520 447 1591 ron.)
475 1519 532 1577 In
564 1519 669 1574 alio
693 1517 984 1587 Evangelio
1004 1517 1233 1588 legimus
1253 1518 1379 1587 quia
1400 1526 1523 1587 post
1550 1519 1888 1589 negationem

306 1608 452 1664 Petri
482 1617 536 1664 et
564 1617 785 1664 cantum
818 1608 966 1677 galli,
998 1609 1298 1677 respexerit
1336 1607 1587 1662 Salvator
1620 1607 1839 1662 Petrum
1870 1649 1885 1673 ,

304 1707 363 1753 et
394 1699 588 1753 intuitu
636 1713 734 1752 suo
786 1712 911 1751 eum
941 1699 1007 1751 ad
1043 1712 1258 1751 amaras
1282 1697 1551 1768 lacrymas
1584 1698 1891 1767 provocarit

1991 520 2059 573 ad
2106 533 2265 574 mane
2313 528 2372 574 ut
2419 520 2543 578 inde
2590 534 2785 580 caetera
2837 538 3226 599 contexerent,
3283 551 3562 607 quousque

1986 609 2343 701 perducerent
2369 627 2488 681 quae
2516 629 2635 668 cum
2661 616 2882 673 Domino
2904 629 3020 676 acta
3051 634 3221 678 erant.
3253 626 3404 682 Mane
3436 644 3562 701 ergo

1990 696 2134 752 facto
2179 699 2466 754 concilium
2513 719 2733 773 nequam
2793 707 3026 764 inierunt
3076 710 3245 767 Judaei
3307 696 3564 772 adversus

1986 786 2170 844 Iesum
2197 830 2213 856 ,
2239 798 2301 844 ut
2326 805 2450 844 eum
2493 794 2653 847 morti
2687 797 2974 854 traderent.
3011 800 3159 855 Unde
3186 815 3245 855 se
3270 804 3457 859 beatus
3478 805 3564 860 vir

1989 880 2251 936 abstinuit
2304 881 2370 936 de
2426 898 2534 953 quo
2580 886 2836 955 scriptum
2867 898 2992 943 est:
3020 891 3211 947 Beatus
3244 896 3320 948 vir
3345 897 3435 966 qui
3458 914 3563 952 non

1988 972 2118 1025 abiit
2143 973 2197 1026 in
2219 972 2436 1027 consilio
2464 976 2743 1045 impiorum
2788 987 2836 1031 et
2878 979 2933 1032 in
2971 981 3051 1034 cia
3089 994 3415 1051 peccatorum
3459 1004 3563 1041 non

1988 1063 2149 1128 stetit,
2176 1072 2224 1116 et
2250 1062 2302 1117 in
2339 1065 2587 1119 cathedra
2606 1066 2907 1135 pestilentia:
2934 1086 3035 1123 non
3061 1072 3190 1125 sedit
3214 1071 3382 1143 (Psal.
3411 1075 3472 1147 ι).

2067 1151 2134 1206 Et
2162 1154 2390 1209 vinctum
2423 1156 2756 1211 adduxerunt
2780 1176 2917 1224 eum,
2943 1170 2989 1213 et
3018 1161 3343 1217 tradiderunt
3373 1162 3564 1220 Pontio

1992 1242 2171 1299 Pilato
2212 1247 2445 1316 prasidi.
2480 1248 2749 1320 (Hieron.)
2786 1249 2901 1305 Non
2950 1251 3121 1305 solum
3169 1252 3236 1307 ad
3292 1254 3517 1309 Pilatum
3548 1298 3563 1323 ,

1990 1334 2087 1391 sed
2108 1335 2271 1390 etiam
2296 1337 2364 1392 ad
2387 1336 2652 1392 llerodem
2677 1340 2869 1393 ductus
2891 1349 3003 1405 est,
3033 1349 3090 1395 ut
3126 1352 3351 1412 uterque
3388 1344 3569 1399 Domi-

1989 1440 2061 1482 no
2096 1426 2362 1482 illuderet.
2413 1427 2478 1482 Et
2523 1444 2681 1484 cerne
2722 1430 3131 1488 sollicitudinem
3181 1436 3514 1489 sacerdotum
3551 1455 3564 1491 :

1992 1518 2046 1572 in
2091 1517 2235 1573 malo
2261 1527 2371 1574 tota
2397 1529 2553 1576 nocte
2590 1522 2947 1593 vigilaverunt
2976 1565 2989 1589 ,
3026 1532 3086 1579 ut
3112 1526 3458 1581 homicidium
3492 1528 3570 1582 fa-

1990 1616 2197 1675 cerent,
2213 1617 2268 1664 et
2289 1610 2525 1665 vinetum
2549 1612 2882 1667 tradiderunt
2904 1612 3095 1669 Pilato.
3120 1614 3399 1671 Habebam
3423 1617 3565 1671 enim

1991 1700 2136 1753 hunc
2163 1715 2392 1767 morem,
2419 1709 2478 1755 ut
2505 1703 3091 1772 quemadjudicasscnt
3134 1705 3316 1768 morti,
3348 1704 3565 1775 ligatum

305 1788 460 1858 (Luc.
492 1786 646 1857 xxn).
680 1787 790 1842 Nec
817 1787 935 1842 ﬁeri
973 1796 1186 1857 poterat
1220 1796 1279 1841 ut
1310 1788 1362 1841 in
1414 1789 1713 1858 negationis
1740 1798 1891 1845 tene-
1918 1768 1965 1831 Β
1986 1788 2151 1858 iudici
2177 1792 2467 1846 traderent.
2492 1768 2946 1865 (llae.)Atlamen
2978 1796 3270 1849 notandum
3298 1768 3437 1865 quod
3463 1812 3568 1852 non

303 1880 420 1933 bris
447 1893 807 1949 permaneret,
840 1893 1001 1946 quem
1038 1878 1127 1931 lux
1170 1886 1483 1948 respexerat
1512 1878 1735 1935 mundi-
1760 1878 1889 1934 Mihi

304 1967 522 2022 videtur
555 1965 642 2020 illa
672 1966 936 2035 respectio
966 1965 1223 2020 divinitus
1246 1965 1408 2031 facta,
1437 1972 1497 2019 ut
1525 1967 1573 2021 ci
1600 1968 1806 2022 veniret
1834 1968 1888 2023 in

305 2066 543 2111 mentem
572 2048 785 2126 quoties
824 2059 934 2127 jam
975 2068 1257 2128 negasset,
1291 2068 1346 2114 et
1384 2060 1513 2130 quid
1540 2061 1590 2115 ei
1631 2062 1888 2118 Dominus

302 2147 674 2216 praedixisset,
728 2157 892 2217 atque
934 2150 1008 2202 ita
1045 2148 1469 2205 misericorditer
1508 2151 1733 2208 Domino
1766 2168 1885 2208 res-

301 2234 537 2304 piciente
562 2236 851 2304 paeniteret
889 2251 1011 2291 eum
1036 2278 1050 2302 ,
1101 2245 1158 2292 et
1204 2239 1492 2294 salubriter
1515 2240 1673 2296 ﬂeret
1704 2260 1717 2294 :
1750 2243 1888 2297 sicut

302 2326 547 2394 quotidie
583 2326 814 2380 dicimus
847 2345 859 2379 :
896 2326 1141 2391 Domine,
1184 2329 1393 2397 respice
1426 2345 1530 2382 me.
1558 2330 1626 2383 Et
1650 2331 1888 2400 respexit

299 2428 426 2468 eum
457 2414 716 2470 Dominus
739 2456 754 2481 ,
800 2417 890 2484 qui
931 2417 998 2471 de
1038 2416 1217 2485 aliquo
1246 2417 1505 2486 periculo,
1548 2420 1629 2473 vel
1660 2420 1843 2474 labore
1868 2460 1883 2487 ,

300 2504 482 2559 divina
517 2506 888 2561 misericordia
944 2505 1204 2559 liberatus
1251 2514 1352 2560 est.
1405 2507 1467 2560 Et
1498 2508 1637 2562 sicut
1683 2509 1885 2577 dictum

298 2603 384 2647 est
409 2613 422 2648 :
451 2593 687 2664 Respice,
711 2604 784 2660 ct,
819 2594 1028 2647 Exaudi
1058 2611 1154 2659 me,
1190 2605 1267 2661 et,
1290 2595 1618 2662 Convertere,
1642 2597 1880 2666 Domine,

298 2685 464 2740 libera
493 2688 724 2740 annnam
746 2702 915 2740 meant
937 2684 1108 2759 (Psal.
1132 2686 1207 2757 γι)
1225 2728 1240 2752 ,
1273 2688 1347 2741 ita
1376 2688 1575 2742 dictum
1605 2691 1838 2746 arbitror
1865 2706 1880 2744 :

297 2774 594 2831 Conversus
638 2777 891 2832 Dominus
925 2779 1144 2848 respexit
1194 2775 1411 2832 Petrum
1437 2818 1452 2844 ,
1487 2789 1537 2833 et
1582 2780 1882 2839 recordatus

297 2876 376 2920 est
418 2864 610 2921 Petrus
638 2868 775 2922 verbi
798 2867 1029 2922 Domini.

369 2956 708 3028 Et‘egressus
742 2959 886 3028 foras
910 2999 925 3023 ,
962 2960 1101 3030 ﬁerit
1121 2978 1319 3015 amare.
1364 2961 1644 3037 (Venant.)
1688 2965 1880 3036 Respi-

295 3047 480 3104 ciente
509 3049 737 3105 Domino
765 3051 957 3106 Petrus
978 3054 1045 3106 ad
1067 3067 1160 3106 cor
1192 3068 1457 3118 reversus,
1494 3057 1757 3110 maculam
1786 3071 1880 3111 ne-

1992 1889 2120 1936 tunc
2145 1882 2381 1951 primum
2411 1883 2714 1952 ligaverunt
2755 1900 2877 1939 eum
2896 1927 2910 1952 ,
2952 1886 3047 1941 sed
3077 1901 3197 1940 mox
3222 1890 3571 1957 comprehcn-

1992 1988 2109 2029 sum
2138 1980 2295 2027 nocte
2323 1972 2377 2027 in
2404 1974 2582 2040 horto,
2610 1983 2670 2029 ut
2696 1974 2930 2032 Joannes
2967 1976 3222 2043 declarat,
3248 1977 3567 2049 ligaverunt,

1991 2070 2045 2118 et
2073 2065 2154 2118 sic
2180 2065 2517 2117 adduxerunt
2543 2079 2662 2118 eum
2695 2064 2761 2117 ad
2787 2066 2997 2118 Annam
3029 2065 3283 2134 primum.

2063 2150 2209 2207 Tunc
2242 2153 2422 2207 videns
2449 2153 2621 2207 ludas
2644 2154 2733 2224 qui
2758 2169 2873 2207 eum
2913 2156 3129 2209 tradidit
3172 2157 3311 2227 quod
3349 2156 3569 2211 damna-

1990 2251 2073 2296 tus
2095 2252 2248 2307 esset,
2293 2242 2590 2313 paenitentia
2621 2242 2807 2295 ductus
2850 2244 3022 2297 retulit
3052 2245 3266 2314 triginta
3298 2255 3566 2314 argenteos

1987 2333 2308 2404 principibus
2338 2334 2667 2388 sacerdotum
2705 2342 2753 2387 et
2784 2336 3045 2390 seniorum
3064 2376 3078 2401 ,
3110 2336 3286 2390 dicens
3308 2353 3326 2390 :
3352 2335 3570 2391 Peccavi

1988 2422 2200 2477 tradens
2224 2424 2526 2493 sanguinem
2544 2423 2769 2493 justum.
2796 2422 3063 2495 (Hieron.)
3086 2423 3339 2479 Avaritia:
3366 2428 3571 2495 magni-

1988 2513 2227 2567 tudinem
2265 2512 2558 2581 impietatis
2600 2512 2809 2582 pondus
2851 2513 3096 2568 exclusit.
3146 2513 3346 2569 Videns
3402 2514 3568 2572 Judas

1986 2604 2272 2658 Dominum
2313 2602 2679 2672 adjudicatum
2709 2604 2867 2659 morti
2892 2605 3124 2674 pretium
3157 2606 3338 2661 retulit
3381 2622 3564 2662 sacer-

1985 2693 2218 2759 dotibus,
2251 2694 2402 2763 quasi
2452 2693 2505 2747 in
2554 2701 2819 2764 potestate
2865 2709 2958 2749 sua
2990 2700 3132 2749 esset
3160 2704 3566 2766 persecutorem

1984 2792 2193 2839 mutare
2223 2783 2566 2840 sententiam.
2609 2784 2796 2854 Itaque
2839 2784 2963 2841 licet
3005 2786 3567 2842 mutaveritvolunta-

1986 2885 2093 2931 tem
2121 2891 2302 2942 suam,
2335 2887 2513 2933 tamen
2542 2877 2836 2932 voluntatis
2872 2877 3060 2948 prima:
3088 2878 3290 2933 exitum
3320 2894 3426 2934 non
3452 2896 3565 2934 tau-

1984 2967 2137 3023 tavit.
2184 2966 2242 3022 Si
2277 2976 2456 3023 autem
2492 2960 2737 3037 peccavit
2774 2967 2864 3023 ille
2890 2968 2983 3037 qui
3009 2967 3229 3023 tradidit
3251 2969 3563 3040 sanguinem

1979 3058 2182 3127 justum
2209 3099 2223 3123 ,
2252 3067 2457 3129 quanto
2492 3059 2661 3129 magis
2684 3066 3072 3127 peccaverunt,
3097 3060 3189 3128 qui
3222 3060 3563 3115 redemerunt

296 3140 537 3209 gationis
566 3140 817 3212 lacrymis
842 3142 1175 3209 pmnitentize
1196 3143 1376 3213 tergit.
1402 3144 1535 3210 Quia
1566 3159 1669 3199 non
1709 3145 1880 3200 solum
1909 3125 1952 3186 Ο
1984 3125 2299 3219 sanguinem
2320 3146 2545 3216 justum,
2578 3125 2632 3201 et
2654 3125 2929 3201 offerendo
2954 3125 3189 3216 pretium
3217 3147 3283 3201 ad
3308 3148 3569 3217 proditio-

298 3243 424 3283 cum
466 3229 656 3299 agitur
689 3230 1026 3299 poenitentia,
1062 3246 1250 3285 verum
1281 3234 1443 3286 etiam
1473 3241 1530 3287 ut
1571 3242 1762 3304 agatur
1788 3233 1884 3287 Dei

295 3325 676 3380 misericordia
704 3325 1015 3378 necessaria
1045 3333 1149 3380 est.
1180 3325 1469 3395 Respicere
1502 3341 1736 3396 namque
1766 3324 1883 3394 ejus

298 3415 550 3470 misereri
600 3424 702 3470 est.
752 3414 905 3470 Unde
936 3415 1225 3470 Psalmista
1256 3433 1269 3469 :
1298 3414 1573 3488 Usquequo
1598 3457 1612 3484 ,
1669 3418 1881 3487 inquit,

295 3506 618 3559 excitabitur
662 3506 905 3559 inimicus
947 3521 1126 3570 meus,
1170 3520 1332 3575 super
1380 3520 1467 3560 me
1499 3525 1511 3559 :
1546 3505 1782 3576 Respice,
1837 3516 1885 3560 et

295 3598 495 3651 exaudi
544 3615 627 3651 me
650 3637 666 3663 ,
700 3598 923 3651 Domine
952 3596 1092 3651 Deus
1120 3612 1264 3651 meus
1293 3597 1464 3669 (Psal.
1497 3598 1619 3672 xu),
1668 3600 1721 3654 id
1751 3608 1834 3655 est
1866 3640 1882 3666 ,

295 3687 562 3742 miserere
588 3695 644 3741 et
671 3685 884 3754 adiuva.
919 3688 1093 3754 Quam
1137 3689 1322 3744 nociva
1349 3704 1479 3744 sane
1505 3691 1739 3760 alloquia
1761 3706 1885 3760 per-

296 3778 529 3833 fidorum
564 3778 759 3834 Petrus
790 3780 931 3834 inter
956 3777 1170 3834 Judaaos
1211 3779 1295 3833 vel
1325 3780 1601 3834 hominem
1629 3796 1688 3835 se
1725 3795 1884 3836 nosse

295 3869 533 3940 negavit,
566 3884 727 3938 quem
784 3869 925 3923 inter
971 3869 1365 3939 condiscipulos
1404 3869 1499 3924 Dei
1531 3869 1727 3924 Filium
1758 3885 1885 3926 con-

292 3958 475 4013 fessus
500 3966 635 4012 erat.
667 3956 773 4012 Sed
818 3972 919 4012 nec
966 3957 1020 4011 in
1056 3958 1195 4011 atrio
1221 3956 1438 4026 Caiphae
1471 3966 1710 4013 retentus
1731 3968 1883 4030 pote-

296 4055 381 4101 rat
402 4062 566 4118 agere
591 4046 984 4116 pomitentiam.
1010 4046 1295 4118 Egreditur
1319 4046 1487 4113 foras,
1511 4055 1569 4101 ut
1598 4047 1669 4102 ab
1694 4048 1885 4118 impio-

294 4152 416 4190 rum
467 4137 701 4192 concilio
755 4146 1035 4202 secretus,
1087 4136 1294 4207 pavida:
1345 4138 1649 4208 negationis
1695 4139 1882 4193 sordes

294 4226 487 4281 liberis
510 4225 724 4282 ﬂetibus
747 4227 947 4282 abluat.
979 4227 1060 4284 0b
1087 4228 1190 4283 hoc
1215 4228 1356 4283 sicut
1379 4235 1604 4298 apparet
1631 4228 1883 4284 haesitare

294 4316 614 4384 permissus,
643 4325 703 4369 ut
730 4316 781 4369 in
816 4316 1069 4371 Ecclesia:
1091 4317 1335 4387 principe
1379 4318 1674 4373 remedium
1708 4319 1884 4388 paeni-

1984 3254 2107 3293 nem
2135 3237 2454 3307 discipulum
2480 3237 2944 3307 provocaverant?
2981 3236 3082 3304 Qui
3120 3237 3361 3293 diversas
3405 3247 3564 3293 natu~

1986 3345 2075 3384 ras
2104 3338 2368 3383 conantur
2398 3328 2759 3393 introducere,
2793 3335 2848 3383 et
2876 3326 3060 3381 dicunt
3084 3327 3277 3383 ludam
3321 3330 3564 3398 prodito.

1985 3435 2099 3475 rem
2127 3419 2282 3473 mala:
2310 3417 2479 3474 fuisse
2504 3427 2732 3483 naturaz,
2762 3433 2863 3473 nec
2894 3418 3209 3473 electionem
3237 3420 3568 3487 apostolatus

1981 3510 2221 3579 potuisse
2259 3523 2496 3573 servare,
2522 3508 2881 3579 respondeant
2910 3509 3178 3578 quomodo
3205 3507 3343 3563 mala
3371 3517 3560 3563 natura

1984 3599 2154 3669 egerit
2179 3598 2573 3667 pmnitentiam.

2054 3690 2119 3741 At
2146 3688 2227 3740 illi
2249 3689 2528 3741 dia-erunt:
2545 3687 2686 3751 Quid
2707 3687 2778 3739 ad
2803 3703 2896 3740 nos
2921 3688 2946 3740 Ρ
2983 3687 3059 3740 Tu
3100 3687 3309 3741 videris.
3335 3686 3561 3759 (Μωιι.)

1984 3776 2121 3843 Quid
2160 3777 2228 3830 ad
2256 3792 2373 3841 nos,
2402 3776 2667 3844 inquiunt,
2697 3776 2930 3844 pertinet
2974 3777 3206 3846 pretium
3237 3778 3562 3845 acceptum?

1985 3867 2065 3922 Tu
2121 3867 2251 3921 illud
2294 3865 2623 3937 probaveras
2649 3906 2664 3931 ,
2723 3872 2777 3918 tu
2824 3863 2911 3920 fac
2953 3866 3077 3920 inde
3122 3866 3264 3936 quod
3308 3866 3560 3921 volueris.

1985 3958 2256 4032 (Hierom)
2311 3958 2455 4012 Nihil
2508 3958 2722 4027 quidem
2776 3957 3317 4028 ncfandoproditori
3365 3957 3566 4028 profuit

1984 4049 2159 4120 egisse
2180 4048 2550 4118 paenitentiam
2573 4087 2589 4113 ,
2623 4062 2720 4117 per
2748 4063 2909 4118 quam
2938 4047 3113 4102 scelus
3153 4048 3423 4118 corrigere
3455 4064 3560 4102 non

1982 4139 2173 4210 potuit.
2206 4138 2263 4192 Si
2285 4139 2499 4207 quando
2536 4140 2612 4192 sic
2641 4137 2808 4192 frater
2827 4147 3015 4207 peccat
3044 4138 3098 4192 in
3141 4136 3385 4203 fratrem,
3428 4149 3485 4193 ut
3512 4141 3562 4194 ei

1983 4245 2090 4285 non
2149 4230 2279 4285 dare
2324 4228 2501 4284 valeat
2533 4228 2674 4298 quod
2717 4228 2961 4298 peccavit
2998 4236 3174 4298 potest
3220 4228 3268 4283 ei
3316 4227 3509 4283 dimitti
3544 4248 3557 4283 ε

1984 4324 2029 4378 si
2060 4330 2237 4377 autem
2267 4328 2586 4393 permanent
2625 4336 2788 4390 opera
2811 4361 2825 4385 ,
2860 4319 3059 4374 frustra
3095 4336 3222 4375 voce
3272 4321 3565 4374 assmnitur

297 4406 484 4460 tentias
509 4406 831 4460 conderetur
854 4446 869 4473 ,
918 4416 971 4463 et
1011 4422 1171 4463 nemo
1197 4408 1420 4463 auderet
1445 4410 1511 4464 de
1543 4425 1641 4465 sua
1681 4410 1880 4466 virtute
1904 4461 1957 4521 Β
1984 4412 2320 4483 poenitentia.
2352 4411 2465 4465 Hoc
2491 4417 2574 4465 est
2615 4410 2758 4480 quod
2795 4409 2851 4462 in
2883 4409 3089 4479 psalmo
3115 4410 3181 4463 de
3210 4410 3396 4463 eodem
3427 4408 3563 4465 infe-

297 4497 571 4521 ΑΑηΩ-‹ΙΛ-.ι
615 4498 821 4521 η-...ηᾸΑ
848 4498 1223 4521 ...ι,ι-ι-ζιει..ιε-
1245 4500 1539 4521 ---..2---1--...
1566 4516 1663 4521 ---
1690 4500 1877 4521 1.--.---
1984 4502 2231 4521 νΑεᾲμξγ---
2269 4499 2392 4521 1η..-
2432 4500 2619 4521 .12-ιι-.-
2656 4514 2669 4521 -
2710 4497 2769 4521 Γ.
2802 4498 2962 4521 ---ι2-
3016 4497 3125 4521 ..ι..-
3160 4496 3249 4521 Δ...
3294 4496 3346 4521 2..
3379 4511 3528 4521 ..-ι-Α-.

292 4497 593 4562 conlidere,
612 4498 826 4565 quando
848 4498 1226 4554 mutabilitatis
1245 4500 1543 4568 perieulum
1566 4516 1667 4556 nec
1690 4500 1880 4558 beatus

292 4585 493 4642 Petrus
516 4588 781 4658 potuisset
807 4588 1057 4644 evadere.
1112 4590 1371 4647 Dominus
1397 4600 1575 4647 autem
1601 4591 1758 4648 Jesus
1787 4594 1879 4663 qui

292 4676 432 4731 intra
480 4675 789 4746 pontificale
817 4679 1103 4733 concilium
1152 4680 1270 4735 solo
1308 4696 1537 4752 corpore
1571 4684 1876 4750 tenebatur,

294 4767 711 4835 trepidationem
758 4768 1003 4838 discipuli
1034 4769 1170 4825 foris
1204 4773 1389 4840 positi,
1423 4773 1608 4828 divino
1637 4775 1769 4828 vidit
1799 4775 1881 4829 in-

300 4857 433 4912 tuitu
459 4864 520 4913 et
544 4857 789 4927 paventis
810 4859 1049 4913 animum
1084 4874 1210 4915 mox
1233 4867 1292 4915 ut
1316 4863 1573 4930 respexit,
1607 4864 1798 4928 erexit,
1825 4870 1880 4917 et

301 4946 357 5000 in
388 4945 548 5003 ﬂetus
574 4949 925 5018 pceuitudinis
949 4949 1211 5004 incitavit.

730 5103 747 5119 .
840 5061 1067 5117 CAPUT
1106 5060 1316 5117 XXVII.

303 5153 452 5209 Jesus
481 5152 655 5208 Pilato
681 5154 928 5218 traditur,
957 5151 1131 5224 Judas
1149 5154 1342 5224 laqueo
1386 5156 1540 5224 perit,
1579 5165 1628 5209 et
1670 5155 1735 5208 de
1762 5163 1873 5211 tota

728 5224 924 5278 Christi
946 5222 1157 5276 Domini
1179 5222 1438 5293 passione.

372 5311 465 5389 [1.]
484 5314 643 5370 Mane
672 5323 845 5367 autem
883 5312 1023 5383 {acto
1055 5311 1330 5367 consilium
1355 5313 1582 5367 inierunt
1616 5314 1874 5385 principes

304 5406 631 5460 sacerdotum
651 5414 698 5458 et
721 5405 948 5458 seniores
970 5403 1149 5474 populi
1177 5403 1426 5457 adversus
1449 5404 1652 5471 Iesum,
1681 5416 1735 5459 ut
1756 5422 1873 5459 eum

306 5497 458 5550 morti
482 5498 763 5550 traderent.
793 5494 972 5567 (Aug.)
995 5495 1275 5550 Matthazus
1300 5505 1356 5550 et
1386 5495 1598 5552 Marcus
1626 5507 1879 5554 contexe-

1984 4502 2238 4558 licissimo
2261 4499 2399 4555 Juda
2425 4500 2619 4555 dicitur
2656 4514 2669 4551 :
2700 4497 2769 4551 Et
2795 4498 2963 4550 oratio
3010 4497 3126 4566 ejus
3151 4496 3249 4565 [int
3293 4496 3347 4549 iu
3376 4511 3561 4565 pecca-

1983 4602 2091 4646 tum
2135 4589 2307 4663 (Psal.
2347 4588 2500 4659 cvm)
2521 4629 2535 4653 ,
2567 4595 2628 4642 ut
2667 4602 2772 4641 non
2802 4586 2972 4642 solum
2997 4587 3286 4640 emendare
3313 4599 3416 4637 non
3443 4585 3563 4654 qui-

1980 4682 2121 4737 verit
2149 4679 2473 4751 proditionis
2496 4676 2649 4732 nefas
2676 4716 2691 4742 ,
2740 4676 2833 4731 sed
2859 4676 2925 4729 ad
2954 4675 3102 4744 prius
3142 4673 3318 4728 scelus
3343 4713 3357 4739 ,
3398 4674 3559 4727 etiam

1980 4772 2183 4849 ιιι-φρτὶί
2220 4770 2492 4826 homicidii
2549 4768 2755 4823 crimen
2800 4766 3084 4821 addiderit.
3137 4764 3266 4819 Tale
3319 4764 3466 4834 quid'
3505 4770 3561 4817 ει

1982 4859 2272 4930 Apostolus
2309 4859 2361 4912 in
2399 4857 2634 4912 secunda
2676 4857 2742 4910 ad
2780 4855 3090 4911 Corinthios
3122 4853 3356 4924 Epistula
3388 4852 3561 4921 loqui-

1985 4961 2072 5006 tur
2115 4967 2128 5004 :
2175 4946 2258 5002 Ne
2324 4946 2694 5001 abundantiori
2748 4946 2963 4999 tristitia
3020 4943 3357 4997 absorbeatur
3394 4942 3560 5010 frater

2008 5042 2069 5095 II
2099 5040 2220 5096 Cor.
2257 5040 2338 5096 ul.

2008 5042 2069 5095 II
2099 5040 2220 5096 Cor.
2257 5056 2295 5093 ιι
2325 5079 2338 5092 .

1985 5042 2003 5115 (
2052 5132 2124 5186 Et
2147 5038 2389 5202 proicitis
2421 5129 2676 5198 argenteis
2707 5130 2759 5181 in
2795 5127 2980 5199 templo
3005 5165 3020 5191 ,
3051 5125 3288 5185 recessit;
3312 5131 3359 5175 et
3377 5122 3555 5176 abiens

1982 5223 2167 5294 laqueo
2197 5236 2251 5275 se
2275 5218 2559 5289 suspendit.
2586 5215 2808 5288 (Μλυιι.)
2850 5215 3001 5269 Sicut
3046 5210 3362 5281 pauitantia
3405 5208 3555 5264 Iudae

1981 5313 2315 5370 infructuosa
2365 5309 2499 5375 fuit,
2549 5310 2628 5364 sic
2672 5318 2727 5362 ct
2763 5307 2963 5363 oblatio
2998 5303 3387 5374 reprohabilis;
3418 5302 3556 5357 nihil

1980 5406 2122 5460 enim
2156 5403 2229 5463 illi
2258 5401 2459 5472 profuit
2486 5409 2765 5471 argentum
2788 5395 3078 5467 projectum
3110 5395 3163 5449 in
3195 5396 3411 5464 templo,
3428 5409 3552 5451 cum

1983 5496 2128 5549 illu‘m
2156 5510 2263 5549 non
2288 5492 2517 5547 absolvit
2540 5505 2573 5545 a
2595 5498 2777 5550 reatu,
2806 5487 2898 5541 sed
2938 5486 3106 5556 magis
3132 5484 3257 5541 fecit
3284 5487 3503 5540 noxium
3536 5502 3549 5537 :

308 5594 432 5639 runt
455 5588 817 5641 narrationem
856 5586 909 5639 in
945 5587 1029 5640 his
1056 5601 1175 5655 quae
1204 5602 1327 5641 cum
1353 5588 1580 5641 Domino
1608 5597 1726 5643 acta
1753 5600 1885 5644 sunt
1982 5587 2241 5654 scriptum
2267 5591 2351 5638 est
2384 5583 2529 5637 enim
2556 5621 2571 5647 ,
2621 5578 2831 5633 Oblatio
2880 5578 3158 5647 impiorum
3189 5575 3554 5631 abominabilis

310 5689 475 5745 usque
508 5678 572 5732 ad
605 5694 783 5741 mane,
816 5678 908 5731 sed
945 5686 1128 5745 postea
1157 5677 1429 5732 redierunt
1460 5679 1525 5733 ad
1554 5680 1875 5734 narrandam

1985 5674 2206 5728 Domino
2232 5688 2345 5743 qua:
2375 5673 2590 5742 oﬂ'ertur
2636 5685 2699 5722 ex
2744 5665 2933 5721 scelere
2972 5664 3152 5737 (Prov.
3190 5667 3328 5735 xm).
3354 5666 3553 5721 Abiens
