3998 6188
452 267 586 323 ΗΞῚ

1108 256 1168 308 Β.
1209 252 1462 306 ΠΑΒΛΝΙ
1501 248 1715 303 MAURI
1756 245 2046 300 ARCIIIEP

2148 243 2428 299 IOGIINI'.
2470 244 2754 299 OPERL‘M
2791 244 2971 299 PARS
3006 245 3046 299 Ι.

3587 254 3729 308 “2%

398 421 409 435 ς
447 392 661 452 quoque
688 389 875 445 laqueo
901 387 957 426 se
985 370 1265 438 suspendit
1296 408 1309 430 ,
1346 376 1403 419 ut
1440 382 1496 420 se
1539 364 1849 417 ostenderet
1889 358 2027 415 ccelo
2057 364 2103 418 A
2138 360 2288 415 Unde
2317 368 2539 430 putatur
2560 375 2681 414 esse
2708 359 2921 413 codices
2952 358 3239 414 mendosos
3286 360 3379 430 qui
3407 361 3614 419 habent
3639 362 3733 422 Je-

448 482 716 538 terraeque
742 478 991 536 perosum
1020 479 1033 526 ;
1077 461 1143 514 de
1170 474 1276 528 quo
1304 465 1461 526 poeta
1502 454 1885 509 convenienter
1937 465 2031 505 ca-

449 576 583 617 nens
613 560 718 612 ait:

572 649 824 698 Infelicem
846 645 1050 709 animam
1073 642 1253 701 laqueo
1281 638 1537 709 suspendit
1561 637 1623 684 ab
1651 633 1748 709 alto
1775 648 1787 682 :

571 697 754 759 Leuior
781 710 848 757 ira
875 706 1073 767 quidem
1098 697 1232 767 tanto
1257 713 1342 761 pro
1362 697 1565 747 crimine
1589 697 1746 767 culpae
1773 734 1787 755 ,

574 758 866 821 Cunctorum
890 758 965 815 cui
993 766 1125 813 nulla
1147 758 1273 812 foret
1299 774 1380 821 par
1405 774 1545 817 ptena
1570 758 1805 807 malorum

572 834 747 882 Exitus
770 833 844 878 liic
870 830 1055 889 mortis,
1083 836 1242 875 tamen
1273 831 1323 889 et
1340 822 1549 889 sublime
1572 821 1778 889 cadaver

575 894 801 943 Ostendit
828 882 1244 951 pupulis,'quanto
1266 886 1329 933 de
1352 884 1565 951 cu‘mine
1590 882 1754 951 lapsus

575 942 773 1005 Dridem
792 942 1088 1010 discipulus,
1105 949 1189 1010 qui
1216 960 1343 995 nunc
1367 958 1484 1010 reus
1509 945 1605 991 alta
1625 942 1913 1010 relinquens

577 1003 768 1074 Sidera,
792 1003 1344 1062 tartareum'descendit
1375 1008 1434 1054 ad
1460 1017 1614 1063 usaue
1636 1003 1941 1064 profundum.

523 1100 800 1168 Principes
833 1105 1005 1150 autent
1035 1093 1377 1149 Sacerdolum
1425 1089 1647 1157 acceptis
1695 1086 1910 1156 triginta
1954 1100 2041 1137 ar—

452 1192 647 1262 genteis
686 1189 938 1243 edixerunt
970 1185 1134 1238 :Non
1169 1182 1284 1236 licet
1326 1198 1411 1234 eos
1441 1180 1495 1232 in
1532 1178 1812 1232 corbonam
1840 1176 2042 1229 mittere

451 1286 577 1354 quia
622 1284 845 1354 pretium
876 1279 1146 1350 sanguinis
1174 1286 1267 1330 est.
1301 1271 1593 1347 (Ilieron.)
1645 1271 1782 1325 Vere
1813 1268 2043 1324 culicem

451 1373 742 1442 liquantes,
785 1382 841 1425 et
868 1368 1132 1425 camelum
1161 1364 1467 1437 glutientes.
1498 1361 1556 1416 Si
1592 1360 1736 1416 enim
1776 1359 1897 1413 ideo
1934 1371 2043 1411 non

451 1465 680 1520 mittunt
715 1462 998 1532 pecuniam
1026 1460 1080 1513 in
1107 1459 1422 1521 corbonam,
1471 1455 1523 1510 id
1552 1460 1656 1518 est,
1695 1451 1748 1505 in
1779 1450 2045 1522 gazophy-

453 1554 653 1608 lacium
687 1561 742 1606 et
770 1554 909 1606 dona
946 1551 1063 1616 Dei,
1105 1550 1230 1618 quia
1258 1548 1495 1618 pretium
1518 1544 1794 1616 sanguinis
1818 1551 1921 1609 est,
1947 1558 2045 1597 cur

454 1645 572 1715 ipse
601 1644 822 1712 sanguis
853 1642 1137 1696 funditur?

2140 454 2324 507 remiie
2351 468 2569 517 nomen,
2614 453 2738 520 quia
2764 452 2847 504 vel
2872 451 3152 505 Zacharias
3175 450 3379 507 habere
3405 454 3735 526 debuerunt,

2139 543 2224 597 vel
2254 542 2453 597 nullius
2476 543 2618 597 sicut
2642 541 2881 611 quidam,
2916 540 3008 595 sed
3041 548 3250 594 tantum
3292 559 3386 611 per
3428 545 3734 614 prophetam

2139 635 2414 695 dicentem.
2449 635 2542 703 qui
2567 634 2755 703 utique
2789 633 3105 703 intelligitur
3127 633 3445 689 Zacharias.
3482 633 3588 691 Sed
3615 648 3736 691 uta-

2140 734 2229 779 tur
2250 726 2354 780 ista
2377 725 2694 781 defensione
2735 725 2822 780 cui
2861 725 3074 795 placet;
3115 725 3249 779 mihi
3299 735 3481 781 autem
3510 744 3607 783 cur
3627 746 3734 785 non

2139 818 2350 888 placeat
2376 858 2392 884 ,
2439 819 2555 873 hate
2600 833 2766 873 causa
2797 827 2882 873 est
2907 833 2920 871 :
2954 818 3081 887 quia
3111 826 3167 871 et
3191 817 3372 887 plures
3392 821 3609 876 codices
3640 823 3735 876 ha-

2140 912 2271 965 bent
2318 909 2567 965 Ieremia:
2607 925 2803 965 nomen
2831 951 2846 975 ,
2875 919 2932 965 et
2958 910 3050 980 qui
3080 910 3391 981 diligentius
3429 916 3482 967 in
3526 914 3734 971 Grzecis

2142 1001 2542 1071 exemplaribus
2571 1000 2928 1072 Evangelium
2967 1000 3471 1067 consideraverunt,
3505 1005 3557 1058 in
3588 1008 3736 1060 anti-

2142 1091 2423 1160 quioribus
2455 1089 2659 1145 Griecis
2687 1089 2761 1144 ita
2790 1104 2849 1145 se
2874 1089 3167 1159 perhibent
3192 1091 3489 1158 invenisse,
3513 1102 3568 1148 et
3586 1096 3735 1149 nulla

2144 1180 2247 1235 fuit
2276 1196 2438 1237 causa
2465 1197 2564 1237 cur
2586 1182 2874 1236 adderetur
2900 1182 3005 1235 hoc
3033 1196 3256 1248 nomen,
3300 1193 3363 1236 ut
3407 1185 3737 1242 mendositas

2142 1270 2317 1327 ﬁeret.
2352 1270 2459 1325 Cur
2487 1279 2670 1326 autem
2704 1270 2771 1325 de
2804 1270 3080 1326 nonnullis
3116 1272 3394 1327 codicibus
3424 1272 3734 1341 tolleretur,

2146 1362 2248 1418 fuit
2289 1363 2477 1433 utique
2515 1377 2674 1418 causa
2703 1403 2718 1428 ,
2750 1370 2804 1416 ut
2832 1361 2937 1417 hoc
2967 1361 3144 1416 audax
3182 1361 3455 1432 imperitia
3495 1363 3696 1418 faceret
3720 1405 3735 1426 ,

2145 1470 2267 1509 cum
2310 1454 2622 1508 turbaretur
2668 1452 2963 1522 quaestione
3008 1450 3153 1522 quod
3212 1452 3317 1506 hoc
3369 1453 3739 1507 testimonium

2146 1544 2286 1615 apud
2311 1544 2603 1599 Jeremiam
2633 1557 2742 1598 non
2786 1542 3077 1599 inveniret.
3109 1541 3251 1609 Quid
3280 1556 3409 1612 ergo
3434 1543 3740 1614 intelligen-

2144 1637 2275 1692 dum
2322 1644 2405 1692 est
2432 1677 2447 1703 ,
2500 1636 2608 1690 nisi
2657 1636 2762 1711 hoc
2810 1643 2993 1689 aetum
3033 1649 3155 1690 esse
3183 1635 3484 1690 secretiore
3516 1637 3741 1691 consilio

526 1731 756 1788 Consilio
790 1742 963 1786 autem
989 1732 1139 1795 inito,
1167 1738 1482 1784 emeruntex
1505 1729 1610 1784 illis
1634 1744 1819 1799 agrum
1846 1724 2040 1797 ﬁguli,
2070 1724 2118 1784 B
2145 1726 2499 1798 providentiae
2533 1724 2660 1791 Dei,
2697 1740 2803 1794 qua
2855 1733 3067 1779 mentes
3114 1725 3575 1797 evangelistarmn
3618 1739 3741 1783 sunt

455 1821 509 1874 in
551 1819 873 1891 sepulturam
911 1820 1327 1889 peregrinorum.
1372 1816 1601 1890 (Hilar.)
1653 1817 1906 1886 Magnum
1944 1816 2047 1869 hoc

464 1921 552 1967 est
580 1911 879 1981 prophetiae
905 1918 1302 1965 sacramentum
1333 1951 1347 1974 ,
1385 1919 1441 1964 et
1479 1911 1533 1964 in
1564 1909 1722 1965 factis
1748 1909 2048 1979 iniquitatis

467 2002 715 2057 miraculi
742 2002 899 2071 plena
944 2000 1241 2057 meditatio.
1297 2000 1470 2070 Figuli
1507 2016 1643 2069 opus
1683 2009 1767 2055 est
1811 1999 1877 2054 de
1931 1999 2048 2055 luto

461 2112 591 2151 vasa
632 2094 868 2150 formare
898 2095 1051 2163 cujus
1086 2094 1139 2147 in
1176 2110 1337 2147 manu
1368 2094 1439 2147 sit
1471 2108 1538 2147 ex
1575 2093 1688 2147 luto
1721 2093 1931 2158 eodem,
1953 2108 2049 2150 vas

458 2195 555 2242 aut
577 2186 644 2241 ad
676 2186 851 2256 ipsum
879 2200 1036 2255 opus,
1066 2192 1160 2238 aut
1188 2184 1466 2253 pulchrius
1489 2183 1806 2239 reformare.
1842 2182 2046 2254 Agrum

458 2285 640 2333 autem
687 2276 942 2333 satculum
994 2275 1335 2344 nuncupari,
1394 2274 1563 2344 ipsius
1612 2275 1826 2329 Domini
1874 2276 2047 2330 nostri

468 2369 639 2423 verbis
666 2368 994 2422 continetur.
1028 2366 1229 2421 Christi
1255 2380 1382 2435 ergo
1416 2366 1591 2435 pretio
1626 2366 1881 2420 sacculum
1915 2366 2048 2421 emi-

459 2466 572 2525 tur,
609 2459 663 2513 id
689 2466 791 2523 est,
822 2456 1145 2512 universitas
1170 2454 1285 2523 ejus
1306 2456 1607 2525 acquiritur
1629 2455 1684 2510 in
1715 2455 2048 2525 sepulturam

462 2549 876 2622 peregrinorum
915 2556 1079 2616 alque
1119 2547 1337 2617 inopum
1382 2547 1690 2617 deputatur.
1736 2546 1881 2601 Nihil
1923 2546 2050 2601 hinc

458 2642 696 2712 pertinet
737 2638 806 2693 ad
847 2638 1012 2694 Israel
1041 2678 1055 2703 ,
1106 2647 1161 2692 et
1209 2646 1354 2693 totus
1388 2638 1477 2692 hic
1514 2636 1695 2692 saeculi
1726 2637 1892 2707 empti
1920 2651 2051 2691 usus

464 2710 685 2786 alienus:
696 2738 799 2796 est,
819 2730 903 2785 his
922 2728 1167 2785 videlicet
1188 2729 1352 2799 quiin
1370 2728 1543 2798 pretio
1554 2727 1836 2797 sanguinis
1847 2727 2049 2782 Christi

461 2819 796 2890 sepeliuntur
824 2859 839 2885 ,
884 2834 989 2888 quo
1014 2819 1265 2874 universa
1298 2826 1424 2874 sunt
1446 2827 1630 2888 empta
1654 2835 1667 2871 :
1693 2818 1873 2873 omnia
1904 2818 2048 2873 enim

462 2925 493 2964 a
513 2910 675 2966 Patre
701 2909 912 2979 accepit
932 2924 1051 2980 quae
1075 2909 1129 2962 in
1154 2908 1310 2964 eoelis
1331 2916 1385 2994 et
1408 2908 1460 2962 in
1489 2916 1633 2963 terra
1657 2916 1803 2962 sunt.
1832 2908 1898 2962 Et
1927 2909 2047 2964 ideo

460 3000 550 3054 hic
571 3014 703 3072 ager
724 2998 872 3070 figuli
893 3007 994 3065 est,
1013 2999 1138 3069 quia
1161 2998 1259 3053 Dei
1283 2999 1464 3053 omnia
1486 3007 1610 3054 sunt
1632 2998 1784 3067 cujus
1808 2999 1863 3053 in
1886 3014 2049 3053 manu

2149 1806 2504 1886 gubernatre?
2552 1813 2735 1870 Potuit
2793 1815 2938 1870 enim
2989 1814 3105 1870 fieri
3157 1824 3217 1870 ut
3266 1816 3452 1872 animo
3502 1817 3741 1873 Matthxi

2150 1907 2501 1978 Evangelium
2547 1906 2982 1972 conscribentis,
3031 1922 3131 1978 pro
3172 1908 3434 1963 Zacharia
3479 1908 3741 1966 Jeremias

2149 2005 2462 2052 occurreret
2502 2004 2561 2052 ut
2591 1996 2708 2052 fieri
2740 1996 2897 2053 solet.
2924 1997 3078 2064 Quod
3106 2007 3288 2053 tamen
3312 1999 3431 2054 sine
3459 2000 3566 2054 ulla
3597 2001 3744 2056 dubi-

2153 2087 2355 2142 tatione
2384 2088 2732 2153 emendaret,
2767 2086 2958 2143 saltem
2992 2088 3060 2143 ab
3095 2088 3218 2144 aliis
3258 2089 3604 2157 admonitus,
3652 2094 3741 2163 qui

2150 2183 2268 2251 ipso
2297 2181 2471 2236 adhuc
2500 2181 2556 2235 in
2582 2195 2752 2236 carne
2788 2181 3005 2236 vivente
3049 2182 3155 2236 hoc
3182 2181 3363 2253 legere
3404 2192 3699 2252 potuerunt
3725 2227 3740 2251 ,

2152 2272 2260 2327 nisi
2295 2271 2561 2343 cog-itaret
2601 2271 2964 2327 recordationi
2994 2286 3105 2326 sua:
3125 2312 3140 2337 ,
3166 2287 3288 2342 qua:
3316 2272 3521 2343 Spiritu
3549 2285 3742 2330 sancto

2151 2366 2441 2435 regebatur
2464 2404 2480 2429 ,
2519 2378 2625 2418 non
2654 2359 2858 2418 frustra
2884 2364 3188 2418 occurrisse
3209 2363 3355 2419 aliud
3380 2380 3480 2435 pro
3508 2365 3617 2420 alio
3644 2383 3743 2422 uu-

2152 2471 2274 2515 men
2302 2455 2597 2526 prophetae,
2648 2454 2753 2509 nisi
2793 2454 2919 2524 quia
2955 2454 3216 2510 Dominus
3243 2456 3348 2511 hoc
3382 2457 3548 2511 scribi
3603 2473 3738 2512 con-

2153 2546 2348 2603 stituit.
2382 2545 2492 2602 Cur
2535 2552 2715 2601 autem
2746 2545 2821 2600 ita
2851 2545 3196 2601 constituerit
3227 2545 3488 2602 Dominus
3510 2587 3527 2613 ,
3559 2548 3740 2617 prima

2151 2638 2243 2694 illa
2275 2653 2442 2695 causa
2465 2637 2754 2693 utilissima
2786 2637 2947 2693 debet
2989 2635 3248 2692 facillime
3281 2638 3540 2708 cogitari,
3575 2639 3745 2693 etiam

2152 2732 2232 2787 sic
2282 2746 2405 2788 esse
2454 2731 2814 2796 insinuatum,
2874 2731 2950 2786 ita
3007 2744 3197 2787 omnes
3236 2737 3455 2785 sanctos
3501 2732 3742 2802 prophe-

2155 2835 2240 2882 tas
2306 2842 2415 2882 uno
2466 2826 2661 2896 spiritu
2720 2825 2930 2882 locutos
2964 2866 2979 2891 ,
3030 2819 3268 2880 mirabili
3310 2826 3454 2880 inter
3504 2841 3566 2882 se
3615 2842 3748 2881 con-

2154 2918 2402 2975 sensione
2426 2929 2700 2986 constare,
2733 2927 2795 2973 ut
2829 2920 2932 2975 hoc
2974 2918 3145 2974 multo
3179 2919 3415 2990 amplius
3439 2920 3539 2987 sic,
3579 2935 3746 2989 quam

2154 3008 2201 3062 si
2241 3008 2482 3064 omnium
2523 3008 2707 3063 omnia
2745 3007 3134 3078 prophetarum
3181 3023 3293 3064 uno
3329 3009 3490 3064 unius
3528 3024 3626 3065 ore
3664 3009 3751 3065 di-

462 3092 532 3146 sit
556 3107 653 3146 nos
674 3099 733 3145 ut
752 3091 882 3145 velit
906 3098 1160 3161 tanquam
1189 3090 1506 3145 reformare.
1532 3090 1591 3145 In
1614 3092 1719 3146 hoc
1740 3092 1902 3161 igitur
1921 3105 2046 3162 agro

2156 3110 2429 3158 cerentur.
2480 3102 2547 3156 Et
2594 3102 2714 3157 ideo
2755 3102 3131 3156 indubitanter
3169 3101 3341 3173 accipi
3373 3102 3575 3158 debere
3604 3118 3751 3173 qua:-

464 3179 681 3235 Christo
720 3181 1044 3234 commortui
1074 3189 1129 3235 et
1159 3182 1383 3250 sepulti,
1411 3181 1574 3251 hujus
1600 3183 2052 3255 peregrinationis

466 3281 661 3327 nostra:
689 3278 947 3326 aeternam
985 3273 1226 3341 requiem
1257 3273 1567 3327 sorticmnr.

532 3347 760 3431 Propter
785 3362 883 3415 hoc
908 3371 1121 3416 vocatus
1157 3372 1233 3415 est
1262 3379 1387 3432 ager
1417 3362 1508 3416 ille
1544 3361 1919 3427 Haceldemali,
1955 3364 2051 3417 hoc

459 3461 535 3506 est
562 3469 687 3521 ager
711 3453 983 3522 sanguinis
1019 3470 1181 3523 usque
1209 3454 1263 3507 in
1288 3454 1598 3524 hodiernum
1635 3456 1792 3509 diem.
1822 3454 1901 3509 Illi
1933 3456 2054 3524 qui-

460 3544 584 3600 dem
614 3543 861 3599 fecerunt
902 3544 1007 3599 alia
1039 3544 1316 3600 voluntate
1342 3586 1355 3611 ,
1383 3556 1444 3600 ut
1473 3554 1735 3601 aeternum
1761 3548 2052 3617 impietatis

461 3649 573 3690 suae
621 3634 996 3705 relinquerent
1028 3650 1095 3691 ex
1146 3637 1262 3707 agri
1301 3637 1577 3706 emptione
1614 3647 2047 3694 monumentum.

459 3726 728 3782 Caeterum
775 3742 875 3782 nos
901 3727 993 3796 qui
1023 3727 1296 3798 peregrini
1337 3742 1555 3784 eramus
1598 3743 1629 3783 a
1676 3728 1794 3799 lege
1835 3737 1888 3785 et
1928 3745 2054 3801 pro-

458 3818 666 3888 phetis,
717 3833 887 3888 prava
930 3833 1119 3873 eorum
1167 3818 1344 3873 studia
1375 3818 1714 3888 suscepimus
1740 3819 1793 3873 in
1822 3818 2052 3875 salutem

459 3915 515 3963 et
536 3908 589 3962 in
609 3909 783 3978 pretio
805 3908 1084 3978 sanguinis
1107 3907 1222 3976 ejus
1245 3908 1654 3977 requiescimus.
1673 3907 1843 3977 Figuli
1871 3917 2050 3963 autem

461 4011 591 4067 ager
628 3997 955 4067 appellatur,
990 3997 1117 4067 quia
1150 3996 1347 4068 figulus
1376 4005 1565 4052 noster
1593 4006 1678 4053 est
1698 3997 1964 4062 Christus,
1992 4008 2054 4055 ut

460 4101 624 4156 supra
650 4087 1005 4142 ostendimus.

536 4176 577 4228 1‘
580 4193 681 4230 unc
724 4176 995 4248 impletum
1040 4186 1115 4231 est
1138 4176 1278 4248 quod
1306 4176 1504 4232 dictum
1544 4186 1620 4232 est
1651 4194 1744 4248 per
1765 4176 2051 4232 Jeremiam

458 4268 766 4339 prophetam
788 4310 802 4334 ,
834 4269 1089 4323 dicentem
1120 4283 1138 4320 :
1170 4268 1239 4322 Et
1278 4280 1585 4341 acceperunt
1614 4271 1832 4341 triginta
1867 4289 2052 4343 argen-

460 4369 569 4413 teos
590 4400 605 4423 ,
634 4360 859 4429 pretium
889 4360 1191 4430 appretiati,
1221 4376 1373 4430 quem
1409 4363 1892 4432 appretiaverunka
1923 4363 2050 4433 ﬁliis

461 4450 653 4514 Israel,
675 4451 994 4505 et‘dederunt
1015 4465 1103 4506 ea:
1126 4452 1180 4506 in
1201 4468 1389 4522 agrum
1413 4453 1586 4523 ﬁguli,
1617 4455 1752 4509 sicut
1776 4458 2043 4511 constituit
2071 4446 2126 4507 D

461 4541 589 4594 mihi
618 4541 894 4596 Dominus.
924 4541 1037 4596 [Ioc
1073 4542 1443 4598 testimonium
1473 4544 1529 4598 in
1562 4543 1796 4601 Jeremia
1821 4563 1930 4604 non
1962 4549 2042 4604 in-

460 4631 711 4696 venitur,
747 4632 800 4685 in
839 4633 1102 4687 Zacharia
1138 4649 1290 4699 vero,
1325 4634 1417 4703 qui
1459 4649 1598 4704 pene
1644 4636 1865 4692 ultimus
1911 4639 2043 4696 duo-

462 4727 635 4782 decim
673 4727 1057 4795 prophetarum
1104 4735 1221 4792 est,
1252 4728 1501 4797 quazdam
1535 4729 1829 4787 similitudo
1868 4732 2042 4789 fertur

463 4817 650 4892 (Zaclt.
675 4817 775 4887 XI).
797 4818 865 4872 Et
887 4833 1195 4888 quanquam
1221 4834 1416 4876 sensus
1445 4836 1553 4875 non
1591 4821 1813 4877 multum
1838 4823 2041 4881 discre-

460 4918 569 4981 pet,
612 4918 793 4966 tamen
822 4918 876 4966 et
906 4909 1041 4965 ordo
1067 4919 1122 4965 et
1147 4910 1309 4967 verba
1337 4912 1547 4968 diversa
1584 4922 1725 4969 sunt.
1758 4915 1938 4989 (Aug)
1983 4919 2041 4973 Si

460 5002 583 5072 quis
608 5011 789 5058 autem
817 5009 1087 5067 movetur,
1113 5003 1257 5073 quod
1295 5003 1399 5058 hoc
1431 5006 1799 5061 testimonium
1831 5024 1936 5064 non
1961 5009 2045 5063 in-

461 5094 675 5149 venitur
705 5095 760 5148 in
786 5094 1055 5164 scriptura
1081 5092 1329 5149 Jeremia:
1347 5096 1643 5165 prophetae,
1668 5106 1722 5152 et
1744 5099 1863 5154 ideo
1891 5110 2045 5171 putat

461 5185 587 5242 ﬁdei
613 5188 961 5259 evangelista
1002 5187 1208 5257 aliquid
1243 5188 1631 5259 derogandum,
1680 5191 1855 5261 primo
1881 5209 2046 5249 nove-

462 5279 534 5334 rit
561 5295 669 5334 non
697 5294 888 5335 omnes
931 5280 1148 5335 codices
1204 5278 1615 5350 Evangeliorum
1663 5281 1865 5337 habere
1899 5285 2042 5353 quod

459 5388 558 5444 per
584 5371 872 5429 Jeremiam
900 5375 1101 5430 dictum
1138 5375 1229 5440 sit,
1260 5375 1354 5430 sed
1390 5374 1764 5431 tantummodo
1800 5392 1893 5446 per
1922 5393 2043 5447 pro-

460 5465 688 5535 phetam.
718 5465 1008 5521 l’ossemus
1035 5481 1166 5537 ergo
1191 5467 1372 5521 dicere
1415 5464 1502 5519 his
1543 5465 1720 5534 potius
1765 5467 2043 5524 codicibus

462 5568 581 5609 esse
623 5555 974 5622 credendum,
1008 5556 1113 5625 qui
1146 5553 1395 5610 Jeremire
1426 5569 1620 5609 nomen
1670 5572 1777 5611 non
1819 5556 2035 5613 habent.

468 5642 674 5700 Dictum
694 5656 777 5703 est
801 5647 945 5703 enim
978 5650 1079 5703 hoc
1106 5662 1202 5717 per
1226 5648 1562 5719 prophetam,
1586 5647 1678 5704 sed
1699 5648 2034 5707 Zachariam.

2151 3208 2364 3264 cunque
2387 3207 2486 3263 per
2516 3207 2612 3248 eos
2641 3190 2879 3263 Spiritus
2927 3199 3150 3248 sanctus
3182 3192 3340 3259 dixit,
3377 3192 3592 3263 singula
3622 3207 3751 3250 esse

2151 3286 2424 3351 omnium,
2452 3293 2506 3341 et
2539 3285 2722 3340 omnia
2759 3285 3119 3356 singulorum.
3152 3284 3289 3342 Cum
3322 3286 3491 3357 igitur
3517 3295 3571 3342 et
3620 3303 3751 3358 qua:

2151 3373 2296 3429 dicta
2324 3382 2450 3428 sunt
2480 3389 2577 3444 per
2599 3372 2896 3429 Jeremiam
2920 3413 2935 3439 ,
2983 3381 3094 3429 tam
3128 3373 3239 3429 sint
3268 3374 3547 3429 Zachariae
3576 3391 3747 3446 quam

2150 3461 2427 3530 Jeremize,
2452 3472 2508 3519 et
2529 3479 2649 3534 qua:
2674 3464 2816 3519 dicta
2851 3472 2978 3520 sunt
2998 3480 3097 3536 per
3118 3465 3462 3533 Zachariam,
3498 3476 3611 3523 tam
3636 3468 3751 3523 sint

2151 3553 2401 3610 Jeremiae
2426 3570 2592 3625 quam
2620 3556 2920 3623 Zacharias,
2961 3557 3093 3628 quid
3136 3572 3273 3628 opus
3299 3568 3419 3614 erat
3452 3569 3516 3614 ut
3558 3576 3751 3616 emen-

2152 3645 2310 3700 daret
2334 3644 2620 3702 Mattharus
2644 3686 2659 3713 ,
2686 3662 2810 3703 eum
2837 3647 2983 3703 aliud
3006 3657 3106 3719 pr'o
3129 3648 3237 3704 alio
3275 3650 3381 3705 sibi
3420 3666 3617 3707 nomen
3643 3667 3745 3708 oc»

2152 3752 2379 3793 currens
2430 3753 2460 3792 a
2508 3752 2567 3793 se
2616 3738 2880 3809 scriptum
2941 3739 3259 3811 relegisset,
3309 3751 3364 3798 et
3414 3759 3519 3811 non
3558 3745 3749 3814 potius

2152 3844 2385 3899 sequens
2414 3830 2795 3886 auctoritatem
2827 3830 3065 3902 Spiritus
3092 3835 3292 3901 sancti,
3314 3851 3347 3890 a
3370 3851 3475 3906 quo
3500 3846 3749 3892 mentem

2152 3935 2308 3975 suam
2347 3921 2461 3992 regi
2505 3921 2628 3993 plus
2672 3922 2829 3977 nobis
2874 3923 2964 3979 ille
3001 3925 3191 3995 utique
3222 3928 3507 3993 sentiebat,
3536 3928 3613 3982 ita
3638 3929 3751 3984 hoc

2150 4010 2414 4081 scriptum
2460 4010 2809 4080 relinqueret,
2854 4013 2996 4067 sicut
3023 4014 3187 4069 etiam
3220 4017 3557 4073 admonendo
3604 4032 3744 4073 eon-

2152 4104 2405 4159 stituerat
2432 4104 2483 4159 ei
2506 4105 2792 4171 Dominus,
2806 4107 2873 4161 ad
2894 4105 3264 4165 informandos
3284 4125 3385 4167 nos
3403 4119 3607 4166 tantam
3629 4127 3751 4166 ver-

2151 4197 2344 4252 borum
2374 4210 2597 4251 suorum
2623 4196 2766 4253 inter
2788 4198 3082 4268 prophetas
3110 4215 3232 4256 esse
3261 4203 3607 4257 concordiam
3632 4245 3648 4268 ,
3682 4214 3748 4257 ut

2153 4303 2262 4343 non
2294 4287 2530 4342 absurde
2553 4326 2567 4352 ,
2603 4288 2711 4343 imo
2755 4292 3241 4361 congruentissime
3283 4294 3446 4349 etiam
3492 4295 3748 4361 Jeremiae

2153 4378 2535 4448 deputaremus
2563 4379 2707 4451 quod
2747 4396 2844 4450 per
2875 4384 3197 4438 Zachariam
3225 4385 3430 4441 dictum
3469 4389 3745 4458 reperire-

2153 4467 2315 4521 mus?
2339 4465 2396 4522 Si
2423 4469 2569 4524 enim
2612 4469 2770 4524 hodie
2796 4470 3084 4541 quisquam
3113 4473 3300 4529 vol-ens
3325 4474 3554 4547 alicujus
3574 4477 3744 4531 verba

2151 4558 2376 4625 dictare,
2407 4558 2608 4614 indicat
2636 4576 2831 4616 nomen
2872 4562 3099 4618 alterius
3132 4578 3164 4617 a
3188 4579 3298 4634 quo
3319 4564 3464 4621 dicta
3491 4566 3620 4631 sint,
3645 4568 3745 4636 qui

2152 4657 2330 4705 tamen
2353 4650 2718 4707 amicissimus
2754 4660 2811 4708 et
2836 4651 3204 4710 familiaritate
3258 4655 3744 4725 conjunctissimus

2150 4740 2223 4794 illi
2252 4740 2407 4811 cujus
2438 4741 2603 4796 verba
2637 4741 2819 4798 dicere
2845 4742 3044 4810 voluit;
3070 4753 3123 4799 et
3145 4746 3400 4801 continuo
3422 4748 3744 4802 recordatus

2150 4831 2314 4886 alium
2338 4846 2437 4901 pro
2463 4831 2569 4887 alio
2599 4848 2658 4888 se
2685 4833 2917 4901 dixisse,
2946 4835 3022 4889 ita
3056 4851 3114 4891 se
3150 4837 3371 4909 colligat
3396 4848 3451 4893 et
3473 4840 3737 4911 corrigat,

2151 4932 2210 4978 ut
2238 4932 2416 4979 tamen
2440 4925 2624 4981 dicat:
2658 4926 2799 4982 Bene
2830 4927 2939 4982 dixi
2965 4944 2979 4994 ;
3012 4929 3144 4998 quid
3176 4930 3327 4987 aliud
3361 4932 3597 5001 intuens,
3631 4934 3738 4988 nisi

2152 5025 2355 5072 tantam
2396 5017 2540 5074 inter
2589 5021 2780 5077 ambos
2808 5036 2928 5076 esse
2958 5024 3305 5079 concordiam
3331 5065 3347 5089 ,
3394 5025 3538 5080 inter
3585 5025 3737 5080 illum

2150 5106 2356 5163 scilicet
2385 5105 2540 5176 cujus
2568 5109 2731 5164 verba
2763 5110 2940 5165 dicere
2975 5101 3165 5178 voluit,
3213 5122 3271 5168 et
3309 5114 3475 5169 alium
3510 5116 3665 5185 cujus
3685 5117 3737 5171 ei

2149 5212 2344 5252 nomen
2376 5212 2476 5268 pro
2508 5196 2650 5252 illius
2696 5199 2914 5255 nomine
2946 5203 3222 5266 occurrit,
3265 5212 3325 5257 ut
3377 5204 3483 5258 tale
3527 5205 3599 5259 sit
3634 5206 3739 5260 hoc

2148 5290 2313 5344 istum
2358 5289 2561 5344 dixisse
2589 5328 2604 5354 ,
2652 5289 2810 5359 quale
2846 5291 2889 5345 si
2920 5291 3011 5347 ille
3036 5292 3304 5348 dixisset?
3338 5304 3543 5364 quanto
3566 5295 3741 5364 magis

2148 5379 2252 5434 hoc
2285 5380 2350 5435 de
2389 5379 2668 5450 prophetis
2715 5382 2921 5437 sanctis
2942 5383 3344 5455 intelligendum
3392 5395 3446 5441 et
3500 5388 3737 5444 maxime

2147 5471 2635 5526 commendandum
2690 5470 2837 5538 fuit,
2883 5481 2945 5527 ut
3002 5477 3243 5530 omnium
3278 5476 3447 5532 libros
3479 5487 3733 5549 tanquam

2147 5559 2304 5615 unius
2330 5576 2495 5614 unum
2522 5560 2716 5616 librum
2747 5562 3137 5632 acciperemus,
3172 5566 3226 5619 in
3253 5582 3361 5635 quo
3382 5568 3528 5621 nulla
3555 5583 3729 5623 rerum

2147 5650 2510 5724 discrepantia
2551 5655 2901 5726 crederetur,
2938 5654 3079 5712 sicut
3106 5657 3253 5713 nulla
3287 5659 3648 5725 inveniretur,
3675 5668 3730 5717 et
