3998 6188
322 268 456 324 “29

1269 262 1622 320 COMMENT.
1662 262 1727 318 1N
1763 248 2193 337 MATTHJEUM.
2232 293 2302 303 —
2339 262 2467 319 LIB.
2512 261 2646 320 vtu.

3415 266 3556 325 “50

315 381 368 435 in
390 395 497 450 quo
517 379 839 451 majoresset
862 376 1161 434 constantia
1180 376 1444 443 veritatis,
1461 392 1622 448 quam
1639 377 1684 431 si
1696 377 1880 432 omnia
1906 380 1958 439 Α
1982 377 2136 444 quasi
2158 382 2405 448 apertum
2427 377 2728 433 invidorum
2751 377 3092 435 mendacium
3116 376 3273 435 nihili
3292 381 3556 451 pendens.

314 469 403 523 illa
437 486 576 523 unus
620 470 782 523 homo
819 466 1111 536 quamlibet
1158 466 1504 522 doctissimus
1549 467 1878 538 loqueretur.

313 558 464 627 Quod
494 575 622 631 ergo
666 559 792 613 hinc
829 565 1200 635 argumentum
1255 571 1467 612 sumere
1501 567 1766 613 conantur
1798 557 1882 613 vel

312 652 556 709 inﬁdeles
579 651 660 706 vel
680 648 911 718 imperiti
941 648 1205 714 homines,
1232 650 1386 718 quasi
1413 650 1479 703 ad
1497 648 1882 704 ostendendam

312 744 696 800 dissonantiaru
734 748 1044 797 sanctorum
1072 740 1546 808 cvangelistarum,
1576 741 1680 795 hoc
1707 741 1884 810 potius

311 835 506 890 debent
531 846 807 888 assumere
848 830 1056 897 ﬁdeles,
1108 840 1163 885 et
1197 831 1336 887 docti
1382 832 1450 886 ad
1497 831 1880 886 ostendendam

309 928 568 981 unitatem
618 931 925 981 sanctorum
981 922 1145 976 etiam
1191 922 1595 992 prophetarum.
1638 921 1734 977 Est
1777 921 1883 976 alia

309 1027 468 1068 causa
503 1026 603 1065 cur
631 1012 735 1067 hoc
764 1025 957 1067 nomen
985 1009 1233 1064 Jeremize
1261 1009 1315 1064 in
1336 1009 1650 1064 testimonio
1673 1009 1881 1064 Zacha-

311 1105 403 1160 riae
433 1104 513 1161 sic
537 1116 854 1176 permanere
884 1096 1205 1171 permissum
1230 1140 1245 1167 ,
1293 1100 1381 1155 vel
1422 1101 1617 1170 potius
1648 1099 1884 1170 Spir-itus

308 1193 482 1249 sancti
535 1192 859 1248 auctoritate
905 1198 1232 1260 pmceptum
1281 1189 1371 1245 sit.
1413 1189 1510 1245 Est
1545 1189 1690 1260 apud
1722 1187 1880 1244 Jere—

309 1285 472 1339 miam
492 1324 508 1349 ,
534 1283 677 1353 quod
701 1282 892 1337 emerit
918 1296 1108 1352 agrum
1153 1295 1185 1334 a
1214 1280 1338 1335 ﬁliis
1350 1279 1545 1359 fratris
1570 1279 1675 1344 sui,
1707 1287 1763 1333 et
1780 1278 1885 1333 .de-

309 1372 451 1428 derit
497 1371 546 1426 ci
596 1378 922 1441 argentum,
976 1385 1082 1424 non
1133 1368 1348 1439 quidem
1395 1369 1495 1424 sub
1535 1369 1639 1424 hoc
1667 1368 1883 1423 nomine

306 1459 469 1530 pretii
518 1459 662 1529 quod
714 1458 945 1529 positum
973 1465 1058 1514 est
1095 1458 1235 1528 apud
1275 1457 1624 1523 Zachariam,
1663 1457 1882 1526 triginta

308 1549 581 1621 argenteis
604 1588 620 1614 ,
654 1560 1022 1603 verumtamen
1064 1548 1179 1618 agri
1220 1548 1421 1618 emptio
1467 1563 1573 1602 non
1618 1554 1702 1603 est
1741 1547 1883 1617 apud

304 1638 346 1692 Ζ
383 1638 646 1694 chariam.
683 1637 835 1706 Quod
870 1645 1053 1709 autem
1077 1638 1409 1708 prophetiam
1438 1638 1505 1693 de
1532 1637 1747 1709 triginta
1789 1652 1873 1692 ar-

1984 465 2157 521 solum
2186 466 2290 522 hoc
2335 468 2477 539 quod
2505 468 2779 524 nesciebat
2804 468 3090 541 quaesitum
3129 468 3345 539 dignum
3388 470 3559 525 dum-

1984 555 2073 609 rit.
2105 553 2383 627 (Venant.)
2412 556 2727 628 Arguuntur
2764 557 3053 627 impietatis
3087 556 3276 621 Judaei,
3307 559 3447 628 quod
3468 574 3556 614 ac-

1982 656 2236 702 cusantes
2263 646 2597 703 Salvatorem
2626 664 2694 704 ne
2725 648 2858 705 falso
2882 650 3097 719 quidem
3133 649 3336 721 aliquid
3364 650 3557 706 verisi-

1982 737 2109 792 mile
2131 739 2271 807 quod
2298 737 2348 794 ei
2376 727 2612 808 obiicere
2645 739 2853 808 possint
2880 740 3188 805 inveniunt;
3219 748 3275 794 et
3301 740 3423 796 ideo
3450 740 3558 798 sic-

1981 834 2042 880 ut
2085 826 2300 883 Marcus
2346 827 2507 893 dicit,
2576 828 2951 884 cenvenientia
3002 844 3190 887 eorum
3242 831 3551 887 testimonia

1980 931 2089 970 non
2115 923 2289 971 erant.

2056 1004 2192 1060 Dicit
2232 1006 2281 1059 ei
2328 1003 2484 1061 Iesus
2510 1019 2531 1057 :
2564 1005 2642 1060 Tu
2688 1006 2840 1061 dicis.
2871 1005 3071 1062 Eodem
3106 1007 3272 1062 verbo
3315 1010 3555 1078 praesidi,

1982 1111 2091 1166 quo
2114 1105 2172 1152 et
2194 1096 2531 1168 principibus
2549 1099 2886 1153 sacerdotum
2916 1098 3227 1170 respondet,
3254 1107 3315 1154 ut
3338 1104 3553 1172 propria

1982 1187 2251 1247 sententia
2315 1189 2760 1244 condemnentur.
2836 1189 3051 1263 Sicque,
3081 1190 3196 1260 ipse
3248 1205 3554 1247 sermonem

1981 1293 2140 1333 suum
2165 1286 2453 1349 temperat,
2478 1287 2541 1334 ut
2561 1288 2617 1335 et
2635 1293 2829 1334 verum
2858 1281 3017 1345 dicat,
3045 1290 3100 1335 et
3124 1295 3303 1336 sermo
3324 1282 3442 1353 ejus
3461 1299 3555 1339 ca-

1981 1364 2204 1422 lumnia:
2228 1381 2332 1422 non
2363 1376 2563 1437 pateat.
2596 1367 2702 1425 Sed
2728 1368 3059 1439 aliquantum
3100 1370 3344 1428 diversus
3375 1387 3554 1429 sermo

1981 1463 2093 1522 est,
2118 1456 2211 1527 qui
2237 1455 2412 1511 fuerat
2441 1456 2507 1511 ad
2534 1458 2891 1515 sacerdotem.
2921 1459 2998 1514 Illi
3022 1459 3169 1515 enim
3192 1463 3453 1532 quaerenti
3483 1479 3551 1518 an

1984 1547 2101 1615 ipse
2121 1545 2368 1601 Christus
2396 1554 2558 1612 esset,
2587 1547 2832 1603 dixerat:
2866 1547 2944 1600 Tu
2966 1548 3165 1602 dixisti.
3191 1548 3416 1621 (Hilur.)
3441 1551 3554 1606 Hoc

1986 1635 2107 1691 ideo
2131 1637 2256 1706 quia
2283 1636 2371 1691 lex
2392 1637 2569 1692 omnis
2601 1646 2886 1692 venturum
2914 1637 3188 1694 Christum
3218 1640 3551 1709 prmdicave—

306 1730 514 1801 genteis
542 1730 608 1784 ad
640 1730 742 1784 hoc
768 1729 1152 1799 interpretatus
1199 1731 1270 1785 sit
1314 1729 1642 1800 evangelista
1675 1770 1691 1793 ,
1735 1730 1878 1800 quod
1908 1718 1954 1778 Β
1983 1733 2092 1792 rat,
2124 1725 2477 1795 respondetur
2510 1734 2766 1796 tanquam
2809 1728 2875 1783 de
2919 1728 3209 1798 prmteritis
3253 1732 3549 1797 sacerdoti,

305 1818 466 1875 modo
495 1819 561 1875 de
591 1817 819 1873 Domino
844 1818 1168 1888 completum
1216 1827 1302 1874 est
1325 1860 1339 1882 ,
1371 1827 1431 1872 ut
1455 1819 1559 1874 hoc
1586 1827 1740 1875 esset
1764 1817 1882 1886 ejus

306 1909 557 1978 pretium,
588 1905 930 1963 manifestum
948 1916 1050 1964 est.
1076 1906 1183 1963 Sed
1205 1908 1273 1963 ad
1297 1909 1399 1963 hoc
1426 1908 1694 1976 pertinere
1715 1908 1880 1964 etiam

304 1995 436 2050 illud
464 1995 531 2050 de
559 2010 691 2065 agro
717 2005 914 2065 empto,
946 1998 1088 2065 quod
1108 1996 1371 2053 ieremias
1393 1996 1539 2061 dicit,
1556 1997 1681 2052 hinc
1706 1997 1881 2068 potuit

307 2084 537 2154 mystice
567 2083 860 2154 signiﬁcari
885 2124 900 2148 ,
928 2093 987 2139 ut
1021 2100 1126 2139 non
1170 2084 1225 2141 id
1251 2083 1526 2140 Zachariae
1557 2099 1754 2139 nomen
1786 2100 1882 2156 po-

306 2182 559 2238 neretur,
583 2175 675 2243 qui
700 2174 836 2229 dixit
864 2175 1081 2245 triginta
1107 2175 1376 2245 argenteis
1400 2215 1415 2241 ,
1448 2175 1540 2230 sed
1584 2174 1832 2230 Jeremite
1860 2214 1876 2241 ,

302 2261 398 2331 qui
422 2261 560 2316 dixit
595 2262 661 2316 de
699 2277 829 2334 agro
866 2271 1047 2334 empto
1089 2281 1102 2317 :
1140 2271 1200 2317 ut
1239 2263 1378 2319 lecto
1402 2264 1693 2334 Evangelia
1722 2273 1881 2333 atque

310 2351 530 2407 invento
580 2353 798 2407 nomine
860 2352 1108 2407 Ieremia:
1134 2392 1150 2417 ,
1200 2353 1340 2408 lecto
1379 2362 1558 2408 autem
1597 2352 1829 2408 Jeremia
1862 2392 1878 2418 ,

307 2448 362 2494 ct
413 2456 518 2507 non
576 2441 793 2496 invento
843 2442 1147 2497 testimonio
1192 2443 1258 2497 de
1316 2442 1529 2512 triginta
1589 2442 1880 2512 argenteis,

308 2531 526 2586 invento
545 2539 724 2586 tamen
753 2547 883 2603 agro
903 2540 1103 2602 empto,
1127 2528 1659 2588 admoneaturlector
1680 2542 1885 2587 utrum-

307 2634 416 2689 que
441 2623 687 2675 conferre
716 2660 732 2686 ,
777 2631 833 2675 et
861 2620 986 2675 inde
1014 2637 1230 2676 sensum
1256 2623 1539 2678 enucleare
1565 2622 1879 2691 prophetiae,

308 2710 578 2780 quomodo
606 2709 870 2779 pertineat
915 2709 983 2765 ad
1026 2709 1126 2764 hoc
1163 2708 1304 2781 quod
1345 2710 1399 2764 in
1430 2710 1657 2766 Domino
1692 2711 1879 2781 imple-

305 2814 423 2861 tmn
452 2814 555 2861 est.
582 2805 716 2860 Nam
766 2804 894 2859 illud
949 2805 1091 2878 quod
1137 2804 1365 2879 Subjecit
1408 2804 1534 2861 huic
1574 2804 1884 2864 testimonio

309 2896 593 2955 Mattiacas
621 2910 743 2953 cum
771 2899 847 2953 ait
880 2916 893 2951 :
927 2899 1091 2964 Quem
1117 2906 1531 2969 appretiaverunt
1563 2897 1666 2968 ﬁlii
1689 2897 1880 2965 Israel,
1928 2906 1929 2909 ‘

1983 1816 2110 1886 quia
2134 1829 2350 1886 semper
2371 1824 2654 1872 venturum
2688 1815 2964 1872 Christum
3001 1832 3068 1872 ex
3094 1818 3210 1889 lege
3237 1820 3353 1891 ipse
3388 1821 3555 1878 dixis-

1982 1915 2084 1962 set.
2116 1905 2252 1965 Huic
2276 1922 2406 1963 vero
2429 1907 2560 1979 legis
2584 1908 2776 1979 ignaro
2814 1909 3164 1981 interroganti
3194 1928 3261 1966 an
3313 1913 3425 1983 ipse
3468 1929 3555 1971 es-

1982 2004 2065 2052 set
2093 2013 2189 2054 rcx
2216 1995 2527 2054 Judteorum
2569 1999 2768 2054 dicitur
2810 2017 2823 2052 :
2865 1998 2943 2054 Tu
2986 2002 3138 2068 dicis,
3181 2004 3303 2072 quia
3343 2020 3445 2076 per
3481 2005 3549 2062 ll-

1982 2088 2103 2145 dem
2154 2082 2436 2157 przesentis
2465 2088 2819 2145 confessionis
2864 2090 3010 2146 salus
3055 2094 3292 2161 gentium
3340 2105 3442 2152 est.
3484 2096 3553 2155 Et

1981 2181 2125 2248 quod
2156 2180 2261 2234 hoc
2286 2180 2459 2245 dese,
2489 2180 2577 2235 ille
2603 2182 2695 2251 qui
2735 2190 2894 2237 antea
2950 2183 3229 2253 ignorabat
3266 2186 3549 2257 loquatur,

1982 2269 2125 2341 quod
2151 2271 2207 2325 hi
2235 2279 2433 2347 negant
2459 2271 2551 2341 qui
2577 2284 2732 2328 antea
2761 2272 3139 2345 loquebantur.

2052 2357 2123 2412 Et
2160 2375 2277 2412 cum
2321 2370 2657 2414 accusaretur
2698 2378 2732 2414 a
2781 2363 3099 2434 principibus
3137 2368 3465 2424 sacerdotum
3502 2383 3550 2426 et

1980 2449 2270 2505 senioribus
2294 2449 2424 2506 nihil
2467 2452 2747 2522 respondit.
2777 2452 3045 2527 (Hierom)
3073 2457 3270 2512 Verum
3300 2468 3359 2513 ut
3397 2462 3552 2518 nobis

1980 2540 2254 2610 patientia:
2281 2542 2518 2611 praebeat
2544 2542 2868 2612 exemplum,
2898 2545 3037 2600 sicut
3063 2557 3188 2603 ante
3215 2549 3550 2615 verberatus,

1982 2630 2063 2686 sic
2100 2639 2156 2685 et
2186 2632 2344 2687 modo
2372 2642 2659 2689 accusatus
2707 2634 2829 2690 silet
2871 2651 2936 2692 ac
2983 2638 3193 2693 reticet.
3232 2639 3297 2694 Et
3331 2643 3552 2699 attende

1982 2721 2126 2790 quod
2149 2722 2343 2789 Pilato,
2372 2726 2465 2795 qui
2500 2726 2700 2781 invitus
2742 2725 2948 2782 ferebat
2984 2727 3328 2796 sententiam,
3370 2730 3550 2802 aliqua

1982 2810 2039 2869 in
2065 2823 2220 2886 parte
2248 2817 2605 2889 responderit.
2634 2815 3016 2881 Saderdotihus
3064 2827 3244 2875 autem
3272 2828 3322 2875 et
3348 2822 3547 2896 princi-

1982 2904 2140 2974 pibus
2174 2907 2502 2977 respondere
2525 2908 2779 2976 noluerit,
2805 2909 3153 2981 indignosque
3181 2925 3279 2966 suo
3297 2926 3550 2969 sermone

304 2997 353 3043 et
383 2989 636 3043 dederunt
666 3004 753 3043 eos
780 2989 835 3042 in
870 3004 1053 3058 agrum
1081 2978 1266 3058 ﬁguli,
1299 2989 1433 3042 sicut
1459 2990 1726 3043 constituit
1756 2990 1883 3045 mihi
1920 3056 1953 3064 _
1976 2994 2255 3064 iudicarit.

307 3082 585 3147 Dominus,
612 3098 709 3137 nec
743 3082 885 3152 apud
904 3056 1269 3147 _Zachar_iam,
1298 3092 1397 3136 nec
1424 3068 1565 3153 apud
1592 3082 1882 3138 Jeremiam‘
1909 3056 1954 3120 (ἶ
1976 3056 1997 3064 ⁷
2060 3086 2203 3143 Tunc
2231 3088 2359 3143 dicit
2400 3089 2479 3144 illi
2510 3088 2715 3145 Pilatus
2754 3105 2773 3145 :
2805 3090 2927 3147 Non
2955 3092 3109 3148 audis
3147 3104 3341 3165 quanta
3367 3095 3552 3151 adaer-

304 3174 591 3242 rcperitur.
623 3172 774 3229 Unde
798 3172 968 3244 magis
985 3187 1052 3226 ex
1071 3187 1301 3241 persona
1332 3171 1500 3241 ipsius
1542 3172 1884 3244 evangelista:

306 3268 677 3337 accipiendum
732 3274 816 3322 est
869 3266 1141 3337 eleganter
1186 3272 1240 3320 et
1294 3265 1520 3337 mystice
1578 3262 1879 3330 insertum,

300 3361 429 3428 quia
474 3368 526 3414 et
569 3360 671 3414 hoc
709 3374 778 3414 ex
826 3357 1038 3413 Domini
1091 3356 1416 3412 revelatione
1463 3358 1777 3428 cognoverit
1814 3357 1882 3411 ad

302 3448 445 3502 hanc
474 3463 608 3512 rem,
641 3463 760 3517 quae
791 3448 855 3502 de
885 3446 1087 3502 Christi
1135 3446 1309 3516 pretio
1359 3445 1497 3501 facta
1540 3454 1643 3511 est,
1684 3444 1883 3515 hujus-

306 3539 448 3593 modi
476 3539 747 3608 pertinere
773 3539 1134 3609 prophetiam.
1165 3536 1328 3593 Liber
1351 3537 1548 3608 quippe
1571 3537 1735 3606 empti
1763 3534 1878 3607 agri

302 3629 444 3698 apud
472 3627 761 3683 Jcremiam
787 3628 1007 3699 jubetur
1036 3629 1175 3683 mitti
1199 3629 1252 3682 in
1282 3643 1376 3682 vas
1403 3627 1585 3691 ﬁctile,
1605 3637 1659 3680 et
1683 3625 1882 3680 emitur

303 3719 395 3772 hic
425 3718 491 3771 de
515 3718 687 3786 pretio
716 3714 930 3771 Domini
958 3732 1083 3787 ager
1112 3717 1252 3787 ﬁguli
1280 3756 1295 3780 ,
1331 3724 1386 3789 et
1414 3717 1517 3771 hoc
1541 3714 1607 3769 ad
1637 3713 1878 3783 sepultu-

305 3825 419 3863 ram
454 3808 881 3878 peregriuorum,
906 3815 1162 3874 tanquam
1188 3805 1254 3858 ad
1274 3802 1702 3872 permansionem
1728 3801 1882 3870 quie-

303 3900 373 3954 tis
405 3914 590 3953 eorum
637 3913 757 3952 cum
803 3897 856 3950 in
904 3897 1007 3950 hoc
1054 3892 1249 3949 sacculo
1272 3892 1721 3963 peregrinantur,
1753 3905 1882 3944 con-

304 3989 631 4059 scpelieutur
676 3986 893 4041 Christo
940 4000 1040 4056 per
1082 3984 1423 4054 baptismum.
1461 3982 1592 4038 Nam
1640 3990 1696 4037 ct
1735 3981 1881 4036 illam

303 4082 627 4152 eruptionem
657 4079 769 4148 agri
801 4078 903 4132 hoc
931 4075 1239 4147 signiﬁcare
1262 4115 1278 4139 ,
1309 4076 1382 4129 ait
1412 4066 1673 4130 Jeremias
1699 4093 1711 4128 :
1742 4073 1880 4128 Dicit

309 4171 613 4226 Dominus:
650 4160 801 4234 Quia
829 4168 925 4221 erit
972 4166 1262 4236 permansio
1308 4166 1593 4236 captivitati
1642 4166 1881 4221 liberato-

307 4278 422 4314 rum
448 4263 505 4315 in
539 4260 633 4314 illa
659 4272 821 4313 terra.
856 4256 1112 4328 Sequitur
1140 4256 1438 4320 Matthmus,
1472 4268 1527 4312 et
1553 4258 1725 4313 dicit:

379 4353 531 4408 Iesus
587 4364 763 4406 autem
818 4351 956 4405 stetit
1014 4359 1133 4404 ante
1197 4349 1500 4420 praesidem,
1548 4360 1596 4403 ct
1652 4350 1878 4404 interro-

305 4442 442 4510 gavit
498 4456 617 4493 eum
674 4454 863 4509 praeses
922 4437 1145 4491 dicens:
1178 4435 1254 4489 'l'u
1293 4453 1346 4491 es
1386 4454 1478 4491 rex
1513 4435 1822 4491 Judtrorunt
1852 4438 1878 4491 1'

308 4530 461 4585 llunc
507 4528 681 4585 locum
730 4527 1068 4582 manifestius
1123 4527 1176 4581 in
1235 4527 1376 4583 Luca
1433 4527 1731 4597 reperimus
1781 4540 1876 4581 ex-

306 4621 599 4691 planatum.
645 4617 737 4671 Ait
766 4616 909 4672 enim
960 4617 1077 4671 sic:
1131 4615 1199 4670 Et
1236 4632 1452 4687 surgens
1490 4618 1659 4673 omnis
1701 4617 1877 4672 multi-

306 4715 433 4767 tudo
469 4726 648 4767 eorum
694 4711 954 4764 duxerunt
997 4708 1145 4763 illum
1193 4708 1262 4762 ad
1304 4706 1556 4763 Pilatum.
1603 4705 1878 4779 Creperunt

309 4812 485 4856 autem
514 4816 766 4854 accusare
787 4798 936 4852 illum
959 4798 1183 4852 dicentes
1203 4814 1221 4851 :
1259 4796 1415 4852 Hunc
1453 4800 1738 4854 invenimus
1761 4799 1879 4853 sub.

307 4884 583 4949 vertentem
628 4901 828 4963 gentem
882 4900 1134 4956 nostram,
1185 4900 1233 4944 et
1274 4891 1625 4961 prohibentem
1680 4891 1874 4947 tributa

305 4984 436 5044 deer
468 4981 685 5045 Caesari,
738 4990 787 5034 et
814 4981 1077 5034 dicentem
1121 4997 1175 5035 se
1217 4979 1480 5035 Christum
1536 4997 1705 5052 regem
1741 4997 1871 5036 esse.

303 5075 372 5130 Et
395 5072 688 5127 notandum
715 5071 854 5140 quod
878 5071 1085 5127 duobus
1110 5070 1401 5126 secundum
1423 5071 1624 5126 Lucam
1646 5070 1873 5126 Domino

302 5161 547 5232 objectis,
576 5159 826 5215 videlicet
848 5160 989 5229 quod
1019 5166 1074 5214 et
1097 5160 1293 5215 tributa
1320 5159 1516 5215 Ctesari
1544 5161 1670 5215 dare
1690 5154 1872 5230 prohi-

303 5254 476 5318 beret,
499 5260 552 5308 et
579 5266 638 5307 se
657 5249 928 5307 Christum
954 5264 1133 5320 regem
1162 5249 1384 5314 diceret,
1425 5248 1630 5303 Pilatus
1652 5263 1781 5304 vero
1804 5250 1871 5305 de

301 5360 413 5400 uno
444 5344 593 5415 regni
621 5344 782 5398 verbo
815 5343 1247 5413 interrogandum
1270 5344 1495 5413 putavit.
1529 5342 1707 5397 Potuit
1727 5343 1868 5398 enim

303 5433 421 5489 ﬁeri
452 5443 512 5487 ut
556 5435 685 5489 illud
725 5432 935 5488 Domini
980 5431 1263 5501 judicium,
1293 5434 1434 5503 quod
1470 5435 1545 5487 ait
1589 5452 1602 5487 :
1654 5434 1870 5489 Reddite

303 5523 505 5578 (ἔωσανὶ
526 5541 642 5597 quae
670 5524 894 5581 Ctesaris
916 5534 1060 5589 sunt,
1081 5536 1127 5579 et
1155 5542 1274 5596 qua:
1300 5525 1393 5580 Dei
1417 5536 1536 5580 sunt
1554 5525 1683 5591 Deo,
1706 5526 1866 5579 etiam

302 5613 531 5674 Pilatqu
570 5615 785 5671 audisse
819 5615 1123 5686 contigerit.
1172 5614 1403 5685 ideoque
1441 5601 1658 5671 causam
1705 5616 1864 5683 hanc,

658 5698 907 5768 Parnm.
973 5705 1135 5765 CVII
1148 5748 1161 5764 .

1982 3195 2098 3235 sum
2126 3189 2176 3235 te
2198 3180 2380 3234 dicunt
2396 3181 2719 3239 testimonia.
2748 3180 2815 3235 Et
2854 3197 2954 3236 non
2993 3184 3254 3253 respondit
3280 3185 3329 3240 ei
3349 3185 3417 3239 ad
3461 3184 3548 3240 ul-

1981 3267 2089 3322 lum
2137 3269 2364 3335 verbum,
2416 3271 2489 3323 ita
2543 3280 2599 3324 ut
2651 3272 2928 3325 miraretur
2970 3287 3160 3341 pra-ses
3210 3273 3549 3331 vehementer.

1981 3354 2245 3413 Ethnicus
2292 3358 2508 3427 quidem
2553 3367 2670 3423 est,
2715 3360 2805 3429 qui
2845 3361 3170 3416 condemnat
3197 3360 3417 3430 Jesum,
3458 3363 3556 3420 sed

1981 3462 2201 3502 causam
2233 3448 2398 3503 refert
2425 3448 2488 3526 in
2508 3449 2762 3519 populum
2786 3448 3112 3505 Judzeorum.
3151 3450 3280 3508 Vide
3303 3454 3358 3507 in
3381 3470 3552 3526 quan-

1982 3537 2048 3591 tis
2070 3546 2118 3591 te
2147 3548 2414 3592 accusant.
2440 3524 2597 3594 Jesus
2623 3546 2801 3593 autem
2846 3538 2979 3594 nihil
3003 3541 3326 3611 respondere
3352 3524 3551 3609 voluit,

1980 3640 2052 3680 ne
2079 3627 2285 3681 crimen
2315 3627 2561 3692 dilueus,‘
2581 3628 2944 3682 dimitteretur
2961 3643 2992 3681 a
3022 3630 3270 3698 praeside,
3298 3642 3353 3685 et
3376 3633 3552 3687 crucis

1980 3711 2186 3767 utilitas
2212 3711 2534 3768 differretur.

2052 3799 2159 3855 Per
2197 3801 2333 3855 diem
2360 3810 2533 3856 autem
2569 3802 2847 3857 solemnem
2875 3816 3210 3860 consueverat
3238 3823 3429 3878 prreses
3468 3811 3551 3864 di-

1979 3890 2182 3943 mittere
2243 3889 2435 3960 populo
2506 3906 2669 3945 unum
2733 3894 2956 3946 vinctum
3020 3910 3173 3965 quem
3242 3894 3544 3955 voluissent.

1982 3979 2207 4050 (illum)
2241 3978 2391 4034 Hanc
2431 3986 2612 4037 autem
2650 3981 3016 4038 dimissionem
3060 3985 3353 4043 solemnem
3378 4030 3394 4056 ,
3433 4004 3543 4049 non

1980 4071 2277 4142 imperialis
2310 4072 2444 4144 legis
2482 4074 2763 4131 sanctione
2801 4072 3002 4130 Pilatus
3048 4074 3101 4130 in
3151 4093 3251 4134 usu
3294 4081 3549 4151 habebat,

1981 4163 2077 4218 sed
2106 4176 2285 4218 annua
2330 4165 2523 4234 gentis,
2573 4166 2660 4221 uti
2703 4180 2800 4236 per
2829 4163 2956 4221 talia
2984 4167 3199 4237 placere
3244 4174 3537 4244 gaudebat,

1982 4254 2371 4309 consuetudine
2396 4254 2695 4312 devinctus.
3052 4254 3053 4257 “

2053 4343 2289 4398 Habebat
2328 4354 2502 4401 autem
2525 4356 2647 4402 tunc
2677 4350 2898 4405 vinctum
2924 4351 3195 4424 insignem,
3220 4357 3311 4428 qui
3337 4360 3547 4416 diceba-

1980 4446 2069 4489 tur
2103 4435 2394 4492 Barabbas.
2429 4436 2583 4494 Hunc
2614 4440 2809 4511 quippe
2838 4442 3075 4498 vinctum
3120 4446 3294 4502 Lucas
3342 4449 3506 4505 refert
3530 4493 3547 4518 ,

1979 4535 2188 4595 propter
2226 4527 2530 4581 seditionem
2575 4530 2857 4598 quamdam
2905 4532 3099 4601 factum
3150 4534 3206 4589 in
3251 4538 3471 4594 civitate'
3501 4551 3550 4595 et

1981 4612 2318 4669 homicidium
2362 4618 2578 4671 missum
2609 4618 2663 4671 in
2707 4632 2984 4677 carcerem.
3035 4617 3140 4678 iste
3169 4624 3223 4679 in
3256 4625 3547 4701 Evangelio

1982 4703 2124 4773 quod
2160 4706 2415 4763 scribitur
2444 4705 2599 4775 juxta
2638 4706 2922 4775 Hebraeos,
2970 4710 3116 4780 ﬁlius
3165 4716 3401 4788 magistri
3454 4737 3546 4775 eo-

1983 4808 2102 4847 rum
2128 4794 2534 4864 interpretatur».
3150 4816 3161 4824 ’

2050 4880 2389 4955 Cangregatis
2429 4895 2605 4942 autem
2629 4887 2732 4942 illis
2755 4888 2890 4943 dixit
2916 4889 3126 4949 Pilatus
3151 4906 3172 4945 .°
3197 4891 3363 4962 Quem
3394 4898 3547 4955 uultis

1977 4973 2238 5029 dimittam
2287 4975 2448 5041 vobis,
2498 4975 2817 5044 Barabbam,
2870 4996 2940 5034 an
2981 4980 3185 5049 Jesum,
3219 4984 3308 5055 qui
3353 4984 3548 5042 dicitur

1978 5065 2257 5121 Christus?
2283 5066 2435 5122 Unde
2470 5067 2581 5138 jam
2620 5070 2754 5125 satis
2789 5081 3011 5142 apparet
3036 5074 3178 5143 quod
3235 5075 3291 5131 id
3332 5070 3546 5134 Marcus

1976 5157 2105 5213 velit
2148 5160 2463 5225 ostendere,
2509 5159 2737 5217 dicendo
2791 5174 2971 5232 regem
3023 5162 3358 5232 indecorum,
3400 5166 3544 5237 quod

1978 5248 2258 5304 Matthreus
2286 5248 2515 5304 dicendo
2541 5249 2811 5306 Christum
2842 5269 2855 5304 :
2907 5252 3012 5305 no'n
3042 5252 3187 5307 enim
3229 5253 3545 5311 dicebantur

1975 5342 2187 5405 christi,
2216 5341 2318 5395 nisi
2343 5355 2497 5411 reges
2518 5339 2842 5396 Judaeorum.

2045 5430 2252 5486 Sciebat
2278 5432 2415 5484 enim
2442 5430 2582 5500 quod
2615 5446 2708 5500 per
2731 5430 2980 5484 invidiam
3018 5431 3350 5488 tradidissem
3402 5451 3539 5494 eum.

1972 5521 2240 5578 Olierebat
2261 5520 2339 5576 eis
2363 5521 2634 5591 optionem
2656 5521 2859 5577 Pilatus
2878 5520 3179 5576 dimittendi
3220 5531 3397 5581 utrum
3428 5524 3542 5580 vel-

1974 5616 2086 5672 lent
2106 5614 2368 5669 latronem
2397 5629 2464 5669 an
2494 5612 2699 5683 Jesum,
2740 5628 2850 5671 non
2877 5615 3128 5672 dubitans
3156 5613 3339 5701 losum
3365 5613 3547 5685 potius

3034 5705 3111 5766 36
