3998 6188
468 265 593 321 1151

1137 267 1194 320 Β.
1237 266 1487 321 ΒΑΒᾹΝΙ
1530 266 1743 322 MAURI
1784 264 2029 319 ARCHIE

2144 262 2448 319 MOGUNT.
2490 262 2773 319 OPERUM
2809 265 2989 320 PARS
3029 267 3070 320 l.

3570 268 3718 326 HS}

448 381 782 450 eligendum,
835 380 1011 434 sciens
1049 392 1171 432 eum
1199 388 1418 449 propter
1458 378 1709 432 invidiam
1752 379 2027 432 traditum.
2059 382 2106 437 Α
2136 376 2227 428 tibi
2251 378 2316 429 sit
2350 385 2398 428 et
2415 377 2562 446 justo
2589 377 2665 429 illi
2696 392 2713 429 :
2746 379 2858 448 ipse
2887 395 3099 448 quoque
3151 383 3485 450 respondens
3522 400 3538 439 :
3572 388 3720 453 Quid

460 467 625 538 igitur
653 481 814 520 causa
836 467 1015 521 crucis
1056 468 1337 521 manifeste
1366 467 1565 522 invidia
1594 477 1697 525 est.
1736 467 1865 534 Qua:
1891 476 2034 522 esset

430 560 576 627 ipsa
620 557 816 611 invidia
866 557 1193 628 evangelista
1235 556 1759 614 Joannesdeclarat
1808 558 2027 613 dicens:

471 649 596 708 Ecce
645 656 786 701 totus
821 646 1047 700 mundus
1080 658 1192 717 post
1245 666 1362 701 eum
1393 650 1573 713 vadit;
1622 651 1667 703 si
1708 650 2033 702 dimittar‘nus

461 757 597 802 eum,
636 740 711 794 sic
744 755 919 792 omnes
955 740 1160 793 credent
1187 741 1241 793 in
1276 758 1392 794 eum
1423 740 1602 812 (.lou'n.
1644 743 1761 807 xu).

533 829 755 884 Sedeate
802 838 976 883 autem
1008 829 1098 882 illo
1147 847 1240 898 pro
1280 831 1547 890 tribunali,
1582 831 1725 882 misit
1775 831 1843 882 ad
1887 828 2034 881 illum

463 937 596 973 uxor
624 921 737 990 ejus
768 922 942 974 dicens
969 935 987 971 :
1024 920 1171 974 Nihil
1208 922 1300 974 tibi
1329 932 1375 974 et
1397 922 1540 990 justo
1572 922 1668 975 illi.
1703 920 1872 974 Multa
1898 922 2034 974 enim

462 1027 616 1076 passa
640 1026 755 1063 sunt
785 1010 938 1063 hodie
976 1028 1066 1080 per
1090 1012 1250 1064 risum
1280 1022 1487 1081 propter
1514 1026 1651 1063 eum.
1684 1009 1901 1064 Sedente
1941 1028 2035 1064 au-

461 1110 563 1154 tem
592 1101 709 1165 illo,
738 1102 933 1169 inquit,
972 1119 1065 1171 pro
1112 1101 1383 1165 tribunali,
1435 1102 1485 1155 id
1528 1109 1629 1167 est,
1678 1102 1732 1155 in
1759 1102 2032 1155 tribunali.

465 1194 729 1249 Tribunal
761 1196 903 1249 enim
934 1196 1088 1248 sedes
1123 1205 1206 1249 est
1229 1195 1504 1265 judicum',
1542 1197 1681 1251 sicut
1708 1196 1899 1251 solium
1948 1212 2035 1250 re-

463 1300 605 1351 gum,
633 1294 688 1339 et
715 1286 970 1339 cathedra
998 1285 1298 1339 doctonnn.
1327 1284 1470 1339 Misit
1497 1286 1567 1339 ad
1588 1287 1738 1341 illum
1766 1303 1899 1341 uxor
1922 1287 2035 1356 ejus

462 1374 637 1427 dicens
664 1390 682 1428 :
714 1374 863 1427 Nihil
889 1376 982 1427 tibi
1008 1386 1054 1428 et
1078 1375 1225 1444 justo
1251 1376 1350 1439 illi,
1393 1385 1446 1429 et
1477 1376 1702 1445 reliqua.
1731 1376 1787 1431 in
1816 1376 2037 1431 visioni-

463 1464 565 1518 bus
606 1479 821 1533 quoque
848 1472 903 1517 et
928 1466 1153 1518 somniis
1201 1466 1415 1535 gentilis
1445 1465 1549 1517 viri
1578 1480 1712 1519 uxor
1740 1466 1841 1519 hoc
1881 1465 2037 1519 intel-

464 1553 612 1617 lexit,
643 1554 785 1621 quod
813 1550 979 1607 Judzci
1016 1553 1315 1624 vigilantes,
1348 1570 1448 1608 nec
1473 1555 1715 1616 credere,
1742 1569 1913 1623 neque
1956 1555 2029 1609 in-

464 1637 1033 1710 telligere'voluerunt.
1066 1643 1335 1716 (Ηίει-οη.)
1380 1645 1444 1697 Et
1468 1654 1590 1698 nota
1622 1647 1761 1714 quod
1790 1646 2038 1715 gentibus

2132 466 2268 519 enim
2280 465 2405 519 mali
2420 465 2538 535 fecit
2556 466 2702 521 ?lloc
2715 467 2939 522 dicendo
2954 468 3157 524 Pilatus
3170 470 3398 527 absolvit
3413 472 3616 532 Jesum.
3646 482 3703 534 Α*

2134 554 2208 607 illi
2229 555 2402 626 magis
2426 555 2732 610 clamabant
2754 557 3013 624 dicentes,
3050 556 3425 629 Cruci/igatur,
3448 574 3507 623 ut
3532 566 3716 636 imple-

2135 652 2285 699 retur
2316 645 2456 713 quod
2495 645 2548 698 in
2574 645 2833 716 vigesimo
2855 647 3032 714 primo
3066 647 3276 716 psalmo
3314 650 3568 706 dixerat:
3596 654 3720 709 Cir.

2132 735 2503 789 cumdcderunt
2530 752 2611 789 me
2636 753 2788 790 canes
2818 738 2987 801 multi,
3012 741 3340 809 congregatio
3365 742 3719 813 malignorum

2134 826 2331 879 obsedit
2353 843 2453 880 me.
2486 826 2553 880 Et
2575 827 2705 881 illud
2725 828 2971 883 J’eremite
2996 846 3008 882 :
3030 828 3200 883 Facta
3222 824 3305 885 est
3332 834 3464 887 mihi
3493 837 3719 892 Incredi-

2135 922 2216 968 tas
2265 932 2378 969 mea
2403 917 2536 970 sicut
2565 915 2642 969 leo
2677 918 2733 970 in
2770 918 2901 971 silva
2928 934 2947 972 :
2973 919 3229 972 dederunt
3268 937 3425 991 super
3446 940 3528 977 me
3550 944 3718 981 rorem

2134 1020 2283 1059 suam
2313 1005 2445 1077 (Jer.
2479 1008 2597 1078 xu).
2624 1006 2764 1063 Isaia
2796 1024 3010 1079 quoque
3054 1012 3105 1064 in
3136 1012 3236 1066 hac
3275 1016 3544 1069 sententia
3591 1034 3723 1072 con-

2134 1106 2358 1168 gruente
2392 1116 2407 1152 :
2454 1098 2765 1169 Exspectatn'
2817 1111 2874 1153 ut
2902 1101 3130 1169 facerent
3166 1104 3456 1173 judicium,
3488 1107 3722 1175 fecerunt

2133 1188 2482 1258 iniquitatem,
2506 1199 2554 1242 et
2571 1190 2852 1258 justitiam,
2869 1201 2917 1244 et
2935 1209 3049 1245 ecce
3063 1193 3259 1247 clamor
3275 1193 3410 1265 (Isa.
3440 1197 3514 1268 v).
3536 1196 3719 1271 [1:49.]

2135 1273 2359 1342 Quanta
2379 1278 2706 1346 perﬁdorum
2737 1278 3055 1344 crudelitas,
3078 1299 3197 1351 qum
3224 1300 3329 1338 non
3360 1285 3536 1340 solum
3579 1292 3723 1342 occi-

2134 1368 2262 1421 dere
2289 1368 2649 1435 innocentem,
2683 1371 2774 1425 sed
2799 1380 2854 1425 et
2879 1375 3112 1441 pessimo
3143 1389 3341 1445 genere
3366 1381 3563 1435 mortis
3582 1385 3722 1436 occi-

2134 1458 2281 1524 dere,
2311 1460 2412 1514 hoc
2440 1470 2544 1525 est,
2573 1462 2889 1536 erneiﬁgere
2922 1464 3212 1520 desiderat.
3245 1467 3554 1527 Pendentes
3578 1475 3719 1528 enim

2136 1551 2190 1604 in
2216 1549 2363 1618 ligno
2392 1552 2653 1617 cruciﬁxi,
2683 1551 2848 1609 clavis
2870 1555 2936 1608 ad
2961 1554 3159 1625 lignum
3184 1561 3410 1629 pedibus
3444 1565 3721 1621 manibus-

2137 1654 2239 1707 que
2265 1640 2464 1695 conﬁxi
2488 1638 2745 1712 producta
2778 1642 3327 1715 mortenecabantur,
3376 1663 3431 1708 et
3457 1656 3546 1709 diu
3579 1659 3723 1713 vide-

463 1747 604 1801 saepe
631 1748 661 1785 a
689 1733 798 1788 Deo
828 1735 1034 1788 somnia
1063 1735 1388 1801 revelentur,
1417 1745 1471 1789 et
1514 1738 1655 1805 quod
1696 1738 1747 1791 in
1778 1737 1949 1793 Pilato
1983 1748 2029 1792 et

2142 1729 2297 1783 batur
2329 1731 2378 1784 in
2405 1744 2587 1797 cruce,
2618 1750 2724 1788 non
2755 1736 2879 1804 Quia
2909 1737 3116 1810 longior
3144 1742 3253 1797 vita
3286 1744 3607 1815 eligebatur,
3632 1752 3723 1805 sed

463 1837 631 1876 uxore
660 1822 776 1889 ejus
816 1822 1020 1890 justum
1068 1826 1353 1880 Dominum
1401 1830 1778 1883 conﬁtentibus
1822 1830 2036 1900 gentilis

462 1911 643 1981 populi
694 1913 1055 1967 testimonium
1099 1916 1190 1969 sit.
1234 1918 1290 1970 In
1341 1919 1563 1973 muliere
1619 1930 1798 1974 autem
1829 1924 2038 1992 species

463 1999 632 2068 plebis
657 2001 937 2070 gentilium
963 2011 1063 2066 est,
1088 2020 1207 2073 qua:
1225 2006 1356 2074 jam\
1388 2007 1559 2062 ﬁdelis
1586 2023 1730 2074 eum,
1763 2027 1886 2065 cum
1930 2028 2039 2081 quo

450 2092 895 2155 conversabatur,
926 2094 1257 2149 incredulum
1284 2099 1534 2167 p0pulnm
1562 2101 1628 2155 ad
1658 2100 1855 2158 Christi
1880 2102 2037 2159 ﬁdem

461 2182 706 2237 advocat.
749 2182 876 2250 Quae
905 2185 1031 2252 quia
1059 2186 1169 2256 ipsa
1198 2188 1426 2242 multum
1459 2191 1529 2245 sit
1552 2206 1709 2259 passa
1744 2206 1841 2261 pro
1884 2194 2039 2249 Chri-

461 2278 545 2323 sto
575 2270 627 2323 in
654 2272 899 2327 eamdem
927 2274 1150 2344 gloriam
1187 2276 1420 2331 futuram
1451 2279 1594 2333 illum
1628 2297 1749 2337 cum
1779 2299 1885 2352 quo
1912 2299 2038 2339 con-

460 2360 795 2425 versabatur,
818 2362 1071 2418 insinuat.
1101 2365 1211 2422 Hac
1228 2368 1370 2421 enim
1400 2369 1538 2435 vice,
1564 2386 1670 2425 non
1700 2382 1841 2438 ante,
1873 2388 1932 2428 se
1957 2375 2037 2429 in-

463 2445 665 2503 tellexit
709 2449 954 2505 diabolus
982 2466 1080 2522 per
1111 2454 1309 2509 Christi
1356 2466 1584 2512 mortem
1634 2459 1943 2516 nudandam
1981 2472 2038 2517 et

461 2534 633 2603 spolia
663 2536 883 2592 humani
909 2541 1121 2610 generis
1143 2543 1258 2598 sive
1282 2545 1331 2598 in
1362 2547 1582 2611 mundo,
1613 2549 1728 2603 sive
1761 2552 1901 2620 apud
1928 2560 2037 2607 tar-

463 2632 580 2678 tara
608 2627 954 2683 amissurum.
979 2631 1045 2685 Et
1073 2633 1193 2687 ideo
1217 2637 1495 2705 satagebat
1514 2652 1611 2705 per
1633 2639 1910 2696 mulierem
1940 2658 2037 2712 per

459 2731 622 2784 quam
653 2719 821 2787 spolia
863 2722 1055 2777 mortis
1094 2724 1396 2792 invaserat,
1426 2726 1700 2783 Christum
1728 2732 1939 2801 eripere
1968 2733 2036 2789 de

458 2806 711 2862 manibus
737 2806 1061 2874 Judzeorum,
1098 2827 1165 2867 ne
1186 2829 1283 2883 per
1305 2814 1446 2871 illius
1470 2828 1695 2873 mortem
1732 2819 1846 2890 ipse
1874 2821 2047 2876 amit-'

460 2903 599 2951 teret
624 2899 814 2952 mortis
839 2900 1143 2970 imperium.

531 2983 803 3058 Principes
835 3001 1008 3044 autem
1050 2994 1377 3050 sacerdotum
1405 3007 1453 3051 et
1493 3001 1720 3055 seniores
1758 3019 2028 3072 persuase-

2140 1819 2263 1887 quia
2296 1824 2445 1876 mors
2466 1822 2580 1892 ipsa
2606 1827 3042 1895 protendebatur,
3070 1826 3142 1887 ne
3173 1834 3325 1888 dolor
3352 1836 3514 1892 citius
3538 1839 3721 1895 ﬁnire—

2139 1918 2245 1963 tur.
2280 1912 2478 1967 Verum
2522 1916 2639 1985 ipse
2669 1918 2734 1972 de
2783 1930 2956 1976 morte
3002 1925 3235 1992 pessima
3264 1929 3467 1983 occidit
3507 1948 3722 1989 omnem

2140 2011 2404 2069 mortem;
2438 2008 2674 2075 pessima
2705 2011 2849 2065 enim
2873 2022 2992 2067 erat
3017 2030 3123 2070 non
3166 2018 3595 2089 intellige’ntibus
3634 2025 3725 2081 Ju-

2140 2090 2290 2157 daeis,
2340 2110 2461 2148 nam
2508 2110 2537 2149 a
2568 2096 2797 2153 Domino
2825 2101 2995 2156 electa
3035 2114 3171 2159 erat.
3220 2106 3395 2178 Ipsam
3426 2113 3578 2167 enim
3598 2130 3721 2170 cnt-

2139 2199 2254 2239 cem
2281 2201 2430 2240 suam
2463 2189 2672 2257 signum
2704 2179 3004 2260 habiturus,
3047 2205 3163 2249 erat
3199 2198 3372 2267 ipsam
3408 2216 3633 2258 crucem
3662 2207 3726 2261 de

2139 2274 2351 2331 diabolo
2379 2289 2634 2347 superato
2660 2290 2912 2351 tauquam
2943 2292 3198 2356 ttop:eum
3220 2288 3277 2343 in
3301 2289 3573 2349 frontibus
3594 2297 3727 2352 lide-

2138 2365 2267 2420 lium
2308 2370 2603 2437 positurus,
2635 2380 2693 2426 ut
2739 2374 2944 2453 diceret
2980 2367 3280 2449 'Apostolus
3328 2400 3341 2435 :
3382 2382 3516 2439 Mihi
3549 2398 3724 2442 autem

2137 2458 2270 2511 absit
2305 2458 2521 2529 gloriari
2547 2464 2649 2518 nisi
2681 2464 2732 2517 in
2758 2483 2908 2520 cruce
2935 2467 3144 2523 Domini
3167 2474 3333 2527 nostri
3350 2473 3481 2528 Iesu
3523 2475 3727 2532 Christi

2135 2565 2227 2618 per
2247 2566 2397 2618 quem
2444 2553 2569 2606 mihi
2598 2556 2822 2610 mundus
2854 2558 3137 2627 crucifixus
3177 2571 3272 2627 est,
3300 2573 3347 2617 et
3384 2581 3476 2635 ego
3518 2570 3726 2627 mundo

2138 2636 2279 2712 (Gal.
2310 2641 2408 2713 γι).
3522 2708 3525 2711 .

2212 2726 2423 2784 Videas
2449 2742 2619 2787 autem
2662 2733 2889 2805 Pilatus,
2938 2743 3059 2810 quia
3110 2744 3241 2797 nihil
3283 2749 3601 2817 proﬁceret,
3638 2756 3725 2806 sed

2133 2819 2297 2889 magis
2329 2821 2580 2876 tumultus
2600 2824 2767 2891 fieret,
2796 2838 3003 2897 accepta
3026 2849 3161 2903 aqua
3188 2834 3311 2889 lavit
3334 2854 3519 2900 manus
3537 2859 3724 2911 coram

2131 2908 2320 2978 populo
2364 2911 2538 2966 dicens
2584 2914 2889 2972 :lnuocens
2928 2937 3019 2992 ego
3051 2939 3165 2976 sum
3215 2943 3246 2979 a
3292 2908 3559 3000 sanguine
3582 2935 3727 3000 justi

2132 2997 2309 3067 hujus,
2337 3015 2425 3054 vos
2455 2993 2703 3059 videritis.
2738 3007 2940 3064 Pilatus
2965 3017 3172 3083 accepit
3196 2993 3562 3089 aquam'juxta
3583 2993 3725 3080 illud

462 3084 583 3128 runt
611 3078 816 3147 populis
845 3089 901 3132 ut
928 3093 1153 3150 peterent
1197 3083 1515 3153 Barabbam,
1545 3088 1726 3143 Iesum
1760 3071 1891 3146 icero
1914 3112 2034 3163 per-
2061 3071 2105 3132 (ἶ
2137 3090 2505 3158 propheticum
2553 3111 2567 3148 :
2602 3094 2831 3150 Lavabo'
2855 3101 2988 3154 inter
3032 3104 3323 3163 innocentes
3350 3129 3537 3168 manus
3578 3133 3727 3171 meas

460 3162 658 3216 derant.
705 3166 927 3236 (ΜΑυιι.)
973 3169 1085 3225 lloc
1130 3181 1213 3227 est
1269 3175 1413 3242 quod
1466 3174 1592 3232 alibi
1647 3162 2037 3252 Dominusper

461 3254 778 3323 prophetam
795 3257 889 3310 ait
917 3277 929 3310 :
977 3260 1115 3323 Quia
1140 3279 1344 3332 egressa
1384 3277 1459 3321 est
1498 3270 1748 3340 iniquitas
1772 3291 1804 3326 a
1829 3275 2035 3329 senibus

454 3342 721 3410 judicibus
749 3347 837 3414 qui
877 3348 1185 3405 videbantur
1230 3370 1401 3422 regere
1428 3358 1674 3426 populum
1703 3360 1865 3431 (Dan.
1890 3364 2030 3435 χιιι).

460 3429 529 3483 Et
563 3432 690 3485 item
730 3451 742 3484 :
780 3433 996 3503 Popule,
1028 3438 1227 3506 inquit,
1246 3458 1412 3507 meus,
1446 3429 1721 3501 exactores
1744 3452 1821 3503 tui
1847 3460 1896 3505 te
1918 3429 2033 3522 spo-

459 3517 716 3572 liaverunt
751 3519 886 3585 (Isa.
936 3524 1041 3593 ut).
1070 3525 1209 3594 Ergo
1240 3531 1330 3598 qui
1360 3533 1657 3589 debuerunt
1700 3539 1895 3593 docere
1929 3517 2034 3609 ple-

460 3606 581 3660 bem
614 3607 784 3679 legem
809 3619 862 3665 et
898 3613 1136 3681 justitias
1162 3616 1393 3687 Domini,
1437 3624 1535 3693 ipsi
1568 3628 1896 3682 seduxerunt
1930 3606 2033 3687 eos

457 3694 716 3751 ducentes
742 3714 837 3767 per
870 3702 1031 3767 invia,
1070 3716 1125 3760 et
1154 3723 1257 3762 non
1294 3711 1349 3765 in
1377 3713 1486 3779 via,
1527 3724 1582 3769 et
1616 3732 1776 3772 causa
1819 3719 2034 3777 fuerunt

454 3787 538 3855 eis
561 3788 748 3843 ruina).
792 3788 1120 3861 Respondeas
1152 3808 1325 3854 autem
1351 3819 1543 3871 prwses
1582 3808 1656 3860 ait
1684 3809 1832 3863 illis:
1866 3810 2032 3876 Quem

456 3874 610 3929 vultis
638 3877 777 3932 vobis
808 3880 870 3934 (lc
900 3881 1100 3940 duobus
1129 3889 1324 3944 dimitti
1348 3907 1368 3945 :
1403 3904 1457 3947 at
1485 3896 1563 3949 illi
1588 3898 1831 3953 dixerunt
1864 3874 1899 3951 :7
1920 3901 2029 3955 Ba-

456 3965 690 4020 rabbam.
728 3968 907 4027 Haeret
931 3971 1130 4032 Judaeis
1152 3995 1319 4050 usque
1348 3984 1506 4041 hodie
1532 4003 1629 4042 sua
1658 3993 1845 4058 petitio
1868 4010 2028 4063 quam

455 4063 604 4111 tanto
656 4058 842 4116 labore
896 4062 1269 4135 impetrarunt.
1326 4072 1463 4140 Quia
1524 4078 1683 4133 enim
1735 4058 2027 4140 data-sibi

453 4146 691 4214 optione,
722 4165 821 4220 pro
855 4150 983 4210 Jesu
1013 4156 1301 4227 latronem,
1337 4179 1439 4233 pro
1482 4165 1762 4226 Salvatore
1806 4174 2029 4230 interl‘e‘s

451 4519 784 4579 regnumque
811 4528 991 4580 suum,
1014 4520 1157 4587 quod
1183 4522 1302 4590 plus
1326 4524 1543 4583 Christo
1572 4545 1823 4588 amavere
1844 4574 1858 4600 ,
1896 4551 2021 4607 per-

451 4593 704 4663 diderint,
735 4609 789 4655 et
812 4602 1074 4663 hactenus
1097 4625 1216 4666 eam
1245 4629 1407 4682 quam
1441 4620 1730 4678 vendidere
1751 4593 1865 4681 sive
1898 4593 2017 4683 ani-

448 4700 549 4739 nia:
586 4701 680 4742 seu
721 4696 963 4762 corporis
1007 4697 1331 4770 libertatem,
1378 4710 1618 4781 recipere
1663 4729 1766 4770 non
1810 4734 2021 4775 merue-

449 4778 574 4832 rint.

521 4868 657 4943 D‘icit
679 4870 789 4928 illis
811 4872 1020 4932 Pilatus
1043 4893 1062 4930 :
1094 4879 1235 4946 Quid
1268 4886 1428 4957 igitur
1456 4892 1648 4960 faciam
1673 4900 1737 4953 de
1776 4898 1903 4955 Jesu
1928 4907 2019 4973 qui

445 4956 640 5012 dicitur
667 4961 944 5025 Christus?
967 4968 1033 5023 Et
1063 4973 1239 5030 dicunt
1268 4996 1441 5036 omnes
1456 4956 1488 5034 ἐ
1533 4984 1899 5060 Cruci/igatur.
1932 4956 2019 5048 itit

446 5048 553 5152 illis
575 5069 768 5152 prietes
791 5075 809 5112 ;
843 5059 984 5131 Quid
1011 5065 1145 5118 enim
1175 5070 1301 5123 mali
1328 5072 1487 5140 fecit?
1510 5075 1580 5131 At
1603 5048 1877 5152 illiumagis
1902 5086 2012 5139 cla-

442 5138 655 5195 mabant
684 5144 951 5216 dicentes;
984 5138 1359 5228 Cruci/igatur.
1387 5163 1578 5223 Multas
1617 5138 1877 5229 liberandi
1903 5138 2018 5231 Stil-

442 5238 680 5333 ἴδιοι-οη]
698 5242 1008 5298 occasiones
1027 5247 1192 5304 dedit.
1208 5249 1446 5311 Primum
1463 5257 1720 5315 latronem
1731 5263 1879 5333 justo
1889 5281 2015 5321 con-

442 5314 645 5380 ferens.
687 5326 1128 5391 deindeinl‘erens
1154 5353 1170 5392 :
1206 5339 1347 5406 Quid
1376 5345 1534 5415 igitur
1558 5314 1751 5417 facian;
1777 5353 1841 5407 de
1859 5355 2007 5424 Iesu,

440 5414 529 5481 qui
541 5414 734 5472 dicitur
753 5414 991 5477 Christus
1008 5425 1146 5482 ?lioc
1163 5439 1266 5496 est,
1283 5434 1374 5501 qui
1397 5414 1486 5491 rex
1521 5414 1686 5495 vester
1717 5452 1827 5509 est;
1859 5414 2010 5501 cum;

440 5517 542 5568 quc.
562 5506 968 5578 responderent,
992 5518 1348 5589 cruciﬁgatur,
1382 5540 1487 5580 non
1525 5530 1705 5585 statim
1738 5536 2005 5604 acquievit

438 5589 581 5678 iusta
611 5601 1007 5669 suggestionem
1028 5610 1231 5676 uxoris,
1277 5629 1398 5683 qua:
1432 5619 1779 5677 mandaverat
1804 5589 1833 5677 ε.
1857 5626 2008 5681 Nihil

2138 3173 2309 3245 (Psal.
2358 3180 2506 3251 xxv),
2560 3192 2619 3236 ut
2666 3185 2719 3239 in
2750 3187 3249 3273 lavacroumanuum
3296 3199 3411 3265 ejus
3432 3205 3725 3273 gentilium

2134 3281 2295 3335 opera
2343 3284 2726 3341 purgarentur,
2761 3270 2906 3334 etab
2950 3268 3227 3354 impietate
3272 3268 3582 3349 Judieorum
3633 3300 3725 3366 qui

2134 3358 2505 3416 clamaverunt
2552 3382 2563 3409 τ
2612 3363 2870 3440 Cruci/ige
2917 3391 3053 3439 eum,
3109 3394 3207 3434 nos
3257 3383 3463 3439 alienos
3510 3386 3724 3444 faceret

2133 3448 2527 3515 quodammodo
2553 3466 2864 3513 contestans
2892 3469 2947 3515 et
2985 3464 3169 3521 dicens
3201 3486 3212 3520 :
3246 3470 3359 3540 Ego
3386 3474 3612 3536 quidem
3645 3480 3724 3533 in-

2134 3551 2416 3597 nocentem
2447 3545 2586 3600 volui
2612 3547 2868 3618 liberare;
2899 3556 2992 3609 sed
3019 3560 3277 3627 quoniam
3300 3564 3491 3635 seditio
3516 3571 3721 3638 oritur,

2132 3637 2186 3683 et
2216 3631 2522 3690 rebellionis
2559 3639 2688 3693 mihi
2719 3650 2907 3697 contra
2938 3645 3205 3704 Caesarem
3242 3631 3450 3725 crimen
3504 3659 3716 3730 impin-

2132 3721 2293 3788 gitur,
2325 3723 2583 3781 innocens
2611 3744 2712 3797 ego
2737 3747 2856 3786 sum
2893 3749 2923 3787 a
2947 3739 3208 3807 sanguine
3234 3722 3367 3813 justi
3399 3721 3607 3815 hujus:
3623 3750 3721 3808 Ju-

2130 3812 2231 3866 dex
2260 3815 2351 3884 qui
2381 3818 2591 3887 cogitur
2616 3831 2802 3877 contra
2838 3826 3121 3884 Dominum
3171 3812 3314 3890 ferre
3359 3845 3714 3911 sententiam,

2130 3920 2235 3959 non
2268 3908 2486 3963 damnat
2512 3910 2769 3979 oblatum,
2803 3903 2905 3971 sed
2947 3922 3123 3989 arguit
3151 3923 3456 3993 oﬁerentes,
3495 3903 3714 4003 justum

2129 4008 2247 4052 esse
2274 4001 2649 4068 pronuntians,
2679 4006 2767 4073 qui
2795 4010 3190 4081 cruciﬁgendus
3209 4024 3314 4070 est.
3351 4016 3473 4085 Vos,
3501 4001 3714 4093 inquit,

2128 4088 2376 4157 uideritis,
2392 4102 2505 4162 ego
2532 4094 2777 4151 minister
2802 4116 2919 4153 sum
2944 4101 3139 4172 legum,
3161 4116 3341 4162 vestra
3364 4127 3467 4167 vox
3492 4117 3716 4186 sangui-

2129 4191 2251 4231 nem
2278 4177 2471 4235 fundit.
2507 4180 2611 4239 Sed
2655 4188 2896 4256 nunquid
2931 4191 3097 4246 Deum
3134 4194 3373 4265 judicem
3412 4177 3710 4264 fallebant.

2127 4265 2269 4334 quod
2310 4268 2437 4323 fecit
2462 4271 2685 4339 Pilatus,
2724 4275 2777 4329 in
2809 4292 2873 4332 eo
2904 4280 3022 4349 ipso
3044 4287 3185 4355 quod
3214 4286 3342 4344 fecit
3366 4291 3711 4365 aliquantum

2128 4357 2395 4428 particeps
2417 4360 2539 4426 fuit,
2573 4363 2667 4418 sed
2697 4364 2751 4421 in
2782 4374 3179 4439 comparatione
3212 4380 3380 4434 multo
3404 4357 3516 4453 ipse
3546 4386 3710 4441 iuno.

2129 4450 2357 4504 centior.
2383 4451 2581 4508 [nstitit
2608 4457 2751 4511 enim
2778 4470 3036 4528 quantum
3066 4469 3239 4536 potuit
3267 4479 3325 4525 ut
3354 4450 3503 4529 illum
3521 4492 3588 4532 ex
3613 4493 3706 4534 eo-

2129 4554 2247 4594 rum
2279 4544 2526 4599 manibus
2551 4544 2820 4605 liberaret.
2857 4551 3111 4623 Sequitur
3140 4576 3153 4611 :

2197 4634 2266 4687 Et
2312 4639 2619 4708 respondens
2674 4644 2939 4701 universus
2965 4649 3211 4726 populus.
3236 4656 3371 4711 dixit
3404 4676 3423 4713 :
3467 4661 3705 4732 Sanguis

2125 4724 2240 4795 ejus
2290 4744 2445 4798 super
2494 4744 2586 4785 uos
2626 4744 2673 4787 et
2721 4753 2875 4807 super
2917 4739 3055 4809 ﬁlios
3110 4724 3333 4804 nostros.
3380 4751 3703 4813 Perseverat

2125 4830 2294 4887 usque
2334 4820 2386 4873 in
2411 4831 2727 4890 praesentem
2754 4828 2892 4882 diem
2921 4831 3035 4887 haec
3065 4836 3381 4904 imprecatio
3408 4860 3568 4914 super
3604 4847 3703 4903 Ju—

2120 4908 2287 4973 daeos,
2318 4920 2372 4964 et
2402 4915 2620 4981 sanguis
2652 4916 2859 4972 Domini
2883 4937 2990 4975 non
3021 4924 3298 4985 auferetur
3320 4933 3387 4986 ab
3410 4908 3508 4989 eis.
3543 4937 3702 4995 Unde

2119 5016 2216 5071 per
2237 5003 2427 5057 lsaiam
2458 5006 2691 5076 loquitur
2717 5028 2728 5063 :
2762 5011 2821 5066 Si
2843 5012 3129 5071 levaveritis
3155 5020 3223 5073 ad
3249 5038 3331 5076 me
3356 5042 3556 5090 uidua,
3587 5046 3698 5083 non

2118 5094 2397 5148 exaudiam
2445 5114 2551 5151 vos.
2611 5100 2803 5156 Manus
2839 5107 2975 5159 enim
3003 5120 3181 5165 vestra:
3228 5120 3482 5185 sanguine
3525 5120 3691 5189 plenis

2116 5182 2399 5253 suut-(lsa.
2438 5186 2495 5259 l).
2527 5188 2793 5261 Optimam
2821 5195 3187 5255 hzereditatem
3226 5182 3397 5260 iudici
3417 5182 3542 5263 ﬁliis
3567 5211 3695 5264 reti-

2117 5284 2370 5342 querunt,
2403 5277 2674 5334 dicentes:
2721 5280 2947 5353 Sanguis
2976 5286 3112 5355 ejus,
3151 5300 3209 5344 et
3229 5302 3448 5351 cetera.

2188 5362 2333 5418 Tunc
2370 5366 2566 5421 dimisit
2606 5368 2709 5424 illis
2738 5368 3054 5429 Barabbam.
3088 5377 3368 5456 (Venattt.)
3400 5385 3564 5444 Latro
3600 5404 3691 5444 se-

2115 5452 2342 5511 ditiosus
2361 5466 2415 5513 et
2444 5458 2853 5519 hemicidiorum
2876 5478 3069 5523 auctor
3090 5452 3359 5530 dimissus
3373 5485 3459 5533 est
3492 5480 3687 5549 populo

2111 5540 2438 5612 Judzeorum,
2480 5548 2662 5619 idest,
2709 5555 2952 5641 diabolus
2998 5577 3010 5612 :
3060 5563 3151 5631 qui
3173 5562 3285 5631 jam
3324 5552 3459 5625 olim
3492 5540 3679 5642 patria

2109 5631 2243 5688 lucis
2269 5634 2339 5689 ob
2359 5639 2567 5709 culpam
2598 5637 2861 5713 superbiae
2883 5647 3153 5719 depulsus,
3176 5662 3231 5708 et
3255 5654 3309 5711 in
3342 5631 3675 5715 tenebrarum
