4002 6188
420 333 553 392 H35

1374 317 1725 377 causam.
1768 316 1833 370 IN
1873 292 2303 370 maritimum.
2346 342 2415 352 -
2453 309 2574 363 un.
2619 307 2745 362 vut.

3509 306 3646 361 “55

416 452 591 507 fuerat
609 459 881 503 carcerem
905 442 1117 497 missus.
1148 438 1318 507 Atque
1347 437 1467 490 ideo
1488 433 1653 488 Judzci
1681 447 1864 502 pacem
1887 431 1980 484 ha-
2009 432 2054 490 Α
2085 426 2312 488 calamo,
2349 433 2607 478 venenata
2648 421 2843 476 occidit
2892 418 3174 487 animalia;
3226 419 3336 474 sive
3386 421 3651 475 calamum

414 542 547 597 bere
569 554 675 593 non
708 540 948 607 possunt,
977 530 1102 600 quia
1128 527 1451 583 seditionum
1476 523 1797 595 principem,
1822 535 1984 589 quam

418 632 705 689 Dominum
727 627 924 697 eligere
954 623 1279 678 maluerunt.
1317 618 1453 686 Quia
1473 630 1604 671 vero
1621 614 1897 669 Barabbas
1922 613 2006 682 βο,

420 725 522 778 lius
548 720 732 791 patris,
762 716 847 770 vel
878 713 1115 784 magistri
1141 726 1321 765 eorum
1354 710 1761 779 interpretatur,
1810 713 1990 775 potest

422 809 735 869 Antichristi
763 816 946 878 typum
989 816 1200 872 gerere,
1227 812 1388 869 quem
1422 798 1496 853 illi
1524 797 1719 865 quibus
1747 795 1944 850 dicitur
1972 812 1986 847 :

436 906 532 957 l’os
561 918 625 956 ex
651 909 800 971 patre
825 893 1033 950 diabolo
1058 895 1180 947 estis
1205 891 1384 964 (Joan.
1418 887 1561 959 vni),
1588 901 1718 941 vero
1739 885 1833 940 Dei
1855 883 1991 938 Filio

421 1001 547 1047 sunt
572 987 863 1061 praelaturi.
892 984 1060 1039 Filius
1084 990 1263 1037 autem
1284 979 1479 1035 diaboli
1498 975 1863 1032 Antichristus
1884 989 1991 1027 non

423 1083 492 1139 ab
518 1085 634 1153 ipso
660 1078 950 1141 nascendo,
980 1075 1094 1139 sed,
1122 1074 1263 1128 sicut
1287 1071 1466 1127 caeteri
1483 1077 1817 1139 peccatores,
1844 1064 1993 1119 illum

424 1175 702 1238 imitando,
735 1177 975 1227 vocatur.

495 1266 676 1321 Iesum
706 1273 878 1317 autem
912 1255 1234 1329 ﬂagellatam
1257 1252 1472 1307 tradidit
1500 1252 1598 1314 eis,
1634 1258 1693 1304 ut
1726 1247 1996 1317 cruciﬁge-

427 1368 588 1412 retur.
637 1356 854 1424 Quzerat
887 1350 1132 1404 eruditus
1164 1346 1333 1401 lector
1361 1344 1629 1414 quomodo
1672 1341 1774 1395 sibi
1800 1355 1997 1396 conve-

428 1450 560 1513 niat,
599 1446 831 1500 Pilatum
856 1442 1051 1495 lavisse
1092 1453 1284 1493 manus
1320 1450 1466 1499 suas,
1503 1442 1560 1489 et
1594 1432 1800 1488 dixisse
1838 1449 1851 1484 :
1899 1430 1996 1486 Iu-

428 1554 615 1593 nocens
645 1553 737 1607 ego
762 1551 876 1589 sum
903 1550 935 1586 a
965 1531 1219 1600 sanguine
1235 1528 1369 1598 justi
1392 1527 1570 1597 hujus,
1621 1533 1675 1580 et
1698 1532 1886 1597 postea
1908 1521 1999 1576 lla-

429 1627 680 1698 gellatum
714 1622 996 1677 tradidisse
1030 1618 1212 1673 Jesum
1242 1627 1301 1672 ut
1344 1616 1766 1686 cruciﬁgeretur.
1815 1612 1998 1688 (llam)

432 1715 541 1771 Sed
584 1713 861 1770 sciendum
917 1709 1175 1765 Romanis
1211 1724 1335 1763 eum
1372 1707 1579 1776 legibus
1638 1706 1994 1770 ministrasse,

2089 516 2306 570 tenebat
2354 515 2407 568 in
2439 530 2619 577 manu,
2663 520 2720 567 ut
2767 510 3108 582 sacrilegium
3147 512 3409 566 scriberet
3442 510 3655 567 Judteo~

2087 620 2228 660 rum.
2267 603 2568 658 Notandum
2598 611 2776 657 autem
2809 601 2950 670 quod
2994 600 3205 655 Marcus
3240 601 3294 657 in
3325 601 3513 656 eodem
3532 600 3651 657 loco

2087 694 2416 751 narrationis
2442 697 2517 747 ita
2548 694 2713 748 dicit:
2745 691 2939 746 Milites
2963 701 3133 745 autem
3158 691 3418 746 duxerunt
3440 708 3558 746 eum
3579 692 3661 746 in-

2089 784 2170 843 tre
2195 789 2249 842 in
2273 788 2464 840 atrium
2481 785 2732 856 pra’tort't',
2758 794 2802 839 et
2825 793 3102 839 concocunt
3128 794 3290 839 totam
3313 785 3592 848 cohortem,
3609 793 3657 839 et

2088 875 2311 928 induunt
2324 889 2607 944 purpuram
2619 913 2632 935 ,
2646 882 2693 926 et
2708 874 2976 942 imponunt
2990 874 3037 926 ei
3047 871 3320 943 plectentes
3332 874 3564 943 spineam
3580 890 3663 926 co-

2091 979 2296 1027 ronam,
2317 972 2364 1016 et
2385 972 2641 1032 creperum
2657 962 2887 1016 salutare
2901 978 3018 1015 eum
3034 962 3289 1016 dicentes:
3318 963 3443 1028 Ave,
3464 978 3554 1015 rex
3565 960 3664 1015 Ju-

2091 1054 2348 1118 dteorum,
2374 1063 2420 1107 et
2444 1053 2795 1123 percutiebant
2827 1063 2980 1122 caput
3007 1054 3120 1124 ejus
3150 1053 3426 1119 arundine,
3462 1064 3511 1107 et
3536 1070 3662 1108 con—

2092 1144 2343 1213 spuebant
2367 1160 2503 1208 eum,
2528 1153 2574 1197 et
2606 1154 2850 1214 ponentes
2879 1161 3046 1215 genua
3079 1144 3366 1198 adorabunt
3397 1161 3532 1200 eum.
3561 1145 3664 1202 Ubi

2095 1233 2409 1305 intelligitur
2437 1234 2578 1304 quod
2620 1234 2901 1289 Matthrcus
2927 1235 3058 1288 dicit
3093 1253 3106 1289 :
3137 1233 3474 1304 Chlamydem
3500 1236 3667 1290 cocci-

2095 1343 2245 1380 neam
2274 1327 2721 1381 circumdederunt
2746 1326 2813 1391 ei,
2844 1328 2944 1381 hoc
2968 1326 3176 1381 Marcus
3200 1327 3399 1381 dixisse
3420 1328 3664 1382 indutum

2095 1433 2351 1488 purpura.
2385 1417 2487 1473 Pro
2518 1420 2663 1489 regia
2691 1419 2831 1472 enim
2862 1433 3099 1488 purpura
3141 1418 3384 1489 chlamys
3428 1419 3515 1472 illa
3546 1433 3671 1474 coc-

2098 1511 2250 1562 cinea
2300 1511 2367 1563 ab
2412 1508 2754 1565 illudcntibus
2805 1509 3041 1564 adhibita
3087 1517 3223 1573 erat,
3274 1517 3330 1563 et
3375 1517 3457 1563 est
3508 1509 3669 1564 rubra

2098 1601 2339 1670 quredam
2369 1613 2603 1671 purpura
2631 1614 2793 1654 cocco
2822 1598 3110 1653 simillima.
3149 1596 3335 1652 Potest
3365 1599 3527 1651 etiam
3555 1598 3668 1652 ﬁeri

2101 1700 2159 1744 ut
2187 1704 2479 1759 purpuram
2506 1689 2669 1743 etiam
2717 1688 2928 1743 Marcus
2956 1689 3476 1754 commemoraverit,
3509 1705 3668 1759 quam

432 1809 627 1877 quibus
649 1806 844 1861 factum
877 1813 961 1858 est
982 1809 1043 1856 ut
1062 1803 1152 1871 qui
1181 1774 1586 1871 crucifigeretur
1604 1799 1756 1869 prius
1784 1796 2003 1869 ﬂagellis
2036 1774 2078 1832 Β
2106 1779 2349 1877 ξῖξηειῐξιῖε
2380 1780 2636 1877 mmihi“:
2663 1779 2907 1848 (Ιυίιιιινίε
2929 1780 3413 1877 δεξει-οοεοίηθίὶοέ
3429 1777 3672 1877 vellant)

433 1899 829 1952 verberaretur.
871 1893 1030 1948 Jesus
1076 1901 1255 1947 autem
1297 1890 1593 1960 ﬂagellatus
1631 1904 1758 1943 non-
1786 1888 1855 1942 ab
1899 1887 2004 1942 alio

436 2002 599 2057 quam
626 1987 695 2040 ab
720 1986 837 2054 ipso
862 1983 1035 2038 Pilato
1059 1979 1440 2052 intelligendus
1468 1988 1570 2035 est.
1605 1978 1809 2033 Scribit
1847 1994 2001 2032 nam-

435 2092 543 2147 que
580 2084 762 2146 aperte
788 2073 1024 2128 Joannes
1048 2088 1062 2125 :
1095 2069 1457 2124 Clamaverunt
1489 2082 1695 2121 rursum
1723 2082 1898 2120 omnes
1925 2066 2006 2119 di-

436 2179 602 2225 centes
628 2185 647 2222 :
680 2167 803 2221 Non
852 2167 1010 2229 hunc,
1041 2161 1133 2217 sed
1160 2159 1479 2214 Barabbam.
1516 2158 1648 2212 Erat
1677 2168 1851 2213 autem
1895 2157 2003 2211 Ba-

437 2262 624 2316 rabbas
647 2258 801 2312 latro.
841 2256 987 2311 Tunc
1010 2271 1132 2325 ergo
1168 2252 1503 2323 apprehendit
1549 2248 1756 2304 Pilatus
1784 2249 1966 2303 Iesum
1990 2291 2004 2312 ,

437 2357 484 2402 et
510 2345 809 2417 ﬂagellauit.
840 2342 921 2398 Ac
943 2342 1135 2397 deinde
1161 2338 1547 2410 subjungitﬂtt
1574 2336 1761 2391 milites
1787 2335 2009 2407 plecten-

440 2444 514 2489 tes
539 2448 782 2487 coronam
809 2430 872 2484 de
898 2429 1060 2499 spinis
1072 2429 1429 2498 imposuerunt
1449 2426 1606 2495 capiti
1635 2424 1750 2494 ejus
1767 2464 1782 2489 ,
1812 2432 1868 2479 et
1908 2440 2010 2479 cm-

443 2537 577 2581 tera.
610 2523 761 2591 Quod
791 2521 1006 2593 quidem
1050 2521 1171 2575 ideo
1210 2519 1402 2573 fecisse
1430 2529 1593 2587 atque
1640 2518 1759 2577 ideo
1795 2519 2014 2572 creden-

441 2619 551 2673 dus
568 2624 650 2670 est
678 2612 936 2667 militibus
960 2627 1083 2666 eum
1127 2610 1452 2665 illudendum
1482 2608 1786 2673 tradidisse,
1826 2616 1885 2662 ut
1928 2624 2014 2663 sa-

443 2709 560 2766 tiati
585 2707 759 2778 poenis
784 2715 847 2761 et
865 2703 1164 2775 opprobriis
1189 2700 1305 2771 ejus
1328 2699 1516 2765 Judaei,
1546 2707 1773 2755 mortem
1799 2700 1916 2771 ejus
1938 2700 2015 2753 ul-

445 2811 531 2856 tra
581 2800 732 2854 sitire
774 2798 1117 2853 desisterent.
1167 2795 1280 2849 Hoc
1327 2798 1505 2847 autem
1552 2791 1752 2848 factum
1807 2802 1910 2858 est,
1959 2803 2016 2847 ut

445 2896 570 2965 quia
605 2895 865 2963 scriptum
893 2900 978 2947 est
1006 2910 1019 2945 :
1059 2891 1231 2945 Multa
1256 2888 1464 2960 ﬂagella
1490 2898 1816 2959 peccatorum
1841 2884 2012 2959 (Psal.

446 2985 621 3055 uxr),
648 2985 743 3040 illo
770 2983 1037 3054 ﬂagellato
1071 2996 1168 3036 nos
1205 2979 1586 3035 averberihus
1632 2977 2015 3041 liberaremur,

446 3075 659 3130 dicente
704 3072 982 3143 Scriptura
1031 3090 1044 3125 :
1098 3069 1390 3141 Flagellum
1439 3086 1540 3124 non
1586 3067 2015 3140 appropinquabit

450 3163 783 3219 tabernaculo
829 3173 918 3217 tuo
949 3161 1119 3234 (Psal.
1164 3160 1274 3232 xc).
1313 3160 1531 3231 Mysticc
1567 3167 1745 3213 autem
1772 3156 1978 3211 Pilatus
2000 3198 2015 3218 ,

451 3255 540 3325 qui
573 3255 954 3322 interpretatur
975 3269 1031 3307 os
1060 3252 1399 3313 malleatoris,
1429 3249 1693 3319 significat
1724 3248 2015 3310 diabolum,

450 3349 545 3416 qui
596 3346 889 3400 secundum
944 3344 1257 3414 prophetam
1322 3341 1550 3396 malleus
1615 3348 1697 3395 est
1756 3337 2020 3393 universa:

454 3447 632 3502 terrae,
664 3451 762 3505 per
794 3451 952 3506 quem
982 3434 1243 3489 Dominus
1274 3431 1493 3487 vascula
1523 3446 1620 3485 sua
1646 3430 1698 3483 in
1734 3426 2020 3483 ministerii

452 3540 611 3581 usum
664 3524 941 3578 formanda
989 3523 1241 3592 percutit,
1280 3536 1404 3576 cum
1458 3520 1658 3574 electos
1696 3531 1822 3572 suos
1856 3515 2023 3569 variis

455 3601 842 3670 tentationihus
868 3614 1095 3683 probare
1134 3611 1414 3681 permittit.
1447 3609 1616 3676 Quem
1654 3617 1707 3665 et
1733 3607 2024 3664 novissime

452 3703 714 3758 Dominus
757 3701 1010 3765 conterit,
1059 3702 1185 3770 quia
1211 3709 1456 3756 extremo
1496 3699 1702 3768 judicio
1726 3698 1784 3751 in
1822 3707 2022 3750 teterna

450 3793 794 3848 damnatione
827 3790 1136 3859 confringit.

524 3880 659 3954 [ιιι]
704 3880 847 3935 Tunc
890 3879 1077 3933 milites
1115 3878 1353 3948 pra'sidis
1391 3880 1724 3948 suscipientes
1766 3874 1946 3930 Jesum
1975 3875 2028 3928 in

442 3975 721 4048 prietes-io,
760 3981 1198 4042 congregaverant
1242 3972 1312 4024 ad
1348 3988 1465 4045 eum
1509 3974 1799 4026 universam
1846 3971 2031 4023 cohor-

443 4078 577 4133 rem,
610 4076 659 4120 et
699 4077 943 4119 canentes
967 4079 1103 4127 eum,
1133 4063 1473 4132 chlamydem
1495 4059 1786 4117 coccineum
1810 4064 2034 4118 circum-

440 4155 709 4210 dederunt
734 4154 800 4217 ei,
826 4162 875 4206 et
895 4152 1168 4222 plectentes
1200 4167 1445 4205 coronam
1472 4152 1535 4205 de
1559 4152 1720 4221 spinis
1753 4165 2034 4223 posuerunt

448 4258 616 4310 super
656 4254 810 4314 caput
850 4244 987 4313 ejus,
1033 4252 1082 4296 et
1125 4242 1433 4295 arundinem
1473 4243 1527 4296 in
1553 4242 1766 4296 dextera
1809 4245 1943 4314 ejus,
1990 4255 2037 4299 et

451 4352 592 4408 genu
618 4336 755 4403 ﬂexo
776 4342 895 4387 ante
919 4348 1037 4385 eum
1062 4331 1347 4385 illudebant
1370 4331 1595 4386 dicentes
1617 4349 1636 4386 :
1671 4332 1794 4396 Ave,
1832 4352 1922 4388 rea:
1943 4335 2042 4388 Ju-

2105 1869 2326 1938 Mysliec
2348 1884 2476 1938 ergo
2505 1868 2559 1921 in
2602 1882 2834 1938 purpura
2860 1883 2964 1937 qua
2996 1868 3211 1921 indutus
3252 1878 3335 1922 est
3377 1868 3672 1932 Dominus,

2104 1962 2219 2030 ipsa
2250 1959 2366 2028 ejus
2395 1975 2523 2015 caro
2551 1974 2709 2029 quam
2751 1960 3089 2029 passionibus
3111 1956 3310 2028 objecit
3350 1959 3655 2014 insinuatur

2106 2050 2183 2105 De
2210 2067 2315 2121 qua
2344 2050 2620 2121 praamissa
2641 2050 2849 2104 dixerat
2873 2049 3152 2118 prophetia
3181 2066 3194 2100 :
3229 2046 3404 2113 Quare
3426 2066 3547 2119 ergo
3588 2066 3677 2103 ru-

2108 2140 2257 2193 brum
2292 2149 2366 2193 est
2395 2139 2754 2192 indumentum
2799 2148 2967 2204 tuum,
3007 2148 3054 2191 et
3082 2140 3381 2193 uestimenta
3408 2150 3498 2193 tua
3525 2141 3678 2210 quasi

2109 2227 2424 2281 calcantium
2466 2227 2519 2281 in
2562 2224 2812 2280 torculari
2839 2225 2973 2295 (lsa.
3004 2226 3178 2299 ant).
3212 2228 3269 2282 In
3306 2244 3506 2283 corona
3554 2246 3680 2286 vero

2110 2333 2271 2388 quam
2302 2319 2555 2387 portabat
2586 2317 2792 2387 spinea,
2837 2326 3142 2374 nostrorum
3190 2321 3458 2390 susceptio
3486 2336 3680 2391 pecca-

2112 2416 2321 2472 torum,
2353 2422 2449 2478 pro
2472 2424 2578 2478 qua
2608 2409 2852 2463 mortalis
2890 2408 3005 2464 ﬁeri
3035 2410 3284 2480 dignatus
3309 2419 3412 2477 est,
3444 2413 3683 2469 ostendi-

2114 2505 2220 2551 tur.
2277 2495 2436 2552 Juxta
2465 2499 2605 2567 quod
2652 2512 2955 2569 praecursor
3003 2499 3170 2571 ipsius
3217 2502 3583 2557 testimonium
3630 2502 3681 2561 ei

2112 2591 2422 2661 perhibetis,
2454 2592 2568 2646 ait:
2596 2589 2729 2645 Ecce
2763 2608 2928 2663 agnus
2961 2591 3077 2659 Dei,
3112 2609 3225 2647 ecce
3252 2595 3342 2664 qui
3378 2594 3517 2651 tollit
3565 2613 3683 2666 pec-

2115 2693 2287 2737 catum
2311 2684 2511 2737 mundi.
2532 2684 2771 2755 Namque
2795 2686 2975 2755 spinas
3003 2687 3054 2742 in
3084 2687 3474 2757 significatione
3498 2705 3683 2760 pecca-

2117 2785 2292 2829 torum
2318 2776 2444 2845 poni
2471 2775 2642 2831 solere
2669 2785 2898 2832 testatur
2926 2780 3039 2849 ipse
3066 2779 3344 2847 Dominus,
3381 2783 3473 2854 qui
3500 2793 3685 2853 proto-

2116 2868 2291 2937 plasto
2320 2869 2371 2923 in
2399 2879 2677 2938 peccatum
2704 2867 2953 2942 prolapso
2976 2871 3186 2929 dicebat
3221 2893 3233 2927 :
3267 2873 3427 2929 Terra
3465 2886 3554 2929 tua
3581 2877 3689 2946 spi-

2119 2977 2213 3013 nas
2252 2970 2301 3014 et
2337 2962 2555 3033 tribulos
2582 2963 2895 3033 germinabit
2937 2965 3029 3018 tibi
3079 2964 3230 3038 (Gen.
3278 2968 3379 3037 tn).
3425 2966 3577 3035 Quod
3606 2977 3694 3023 est

2121 3060 2306 3120 aperte
2354 3052 2534 3108 dicere
2569 3072 2581 3106 :
2620 3052 2959 3110 Conscientia
3002 3065 3091 3110 tua
3122 3058 3438 3127 punctiones
3479 3058 3609 3125 tibi,
3638 3066 3694 3112 et

2045 3116 2090 3180 (ἶ
2123 3143 2337 3198 aculeos
2362 3145 2615 3200 vitiarunt
2646 3161 2934 3215 procreare
2961 3162 3067 3201 non
3098 3147 3340 3203 desistet.
3373 3147 3523 3215 Quod
3562 3164 3692 3204 vero

2112 3235 2265 3305 juxta
2306 3235 2650 3307 Evangelium
2699 3236 2856 3292 Luca:
2911 3237 3169 3292 Dominus
3226 3238 3366 3308 apud
3426 3238 3692 3296 Herodem

2118 3335 2241 3390 alba
2282 3344 2431 3389 veste
2475 3334 2731 3398 induitur,
2768 3334 3064 3396 inczeteris
3096 3348 3220 3388 vero
3265 3334 3614 3404 evangelistis
3658 3351 3688 3389 a

2120 3425 2380 3479 militibus
2405 3422 2561 3478 Pilati
2590 3425 2691 3477 sub
2742 3424 2994 3478 coccineo
3038 3424 3152 3478 sive
3202 3439 3472 3494 purpureo
3509 3425 3695 3481 habitu

2122 3514 2313 3569 illusus
2341 3529 2461 3569 esse
2508 3512 2839 3582 perhibetur,
2887 3511 3081 3568 collata
3111 3522 3338 3583 utraque
3367 3514 3696 3579 narratione,

2124 3604 2179 3657 in
2207 3619 2312 3658 uno
2338 3602 2642 3657 innocentia
2675 3611 2730 3655 et
2753 3603 2975 3657 castitas
3005 3611 3293 3673 assumpta:
3324 3603 3697 3669 humanitatis,

2126 3693 2180 3745 in
2208 3691 2375 3745 altero
2405 3698 2585 3745 autem
2613 3690 2817 3745 veritas
2852 3691 3141 3762 passionis,
3171 3706 3268 3760 per
3294 3707 3454 3761 quam
3484 3692 3550 3747 ad
3588 3693 3702 3764 glo-

2128 3781 2263 3836 riam
2295 3779 2447 3852 regni
2496 3778 2816 3835 immortalis
2847 3787 2990 3835 esset
3018 3789 3394 3851 perventurus,
3440 3782 3702 3852 exprimi—

2132 3881 2235 3924 tur.
2271 3868 2424 3924 Sicut
2448 3869 2589 3923 enim
2636 3883 2875 3940 purpura
2903 3869 3134 3925 colorem
3164 3869 3443 3940 sanguinis
3471 3870 3561 3941 qui
3604 3885 3702 3941 pro

2132 3964 2286 4018 nobis
2312 3960 2515 4017 ellusus
2538 3969 2621 4016 est
2647 3961 2909 4029 imitatur,
2942 3962 3016 4016 ita
3039 3971 3093 4016 et
3118 3963 3361 4016 habitum
3387 3962 3535 4034 regni
3560 3964 3703 4032 quod

2132 4064 2254 4124 post
2284 4054 2588 4123 passionem
2618 4054 2857 4118 intravit,
2886 4055 3143 4125 nobisque
3166 4055 3474 4110 intrandum
3504 4055 3704 4125 patefe-

2136 4147 2231 4212 cit,
2261 4140 2515 4200 insinuat.
2541 4145 2738 4202 Verum
2769 4147 2897 4215 quia
2922 4146 3057 4201 dixit
3081 4145 3370 4217 Apostolus
3395 4167 3407 4201 :
3440 4146 3705 4219 Quotquot

2137 4238 2272 4291 enim
2322 4239 2377 4292 in
2422 4237 2627 4292 Christo
2669 4237 2918 4307 baptizari
2964 4240 3106 4305 estis,
3153 4238 3707 4314 Christumqinduistis

2142 4328 2283 4401 (Gal.
2316 4330 2421 4401 ιιι),
2462 4340 2515 4384 et
2562 4330 2727 4385 Isaias
2752 4331 2977 4385 Domino
3008 4331 3074 4386 de
3103 4332 3288 4387 electis
3330 4333 3580 4388 omnibus
3626 4334 3707 4388 in-

452 4427 715 4480 da’orum.
757 4422 951 4477 Milites
975 4421 1211 4491 quidem,
1244 4422 1369 4491 quia
1401 4436 1494 4476 rex
1523 4421 1827 4478 Jndteorum
1857 4424 2034 4481 fuerat
2064 4456 2114 4519 θ
2142 4422 2290 4492 quit:
2318 4420 2417 4475 llis
2440 4420 2572 4477 velut
2596 4409 3148 4497 ornamentoevestieris
3173 4422 3306 4494 (Isa.
3334 4427 3499 4497 sus),
3532 4433 3711 4494 pateat

454 4515 780 4586 appellatus.
834 4523 888 4568 et
920 4514 1024 4568 hoc
1061 4513 1109 4568 ei
1152 4514 1346 4567 scriba
1386 4523 1441 4568 et
1480 4514 1788 4570 sacerdotes
1827 4517 2032 4571 crimen

453 4606 794 4676 obiecerant,
832 4605 974 4673 quod
1024 4604 1123 4658 sibi
1178 4604 1232 4656 in
1279 4604 1476 4675 populo
1514 4604 1694 4659 «Israel
1749 4617 2035 4678 usurparet

457 4696 774 4765 imperium,
811 4695 1092 4750 illudentes
1134 4695 1239 4749 hoc
1282 4694 1505 4763 faciunt,
1538 4704 1598 4751 ut
1638 4698 1896 4753 nudatum
1924 4700 2037 4768 pri-

454 4790 623 4846 stinis
650 4788 911 4851 vestibus,
951 4788 1176 4842 induant
1207 4789 1543 4859 chlamydem
1584 4793 1892 4847 coccineum
1937 4809 2036 4864 pro

455 4895 721 4950 purpura,
757 4894 862 4948 qua
899 4892 1052 4946 reges
1088 4886 1297 4933 veteres
1334 4879 1640 4946 utebantur,
1686 4880 1741 4937 et
1784 4897 1883 4952 pro
1928 4884 2039 4939 dia-

454 4972 678 5026 demate
706 4978 907 5038 ponant
934 4968 983 5022 ei
1022 4982 1274 5022 coronam
1303 4968 1566 5036 spineam,
1596 4986 1695 5040 pro
1721 4981 1932 5043 sceptro
1954 4990 2040 5029 re-

455 5061 572 5134 gali
624 5061 752 5114 dent
785 5058 1072 5121 calamum,
1106 5067 1159 5113 et
1206 5060 1433 5114 adorent
1481 5061 1634 5130 quasi
1686 5079 1884 5134 regem.
1931 5063 2039 5120 Nos

455 5158 650 5207 autem
692 5150 805 5203 bzec
837 5150 1018 5203 ornnia
1058 5149 1420 5216 intelligamus
1452 5140 1708 5223 mystice.
1761 5152 2040 5220 Quomodo

456 5241 612 5298 enim
651 5240 883 5309 Caiphas
919 5240 1097 5293 dixit“:
1141 5238 1357 5310 Oportet
1394 5256 1556 5295 unum
1592 5242 1853 5296 [tantinem
1904 5246 2039 5299 mori

456 5344 563 5401 pro
584 5329 842 5392 omnibus,
875 5328 1119 5383 nesciens
1147 5328 1276 5397 quid
1310 5327 1530 5392 diceret,
1564 5331 1642 5384 sic
1665 5339 1719 5384 et
1756 5331 1845 5385 isti
1868 5334 2039 5400 quod-

459 5435 689 5488 cunque
728 5418 989 5483 fecerunt,
1038 5419 1163 5474 licet
1203 5419 1307 5473 alia
1354 5429 1531 5473 mente
1565 5420 1818 5486 fecerint,
1866 5431 2041 5477 tamen

461 5510 628 5564 nobis
657 5512 747 5580 qui
775 5512 1044 5566 credimus
1072 5522 1408 5567 sacramenta
1440 5512 1761 5570 tribuebant.
1790 5514 1847 5568 ln
1890 5516 2041 5570 chla-

461 5600 630 5667 myde
685 5601 956 5665 coccinea,
995 5616 1157 5670 opera
1208 5603 1447 5671 gentium
1485 5614 1708 5659 cruenta
1750 5614 2038 5661 sustentat.

461 5687 531 5743 lu
564 5704 759 5745 corona
811 5693 1014 5761 spinea,
1051 5691 1394 5748 maledictum
1423 5692 1583 5749 solvit
1629 5695 1930 5766 antiquum.
1982 5696 2037 5751 in

2139 4513 2193 4568 in
2237 4512 2341 4568 hoc
2367 4521 2591 4582 utroque
2618 4512 2826 4569 Domini
2873 4514 3078 4578 habitu,
3124 4515 3465 4571 inimicorum
3491 4518 3708 4587 quidem

2137 4606 2401 4662 sententia
2426 4607 2710 4676 probroso,
2739 4604 2832 4661 sed
2872 4606 3040 4677 ip,ius
3068 4609 3281 4664 Domini
3309 4611 3573 4668 electione
3599 4613 3712 4685 glo-

2138 4696 2453 4762 riosissimo,
2482 4697 2661 4752 omnis
2683 4695 2976 4761 electorum
3006 4696 3124 4766 ejus
3172 4698 3459 4757 multitudo
3485 4717 3606 4771 qua:
3654 4702 3709 4756 in

2137 4796 2400 4858 martyres
2452 4787 2812 4853 venerandos,
2843 4797 2899 4843 et
2940 4797 3193 4845 crateram
3234 4790 3469 4847 ﬁdelium
3502 4792 3710 4862 plebem

2135 4877 2514 4949 distinguitur,
2543 4879 2820 4948 aptissime
2844 4878 3133 4949 designari.
3161 4883 3296 4938 Alba
3321 4884 3521 4940 etenim
3561 4892 3712 4939 veste

2142 4970 2403 5036 induitur,
2433 4987 2554 5026 cum
2591 4971 2788 5026 munda
2822 4971 3093 5040 justorum
3118 4971 3453 5030 confessione
3477 4975 3710 5030 circum-

2145 5063 2321 5117 datur.
2349 5060 2592 5131 Purpura
2620 5060 2734 5117 sive
2762 5077 2927 5117 cocco
2948 5063 3191 5128 vestitur,
3223 5079 3346 5118 cum
3366 5063 3422 5119 in
3445 5065 3714 5135 triumpho

2146 5150 2558 5205 victoriosorum
2583 5158 2881 5223 martyrum
2912 5151 3191 5221 gloriatur.

2220 5243 2287 5296 Et
2317 5253 2629 5313 exspuentes
2654 5245 2707 5298 in
2736 5260 2853 5298 eum
2874 5285 2890 5310 ,
2933 5255 3237 5314 acceperunt
3282 5246 3624 5312 arundinem,
3665 5259 3716 5303 et

2145 5336 2497 5405 percutiebant
2548 5346 2701 5406 caput
2757 5340 2889 5406 ejus.
2943 5335 3070 5392 Haec
3116 5342 3244 5392 tunc
3293 5336 3473 5396 {uixere
3517 5339 3719 5395 milites

2146 5426 2333 5491 Pilati,
2368 5428 2480 5482 haec
2516 5443 2685 5497 usque
2722 5428 2879 5484 hodie
2908 5425 3115 5482 faciunt
3142 5429 3382 5485 haeretici
3407 5438 3461 5487 et
3484 5433 3717 5502 pagani.

2144 5517 2342 5573 milites
2385 5519 2573 5588 utique
2625 5516 2825 5573 diaboli
2880 5537 2893 5571 :
2939 5515 3064 5588 quia
3112 5519 3256 5573 enim
3306 5529 3469 5593 caput
3514 5521 3716 5578 Christi

2144 5606 2316 5672 Deus,
2349 5616 2510 5677 caput
2551 5605 2665 5675 ejus
2691 5609 3039 5677 percutiunt,
3087 5610 3179 5678 qui
3225 5625 3348 5667 eum
3378 5611 3545 5667 Deum
3594 5628 3719 5669 esse

2142 5712 2331 5752 verum
2360 5698 2643 5768 denegant.
2678 5698 2744 5753 Et
2781 5700 2905 5769 quia
2941 5715 3039 5772 per
3069 5701 3390 5759 arundinem
3433 5700 3714 5776 Scriptura
