3998 6188
335 302 468 359 1155

1000 295 1062 351 Β.
1104 294 1354 351 RABANI
1396 290 1611 349 MAURI
1649 288 1964 347 ARCHIEP.
2009 284 2319 344 MOGUNT.
2361 286 2646 346 OPERUM
2687 286 2866 343 PARS
2902 286 2945 341 l.

3450 285 3479 340 1
3498 285 3594 341 136

324 416 461 471 solet
479 409 703 474 conﬁci,
726 407 879 479 quasi
902 405 1163 461 arundine
1182 401 1555 476 caputChristi
1579 399 1798 463 feriunt,
1816 398 1907 468 qui
1937 402 1982 460 Α
2014 413 2119 452 ιιοη
2146 397 2452 463 Hebraeum,
2482 407 2537 453 et
2559 398 2947 468 interpretatur
2975 394 3255 450 Calvariw.
3285 393 3386 452 Est
3412 405 3596 452 autem

326 501 595 559 divinitati
620 499 761 554 illius
779 496 1209 553 contradicentes
1225 534 1239 559 ,
1265 508 1507 547 errorem
1537 505 1693 546 suum
1712 490 1907 545 conﬁr-

325 612 477 652 mare
518 593 839 649 auctoritate
869 603 1039 643 sacrae
1067 582 1363 657 Scriptura:
1389 591 1672 639 conantur.
1696 582 1908 651 Spuunt

328 688 384 742 in
430 687 626 742 faciem
656 676 807 754 ejus,
852 679 942 750 qui
989 679 1106 750 ejus
1148 677 1489 749 praesentiam
1518 676 1704 746 gratiae
1729 673 1909 729 verbis

326 770 677 830 cxsecrandis
698 786 763 825 ex
782 771 992 823 interna
1016 782 1172 822 caete
1195 766 1391 819 mentis
1407 764 1615 818 insania
1632 761 1908 831 conceptis

326 870 626 934 respuunt,
685 872 741 915 et
778 858 963 913 'Jesum
1011 849 1285 911 Christum
1332 855 1384 908 in
1430 869 1595 909 carne
1644 854 1910 921 denegant

328 956 560 1011 venisse.
588 951 655 1007 Et
680 947 895 1022 quidem
927 946 1125 1006 milites
1154 962 1302 1010 eum,
1332 945 1487 1013 quasi
1514 943 1604 1013 qui
1636 941 1803 996 Deum
1849 954 1909 993 se

278 1117 285 1124 .
327 1051 442 1120 ipse
479 1043 615 1101 falso
651 1038 911 1107 dixisset,
960 1032 1245 1094 illudentes
1279 1035 1595 1090 adorabunt.
1633 1033 1738 1088 Sed
1785 1039 1911 1087 sunt

326 1139 516 1205 hodie,
566 1137 708 1207 quod
739 1142 824 1191 est
850 1127 1118 1205 gravioris
1152 1128 1421 1193 vesaniae,
1471 1127 1562 1196 qui
1591 1142 1713 1182 eum
1762 1132 1911 1179 certa

328 1231 432 1286 ﬁde
462 1237 521 1283 ut
559 1225 726 1282 Deum
754 1238 940 1278 verum
970 1221 1229 1284 adorant,
1276 1217 1370 1273 sed
1397 1215 1672 1287 perversis
1701 1214 1911 1268 actibus

238 1330 253 1342 ’
327 1335 453 1373 mox
472 1318 634 1372 verba
656 1308 771 1382 ejus
786 1314 938 1383 quasi
952 1306 1199 1365 fabulosa
1217 1308 1542 1379 despiciunt,
1561 1323 1622 1361 ac
1644 1306 1909 1376 promissa

328 1409 481 1480 regni
508 1407 649 1462 illius
679 1402 1061 1473 temporalibus
1089 1400 1355 1455 illecebris
1376 1398 1533 1469 longe
1560 1405 1907 1468 pomponunt.

402 1499 468 1553 Et
490 1507 760 1569 postquam
778 1492 1051 1547 illuseruut
1075 1492 1144 1555 ei,
1162 1482 1415 1544 exuerunt
1431 1504 1549 1541 eum
1562 1486 1906 1556 chlamydem,

329 1598 376 1644 et
406 1589 685 1643 induerunt
720 1601 837 1639 eum
865 1583 1177 1638 vestimentis
1200 1580 1335 1650 ejus,
1362 1590 1409 1633 et
1434 1580 1694 1633 duxerunt
1716 1595 1830 1631 eum
1856 1587 1910 1631 ut

331 1679 709 1749 cruci/igerent.
754 1671 1021 1747 (Hieron.)
1050 1672 1274 1738 Quando
1309 1668 1607 1739 ﬂagellatur
1648 1665 1825 1732 Iesus,
1857 1675 1911 1722 et

2007 487 2120 558 ipse
2144 488 2295 544 locus
2317 490 2369 545 in
2401 490 2544 545 Helia
2569 491 2635 544 ad
2656 487 3129 558 septentrionalem
3144 487 3364 559 plagam
3389 491 3597 545 montis

2008 581 2135 636 Sion
2170 598 2183 636 :
2214 592 2269 637 et
2290 581 2550 637 Calvarim
2579 597 2685 636 non
2714 582 2783 635 ob
2807 580 3083 635 calvitium
3121 580 3289 649 primi
3337 580 3594 643 hominis,

2007 690 2165 745 quem
2200 675 2271 730 ibi
2323 674 2544 747 quidam
2574 681 2821 729 errantes
2867 672 3133 741 sepultum
3178 670 3377 725 frustm
3411 672 3596 743 suspi-

2008 777 2221 829 cantur,
2250 766 2342 820 sed
2369 765 2439 819 ob
2467 763 2877 819 decollationem
2914 777 3130 817 reorum
3159 771 3322 832 atque
3366 762 3598 816 damna-

2010 862 2184 909 torum
2205 853 2420 908 dicitur.
2437 851 2606 907 Adam
2629 867 2759 907 vero
2780 866 2887 906 non
2909 851 2964 905 in
2983 849 3282 906 Jerusalem
3299 850 3596 921 sepultum,

2009 946 2102 1000 sed
2122 944 2277 1014 juxta
2299 946 2491 1003 Arbeae
2515 954 2567 999 et
2592 944 2830 1009 Hebron,
2862 944 2915 999 in
2947 943 3143 1016 Moysis
3168 944 3438 1000 voluntine
3457 946 3597 1017 legi-

2010 1052 2130 1092 mus
2170 1034 2319 1107 (Cen.
2372 1033 2547 1107 χχιιι).
2582 1036 2852 1091 Exeuntes
2881 1050 3011 1106 ergo
3051 1051 3082 1090 a
3129 1037 3594 1107 praetoriorPilati

2010 1134 2271 1181 venerunt
2298 1126 2350 1180 in
2392 1125 2569 1180 locum
2595 1126 2687 1196 qui
2724 1125 2920 1181 dicitur
2947 1125 3232 1197 Golgotha,
3264 1128 3389 1199 quia
3439 1137 3593 1184 extra

2010 1218 2202 1273 urbem
2232 1228 2288 1272 et
2334 1214 2468 1275 foris
2509 1226 2719 1287 portam
2750 1225 2879 1272 tunc
2908 1216 3127 1271 fuerunt
3157 1217 3273 1272 loca
3312 1218 3369 1272 in
3397 1218 3596 1288 quibus

2013 1308 2401 1365 truncabantur
2423 1308 2600 1377 capita
2631 1308 3003 1363 damnatorum
3020 1348 3034 1373 ,
3064 1319 3120 1362 et
3145 1308 3268 1365 inde
3292 1306 3557 1365 Calvariaa
3576 1352 3593 1375 ,

2011 1400 2065 1455 id
2094 1409 2175 1455 est
2202 1441 2218 1468 ,
2272 1392 2661 1455 decollatorum
2706 1415 2985 1471 sumpsere
3035 1417 3255 1455 nomen.
3298 1401 3594 1474 Pmpterea

2012 1502 2189 1546 autem
2220 1492 2291 1546 ibi
2323 1480 2615 1548 cruciﬁxus
2640 1500 2724 1547 est
2752 1491 3043 1557 Dominus,
3069 1502 3129 1547 ut
3151 1494 3241 1547 ubi
3285 1495 3439 1564 prius
3470 1507 3595 1550 erat

2013 1599 2139 1639 area
2169 1584 2544 1638 damnatorum
2568 1623 2587 1650 ,
2614 1583 2952 1653 erigerentur
2993 1584 3186 1638 vexilla
3220 1586 3486 1656 martyrii.
3527 1587 3593 1640 Et

2014 1673 2286 1744 quomodo
2315 1689 2413 1744 pro
2442 1674 2599 1731 nobis
2627 1673 2968 1729 maledictum
2999 1676 3177 1739 crucis
3194 1674 3379 1743 factus
3405 1684 3511 1743 est,
3530 1687 3597 1731 et

329 1764 1000 1839 conspuituretirridetur,
1028 1778 1131 1817 non
1158 1762 1319 1816 habet
1338 1759 1553 1830 propria
1572 1759 1908 1823 vestimenta,
1941 1761 1987 1821 B
2015 1764 2332 1836 flagellalus,
2355 1772 2411 1818 et
2427 1762 2743 1828 cruciﬁxus,
2758 1763 2837 1817 sic
2859 1778 2957 1833 pro
2975 1765 3211 1818 omnium
3238 1764 3412 1820 salute
3437 1767 3594 1834 quasi

331 1861 426 1916 scd
455 1874 516 1913 ea
544 1873 663 1929 quae
688 1864 908 1927 propter
950 1861 1168 1922 peccata
1200 1859 1385 1905 nostra
1426 1857 1750 1919 sumpserat.
1780 1846 1913 1902 Cum

332 1959 513 2005 autem
562 1945 974 2017 crucifigeretur
1030 1951 1087 1998 et
1144 1941 1405 1995 illusionis
1445 1949 1604 2009 atque
1650 1939 1915 1994 irrisionis

332 2056 523 2110 pompa
555 2036 917 2109 praeterierat,
950 2042 1080 2088 tunc
1119 2032 1373 2101 pristinas
1412 2040 1591 2087 vestes
1616 2030 1836 2100 recipit,
1862 2036 1916 2084 et

333 2129 608 2202 proprium
640 2124 866 2180 assumit
889 2132 1160 2186 ornatum,
1194 2120 1484 2189 statimque
1519 2119 1779 2173 elementa
1804 2127 1916 2173 tur-

336 2223 554 2283 bantur,
585 2227 633 2271 et
669 2213 899 2271 creatori
925 2210 1291 2266 testimonium
1319 2210 1449 2264 dant
1471 2218 1753 2263 creaturae.

408 2308 545 2383 [lV.]
592 2306 856 2361 Exeuntes
905 2314 1077 2358 autem
1120 2303 1423 2356 invenerunt
1452 2302 1709 2354 hominem
1756 2299 1914 2369 Cyre-

337 2419 507 2458 nwum
539 2402 815 2455 venientem
842 2398 1041 2453 obviam
1081 2396 1180 2451 sibi
1203 2396 1409 2450 nomine
1436 2393 1721 2451 Simonem.
1756 2393 1805 2447 Η
1814 2411 1913 2447 unc

335 2496 737 2567 angariaverunt
784 2501 838 2545 ut
870 2489 1068 2545 tolleret
1090 2504 1310 2556 crucem
1338 2486 1470 2556 ejus.
1495 2485 1805 2541 Cavendum
1845 2500 1914 2540 ne

333 2590 419 2644 cui
453 2586 699 2642 videatur
728 2583 1054 2639 contrarium
1082 2579 1225 2650 quod
1254 2576 1489 2633 Joannes
1517 2576 1707 2633 scribit
1738 2577 1910 2647 ipsum

331 2679 618 2736 Dominum
639 2676 745 2731 sibi
775 2688 990 2728 crucem
1018 2680 1280 2743 portasse.
1311 2669 1502 2725 Castori
1527 2683 1655 2724 vero
1680 2682 1911 2737 evange-

331 2773 468 2827 listm
490 2771 633 2824 hunc
668 2765 941 2822 Simonem
971 2762 1285 2834 Cyrenaeum
1310 2776 1428 2815 eam
1457 2756 1744 2827 bajulasse,
1766 2756 1910 2814 refe-

333 2870 477 2916 runt.
528 2859 711 2913 Primo
729 2870 978 2925 namque
1006 2870 1035 2909 a
1065 2853 1291 2908 Domino
1329 2859 1567 2922 portata,
1611 2865 1675 2905 ac
1719 2849 1912 2905 deinde

333 2949 574 3015 Simoni,
623 2962 782 3018 quem
829 2952 1088 3000 exettntes
1136 2940 1275 2997 forte
1319 2942 1535 2997 obvium
1568 2942 1908 3008 habuerunt,

328 3040 589 3111 portanda
615 3037 864 3106 imposita
896 3043 995 3090 est.
1029 3035 1095 3088 Et
1138 3034 1240 3088 hoc
1269 3047 1507 3104 congruo
1552 3030 1685 3087 satis
1719 3029 1910 3086 ordine

331 3109 574 3199 mysterii
602 3167 618 3193 ,
665 3128 787 3198 quia
837 3126 1090 3180 nimirum
1137 3125 1251 3194 ipse
1283 3139 1477 3194 passus
1514 3131 1597 3178 est
1622 3137 1722 3193 pro
1750 3122 1907 3177 nobis
1932 3109 1980 3172 C

330 3219 642 3287 relinquens
679 3215 833 3270 nobis
881 3214 1218 3285 exemplum,
1260 3222 1321 3268 ut
1363 3227 1657 3284 sequamur
1682 3211 1909 3282 vestigia

329 3312 466 3379 ejus.
508 3310 573 3364 Et
616 3310 758 3378 quod
791 3306 976 3361 Simon
1024 3307 1124 3361 iste
1163 3320 1272 3360 non
1316 3305 1726 3376 Hierosolymita
1754 3344 1770 3370 ,
1816 3303 1911 3359 sed

332 3403 618 3472 Cyrenaeus
644 3412 763 3454 esse
782 3397 1092 3469 perhibetur
1108 3395 1337 3467 (Cyrene
1357 3396 1497 3449 enim
1524 3395 1706 3464 Libyae
1721 3394 1911 3449 civitas

330 3501 437 3553 est,
494 3496 554 3542 ut
599 3489 652 3541 in
704 3485 929 3541 Actibus
963 3483 1326 3553 apostolorum
1364 3483 1597 3553 legimus
1636 3481 1771 3552 (Act.
1821 3481 1908 3551 ιι),

332 3588 491 3635 recte’
520 3592 618 3649 per
669 3592 792 3632 eum
837 3574 1018 3645 populi
1061 3574 1299 3644 gentium
1352 3572 1702 3643 designantur
1751 3589 1765 3626 :
1818 3572 1911 3642 qui

330 3667 603 3739 quondam
635 3664 903 3737 peregrini
925 3672 981 3720 et
1006 3664 1250 3733 hospites
1276 3671 1742 3727 testamentorum,
1768 3677 1912 3717 nunc

334 3759 632 3816 obediendo
658 3757 802 3814 cives
832 3763 956 3812 sunt
988 3764 1043 3810 et
1061 3753 1343 3810 domestici
1363 3753 1491 3819 Dei;
1528 3761 1586 3807 et
1613 3752 1756 3808 sicut
1783 3752 1908 3807 alibi

335 3854 532 3909 dicitur
558 3870 571 3906 :
599 3850 847 3906 Hieredes
863 3859 1033 3903 autem
1058 3847 1154 3903 Dei
1169 3889 1183 3913 ,
1209 3847 1499 3901 coltmredes
1520 3856 1694 3901 autem
1716 3844 1911 3900 Christi

337 3943 497 4015 (Eph.
530 3940 613 4012 ιι).
647 3939 798 3995 Unde
848 3947 971 4008 apte
1003 3936 1187 3993 Simon
1218 3937 1481 4002 obediens,
1508 3936 1715 4008 Cyrene
1744 3937 1909 3991 haeres

324 4031 742 4100 interpretatur.
774 4026 882 4084 Nec
908 4028 1337 4097 praetereundum
1366 4029 1509 4098 quod
1550 4030 1691 4085 idem
1722 4030 1908 4087 Simon

336 4123 402 4177 de
438 4122 558 4176 villa
605 4121 816 4176 venisse
858 4118 1108 4175 refertur.
1140 4117 1276 4173 Villa
1320 4121 1464 4173 enim
1510 4120 1696 4177 Gnece
1743 4126 1908 4196 πάγος

337 4211 551 4275 dicitur,
576 4210 716 4265 unde
739 4224 976 4281 paganos
997 4207 1324 4279 appellamus
1346 4223 1457 4275 eos,
1483 4225 1616 4279 quos
1640 4227 1670 4264 a
1692 4213 1911 4268 civitate

330 4302 434 4357 Dei
482 4301 720 4367 alienos,
765 4307 819 4355 et
863 4300 1017 4370 quasi
1059 4298 1276 4355 urbanae
1316 4302 1739 4357 conversationis
1788 4317 1910 4359 esse

333 4391 581 4446 videmus
607 4399 872 4461 expertes.
923 4388 1028 4444 Sed
1075 4390 1306 4462 de'pago
1350 4389 1535 4445 Simon
1587 4393 1905 4462 egrediens,

330 4496 551 4536 crucem
600 4488 779 4549 portat
818 4488 939 4550 post
981 4479 1199 4546 Jesum,
1239 4461 1359 4534 eum
1385 4461 1908 4551 populusinationum
1936 4461 1988 4521 Ῑ)

334 4572 558 4642 paganis
572 4572 763 4624 ritibus
786 4569 1072 4634 derelictis,
1091 4570 1315 4642 vestigia
1338 4571 1628 4628 Dominicae
1642 4573 1909 4643 passionis

333 4663 645 4719 obedienter
673 4661 1032 4732 amplectitur.
1060 4660 1327 4735 (Hieron.)
1354 4662 1464 4718 Nec
1486 4663 1783 4730 fortuitum,
1813 4666 1908 4721 sed

333 4755 620 4826 ﬁguratum
660 4751 1028 4821 et-mysticum
1061 4750 1179 4816 luit,
1222 4762 1281 4806 ut
1324 4752 1525 4808 ludatis
1549 4754 1604 4808 in
1632 4753 1903 4811 Christum

331 4844 690 4907 saevientibus,
725 4843 793 4897 ad
822 4842 1252 4912 eompatiendum
1287 4843 1336 4899 ei
1364 4846 1680 4917 peregrinus
1710 4863 1902 4904 occur-
1936 4882 1947 4893 -

331 4944 497 5003 reret,
528 4935 737 4991 dicente
764 4934 1042 5004 Apostolo,
1067 4934 1114 4988 si
1147 4936 1512 5006 compatimur,
1538 4947 1585 4992 et
1614 4954 1900 5010 conregna-

330 5026 529 5093 bimus,
556 5036 615 5080 ut
664 5024 1030 5080 saeratissimo
1069 5022 1375 5080 'Salvatoris
1421 5010 1710 5097 opprobrio
1734 5068 1751 5094 ,
1793 5044 1902 5083 non

331 5119 586 5175 Hehrmus
613 5118 894 5188 quisquam
924 5131 1024 5171 nec
1044 5115 1302 5182 lsraelita,
1330 5118 1423 5173 sed
1449 5117 1747 5190 alienigena
1778 5119 1904 5175 sub-

328 5210 563 5265 deretur.
604 5209 706 5263 Per
751 5210 888 5263 hanc
928 5207 1070 5264 enim
1102 5206 1506 5262 translationem
1532 5249 1547 5273 ,
1596 5223 1627 5262 a
1674 5207 1906 5263 circum-

328 5302 533 5357 cisione
573 5300 638 5355 ad
685 5299 1039 5370 prmputium,
1092 5313 1123 5352 a
1154 5297 1278 5353 ﬁliis
1318 5298 1625 5354 carnalibus
1671 5298 1738 5354 ad
1763 5298 1905 5355 ﬁlios

238 5450 253 5461 ,
329 5392 636 5464 spiritales,
667 5391 1008 5447 immaculata
1052 5391 1175 5462 agni
1216 5391 1547 5461 propitiatio,
1585 5399 1641 5446 et
1663 5391 1903 5446 omnium

329 5491 788 5539 sacramentorum
818 5481 1092 5551 plenitudo
1130 5481 1409 5535 transibat.

401 5573 467 5626 Et
488 5580 731 5626 venerunt
758 5570 811 5623 in
833 5570 1004 5625 locum
1026 5570 1116 5638 qui
1143 5570 1337 5625 dicitur
1356 5568 1636 5640 Golgotha,
1663 5569 1803 5641 quod
1828 5580 1903 5625 est

334 5660 590 5717 Calvarice
619 5661 782 5717 locus.
810 5661 1075 5733 Golgotha
1100 5676 1331 5731 namque
1356 5659 1549 5732 Syrum
1578 5676 1770 5715 nomen
1798 5671 1903 5727 est,

2016 1855 2210 1910 noxius
2254 1856 2396 1909 inter
2449 1853 2639 1909 noxios
2684 1854 3021 1926 cruciﬁgitur
3093 1854 3294 1927 (ΗΑΒ.)
3336 1856 3592 1912 Moralem

2014 1961 2227 2017 quoque
2251 1954 2608 2002 sacrosanctae
2627 1946 2806 2002 crucis
2826 1947 3052 2018 figuram
3081 1949 3337 2005 describit
3362 1950 3597 2021 Apostoo

2014 2038 2118 2104 lus,
2132 2038 2223 2093 ubi
2238 2039 2344 2092 ait:
2371 2038 2437 2094 In
2451 2038 2707 2093 charitate
2721 2039 2945 2094 radicati
2962 2051 3008 2095 et
3020 2041 3231 2111 fundati
3242 2052 3289 2098 et
3304 2052 3359 2097 ut
3378 2043 3591 2113 possitis

2015 2128 2440 2201 comprehendere
2453 2146 2571 2185 cum
2588 2130 2826 2185 omnibus
2847 2133 3041 2187 sanctis
3054 2149 3171 2202 quer
3182 2134 3251 2187 sit
3273 2132 3519 2198 latitudo,
3542 2143 3593 2188 et

2014 2222 2314 2295 longitudo,
2344 2222 2570 2277 altitudo
2590 2263 2608 2289 ,
2634 2231 2680 2277 et
2705 2222 3053 2293 profundum,
3084 2240 3388 2294 cognoscere
3428 2224 3592 2278 edam

2014 2314 2471 2384 supereminentem
2493 2313 2723 2368 scientice
2734 2313 3041 2367 charitatem
3075 2311 3269 2368 Christi
3287 2312 3451 2385 (Eph.
3477 2313 3587 2378 ιιι).

2016 2401 2200 2476 [Aug]
2223 2403 2281 2458 ιιι
2318 2403 2599 2459 latitudine
2619 2404 2816 2475 quippe
2845 2404 2984 2459 bona
3008 2419 3173 2474 opera
3198 2405 3479 2461 charitatis
3507 2406 3590 2460 si-

2014 2494 2260 2567 gniﬁcat;
2286 2495 2340 2549 in
2368 2494 2718 2567 longitudine,
2742 2496 3198 2565 perseverantiam
3231 2506 3428 2552 sanctae
3450 2512 3587 2553 con-

2014 2584 2335 2640 versationis
2357 2600 2523 2654 usque
2545 2585 2596 2639 in
2622 2584 2813 2651 ﬁnem;
2837 2586 2889 2639 in
2919 2585 3220 2652 altitudine,
3251 2603 3397 2657 spem
3423 2588 3591 2643 caele-

2014 2678 2176 2732 stium
2204 2677 2581 2747 praemiorum;
2610 2678 2663 2733 in
2686 2678 2969 2748 profundo,
2997 2680 3360 2736 inscrutahilia
3380 2679 3585 2749 judicia

2014 2770 2128 2826 Dei.
2154 2768 2305 2827 Unde
2318 2771 2419 2825 ista
2431 2771 2602 2841 gratia
2617 2771 2670 2825 in
2684 2771 2929 2827 homines
2939 2774 3104 2836 venit,
3119 2784 3174 2829 et
3185 2774 3302 2829 haec
3317 2775 3415 2829 ista
3429 2789 3588 2844 coap-

2015 2871 2197 2919 tantur
2222 2871 2563 2919 sacramento
2586 2864 2786 2928 crucis,
2815 2872 2872 2918 ut
2894 2865 2947 2920 in
2983 2864 3265 2921 latitudine
3286 2866 3588 2935 accipiatur

2015 2963 2382 3011 transversum
2410 2954 2609 3026 lignum
2629 2970 2738 3025 quo
2758 2956 3117 3011 extenduntur
3137 2972 3351 3021 manus,
3363 2965 3588 3027 propter

2012 3060 2233 3115 operum
2256 3038 2735 3117 signiﬁcationem}
2760 3046 2812 3101 in
2838 3046 3167 3118 longitudine
3186 3049 3253 3103 ab
3277 3048 3393 3118 ipso
3413 3063 3585 3118 usque

2013 3135 2064 3187 in
2094 3143 2314 3199 terram,
2345 3135 2435 3189 ubi
2481 3144 2652 3190 totum
2693 3150 2887 3206 corpus
2916 3136 3231 3193 cruciﬁxum
3257 3146 3402 3192 stare
3430 3137 3586 3192 vide-

2011 3233 2130 3290 tur;
2160 3224 2302 3294 quod
2330 3225 2595 3297 signiﬁcat
2622 3228 2929 3296 persistere,
2954 3230 3058 3284 hoc
3076 3236 3179 3295 est,
3206 3229 3586 3301 longanimiter

2012 3329 2358 3384 permanere;
2390 3316 2443 3369 in
2473 3315 2756 3372 altitudine
2776 3358 2790 3379 .
2845 3319 2912 3373 ab
2943 3319 3059 3387 ipso
3088 3328 3396 3375 transverso
3435 3318 3583 3390 ligno

2012 3419 2223 3458 sursum
2253 3420 2444 3460 versus
2471 3406 2610 3476 quod
2638 3407 2705 3461 ad
2734 3416 2897 3477 caput
2920 3410 3138 3472 eminet,
3185 3418 3403 3480 propter
3423 3424 3582 3480 spec-

2013 3494 2270 3549 tationem
2300 3510 2655 3567 supernorum
2676 3539 2690 3561 ,
2738 3513 2805 3553 ne
2826 3498 2917 3553 illa
2958 3515 3122 3570 Opera
3165 3501 3304 3555 horta
3335 3502 3580 3571 atquein

2011 3582 2091 3636 eis
2117 3585 2519 3651 perseverantia
2564 3596 2784 3657 propter
2804 3588 3064 3643 beneﬁcia
3097 3590 3222 3652 Dei,
3254 3599 3465 3646 terrena
3513 3606 3578 3645 ac

2011 3672 2323 3741 temporalia
2372 3674 2614 3730 facienda
2660 3680 2969 3745 credantur,
3001 3680 3099 3735 sed
3142 3682 3319 3750 potius
3359 3692 3577 3753 propter

2013 3760 2163 3830 illud,
2206 3763 2351 3833 quod
2394 3763 2623 3835 desuper
2652 3768 3036 3837 sempiternum
3083 3778 3264 3841 sperat
3301 3772 3431 3829 ﬁdes
3459 3788 3581 3843 qua

2009 3871 2107 3925 per
2148 3855 2488 3913 dilectionem
2533 3869 2818 3929 Operatur;
2867 3861 2918 3915 in
2941 3862 3206 3932 profundo
3248 3873 3418 3919 autem
3448 3880 3581 3934 pars

2010 3947 2098 4003 illa
2122 3947 2251 4019 ligni
2281 3964 2400 4019 quae
2440 3949 2493 4004 in
2524 3958 2681 4005 terra:
2708 3950 2887 4006 abdita
2919 3953 3090 4009 deﬁxa
3136 3954 3295 4018 latet,
3328 3954 3417 4011 sed
3450 3956 3580 4012 inde

2011 4040 2288 4112 consurgit
2319 4041 2446 4096 illud
2471 4058 2632 4098 omne
2658 4044 2801 4113 quod
2828 4045 3067 4111 eminet,
3113 4047 3256 4101 sicut
3276 4062 3343 4102 ex
3370 4046 3580 4103 occulta

2011 4129 2105 4184 Dei
2122 4129 2393 4185 voluntate
2413 4142 2637 4189 vocatur
2658 4132 2818 4187 homo
2841 4133 2905 4187 ad
2926 4134 3393 4205 participationem
3419 4144 3583 4193 tanta:

2011 4222 2226 4290 gratiae,
2252 4222 2389 4277 alius
2432 4223 2538 4286 sic,
2566 4223 2702 4278 alius
2733 4232 2912 4279 autem
2938 4225 3036 4280 sic.
3078 4225 3577 4296 Supereminenlem

2012 4327 2142 4367 vero
2164 4313 2401 4366 scientiae
2424 4313 2745 4369 charitatem
2780 4313 3015 4380 Christi,
3041 4331 3159 4370 eam
3202 4316 3445 4386 profecto
3485 4317 3578 4370 ubi

2012 4416 2115 4472 pax
2147 4401 2231 4455 illa
2269 4411 2351 4458 est
2379 4418 2497 4472 quae
2525 4404 2780 4471 praecellit
2809 4420 3023 4473 omnem
3051 4406 3401 4462 intellectum.

2083 4490 2151 4545 Et
2180 4492 2431 4546 dederunt
2457 4494 2504 4547 ei
2545 4494 2716 4549 vinum
2738 4495 2906 4549 bibere
2933 4513 3050 4549 cum
3079 4496 3199 4566 felle
3224 4499 3462 4553 mixtum.
3510 4496 3578 4551 Et

2013 4600 2129 4637 cum
2154 4594 2431 4654 gustasset,
2482 4586 2647 4640 noluit
2677 4587 2865 4641 bibere.
2900 4588 3043 4642 Deus
3074 4589 3315 4658 loquitur
3338 4590 3405 4644 ad
3450 4589 3579 4643 Hie-

2012 4674 2242 4730 rusalem
2275 4694 2286 4729 :
2338 4674 2449 4747 Ego
2475 4689 2522 4732 te
2540 4677 2771 4748 plantari
2792 4681 2991 4735 vineam
3022 4697 3190 4734 meam
3218 4698 3411 4747 rerum,
3443 4699 3578 4748 quo-

2011 4765 2165 4819 modo
2194 4765 2334 4835 facta
2360 4784 2413 4821 es
2442 4768 2495 4821 in
2536 4770 2933 4824 amaritudinem
2965 4772 3082 4825 vitis
3110 4771 3297 4828 aliena:
3319 4772 3450 4842 (Isa.
3482 4773 3581 4843 v)?

2010 4854 2207 4910 Amara
2262 4857 2383 4913 vitis
2429 4873 2674 4913 amarum
2725 4859 2906 4914 vinum
2968 4858 3134 4927 fecit,
3180 4877 3288 4931 quo
3332 4864 3581 4933 propinat

2008 4944 2236 5001 Domino
2290 4945 2414 5002 Jesn
2441 4987 2455 5010 ,
2512 4956 2572 5002 ut
2608 4948 2893 5018 impleatur
2939 4951 3083 5021 quod
3128 4953 3389 5023 scriptum
3427 4961 3511 5008 est
3559 4969 3574 5004 :

2008 5030 2272 5086 Dederunt
2297 5034 2351 5087 in
2379 5033 2549 5088 cibum
2576 5052 2746 5090 meum
2769 5035 2860 5106 fel,
2885 5046 2934 5091 et
2957 5037 3011 5092 in
3033 5039 3119 5093 siti
3141 5056 3255 5097 mea
3275 5050 3579 5110 potuerunt

2008 5140 2091 5178 me
2129 5133 2273 5203 aceto
2309 5122 2473 5196 (Psal.
2507 5124 2719 5199 vant).
2775 5126 2928 5194 Quod
2958 5137 3138 5186 autem
3170 5130 3369 5186 dicitur
3401 5149 3415 5184 :
3446 5128 3580 5185 Cum

2008 5222 2286 5284 gustasset,
2312 5212 2476 5267 noluit
2513 5214 2703 5281 bibere,
2742 5216 2843 5271 hoc
2877 5218 3078 5274 indicat
3110 5222 3251 5288 quod
3286 5223 3585 5292 gustaverit

2009 5304 2224 5374 quidem
2260 5321 2359 5375 pro
2394 5305 2548 5359 nobis
2595 5306 2785 5361 mortis
2809 5309 3248 5373 amaritudinem,
3283 5312 3379 5366 sed
3417 5312 3583 5366 tertia

2007 5391 2093 5447 die
2125 5393 2495 5447 resurrexerit.
2521 5392 2704 5467 (Aug)
2729 5395 2880 5463 Quod
2905 5398 3049 5452 enim
3073 5398 3148 5452 ait
3169 5398 3381 5453 Marcus
3418 5416 3432 5453 :
3459 5400 3583 5454 Non

2006 5481 2222 5551 accepit,
2260 5481 2577 5552 intelligitur
2605 5498 2712 5537 non
2743 5484 2950 5554 accepit
2979 5494 3039 5540 ut
3068 5486 3299 5545 biberet.
3335 5486 3583 5542 Gustavit

2007 5580 2187 5625 autem
2239 5571 2378 5626 sicut
2432 5571 2716 5630 Matthatus
2765 5577 2920 5632 testls
2970 5585 3093 5641 est,
3147 5588 3203 5634 ut
3250 5579 3396 5649 quod
3439 5580 3581 5635 idem

2010 5658 2293 5717 Matthaeus
2321 5662 2397 5716 ait
2443 5680 2454 5715 :
2500 5663 2681 5719 Noluit
2715 5664 2913 5734 bibere,
2955 5667 3059 5723 hoc
3093 5668 3306 5725 Marcus
3350 5670 3578 5725 dixerit.
