3998 6188
400 335 533 392 1137

1334 329 1685 387 COMMEN'I‘.
1723 329 1788 384 lN
1830 327 2255 385 MATTHASUM.
2298 359 2366 369 —
2403 329 2528 384 LIB.
2569 328 2696 383 Vlll.

3505 329 3633 385 1133

401 442 520 498 Non
548 443 770 511 accepit,
803 441 1032 496 tacuerit
1051 448 1231 495 autem
1258 442 1399 510 quod
1429 443 1744 509 gustaverit.
1774 440 1879 496 Sed
1908 450 1964 496 et
1989 443 2036 502 Α
2066 451 2259 496 nerunt
2284 484 2298 508 ,
2348 443 2452 497 nisi
2479 443 2618 511 quod
2668 457 2758 496 rex
2800 441 3101 496 Judaeorum
3133 453 3294 498 esset.
3341 445 3489 500 Unde
3527 460 3632 501 non

396 534 500 588 hoc
535 533 678 602 quod
718 529 928 584 Marcus
965 530 1042 584 ait
1069 531 1396 600 myrrhatum
1425 533 1628 595 vinum,
1660 532 1962 601 intelligen-

398 623 522 676 dum
549 630 634 676 est
674 619 978 673 Matthaeum
1025 619 1227 674 dixisse
1273 636 1390 672 cum
1434 619 1553 688 felle
1600 622 1839 674 mixtum.
1873 621 1965 676 Fel

395 713 591 782 quippe
618 727 714 781 pro
743 710 1102 765 amaritudine
1122 711 1334 780 posuit,
1361 719 1416 764 et
1460 713 1793 780 myrrbatum
1823 713 1966 767 enim

398 807 578 857 vinum
599 801 998 856 amarissimum
1020 809 1104 855 est
1133 820 1146 856 :
1171 816 1479 870 quanquam
1505 801 1618 856 ﬁeri
1643 802 1813 870 possit
1833 811 1892 856 ut
1914 811 1971 857 et

398 891 517 946 felle
541 901 596 945 et
629 891 848 962 myrrha
876 891 1060 945 vinum
1092 892 1490 946 amarissimum
1522 893 1826 948 redderent.

467 979 753 1053 Postquam
811 991 985 1036 autem
1041 983 1412 1052 cruci/iurant
1471 1000 1587 1037 eum
1618 1023 1633 1048 ,
1683 985 1970 1039 diviserunt

395 1075 693 1129 vestimenta
719 1074 833 1143 ejus
858 1084 1047 1128 sortem
1081 1075 1359 1128 mittentes.
1387 1073 1621 1131 Joannes
1651 1085 1828 1130 autem
1857 1077 1968 1130 dis-

396 1162 616 1217 tinctius
632 1163 732 1217 hoc
746 1161 978 1232 explicat
989 1162 1435 1232 quemadmodum
1450 1173 1658 1232 gestum
1672 1166 1759 1220 sit.
1782 1164 1970 1220 Milites

395 1271 538 1324 ergo,
564 1255 755 1323 inquit,
781 1272 902 1308 cum
921 1255 1300 1324 cruciﬁxissent
1325 1272 1464 1321 eum,
1497 1266 1802 1326 acceperunt
1819 1259 1974 1310 vesti-

395 1357 570 1400 menta
603 1347 716 1418 ejus
740 1358 787 1401 et
811 1348 1042 1418 fecerunt
1071 1358 1298 1420 quatuor
1321 1360 1492 1419 partes
1515 1350 1792 1421 unicuique
1819 1349 1973 1403 militi

393 1447 592 1505 partem
613 1448 660 1492 et
683 1439 932 1493 tunicam.
965 1439 1091 1493 Erat
1109 1451 1283 1494 autem
1304 1440 1482 1493 tunica
1506 1439 1852 1505 inconsntilis,
1877 1440 1970 1494 dc-

394 1542 553 1589 super
579 1537 820 1581 contexta
848 1545 941 1596 per
963 1538 1144 1582 totum.
1175 1528 1432 1583 Dixerunt
1461 1545 1582 1599 ergo
1609 1529 1680 1583 ad
1707 1531 1922 1583 invicem
1952 1547 1970 1583 :

400 1614 524 1669 Non
543 1616 844 1669 scindamus
866 1633 982 1670 eam
1006 1617 1098 1671 sed
1121 1619 1406 1672 sortiamur
1426 1618 1489 1670 de
1511 1617 1604 1671 illa
1627 1618 1778 1688 cujus
1802 1618 1890 1683 sit,
1917 1627 1972 1671 ut

396 1704 667 1776 Scriptura
696 1708 996 1778 impleretur
1017 1708 1226 1772 dicens,
1281 1707 1472 1762 Partiti
1507 1718 1626 1762 sunt
1676 1709 1972 1762 vestimenta
2007 1755 2011 1778 ,

2071 531 2167 599 ipsi
2197 531 2434 600 quidem,
2462 533 2554 585 sed
2575 531 2778 584 Pilatus
2801 531 2939 584 hanc
2959 531 3304 600 scriptionem
3332 531 3473 597 fecit;
3494 534 3639 588 sicut.

2067 629 2120 673 et
2144 618 2378 674 Joannes
2405 620 2719 674 manifestus
2752 628 2936 673 narrat
2965 620 3150 675 dicens
3179 638 3192 674 :
3223 618 3442 690 Scripsit
3463 632 3638 677 autem

2068 722 2114 765 et
2141 713 2350 766 titulum
2375 709 2600 775 Pilatus,
2625 721 2673 764 et
2693 713 2861 782 posuit
2885 729 3040 781 super
3059 729 3282 766 crucem.
3310 713 3439 766 Erat
3465 725 3634 767 autem

2068 804 2317 872 scriptum
2358 815 2376 852 :
2421 799 2576 854 Iesus
2610 801 2944 865 Nazarenus,
2992 818 3084 854 rex
3113 801 3440 855 Juda'orum.
3485 802 3638 855 Hunc

2069 895 2279 949 titulum
2328 893 2478 948 multi
2510 893 2743 964 legerunt
2767 893 3101 957 ludworum,
3127 895 3248 964 quia
3275 910 3430 964 prope
3455 895 3639 948 civita-

2069 995 2170 1040 tem
2201 993 2311 1038 erat
2337 983 2480 1037 locus
2507 985 2595 1037 ubi
2636 984 2917 1052 cruciﬁxus
2960 994 3034 1038 est
3056 983 3230 1037 Iesus.
3262 983 3328 1036 Et
3370 997 3480 1036 erat
3515 984 3643 1035 scri-

2069 1085 2212 1144 ptum
2243 1073 2514 1136 Hebraice,
2535 1071 2712 1128 erce
2735 1086 2781 1128 et
2808 1075 3009 1128 Latine.
3040 1073 3288 1128 Dicebant
3321 1090 3440 1142 ergo
3465 1071 3642 1125 Pilato

2069 1165 2339 1237 pontifices
2365 1163 2673 1219 Juda'orum
2704 1181 2722 1218 :
2753 1165 2878 1219 Noli
2909 1164 3147 1225 scribere,
3179 1180 3271 1218 rea:
3293 1163 3601 1218 Judmorum
3623 1205 3637 1226 ,

2070 1254 2330 1324 sed,‘quia
2376 1256 2483 1324 ipse
2507 1254 2639 1307 dixit
2673 1267 2691 1305 :
2720 1271 2812 1308 rea:
2835 1271 2951 1307 sum
2988 1253 3317 1307 Juda'orum.
3359 1252 3642 1322 Respondit

2073 1343 2329 1398 Pilatus:
2379 1343 2532 1408 Quod
2574 1345 2794 1414 scripsi,
2849 1345 3054 1412 scripsi.
3089 1342 3224 1397 Hinc
3252 1356 3380 1412 ergo
3422 1350 3644 1411 apparet

2071 1431 2284 1486 iudicas
2309 1433 2453 1487 hunc
2481 1432 2694 1486 titulum
2739 1448 2845 1487 non
2873 1431 3188 1496 confecisse,
3218 1432 3307 1500 qui
3336 1430 3516 1485 Jesum
3549 1446 3642 1486 ac-

2073 1523 2360 1587 cusabant,
2401 1529 2456 1576 et
2504 1521 2802 1576 invidentes
2831 1521 2992 1576 scribi
3045 1536 3224 1590 regem
3255 1521 3641 1590 prohibebant;

2073 1613 2166 1667 sed
2194 1612 2450 1676 Pilatum,
2498 1613 2588 1682 qui
2618 1612 2831 1684 gentilis
2860 1611 3036 1680 populi
3073 1612 3125 1665 in
3167 1611 3560 1680 conscriptione
3590 1618 3643 1664 et

2075 1703 2481 1757 conﬁrmatione
2496 1702 2634 1755 tituli
2651 1702 2824 1773 typice
2834 1699 3223 1755 confessionem
3241 1699 3638 1770 praeﬁgurabat.

397 1815 512 1852 utea
535 1798 656 1864 sibi,
687 1777 808 1852 et
834 1799 1133 1852 vestimenta
1162 1816 1276 1852 mea
1300 1800 1548 1853 miserunt
1570 1809 1760 1853 sortem
1787 1797 1968 1862 (Joan.
2075 1791 2256 1863 (BNL)
2301 1791 2530 1846 Pulchre
2567 1798 2745 1844 autem
2794 1788 2980 1842 titulus
3024 1789 3114 1857 qui
3157 1787 3429 1841 Christum
3462 1802 3641 1856 regem

397 1889 949 1960 xtx).Quadripartita
983 1901 1161 1944 autem
1186 1891 1346 1946 vestis
1374 1891 1584 1945 Domini
1605 1890 1970 1960 quadriparti-

399 1987 509 2032 tam
532 1980 646 2050 ejus
659 1981 906 2050 ﬁguravit
927 1981 1240 2044 Ecclesiam,
1257 1989 1368 2034 toto
1391 1980 1720 2048 scilicet,qui
1740 1989 1971 2049 quatuor

397 2071 639 2139 partibus
659 2079 887 2134 constat,
916 2080 1184 2126 terrarum
1205 2071 1335 2125 orbe
1359 2070 1626 2134 dill'nsam,
1649 2079 1702 2125 et
1725 2071 1972 2126 omnibus

398 2164 598 2219 eisdem
631 2165 872 2234 partibus
899 2166 1194 2234 aequaliter,
1229 2166 1281 2220 id
1311 2173 1393 2219 est
1420 2167 1759 2220 concorditer
1788 2166 1972 2219 distri-

397 2255 602 2310 butam.
621 2256 963 2312 Tunicavero
987 2258 1072 2312 illa
1089 2259 1278 2312 sortita
1304 2259 1540 2312 omnium
1559 2259 1793 2328 partium
1815 2259 1975 2328 signi-

399 2346 526 2400 ﬁcat
548 2348 831 2414 unitatem,
863 2363 981 2416 qua:
1010 2349 1290 2402 charitatis
1319 2348 1530 2401 vinculo
1563 2349 1888 2402 continetur.
1913 2347 1971 2401 Si

399 2437 541 2490 enim
566 2437 960 2504 charitasjuxta
978 2437 1313 2505 Apostolum,
1330 2446 1384 2490 et
1403 2437 1970 2507 supereminentiorcm

401 2529 564 2584 habet
590 2530 729 2583 viam
761 2537 814 2584 et
841 2530 1204 2598 supereminet
1246 2530 1485 2584 scientice
1515 2539 1570 2584 et
1605 2545 1766 2599 super
1793 2530 1971 2583 omnia

399 2628 665 2688 przecepta
695 2627 798 2684 est,
826 2619 1016 2672 merito
1041 2619 1208 2673 vestis
1232 2634 1336 2688 qua
1367 2617 1717 2689 signiﬁcatur,
1743 2619 1974 2688 desuper

399 2716 652 2762 contexta
684 2709 1014 2777 perhibetur.
1051 2707 1106 2761 lu
1137 2715 1282 2763 sorte
1305 2717 1482 2762 autem
1513 2709 1640 2777 quid
1672 2707 1772 2762 nisi
1801 2708 1972 2778 gratia

403 2797 495 2851 Dei
525 2801 896 2854 commendata
923 2809 1024 2854 est.
1058 2799 1148 2854 Sic
1175 2800 1370 2870 quippe
1411 2817 1514 2854 una
1541 2802 1608 2856 ad
1633 2815 1820 2855 omnes
1851 2815 1974 2870 per-

400 2889 566 2953 venit,
598 2905 719 2944 cum
747 2907 864 2948 sors
892 2894 1141 2950 omnibus
1169 2895 1389 2965 placuit,
1425 2897 1549 2965 quia
1578 2904 1632 2949 et
1658 2895 1752 2950 Dei
1797 2896 1972 2965 gratia

402 2976 456 3030 in
487 2978 692 3033 unitate
720 2982 785 3034 ad
816 2996 1002 3038 omnes
1027 2984 1287 3052 pervenit.
1320 2984 1528 3039 Etcum
1561 3000 1679 3039 sors
1718 2985 1969 3050 mittitur,

403 3086 508 3124 non
555 3087 797 3140 personze
836 3074 1093 3146 cujusque
1142 3076 1223 3131 vel
1262 3077 1488 3142 meritis,
1527 3078 1618 3132 sed
1644 3077 1852 3132 occulto
1879 3076 1970 3132 Dei

2023 1890 2027 1894 '
2076 1887 2330 1940 te-to-tur,
2364 1894 2468 1932 non
2500 1877 2657 1940 infra,
2682 1877 2776 1931 sed
2805 1891 2967 1946 supra
3009 1889 3221 1929 crucem
3252 1875 3487 1944 partitur,
3517 1877 3644 1945 quia

2075 1972 2198 2026 licet
2241 1973 2292 2024 in
2322 1984 2481 2024 cruce
2502 1983 2600 2037 pro
2625 1967 2778 2022 nobis
2814 1966 3046 2021 hominis
3074 1965 3385 2019 inlirmitate
3410 1965 3643 2031 dolebat,

2075 2079 2236 2134 super
2263 2075 2476 2116 crucem
2510 2068 2689 2113 tamen
2735 2056 2879 2127 regis
2907 2054 3189 2123 majestate
3237 2054 3488 2124 fulgebat.
3540 2053 3642 2121 Qui

2075 2165 2198 2222 apte
2218 2152 2380 2206 etiam
2402 2150 2526 2220 quia
2556 2164 2648 2202 rex
2684 2147 2841 2202 simul
2873 2155 2936 2200 et
2955 2146 3204 2200 sacerdos
3239 2153 3336 2207 cst,
3366 2160 3486 2199 cum
3530 2146 3645 2200 exi-

2076 2243 2239 2296 miam
2264 2239 2410 2295 Patri
2438 2255 2548 2295 suae
2576 2237 2753 2293 carnis
2775 2238 3004 2292 hostiam
3030 2236 3082 2289 in
3113 2237 3265 2290 altari
3288 2236 3462 2290 crucis
3487 2235 3646 2290 offer-

2078 2340 2178 2396 ret,
2225 2331 2364 2402 regis
2412 2344 2625 2401 quoque
2655 2343 2761 2399 qua
2806 2328 3063 2399 praeditus
3113 2335 3232 2380 erat
3270 2326 3421 2381 titulo
3467 2327 3644 2396 digni-

2078 2431 2242 2476 tatem
2269 2421 2572 2491 praetendit,
2618 2420 2914 2476 utvcunctis
2941 2418 3135 2489 legere,
3184 2419 3284 2472 hoc
3307 2429 3420 2482 est,
3459 2420 3648 2474 audire

2077 2520 2130 2565 et
2159 2513 2378 2567 credere
2404 2511 2703 2567 volentibus
2740 2508 3047 2565 innotescat
3065 2509 3187 2578 quia
3217 2525 3371 2562 suum
3397 2525 3491 2579 per
3519 2526 3612 2564 cru
3637 2541 3646 2550 -

2078 2619 2192 2658 cem
2246 2619 2352 2658 non
2402 2603 2730 2673 perdiderit,
2783 2603 2876 2658 sed
2930 2602 3330 2657 confirmaverit
3363 2604 3540 2672 potius
3595 2615 3649 2658 et

2077 2695 2510 2748 corroboraverit
2554 2693 2858 2764 imperium.
2910 2691 3059 2747 Unde
3090 2702 3146 2747 et
3193 2692 3479 2762 Apostolus
3525 2712 3646 2749 cum

2079 2783 2424 2853 ignominiam
2469 2783 2646 2838 crucis
2681 2782 3055 2853 descripsisset
3097 2784 3339 2854 adjunxit
3378 2803 3392 2839 :
3427 2783 3648 2855 Pmptcr

2076 2871 2215 2942 quod
2245 2870 2385 2925 Deus
2412 2871 2656 2925 exultauit
2683 2870 2854 2936 illum,
2877 2882 2925 2925 et
2959 2872 3168 2926 donavit
3195 2873 3271 2926 illi
3302 2891 3483 2927 nomen
3509 2876 3648 2939 quod

2077 2973 2150 3016 est
2169 2979 2321 3033 super
2344 2979 2493 3017 omne
2513 2963 2700 3017 bonum
2721 2962 2883 3035 (Phil.
2915 2971 2996 3034 ιι),
3030 2973 3312 3018 elcmtera.
3345 2964 3477 3020 Nam
3507 2967 3648 3034 quod

2079 3056 2181 3109 hoc
2207 3070 2398 3110 nomen
2420 3055 2697 3122 Hebraice,
2724 3053 2910 3112 Graece
2927 3065 2982 3110 et
3010 3055 3197 3110 Latine
3225 3057 3478 3126 scriptum
3509 3066 3648 3121 erat,

395 3162 600 3231 judicio
647 3143 978 3232 οοηρειιίιίη,
1006 3143 1062 3223 ξι
1093 3169 1239 3238 quia,
1287 3170 1425 3224 sicut
1461 3169 1748 3238 Apostolus
1795 3170 1925 3225 dicii
1955 3188 1970 3226 ε
2001 3143 2044 3204 C
2077 3147 2178 3238 hoc
2210 3155 2314 3211 est,
2345 3149 2488 3238 quod
2519 3147 2657 3202 idem
2688 3147 2974 3218 Apostolus
2999 3149 3318 3203 subsecutus
3363 3150 3600 3203 annectit
3632 3169 3643 3202 :

413 3255 570 3312 Vetus
610 3259 764 3313 homo
813 3271 985 3314 noster
1021 3262 1176 3316 simul
1217 3263 1502 3332 cruciﬁxus
1547 3272 1621 3317 est
1669 3264 1811 3318 cruci
1858 3280 1976 3317 cum

400 3349 492 3402 illo
525 3360 580 3403 ut
607 3362 886 3406 evacuetur
912 3371 1096 3424 corpus
1127 3356 1345 3424 peccati,
1394 3363 1450 3408 ut
1486 3354 1625 3409 ultra
1655 3373 1757 3410 non
1783 3356 1977 3410 servia-

400 3455 516 3492 mus
563 3439 740 3510 (Rom.
771 3441 848 3513 vr)
891 3445 1168 3512 :quandiu
1211 3445 1261 3499 id
1313 3453 1479 3515 agunt
1504 3459 1666 3514 opera
1710 3455 1894 3500 nostra
1919 3453 1978 3500 ut

400 3537 693 3582 evacuetur
735 3545 930 3600 corpus
982 3532 1218 3600 peccati,
1264 3531 1504 3600 quandiu
1551 3532 1788 3586 exterior
1815 3533 1976 3586 homo

400 3619 784 3687 corrumpitur,
817 3627 874 3673 ut
903 3620 1126 3674 interior
1153 3628 1437 3676 renovetur
1464 3621 1529 3674 de
1568 3621 1653 3674 die
1701 3621 1755 3674 in
1798 3621 1970 3685 diem,

400 3714 610 3774 tempus
639 3715 723 3762 est
755 3709 952 3762 crucis.
982 3709 1104 3763 llatc
1133 3720 1258 3762 sunt
1288 3710 1449 3763 etiam
1481 3710 1620 3762 bona
1661 3724 1823 3777 opera
1852 3710 1972 3777 qui-

399 3794 519 3848 dem
543 3803 718 3849 tamen
753 3797 928 3851 adhuc
950 3797 1239 3861 laboriosa,
1268 3813 1499 3866 quorum
1527 3811 1734 3851 merces
1761 3799 1976 3866 requies

399 3895 502 3940 est.
537 3887 642 3941 Sed
666 3887 785 3942 ideo
814 3887 1012 3940 dicitur
1038 3905 1126 3956 spe
1153 3888 1451 3957 gaudentes,
1481 3897 1538 3940 ut
1564 3888 1805 3957 requiem
1830 3889 1973 3944 lutu-

401 3989 669 4051 ramcum
716 3976 984 4030 hilaritate
1036 3977 1088 4030 in
1124 3976 1404 4032 laboribus
1429 3979 1791 4048 opperiamur.
1825 3981 1975 4034 llanc

400 4062 726 4118 hilaritatem
781 4065 1064 4136 signiﬁcat,
1114 4067 1256 4121 sicut
1295 4082 1455 4136 supra
1485 4069 1752 4134 diximus,
1796 4071 1975 4125 crucis

399 4153 626 4210 latitudo
653 4156 704 4211 in
735 4165 1040 4213 transverso
1063 4159 1228 4230 ligno,
1254 4161 1346 4215 ubi
1372 4159 1608 4231 ﬁguntur
1634 4177 1844 4216 manus.
1870 4162 1976 4218 Per

401 4259 592 4300 manus
617 4247 761 4302 enim
791 4263 955 4317 opera
999 4248 1364 4320 intelligimus,
1394 4265 1494 4319 per
1519 4249 1858 4306 latitudinem
1885 4252 1970 4306 hi-

400 4333 667 4389 laritatem
693 4337 988 4408 operantis,
1011 4338 1136 4406 quia
1154 4337 1370 4392 tristitia
1399 4335 1530 4392 facit
1553 4339 1843 4409 angustias.
1867 4339 1974 4394 Per

400 4423 736 4480 altitudinem
767 4436 947 4481 autem
973 4428 1058 4482 cui
1092 4435 1255 4497 caput
1286 4427 1609 4499 adjungitur,
1641 4430 1972 4498 exspectatio

2078 3237 2147 3291 Et
2199 3240 2364 3292 omnis
2405 3237 2584 3308 lingua
2620 3239 2930 3308 conﬁteatur
2954 3241 3076 3309 quia
3109 3238 3265 3292 Jesus
3313 3238 3546 3293 Christus
3595 3242 3649 3295 in

2076 3328 2243 3398 gloria
2269 3340 2341 3383 est
2373 3330 2473 3383 Dei
2516 3328 2716 3384 Patris.
2745 3330 2924 3401 (Aug.)
2957 3332 3224 3397 Quantum
3253 3345 3383 3385 vero
3407 3331 3472 3384 ad
3504 3331 3650 3384 litte-

2071 3433 2192 3472 ram
2230 3419 2310 3472 ba:
2337 3427 2447 3473 tres
2471 3419 2664 3488 lingua:
2689 3419 2758 3473 ibi
2786 3435 2894 3488 prze
2923 3421 3133 3474 czcteris
3162 3421 3499 3486 eminebant,
3538 3421 3643 3474 Hc-

2076 3508 2218 3564 hraca
2271 3522 2490 3580 propter
2547 3509 2754 3566 Judaeos
2806 3513 2858 3564 in
2908 3511 3024 3582 lege
3072 3513 3366 3583 gloriantes
3399 3553 3415 3578 ,
3464 3512 3650 3569 Grmca

2075 3610 2296 3669 propter
2321 3602 2557 3670 gentium
2585 3603 2875 3668 sapientes,
2901 3601 3088 3654 Latina
3118 3612 3335 3670 propter
3356 3602 3648 3666 Romanos,

2077 3691 2258 3743 multis
2287 3705 2349 3742 ac
2380 3705 2516 3756 pene
2572 3691 2820 3743 omnibus
2860 3689 2972 3756 jam
3021 3699 3147 3744 tunc
3182 3691 3430 3760 gentibus
3479 3693 3650 3762 impc-

2077 3786 2276 3830 rantcs.
2323 3775 2597 3846 (Vanam)
2643 3777 2821 3830 Yelint
2852 3777 3023 3831 nolint
3068 3792 3195 3848 ergo
3235 3776 3433 3843 Jndzci,
3483 3797 3645 3835 omne

2076 3866 2257 3921 mundi
2308 3882 2561 3937 regnum,
2610 3868 2786 3921 omnis
2838 3869 3103 3921 mundana
3158 3869 3437 3938 sapientia,
3468 3873 3648 3929 omnia

2075 3957 2269 4011 divina:
2314 3956 2445 4028 legis
2494 3968 2831 4011 sacramenta
2886 3967 3149 4012 testantur
3195 3960 3318 4029 quia
3360 3960 3515 4016 Jesus
3555 3980 3647 4020 rex

2072 4045 2376 4102 Judaeorum
2407 4054 2526 4112 est,
2573 4047 2675 4101 hoc
2718 4056 2834 4113 est,
2873 4047 3162 4116 imperator
3208 4050 3538 4106 credentium
3595 4063 3650 4108 et

2073 4138 2442 4192 conﬁtentium
2473 4137 2636 4192 Deus.

2146 4231 2291 4285 Tunc
2315 4231 2554 4300 cruciﬁxi
2591 4241 2710 4285 sunt
2737 4247 2854 4285 cum
2893 4246 2954 4285 eo
2993 4231 3098 4285 duo
3145 4232 3390 4296 latrones,
3413 4250 3566 4292 mnus
3618 4253 3650 4288 (ι

2072 4325 2293 4389 dextris,
2319 4333 2367 4377 et
2391 4339 2526 4377 unus
2548 4341 2580 4377 a
2600 4324 2845 4378 sinistris.
2871 4323 3132 4379 Latrones
3154 4325 3242 4394 qui
3273 4341 3394 4379 cum
3424 4327 3650 4382 Domino

2075 4425 2200 4471 sunt
2228 4417 2354 4471 hinc
2379 4416 2503 4470 inde
2531 4414 2773 4470 cruciﬁxi
2819 4415 3124 4485 signiﬁcant
3166 4400 3259 4470 eos
3298 4418 3389 4485 qui
3419 4418 3517 4470 sub
3548 4416 3651 4471 ﬁde

399 4515 772 4570 retributionis
798 4517 863 4572 de
886 4516 1098 4572 sublimi
1118 4479 1327 4585 jdstitia
1350 4479 1485 4582 ‘Deio,
1517 4479 1609 4586 qui
1637 4479 1826 4572 reddet
1851 4518 1972 4572 uni-
1997 4479 2050 4538 D
2073 4515 2129 4562 ει
2155 4507 2491 4562 confessione
2513 4505 2734 4572 Christi,
2760 4506 2842 4560 vel
2865 4520 3094 4576 agonem
3113 4507 3372 4578 martyrii,
3399 4507 3480 4560 vel
3493 4522 3647 4577 quic-

397 4604 593 4673 cuique
620 4607 914 4662 secundum
936 4623 1098 4677 opera
1130 4623 1247 4664 sua.
1279 4607 1374 4662 His
1401 4609 1614 4678 quidem
1658 4610 1748 4679 qui
1781 4626 1972 4665 secun-

399 4696 524 4750 dum
558 4698 896 4754 tolerantiam
920 4699 1044 4754 boni
1075 4700 1252 4771 operis
1285 4699 1539 4770 gloriam,
1589 4709 1643 4755 et
1693 4701 1972 4768 honorem,

397 4793 452 4839 et
477 4787 933 4857 incorruptionem
973 4790 1336 4860 quaerentibus
1373 4790 1536 4844 vitam
1566 4799 1841 4846 aeternam.
1867 4791 1974 4845 lta-

397 4891 502 4944 que
535 4878 698 4931 etiam
743 4879 1023 4949 longitudo
1055 4896 1161 4950 qua
1210 4888 1378 4935 totum
1423 4896 1618 4954 corpus
1646 4883 1974 4948 extenditur,

399 4964 567 5032 ipsam
593 4967 930 5022 tolerantiam
958 4969 1241 5040 signiﬁcat.
1267 4968 1418 5024 Unde
1437 4969 1768 5040 longanimes
1788 4971 1976 5025 dicun-

401 5061 488 5106 tur
513 5055 602 5122 qni
638 5056 886 5111 tolerant.
925 5058 1256 5113 Profundum
1285 5069 1463 5112 autem
1494 5060 1636 5129 quod
1685 5069 1842 5115 terra:
1894 5061 1975 5115 in-

401 5143 563 5200 ﬁxum
594 5157 676 5201 est
700 5158 968 5204 secretum
997 5150 1319 5205 sacramenti
1346 5150 1676 5221 prmﬁgurat.

469 5235 539 5289 Et
578 5239 809 5294 sedentes
839 5240 1112 5294 servabant
1152 5257 1290 5294 eum.
1320 5239 1603 5310 Diligentia
1646 5239 1874 5294 militum
1919 5249 1973 5295 et

400 5328 736 5384 sacerdotum
764 5331 918 5386 nobis
949 5331 1189 5400 proficit,
1239 5339 1297 5384 ut
1325 5329 1498 5398 major
1523 5339 1578 5384 et
1622 5331 1857 5398 apertior
1888 5345 1966 5384 re-

399 5418 668 5489 surgentis
692 5420 864 5475 virtus
889 5430 1162 5491 appareat.

471 5509 539 5564 Et
593 5511 945 5582 imposuerunt
989 5531 1145 5585 super
1183 5523 1338 5584 caput
1386 5514 1502 5583 ejus
1542 5528 1756 5583 causam
1808 5509 1971 5580 ipsius

401 5600 646 5670 scriptam
667 5618 688 5658 .'
712 5602 813 5662 Hic
837 5613 911 5658 est
934 5603 1088 5658 Iesus
1116 5621 1206 5659 rea:
1229 5605 1558 5659 Judaror-um.
1593 5601 1818 5674 (Μωιι.)
1846 5601 1974 5655 Nul-

405 5691 512 5746 lam
537 5694 694 5750 aliam
724 5711 941 5752 causam
965 5695 1132 5753 Judaei
1163 5693 1550 5753 interfectionis
1580 5691 1779 5750 Christi
1820 5693 1969 5749 inve-

2075 4599 2207 4654 libel
2248 4598 2592 4654 continentia:
2641 4597 2890 4652 arctioris
2945 4597 3186 4650 instituta
3241 4599 3491 4652 subeunt.
3545 4598 3649 4653 Sed

2075 4692 2380 4762 quicunque
2409 4691 2524 4745 huic
2545 4705 2644 4760 pro
2682 4699 2880 4744 aeterna
2909 4689 3081 4744 solum
3123 4689 3434 4760 caelestique
3481 4692 3648 4760 gloria

2076 4791 2300 4850 gerunt,
2351 4781 2404 4834 hi
2437 4780 2676 4849 profecto
2721 4779 2897 4835 dextri
2942 4779 3168 4834 latronis
3213 4781 3404 4836 merito
3443 4796 3506 4836 ac
3549 4783 3652 4836 ﬁde

2079 4874 2445 4943 designantur.
2471 4872 2540 4926 At
2569 4872 2659 4940 qui
2687 4872 2800 4926 sive
2832 4872 3080 4926 humanae
3120 4871 3323 4936 laudis,
3354 4888 3446 4926 seu
3474 4874 3650 4945 quali-

2076 4963 2166 5018 bet
2187 4963 2366 5016 minus
2393 4962 2550 5030 digna
2571 4961 2868 5016 intentione
2891 4962 3092 5017 mundo
3113 4962 3517 5027 abrenuntiant,
3543 4979 3648 5016 non

2074 5055 2344 5110 immerito
2381 5054 2831 5123 blasphematoris
2880 5068 2944 5107 ac
2983 5054 3188 5108 sinistri
3221 5051 3448 5107 latronis
3496 5069 3649 5109 men-

1996 5143 2010 5151 ’
2074 5155 2180 5200 tem
2212 5146 2492 5200 imitantur
2519 5152 2572 5199 et
2596 5153 2766 5200 actus.
2793 5145 2870 5199 De
2895 5145 3140 5214 qualibus
3167 5144 3296 5198 dicit
3322 5144 3610 5213 Apostolus
3637 5166 3648 5200 :

2073 5239 2132 5295 Si
2157 5238 2419 5292 tradidero
2440 5253 2626 5306 corpus
2649 5254 2817 5296 meum
2845 5247 2898 5289 ut
2920 5236 3154 5300 ardeam,
3180 5236 3226 5288 si
3248 5235 3440 5289 dedero
3467 5254 3647 5291 omnes

2075 5329 2352 5401 facultates
2381 5346 2520 5382 meas
2541 5331 2594 5382 in
2622 5331 2762 5384 cibos
2786 5345 3094 5399 pauperum,
3141 5329 3186 5382 si
3233 5329 3336 5382 alia
3373 5331 3524 5399 plura
3560 5341 3652 5386 aut

2073 5419 2290 5490 pietatis
2311 5433 2473 5488 opera
2496 5417 2700 5483 facere,
2730 5426 2821 5476 aut
2837 5403 2979 5477 dona
2996 5418 3183 5487 gratiae
3210 5419 3465 5488 spiritalis
3495 5436 3644 5478 acce-

2073 5511 2217 5580 pisse
2239 5510 2442 5574 videar,
2463 5511 2766 5567 charitatem
2790 5519 2959 5562 autem
2979 5525 3080 5562 non
3102 5509 3340 5572 habeam,
3365 5509 3492 5572 nillil
3519 5515 3646 5568 mihi

2073 5602 2281 5672 prodest
2312 5601 2364 5673 (Ι
2394 5599 2516 5658 Cor.
2568 5601 2706 5671 xm).
2744 5601 2892 5654 Beati
2953 5608 3131 5654 autem
3162 5600 3255 5670 qui
3285 5617 3380 5655 sua
3425 5614 3645 5678 propter

2076 5691 2358 5748 Duritinum
2391 5699 2483 5747 aut
2506 5700 2725 5763 propter
2747 5689 3093 5760 Evangelium
3125 5689 3452 5764 relinquunt.
3475 5680 3647 5754 ’θροις
