3998 6188
275 258 295 275 ⁵
370 266 505 322 M59

1045 261 1103 316 Β.
1140 260 1392 316 RABANI
1428 258 1643 315 MAURI
1676 259 1994 318 ARCHIEP.
2035 262 2339 320 MOGUNT.
2367 262 2648 321 OPERUM
2686 264 2864 321 PARS
2896 266 2939 320 1.

3462 263 3597 319 ιιω

366 381 455 451 qui
466 380 876 450 persecutionem
890 378 1161 448 patiuntur
1176 386 1381 446 propter
1382 375 1669 444 justitiam.
1683 375 1928 444 quoniam
1957 377 2005 436 Α
2033 375 2327 447 stringere,
2351 391 2511 444 quem
2532 375 2655 431 coeli
2686 383 2780 430 aut
2801 373 2922 431 caeli
2946 374 3207 433 etelorum
3230 387 3336 427 non
3378 383 3599 444 possunt

368 472 597 541 ipsorum
624 478 698 523 est
727 483 943 539 regnum
968 466 1233 521 caelorum.

440 558 819 614 Prwtereuntes
844 566 1018 611 autem
1046 557 1468 627 blasphemabaut
1489 573 1605 612 eum
1628 596 1642 618 ,
1676 565 1933 610 moventes

370 650 542 719 capita
587 665 684 703 sua
708 688 722 711 ,
750 656 801 702 et
830 647 1056 701 dicentes
1085 665 1103 701 :
1152 645 1258 701 Vah
1294 647 1385 717 qui
1430 646 1654 701 destruis
1687 644 1934 723 templum

373 739 490 802 Dei,
517 749 563 792 et
584 740 640 793 in
658 739 837 795 triduo
865 737 998 792 illud
1048 738 1332 806 rewdiﬁcas
1351 778 1364 802 ,
1395 738 1541 792 salva
1566 738 1891 806 temetipsum
1916 753 1933 799 ;

369 828 416 881 si
464 825 637 880 Filius
683 825 783 879 Dei
817 841 891 889 es,
921 824 1170 881 descende
1219 825 1283 879 de
1315 841 1485 878 cruce.
1526 823 1752 895 (ΜΑυιι.)
1801 823 1936 889 Quia

372 912 947 984 prmtergrediebantur
975 914 1135 976 viam,
1167 913 1219 966 in
1252 927 1379 969 vero
1408 912 1600 967 itinere
1638 911 1939 980 Scriptura-

373 1019 493 1058 rum
519 1002 790 1057 ambulare
820 1003 1091 1057 nolebant.
1124 1001 1405 1057 Movebant
1432 1002 1608 1073 capita
1627 1040 1644 1067 ,
1673 1003 1799 1071 quia
1823 1002 1938 1071 jam

375 1101 500 1147 ante
526 1100 803 1148 moverant
834 1092 1029 1162 pedes,
1073 1102 1129 1149 et
1155 1108 1258 1147 non
1284 1094 1500 1147 stabant
1524 1108 1685 1160 super
1710 1100 1935 1162 petram.

378 1184 531 1240 Sicut
557 1185 700 1247 enim
728 1185 1100 1239 claudicabunt
1148 1199 1335 1254 gressu
1361 1199 1605 1253 operum,
1636 1184 1708 1237 ita
1735 1193 1787 1238 et
1819 1198 1936 1237 mu-

376 1270 568 1326 tabiles
610 1279 763 1325 erant
807 1277 1025 1334 mente,
1071 1277 1125 1323 et
1177 1268 1498 1323 vacillabant
1541 1283 1809 1322 sermone.
1865 1270 1939 1324 De

377 1360 572 1429 quibus
619 1359 881 1427 scriptum
906 1366 989 1412 est
1016 1358 1069 1412 in
1098 1357 1302 1427 psalmo
1330 1374 1343 1409 ε
1379 1355 1568 1411 Omnes
1593 1360 1682 1428 qui
1702 1358 1939 1412 videbant

377 1464 480 1515 me,
501 1449 915 1517 aspernabantur
933 1464 1033 1501 me.
1056 1446 1238 1500 Locuti
1257 1456 1375 1500 sunt
1401 1446 1572 1513 labiis,
1601 1457 1649 1501 et
1675 1458 1940 1503 moverunt

377 1548 551 1609 caput.
580 1538 891 1610 Speravitjn
920 1537 1161 1599 Domina,
1183 1536 1371 1606 eripiat
1397 1553 1533 1600 eum,
1556 1536 1754 1590 salvum
1779 1537 1939 1606 faciat

376 1644 494 1682 eum
517 1627 763 1698 quoniam
794 1624 896 1679 vult
930 1642 1048 1679 eum
1095 1622 1266 1694 (I’sat.
1313 1624 1449 1694 ιιι).
1494 1625 1725 1695 ldipsum
1777 1626 1941 1681 insul-

377 1728 497 1772 tans
526 1717 792 1773 incondita
823 1731 955 1771 voce
980 1715 1160 1770 fatuus
1184 1715 1429 1785 populus,
1461 1718 1602 1785 quod
1629 1717 1745 1771 falsi
1774 1726 1935 1777 testes
1964 1707 2009 1765 Β

377 1817 501 1864 ante
547 1808 601 1862 in
650 1808 809 1863 domo
850 1808 1109 1877 principis
1148 1809 1487 1863 sacerdotum
1534 1811 1937 1877 conﬁnxerunt,

379 1897 594 1966 quando
619 1896 802 1966 templi
826 1896 1243 1951 destructionem
1279 1905 1333 1951 et
1360 1899 1829 1955 remdiiicationem
1861 1902 1936 1956 illi

376 1987 688 2057 obiecerant
719 1987 808 2056 qui
855 1985 1138 2042 Dominum
1167 1987 1348 2057 templi
1394 2004 1500 2043 non
1539 1989 1937 2060 intelligebant,

377 2078 573 2133 Filium
598 2076 691 2132 Dei
722 2076 978 2132 tentando
1019 2076 1086 2131 de
1120 2092 1280 2132 cruce
1308 2078 1634 2134 descendere
1655 2079 1935 2148 jubebant,

376 2169 470 2239 qui
495 2184 597 2225 nec
615 2168 831 2227 Patrem
858 2169 1048 2235 Deum,
1080 2185 1179 2225 nec
1204 2170 1420 2236 Filium,
1470 2172 1735 2227 veraciter
1756 2174 1808 2227 in
1836 2174 1940 2229 ﬁde

378 2268 434 2316 et
474 2260 729 2331 religione
758 2260 1041 2316 habebant.
1076 2260 1259 2316 Omnis
1286 2262 1445 2328 enim,
1478 2270 1537 2317 ut
1577 2261 1810 2319 Joannes
1840 2265 1937 2330 ait,

377 2350 468 2420 qui
490 2360 640 2419 negat
667 2348 864 2405 Filium
893 2366 985 2405 nec
1006 2349 1219 2406 Patrem
1247 2351 1397 2407 habet
1446 2351 1500 2422 (1
1526 2352 1687 2407 Joau.
1721 2354 1803 2423 ιι).
1836 2354 1937 2422 Qui

376 2451 554 2498 autem
580 2442 867 2498 conﬁtetur
887 2441 1080 2498 Filium
1104 2450 1161 2496 et
1181 2442 1418 2508 Patrem,
1454 2442 1517 2498 Si
1541 2441 1715 2497 Filius
1746 2444 1838 2498 Dei
1863 2462 1937 2512 es,

376 2532 642 2603 inquiunt,
689 2532 939 2587 descende
987 2532 1052 2588 de
1078 2549 1247 2587 cruce.
1292 2530 1493 2604 (Greg.)
1533 2532 1591 2588 Si
1618 2535 1760 2589 enim
1815 2545 1941 2592 tunc

374 2623 442 2679 de
466 2605 627 2681 cruce
645 2621 1012 2686 descenderet,
1039 2623 1292 2677 nimirum
1319 2622 1699 2681 insultantibus
1717 2625 1937 2689 cedens,

374 2715 627 2769 virtutem
679 2714 835 2769 nobis
887 2713 1158 2784 patientiae
1205 2729 1312 2769 non
1364 2715 1775 2771 demonstraret.
1832 2715 1939 2771 Sed

375 2804 709 2874 exspectavit
733 2802 1027 2874 paululum,
1058 2803 1307 2859 toleravit
1329 2805 1634 2875 opprobria,
1661 2806 1940 2862 irrisiones

374 2893 647 2959 sustinuit,
669 2895 902 2949 servavit
921 2895 1254 2964 patientiam,
1277 2895 1482 2951 distulit
1502 2896 1933 2953 admirationem.

373 2985 440 3040 Et
462 2986 552 3057 qui
576 2987 641 3042 de
666 3002 826 3043 cruce
852 2987 1175 3043 descendere
1201 2987 1399 3052 noluit,
1429 2988 1497 3043 de
1525 2988 1768 3058 sepulcro
1816 3003 1935 3044 sur-

376 3048 533 3133 rexit.
564 3077 690 3132 Plus
732 3079 895 3149 igitur
933 3077 1036 3133 fuit
1064 3080 1130 3134 de
1157 3048 1404 3149 sepulcro
1433 3048 1733 3150 resurgere,
1773 3095 1937 3150 quam
1964 3048 2009 3110 Ο

374 3169 443 3223 de
475 3183 635 3224 cruce
662 3169 1007 3226 descendere.
1038 3169 1165 3225 Plus
1194 3169 1295 3224 fuit
1343 3179 1571 3226 mortem
1613 3172 1940 3242 resurgendo

372 3257 683 3323 destruere,
737 3272 901 3327 quam
933 3257 1098 3313 vitam
1138 3258 1509 3315 descendendo
1553 3275 1791 3317 servare.
1834 3260 1943 3329 Sed

373 3363 495 3402 cum
525 3346 692 3403 Judaei
716 3348 860 3404 hunc
883 3348 952 3403 ad
979 3349 1353 3405 insultationes
1395 3366 1522 3407 suas
1556 3353 1623 3408 de
1647 3368 1806 3409 cruce
1848 3355 1941 3409 de-

373 3437 633 3493 scendere
654 3438 870 3493 minime
891 3445 1334 3504 cernerent,cum
1354 3441 1669 3496 morientem
1682 3443 1937 3507 viderint,

374 3540 498 3581 cum
545 3541 607 3582 se
633 3526 827 3582 vicisse
855 3526 1242 3592 crediderunt,
1288 3541 1485 3582 nomen
1513 3528 1655 3584 illius
1683 3544 1743 3585 se
1785 3530 1938 3599 quasi

372 3616 697 3671 cxstiuxisse
725 3615 892 3687 gavisi
937 3624 1081 3672 sunt.
1132 3616 1238 3672 Sed
1261 3631 1389 3673 ecce
1430 3618 1496 3673 de
1541 3627 1713 3675 morte
1742 3636 1937 3677 nomen

369 3705 485 3775 ejus
511 3722 605 3776 per
633 3707 885 3761 mundum
904 3707 1093 3770 crevit,
1122 3723 1185 3761 ex
1218 3723 1323 3776 qua
1350 3708 1493 3764 hunc
1524 3708 1757 3765 inﬁdelis
1779 3710 1937 3765 turba

369 3799 696 3859 cxstiuxisse
722 3814 779 3854 se
813 3800 1056 3859 credidit.
1083 3800 1150 3854 Et
1194 3815 1314 3869 qua:
1363 3801 1629 3871 gaudebat
1673 3802 1934 3868 occisum,

370 3888 515 3953 dolet
539 3896 830 3952 mortuum,
853 3888 977 3958 quia
998 3889 1143 3943 hunc
1167 3888 1234 3942 ad
1254 3904 1406 3944 suam
1420 3889 1643 3959 gloriam
1659 3891 1937 3960 cognoscit

366 3980 679 4049 pervenisse
703 3993 797 4048 per
822 3993 1055 4048 pmnam.

440 4069 693 4125 Similiter
723 4079 772 4124 et
811 4071 1063 4141 principes
1120 4070 1448 4133 sacerdotum
1489 4069 1762 4135 illudentes
1809 4088 1929 4127 cum

367 4160 552 4214 scribis
595 4169 643 4214 et
667 4159 955 4217 senioribus
995 4159 1232 4217 dicebant
1266 4174 1284 4211 :
1311 4159 1443 4214 alios
1479 4159 1647 4216 salvos
1678 4160 1820 4229 fecit,
1850 4178 1933 4217 se-

366 4250 538 4319 ipsum
570 4267 671 4304 non
700 4257 861 4319 potest
887 4249 1085 4304 salvum
1105 4249 1294 4319 facere.
1328 4248 1603 4320 (Venant.)
1634 4250 1807 4309 Etiam
1837 4266 1935 4306 no-

2033 481 2248 536 capere.

2104 558 2343 626 Idipsum
2391 567 2565 610 autem
2588 565 2637 611 et
2662 555 2911 618 latrones,
2959 564 3007 607 et
3046 554 3135 623 qui
3174 553 3417 621 cruci/isi
3454 563 3597 608 erant

2035 667 2150 704 cum
2193 664 2253 701 eo
2289 647 2703 718 improperabant
2733 645 2802 699 ei.
2829 643 3011 715 (Aug.)
3051 644 3331 710 Quomodo
3359 644 3454 714 qui
3478 658 3598 699 enm

2033 754 2100 795 eo
2137 737 2381 794 cruciﬁxi
2419 744 2576 793 erant
2616 735 3055 806 improperabant
3072 733 3149 799 ei,
3169 733 3600 803 quandoquidem

2035 845 2179 884 unus.
2195 843 2382 884 eorum
2429 826 2826 897 improperabat
2846 826 3140 881 secundum
3161 825 3322 881 Lucae
3358 825 3603 880 testimo-

2036 920 2204 983 nium,
2231 919 2368 974 alter
2385 926 2443 973 et
2463 916 2795 988 compescuit
2815 930 2965 982 eum,
2993 925 3048 971 et
3073 915 3128 969 in
3154 916 3321 970 Deum
3346 915 3601 977 credidit,

2036 1009 2138 1062 nisi
2194 1007 2552 1077 intelligamus
2602 1004 2910 1061 Matthamm
2964 1013 3023 1061 et
3072 1005 3312 1060 Marcum
3365 1004 3602 1061 breviter

2034 1101 2461 1172 perstringentes
2491 1099 2594 1155 hoc
2620 1098 2739 1153 loco
2777 1096 3036 1167 pluralem
3060 1110 3346 1152 numerum
3368 1110 3470 1164 pro
3492 1096 3602 1150 siu-

2036 1194 2207 1264 gulari
2251 1192 2515 1262 posuisse,
2557 1190 2699 1246 sicut
2729 1190 2784 1245 in
2812 1187 3049 1258 Epidtola
3092 1187 3163 1240 ad
3196 1185 3449 1241 Hebraeos
3475 1183 3603 1255 legi-

2036 1296 2159 1339 mus
2210 1280 2492 1351 pluraliter
2546 1279 2747 1333 dictum
2798 1296 2811 1331 :
2861 1276 3174 1332 Clauserunt
3235 1292 3331 1329 ora
3392 1275 3599 1328 leonum

2038 1372 2197 1445 (Heb.
2230 1372 2332 1440 xl),
2358 1386 2480 1426 cum
2507 1370 2654 1424 solus
2692 1367 2882 1423 Daniel
2920 1366 3213 1437 signiﬁcari
3253 1364 3601 1434 intelligatur.

2039 1464 2107 1519 Et
2130 1461 2412 1532 pluraliter
2438 1460 2659 1523 dictum,
2689 1459 2814 1512 secti
2856 1466 3017 1520 sunt,
3039 1471 3162 1510 cum
3206 1455 3274 1510 de
3313 1453 3430 1509 solo
3466 1452 3601 1508 Isaia

2040 1554 2303 1608 tradatur.
2337 1551 2475 1617 Quid
2515 1558 2694 1604 autem
2738 1547 3006 1612 usitatius,
3032 1546 3182 1600 verbi
3218 1545 3409 1615 gratia,
3440 1558 3601 1613 quam

2040 1652 2099 1699 ut
2127 1644 2272 1699 dicat
2305 1642 2498 1711 aliquis
2524 1660 2536 1695 :
2560 1640 2629 1696 Et
2671 1639 2856 1695 rustici
2902 1638 3032 1692 mihi
3076 1635 3336 1691 insultant
3365 1635 3529 1689 etiam
3555 1635 3601 1688 si

2039 1748 2180 1788 unus
2232 1730 2469 1787 insultet.
2519 1728 2670 1783 Tunc
2708 1727 2852 1781 enim
2902 1733 3045 1781 esset
3088 1724 3417 1781 contrarium
3458 1723 3601 1792 quod

2038 1824 2211 1878 Lucas
2234 1822 2300 1876 de
2324 1835 2431 1874 uno
2469 1816 2855 1880 manifestavit,
2899 1817 2944 1871 si
2992 1815 3069 1870 illi
3114 1815 3379 1869 dixissent
3414 1814 3603 1868 ambos

2039 1912 2273 1967 latrones
2316 1909 2649 1965 conviciatos
2693 1905 2938 1967 Domino,
2970 1911 3148 1959 tamen
3178 1913 3360 1972 posset
3383 1901 3485 1957 sub
3504 1918 3603 1955 nu-

2039 2015 2189 2056 mero
2206 1998 2399 2069 plurali
2431 2012 2573 2052 unus
2602 1995 2850 2062 intelligi.
2887 1993 3022 2049 Cum
3043 2008 3172 2050 vero
3195 1993 3396 2046 dictum
3419 2001 3503 2046 est
3523 1992 3604 2045 la-

2040 2099 2239 2153 trones,
2274 2088 2361 2142 vel
2388 2087 2480 2157 qui
2513 2101 2635 2141 cum
2661 2100 2727 2139 eo
2754 2082 2993 2138 cruciﬁxi
3023 2090 3199 2145 erant,
3236 2096 3335 2136 nec
3360 2080 3602 2135 additum

2039 2188 2120 2235 est
2149 2179 2326 2242 ambo,
2356 2193 2462 2232 non
2500 2175 2672 2231 solum
2696 2175 2741 2229 si
2769 2174 2926 2228 ambo
2969 2172 3227 2239 iecissent
3274 2181 3452 2242 posset
3497 2173 3601 2227 hoc

2039 2268 2164 2334 dici,
2195 2267 2289 2322 sed
2318 2266 2481 2321 etiam
2523 2264 2651 2335 quia
2697 2277 2835 2317 unus
2863 2263 2965 2318 hoc
2991 2260 3139 2326 fecit,
3180 2262 3355 2330 potuit
3395 2261 3593 2315 usitato

2039 2358 2326 2416 locutionis
2363 2357 2524 2412 modo
2560 2371 2655 2426 per
2685 2354 2945 2426 pluralem
2974 2369 3258 2409 numerum
3289 2351 3598 2422 signiﬁcari.

2040 2448 2318 2522 (Venant.)
2347 2446 2499 2516 Quod
2521 2461 2649 2500 vero
2676 2445 2815 2500 Luca
2842 2452 3076 2501 testante
3100 2460 3239 2499 unus
3266 2444 3401 2499 latro
3426 2442 3603 2497 Domi-

2036 2556 2167 2596 num
2210 2540 2547 2610 blasphemat
2586 2540 2770 2594 dicens
2796 2558 2808 2591 :
2836 2538 2893 2594 Si
2922 2548 2978 2594 tu
3008 2554 3069 2595 es
3095 2538 3365 2604 Christus,
3393 2538 3602 2592 salvum

2038 2632 2126 2689 fac
2166 2632 2506 2699 temetipsum
2544 2638 2599 2684 et
2622 2645 2743 2693 nos,
2770 2628 2907 2683 alter
2931 2644 3059 2685 vero
3083 2639 3137 2684 et
3163 2628 3312 2683 illum
3343 2628 3498 2699 digna
3525 2628 3605 2682 ἱιιφ

2039 2724 2285 2781 vectione
2326 2721 2624 2790 redarguit,
2653 2728 2708 2775 et
2734 2720 3017 2774 Dominum
3041 2718 3184 2774 ﬁdeli
3215 2717 3605 2788 supplicatione

2037 2822 2294 2887 precatur
2316 2811 2503 2867 dicens
2527 2830 2539 2864 :
2568 2810 2811 2873 Domine,
2845 2818 3096 2864 memento
3129 2809 3231 2861 mei
3260 2825 3377 2862 cum
3407 2807 3604 2860 veneris

2038 2907 2093 2959 in
2120 2920 2333 2976 regnum
2357 2912 2507 2957 tuum
2532 2901 2683 2973 (Luc.
2709 2899 2889 2971 χχιιι),
2941 2906 3109 2967 usque
3145 2898 3303 2952 hodie
3338 2898 3454 2952 haec
3489 2897 3603 2967 geri

2041 2996 2097 3052 in
2123 2994 2363 3049 Ecclesia
2389 2991 2653 3055 videmus,
2684 3005 2804 3046 cum
2837 2990 3120 3045 mundanis
3156 2990 3281 3045 tacti
3309 2988 3606 3044 afﬂictioni-

2040 3084 2141 3139 bus
2179 3082 2384 3138 fuerint
2424 3081 2536 3136 veri
2579 3081 2736 3137 simul
2776 3089 2832 3134 et
2874 3079 2991 3135 falsi
3030 3080 3340 3135 Christiani.
3370 3079 3460 3133 Ille
3481 3079 3604 3149 qui—

2040 3174 2162 3231 dem
2186 3172 2279 3245 qui
2306 3172 2431 3226 ﬁcta
2461 3180 2639 3226 mente
2670 3169 2960 3224 Dominic'e
2984 3170 3246 3238 passionis
3270 3176 3605 3222 sacramenta

2040 3270 2275 3334 gestant,
2312 3261 2379 3316 ad
2412 3260 2695 3332 praesentis
2719 3260 2843 3313 vita:
2870 3258 3061 3329 gaudia
3087 3258 3307 3326 cupiunt
3330 3257 3545 3312 liberari
3568 3273 3598 3309 a

2039 3353 2303 3419 Domino,
2354 3361 2411 3407 at
2448 3353 2539 3424 qui
2579 3350 2807 3421 simplici
2853 3350 3145 3406 intentione
3184 3366 3305 3405 cum
3350 3347 3605 3419 Apostolo

2041 3458 2148 3500 non
2183 3444 2504 3515 gloriantur,
2535 3444 2636 3498 nisi
2668 3444 2719 3498 in
2748 3459 2908 3499 cruce
2934 3442 3145 3497 Domini
3176 3442 3370 3505 nostri,
3402 3442 3472 3495 ita
3501 3455 3603 3510 po-

2040 3533 2146 3588 tius
2171 3549 2202 3588 a
2229 3533 2587 3603 praesentibus
2612 3533 3079 3601 aerumnis'optant
3102 3532 3244 3594 erui,
3273 3538 3333 3583 ut
3354 3529 3599 3599 spiritum

2038 3636 2194 3677 suum
2235 3623 2290 3676 in
2332 3637 2524 3676 manus
2560 3622 2643 3676 sui
2681 3620 3057 3676 commendent
3091 3619 3348 3683 auctoris,
3387 3632 3599 3685 unaque

2036 3726 2160 3767 cum
2187 3711 2303 3783 ipso
2330 3711 2480 3781 regni
2520 3711 2752 3766 caelestis
2791 3710 3096 3766 desiderent
3137 3725 3258 3763 esse
3294 3709 3597 3779 participes.

2039 3802 2191 3857 Unde
2219 3803 2354 3856 bene
2399 3800 2507 3865 ille,
2549 3801 2642 3871 qui
2688 3799 2790 3855 ﬁde
2839 3800 3001 3854 dubia
3028 3799 3313 3854 Dominum
3341 3798 3599 3868 precaba-

2037 3900 2143 3958 tur,
2186 3891 2424 3946 funditus
2470 3897 2554 3945 est
2593 3896 2932 3958 contemptus
2957 3903 2988 3942 a
3016 3887 3263 3951 Domino,
3294 3902 3460 3955 neque
3485 3886 3599 3940 ulla

2036 3982 2386 4052 responsione
2426 3979 2620 4051 dignus
2664 3978 2897 4034 habitus.
2947 3977 3018 4032 At
3062 3993 3191 4032 vero
3229 3992 3416 4046 preces
3451 3976 3600 4033 illius

2034 4071 2127 4141 qui
2153 4074 2411 4125 aeternam
2440 4087 2471 4124 a
2498 4084 2556 4124 se
2583 4068 2810 4123 salutem
2838 4068 3135 4139 qumrehat,
3157 4067 3244 4136 pia
3270 4083 3394 4121 mox
3421 4066 3600 4120 Domi-

2035 4179 2136 4218 nus
2184 4160 2522 4217 exauditione
2551 4160 2825 4229 suscipere
2865 4158 3115 4227 dignatus
3151 4166 3255 4221 est,
3286 4158 3413 4227 quia
3440 4155 3599 4210 nimi-

2036 4268 2154 4307 rum
2189 4252 2494 4322 quicunque
2522 4249 2576 4304 in
2602 4249 3037 4305 tribulationibus
3063 4248 3244 4319 positi,
3282 4245 3597 4317 temporalia

369 4339 544 4395 lentes
591 4338 915 4394 conﬁtentur
962 4338 1155 4394 scriba:
1193 4347 1250 4393 et
1289 4337 1592 4411 pontiﬁces,
1622 4340 1767 4409 quod
1794 4339 1928 4395 alios
1952 4375 2006 4434 Β
2036 4350 2244 4397 tantum
2275 4358 2303 4396 a
2331 4340 2556 4401 Domino
2592 4336 2784 4394 solatia
2816 4339 3118 4409 requirunt,
3151 4352 3179 4393 a
3216 4335 3599 4407 temporalibus

368 4433 546 4487 salvos
573 4432 717 4487 fecit.
745 4432 929 4501 Itaque
966 4446 1061 4487 eos
1100 4431 1315 4501 propria
1347 4431 1673 4486 condemnat
1712 4439 1929 4487 senten-

364 4520 461 4574 tia.
489 4519 592 4586 Qui
612 4519 759 4574 enim
800 4520 934 4574 alios
972 4518 1149 4574 salvos
1175 4518 1320 4584 fecit,
1352 4519 1537 4591 utique
1567 4519 1612 4575 si
1642 4519 1804 4574 vellet
1842 4534 1927 4575 se-

365 4611 540 4677 ipsum
568 4608 777 4663 salvere
801 4617 1032 4678 poterat.

436 4701 494 4756 Si
517 4717 610 4756 rea:
637 4698 806 4756 Israel
834 4710 907 4756 est
946 4700 1221 4755 descendat
1236 4717 1380 4755 nunc
1400 4700 1464 4753 de
1484 4714 1655 4764 cruce,
1682 4709 1729 4752 et
1751 4699 1927 4754 crede-

364 4807 478 4845 mus
504 4791 575 4846 ei.
601 4788 829 4860 Conﬁdit
852 4791 906 4845 in
930 4789 1061 4843 Deo.
1093 4788 1274 4861 ([ὶΑιι.)
1305 4788 1666 4844 Fraudulenta
1695 4790 1926 4860 promis-

364 4879 465 4936 sio.
495 4879 636 4957 Quid
668 4886 752 4937 est
773 4879 892 4949 plus
920 4879 985 4934 de
1009 4893 1171 4937 cruce
1198 4878 1371 4935 adhuc
1399 4878 1669 4933 viventem
1699 4879 1924 4933 descen-

364 4970 509 5034 dere,
543 4986 609 5025 an
639 4970 704 5026 de
736 4968 981 5039 sepulcro
1014 4978 1283 5025 mortuum
1322 4969 1636 5038 resurgere?
1676 4968 1926 5023 Surrexit

359 5068 415 5115 et
443 5074 548 5114 non
578 5060 819 5121 creditis.
851 5059 991 5131 Ergo
1017 5060 1180 5117 etiam
1208 5059 1253 5113 si
1283 5059 1349 5115 de
1377 5073 1539 5115 cruce
1566 5057 1925 5123 descenderit,

362 5165 465 5205 non
496 5150 750 5206 credetis.

430 5239 631 5294 Liberet
663 5255 779 5294 eum
822 5256 958 5294 nunc
998 5240 1045 5293 si
1093 5238 1220 5293 vult.
1266 5238 1409 5293 Dixit
1455 5240 1593 5293 enim
1617 5252 1635 5290 :
1663 5236 1800 5303 Quia
1831 5236 1928 5291 Dei

365 5329 534 5385 Filius
574 5347 708 5388 sum.
742 5329 786 5388 0
807 5346 947 5389 accc
972 5340 1028 5387 et
1054 5332 1215 5388 stulte
1243 5346 1372 5403 grex
1398 5330 1761 5396 sacerdotum,
1793 5328 1927 5385 scri-

360 5430 549 5475 barum
587 5429 643 5476 et
677 5422 970 5477 seniorum.
1015 5419 1267 5492 Nunquid
1310 5419 1639 5491 impossibile
1668 5428 1753 5475 cst
1782 5420 1830 5474 ei
1859 5419 1926 5474 de

358 5525 526 5578 parvo
567 5512 696 5585 ligni
733 5513 912 5584 stipite
949 5512 1293 5577 descendere,
1324 5511 1415 5587 qui
1455 5511 1728 5565 descendit
1759 5527 1787 5565 a
1819 5526 1927 5565 cae-

362 5597 535 5654 lorum
564 5616 726 5668 arce;
761 5611 853 5657 aut
897 5603 1136 5675 nunquid
1184 5611 1270 5658 tua
1307 5601 1483 5659 vincla
1523 5600 1668 5656 illum
1705 5608 1926 5674 possmtt

2032 4451 2090 4492 se
2119 4436 2323 4506 pariter
2345 4442 2400 4490 et
2427 4433 2645 4488 aeternis
2672 4432 2880 4503 gaudiis
2903 4431 3136 4505 privant.
3169 4430 3272 4497 Qui
3301 4437 3479 4483 autem
3502 4443 3593 4480 ve-

2032 4529 2230 4583 raciter
2265 4529 2405 4582 bona
2440 4526 2630 4596 patriae
2655 4523 2891 4580 cmlestis
2921 4524 3216 4594 suspirant,
3244 4522 3310 4577 ad
3341 4523 3453 4577 haec
3474 4521 3598 4573 abs-

2031 4631 2135 4686 que
2171 4615 2276 4670 ulla
2328 4614 2604 4671 dubietate
2648 4613 2865 4669 Christo
2913 4614 3206 4669 miserante
3253 4611 3593 4682 perveniunt.

2028 4707 2213 4762 Potest
2240 4714 2295 4760 et
2324 4705 2379 4760 in
2408 4706 2614 4760 duobus
2652 4703 2950 4758 latronibus
2992 4713 3219 4771 uterque
3269 4700 3493 4771 populus
3539 4707 3600 4752 et

2031 4796 2270 4869 gentium
2302 4806 2356 4850 et
2386 4793 2691 4850 Judreorum
2722 4792 3033 4864 signiﬁcari,
3062 4793 3188 4862 quia
3220 4793 3454 4860 primum
3478 4790 3599 4858 qui-

2033 4887 2154 4941 dem
2226 4893 2452 4954 uterque
2511 4883 2738 4954 populus
2804 4882 3093 4936 Dominum
3170 4879 3594 4950 blasphemavit,

2032 4974 2246 5045 quando
2292 4974 2496 5045 pariter
2534 4970 2702 5027 Judaei
2726 4980 2779 5026 et
2802 4979 2987 5042 gentes
3033 4971 3087 5025 in
3128 4977 3356 5024 mortem
3386 4966 3596 5022 Domini

2032 5071 2441 5120 consenserunt.
2492 5061 2683 5116 Postea
2731 5075 2860 5114 vero
2905 5060 3182 5129 signorum
3229 5055 3599 5127 magnitudine

2032 5153 2170 5208 alter
2211 5152 2504 5207 exterritus
2544 5151 2655 5221 egit
2697 5149 3090 5220 pmnitentiam,
3130 5156 3187 5203 et
3228 5162 3400 5218 usque
3438 5144 3598 5199 hodie

2030 5243 2244 5299 Iudaeos
2288 5243 2526 5313 increpat
2567 5240 3023 5311 blasphemantes.

2103 5333 2217 5406 [V.]
2260 5332 2301 5384 A
2331 5342 2477 5387 sexta
2506 5340 2678 5384 autem
2708 5330 2837 5384 hora
2863 5330 3083 5384 teuebrm
3124 5330 3278 5399 {actm
3301 5337 3422 5382 sunt
3444 5342 3601 5396 super

2031 5425 2322 5483 universam
2345 5431 2553 5475 terram.
2582 5417 2850 5491 (Hieron.)
2899 5418 2999 5485 Qui
3044 5419 3373 5487 scripserunt
3411 5425 3601 5471 contra

2030 5511 2354 5585 Evangelia,
2402 5508 2747 5580 suspicantur
2788 5508 3011 5577 eclipsin
3052 5507 3204 5574 solis,
3257 5506 3398 5577 quod
3436 5505 3603 5559 certis

2031 5600 2353 5673 statutisque
2404 5597 2735 5669 temporibus
2787 5597 3032 5653 accidere
3081 5597 3256 5663 solet,
3308 5595 3600 5669 discipulos
