4002 6188
1311 255 1661 313 ΕΟΜΜΕΝΤ.
1703 256 1768 310 IN
1810 258 2242 318 MATTHEUM.
2282 292 2352 303 -—~
2386 263 2511 318 LIB.
2557 263 2676 320 Vill.

392 369 593 464 intristi
626 373 699 430 ob
736 373 1058 443 imperitiam
1085 388 1247 443 super
1270 374 1718 429 resurrectiunem
1743 374 1955 430 Domini
1982 381 2033 439 Α
2060 380 2293 435 cundum
2318 395 2472 435 suum
2498 379 2729 439 officium
2756 383 3117 451 praebucrtmt.
3140 385 3463 458 [intelligitur
3495 406 3623 464 ergo

398 455 791 529 i..terpretatos,
837 478 959 516 cum
991 461 1229 517 defectus
1257 464 1388 520 solis
1406 479 1681 533 nunquam
1704 465 1813 521 nisi
1832 473 1958 522 ortu

397 548 534 605 lunias
571 551 687 607 ﬁeri
725 553 911 607 soleat.
957 553 1094 608 Nulli
1143 564 1323 609 autem
1357 555 1574 629 dubium
1615 564 1698 612 est
1737 556 1953 613 Pascha

391 648 629 710 tempore
665 642 844 696 lunam
890 641 1058 698 fuisse
1099 644 1483 714 plenissimam.
1536 647 1603 701 Et
1636 646 1955 719 neforsitan

388 732 655 787 videretur
680 734 869 788 umbra
890 744 1071 799 ter-nn,
1098 736 1179 788 vel
1207 737 1355 791 orbis
1375 736 1463 792 vel
1494 736 1656 802 inme,
1689 738 1787 794 soli
1808 739 1952 793 obsi-

390 826 686 879 tusbreves
712 833 768 879 et
790 825 1127 896 ferrugineus
1148 826 1341 883 fecisse
1364 831 1641 894 tenebras,
1672 829 1836 884 trium
1862 831 1955 885 bo-

390 929 563 967 rarum
604 915 835 984 spatium
865 915 1101 984 ponitur,
1134 925 1193 970 ut
1216 917 1392 972 omnis
1420 919 1759 973 causantium
1797 933 1957 973 occa-

383 1001 462 1054 sio
485 1001 780 1056 tolleretur.
820 1003 893 1056 Et
926 1004 1030 1058 hoc
1074 1002 1272 1059 factum
1321 1020 1463 1070 reor,
1511 1015 1573 1061 ut
1614 1007 1951 1077 compleatur

381 1092 661 1160 prophetia
703 1092 924 1149 dicens:
953 1093 1206 1149 Occubuit
1253 1095 1331 1149 sol
1366 1097 1602 1162 meridie,
1631 1108 1679 1151 et
1709 1108 1952 1153 contene-

382 1178 615 1232 brabitur
647 1196 803 1250 super
839 1191 1030 1236 terram
1075 1184 1128 1237 in
1161 1183 1245 1237 die
1274 1182 1367 1238 ista:
1400 1184 1601 1255 (Amos.
1628 1186 1764 1254 vui).
1797 1187 1864 1240 Et
1889 1187 1945 1241 in

379 1269 484 1322 alio
512 1269 628 1324 loco
655 1273 908 1327 occubuit
937 1274 1015 1328 sol
1051 1288 1172 1328 cum
1214 1275 1393 1330 adhuc
1419 1275 1599 1333 media
1618 1284 1761 1331 esset
1784 1276 1947 1342 dies;

379 1360 697 1429 videturque
725 1363 856 1417 mihi
889 1363 1245 1423 clarissimum
1276 1365 1457 1420 lumen
1492 1368 1698 1430 mundi,
1734 1369 1838 1423 hoc
1865 1378 1951 1423 est

380 1449 641 1504 launinare
683 1455 856 1523 majus
898 1455 1191 1510 retraxisse
1220 1455 1399 1511 radios
1434 1473 1584 1523 suos,
1611 1474 1675 1515 ue
1706 1471 1798 1513 aut
1817 1475 1950 1529 pen-

379 1541 591 1597 dentem
617 1545 824 1601 videret
859 1547 1167 1611 Dominum,
1200 1557 1295 1603 aut
1333 1550 1481 1619 impii
1511 1550 1950 1620 blasphemantes

378 1646 473 1685 sua
521 1633 639 1688 luce
706 1634 1033 1692 fruerentur.
1098 1637 1278 1710 (ΚΑΒ.)
1328 1640 1396 1694 Et
1452 1640 1746 1695 notandum
1802 1641 1947 1710 quod

377 1723 634 1780 Dominus
685 1737 837 1781 sexta
904 1729 1034 1783 born
1060 1769 1075 1794 ,
1130 1732 1234 1785 hoc
1278 1740 1363 1786 est
1404 1745 1684 1788 recessuro
1739 1748 1769 1786 a
1816 1749 1945 1788 cen-
1974 1711 2023 1770 Β

376 1823 459 1869 tro
492 1818 674 1872 mundi
705 1818 835 1883 sole,
862 1820 1153 1876 cruciﬁxus
1179 1822 1269 1876 sit.
1313 1822 1559 1877 Diluculo
1598 1831 1800 1888 autem,
1840 1824 1945 1879 hoc

374 1915 457 1960 est
501 1907 710 1963 oriente
743 1907 856 1977 jam
900 1910 1031 1976 sole,
1079 1913 1491 1967 resurrectionis
1533 1927 1644 1966 sua:
1687 1914 1946 1983 mysteria

373 1999 685 2054 celebravit.
729 1999 885 2056 Statu
916 2003 1059 2057 enim
1090 2005 1346 2072 temporis
1379 2005 1611 2074 signavit
1643 2006 1790 2074 quod
1819 2005 1946 2062 elle-

371 2097 461 2142 ctu
484 2093 664 2159 operis
690 2092 953 2149 exhibuit.
996 2094 1131 2159 Quia
1181 2103 1424 2149 mortuus
1455 2105 1537 2150 est
1573 2106 1793 2166 propter
1816 2113 1944 2167 pec-

370 2189 491 2234 cata
520 2192 722 2245 nostra,
758 2191 814 2238 et
841 2186 1078 2241 surrexit
1120 2196 1342 2256 propter
1371 2186 1814 2254 justiﬁcationem
1850 2206 1947 2244 no-

371 2280 561 2324 stram.
594 2272 728 2325 Nam
771 2273 839 2327 de
876 2275 1046 2329 Adam
1088 2285 1345 2344 peccante
1371 2278 1636 2348 scriptum
1662 2286 1767 2343 est,
1797 2282 1942 2349 quod

372 2358 604 2412 audierit
646 2375 832 2415 vocem
879 2362 1089 2416 Domini
1140 2365 1238 2419 Dei
1273 2366 1665 2421 deambulantis
1696 2369 1751 2422 in
1785 2384 1945 2439 para-

372 2449 490 2504 diso
510 2450 577 2503 ad
606 2465 792 2509 auram
818 2461 940 2522 post
966 2454 1244 2509 meridiem
1279 2455 1431 2527 (Gen.
1457 2455 1563 2529 ιιι).
1608 2457 1741 2514 Post
1778 2461 1943 2516 meri-

372 2541 535 2606 diem,
572 2558 805 2611 namque
831 2545 1085 2600 inclinata
1124 2545 1245 2601 luce
1279 2546 1422 2603 ﬁdei.
1456 2549 1539 2604 Ad
1572 2564 1760 2605 auram
1789 2566 1940 2619 vero,

372 2632 758 2704 refrigescente
799 2635 1011 2692 fervore
1040 2639 1339 2694 charitatis.
1371 2640 1731 2698 Deambulans
1759 2651 1941 2699 autem

372 2726 692 2782 audiebatur
711 2729 838 2797 quia
861 2729 930 2784 ab
955 2731 1173 2787 homine
1200 2741 1459 2801 peccante
1489 2744 1809 2791 recesserat.
1831 2736 1939 2791 Ra-

371 2817 535 2872 tionis
574 2817 737 2887 igitur
764 2821 874 2876 imo
900 2822 1095 2878 divinae
1137 2825 1354 2895 pietatis
1394 2829 1530 2882 ordo
1564 2830 1843 2898 poscebat,
1883 2838 1945 2885 ut

367 2906 555 2962 eodem
595 2912 855 2981 temporis
880 2913 1109 2969 articulo
1129 2928 1236 2984 quo
1264 2924 1390 2971 tunc
1414 2916 1544 2972 Adae
1566 2919 1942 2987 praevaricanti

367 2998 691 3067 occluserat,
726 3018 871 3057 nunc
905 3003 1099 3059 latroni
1128 3004 1386 3061 Dominus
1414 3008 1698 3075 poenitenti
1716 3009 1938 3079 januam

264 3154 275 3163 ο
365 3089 601 3157 paradisi
641 3101 927 3160 reserarat,
959 3102 1016 3149 et
1054 3110 1159 3164 qua
1203 3096 1336 3151 hora
1375 3097 1583 3166 primus
1616 3097 1787 3154 Adam
1817 3114 1939 3169 pec-

367 3180 539 3234 cando
565 3188 793 3237 mortem
824 3184 947 3239 huic
982 3184 1182 3240 mundo
1214 3185 1438 3252 invexit,
1469 3187 1657 3242 eadem
1693 3190 1825 3244 hora
1852 3203 1939 3245 se-

366 3272 575 3327 cundus
608 3273 780 3329 Adam
817 3285 1044 3332 mortem
1079 3279 1358 3334 moriendo
1388 3281 1714 3336 destrueret.
1753 3281 1935 3355 (Aug.)

365 3359 474 3416 Nec
521 3367 953 3435 praetereundum
990 3370 1133 3437 quod
1170 3378 1298 3424 sunt
1328 3372 1421 3439 qui
1450 3371 1782 3425 arbitrentur
1803 3375 1936 3427 liora

364 3451 579 3519 quidem
621 3456 779 3510 tertia
821 3455 1106 3511 Dominum
1144 3459 1483 3524 cruciﬁxum,
1512 3475 1542 3513 a
1570 3467 1723 3516 sexta
1753 3471 1935 3517 autem

364 3539 494 3592 bora
526 3544 774 3598 tenebras
796 3544 969 3599 factas
989 3560 1158 3614 usque
1178 3548 1245 3602 ad
1274 3564 1491 3614 nonam,
1521 3558 1581 3603 ut
1604 3561 1936 3621 consumptae

363 3626 728 3698 intelligantur
759 3638 869 3687 tres
896 3632 1063 3699 horae,
1093 3650 1159 3689 ex
1190 3651 1297 3704 quo
1328 3637 1619 3692 cruciﬁxus
1647 3647 1731 3693 est
1764 3654 1935 3708 usque

361 3719 430 3771 ad
465 3720 718 3777 tenebras
740 3721 932 3778 factas.
963 3724 1030 3778 Et
1054 3734 1239 3793 posset
1262 3725 1476 3794 quidem
1504 3726 1608 3781 hoc
1632 3728 1932 3784 rectissime

359 3810 608 3881 intelligi,
638 3814 741 3868 nisi
769 3813 1005 3869 Joannes
1027 3816 1231 3870 diceret
1260 3817 1392 3870 hora
1426 3818 1579 3886 quasi
1609 3826 1760 3873 sexta
1793 3818 1934 3873 Pila-

362 3909 473 3955 tum
525 3903 749 3958 rediisse
794 3919 893 3973 pro
924 3904 1180 3961 tribunali
1223 3905 1280 3960 in
1323 3905 1443 3961 loco
1479 3908 1572 3976 qui
1609 3907 1805 3963 dicitur
1845 3907 1933 3962 Li-

358 3990 675 4057 tliostrotos,
700 3992 960 4050 Hebraice
984 4003 1164 4049 autem
1186 3994 1485 4052 Gabbatba.
1512 3996 1767 4066 Sequitur
1791 3998 1932 4052 enim

352 4098 633 4151 parasceue
662 4082 882 4138 Pascha:
901 4084 1032 4139 liora
1050 4086 1202 4154 quasi
1223 4094 1394 4152 sexta,
1438 4096 1487 4141 et
1528 4086 1652 4140 dicit
1683 4085 1719 4139 .1
1725 4086 1888 4140 udwis
1911 4102 1928 4137 :

356 4174 495 4228 Ecce
524 4191 616 4229 rex
639 4185 826 4242 vester,
863 4183 970 4231 etc.
1004 4176 1062 4231 Si
1090 4177 1254 4249 igitur
1290 4179 1423 4234 hora
1462 4180 1617 4249 quasi
1657 4162 1816 4234 sexta
1843 4179 1932 4232 Pi—

354 4264 466 4319 lato
506 4266 724 4321 sedente
763 4282 861 4336 pro
896 4267 1147 4322 tribunali
1173 4269 1401 4324 traditus
1427 4277 1511 4325 est
1537 4269 1928 4339 cruciﬁgendus

355 4352 574 4419 Judaeis,
626 4357 894 4425 quomodo
938 4357 1074 4412 hora
1121 4359 1277 4412 tertia
1328 4359 1618 4415 cruciﬁxus
1656 4367 1758 4423 est,
1795 4359 1934 4413 sicut

358 4448 521 4500 verba
583 4463 689 4503 non
750 4448 1109 4519 intelligentes
1154 4451 1368 4519 quidam
1418 4459 1759 4520 putaverunt.
1813 4450 1933 4507 Jam

358 4546 505 4593 certe
552 4538 764 4592 dixerat
806 4538 1040 4606 Marcus,
1089 4539 1155 4594 Et
1193 4541 1552 4612 cruciﬁgentes
1592 4558 1710 4595 eum
1746 4542 1933 4596 divise-

359 4637 479 4681 runt
521 4629 825 4683 vestimenta
867 4631 1003 4698 ejus.
1039 4629 1096 4684 Si
1127 4644 1255 4701 ergo
1284 4631 1401 4701 ejus
1430 4630 1505 4686 rei
1537 4641 1701 4700 gestae
1727 4624 1935 4701 tempus

356 4716 524 4770 voluit
550 4732 1000 4783 commemorare,
1038 4719 1306 4774 sufﬁceret
1337 4721 1555 4776 dicere;
1588 4722 1717 4775 Erat
1760 4730 1933 4775 autem

353 4807 485 4879 liora
511 4807 663 4861 tertia
684 4816 789 4872 ;.ut
814 4809 943 4877 quid
971 4808 1238 4878 adjunxit,
1269 4808 1335 4863 Et
1377 4811 1750 4880 cruciﬁxerunt
1777 4811 1935 4864 eum?

355 4895 456 4948 nisi
501 4895 628 4964 quia
677 4896 844 4951 voluit
894 4897 1095 4966 aliquid
1144 4898 1547 4966 recapitulando
1597 4898 1928 4970 signiﬁcare,

353 4987 496 5054 quod
532 4987 816 5055 quaesitum
846 4988 1203 5055 inveniretur,
1234 5005 1354 5045 cum
1384 4988 1661 5061 Scriptura
1690 4992 1801 5062 ipsa
1826 4991 1932 5046 illis

356 5076 688 5145 temporibus
718 5076 1008 5149 legeretur,
1048 5080 1242 5149 quibus
1264 5080 1529 5135 universa:
1554 5081 1810 5136 Ecclesia:
1837 5097 1932 5136 no-

357 5177 467 5221 tum
511 5177 631 5223 erat
668 5185 773 5240 qua
819 5171 953 5226 hora
1000 5171 1254 5228 Dominus
1291 5173 1435 5243 ligno
1477 5190 1772 5245 suspensus
1809 5183 1926 5229 est:

353 5260 495 5314 unde
528 5270 712 5330 posset
740 5260 897 5331 hujus
921 5263 1007 5317 vel
1032 5278 1185 5319 error
1207 5265 1430 5335 corrigi,
1470 5265 1557 5320 vel
1591 5265 1927 5321 mendacium

356 5349 597 5406 refutari.
656 5351 761 5408 Sed
818 5354 943 5423 quia
999 5354 1205 5408 sciebat
1248 5371 1276 5408 a
1326 5354 1591 5409 militibus
1643 5354 1925 5410 Dominum

355 5440 672 5496 cruciﬁxum
713 5457 819 5496 non
863 5458 893 5497 a
936 5442 1164 5507 Judaeis,
1201 5445 1412 5499 occulte
1447 5445 1736 5501 ostendere
1760 5443 1928 5499 voluit

353 5545 446 5587 eos
470 5534 646 5605 magis
674 5536 1010 5601 cruciﬁxisse
1035 5537 1126 5606 qui
1156 5538 1525 5593 clamaverunt
1554 5546 1614 5592 ut
1640 5535 1928 5606 cruciﬁge-

358 5630 528 5694 retur,
558 5641 720 5699 quam
763 5627 882 5683 illos
925 5630 1014 5697 qui
1056 5630 1416 5685 ministerium
1458 5629 1688 5701 principi
1718 5644 1816 5683 suo
1842 5643 1929 5684 se-

2058 468 2223 524 fuisse
2263 470 2396 524 liora
2427 470 2584 524 tertia
2610 486 2730 525 cum
2760 472 3125 528 clamaverunt
3162 471 3332 529 Judaei
3359 487 3417 531 ut
3446 477 3597 534 Domi

2062 576 2163 615 nus
2217 561 2644 630 cruciﬁgeretur.
2700 564 2767 618 Et
2823 566 3168 623 veracissin
3221 567 3617 624 demonstratur

2060 660 2183 707 tunc
2210 667 2305 706 eos
2330 653 2663 709 crucitixisse
2711 656 2926 723 quando
2971 656 3342 714 clamaverunt
3386 662 3620 717 maxime

2055 743 2180 810 quia
2225 741 2475 797 nolebant
2520 744 2689 799 videri
2735 759 2795 799 se
2843 746 2947 800 hoc
2991 746 3200 811 fecisse,
3245 756 3301 804 et
3337 759 3623 821 propterea

2054 846 2177 887 eum
2206 830 2375 887 Pilato
2406 832 2779 888 tradiderant:
2802 835 2944 903 quod
2971 850 3157 890 eorum
3189 838 3350 894 verba
3379 839 3512 895 satis
3536 839 3622 897 in—

2053 922 2235 976 dicant
2272 922 2567 977 secundum
2610 922 2894 978 Joannem.
2944 923 3094 991 Quod
3128 942 3257 997 ergo
3287 930 3520 985 maxime
3545 929 3624 985 vi-

2054 1010 2168 1063 deri
2211 1025 2269 1066 se
2306 1010 2497 1067 fecisse
2526 1011 2800 1076 nolebant,
2832 1013 2933 1068 hoc
2959 1028 3053 1068 eos
3079 1013 3211 1069 hora
3242 1015 3399 1071 tertia
3429 1016 3625 1074 fecisse

2054 1098 2264 1155 Marcus
2303 1102 2575 1166 ostendit,
2632 1103 2912 1158 verissime
2954 1104 3205 1173 judicans
3249 1108 3419 1178 magis
3462 1108 3625 1164 fuisse

2054 1191 2263 1248 Domini
2306 1193 2628 1249 necatricem
2674 1193 2908 1263 linguam
2953 1192 3448 1267 Judaeorumquam
3486 1200 3624 1254 mili-

2054 1291 2165 1337 tum
2193 1298 2403 1339 manus.

2121 1372 2190 1425 Et
2212 1373 2352 1427 circa
2376 1374 2559 1427 horam
2582 1391 2773 1429 nonam
2794 1374 3034 1430 clamauit
3061 1376 3217 1432 Iesus
3242 1395 3362 1437 voce
3383 1394 3573 1449 magna
3601 1394 3617 1429 :

2051 1460 2194 1526 Heli,
2223 1461 2365 1528 Heli,
2395 1462 2859 1529 Lamasabathani,
2881 1466 2979 1519 hoc
2999 1476 3095 1531 est,
3120 1466 3259 1521 Deus
3284 1484 3449 1535 meus,
3483 1467 3621 1523 Deus

2049 1569 2214 1618 meus,
2260 1564 2314 1608 ut
2360 1556 2485 1626 quid
2532 1572 2613 1610 me
2658 1555 2978 1627 dereliquisti
3004 1558 3030 1612 .7
3070 1558 3340 1628 Principio
3381 1558 3622 1614 vicesimi

2048 1643 2209 1712 primi
2255 1644 2444 1714 psalmi
2489 1645 2688 1699 abusus
2712 1652 2815 1709 est,
2845 1644 2973 1699 illud
2999 1647 3138 1715 quod
3168 1647 3219 1700 in
3248 1648 3422 1703 medio
3453 1650 3622 1703 versi—

2048 1734 2153 1789 culi
2199 1735 2415 1806 legitur,
2465 1734 2672 1804 Respice
2698 1736 2751 1788 in
2780 1752 2882 1800 me,
2918 1736 3243 1805 superfluum
3269 1746 3368 1792 est.
3400 1739 3621 1807 Legitur

2047 1826 2191 1880 enim
2223 1826 2277 1879 in
2304 1826 2548 1889 Hebrteo,
2588 1825 2729 1879 Deus
2760 1841 2933 1891 meus,
2960 1826 3097 1880 Deus
3140 1843 3304 1891 meus,
3338 1844 3500 1898 quare
3540 1844 3621 1882 me

2046 1916 2384 1987 dereliquisti.
2427 1915 2607 1988 (ΗΑΒ.)
2652 1915 2764 1971 Nec
2818 1916 3031 1970 mireris
3080 1915 3365 1972 verborum
3406 1918 3620 1972 humili-

2049 2017 2233 2072 tatem,
2276 2006 2640 2076 querimonias
2683 2004 2962 2071 derclicti,
3017 2020 3141 2059 cum
3188 2004 3415 2060 formam
3473 2007 3617 2059 servi

2046 2099 2247 2162 sciens,
2274 2096 2586 2152 scandalum
2612 2095 2791 2150 crucis
2809 2095 3010 2149 videas.
3043 2094 3194 2150 Sicut
3214 2095 3358 2149 enim
3384 2098 3613 2160 esurire,

2045 2200 2100 2244 et
2147 2190 2319 2253 sitire,
2346 2196 2403 2243 et
2444 2188 2679 2259 fatigari,
2733 2202 2840 2243 non
2870 2195 3023 2241 erant
3052 2186 3269 2257 propria
3295 2184 3612 2251 divinitatis,

2046 2280 2140 2335 sed
2164 2277 2470 2350 corporales
2492 2277 2790 2348 passiones,
2818 2277 2889 2330 ita
2915 2285 2970 2330 et
3000 2275 3126 2346 quia
3158 2276 3373 2341 dicitur,
3402 2273 3465 2330 Ut
3489 2278 3615 2346 quid

2045 2388 2126 2424 me
2154 2369 2511 2441 dereliquisti?
2534 2367 2831 2438 corporalis
2853 2367 3000 2422 vocis
3024 2376 3143 2420 erat
3164 2365 3458 2436 proprium,
3489 2365 3616 2434 quia

2046 2460 2182 2516 solet
2197 2460 2491 2517 secundum
2511 2468 2758 2513 naturam
2781 2474 2977 2530 corpus
2992 2458 3297 2512 nullatenus
3321 2457 3454 2511 velle
3467 2472 3496 2511 a
3515 2457 3615 2514 sibi

2046 2551 2330 2622 conjuncta
2368 2551 2475 2606 vita
2504 2550 2767 2609 fraudari.
2798 2550 2948 2605 Licet
2979 2550 3121 2604 enim
3152 2556 3207 2603 et
3227 2549 3341 2618 ipse
3367 2546 3618 2604 Salvator

2045 2641 2261 2697 dicebat
2281 2642 2401 2708 hoc,
2431 2642 2524 2697 sed
2549 2642 2767 2712 proprie
2790 2642 3109 2697 ostendebat
3133 2640 3377 2709 corporis
3404 2637 3615 2709 fragili-

2047 2741 2244 2799 tatem,
2289 2746 2512 2788 manens
2558 2733 2732 2789 virtus
2755 2742 2812 2788 et
2855 2733 3121 2803 sapientia
3171 2730 3285 2787 Dei.
3330 2729 3512 2804 (Aug.)
3545 2731 3619 2787 Ut

2045 2823 2206 2881 homo
2258 2837 2385 2893 ergo
2442 2823 2696 2894 loquitur,
2750 2825 2803 2879 in
2857 2840 2951 2880 eos
3002 2823 3388 2878 circumferens
3438 2830 3616 2877 motus

2046 2915 2186 2983 quod
2219 2914 2273 2968 in
2309 2914 2565 2986 periculis
2591 2915 2755 2986 positi
2784 2930 2815 2968 a
2842 2915 2951 2969 Deo
2983 2930 3084 2975 nos
3114 2913 3287 2967 deseri
3318 2920 3573 2983 putamus
3599 2929 3611 2965 :

2048 3015 2106 3060 ut
2143 3007 2302 3061 homo
2346 3006 2613 3071 turbatur,
2651 3014 2708 3060 ut
2735 3006 2894 3060 homo
2923 3003 3032 3069 ﬁet,
3066 3012 3126 3059 ut
3154 3002 3317 3058 homo
3344 3000 3635 3073 cruciﬁgi-'

2052 3105 2158 3151 tur.
2201 3096 2479 3164 Quomodo
2506 3096 2652 3152 enim
2679 3096 2840 3151 Pater
2866 3095 3115 3150 deserere
3140 3093 3315 3163 potuit
3339 3090 3535 3146 Filium
3563 3092 3618 3148 in

2047 3187 2330 3258 passione,
2379 3201 2502 3241 cum
2552 3183 2934 3254 inseparabiles
2982 3184 3089 3238 sint
3137 3183 3190 3237 in
3232 3187 3424 3235 natura
3476 3181 3618 3237 sicut

2046 3281 2161 3349 ipse
2188 3279 2355 3333 Filius
2385 3285 2629 3335 testatur.
2663 3277 2765 3343 Qui
2788 3294 2867 3331 me
2893 3277 3029 3330 misit
3068 3292 3271 3329 mecum
3294 3284 3389 3341 est,
3420 3291 3512 3328 nec
3537 3291 3617 3329 me

2044 3369 2316 3440 dereliquit
2361 3368 2559 3439 (Joan.
2617 3367 2775 3437 vni).
2834 3367 2949 3422 Non
2985 3384 3114 3438 ergo
3152 3366 3331 3421 deseri
3381 3382 3411 3420 a
3452 3362 3617 3421 Patre

2043 3459 2218 3528 potuit
2253 3459 2441 3523 Filius,
2474 3459 2597 3528 quia
2631 3457 2790 3512 Pater
2818 3467 2871 3511 et
2910 3457 3078 3512 Filius
3106 3474 3210 3512 non
3239 3456 3619 3526 derelinquunt

2043 3558 2324 3620 sperantes
2366 3550 2420 3601 in
2465 3566 2539 3603 se.
2585 3549 2830 3601 llumana
2858 3550 2999 3601 enim
3029 3557 3225 3600 natura
3247 3557 3467 3616 propter
3497 3561 3617 3615 pec-

2041 3646 2220 3691 catum
2251 3637 2503 3691 derelicta
2545 3635 2740 3700 fuerat,
2780 3645 2835 3689 et
2875 3636 3085 3689 deserta
3117 3652 3147 3688 a
3176 3634 3303 3689 Deo.
3348 3634 3452 3689 Sed
3489 3635 3614 3704 quia

2041 3724 2209 3778 Filius
2248 3724 2422 3778 factus
2464 3732 2550 3777 est
2594 3733 2777 3777 noster
2826 3723 3117 3777 advocatus
3167 3731 3222 3777 et
3272 3721 3613 3788 causidicus,

2041 3814 2160 3869 ideo
2186 3829 2411 3884 quorum
2440 3814 2675 3882 suscepit
2701 3824 2948 3867 naturam
2974 3828 3160 3867 eorum
3182 3811 3426 3883 deplorat
3452 3813 3614 3869 mise-

2041 3905 2197 3959 riam.
2230 3905 2347 3975 lpsa
2382 3905 2525 3961 enim
2546 3915 2747 3977 natura
2774 3919 2934 3973 quam
2968 3902 3057 3958 ille
3088 3911 3422 3972 susceperat,
3459 3904 3613 3958 dere-

2039 3997 2167 4052 licta
2194 3996 2369 4051 fuerat
2394 4012 2425 4051 a
2451 3996 2634 4062 Patre,
2666 4012 2773 4053 non
2810 3994 2997 4061 Filius,
3028 3995 3117 4065 qui
3157 4010 3261 4056 una
3297 4010 3420 4049 cum
3449 3993 3613 4049 Patre

2038 4094 2139 4142 est.
2173 4085 2526 4154 Ostenditque
2550 4092 2810 4154 quantum
2837 4082 2965 4139 ﬂere
2992 4084 3220 4140 debeant
3242 4085 3332 4163 qui
3362 4095 3608 4156 peccant,

2039 4176 2253 4246 quando
2278 4176 2356 4230 sic
2377 4173 2522 4229 ﬁevit
2546 4174 2639 4245 qui
2669 4189 2943 4243 nunquam
2983 4175 3242 4245 peccavit.
3281 4175 3349 4229 Et
3378 4175 3614 4230 ostendit

2038 4280 2202 4336 quam
2243 4266 2513 4335 patientes
2540 4273 2594 4320 ct
2615 4273 2896 4335 sperantes
2923 4265 3154 4320 debeant
3193 4281 3313 4321 esse
3346 4265 3489 4321 inter
3517 4266 3610 4319 lla-

2040 4358 2194 4431 gclla,
2226 4360 2317 4429 qui
2342 4366 2655 4429 peccatores
2680 4365 2827 4423 sunt,
2856 4356 3070 4426 quando
3100 4357 3213 4427 ipse
3237 4356 3305 4411 ad
3332 4357 3610 4412 immorta-

2037 4451 2242 4505 litatem
2271 4466 2380 4505 non
2415 4450 2516 4504 nisi
2548 4462 2643 4519 per
2668 4455 2896 4502 mortem
2926 4447 3191 4502 transivit.

2110 4538 2339 4605 Quidam
2377 4549 2549 4593 autem
2591 4536 2697 4591 illic
2729 4546 2923 4590 stantes
2950 4544 2998 4590 et
3030 4535 3298 4591 audientes
3325 4537 3564 4592 dicebant
3589 4553 3613 4592 :

2037 4629 2215 4684 Etiam
2252 4639 2399 4684 uocat
2438 4630 2553 4683 iste.
2593 4627 2709 4682 Non
2737 4642 2948 4693 omnes,
2977 4626 3073 4684 sed
3120 4628 3338 4697 quidam
3364 4644 3499 4698 quos
3524 4644 3611 4684 ar-

2036 4715 2209 4773 bitror
2233 4716 2430 4771 milites
2464 4716 2629 4771 fuisse
2652 4712 2949 4780 Romanos,
2977 4731 3084 4770 non
3113 4716 3473 4787 intelligentes
3496 4732 3611 4773 ser-

2038 4807 2213 4863 monis
2235 4806 2481 4861 llebraici
2505 4805 2889 4877 proprietatem
2920 4845 2935 4872 ,
2968 4804 3063 4860 sed
3084 4820 3149 4860 eo
3173 4805 3317 4875 quod
3339 4806 3474 4860 dixit
3498 4804 3603 4871 Eli,

2039 4902 2145 4966 Eli,
2182 4910 2434 4972 putantes
2482 4901 2652 4954 Eliam
2696 4902 2764 4957 ab
2804 4916 2870 4957 eo
2910 4900 3237 4956 invocatum.
3288 4899 3395 4969 Sin_
3427 4909 3605 4955 autem

2036 4990 2249 5045 Iudaeos
2278 4990 2368 5058 qui
2407 4990 2509 5043 hoc
2540 4990 2775 5044 dixerint
2801 4990 3101 5062 intelligere
3126 4990 3386 5056 volueris,
3416 4996 3472 5044 et
3504 4990 3609 5044 hoc

2039 5092 2188 5132 more
2236 5077 2337 5132 sibi
2383 5077 2538 5131 solito
2580 5075 2783 5132 faciunt
2825 5087 2884 5131 ut
2929 5078 3211 5132 Dominum
3238 5076 3610 5132 imbecillitate

2040 5166 2321 5233 infament,
2353 5166 2442 5235 qui
2468 5165 2596 5221 Elise
2619 5166 2873 5220 auxilium
2900 5165 3234 5234 deprecetur.
3294 5170 3295 5175 ‘

2106 5257 2173 5311 Et
2196 5258 2441 5311 continuo
2466 5273 2679 5311 currens
2706 5272 2840 5309 unus
2860 5271 2924 5308 ex
2945 5255 3022 5308 eis
3047 5263 3311 5324 acceptam
3334 5254 3618 5324 spongiam

2033 5348 2256 5421 impleuit
2292 5357 2455 5407 aceto,
2489 5358 2537 5401 et
2578 5349 2821 5418 imposuit
2864 5345 3135 5411 arundini,
3180 5354 3228 5399 et
3267 5343 3427 5400 dabat
3455 5344 3504 5398 ei
3530 5342 3609 5397 bi-

2032 5441 2165 5494 bere.
2201 5436 2383 5511 (Rsn.)
2419 5438 2589 5506 Quam
2628 5438 2697 5492 ob
2732 5451 2949 5491 causam
2994 5435 3222 5491 Domino
3268 5442 3483 5490 acetum
3532 5433 3608 5489 sit

2032 5529 2178 5602 potui
2200 5530 2383 5585 datum
2404 5527 2638 5583 Joannes
2663 5526 2900 5581 ostendit
2923 5526 3134 5597 plenius
3156 5524 3340 5580 dicens
3364 5541 3377 5577 :
3409 5522 3604 5578 Postea

2032 5622 2199 5677 sciens
2242 5620 2397 5677 Iesus
2447 5622 2569 5691 quia
2602 5619 2721 5690 jam
2764 5619 2937 5671 omnia
2972 5626 3329 5672 consummata
3364 5625 3504 5680 sunt,
3549 5622 3603 5668 ut
