4002 6188
418 305 556 364 1143

1063 305 1125 359 Β.
1165 300 1419 358 RABANI
1460 296 1676 354 MAURI
1712 295 2030 352 ARCHlEP.
2074 293 2381 352 MOGUN'I‘.
2424 291 2707 350 OPERUM
2743 293 2924 350 PARS
2960 296 3000 350 l.

3531 300 3661 357 ιιι-ι

412 430 867 477 consummaretur
904 419 1180 487 Scriptura
1203 414 1349 478 dicit,
1378 410 1533 467 Sitio.
1578 409 1681 463 Vas
1703 425 1826 478 ergo
1853 407 1990 476 posi-
2019 408 2065 466 Α
2091 421 2197 474 que
2239 405 2307 458 ad
2349 403 2603 473 populum
2635 413 2913 458 transeant
2940 400 3240 461 nationum.
3287 412 3429 461 Ante
3470 409 3665 466 etenim

415 521 526 565 tam
555 517 667 564 erat
694 515 841 561 aceto
860 504 1088 576 plenum.
1127 503 1219 556 Illi
1261 513 1437 556 autem
1473 499 1746 570 spongiam
1785 496 1993 566 plenam

416 609 562 653 aceto
611 598 832 666 hyssopo
879 594 1324 664 circumponentes
1347 632 1362 656 ,
1403 588 1699 659 obtulerunt
1731 586 1811 639 ori
1855 585 1990 654 ejus.

417 687 600 759 (Αιισ.)
640 685 786 740 Vidit
814 700 950 755 ergo
979 684 1234 753 quoniam
1263 688 1633 736 consummata
1664 685 1791 733 sunt
1812 676 1993 731 omnia

414 793 535 848 qua:
560 775 844 846 oportebat
878 782 938 828 ut
959 773 1152 828 ﬁerent
1170 769 1757 841 antequamacciperet
1783 777 1994 824 acetum

415 880 473 928 et
500 871 741 926 traderet
773 869 1059 939 spiritum;
1093 874 1255 937 atque
1297 874 1357 920 ut
1395 865 1498 920 hoc
1533 864 1696 918 etiam
1737 877 1992 918 consum-

415 967 656 1016 maretur
700 959 842 1030 quod
885 959 1001 1011 ait:
1031 957 1098 1011 Et
1141 959 1197 1011 in
1239 957 1327 1010 siti
1376 962 1680 1025 potaverunt
1723 969 1805 1006 me
1849 961 1995 1006 aceto

417 1049 590 1124 (Psal.
623 1049 836 1121 vam).
869 1049 1025 1115 Sitio,
1063 1049 1256 1118 inquit,
1301 1056 1558 1116 tanquam
1597 1047 1702 1100 hoc
1747 1045 1991 1100 diceret:

416 1145 532 1199 Hoc
570 1144 752 1199 minus
800 1142 1025 1206 fecistis,
1073 1141 1197 1196 date
1236 1140 1378 1211 quod
1406 1139 1541 1194 estis
1567 1155 1580 1192 :
1608 1136 1774 1192 Judaei
1798 1136 1997 1206 quippe

417 1235 517 1304 ipsi
547 1242 702 1288 erant
732 1243 968 1298 acetum,
1007 1235 1394 1303 degenerantes
1421 1247 1452 1285 a
1496 1231 1622 1286 vino
1659 1228 1996 1300 patriarcha-

418 1338 538 1376 rum
564 1330 619 1377 et
646 1323 1054 1392 prophetarum,
1085 1331 1339 1390 tanquam
1367 1322 1433 1376 de
1459 1320 1619 1391 pleno
1644 1336 1773 1375 vase
1797 1320 1864 1374 de
1893 1318 1997 1373 ini-

416 1411 626 1482 quitate
668 1411 854 1466 mundi
905 1412 1065 1482 hujus
1109 1412 1351 1482 impleti,
1406 1427 1500 1466 cor
1545 1411 1806 1466 habentes
1850 1408 1996 1464 velut

417 1503 696 1574 spongiam
741 1504 1049 1559 cavernosis
1097 1504 1492 1574 quodammodo
1533 1511 1693 1573 atque
1740 1503 1997 1558 tortuosis

419 1591 659 1646 latibulis
693 1592 1111 1648 fraudulentum.
1145 1592 1444 1664 Hyssopum
1479 1593 1565 1647 cui
1592 1593 1995 1662 circumposue-

417 1691 543 1738 nmt
563 1684 841 1753 Spongiam
873 1693 1026 1739 aceto
1055 1683 1265 1754 plenam
1295 1684 1548 1753 quoniam
1585 1681 1753 1737 herba
1783 1691 1867 1737 est
1891 1682 1993 1736 hu-

418 1773 564 1828 milis
607 1782 661 1827 et
704 1783 889 1841 pectus
939 1781 1151 1844 purgat,
1192 1774 1361 1844 ipsius
1398 1773 1596 1828 Christi
1636 1773 1994 1828 humilitatem
2025 1757 2071 1816 Β

419 1873 783 1936 congruenter
826 1865 1099 1934 accipiens
1140 1881 1302 1935 quam
1342 1865 1831 1930 circumdederunt,
1863 1873 1918 1918 et
1939 1879 1997 1919 se

420 1956 843 2011 circumvenisse
869 1963 1211 2027 putaverunt.
1247 1955 1399 2011 Unde
1427 1962 1483 2011 et
1510 1955 1637 2011 illud
1669 1957 1722 2010 in
1749 1955 1956 2026 psalmo
1981 1973 1993 2009 :

423 2045 674 2116 Aspenges
705 2063 786 2099 me
808 2047 1050 2117 hyssopo,
1093 2056 1142 2102 et
1170 2046 1462 2102 mundabor
1491 2045 1664 2120 (Psal.
1694 2046 1768 2118 ι),
1795 2047 1997 2104 Christi

423 2151 656 2206 namque
693 2137 996 2192 humilitate
1036 2139 1378 2194 mundamur.
1411 2137 1548 2206 Quia
1577 2139 1680 2194 nisi
1716 2139 1998 2194 humilias-

423 2235 508 2282 set
533 2227 883 2297 semetipsum
912 2229 1089 2285 factus
1117 2229 1372 2286 obediens
1396 2229 1546 2285 Patri
1567 2244 1737 2301 usque
1761 2231 1830 2286 ad
1857 2247 2002 2286 mor-

424 2328 534 2374 tem
561 2320 760 2385 crucis,
801 2335 908 2376 non
945 2321 1133 2392 utique
1170 2321 1389 2391 sanguis
1427 2319 1543 2390 ejus
1572 2321 1624 2375 in
1654 2330 2000 2391 peccatorum

425 2409 820 2475 remissionem,
855 2411 959 2465 hoc
979 2419 1063 2466 est
1092 2410 1145 2464 in
1176 2419 1415 2466 nostram
1442 2411 1844 2466 mundationem
1870 2411 1994 2466 luis:

424 2509 508 2556 set
548 2500 768 2559 elihsus.
813 2501 918 2558 Per
959 2503 1277 2558 arundinem
1318 2517 1449 2557 vero
1493 2502 1582 2557 cui
1624 2503 1875 2572 imposita
1919 2511 2005 2558 est

425 2595 651 2667 spongia
699 2593 978 2666 Scriptura
1023 2595 1376 2667 signiﬁcatur,
1407 2611 1527 2666 qua:
1549 2594 1872 2665 implebatur
1899 2595 2004 2650 hoc

427 2687 590 2744 facto.
624 2686 777 2743 Sicut
805 2689 952 2745 enim
986 2689 1168 2761 lingua
1204 2689 1406 2745 dicitur
1439 2688 1523 2744 vel
1555 2687 1760 2753 Graeca,
1789 2687 1875 2743 vel
1901 2687 2005 2742 La-

430 2780 564 2846 tina,
595 2780 681 2836 vel
717 2780 822 2837 alia
853 2781 1106 2851 quaelibet
1139 2797 1331 2836 sonum
1359 2779 1672 2852 signiﬁcans
1701 2781 1792 2850 qui
1821 2780 2003 2852 lingua

425 2871 714 2942 promitur,
749 2873 828 2929 sic
863 2873 1070 2928 arundo
1104 2873 1209 2929 dici
1237 2881 1417 2944 potest
1452 2872 1632 2928 littera
1683 2887 1805 2942 quae
1842 2886 2004 2926 arun-

428 2964 556 3021 dine
607 2966 904 3032 scribitur;
951 2967 1046 3022 sed
1095 2965 1484 3037 signiﬁcantius
1521 2978 1685 3019 sonos
1723 2963 1875 3018 vocis
1911 2963 2010 3017 hu-

430 3070 606 3110 mana:
629 3055 979 3112 usitatissime
1009 3056 1238 3111 dicimus
1262 3055 1488 3127 linguas.
1518 3054 1856 3125 Scripturam
1876 3067 2006 3109 vero

429 3145 746 3200 arundinem
798 3147 901 3201 dici
930 3163 1036 3217 quo
1088 3147 1266 3203 minus
1318 3147 1597 3212 usitatum,
1644 3160 1710 3201 eo
1737 3146 1907 3217 magis
1927 3153 2009 3201 est

431 3235 660 3308 mystice
689 3235 1000 3308 ﬁguratum.

503 3321 694 3377 theri
736 3340 853 3378 vero
902 3323 1141 3379 dicebant
1171 3342 1188 3379 :
1223 3325 1385 3392 Sine,
1433 3327 1698 3381 videamus
1736 3343 1805 3381 an
1841 3327 2006 3381 veniat

428 3413 583 3469 Elius
614 3413 842 3468 liberans
868 3432 1006 3469 eum.
1046 3415 1182 3482 Quia
1222 3432 1388 3486 prave
1427 3433 1617 3473 sonum
1649 3418 1794 3474 vocis
1823 3417 2006 3473 Domi-

432 3506 573 3561 nicte
605 3504 998 3577 intelligebant,
1033 3507 1153 3563 ideo
1187 3508 1421 3562 inaniter
1445 3509 1732 3563 adventum
1761 3509 1889 3564 Elia:
1916 3523 2010 3563 ex-

430 3597 770 3666 spectabant.
806 3597 971 3652 Deum
995 3614 1124 3672 ergo
1148 3614 1306 3670 quem
1331 3615 1584 3655 sermone
1611 3600 1874 3656 Hebraico
1897 3599 2012 3655 Sal-

429 3694 588 3742 vator
630 3687 934 3755 invocabat,
979 3688 1415 3759 inseparabiliter
1452 3704 1636 3745 secum
1666 3705 1878 3761 semper
1912 3692 2010 3746 ha-

429 3775 612 3832 bebat.

502 3866 659 3922 Iesus
681 3877 856 3922 autem
884 3869 1073 3923 iterum
1097 3867 1331 3924 clamans
1348 3887 1465 3926 voce
1484 3887 1675 3941 magna
1703 3870 1873 3924 emisit
1896 3871 2007 3940 spi-

429 3957 608 4011 ritum.
637 3956 913 4032 (Venant.)
937 3958 1078 4026 Quid
1105 3960 1206 4016 bac
1233 3975 1364 4016 voce
1382 3975 1575 4029 magna
1602 3961 1799 4015 dixerit
1826 3961 2008 4016 Domi-

427 4061 534 4101 nus
580 4045 755 4102 Lucas
806 4056 991 4116 aperte
1037 4047 1324 4119 designat:
1361 4047 1541 4115 Pater,
1568 4049 1622 4103 in
1664 4066 1852 4103 manus
1887 4059 2008 4104 tuas

429 4139 734 4193 commendo
784 4139 1024 4210 spiritum
1079 4156 1270 4194 meum.
1313 4141 1384 4194 Et
1430 4142 1561 4206 lucc,
1599 4141 1790 4212 inquit,
1828 4142 2006 4197 dicens

428 4230 709 4299 exspiravit
754 4230 924 4304 (Psal.
966 4230 1118 4305 xxx).
1153 4231 1308 4298 Quod
1360 4247 1489 4288 vero
1535 4233 1724 4288 scribit
1774 4231 2010 4288 Joannes

428 4320 573 4390 quod
601 4337 726 4377 cum
760 4323 1059 4394 accepisset
1090 4321 1246 4379 Jesus
1277 4331 1512 4388 acetum,
1540 4324 1677 4378 dixit
1703 4343 1717 4377 :
1753 4323 2012 4378 Consum-

426 4417 627 4465 matum
665 4421 762 4477 est,
796 4422 844 4466 et
882 4413 1132 4469 inclinato
1171 4415 1338 4486 capite
1372 4414 1588 4468 tradidit
1613 4414 1853 4485 spiritum
1880 4429 1899 4466 :
1928 4415 2008 4468 in-

429 4510 513 4555 ter
543 4501 673 4556 illud
717 4503 863 4572 quod
904 4505 1017 4559 ait:
1049 4501 1482 4558 Consummatum
1508 4513 1603 4566 est,
1635 4513 1690 4559 et
1713 4504 1844 4559 illud
1870 4522 1884 4558 :
1914 4504 2008 4558 In-

426 4591 627 4647 clinato
665 4595 833 4664 capite
868 4597 1085 4650 tradidit
1137 4597 1402 4666 spiritum,
1453 4597 1651 4652 emissa
1673 4605 1754 4652 est
1781 4597 1870 4651 illa
1907 4613 2010 4652 vox

425 4697 625 4751 magna
670 4698 835 4753 quam
887 4686 1055 4740 tacuit
1107 4685 1382 4750 Joannes,
1433 4687 1617 4741 cmteri
1666 4695 1846 4742 autem
1900 4695 2011 4744 tres

425 4785 1014 4830 commemoraverunt.
1043 4777 1197 4844 Quod
1239 4786 1418 4833 autem
1454 4778 1604 4844 dicit,
1637 4779 1827 4835 Emisit
1853 4782 2010 4850 spiri-

425 4873 558 4930 tum,
589 4866 828 4921 ostendit
863 4867 1057 4923 divinaa
1082 4871 1366 4938 potestatis
1396 4885 1518 4925 esse
1555 4871 1808 4926 emittere
1847 4873 2008 4941 spiri-

425 4963 569 5019 tum,
625 4967 686 5013 ut
735 4959 848 5028 ipse
894 4974 1108 5030 quoque
1149 4961 1389 5016 dixerat:
1421 4961 1588 5016 Nemo
1627 4971 1790 5031 potest
1828 4963 2009 5017 tollere

425 5049 658 5102 animam
685 5066 853 5107 meam
881 5067 914 5104 a
944 5067 1044 5113 me,
1076 5051 1166 5105 sed
1193 5069 1286 5122 ego
1316 5069 1451 5121 pono
1489 5069 1604 5107 eam
1630 5071 1661 5107 a
1683 5069 1784 5120 me,
1819 5063 1866 5108 et
1890 5071 2008 5108 rur-

423 5155 539 5192 sum
562 5139 820 5210 accipiam
843 5157 957 5195 eam
983 5140 1165 5212 (Joan.
1195 5141 1276 5214 ι).

497 5228 656 5302 [Vll.]
689 5230 752 5286 Et
773 5249 889 5286 ecce
907 5233 1074 5288 velum
1103 5232 1280 5304 templi
1305 5235 1526 5290 scissum
1552 5245 1627 5290 est
1644 5236 1699 5290 in
1724 5237 1858 5291 duas
1882 5255 2006 5307 par-

423 5327 519 5382 tes,
541 5335 575 5371 a
599 5335 801 5374 summa
827 5337 987 5392 usque
1010 5322 1272 5377 deorsum.
1299 5321 1566 5393 Iosephus
1593 5339 1806 5394 quoque
1833 5325 2002 5380 refert

420 5407 652 5464 virtutes
707 5411 975 5480 angelicas
1021 5414 1279 5482 praesides
1330 5415 1602 5484 quondam
1644 5416 1827 5484 templi
1870 5425 2000 5472 tunc

421 5499 630 5568 pariter
677 5500 1045 5556 conclamasse
1085 5520 1098 5555 :
1144 5503 1496 5557 Transeamus
1535 5504 1598 5556 ab
1638 5505 1718 5557 his
1765 5507 1993 5561 sedibus.

427 5590 702 5646 Scinditur
726 5591 902 5646 velum
933 5592 1134 5661 templi,
1183 5602 1242 5648 ut
1277 5609 1402 5649 arca
1443 5597 1770 5659 testamenti,
1803 5584 1858 5652 et
1882 5596 1993 5651 'om-

427 5677 515 5734 nia
553 5679 687 5748 legis
713 5691 1052 5738 sacramenta
1077 5699 1197 5752 qua:
1223 5685 1544 5753 tegebantur
1572 5698 1885 5757 appareant,
1915 5699 1994 5744 at-

2099 498 2302 551 dictum
2347 495 2524 550 fuerat
2550 510 2564 548 :
2597 494 2767 548 Notus
2795 496 2847 548 in
2871 494 3062 548 ludam
3091 494 3255 559 Deus,
3288 496 3344 548 in
3371 496 3538 552 Israel
3562 519 3670 556 ma-

2095 605 2253 659 gnum
2277 604 2461 641 nomen
2484 587 2618 657 ejus.
2645 586 2793 641 Nunc
2812 596 2988 640 autem
3009 605 3022 638 :
3041 585 3295 640 Exaltare
3318 604 3472 657 super
3492 591 3667 658 ctelos,

2099 682 2260 747 Deus,
2307 692 2357 736 et
2390 698 2546 752 super
2597 697 2835 744 omnem,
2879 681 3074 750 inquit,
3129 689 3322 733 terram
3364 681 3534 751 gloria
3577 693 3668 738 tua

2097 768 2271 842 (Psal.
2288 769 2470 842 Lxxv).
2492 771 2559 824 Et
2575 771 2628 825 in
2643 769 2930 839 Evangelio
2952 769 3103 838 prius
3126 769 3288 822 dixit:
3309 769 3373 822 In
3397 771 3535 825 viam
3557 789 3674 841 gen-

2095 864 2227 916 tium
2251 879 2313 915 ne
2333 862 2566 916 abieritis
2590 878 2607 925 ;
2646 871 2765 931 post
2802 860 3111 930 passionem
3141 874 3278 914 vero
3306 875 3491 915 suam:
3521 859 3675 914 Eun.

2100 963 2194 1018 tes,
2236 953 2434 1022 inquit,
2463 953 2641 1007 docete
2671 969 2844 1007 omnes
2873 963 3066 1024 gentes.

2169 1043 2238 1098 Et
2265 1054 2406 1098 terra
2447 1053 2589 1098 mota
2631 1053 2726 1110 est,
2766 1053 2816 1097 et
2849 1053 3009 1114 petrae
3035 1044 3212 1098 scissa:
3241 1052 3383 1108 sunt,
3423 1053 3472 1096 et
3492 1060 3670 1098 monu-

2096 1147 2272 1192 menta
2301 1147 2482 1207 aperta
2503 1147 2644 1191 sunt.
2678 1135 2818 1190 Nulli
2866 1136 3087 1191 dubium
3121 1143 3205 1190 est
3245 1135 3375 1204 quid
3416 1134 3672 1205 significet

2090 1226 2245 1296 juxta
2294 1228 2528 1283 litteram
2579 1227 2890 1298 magnitudo
2931 1228 3226 1298 signorum},
3259 1234 3319 1280 ut
3355 1226 3674 1282 cruciﬁxum

2097 1319 2302 1374 scilicet
2337 1319 2622 1375 Dominum
2654 1335 2833 1383 suum,
2859 1327 2913 1372 et
2937 1318 3133 1373 malum
3156 1327 3210 1372 et
3234 1326 3450 1373 terrena
3490 1319 3673 1372 omnia

2097 1411 2552 1468 demonstrarent.
2605 1411 2710 1467 Sed
2756 1411 2886 1465 mihi
2935 1411 3149 1466 videtur
3196 1419 3356 1464 terrze
3400 1421 3582 1469 motus
3625 1420 3680 1465 et

2097 1505 2302 1575 reliqua
2331 1513 2518 1576 typum
2545 1503 2688 1559 ferre
2715 1504 2977 1574 gentium,
3005 1503 3147 1572 quod
3165 1502 3410 1572 pristinis
3431 1519 3677 1557 errorum

2097 1595 2262 1659 vitiis,
2296 1603 2352 1650 et
2391 1595 2568 1649 cordis
2607 1593 2844 1649 emollita
2883 1593 3105 1656 duritia,
3143 1592 3234 1662 qui
3284 1591 3434 1662 prius
3476 1592 3681 1646 similes

2097 1694 2255 1742 erant
2295 1685 2516 1740 tumulis
2551 1693 2908 1748 mortuorum,
2938 1690 3124 1753 postea
3155 1689 3488 1752 agnoverunt
3517 1680 3682 1736 Crea-

2099 1789 2292 1835 torem.
2345 1779 2516 1834 Aliter
2553 1788 2692 1832 terra
2743 1786 2882 1830 mota
2927 1785 3000 1830 est
3045 1775 3367 1846 pendentem
3393 1774 3684 1828 Dominum

2099 1885 2255 1927 suum
2287 1869 2428 1924 ferre
2457 1884 2562 1924 non
2590 1867 2879 1923 sustinens.
2920 1866 3096 1920 Petra?
3115 1865 3289 1920 scissa:
3308 1873 3430 1919 sunt
3457 1873 3518 1918 ut
3539 1862 3683 1921 indi—

2101 1970 2289 2018 carent
2322 1959 2580 2014 duritiam
2619 1957 2946 2022 Judazorum,
2993 1956 3087 2024 qui
3115 1963 3436 2027 prmsentem
3471 1955 3567 2009 Dei
3599 1954 3688 2008 Fi-

2101 2054 2230 2110 lium
2277 2052 2576 2123 intelligere
2620 2051 2928 2105 noluerunt.
2983 2049 3051 2104 Et
3105 2059 3444 2103 monumenta
3501 2061 3692 2118 aperta

2099 2154 2218 2200 sunt
2258 2143 2311 2198 in
2339 2143 2552 2214 signum
2583 2141 2778 2196 futura:
2803 2139 3237 2195 resurrectionis.

2171 2235 2240 2290 Et
2264 2234 2432 2289 multa
2456 2250 2676 2300 corpora
2709 2241 3012 2286 sanctorum
3036 2232 3128 2302 qui
3153 2231 3472 2285 dormierunt
3502 2248 3688 2285 resur-

2102 2333 2364 2390 rexerunt,
2394 2333 2441 2378 et
2467 2332 2712 2377 exeuntes
2742 2322 2806 2375 de
2830 2323 3177 2376 monumentis
3197 2331 3311 2391 post
3341 2323 3685 2376 resurrectio-

2103 2433 2220 2471 nem
2267 2417 2382 2486 ejus
2423 2423 2674 2468 venerunt
2714 2414 2768 2466 in
2817 2421 3054 2466 sanctam
3087 2413 3379 2476 civitatem,
3421 2423 3470 2466 et
3503 2412 3691 2467 multis

2103 2516 2478 2578 apparuerunt.
2510 2505 2590 2560 Ad
2618 2505 2984 2560 testimonium
3011 2518 3142 2576 ergo
3175 2503 3466 2560 Dominica:
3498 2521 3689 2560 resur-

2103 2598 2358 2654 rectionis
2385 2597 2553 2652 multa
2574 2611 2800 2668 corpora
2827 2603 3139 2652 sanctorum
3165 2605 3600 2659 resurreserunt,
3627 2605 3691 2651 ut

2104 2691 2388 2748 Dominum
2417 2689 2667 2745 videlicet
2696 2685 2877 2743 Jesum
2903 2687 3254 2743 ostenderent
3291 2695 3690 2758 resurgentem,

2104 2793 2158 2839 et
2182 2796 2363 2838 tamen
2393 2796 2515 2838 cum
2539 2788 2886 2838 monumenta
2924 2788 3107 2851 aperta
3137 2787 3285 2844 sunt,
3311 2794 3419 2834 non
3435 2787 3579 2834 ante
3606 2795 3690 2834 re-

2105 2881 2458 2930 surrexerunt
2483 2889 2645 2944 quam
2671 2872 2930 2927 Dominus
2959 2878 3288 2942 resurgeret,
3320 2879 3383 2924 ut
3413 2881 3560 2926 esset
3586 2872 3693 2940 pri-

2107 2966 2412 3038 mogenitus
2457 2964 2870 3020 resurrectionis
2899 2979 2964 3018 ex
3003 2964 3253 3019 mortuis.
3294 2962 3396 3030 Qui
3426 2964 3573 3019 enim
3607 2981 3691 3018 re-

2110 3069 2363 3131 surgente
2387 3058 2615 3122 Domino
2636 3065 3049 3111 resurrexerunt
3075 3071 3104 3108 a
3133 3057 3385 3117 mortuis,
3422 3058 3591 3110 etiam
3626 3057 3692 3110 ad

2112 3151 2278 3207 caelos
2316 3148 2638 3204 ascendente
2680 3146 2836 3200 simul
2883 3146 3192 3200 ascendisse
3237 3145 3495 3200 credendi
3542 3154 3690 3200 sunt.

2108 3240 2294 3310 Neque
2318 3238 2423 3293 ulla
2453 3238 2664 3292 ratione
2703 3236 2917 3290 illorum
2965 3235 3255 3289 temeritati
3305 3235 3439 3290 ﬁdes
3476 3251 3693 3290 accom-

2109 3331 2394 3392 modanda,
2433 3329 2524 3399 qui
2547 3343 2640 3384 eos
2663 3337 2850 3397 posma
2875 3341 3123 3381 reversos
3157 3326 3210 3380 in
3236 3326 3476 3381 cinerem
3503 3342 3569 3381 ac
3595 3328 3692 3381 de-

2109 3435 2218 3475 nuo
2259 3419 2313 3474 in
2352 3418 2716 3474 monumentis
2758 3432 2876 3487 qnte
2907 3416 3076 3487 pridie
3105 3415 3380 3486 patefacta
3427 3427 3578 3482 sunt,
3625 3417 3694 3471 ab

2110 3510 2189 3565 eis
2219 3510 2415 3578 quibus
2439 3508 2601 3578 paulo
2628 3516 2751 3562 ante
2787 3507 2890 3560 vivi
2935 3515 3320 3576 apparuerunt,
3367 3523 3515 3562 more
3545 3523 3692 3562 mor—

2112 3609 2326 3656 tuorum
2379 3608 2572 3670 putant
2619 3599 2836 3669 quidam
2888 3613 3008 3654 esse
3063 3599 3366 3654 conclusos.
3425 3597 3683 3653 Sanctam

2110 3691 2250 3746 hanc
2290 3690 2563 3745 civitatem
2605 3689 2658 3743 in
2697 3704 2800 3757 qua
2852 3688 2952 3742 visi
2999 3697 3126 3743 sunt
3170 3696 3546 3758 resurgentes,
3597 3695 3690 3740 aut

2113 3782 2536 3854 Hierosolymam
2566 3779 2845 3836 cmlestem
2881 3779 3262 3851 intelligamus,
3293 3788 3385 3833 aut
3413 3779 3555 3833 hanc
3585 3787 3697 3833 ter-

2111 3889 2320 3936 renam,
2362 3886 2484 3942 quze
2522 3878 2648 3926 ante
2694 3879 2881 3926 sancta
2913 3869 3106 3924 fuerat.
3141 3869 3294 3925 Sicut
3322 3879 3375 3925 et
3405 3867 3693 3924 Matﬂnens

2111 3967 2412 4038 appellatur
2441 3965 2762 4037 publicanus
2792 3980 2898 4019 non
2926 3964 3070 4034 quod
3113 3971 3167 4017 et
3201 3963 3472 4033 apostolus
3507 3963 3693 4018 adhuc

2109 4065 2425 4129 permaneat
2450 4055 2787 4127 publicanus,
2819 4054 2912 4110 sed
2942 4054 3084 4123 quod
3117 4053 3412 4125 pristinum
3455 4054 3691 4108 vocabu-

2110 4151 2231 4205 lum
2271 4157 2468 4205 teneat.
2525 4148 2724 4202 Sancta
2773 4147 3070 4217 appellatur
3109 4147 3304 4201 civitas
3350 4143 3690 4201 Hierusalem

2109 4252 2334 4313 propter
2367 4240 2643 4310 templum,
2671 4250 2726 4296 et
2757 4248 2943 4323 sancta
2968 4247 3300 4304 sanctorum,
3325 4246 3381 4292 et
3407 4239 3476 4292 ob
3503 4239 3697 4292 distiu—

2111 4336 2344 4392 ctionem
2394 4333 2622 4387 aliarum
2663 4332 2900 4396 urbium,
2932 4332 2986 4385 in
3023 4331 3219 4401 quibus
3253 4329 3397 4384 idola
3436 4329 3696 4385 coleban-

2114 4434 2223 4480 tur.
2247 4423 2472 4492 Quando
2494 4438 2624 4478 vero
2649 4423 2864 4486 dicitur,
2894 4421 3262 4492 Apparuerunt
3285 4419 3488 4486 multis,
3508 4429 3695 4475 osten~

2114 4520 2258 4574 ditur
2289 4531 2395 4572 non
2425 4515 2689 4587 generalis
2717 4514 2882 4569 fuisse
2912 4513 3242 4568 resurrectio
3283 4528 3404 4582 qua:
3441 4513 3699 4567 omnibus

2116 4615 2357 4678 apparet,
2383 4607 2478 4662 sed
2497 4605 2747 4675 specialis
2770 4604 2835 4659 ad
2859 4604 3137 4675 plurimos,
3168 4613 3228 4657 ut
3254 4603 3309 4658 hi
3338 4604 3582 4658 viderent
3603 4603 3697 4674 qui

2115 4713 2340 4755 cernere
2373 4697 2741 4752 merebantur.

2183 4784 2431 4842 Centurio
2467 4795 2643 4839 autem
2683 4795 2732 4839 et
2771 4786 2860 4856 qui
2901 4801 3018 4838 cum
3059 4799 3118 4837 eo
3152 4793 3302 4837 erant
3341 4783 3697 4838 custodientes

2112 4877 2296 4934 Iesum
2330 4879 2439 4933 viso
2461 4887 2613 4931 teme
2644 4888 2808 4941 motu,
2837 4889 2883 4930 et
2910 4877 2990 4930 his
3013 4892 3131 4945 amo
3156 4875 3371 4944 ﬁebant,
3404 4875 3695 4929 timuerunt

2113 4968 2290 5033 valde,
2331 4969 2558 5022 dicentes
2582 4981 2600 5018 :
2637 4966 2763 5022 Vere
2810 4965 2858 5019 F
2861 4966 2986 5020 ilius
3027 4966 3126 5020 Dei
3168 4975 3280 5020 erat
3320 4967 3436 5020 iste.
3483 4965 3538 5020 In
3586 4967 3700 5020 alio

2113 5059 2400 5129 Evangelia
2427 5067 2550 5130 post
2581 5066 2742 5115 terrae
2776 5068 2982 5113 motum
3016 5057 3358 5113 manifestior
3394 5075 3553 5114 causa
3587 5060 3696 5113 mi-

2111 5147 2276 5202 raculi
2306 5149 2640 5204 centurionis
2666 5150 2971 5218 exponitur,
2998 5151 3139 5221 quod
3169 5167 3292 5204 cum
3321 5151 3540 5206 vidisset
3564 5167 3696 5205 eum

2110 5239 2358 5308 spiritum
2381 5240 2649 5294 dimisisse
2674 5241 2872 5294 dixerit
2899 5257 2911 5293 :
2952 5238 3080 5295 Vere
3106 5239 3155 5293 F
3157 5241 3281 5296 ilius
3309 5241 3405 5295 Dei
3432 5254 3542 5295 erat
3569 5241 3692 5295 iste.

2111 5328 2297 5383 Nullus
2330 5328 2475 5384 enim
2517 5330 2678 5385 habet
2724 5339 3046 5400 potestatem
3083 5331 3389 5386 dimittendi
3417 5331 3694 5399 spiritum,

2104 5421 2206 5476 nisi
2239 5422 2328 5476 ille
2354 5424 2445 5493 qui
2471 5425 2771 5480 animarum
2797 5427 3048 5482 conditor
3077 5435 3181 5480 est.
3214 5423 3476 5496 Spiritum
3502 5431 3692 5477 autem

2104 5510 2158 5563 in
2188 5511 2290 5566 hoc
2314 5512 2431 5568 loco
2456 5528 2555 5582 pro
2584 5515 2761 5568 anima
2804 5513 3190 5584 intelligamus,
3229 5529 3322 5568 seu
3354 5511 3496 5582 quod
3521 5511 3691 5580 spiri-

2102 5599 2209 5656 tale
2233 5609 2286 5655 et
2311 5602 2473 5657 vitale
2502 5618 2700 5674 corpus
2728 5603 2913 5668 faciat,
2964 5619 3059 5658 seu
3098 5604 3240 5673 quod
3284 5602 3478 5656 anima:
3515 5599 3688 5669 ipsius

2099 5691 2401 5748 substantia
2423 5694 2643 5764 spiritus
2671 5694 2761 5760 sit,
2784 5694 2936 5763 iuxta
2960 5693 3088 5750 illud
3113 5691 3256 5764 quod
3278 5691 3533 5760 scriptum
3554 5698 3645 5743 est
3663 5721 3679 5745 .
