3998 6188
392 295 524 352 1145

1303 291 1648 350 COMMENT.
1689 289 1756 346 IN
1795 289 2228 347 MATTHIEUM.
2270 322 2338 333 —
2376 292 2505 348 LIB.
2548 293 2679 350 Vill.

3487 291 3631 350 ηιθ

391 407 607 478 Auferes
648 407 887 478 spiritum
923 419 1101 459 eorum
1138 413 1186 458 et
1231 404 1471 474 deﬁcient
1518 401 1692 472 (Psal.
1712 401 1850 473 cm).
1882 401 1950 455 Et
1977 403 2028 460 A
2051 401 2204 456 homo
2228 404 2366 458 dives
2397 405 2460 458 ab
2485 404 2779 458 Arimathla
2820 404 3026 459 nomine
3061 402 3279 475 Ioseph,
3320 405 3411 476 qui
3432 416 3480 460 et
3513 409 3624 478 ipse

391 497 494 553 hoc
531 495 972 552 considerandum
1014 496 1155 565 quod
1197 495 1442 549 centurio
1490 502 1615 549 ante
1659 507 1874 548 crucem
1899 493 1954 546 in

391 590 508 660 ipso
545 589 796 645 seandalo
829 587 1094 657 passionis
1117 602 1244 642 vere
1271 588 1366 641 Dei
1393 587 1590 641 Filium
1613 586 1952 650 conﬁteatur,

388 694 444 738 et
471 684 631 738 Arius
660 683 712 735 in
739 681 978 735 Ecclesia
1007 680 1264 749 praedicat
1302 687 1630 734 creaturam.
1675 676 1956 745 Simulque

388 774 822 845 perpendendum
848 773 990 842 quod
1019 787 1126 826 non
1165 771 1310 825 solus
1355 771 1598 826 centurio
1638 767 1958 840 gloriﬁcavit

365 908 367 910 .
391 866 578 927 Deum,
605 863 701 918 sed
729 870 784 916 et
816 862 1011 915 milites
1037 861 1128 931 qui
1158 876 1280 916 cum
1310 875 1377 915 eo
1403 867 1560 914 erant
1591 857 1959 914 custodientes

387 955 586 1015 Iesum,
628 955 744 1008 viso
789 962 944 1008 terrae
984 961 1131 1007 motu
1171 963 1224 1006 et
1263 953 1347 1006 bis
1376 966 1495 1020 quae
1519 950 1736 1014 ﬁebant,
1767 949 1960 1002 tim-ue-

388 1052 516 1098 runt
537 1043 718 1106 valde,
741 1041 978 1096 dicentes
1004 1059 1016 1094 :
1051 1039 1180 1093 Vere
1202 1038 1294 1093 Dei
1320 1037 1368 1090 F
1371 1039 1494 1092 ilius
1513 1049 1587 1092 est
1606 1039 1723 1092 iste.
1749 1036 1960 1102 Quanta

390 1147 519 1203 ergo
547 1132 762 1187 accitas
779 1128 1108 1193 Iudaeorum,
1132 1127 1222 1197 qui
1246 1136 1324 1182 tot
1351 1141 1449 1196 per
1475 1127 1758 1183 Dominum
1790 1125 1961 1179 virtu-

392 1222 534 1277 tibus
563 1221 740 1286 factis,
771 1221 934 1275 tantis
954 1221 1008 1274 in
1033 1227 1204 1273 morte
1229 1217 1345 1288 ejus
1365 1215 1749 1287 apparentibus
1769 1214 1956 1286 signis,

392 1310 613 1365 credere
653 1319 974 1379 respuerant
1004 1317 1058 1363 et
1093 1307 1512 1363 insensibiliores
1537 1306 1827 1378 gentilibus
1857 1306 1962 1360 Do-

394 1401 597 1454 minum
627 1399 928 1470 gloriﬁcare
972 1398 1056 1454 vel
1085 1399 1278 1453 timere
1306 1406 1762 1468 contempserunt.
1806 1395 1960 1452 Unde

394 1491 588 1546 merito
622 1506 719 1563 per
741 1491 1109 1546 centurionem
1157 1489 1288 1544 ﬁdes
1326 1489 1580 1544 Ecclesiae
1623 1489 1956 1558 designatur,

391 1599 510 1654 quae
537 1583 654 1638 velo
678 1583 1056 1656 mysteriorum
1095 1581 1395 1640 cmlestium
1437 1597 1535 1650 per
1581 1588 1804 1634 mortem
1850 1578 1961 1633 Do-

393 1677 524 1732 mini
546 1686 805 1742 reserato,
833 1675 1086 1731 continuo
1110 1673 1292 1730 Iesum
1321 1683 1378 1728 et
1395 1688 1522 1727 vere
1542 1671 1746 1740 justum
1779 1671 1956 1726 homi-

2053 494 2338 563 discipalus
2376 505 2488 549 erat
2524 495 2676 549 Iesu.
2715 494 2981 570 (Hieron.)
3033 495 3192 552 Dives
3222 496 3468 560 refertur,
3513 515 3619 552 non

2053 585 2121 640 de
2155 585 2414 656 jactantia
2453 587 2757 655 scriptoris,
2813 588 2904 657 qui
2943 588 3117 641 virum
3177 588 3409 643 nobilem
3462 599 3626 658 atque

2055 675 2386 731 ditissimum
2430 677 2632 732 referat
2674 677 2797 732 Iesu
2849 677 3014 733 fuisse
3052 679 3395 748 discipulum,
3439 680 3533 734 sed
3567 690 3627 734 ut

2055 768 2301 840 ostendat
2327 784 2544 824 causam
2567 785 2730 839 quare
2759 784 2790 822 a
2838 768 3006 824 Pilato
3025 785 3220 838 corpus
3243 770 3371 826 Iesu
3392 773 3630 840 potuerit

2057 859 2365 930 impetrare.
2406 859 2676 928 Pauperes
2700 859 2843 913 enim
2869 867 2922 913 et
2964 860 3130 929 ignoti
3156 875 3261 913 non
3293 870 3539 929 poterant
3561 861 3628 916 ad

2056 949 2286 1003 Pilatum
2336 948 2613 1018 praesidem
2645 947 2900 1002 Romana:
2928 949 3211 1016 potestatis
3251 950 3531 1015 accedere,
3577 958 3634 1005 et

2059 1037 2302 1094 cruciﬁxi
2338 1052 2532 1107 corpus
2571 1037 2878 1105 impetrare.
2910 1036 3090 1107 (ΗΑΒ.)
3124 1037 3181 1091 In
3213 1038 3317 1092 alio
3343 1039 3632 1108 Evangelio

2058 1127 2255 1198 Ioseph
2287 1128 2388 1182 iste
2413 1125 2711 1196 appellatus
2734 1135 2815 1182 est
2840 1127 3074 1192 decurio,
3099 1127 3239 1196 quod
3265 1128 3334 1182 sit
3353 1129 3418 1183 de
3442 1131 3634 1186 ordine

2059 1220 2261 1284 curiae,
2306 1228 2360 1274 et
2407 1217 2643 1273 ofﬁcium
2707 1219 2870 1273 curiae
2918 1219 3272 1272 administret.
3317 1218 3418 1284 Qui
3467 1221 3634 1277 etiam

2059 1314 2334 1374 curialisga
2365 1312 2702 1383 procurando
2732 1327 2954 1367 munera
2984 1312 3159 1366 civilia
3192 1311 3326 1366 solet
3354 1313 3632 1382 appellari.

2059 1402 2357 1472 Arimalhia
2400 1413 2609 1468 autem,
2648 1405 2761 1474 ipsa
2792 1414 2874 1459 est
2906 1404 3244 1458 Ramathaim
3285 1404 3475 1458 civitas
3512 1404 3639 1459 Hel-

2059 1511 2242 1559 canze,
2289 1503 2344 1550 et
2387 1494 2694 1559 Samuelis,
2741 1494 2797 1547 in
2842 1493 3061 1564 regione
3105 1492 3443 1548 Thamnitica
3481 1494 3635 1564 juxta

2060 1584 2370 1656 Diospolim.

2129 1675 2229 1729 Hic
2275 1674 2489 1728 accessit
2541 1673 2610 1726 ad
2665 1671 2919 1737 Pilatum,
2965 1679 3012 1725 et
3052 1671 3196 1739 petiit
3251 1688 3436 1742 corpus
3480 1671 3632 1726 Iesu.

391 1782 537 1831 nem,
565 1775 620 1821 et
645 1782 772 1820 vere
796 1766 898 1819 Dei
921 1764 1114 1818 Filium
1135 1777 1401 1834 synagoga
1425 1770 1633 1816 tacente
1653 1759 1955 1814 conﬁrmat.
1985 1745 2034 1804 Β
2065 1763 2210 1819 Τιιησ
2232 1765 2393 1834 jussit
2415 1761 2620 1816 Pilatus
2651 1761 2797 1815 reddi
2823 1777 3031 1830 corpus.
3063 1760 3267 1829 Magna:
3297 1762 3511 1829 quidem
3546 1759 3636 1814 Jo-

391 1855 526 1910 Nam
565 1864 620 1910 et
651 1855 766 1924 ipsa
793 1868 1004 1909 summa
1035 1852 1366 1915 centenaria,
1397 1866 1516 1920 quae
1544 1848 1736 1903 inﬂexu
1768 1848 1963 1915 digito-

394 1963 513 2002 rum
536 1947 677 2002 sicut
705 1962 865 2016 supra
893 1953 1248 2000 memoratum
1280 1951 1386 2006 est,
1422 1942 1488 1995 de
1523 1940 1741 1994 sinistra
1772 1938 1965 1992 transit

393 2040 449 2093 in
494 2039 769 2093 dexteram
839 2035 1122 2098 Ecclesia,
1167 2030 1522 2086 sacramentis
1569 2037 1624 2083 et
1669 2027 1794 2082 ﬁdei
1862 2042 1961 2095 ap-

392 2130 599 2186 tissime
640 2129 910 2200 congruit,
959 2127 1044 2182 cui
1089 2140 1186 2194 pro
1226 2124 1344 2194 lege
1387 2121 1736 2191 Evangelinm
1784 2119 1960 2174 credi-

390 2227 525 2285 tum,
570 2233 668 2289 pro
709 2226 869 2273 terra:
914 2215 1118 2270 divitiis
1149 2228 1372 2284 regnum
1415 2210 1672 2266 caelorum
1718 2217 1802 2264 est
1833 2223 1961 2278 pro-

390 2310 633 2365 missum.

462 2400 629 2454 Erant
649 2409 824 2452 autem
843 2399 914 2451 ibi
935 2397 1174 2450 mulieres
1202 2394 1378 2449 multae
1401 2393 1604 2462 alonge
1629 2407 1747 2462 qua:
1773 2401 1964 2446 secuta:

392 2498 539 2546 erant
581 2489 764 2544 Iesum
791 2506 822 2541 a
848 2486 1070 2542 Galilam
1119 2485 1472 2539 ministrantes
1497 2484 1564 2536 ei.
1603 2481 1963 2538 Consuetudi-

391 2582 477 2636 nis
509 2590 687 2634 autem
727 2578 964 2633 Iudaicae
1006 2576 1129 2641 fuit,
1177 2591 1278 2631 nec
1319 2574 1614 2629 ducebatur
1653 2573 1706 2626 in
1753 2572 1963 2641 culpam

392 2687 543 2727 more
578 2671 752 2741 gentis
781 2669 1024 2739 antiquo,
1064 2676 1124 2721 ut
1161 2665 1415 2721 mulieres
1441 2665 1507 2719 de
1535 2664 1835 2719 substantia
1865 2677 1960 2718 sua

391 2765 590 2819 victum
635 2772 797 2833 atque
829 2762 1081 2816 vestitum
1117 2759 1539 2830 praeceptoribus
1567 2757 1958 2813 ministrarent.

391 2857 506 2912 Hoc
541 2857 665 2926 quia
709 2854 1019 2910 scandalum
1064 2852 1244 2908 facere
1286 2857 1499 2921 poterat
1539 2851 1594 2904 in
1629 2849 1959 2913 nationibus,

389 2947 587 3004 Paulus
636 2943 894 3014 abjecisse
924 2959 983 3000 se
1011 2951 1277 2998 memorat
1303 2943 1485 2998 dicens
1513 2955 1527 2994 :
1560 2938 1816 3010 Nunquid
1856 2957 1960 2994 non

388 3037 636 3091 habemus
677 3043 979 3106 potestatem
1010 3050 1214 3088 sorores
1261 3032 1500 3087 mulieres
1538 3030 1961 3086 circumducendi

388 3130 520 3182 sicut
549 3137 596 3181 et
628 3127 802 3180 creteri
830 3124 1050 3195 apostoli
1075 3125 1270 3192 faciunt
1315 3124 1369 3195 (Ι
1395 3123 1516 3178 Cor.
1551 3131 1647 3195 Ix).
1688 3124 1962 3179 Mimstra—

387 3218 519 3272 bant
548 3223 724 3270 autem
759 3214 986 3269 Domino
1027 3215 1094 3269 de
1137 3213 1438 3268 substantia
1481 3228 1596 3278 sua,
1640 3221 1699 3266 ut
1735 3221 1964 3268 meteret

385 3321 573 3360 eorum
596 3305 832 3360 carnalia
863 3345 878 3369 ,
911 3303 1062 3373 cujus
1084 3304 1186 3359 illa:
1210 3304 1480 3358 metebant
1502 3302 1820 3374 spiritualia.
1848 3301 1963 3358 Non

387 3409 494 3464 quo
539 3394 803 3464 indigeret
848 3394 982 3449 cibis
1025 3393 1285 3448 Dominus
1332 3403 1728 3456 creaturarum,
1775 3407 1870 3448 sea
1905 3403 1964 3446 ut

393 3495 579 3558 typum
626 3486 937 3541 ostenderet
984 3486 1386 3554 magistrorum,
1430 3485 1570 3553 quod
1609 3484 1753 3538 victu
1801 3492 1961 3552 atque

384 3576 584 3629 vestitu
621 3589 685 3628 ex
736 3573 1014 3643 discipulis
1061 3573 1321 3628 deberent
1370 3587 1490 3627 esse
1543 3573 1806 3628 contenti.
1849 3571 1961 3628 Sed

382 3665 664 3718 videamus
685 3664 871 3733 quales
893 3663 1116 3717 comites
1139 3663 1404 3715 habuerit.

451 3754 596 3808 Inter
619 3771 748 3824 quas
776 3763 888 3807 erat
912 3752 1086 3806 Maria
1110 3751 1439 3820 Magdalene,
1481 3761 1529 3804 et
1553 3750 1728 3804 Maria
1750 3751 1957 3816 Jacobi,

380 3852 429 3897 et
473 3842 669 3910 Ioseph
698 3851 883 3906 mater,
931 3849 979 3893 et
1028 3849 1196 3892 mater
1222 3839 1451 3907 ﬁliorum
1495 3839 1750 3895 Zebcda’i.
1792 3841 1960 3896 Maria

381 3932 691 4001 Magdalena
739 3945 768 3983 a
801 3944 906 3998 qua
955 3937 1158 3998 septem
1185 3928 1449 3983 dmmonia
1484 3928 1735 3997 eiecerat,
1767 3939 1822 3986 et
1849 3931 1960 3986 Ma-

382 4021 462 4074 ria
512 4019 738 4084 Jacobi,
801 4026 857 4074 et
925 4018 1125 4088 Ioseph
1199 4027 1394 4084 mater,
1469 4027 1763 4076 matertera
1819 4037 1955 4090 sua,

381 4127 535 4167 soror
587 4111 768 4166 Mariae
829 4111 1019 4166 matris
1068 4111 1322 4176 Domini,
1385 4118 1439 4165 et
1492 4119 1668 4166 mater
1727 4111 1958 4166 ﬁliorum

380 4203 646 4264 Zebedaei,
669 4218 789 4272 quae
810 4218 1023 4273 quoque
1050 4203 1209 4272 paulo
1232 4212 1357 4257 ante
1383 4219 1605 4274 regnum
1639 4203 1822 4258 liberis
1863 4219 1958 4274 po—

377 4294 630 4357 stularat,
663 4302 718 4348 et
737 4294 855 4347 alia:
884 4308 1019 4363 quas
1049 4293 1101 4346 in
1139 4293 1352 4348 caeteris
1376 4293 1681 4364 Evangeliis
1708 4295 1951 4366 legimus.

378 4383 532 4439 Nunc
552 4399 680 4454 ergo
699 4383 968 4452 quomodo
995 4382 1307 4453 intelligitur
1334 4384 1519 4438 eadem
1554 4384 1720 4438 Maria
1738 4384 1953 4456 Magda—
1976 4423 2030 4482 Β

379 4473 521 4538 lene,
563 4482 619 4527 et
646 4488 677 4527 a
717 4474 872 4542 longe
901 4473 1114 4526 stetisse
1158 4488 1279 4526 cum
1315 4472 1435 4527 aliis
1475 4473 1786 4529 mulieribus
1812 4475 1950 4530 sicut

378 4565 659 4619 Mattheus
699 4572 753 4617 et
788 4562 964 4617 Lucas
1000 4563 1202 4628 dicunt,
1245 4572 1298 4616 et
1338 4564 1490 4633 juxta
1534 4579 1747 4620 crucem
1785 4565 1952 4623 fuisse

377 4656 518 4710 sicut
559 4653 794 4710 Joannes
834 4654 984 4717 dicit,
1043 4654 1142 4709 nisi
1190 4655 1315 4724 quia
1373 4655 1424 4709 in
1473 4665 1619 4711 tanto
1670 4659 1950 4714 intervallo

374 4756 547 4813 erant,
575 4755 634 4801 ut
653 4754 706 4800 et
722 4744 875 4814 juxta
905 4744 1008 4800 dici
1034 4754 1272 4814 possent,
1298 4747 1422 4815 quia
1450 4747 1502 4800 in
1525 4756 1811 4818 conspectu
1835 4747 1951 4816 ejus

374 4847 570 4908 prtesto
596 4838 839 4899 aderant,
865 4843 921 4889 et
961 4850 992 4889 a
1043 4834 1197 4904 longe
1227 4835 1280 4888 in
1318 4837 1716 4905 comparatione
1759 4837 1946 4902 turba,

376 4929 727 4999 propinquius
768 4926 1172 4982 circumstantis
1217 4929 1516 4982 centurioni
1545 4939 1600 4983 et
1645 4929 1947 4984 militibus?

374 5018 664 5073 Possumus
704 5017 866 5072 etiam
918 5017 1213 5088 intelligere
1267 5019 1409 5087 quod
1462 5018 1583 5085 ill-.e,
1629 5034 1747 5088 quae
1790 5018 1948 5073 simul

373 5111 598 5166 aderant
623 5126 744 5164 cum
774 5109 944 5164 Matre
969 5110 1201 5175 Domini,
1234 5117 1516 5179 postquam
1542 5125 1659 5164 eam
1687 5107 1947 5179 discipulo

371 5198 786 5263 conuueudavit,
828 5199 977 5253 abire
1011 5197 1124 5266 jam
1172 5207 1468 5268 casperant,
1502 5203 1562 5251 ut
1609 5212 1638 5250 a
1684 5196 1950 5251 densitate

372 5291 544 5344 turba:
571 5297 922 5354 seexuerent,
953 5299 1008 5343 et
1043 5297 1236 5344 caitera
1264 5305 1384 5358 qua:
1415 5288 1553 5343 facta
1587 5296 1712 5344 sunt
1739 5288 1948 5359 longius

371 5381 733 5446 intuerentur,
762 5389 822 5436 ut
849 5380 1031 5437 caeteri
1059 5381 1420 5449 evangelistae,
1451 5381 1540 5449 qui
1571 5388 1693 5448 post
1719 5388 1947 5435 mortem

371 5471 582 5528 Domini
627 5489 723 5529 eas
766 5483 1344 5537 commemoraverunt,
1389 5473 1503 5542 jam
1545 5472 1698 5542 longe
1742 5477 1947 5527 stantes

371 5569 874 5620 commemorarent.
901 5559 1158 5630 Sequitur
1177 5560 1458 5616 Matthzcus
1477 5579 1490 5614 :

447 5639 631 5718 [VIIL]
660 5649 791 5707 Cum
813 5667 926 5707 sero
967 5661 1139 5706 autem
1169 5650 1367 5722 factum
1396 5661 1547 5718 esset,
1571 5651 1701 5706 venit
1727 5650 1942 5722 quidam
1992 5721 2003 5730 _

2064 1854 2194 1921 seph
2243 1855 2345 1907 iste
2383 1852 2660 1922 dignitatis
2688 1850 2752 1904 ad
2789 1850 3067 1915 saeculum,
3117 1851 3211 1905 sed
3255 1851 3471 1919 majoris
3499 1854 3638 1922 apud

2064 1945 2230 1998 Deum
2258 1943 2434 1997 meriti
2459 1942 2621 1997 fuisse
2650 1941 2916 1996 laudatur.
2944 1942 3127 1997 Talem
3158 1959 3389 2013 namque
3407 1935 3640 2000 existere

2064 2035 2291 2090 decebat
2318 2050 2474 2099 eum,
2509 2035 2598 2103 qui
2640 2049 2835 2104 corpus
2881 2035 3093 2090 Domini
3127 2037 3404 2106 sepeliret.
3453 2040 3544 2107 qui
3584 2048 3640 2094 et

2063 2126 2438 2194 perjustitiam
2466 2126 2780 2180 meritorum
2810 2127 2900 2182 tali
2931 2127 3232 2182 ministerio
3258 2129 3449 2198 dignus
3475 2140 3637 2197 esset,

2063 2229 2118 2273 et
2170 2232 2265 2286 per
2319 2217 2654 2272 nobilitatem
2711 2221 2963 2289 potentiae
3011 2219 3288 2275 saecularis
3331 2221 3638 2276 facultatem

2063 2317 2245 2377 posset
2301 2308 2546 2362 obtinere
2613 2309 2974 2364 ministrandi.
3036 2308 3151 2364 Non
3207 2311 3350 2364 enim
3415 2311 3642 2381 quilibet

2064 2397 2280 2467 ignotus
2298 2406 2392 2452 aut
2412 2399 2699 2454 mediocris
2725 2399 2793 2453 ad
2813 2400 3098 2469 praesidem
3125 2401 3405 2468 accedere,
3437 2409 3491 2456 et
3517 2417 3642 2457 cru-

2063 2489 2209 2544 ciﬁxi
2237 2505 2434 2560 corpus
2454 2499 2664 2561 poterat
2684 2491 2994 2560 impetrare.

2135 2578 2204 2632 Et
2228 2589 2435 2648 accepto
2464 2596 2676 2649 corpore
2699 2579 2892 2650 Ioseph
2922 2579 3129 2634 involvit
3167 2579 3301 2633 illud
3329 2581 3381 2634 in
3423 2580 3644 2635 sindone

2064 2669 2279 2722 munda.
2327 2667 2594 2740 (Hieron.)
2625 2669 2692 2724 Et
2731 2685 2796 2725 ex
2847 2669 3075 2739 simplici
3116 2669 3389 2739 sepultura
3426 2670 3639 2725 Domini

2063 2759 2286 2814 ambitio
2312 2760 2534 2814 divitum
2559 2761 2962 2824 condemnatur,
2996 2761 3087 2831 qui
3111 2776 3177 2815 ne
3205 2762 3257 2815 in
3284 2761 3500 2816 tumulis
3521 2762 3640 2832 qui-

2065 2850 2184 2904 dem
2210 2859 2433 2918 possunt
2463 2865 2653 2908 carere
2683 2851 2900 2906 divitiis.
2931 2850 3223 2906 Possumus
3266 2861 3442 2908 autem
3483 2852 3641 2920 juxta

2065 2940 2466 3009 intelligentiam
2504 2941 2800 3008 spiritalem
2843 2941 2946 2996 hoc
2980 2941 3204 3005 sentire,
3251 2943 3391 3010 quod
3440 2957 3639 3012 corpus

2063 3030 2275 3086 Domini
2314 3041 2422 3086 non
2448 3047 2599 3098 auro,
2626 3048 2731 3087 non
2755 3033 3000 3104 gemmis,
3029 3041 3083 3087 et
3109 3033 3304 3097 serico,
3337 3034 3426 3089 sed
3449 3034 3643 3090 lintea-

2065 3123 2210 3178 mine
2238 3139 2373 3193 puro
2412 3124 2801 3180 obvolvendum
2845 3125 2934 3181 sit.
2967 3124 3284 3194 Quanquam
3323 3135 3379 3180 et
3421 3128 3524 3181 hoc
3568 3127 3644 3182 si-

2064 3213 2302 3284 gniﬁcet,
2329 3215 2468 3284 quod
2497 3215 2584 3270 ille
2609 3217 2662 3270 in
2692 3216 2918 3272 sindone
2944 3217 3142 3270 munda
3174 3216 3410 3271 involvat
3429 3215 3634 3282 Jesum,

2064 3304 2154 3373 qui
2176 3321 2307 3374 pura
2326 3320 2449 3360 eum
2470 3314 2651 3361 mente
2675 3308 2992 3376 susceperit.
3020 3306 3200 3379 (Βη.)
3225 3307 3359 3362 Hinc
3388 3308 3643 3364 Ecclesiae

2066 3408 2184 3451 mos
2208 3394 2462 3460 obtinuit,
2496 3405 2554 3449 ut
2589 3395 2914 3451 sacriﬁcium
2962 3396 3150 3452 altaris
3191 3412 3297 3453 non
3345 3398 3397 3452 iu
3444 3399 3640 3460 serico,

2063 3498 2236 3553 neque
2275 3484 2329 3538 in
2368 3501 2546 3556 panno
2575 3485 2762 3551 tincto,
2799 3487 2893 3542 sed
2929 3486 2980 3541 in
3023 3487 3132 3542 lino
3165 3495 3380 3543 terreno
3407 3487 3646 3543 celebre-

2063 3583 2170 3640 tur,
2199 3576 2340 3630 sicut
2377 3592 2572 3643 corpus
2615 3589 2699 3631 est
2730 3577 2939 3630 Domini
2969 3578 3020 3630 in
3065 3578 3293 3632 sindone
3328 3579 3528 3632 munda
3558 3594 3645 3633 se-

2060 3665 2289 3732 pultum,
2325 3663 2480 3733 juxta
2523 3666 2665 3732 quod
2692 3665 2745 3718 in
2774 3664 2951 3719 Gestis
2984 3664 3390 3722 Pontiﬁcalibus
3423 3683 3452 3721 a
3485 3669 3642 3724 beato

2059 3767 2197 3822 papa
2226 3752 2501 3822 Sylvestro
2527 3752 2752 3823 legimus
2776 3767 2895 3808 esse
2923 3760 3202 3806 statutum.

2132 3841 2198 3894 Et
2239 3843 2412 3912 posuit
2460 3841 2592 3896 illud
2639 3843 2694 3896 in
2723 3853 3052 3896 monumento
3087 3860 3182 3897 suo
3211 3861 3361 3910 novo,
3387 3845 3524 3917 quod
3551 3864 3642 3902 ex-

2060 3931 2256 3986 ciderat
2284 3933 2339 3984 in
2362 3941 2532 4002 petra,
2553 3941 2602 3986 et
2628 3931 2851 3986 advolvit
2872 3949 3059 3986 saxum
3085 3951 3329 4005 magnum
3356 3937 3426 3989 ad
3449 3937 3638 3992 ostium

2058 4023 2400 4086 monumenti,
2427 4031 2474 4076 et
2504 4021 2651 4076 abiit.
2677 4022 2732 4076 In
2765 4038 2903 4079 novo
2925 4024 3143 4094 ponitur
3171 4035 3538 4092 monumento,
3573 4043 3640 4081 nc

2055 4119 2178 4182 post
2199 4112 2645 4167 resurrectionem
2667 4113 2877 4168 caeteris
2897 4115 3212 4182 corporibus
3237 4117 3639 4171 remanentibus

2055 4203 2358 4258 surrexisse
2403 4201 2538 4257 alius
2578 4203 2890 4272 ﬁngeretur.
2931 4202 3114 4259 Potest
3155 4213 3332 4261 autem
3360 4212 3414 4258 et
3441 4220 3637 4264 novum

2057 4291 2358 4360 sepulcrum
2390 4287 2571 4346 Maria:
2608 4292 2831 4362 virginis
2856 4301 3068 4346 uterum
3111 4293 3517 4359 demonstrare,
3553 4309 3640 4348 sa-

2055 4401 2290 4456 xumque
2326 4385 2468 4441 ostio
2510 4385 2838 4456 appositum,
2883 4393 2938 4440 et
2974 4401 3166 4442 saxum
3213 4401 3464 4456 magnum
3507 4386 3638 4440 illud

2057 4479 2360 4543 ostendere,
2409 4477 2550 4548 quod
2570 4492 2676 4532 non
2709 4475 2910 4547 absque
2935 4476 3135 4532 auxilio
3159 4477 3508 4547 plurimorum
3535 4493 3638 4548 po-

2060 4569 2251 4623 tuisset
2293 4568 2596 4639 sepulcrum
2634 4567 2885 4622 reserari.
2924 4565 2999 4622 De
3037 4575 3384 4621 monumento
3425 4567 3633 4623 Domini

2056 4659 2239 4713 ferunt
2256 4661 2346 4728 qui
2370 4667 2553 4715 nostra
2576 4667 2734 4715 aetate
2759 4658 3146 4730 Hierosolymis
3176 4657 3345 4723 fuere,
3373 4659 3514 4728 quod
3540 4659 3637 4712 do-

2059 4768 2178 4806 mus
2233 4751 2395 4806 fuerit
2445 4753 2712 4817 rotunda,
2759 4753 2825 4806 de
2870 4751 3177 4821 subjaeente
3224 4765 3356 4820 rupe
3413 4751 3630 4814 excisa,

2060 4850 2220 4896 tantae
2248 4842 2562 4905 altitudinis,
2586 4850 2645 4895 ut
2671 4841 2815 4896 intus
2842 4843 3141 4896 consistens
3162 4842 3322 4895 homo
3354 4839 3438 4893 vix
3472 4855 3630 4894 manu

2054 4939 2271 4986 extenta
2300 4931 2509 4985 culmen
2556 4931 2726 5000 possit
2753 4932 3044 5002 attingere;
3091 4946 3210 5001 quae
3252 4929 3414 4983 habet
3466 4927 3636 4983 intro-

2056 5021 2188 5074 itum
2213 5020 2281 5074 ab
2310 5021 2542 5083 oriente,
2573 5021 2657 5074 cui
2689 5021 2823 5089 lapis
2852 5021 2938 5075 ille
2968 5034 3190 5089 magnus
3225 5015 3510 5072 advolutus
3546 5025 3633 5072 at-

2053 5128 2159 5181 que
2189 5112 2472 5179 impositus
2503 5119 2618 5176 est;
2654 5111 2704 5164 in
2731 5110 2884 5178 cujus
2908 5108 3233 5164 monumenti
3257 5116 3409 5177 parte
3432 5107 3634 5177 aquilo-

2053 5199 2160 5254 nali
2187 5199 2491 5268 sepulcrum
2521 5199 2714 5269 ipsum,
2741 5199 2843 5253 hoc
2870 5209 2949 5251 est
2978 5198 3127 5251 locus
3153 5196 3414 5251 Dominici
3441 5212 3632 5266 corpo-

2053 5290 2130 5344 ris
2151 5289 2216 5343 de
2241 5290 2428 5343 eadem
2454 5298 2604 5359 petra
2634 5288 2808 5343 factus
2842 5296 2948 5346 est.
2975 5294 3176 5356 septem
3221 5286 3424 5342 habens
3467 5288 3630 5358 pedes

2048 5377 2417 5450 longitudinis,
2451 5379 2611 5433 trium
2647 5393 2776 5432 vero
2809 5378 3106 5448 palmarum
3146 5393 3395 5432 mensura
3429 5387 3628 5434 caetero

2048 5469 2357 5540 pavimento
2379 5470 2538 5524 altius
2559 5469 2821 5524 eminens.
2850 5468 2948 5534 Qui
2974 5469 3217 5523 videlicet
3245 5469 3394 5524 locus
3414 5483 3516 5523 non
3536 5469 3630 5533 de-

2049 5575 2231 5631 super,
2255 5559 2394 5615 seda
2417 5560 2586 5615 latere
2610 5557 2907 5613 meridiano
2923 5573 3018 5628 per
3040 5567 3206 5613 totum
3230 5557 3464 5628 patulus,
3487 5558 3628 5612 unde

2051 5667 2246 5724 corpus
2273 5651 2622 5709 inferebatur.
2650 5648 2809 5707 Color
2830 5657 3007 5707 autem
3029 5647 3268 5722 ejusdem
3297 5646 3623 5706 monumenti
