4002 6188
346 317 486 376 1147

981 308 1043 364 Β.
1086 305 1339 391 ΒᾼΒΑΝΙ
1376 302 1597 359 MAI)!“
1634 298 1937 356 ARCHIEP.

2039 296 2307 356 BGUNT.
2346 295 2632 353 OPERUM
2671 295 2851 351 PARS
2888 295 2930 350 Ι.

2816 202 2828 229 Ι

3476 299 3614 355 1148

334 453 394 491 ac
434 431 594 488 loculi
624 427 925 486 rubicundo
971 434 1027 481 et
1066 386 1189 480 albo
1218 424 1416 479 dicitur
1448 434 1569 477 esse
1595 419 1908 490 permistus.
1940 418 1991 479 Α
2016 413 2182 468 tribus
2226 411 2407 467 diebus
2442 422 2490 467 et
2529 413 2697 467 tribus
2737 412 2976 466 noctibus
3023 409 3240 482 (Matth.
3272 411 3393 483 xu).
3426 386 3619 472 Restat

405 525 532 578 Erat
563 528 736 574 autem
761 518 832 573 ibi
864 518 1038 570 Maria
1072 513 1383 585 Magdalenc
1403 553 1417 573 .
1459 521 1508 566 et
1536 510 1704 565 altera
1735 509 1914 563 Maria

329 615 562 670 sedentes
581 613 742 683 juxta
767 608 1082 679 sepulcrum.
1112 607 1183 660 lo
1203 605 1347 659 Luca
1376 603 1604 673 legimus
1645 602 1772 671 quia
1801 608 1913 655 sta-

329 709 464 764 bant
485 720 677 762 omnes
700 704 812 761 noti
834 700 951 770 ejus
972 717 1001 754 a
1027 700 1205 773 longe,
1227 706 1285 753 et
1304 697 1556 751 mulieres
1578 709 1698 766 quae
1716 701 1916 750 secutzc

329 806 488 857 erant
516 812 639 854 eum
669 795 818 869 (Luc.
842 791 1021 865 χχιιι).
1056 791 1151 846 llis
1177 805 1307 861 ergo
1341 788 1486 844 notis
1511 787 1639 843 Iesu
1666 794 1790 856 post
1819 785 1916 839 de-

329 890 566 962 positum
590 887 709 956 ejus
729 900 924 955 corpus
949 884 1016 938 ad
1040 898 1137 938 sua
1160 880 1544 944 remeantibus,
1576 878 1704 934 sola:
1730 875 1918 931 mulie-

333 998 422 1036 res
450 996 568 1049 quae
596 979 797 1035 arctius
823 975 1078 1031 amabant
1102 975 1262 1029 funus
1285 974 1615 1036 subsecutae,
1649 968 1919 1041 quomodo

332 1080 632 1142 poneretur
658 1070 924 1138 inspicere
945 1066 1227 1128 curabant,
1254 1075 1314 1119 ut
1343 1065 1392 1118 ei
1415 1072 1656 1132 tempore
1679 1074 1918 1130 congruo

338 1177 534 1216 munus
556 1169 777 1232 possent
803 1157 1102 1214 devotionis
1124 1154 1339 1212 offerre.
1368 1154 1729 1208 Perseverant
1757 1153 1812 1204 in
1839 1149 1922 1205 of—

336 1251 460 1305 ficio
485 1254 860 1318 exspectantes
886 1243 1031 1314 quod
1056 1243 1379 1313 promiserat
1406 1240 1538 1305 suis,
1568 1246 1623 1292 et
1654 1237 1774 1291 ideo
1811 1249 1924 1290 me-

339 1351 564 1397 ruerunt
585 1338 775 1409 primm
800 1337 982 1390 videre
1014 1334 1484 1391 resurrectionem.
1518 1331 1626 1386 Sed
1660 1337 1716 1384 et
1738 1330 1923 1383 hacte-

340 1449 441 1488 nus
470 1416 671 1486 sanctie
699 1429 953 1484 mulieres
986 1428 1072 1482 die
1098 1428 1445 1489 Paraseeves,
1475 1425 1525 1478 id
1553 1431 1635 1477 est
1654 1437 1924 1491 praepara-

346 1525 526 1590 tionis,
555 1523 695 1578 idem
728 1522 951 1584 faciunt,
978 1536 1099 1575 cum
1127 1520 1321 1573 anima:
1348 1517 1579 1572 humiles
1598 1525 1653 1571 et
1675 1531 1782 1585 quo
1812 1530 1925 1568 ma-

336 1615 476 1685 joris
508 1613 609 1668 sibi
638 1613 869 1667 conseim
918 1609 1251 1681 fragilitatis,
1282 1624 1347 1662 eo
1392 1606 1581 1675 majori
1628 1605 1924 1660 Salvatoris

344 1720 530 1760 amore
559 1704 844 1767 ferventes,
878 1703 1142 1773 passionis
1183 1698 1299 1769 ejus
1337 1699 1576 1769 vestigiis
1603 1699 1655 1752 in
1693 1699 1796 1752 hoc
1831 1712 1928 1752 sae-

2015 520 2145 576 ergo
2162 511 2222 557 ut
2235 501 2326 556 illo
2349 502 2754 573 Scripturarum
2776 501 3130 557 usitatissimo
3150 500 3405 569 loquendi
3432 505 3617 574 modo,

2015 611 2123 665 quo
2170 612 2203 651 a
2246 605 2404 667 parte
2453 601 2621 648 totum
2663 591 3013 663 intelligitur,
3064 591 3406 646 inveniamus
3435 602 3621 649 extre-

2016 704 2164 744 mum
2218 689 2360 743 diem
2402 696 2615 756 tempus
2650 697 3005 753 parasceves,
3048 696 3157 751 quo
3194 681 3488 751 cruciﬁxus
3533 693 3622 741 est

2017 789 2072 837 et
2108 779 2368 851 sepultus,
2397 788 2453 833 et
2492 792 2563 832 ex
2616 777 2730 846 ipsa
2768 784 3014 831 extrema
3058 785 3214 845 parte
3263 783 3436 831 totum
3473 778 3621 844 diem

2018 882 2140 922 cum
2169 883 2267 921 sua
2297 874 2476 931 nocte,
2497 866 2590 937 qui
2611 863 2724 934 jam
2755 872 3008 934 peractus
3032 862 3235 929 fuerat,
3263 866 3619 935 accipiamus.

2020 959 2248 1014 Medium
2276 973 2424 1023 vero,
2471 959 2524 1012 id
2551 966 2636 1012 est
2673 956 2885 1011 sabbati
2915 956 3078 1019 diem.
3119 971 3226 1011 non
3255 971 3287 1010 a
3323 965 3499 1026 parte,
3527 959 3622 1013 sed

2020 1050 2227 1119 integre
2255 1057 2449 1103 totum.
2487 1047 2728 1103 Tertium
2757 1061 2947 1101 rursus
2970 1062 3002 1101 a
3030 1056 3188 1117 parte
3215 1062 3313 1102 sua
3340 1047 3537 1118 prima,
3566 1048 3619 1102 id

2021 1149 2123 1205 est,
2151 1155 2183 1194 a
2206 1148 2368 1195 nocte
2398 1148 2567 1195 totum
2603 1153 2726 1194 cum
2763 1152 2862 1193 suo
2903 1138 3099 1193 diurno
3119 1145 3365 1208 tempore
3397 1156 3411 1191 :
3443 1147 3499 1192 et
3541 1139 3623 1193 sic

2022 1232 2262 1287 triduum
2292 1232 2417 1286 erit.

2091 1322 2229 1377 lube
2254 1339 2376 1393 ergo
2405 1323 2657 1377 custodiri
2692 1321 2990 1394 sepulcrum
3038 1337 3203 1393 usque
3240 1323 3297 1377 in
3338 1324 3475 1378 diem
3513 1334 3625 1379 ter-

2006 1417 2174 1477 tium,
2204 1431 2268 1468 ne
2303 1415 2439 1484 forte
2465 1416 2675 1469 ueniant
2700 1413 2944 1484 discipuli
2971 1415 3110 1484 ejus,
3137 1422 3185 1467 et
3208 1414 3455 1484 furentur
3475 1432 3618 1483 eum,

2025 1515 2075 1561 et
2102 1505 2279 1559 dicant
2313 1503 2446 1575 plebi
2482 1519 2500 1556 :
2532 1502 2773 1559 Surrexit
2812 1520 2845 1558 a
2874 1503 3132 1569 mortuis;
3173 1514 3226 1558 et
3267 1506 3366 1558 erit
3402 1506 3626 1560 novissi-

2025 1612 2142 1651 mus
2181 1613 2330 1650 error
2366 1596 2514 1667 pejor
2550 1597 2746 1666 priore.
2791 1594 3076 1665 Principes
3116 1609 3253 1665 ergo
3278 1597 3625 1651 sacerdotum

2028 1696 2082 1743 et
2104 1686 2365 1743 Pharisaei
2397 1702 2518 1741 cum
2549 1686 2857 1742 senioribus
2876 1684 3209 1751 Iudaeorum,
3242 1685 3371 1740 licet
3397 1688 3628 1741 immen-

345 1797 488 1860 eulo,
533 1810 641 1865 quo
682 1768 899 1863 requies
940 1802 1021 1847 est
1065 1768 1448 1863 pneparanda,
1482 1768 1662 1844 futura
1699 1789 1928 1859 diligen-
1958 1768 2005 1827 Β
2032 1795 2150 1837 sum
2192 1778 2401 1836 facinus
2444 1781 2500 1834 in
2539 1792 2672 1833 nece
2708 1775 2921 1831 Domini
2962 1775 3412 1846 perpetraverint,
3444 1785 3628 1829 tanien

344 1899 429 1942 ter
449 1887 841 1955 obsequuntur,
865 1892 919 1939 et
942 1884 989 1938 si
1014 1883 1153 1937 forte
1173 1883 1387 1936 valeant
1411 1881 1609 1936 imitari
1634 1883 1719 1950 pia
1745 1880 1930 1935 curio-

346 1980 507 2033 sitate
532 1993 638 2048 quo
665 1976 853 2032 ordi::e
884 1975 954 2029 sit
988 1975 1173 2029 eadem
1207 1973 1387 2043 passio
1418 1971 1680 2041 completa
1703 1986 1932 2041 perpen-

347 2068 500 2121 dunL

409 2155 592 2210 Altera
619 2164 791 2209 autem
820 2154 906 2207 die
942 2168 1060 2224 qua?
1097 2161 1172 2206 cst
1225 2161 1338 2222 post
1376 2149 1720 2205 Parasceven.
1763 2149 1932 2204 Para-

346 2261 505 2302 sccve
544 2261 693 2311 vero,
721 2256 781 2300 ut
822 2245 1075 2307 diximus,
1106 2243 1293 2298 Graece
1319 2251 1374 2297 et
1402 2242 1592 2296 Latine
1612 2250 1930 2313 prazparatto

348 2337 566 2392 dicitur.
594 2337 710 2403 Quo
742 2335 957 2389 nomine
981 2334 1150 2389 Judmi
1190 2335 1280 2403 qui
1330 2334 1474 2387 inter
1505 2330 1724 2389 Graecos
1754 2346 1933 2385 mora-

350 2429 568 2493 bantur,
598 2437 805 2481 sextam
834 2425 1043 2480 sabbati
1074 2425 1438 2494 appellabant,
1465 2438 1531 2480 eo
1568 2424 1711 2494 quod
1751 2423 1805 2477 in
1840 2422 1932 2478 illo

353 2534 417 2571 ea
460 2532 581 2588 qua:
620 2518 824 2587 requiei
864 2517 1074 2571 sabbati
1118 2517 1424 2571 necessaria
1468 2523 1683 2581 essent,
1724 2530 1933 2586 prtepa-

360 2625 483 2664 rare
511 2608 770 2675 solerent,
806 2607 961 2678 juxta
999 2610 1100 2663 hoc
1136 2609 1278 2678 quod
1318 2609 1383 2662 de
1426 2622 1622 2662 manna
1660 2608 1931 2677 quondam

351 2709 684 2769 praeceptum
711 2709 823 2767 est,
873 2701 1033 2757 Sexta
1071 2711 1247 2754 autem
1285 2701 1371 2754 die
1396 2700 1648 2771 colligetis
1691 2699 1930 2770 duplum,

351 2801 457 2846 etc.
511 2791 706 2863 (Exod.
762 2791 906 2863 xvi).
958 2792 1093 2859 Quia
1145 2808 1273 2862 ergo
1314 2800 1466 2846 sexta
1514 2791 1602 2846 die
1638 2792 1802 2846 homo
1848 2790 1933 2845 fa—

357 2893 500 2950 ctus,
549 2892 603 2939 et
651 2892 760 2939 tota
802 2894 886 2939 est
912 2884 1097 2939 mundi
1121 2893 1369 2939 creatura
1396 2882 1659 2955 perfecta,
1705 2884 1933 2954 septima

354 2983 534 3028 autem
564 2976 811 3031 conditor
836 2976 902 3030 ab
933 2991 1095 3045 opere
1119 2991 1217 3030 suo
1246 2975 1529 3044 requievit,
1553 2975 1695 3030 unde
1721 2983 1774 3030 et
1797 2975 1936 3028 hanc

352 3064 651 3129 sabbatum,
678 3065 729 3119 id
758 3074 839 3120 est
864 3066 1128 3134 requiem,
1152 3065 1319 3120 voluit
1343 3065 1623 3135 appellari,
1652 3074 1797 3121 recte
1819 3063 1937 3120 Sal-

2031 1891 2139 1930 non
2160 1873 2363 1930 sufficit
2380 1871 2482 1934 eis,
2504 1868 2609 1922 nisi
2638 1866 2800 1921 etiam
2821 1875 2944 1935 post
2964 1873 3198 1919 mortem
3216 1865 3334 1935 ejus
3352 1874 3631 1933 concepta:

2031 1964 2285 2035 nequitiae
2304 1963 2455 2016 virus
2474 1960 2528 2014 in
2549 1958 2734 2028 pravis
2753 1956 2997 2013 consiliis
3023 1966 3078 2010 et
3100 1955 3290 2010 fraude
3316 1962 3628 2018 exerceant,

2035 2063 2091 2112 et
2112 2053 2396 2110 venenatis
2420 2050 2618 2121 linguis
2646 2049 2847 2102 famam
2886 2046 3004 2116 ejus
3035 2047 3300 2111 lacerent,
3340 2061 3501 2115 quem
3543 2045 3631 2099 iu-

2046 2154 2328 2203 nocentem
2352 2142 2613 2197 sciebant.
2640 2139 2989 2194 Seductorem
3012 2151 3137 2192 eum
3160 2144 3372 2199 vocant,
3397 2134 3634 2205 discipu—

2033 2239 2119 2294 los
2146 2237 2265 2307 ejus
2284 2233 2417 2287 furti
2439 2237 2693 2303 arguunt,
2713 2237 2773 2285 et
2798 2229 2941 2298 quod
2974 2229 3078 2298 ipsi
3118 2236 3292 2290 erant,
3314 2228 3377 2280 de
3393 2226 3513 2280 aliis
3537 2241 3629 2280 su-

2035 2332 2335 2403 spicantur.
2363 2326 2589 2398 Mystice
2614 2332 2794 2378 autem
2820 2323 2958 2376 sicut
2975 2318 3210 2391 Caiphas
3232 2321 3477 2390 ignorans
3490 2326 3630 2375 ante

2032 2420 2460 2495 prophetizabat,
2490 2418 2677 2472 dicens
2706 2432 2720 2469 τ
2755 2413 2981 2485 Expedit
3006 2429 3170 2466 unum
3195 2412 3455 2465 hominem
3495 2410 3634 2462 mori

2031 2532 2126 2585 pro
2156 2511 2371 2585 populo,
2399 2520 2453 2564 ut
2480 2524 2581 2564 non
2602 2516 2710 2561 tota
2732 2522 2857 2577 gens
2876 2517 3074 2577 pereat,
3103 2504 3245 2558 sicut
3271 2503 3425 2557 modo
3448 2501 3500 2555 in
3525 2516 3627 2556 no-

2033 2607 2179 2662 mine
2202 2605 2569 2672 seductorum,
2591 2606 2647 2653 et
2673 2597 2819 2652 furto
2842 2595 3253 2665 discipulorum,
3284 2593 3421 2647 idem
3447 2606 3629 2646 sacer-

2035 2703 2191 2758 dotes
2251 2706 2308 2753 et
2365 2694 2625 2751 Pharisaei
2676 2704 2866 2747 verum
2916 2688 3303 2760 vaticinautur,
3363 2684 3634 2741 Seductor

2026 2794 2177 2848 'enim
2217 2799 2334 2846 erat
2368 2788 2643 2852 Christus,
2676 2799 2784 2839 non
2828 2791 2890 2838 ut
2937 2781 3015 2836 illi
3053 2780 3388 2835 arbitrantur
3421 2794 3453 2832 a
3490 2778 3637 2834 veri-

2038 2896 2148 2942 tate
2184 2886 2237 2940 in
2282 2897 2522 2939 errorem
2560 2880 2802 2943 mittens,
2844 2876 2941 2933 sed
2982 2891 3013 2931 a
3053 2875 3288 2930 falsitate
3329 2874 3396 2930 ad
3430 2874 3636 2930 verita-

2036 2985 2168 3042 tem,
2219 2974 2288 3030 ab
2333 2971 2652 3028 infidelitate
2705 2970 2771 3024 ad
2816 2967 3007 3031 ﬁdem,
3037 2982 3067 3020 a
3114 2966 3262 3020 vitiis
3291 2967 3359 3021 ad
3406 2966 3633 3020 virtutes

2040 3068 2259 3126 monitis
2285 3068 2594 3129 trahens,et
2619 3079 2647 3117 a
2670 3070 2844 3116 morte
2857 3060 2960 3115 sibi
2984 3060 3349 3128 obsequentes
3376 3057 3444 3112 ad
3466 3058 3634 3112 vitam

358 3162 513 3208 valor
538 3156 726 3209 eadem
758 3165 907 3210 sexta
937 3157 1022 3210 die
1048 3155 1356 3219 cruciﬁxus,
1394 3159 1640 3211 humana:
1665 3166 1938 3211 restaura-
1964 3141 2009 3203 (εἷ
2043 3161 2266 3216 ducens.
2299 3156 2437 3224 Quia
2465 3155 2606 3209 sicut
2634 3151 2879 3207 diabolus
2907 3149 3177 3204 mediator
3200 3156 3286 3203 est
3309 3147 3377 3201 ad
3406 3154 3635 3201 mortem

357 3244 520 3298 tionis
544 3244 780 3314 implevit
804 3260 1082 3299 arcanum.
1109 3247 1338 3315 Ideoque
1360 3263 1480 3301 cum
1504 3248 1799 3316 accepisset
1822 3260 1943 3305 ace.-

360 3343 493 3396 tum,
524 3335 659 3387 dixit
689 3334 1153 3389 :Consummatum
1190 3347 1285 3401 est,
1331 3338 1433 3392 hoc
1459 3346 1564 3403 est,
1607 3346 1772 3393 sextae
1815 3338 1939 3402 diei,

360 3423 501 3490 quod
532 3438 631 3493 pro
664 3426 848 3479 mundi
895 3425 1188 3482 refectione
1217 3431 1450 3498 suscepi,
1492 3429 1602 3497 jam
1653 3441 1824 3485 totum
1861 3439 1946 3484 est

360 3529 495 3583 opus
524 3514 815 3584 expletum.
850 3515 1088 3573 Sabbato
1123 3526 1301 3572 autem
1343 3519 1398 3571 in
1439 3519 1686 3589 sepulcro
1736 3520 1945 3590 requie-

360 3618 517 3658 scens
547 3605 977 3671 resurrectionis,
1000 3621 1119 3675 qua:
1133 3614 1324 3661 octava
1349 3607 1435 3661 die
1458 3615 1679 3661 ventura
1698 3615 1834 3671 emt,
1860 3622 1947 3661 ex-

362 3694 641 3764 spectabat
681 3704 953 3749 eventum.
983 3694 1084 3750 Ubi
1114 3704 1316 3751 nostraa
1354 3697 1513 3752 simul
1541 3697 1845 3752 devotionis
1881 3711 1947 3753 ac

362 3785 533 3838 beatae
575 3785 948 3839 retributionis
996 3786 1251 3856 praelucet
1294 3787 1632 3858 exemplum,
1694 3804 1831 3858 quos
1890 3789 1946 3844 in

361 3878 467 3932 hac
503 3878 717 3948 quidem
745 3888 895 3933 sexta
932 3878 1110 3933 saeculi
1148 3888 1306 3935 aetate
1338 3894 1440 3949 pro
1472 3879 1701 3935 Domino
1727 3882 1860 3950 pati,
1891 3891 1947 3936 et

365 3967 510 4021 velut
548 3969 746 4022 mundo
776 3984 996 4024 necesse
1025 3977 1106 4024 est
1158 3969 1420 4039 cruciﬁgi.
1452 3970 1507 4024 In
1550 3971 1774 4042 septima
1817 3987 1948 4026 vero

363 4065 541 4120 :etatc,
576 4058 627 4111 id
651 4066 754 4122 est,
792 4073 911 4113 cum
940 4059 1073 4113 lethi
1098 4059 1219 4129 quis
1246 4060 1481 4114 debitum
1512 4061 1692 4127 solvit,
1722 4076 1948 4133 corpora

358 4150 580 4218 quidem
627 4150 684 4203 in
723 4150 961 4214 tumulis,
1008 4151 1217 4204 animas
1251 4159 1429 4206 autem
1472 4160 1680 4208 secreta
1722 4153 1776 4207 in
1817 4167 1948 4224 pace

362 4258 488 4296 cum
530 4241 759 4296 Domino
808 4256 1049 4297 manere.
1084 4243 1151 4296 Et
1186 4251 1308 4312 post
1348 4244 1486 4298 bona
1529 4251 1740 4316 oportet
1784 4259 1949 4315 opera

360 4333 668 4394 quiescere,
691 4332 860 4386 donec
881 4328 1067 4387 octava
1089 4333 1304 4387 tandem
1327 4334 1570 4389 veniente
1590 4342 1767 4401 aetate,
1787 4336 1947 4390 etiam

360 4436 592 4492 corpora
626 4422 738 4491 ipsa
768 4420 1165 4479 resurrectione
1191 4423 1486 4496 gloriti‘cata
1519 4439 1640 4479 cum
1666 4425 1949 4480 animabus

368 4515 525 4568 simul
560 4515 1016 4584 incorruptionem
1044 4525 1263 4571 :zeterna:
1301 4517 1633 4572 hmreslitatis
1660 4517 1944 4586 accipiant.

370 4603 524 4665 Unde
560 4603 785 4677 pulchre
824 4605 1050 4676 septima
1075 4605 1190 4660 dies
1230 4605 1285 4658 in
1310 4604 1502 4659 Genesi
1532 4620 1813 4673 vesperam
1846 4606 1946 4659 ha-

368 4693 551 4748 luisse
590 4708 694 4746 non
720 4692 933 4763 legitur.
966 4694 1101 4760 Quia
1126 4695 1343 4764 requies
1380 4694 1680 4748 animarum
1710 4711 1831 4765 quae
1859 4695 1949 4750 illo

370 4784 424 4839 in
443 4783 638 4838 saeculo
657 4799 801 4838 nunc
823 4793 906 4839 est
924 4800 1030 4839 non
1054 4784 1162 4839 ullo
1184 4786 1547 4841 consumenda
1572 4801 1825 4851 maerore,
1855 4789 1949 4842 sed

366 4874 614 4950 pleniore
644 4875 840 4948 gaudio
856 4875 1050 4932 futurae
1072 4885 1156 4932 est
1181 4878 1591 4932 resurrectiOnis
1613 4879 1946 4950 adaugenda.

443 4965 803 5023 Convenerunt
849 4969 1106 5039 principes
1135 4971 1465 5023 sacerdotum
1504 4979 1550 5022 et
1593 4968 1855 5023 Phariswi
1880 4969 1951 5023 ad

374 5054 612 5121 Pilatum
626 5057 855 5112 dicentes
878 5072 896 5109 :
924 5057 1167 5124 Damine,
1197 5059 1456 5113 recordati
1486 5075 1690 5123 sumus,
1716 5060 1841 5130 quia
1867 5076 1952 5114 se-

370 5148 563 5209 ductor
587 5148 675 5202 ille
689 5149 824 5202 dixit
845 5148 1017 5203 adhuc
1035 5149 1205 5203 uirens
1219 5162 1237 5199 :
1256 5147 1382 5203 Post
1406 5158 1507 5203 tres
1531 5150 1641 5203 dies
1665 5167 1951 5221 resurgam.

373 5238 554 5308 Ipsum
585 5247 763 5294 autem
792 5240 1052 5303 triduum,
1097 5255 1205 5309 quo
1243 5238 1501 5294 Dominus
1530 5249 1773 5297 mortuus
1796 5250 1880 5297 est
1904 5252 1961 5298 et

379 5329 697 5396 resurrexit,
728 5328 832 5384 nisi
872 5330 978 5385 isto
1001 5330 1253 5401 loquendi
1297 5332 1477 5396 modo,
1509 5349 1616 5402 quo
1642 5349 1670 5386 a
1698 5338 1850 5404 parte
1879 5342 1961 5389 to-

380 5429 492 5472 tum
514 5417 619 5474 dici
643 5420 800 5485 solet,
831 5429 979 5476 recte
1011 5421 1233 5490 intelligi
1266 5438 1368 5477 non
1397 5432 1593 5492 potest.
1624 5424 1740 5493 Ipse
1765 5425 1962 5495 quippe

381 5510 454 5563 ait
483 5527 496 5563 :
531 5508 681 5565 Sicut
704 5511 840 5565 enim
864 5509 1033 5566 Jonas
1056 5511 1156 5582 fuit
1184 5513 1237 5566 in
1266 5523 1440 5567 ventre
1462 5515 1560 5567 ceti
1593 5516 1757 5570 tribus
1779 5518 1960 5571 diebus

386 5610 434 5653 et
450 5601 612 5655 tribus
625 5602 879 5665 noctibus,
897 5602 972 5656 sic
982 5603 1078 5655 erit
1092 5613 1139 5655 et
1156 5600 1325 5657 Filius
1338 5603 1562 5657 hominis
1575 5604 1629 5658 in
1641 5606 1794 5661 corde
1811 5617 1964 5663 terra:

1975 4478 2027 4542 D

1993 3295 2005 3308 .
2043 3252 2288 3310 homines
2315 3246 2643 3311 scduccndo,
2674 3246 2746 3300 ita
2776 3251 2833 3299 et
2859 3242 3106 3298 Christus
3138 3240 3406 3294 mediator
3444 3247 3528 3292 est
3568 3237 3639 3291 ad

2042 3347 2230 3410 vitam,
2258 3342 2515 3398 mundum
2546 3337 2656 3393 Deo
2684 3334 3101 3391 reconciliando.
3132 3330 3389 3399 Discipuli
3424 3343 3642 3398 quoque

2044 3432 2342 3492 Salvatoris
2382 3430 2530 3485 fures
2567 3426 2922 3499 spiritualiter
2970 3431 3148 3489 erant,
3198 3436 3307 3476 non
3358 3418 3499 3490 quod
3542 3432 3646 3488 per

2045 3526 2286 3583 fraudem
2316 3523 2496 3591 aliqua
2531 3535 2560 3574 a
2588 3519 2746 3590 justis
2779 3513 3183 3586 possessoribus
3218 3511 3507 3572 auferrent,
3540 3509 3641 3562 sed

2046 3618 2171 3689 quia
2212 3631 2242 3670 a
2287 3611 2752 3681 contemptoribus
2779 3616 2833 3662 et
2870 3606 3096 3676 ingratis
3116 3620 3180 3659 ea
3212 3619 3328 3671 qua:
3353 3601 3454 3655 sibi
3482 3615 3512 3652 a
3542 3600 3637 3667 pio

2047 3712 2328 3770 conditore
2338 3708 2514 3764 oblata
2542 3704 2757 3760 fuerant
2775 3700 3110 3771 accipienda,
3127 3706 3181 3752 et
3199 3696 3413 3759 utenda,
3432 3694 3640 3761 scripta

2046 3803 2298 3860 videlicet
2340 3798 2475 3854 Novi
2502 3806 2557 3852 et
2600 3792 2809 3850 Veteris
2856 3788 3210 3851 Testamenti,
3254 3802 3374 3842 cum
3425 3785 3527 3854 ipsi
3572 3799 3642 3838 ea

2048 3897 2386 3963 spernerent,
2418 3903 2516 3959 per
2533 3886 2737 3956 justum
2770 3881 3031 3951 judicium
3061 3879 3260 3941 ablata,
3288 3877 3340 3930 in
3367 3890 3500 3929 usus
3538 3874 3645 3927 Ee-

2048 3987 2226 4042 clesia:
2248 3980 2619 4041 conferebant,
2646 3984 2701 4031 et
2741 3973 3075 4029 Salvatoreui
3099 3970 3189 4040 qui
3214 3970 3294 4025 eis
3319 3968 3640 4038 promissus,

2049 4095 2104 4137 et
2132 4082 2328 4135 missus
2361 4076 2556 4139 fuerat,
2589 4072 2694 4126 illis
2721 4079 2877 4125 nocte
2905 4065 3355 4131 dormitantibus,
3401 4065 3503 4119 hoc
3535 4067 3639 4125 cst,

2049 4172 2362 4231 inﬁdelitate
2386 4165 2724 4238 torpentibus
2742 4205 2756 4229 ,
2786 4162 3141 4225 abstulerant,
3167 4168 3221 4214 et
3250 4158 3501 4229 gentibus
3525 4169 3645 4209 cre-

2051 4263 2284 4319 dendum
2314 4258 2618 4315 tradebant.
2655 4253 2807 4309 Unde
2823 4262 2878 4308 et
2904 4253 3019 4322 ipse
3046 4249 3294 4305 Salvator
3320 4249 3375 4303 in
3398 4247 3643 4316 Evange-

2051 4353 2123 4409 lio
2152 4350 2349 4406 Iudaeis
2385 4349 2461 4401 ait
2488 4365 2500 4399 :
2536 4344 2814 4412 Auferctur
2843 4360 2873 4396 a
2904 4342 3047 4396 vobis
3085 4355 3299 4410 regnum
3332 4338 3448 4397 Dei,
3470 4347 3519 4391 et
3543 4337 3646 4389 da-

2053 4442 2192 4498 bitur
2213 4441 2351 4512 genti
2378 4437 2589 4508 facienti
2615 4435 2816 4505 fructus
2832 4432 2946 4502 ejus
2970 4429 3183 4503 (Matth.
3208 4427 3348 4493 XXI).
3375 4427 3442 4480 Et
3462 4426 3514 4479 in
3538 4425 3643 4480 Ac-

2055 4535 2197 4590 tibus
2225 4531 2588 4603 apostolorum
2615 4525 2813 4581 Paulus
2836 4534 2892 4579 et
2920 4523 3197 4577 Barnabas
3226 4521 3426 4575 Iudaeis
3462 4519 3643 4576 rebel-

2053 4622 2291 4678 lantibus
2323 4627 2380 4673 et
2421 4614 2918 4673 contradicentibus
2954 4610 3247 4680 Evangelia
3294 4606 3521 4673 Christi,
3562 4608 3646 4663 di-

2055 4718 2253 4766 xerunt
2281 4728 2293 4763 :
2331 4707 2484 4762 Vobis
2510 4705 2773 4777 oportebat
2802 4703 3024 4772 recipere
3038 4701 3244 4756 verbum
3270 4699 3385 4766 Dei,
3406 4699 3497 4753 sed
3516 4699 3645 4768 quia

2057 4797 2314 4860 noluistis,
2352 4806 2400 4850 et
2433 4795 2675 4865 indignos
2709 4810 2795 4848 vos
2822 4791 3104 4863 judicastis
3126 4800 3336 4846 (eterna:
3360 4790 3493 4855 vim,
3525 4806 3647 4845 cccc

2058 4887 2406 4941 convertimur
2452 4883 2520 4938 ad
2558 4891 2732 4954 gentes
2762 4882 2897 4948 (Act.
2935 4880 3079 4951 xm).
3112 4878 3270 4949 Pejor
3315 4880 3509 4950 quippe
3537 4879 3649 4935 erit

2060 4993 2215 5031 error
2250 4975 2594 5039 novissimus,
2627 4974 2920 5029 secundum
2950 4974 3271 5028 sententiam
3308 4970 3642 5038 Judteorum,

2056 5080 2241 5120 errore
2267 5064 2468 5134 priore,
2498 5066 2623 5132 quia
2647 5078 2774 5118 vere
2806 5062 2913 5117 illis
2949 5061 3101 5132 pejor
3132 5061 3423 5117 infidelitas
3461 5076 3647 5117 resur-

2058 5157 2315 5212 rectionis
2345 5171 2506 5226 quam
2535 5155 2827 5210 crudelitas
2868 5156 3074 5216 crucis,
3123 5153 3276 5225 pejor
3299 5161 3649 5224 contemptus

2060 5248 2390 5320 paenitentiae
2425 5260 2587 5317 quam
2630 5261 2785 5301 error
2824 5245 3138 5313 ignorantiae
3166 5257 3215 5298 ι.
3310 5286 3323 5299 .
3411 5285 3425 5297 .
3519 5282 3535 5295 .
3626 5283 3643 5299 .

2068 5519 2227 5590 longe
2250 5528 2334 5575 est
2358 5518 2597 5582 Galileea,
2627 5526 2686 5572 ut
2714 5534 2821 5572 uno
2846 5517 2931 5571 die
2956 5516 3025 5570 ab
3048 5517 3127 5571 eis
3168 5526 3398 5587 utroque
3423 5517 3545 5571 loco
3564 5517 3649 5571 vi-

2071 5610 2183 5666 dcri
2211 5626 2316 5664 non
2360 5617 2573 5680 posset,
2608 5615 2661 5662 et
2700 5606 2872 5662 Lucas
2894 5616 2948 5662 et
2973 5606 3206 5662 Joannes
3239 5606 3373 5661 satis
3414 5607 3649 5663 dilucide

512 5709 609 5765 llic
631 5709 823 5767 desunt
848 5712 1051 5781 aliquot
1083 5712 1229 5775 folia,
1259 5729 1375 5784 qum
1411 5715 1571 5769 etiam
1602 5717 1669 5770 ob
1718 5718 1942 5773 militum
1983 5722 2331 5792 petulantiam
2364 5722 2659 5793 perierunt.
2687 5720 2895 5776 Emron
2925 5718 3289 5777 Cocosumsxs.
