4002 6188
335 266 470 324 nte

1252 266 1601 324 COMMENT.
1636 268 1704 325 lN
1741 269 2169 327 ΜᾹΤἸῊᾹΞΠΜ.
2212 300 2284 315 -ι
2315 271 2442 328 LIB.
2483 272 2610 328 Vill;

3428 277 3587 335 “30

332 384 696 450 manifestam,
720 383 838 453 ipso
859 382 948 439 die
981 383 1390 438 resurrectionis
1412 384 1532 453 ejus
1565 384 1739 438 visum
1770 399 1890 439 esse
1917 393 1965 449 Α
1993 386 2154 441 etiam
2186 388 2506 455 tangendum
2536 388 2876 457 postmodum
2919 388 3177 454 ostendit,
3236 392 3328 446 sed
3371 406 3564 448 secun-

334 474 615 546 Dominum
646 475 701 529 in
721 471 1037 528 Jerusalem.
1067 470 1306 526 Primum
1333 487 1365 525 a
1392 471 1558 527 Maria
1585 472 1896 543 Magdalenc

330 565 394 618 ad
426 571 852 625 monumentum,
888 562 1102 630 quando
1136 564 1184 616 ei
1208 562 1540 617 desideranti
1573 562 1738 631 pedes
1777 563 1896 632 ejus

329 652 577 722 amplecti
603 652 800 707 dictum
830 658 944 716 est,
978 650 1105 705 Noli
1132 667 1213 705 nte
1235 662 1462 721 tangere.
1493 652 1693 707 Deinde
1720 652 1892 707 eidem

328 749 383 797 et
419 743 508 796 alii
537 742 717 797 Maria:
755 757 787 795 a
823 749 1172 797 monumento
1212 743 1555 799 currentibus
1589 742 1894 797 nuntiatum

328 832 599 901 discipulis
628 848 749 902 quas
791 833 863 887 ab
885 832 1091 903 angelis
1125 832 1192 888 de
1224 840 1440 902 peracta
1479 832 1597 903 ejus
1649 846 1892 889 resurre-

327 922 501 977 ctione
529 921 825 977 didicerant
849 937 865 977 :
894 922 971 977 De
1005 922 1201 992 quibus
1227 924 1484 993 scriptum
1507 931 1606 988 est,
1638 922 1777 988 Quia
1805 939 1899 976 ac.

325 1018 604 1076 cesserunt,
624 1019 674 1065 et
695 1020 968 1066 tenuerunt
985 1011 1138 1082 pedes
1157 1013 1295 1082 ejus,
1315 1022 1364 1067 et
1383 1014 1727 1068 adorauerunt
1750 1030 1887 1068 eum.

324 1098 585 1168 Apparuit
603 1107 784 1155 autem
809 1108 865 1155 et
888 1101 1006 1171 ipso
1037 1101 1125 1156 die
1150 1102 1646 1171 advesperascente,
1686 1104 1892 1158 duobus

325 1189 573 1244 euntibus
596 1190 650 1243 in
670 1190 945 1245 castellum
962 1191 1234 1257 Emmaus,
1257 1193 1349 1261 qui
1373 1207 1495 1247 eum
1517 1193 1583 1246 ad
1596 1193 1889 1262 hospitium

323 1286 581 1334 vocantes
619 1281 673 1334 in
712 1280 868 1350 panis
911 1280 1171 1336 fractione
1204 1290 1585 1353 cognoverunt.
1629 1282 1892 1352 Apparuit

324 1381 380 1426 et
414 1371 593 1428 Petro.
623 1371 774 1439 Quod
796 1374 843 1427 si
872 1374 1198 1444 evangelista
1225 1374 1438 1444 quando
1467 1373 1550 1429 vel
1572 1373 1662 1428 ubi
1687 1372 1887 1428 factum

323 1462 394 1517 sit
453 1463 671 1517 minime
720 1462 1105 1534 designaverit,
1154 1472 1332 1520 tamen
1392 1466 1517 1534 quia
1568 1463 1772 1519 factum
1819 1464 1890 1519 sit

322 1564 429 1604 non
487 1558 627 1605 tacet
674 1552 936 1618 scribens,
979 1552 1107 1621 quia
1158 1567 1280 1607 cum
1333 1552 1542 1622 przm‘ati
1583 1553 1689 1608 duo
1725 1552 1887 1608 disci-

323 1643 457 1711 puli,
489 1644 703 1713 cognito
728 1644 954 1699 Domino
995 1643 1051 1698 in
1080 1645 1354 1709 Emmaus,
1382 1645 1563 1699 statim
1600 1644 1888 1700 rediissent

1996 476 2120 528 dum
2156 474 2298 528 illam
2331 475 2650 529 ineﬂ'abilem
2680 476 2881 539 lucem,
2911 492 3015 545 qua
3049 477 3314 535 illuminat
3346 496 3561 535 omnem

1994 563 2265 616 hominem
2320 564 2619 617 venientem
2660 564 2714 617 in
2756 565 2897 637 hunc
2944 567 3225 632 mundum,
3267 570 3561 625 secundum

1993 665 2155 720 quam
2192 650 2332 705 lucet
2370 652 2423 705 in
2470 652 2729 715 tenebris,
2767 661 2821 707 et
2859 655 3095 707 tenebrae
3122 670 3242 708 eum
3284 672 3387 709 non
3419 672 3562 711 com-

1992 741 2407 809 prehenderunt.
2446 740 2575 795 Illuc
2605 757 2703 795 nos
2740 743 3016 810 praecessit
3055 745 3197 799 unde
3234 747 3301 798 ad
3344 762 3441 802 nos
3470 763 3560 801 ve-

1993 832 2148 887 niens
2172 847 2277 886 non
2311 832 2552 895 recessit,
2582 841 2634 886 et
2657 847 2763 899 quo
2791 847 2889 887 nos
2925 834 3243 901 praecedens.
3274 852 3378 890 non
3407 837 3560 890 dese-

1993 924 2117 977 ruit.
2153 923 2245 977 llla
2284 924 2392 977 erit
2419 923 2672 978 revelatio
2703 933 2955 992 umquam
2991 940 3116 979 vera
3160 924 3400 990 Galikua,
3432 943 3556 982 cum

1990 1013 2194 1068 similes
2215 1013 2267 1067 ei
2290 1013 2514 1078 erimus,
2542 1013 2613 1066 ibi
2641 1026 2761 1066 eum
2791 1014 3090 1068 videbimus
3116 1016 3272 1070 sicuti
3304 1027 3404 1070 est.
3439 1018 3556 1086 lpsa

1988 1108 2092 1158 erit
2117 1105 2280 1159 etiam
2310 1104 2518 1159 beatior
2544 1104 2945 1174 transmigratio
2964 1121 3028 1159 ex
3057 1106 3159 1160 isto
3188 1107 3385 1162 sceculo
3406 1109 3456 1161 in
3490 1108 3557 1161 il-

1989 1195 2093 1248 lam
2121 1193 2497 1258 azternitatem,
2523 1192 2566 1247 si
2592 1192 2708 1261 ejus
2736 1202 3003 1263 praecepta
3035 1195 3113 1249 sic
3141 1185 3556 1264 amplectamur,

1987 1294 2048 1339 ut
2070 1286 2135 1339 ad
2161 1285 2276 1355 ejus
2304 1285 2576 1339 dexteram
2606 1286 2874 1355 segregari
2895 1300 3216 1341 mereamur.
3244 1288 3394 1342 Tunc
3413 1289 3554 1342 enim

1988 1377 2142 1429 ibunt
2177 1374 2380 1430 sinistri
2411 1374 2467 1428 iu
2497 1373 2920 1430 combustiouem
2961 1385 3252 1441 aeternam,
3285 1375 3418 1445 justi
3464 1393 3558 1430 au-

1989 1476 2096 1521 tem
2121 1467 2173 1520 in
2201 1466 2368 1519 vitam
2392 1473 2667 1519 azternam.
2696 1465 2830 1518 llinc
2850 1464 2975 1519 illuc
2999 1466 3476 1537 transmigrabunt,
3500 1478 3555 1519 et

1989 1557 2059 1610 ibi
2082 1572 2205 1612 cum
2232 1556 2509 1619 videbunt,
2539 1557 2806 1623 quomodo
2833 1571 2940 1610 non
2972 1556 3152 1609 vident
3178 1557 3348 1626 impii.
3376 1556 3554 1611 Tole-

1990 1655 2077 1701 tur
2104 1647 2246 1701 enim
2280 1646 2495 1715 impius,
2535 1652 2595 1699 ut
2629 1660 2735 1699 non
2775 1644 2953 1698 videat
2980 1644 3280 1699 claritatem
3315 1645 3548 1733 quini,

322 1710 676 1799 Hierusalem,
715 1744 771 1789 et
806 1736 1109 1791 invenerint
1143 1744 1495 1806 congregatos
1526 1735 1795 1800 undecim,
1830 1743 1884 1789 et
1914 1710 1959 1768 Β
1985 1748 2040 1792 et
2070 1738 2218 1807 impii
2240 1710 2418 1791 lumen
2447 1752 2554 1789 non
2585 1736 2859 1789 videbunt.
2889 1734 3019 1788 Hrrc
3039 1744 3111 1788 est
3133 1745 3330 1798 autem,
3362 1710 3552 1804 inquit,

318 1838 411 1878 eos
437 1825 527 1892 qui
556 1839 678 1879 cum
705 1824 836 1895 ipsis
865 1832 1019 1880 erant
1055 1825 1330 1881 dicentes:
1358 1824 1495 1890 Quia
1518 1827 1743 1880 surrexit
1778 1825 1886 1879 Do-

318 1917 491 1969 minus
512 1933 646 1981 vere,
668 1926 714 1971 et
745 1918 984 1982 aoparuit
1005 1914 1224 1979 Simoni,
1253 1932 1317 1971 ac
1341 1917 1464 1970 inde
1485 1915 1757 1984 subjungit
1779 1935 1793 1970 ;
1813 1915 1881 1969 Et

318 2005 418 2074 ipsi
446 2006 729 2060 narrabant
751 2022 866 2077 qua:
886 2014 1029 2076 gesta
1049 2015 1198 2061 erant
1222 2007 1277 2060 in
1305 2007 1406 2070 uia,
1437 2014 1485 2060 et
1502 2006 1885 2077 quomodo”co-

316 2104 601 2163 gnoverunt
626 2111 741 2148 eum
762 2096 816 2149 in
838 2094 1087 2163 fractione
1105 2096 1257 2164 panis
1278 2094 1428 2167 (Luc.
1460 2096 1609 2165 xxrv)
1633 2113 1647 2160 ;
1677 2097 1885 2150 statim-

317 2197 419 2251 que
461 2191 715 2239 aunectat
751 2184 991 2253 quintam
1032 2184 1149 2253 ejus
1176 2186 1585 2254 apparitionem,
1628 2187 1703 2241 ita
1747 2187 1883 2242 inci-

313 2274 497 2342 piens:
524 2273 663 2327 Dum
685 2274 795 2328 Ittec
816 2284 987 2328 autem
1008 2274 1356 2345 loquerentur,
1377 2276 1485 2345 ipse
1503 2276 1656 2338 Iesus
1669 2278 1807 2332 stetit
1827 2279 1882 2332 in

317 2364 487 2417 medio
521 2380 698 2417 eorum
730 2374 776 2418 et
802 2365 929 2419 dicit
958 2366 1031 2420 eis
1058 2383 1070 2418 :
1108 2365 1227 2421 Paa:
1246 2368 1410 2432 vobis,
1439 2384 1531 2439 ego
1556 2385 1694 2435 sum,
1724 2369 1882 2425 nolite

316 2456 512 2511 timere.
540 2455 694 2511 Nunc
707 2455 823 2526 jam
859 2472 1164 2526 qureramus
1205 2473 1374 2527 quare
1409 2460 1714 2529 specialiter
1741 2477 1800 2516 se
1824 2461 1881 2516 in

315 2546 584 2601 Galilaeam
613 2562 1020 2616 praecessurum,
1048 2558 1104 2603 et
1132 2550 1205 2605 ibi
1233 2564 1262 2604 a
1293 2551 1567 2621 discipulis
1595 2553 1880 2611 videndum

312 2639 582 2707 praedixit,
602 2654 723 2694 cum
750 2655 924 2710 neque
944 2642 1012 2697 ibi
1036 2641 1207 2701 solum
1228 2657 1401 2712 neque
1421 2645 1497 2700 ibi
1517 2646 1746 2716 primum
1773 2647 1885 2704 fue-

315 2729 387 2783 rit
430 2731 595 2786 visus.
634 2729 836 2804 (Aug.)
899 2734 1185 2791 Videamus
1242 2750 1370 2806 ergo
1428 2736 1582 2805 cujus
1637 2740 1881 2809 mysterii

313 2820 483 2889 gratia
525 2823 817 2877 secundum
858 2822 1165 2880 Matthacum
1206 2832 1262 2880 et
1314 2825 1553 2882 Marcum
1586 2843 1875 2899 resurgens

313 2907 568 2965 Dominus
594 2910 667 2964 ita
691 2912 1056 2967 mandaverit:
1082 2911 1383 2969 Praecedens
1407 2932 1493 2970 vos
1510 2917 1565 2970 in
1581 2916 1878 2984 Galilaeam,

309 2997 382 3052 ibi
414 2999 772 3058 mevidebitis.
803 3000 953 3068 Quod
996 3008 1050 3057 et
1091 3003 1137 3057 si
1181 3003 1503 3073 completum
1544 3013 1650 3072 est,
1698 3015 1877 3063 tamen

310 3097 434 3157 post
473 3091 638 3147 multa
679 3092 1000 3164 completum
1025 3102 1131 3159 est,
1158 3110 1281 3149 cum
1326 3096 1405 3151 sic
1439 3098 1748 3153 mandatum
1789 3099 1877 3165 sit,

310 3195 614 3250 quanquam
644 3183 760 3238 sine
769 3183 1076 3253 praeiudicio
1098 3186 1451 3251 necessitatis,
1479 3196 1540 3242 ut
1566 3189 1769 3244 authoc
1794 3205 1881 3246 so—

310 3271 444 3337 lum,
486 3283 578 3328 aut
617 3275 720 3331 hoc
741 3276 974 3344 primum
1004 3286 1406 3347 exspectaretur
1445 3280 1558 3334 lieri
1607 3280 1874 3337 debuisse.

206 3414 211 3419 .
308 3360 501 3419 Procul
530 3365 691 3421 dubio
715 3367 966 3435 quoniam
995 3382 1096 3421 vox
1125 3376 1210 3421 est
1248 3368 1348 3423 ista
1394 3384 1498 3422 non
1528 3368 1879 3439 Evangelistse

307 3457 579 3511 narrantis
608 3459 749 3526 quod
774 3458 848 3513 ita
875 3459 1071 3513 factum
1094 3460 1187 3523 sit,
1218 3461 1310 3515 sed
1334 3460 1504 3529 angeli
1534 3476 1600 3515 ex
1625 3462 1878 3517 mandato

305 3541 519 3598 Domini
560 3554 613 3600 et
655 3547 823 3616 ipsius
846 3557 1030 3616 postea
1064 3548 1308 3614 Domini,
1332 3551 1671 3618 evangelistse
1696 3563 1874 3607 autem

302 3636 599 3701 narrantis,
630 3636 722 3689 sed
749 3637 890 3704 quod
921 3638 995 3692 ita
1029 3638 1097 3693 ab
1130 3638 1340 3705 angelo,
1371 3647 1422 3692 et
1457 3654 1487 3692 a
1520 3640 1746 3693 Domino
1793 3641 1875 3695 di-

300 3730 453 3776 ctum
472 3724 562 3788 sit,
578 3725 889 3795 prophetica
915 3727 1115 3780 dictum
1142 3726 1509 3794 accipiendum
1533 3735 1634 3781 est.
1658 3726 1874 3783 Galilma

297 3828 538 3883 namque
563 3814 947 3884 interpretatur
969 3815 1053 3870 vel
1076 3815 1463 3885 transmigratio
1495 3815 1579 3870 vel
1606 3815 1867 3869 revelatio.

298 3904 462 3960 Prius
493 3906 674 3976 itaque
697 3906 986 3960 secundum
1014 3906 1499 3976 transmigrationis
1527 3906 1873 3976 signiﬁcatio-

291 4012 458 4061 nem,
491 3995 619 4066 quid
670 3994 814 4050 aliud
859 3996 1098 4050 occurrit
1140 3995 1561 4066 intelligendum,
1604 3993 1871 4050 Prtrcedet

292 4103 390 4140 t‘Os
413 4088 468 4140 in
512 4083 810 4150 Galilaeam,
851 4085 923 4138 ibi
948 4101 1063 4139 eum
1090 4084 1345 4149 videbitis,
1373 4085 1505 4138 sicut
1548 4083 1681 4137 dixit
1708 4085 1869 4149 vobis,

297 4176 411 4230 nisi
436 4175 560 4244 quia
588 4174 787 4231 Christi
815 4175 984 4244 gratia
1010 4175 1076 4229 de
1105 4174 1298 4245 populo
1332 4174 1494 4229 Israel
1526 4174 1871 4246 transmigra-

302 4277 427 4321 tura
459 4275 577 4321 erat
621 4267 688 4321 ad
725 4274 910 4335 gentes
943 4266 967 4319 ’ἶ
1009 4265 1213 4332 Quibus
1253 4265 1478 4336 apostoli
1516 4266 1870 4335 przedicantes

301 4356 653 4426 Evangelium
705 4354 848 4410 nullo
884 4356 1041 4410 modo
1088 4357 1455 4422 crederentur,
1496 4356 1595 4409 nisi
1631 4356 1711 4411 eis
1756 4357 1868 4427 ipse

303 4446 561 4501 Dominus
582 4446 724 4500 viam
754 4446 808 4500 in
836 4446 1088 4501 cordibus
1120 4446 1391 4501 hominum
1423 4455 1769 4516 przepararet.
1802 4446 1868 4502 Et

302 4538 406 4595 hoc
436 4535 822 4607 intelligimus:
864 4533 1129 4590 Prwcedet
1166 4554 1252 4591 vos
1285 4539 1339 4591 in
1381 4537 1676 4593 Galilteam.
1713 4540 1865 4607 Quod

301 4634 485 4680 autem
514 4626 808 4696 gaudentes
832 4626 1180 4693 mirarentur,
1204 4629 1459 4698 disruptis
1477 4636 1530 4683 et
1553 4630 1741 4684 evictis
1766 4630 1867 4685 dif-

300 4716 654 4783 ﬁcultatibus,
683 4717 883 4787 aperiri
913 4717 1014 4771 sibi
1045 4718 1240 4773 ostium
1274 4719 1327 4773 in
1358 4719 1584 4775 Domino
1613 4736 1709 4790 per
1742 4721 1861 4776 illus

301 4806 649 4860 minationem
673 4805 931 4871 ﬁdelium,
961 4807 1060 4862 hoc
1080 4807 1409 4880 intelligitur,
1432 4809 1516 4864 Ibi
1537 4828 1653 4865 eum
1675 4812 1864 4865 videbi-

301 4899 388 4962 tis,
420 4898 473 4952 id
501 4906 605 4963 est,
636 4897 709 4952 ibi
729 4898 969 4952 membra
990 4898 1105 4968 ejus
1129 4899 1426 4964 invenietis,
1454 4901 1527 4954 ibi
1547 4903 1725 4957 vivum
1747 4918 1868 4958 cor-

301 5002 401 5055 pus
423 4987 539 5056 ejus
561 4987 613 5041 in
638 4988 716 5042 eis
738 4987 827 5057 qui
854 5002 945 5041 vos
968 4988 1301 5057 susceperint
1322 4991 1641 5059 agnoscetis.
1669 4990 1869 5047 Secun-

301 5078 427 5131 dum
457 5075 585 5131 illud
615 5085 794 5132 autem
833 5078 974 5146 quod
1013 5077 1226 5133 Galilica
1256 5078 1642 5150 interpretatur
1674 5081 1866 5136 revela-

301 5170 394 5231 tio,
422 5167 652 5236 nonjam
678 5169 730 5221 in
757 5167 928 5223 forma
962 5170 1101 5223 servi
1133 5168 1532 5240 intelligendum
1561 5180 1660 5233 est,
1692 5173 1783 5227 sed
1811 5174 1864 5228 in

301 5256 389 5309 iila
431 5258 482 5311 in
515 5273 620 5329 qua
656 5258 879 5328 aequalis
908 5267 992 5312 est
1030 5257 1199 5315 Patri.
1229 5258 1397 5325 Quam
1434 5262 1682 5331 promisit
1724 5264 1866 5333 apud

301 5343 558 5403 Joannem
585 5346 932 5404 dilectoribus
971 5349 1104 5414 suis,
1136 5364 1258 5413 cum
1299 5349 1537 5405 diceret:
1571 5350 1638 5404 Et
1674 5369 1764 5421 ego
1790 5354 1867 5406 di-

299 5433 457 5503 ligam
483 5455 599 5492 eum
629 5448 675 5492 et
704 5439 969 5494 ostendam
996 5440 1245 5509 meipsum
1278 5438 1356 5493 illi
1376 5438 1552 5511 (Joan.
1584 5441 1717 5514 xxv).
1747 5442 1861 5498 Non

302 5531 482 5599 utique
501 5535 788 5588 secundum
816 5533 864 5586 id
885 5534 1025 5602 quod
1040 5533 1152 5603 jam
1174 5533 1441 5599 videbant,
1466 5535 1679 5603 etquod
1704 5536 1861 5590 etiam

303 5635 583 5691 resurgens
611 5640 731 5680 cum
761 5624 1100 5680 cicatricibus
1127 5639 1231 5679 non
1254 5624 1425 5680 solum
1448 5624 1751 5694 videndum,
1770 5628 1862 5681 sed

1984 1830 2087 1882 vita
2113 1839 2306 1882 (eterna
2329 1835 2716 1896 utcognoscant
2738 1835 2785 1879 le
2811 1841 2982 1878 verum
3008 1823 3192 1887 Deum,
3216 1833 3265 1877 et
3286 1841 3433 1893 quem
3455 1826 3554 1876 mi-

1982 1920 2096 1973 sisti
2121 1919 2300 1972 Jesum
2329 1913 2592 1970 Christum
2619 1914 2799 1984 (Joan.
2831 1911 2984 1985 xvii).
3019 1912 3169 1967 Sicut
3196 1913 3249 1968 ili
3279 1913 3363 1967 illa
3394 1921 3552 1967 teter-

1985 2009 2149 2062 nitate
2176 2005 2535 2076 cognoscitur,
2558 2002 2664 2072 quo
2694 2018 2877 2057 servos
2909 2004 3163 2070 perducet
3198 2016 3294 2070 per
3326 2000 3553 2055 formam

1982 2097 2143 2162 servi,
2170 2104 2228 2150 ut
2251 2094 2402 2148 liberi
2427 2092 2853 2164 contemplentur
2888 2090 3115 2145 formam
3146 2091 3375 2145 Domini.

2053 2185 2184 2251 Qua:
2205 2202 2322 2238 cum
2354 2183 2620 2248 abiissent,
2657 2198 2770 2236 ecce
2803 2182 3015 2254 quidam
3046 2181 3109 2235 de
3143 2182 3445 2236 custodibus
3471 2199 3554 2235 ve—

1982 2283 2165 2329 nerunt
2201 2276 2255 2328 in
2298 2273 2577 2337 civitatem,
2623 2281 2671 2325 et
2712 2271 3077 2325 nuntiaverunt
3117 2271 3431 2341 principibus
3470 2288 3556 2324 sa-

1981 2366 2246 2420 cerdotum
2272 2363 2447 2417 omnia
2482 2378 2600 2433 qua:
2642 2362 2783 2431 facta
2809 2361 3037 2430 fuerunt.
3066 2360 3287 2435 (Mitem)
3317 2360 3554 2431 Simplex

1982 2456 2147 2512 animi
2176 2455 2430 2525 qualitas,
2461 2463 2516 2509 et
2546 2453 2759 2508 indocta
2785 2452 3062 2507 hominum
3094 2453 3383 2516 rusticitas,
3414 2467 3556 2521 sazpe

1980 2549 2261 2603 veritatem
2288 2548 2385 2612 rei,
2416 2555 2475 2600 ut
2496 2553 2598 2631 est)
2626 2546 2744 2599 sine
2774 2543 2961 2599 fraude
2988 2544 3312 2599 manifestat.
3341 2547 3410 2600 At
3432 2562 3557 2600 con-

1980 2647 2062 2694 tra
2088 2645 2304 2694 versuta
2347 2637 2673 2708 malignitas,
2702 2644 2757 2692 et
2796 2636 3091 2692 exercitata
3130 2653 3310 2707 prava:
3357 2637 3554 2709 mentis

1980 2729 2236 2799 nequitia,
2269 2728 2419 2784 dolos
2439 2727 2704 2782 versando
2727 2725 3012 2781 falsitatem
3038 2727 3418 2781 verisimilibus
3438 2742 3557 2781 ver-

1979 2820 2082 2885 bis,
2112 2835 2210 2890 pro
2239 2819 2355 2888 ipso
2388 2833 2520 2873 vero
2547 2816 2928 2872 commendare
2962 2817 3222 2881 decertat,
3265 2816 3473 2885 sibique
3501 2815 3554 2869 in

1980 2926 2255 2965 assensum
2308 2908 2490 2980 plures
2525 2919 2839 2962 convertere
2876 2915 2928 2960 et
2959 2907 3266 2960 coadunare
3314 2904 3551 2960 festinat.

1982 3004 2132 3071 Quod
2160 3018 2390 3072 sequens
2417 3002 2682 3057 sententia
2710 3004 2783 3055 ita
2806 2999 3060 3055 ostendit.

2051 3093 2183 3165 [HL]
2208 3093 2272 3147 Et
2295 3092 2590 3164 congregati
2613 3108 2729 3145 cum
2755 3089 3065 3155 senioribus,
3082 3088 3298 3144 consilio
3322 3099 3552 3160 accepto,

1980 3185 2252 3254 pecuniam
2280 3183 2540 3253 copiosam
2587 3181 2843 3235 dederunt
2880 3180 3131 3235 militibus
3159 3182 3383 3235 dicentes
3409 3199 3426 3235 :
3456 3181 3552 3235 Di-

1981 3276 2078 3329 cite
2105 3276 2231 3343 quia
2258 3272 2502 3343 discipuli
2526 3273 2640 3342 ejus
2672 3282 2817 3326 nocte
2854 3282 3097 3327 venerunt
3118 3313 3133 3335 ,
3157 3283 3205 3326 et
3240 3273 3404 3341 furati
3428 3283 3549 3326 sunt

1978 3382 2098 3418 eum
2136 3364 2276 3417 vobis
2319 3362 2713 3416 dormientibus.
2747 3361 2930 3433 (Aug.)
2965 3360 3216 3415 Miracula
3255 3360 3394 3417 facta
3425 3371 3550 3416 sunt

1977 3455 2100 3508 talia
2148 3455 2291 3508 circa
2353 3452 2656 3522 sepulcrum
2710 3461 2772 3506 ut
2814 3467 2879 3506 ea
2922 3451 3023 3520 ipsi
3070 3450 3290 3515 milites,
3333 3452 3421 3521 qni
3459 3468 3551 3506 cu-

1976 3548 2155 3602 stodes
2176 3545 2521 3607 advenerant,
2556 3552 2718 3596 testes
2741 3542 2932 3595 fierent
2960 3541 3004 3595 si
3028 3540 3223 3594 vellent
3251 3556 3373 3593 vera
3412 3556 3550 3593 llllll-

1976 3638 2134 3699 tiare,
2173 3634 2264 3690 sed
2308 3633 2536 3689 avaritia
2576 3631 2685 3693 illa,
2731 3646 2851 3699 quae
2893 3630 3182 3699 captivavit
3230 3629 3545 3698 discipulum

1973 3726 2224 3779 comitem
2261 3722 2483 3788 Christi,
2525 3722 2815 3791 captivavit
2843 3729 2897 3775 et
2937 3721 3135 3776 milites
3183 3722 3432 3776 custodes
3465 3737 3547 3776 se~

1973 3808 2162 3884 pulcri.
2207 3812 2408 3866 Damus
2442 3810 2604 3875 vobis,
2650 3809 2916 3880 inquiunt,
2957 3810 3251 3878 pecuniam,
3296 3819 3345 3864 et
3396 3811 3554 3884 dicite

1972 3905 2094 3970 quia
2116 3902 2254 3957 vobis
2275 3899 2646 3955 dormientibus
2660 3907 2903 3953 uenerunt
2930 3896 3166 3968 discipuli
3187 3899 3321 3969 ejus,
3356 3909 3400 3952 et
3424 3898 3545 3953 absa

1971 3993 2197 4047 tulerunt
2227 4008 2364 4047 eum.
2393 3990 2528 4058 Quid
2555 3999 2637 4045 est
2664 3990 2805 4060 quod
2829 3990 3036 4054 dixisti,
3058 4006 3091 4045 0
3115 3989 3294 4045 infelix
3320 3993 3544 4058 astutia,

1975 4091 2251 4136 tantumne
2309 4080 2514 4136 deseris
2545 4080 2718 4134 lucem
2742 4079 2951 4135 consilii
2973 4079 3208 4150 pietatis,
3243 4088 3295 4133 et
3327 4080 3377 4133 in
3417 4096 3544 4149 pro-

1972 4175 2132 4228 funda
2158 4174 2391 4229 versutia
2420 4172 2764 4242 demergeris,
2800 4181 2857 4227 ut
2884 4172 2987 4226 hoc
3011 4168 3159 4226 dicas
3186 4190 3197 4224 :
3230 4171 3394 4225 Dicite
3420 4170 3550 4243 quia.

1970 4268 2107 4322 vobis
2134 4266 2506 4321 dormientibus
2532 4274 2780 4319 venerunt
2806 4263 3051 4333 discipuli
3077 4264 3211 4333 ejus,
3236 4272 3281 4317 et
3313 4263 3543 4317 abstule-

1973 4368 2092 4412 runt
2121 4359 2270 4412 eum!
2304 4358 2640 4412 Dormientcs
2683 4364 2844 4411 testes
2885 4354 3126 4418 adhibes,
3158 4364 3282 4414 vere
3331 4363 3383 4413 tu
3430 4353 3546 4423 ipse

1973 4432 2283 4506 obdormisti
2307 4465 2412 4503 non
2434 4449 2703 4511 sacerdos,
2729 4448 2819 4502 sed
2844 4446 3113 4517 parricida
3138 4445 3227 4516 qui
3252 4446 3546 4500 scrutando

1972 4540 2100 4595 talia
2133 4541 2393 4595 deiecisti.
2431 4537 2487 4594 Si
2534 4538 2890 4600 dormiebant,
2920 4537 3189 4606 quomolo
3232 4536 3417 4589 videre
3449 4550 3542 4605 po-

1970 4632 2220 4686 tuerunt?
2268 4633 2311 4687 si
2354 4630 2487 4687 nihil
2524 4630 2806 4695 viderunt,
2847 4630 3114 4698 quomodo
3150 4637 3313 4683 testes
3348 4629 3545 4684 erunt?

1969 4721 2358 4781 Dcfeceruntin
2376 4723 2491 4792 ipso
2504 4720 2695 4777 cll‘eclu
2712 4719 3055 4775 consiliorum
3072 4735 3313 4783 suorum,
3329 4718 3544 4789 quando

1968 4814 2108 4884 quod
2131 4812 2413 4867 voluerunt
2436 4810 2656 4881 implere
2686 4826 2790 4864 non
2812 4817 3118 4878 potuerunt.
3146 4808 3437 4877 Sequitur:

2040 4903 2171 4961 Etsi
2198 4903 2295 4956 lioc
2315 4902 2552 4955 auditum
2577 4900 2731 4969 fuerit
2754 4917 2785 4951 a
2811 4898 3047 4968 praeside,
3090 4914 3184 4951 nos
3204 4896 3541 4951 suadebimus

1965 4993 2034 5058 ei,
2063 5000 2110 5046 et
2133 5007 2341 5045 securos
2369 5007 2456 5044 vos
2483 4990 2754 5057 faciemus.
2779 4987 3043 5044 Custodes
3072 4986 3389 5043 miraculum
3412 5001 3541 5040 conv

1970 5084 2208 5147 fitentur,
2240 5083 2306 5138 ad
2341 5082 2528 5136 urbem
2557 5080 2753 5136 conciti
2784 5080 3034 5144 redeunt,
3067 5087 3320 5133 nuntiant
3344 5077 3538 5148 princi-

1967 5177 2123 5245 pibus
2150 5175 2486 5230 sacerdotum
2518 5187 2637 5242 qua:
2676 5172 2943 5233 viderant,
2975 5184 3099 5238 quae.
3136 5170 3277 5225 facta
3312 5183 3538 5238 conspe-

1966 5271 2173 5319 xcraut.
2202 5264 2278 5317 illi
2303 5263 2393 5333 qui
2417 5263 2711 5318 debuerant
2734 5259 2972 5315 converti
3002 5259 3064 5314 ad
3094 5259 3459 5332 pmnitentiam
3485 5266 3537 5313 et

1966 5353 2144 5408 Jcsum
2169 5367 2409 5423 qumrere
2428 5360 2756 5424 surgentem,
2782 5362 3139 5419 perseverant
3158 5352 3211 5406 in
3239 5349 3461 5412 malitia,
3484 5356 3538 5403 et

1966 5443 2220 5513 pecunias
2244 5458 2362 5513 qua:
2384 5442 2450 5497 ad
2475 5456 2605 5497 usus
2626 5439 2807 5509 templi
2826 5438 2962 5493 data
2989 5443 3221 5507 fuerant,
3248 5447 3465 5496 vertunt
3484 5439 3535 5491 in

1966 5532 2385 5601 redemptionem
2429 5529 2710 5594 mendacii,
2751 5529 2885 5583 sicut
2940 5544 3064 5590 ante
3095 5533 3312 5601 triginta
3344 5517 3536 5600 argen-

1969 5633 2082 5679 teos
2109 5621 2257 5680 Judrc
2288 5618 2543 5678 dederant
2564 5619 2841 5690 proditori.
2885 5624 3079 5681 Omnes
3101 5624 3262 5692 igitur
3285 5620 3375 5692 qui
3401 5618 3537 5687 stipo
