3998 6188
420 346 555 405 1151

1074 337 1138 393 B.
1179 333 1432 393 MBAN!
1471 329 1688 389 MAURI
1719 305 2038 383 ARCHIEP.
2081 317 2391 377 uocum.
2431 312 2715 371 orsum:
2756 309 2934 366 rans
2968 309 3010 365 ι.

3542 308 3684 366 £152

417 458 627 530 templi,
655 465 710 513 et
734 453 822 511 hls
848 467 969 523 quae
992 450 1347 523 conferuntur
1370 446 1437 502 ad
1462 460 1591 501 usus
1638 440 1880 499 ecclesiae
1918 439 2012 505 ah-
2036 438 2091 498 Α
2187 430 2253 485 Et
2275 429 2503 530 ridentes
2531 443 2648 530 eum
2675 419 3313 530 adoravem.ntl.houidam
3338 421 3686 530 autem

416 529 644 606 utuntur
670 547 724 600 in
746 543 868 598 aliis
887 542 1068 604 rebus,
1092 539 1287 608 quibus
1308 551 1459 591 suam
1486 533 1735 604 expleant
1754 529 2000 599 volupta-

422 650 552 703 tem,
575 636 778 692 similes
800 640 927 689 sunt
953 631 1254 686 scribarum
1287 635 1341 683 et
1365 626 1708 682 sacerdotum
1735 620 2001 677 redimen-

424 730 556 783 tium
585 725 920 781 mendacium
947 732 1001 776 et
1025 719 1341 790 sanguinem
1362 716 1675 773 Salvatoris.

494 818 559 870 At
581 815 680 879 illi,
711 808 920 884 decepta
947 811 1192 882 pecunia,
1224 809 1457 879 fecerunt
1488 808 1621 861 sicut
1660 812 1806 858 erant
1837 801 1997 855 docti.

424 904 651 978 (ΜΑυιι.)
681 907 725 961 0
769 904 937 973 pestis
973 901 1226 971 maligna,
1270 906 1326 953 et
1371 912 1586 966 semper
1610 894 1768 950 bonis
1808 893 2003 947 animis

425 995 736 1052 detestanda
780 992 1029 1056 avaritia,
1077 989 1204 1058 quid
1251 987 1492 1051 illzesum,
1542 983 1671 1054 quid
1718 982 2005 1039 inconcus-

425 1101 543 1142 sum
569 1084 842 1140 dimittis?
878 1082 958 1136 Tu
999 1081 1231 1151 primum
1270 1077 1547 1132 hominem
1592 1073 1902 1144 perdidisti;
1945 1080 2003 1126 tu

425 1189 594 1247 genus
629 1175 921 1228 humanum
950 1169 1271 1233 confudisti;
1316 1181 1371 1222 tu
1403 1165 1600 1220 fratres
1629 1163 1912 1218 unanimes
1949 1162 2005 1216 in

424 1266 609 1339 praelia
635 1264 889 1329 armasti;
921 1274 975 1318 tu
998 1260 1253 1332 paciﬁcos
1279 1258 1559 1314 discordes
1583 1256 1791 1320 fecisti;
1835 1262 1891 1309 tu
1927 1254 1997 1308 di-

427 1358 692 1429 scipulum
714 1357 968 1413 comitem
992 1354 1190 1410 Christi
1218 1352 1284 1407 de
1297 1350 1598 1421 apostolatu
1618 1347 2004 1419 praecipitasti;

428 1457 485 1503 tu
508 1448 732 1503 militem
759 1446 1034 1502 custodem
1065 1443 1297 1513 sepulcri
1333 1440 1638 1511 eaptivasti,
1677 1447 1733 1494 et
1767 1451 2007 1493 errorem

431 1540 820 1611 nequissimum
857 1536 1225 1601 introduxisti,
1266 1543 1321 1590 et
1357 1539 1573 1606 geute‘m
1613 1531 1912 1600 antiquam,
1955 1534 2010 1583 et

432 1632 701 1701 quondam
726 1630 1113 1684 nobilissimam
1144 1626 1426 1681 scduxisti.
1461 1624 1614 1680 Unde
1641 1631 1695 1677 et
1721 1621 1964 1691 sequitur
1993 1637 2005 1673 :

501 1723 569 1777 Et
592 1722 916 1792 divulgatum
943 1729 1016 1774 est
1040 1719 1251 1774 verbum
1270 1716 1412 1772 istud
1439 1715 1580 1786 apud
1604 1713 1822 1769 Iudaeos
1847 1726 2009 1782 usque

2101 532 2361 577 laverunt.
2391 520 2448 576 Si
2472 518 2765 591 quaerimus
2784 513 2927 569 unde
2947 512 3352 576 dubitaverunt,
3377 528 3468 582 qui
3498 513 3689 567 viden-

2104 625 2185 670 tes
2213 614 2502 669 Dominum
2538 609 2929 677 adoraverunt,
2983 607 3129 661 nulla
3180 607 3352 675 magis
3382 620 3545 659 causa
3592 620 3688 659 oc-

2100 706 2303 768 currit,
2343 717 2506 772 quam
2554 716 2618 756 ea
2647 699 2799 768 cujus
2845 700 3019 755 Lucas
3069 696 3339 758 meminit,
3385 710 3511 748 cum
3568 695 3689 763 ipso

2102 794 2512 852 resurrectionis
2533 808 2644 848 suae
2665 792 2750 847 die
2772 790 3048 862 discipulis
3074 802 3196 844 eum
3219 777 3535 855 apparuisse
3560 800 3689 837 nar-

2104 896 2218 941 rat:
2267 883 2579 939 Conturbati
2607 898 2748 946 vero,
2797 881 2996 951 inquit,
3026 888 3075 933 et
3105 876 3372 931 conterriti
3416 875 3692 928 existima-

2105 976 2228 1030 bant
2266 991 2321 1029 se
2366 974 2608 1044 spiritum
2661 970 2851 1026 videre.
2916 969 3173 1023 Videntes
3214 981 3344 1038 ergo
3396 964 3690 1019 Dominum

2105 1072 2454 1136 cognoscunt.
2500 1063 2566 1117 Et
2607 1062 2731 1133 quia
2773 1061 2917 1115 hunc
2968 1074 3091 1115 esse
3143 1058 3314 1112 Deum
3361 1056 3687 1120 didicerant,

2106 1153 2342 1209 dimissis
2388 1152 2443 1206 in
2495 1160 2692 1207 terram
2750 1149 3009 1207 vultibus,
3041 1147 3290 1203 adorant.
3346 1144 3455 1199 Sed
3514 1144 3689 1198 inerat

2106 1243 2376 1298 mentibus
2415 1256 2602 1296 eorum
2649 1254 2758 1294 non
2800 1237 3196 1294 contemnenda
3245 1236 3513 1299 dubietas,
3564 1234 3694 1303 quia

2108 1350 2167 1389 se
2204 1348 2312 1389 non
2341 1346 2538 1402 corpus
2568 1332 2624 1386 in
2660 1346 2767 1401 quo
2794 1344 2989 1400 passus
3016 1336 3101 1383 est
3142 1327 3548 1389 resuscitatum,
3598 1323 3697 1379 sed

2107 1424 2356 1494 spiritum
2385 1437 2547 1492 quem
2573 1421 2722 1475 ﬁnita
2756 1418 3007 1490 passione
3048 1417 3270 1472 tradidit
3308 1414 3483 1470 solum
3510 1413 3699 1468 videre

2107 1515 2389 1586 putabant.
2438 1512 2591 1569 Unde
2613 1510 2899 1567 confestim
2931 1510 3188 1581 magister
3213 1507 3352 1577 pius,
3396 1513 3452 1559 et
3476 1519 3574 1560 eos
3602 1504 3700 1574 qui

2102 1607 2215 1677 jam
2243 1605 2589 1661 crediderunt
2615 1605 2670 1658 in
2709 1604 2814 1659 ﬁde
2839 1601 3128 1666 confortat,
3164 1609 3221 1655 et
3245 1599 3364 1654 illos
3386 1601 3480 1669 qui
3513 1597 3701 1652 adhuc

2111 1697 2488 1751 dubitaverunt
2534 1695 2600 1750 ad
2654 1694 2778 1749 ﬁdei
2822 1693 3050 1764 gratiam
3104 1700 3390 1755 convocat,
3435 1690 3698 1743 minibus

427 1816 486 1869 in
518 1780 824 1867 hodiernum
842 1812 1000 1866 diem.
1050 1809 1319 1865 Hactenus
1347 1780 1563 1877 quidem
1589 1821 1743 1861 error
1766 1805 1868 1859 istc
1901 1780 2014 1857 ma-
2045 1785 2088 1842 Β
2116 1788 2320 1843 “ilicei
2347 1787 2600 1841 Ῐυῑίηὶθηε
2627 1786 2694 1840 ad
2722 1793 2977 1855 quamam
3017 1783 3203 1855 διοτίῖθ
3236 1780 3701 1854 magniﬁcentiam

429 1917 525 1963 net
548 1909 687 1978 apud
713 1905 945 1962 Iudaeos.
973 1907 1042 1960 Et
1066 1907 1205 1961 sicut
1231 1905 1456 1974 sanguis
1485 1911 1689 1966 reatus,
1723 1916 1881 1971 quem
1909 1898 2011 1954 sibi

430 2000 768 2070 posterisque
814 1997 928 2052 suis
974 1997 1073 2067 ipsi
1103 1995 1563 2066 imprecabantur,
1611 1993 1762 2064 gravi
1801 1991 2012 2047 sarcina

429 2098 774 2161 peccatorum
822 2088 941 2144 illos
970 2091 1187 2158 premit,
1218 2088 1291 2141 ita
1329 2088 1531 2157 emptio
1582 2085 1871 2150 mendacii,
1916 2100 2016 2154 per

430 2180 572 2250 quod
596 2178 1011 2234 resurrectionis
1047 2176 1314 2247 denegant
1359 2176 1660 2239 veritatem,
1717 2182 1869 2228 reatu
1922 2189 2015 2229 eos

430 2270 752 2338 constringit
789 2277 1065 2339 perpetuo,
1116 2275 1430 2337 respuentes
1477 2266 1764 2320 Christum
1815 2272 1869 2319 et
1918 2278 2015 2318 ex-

431 2369 739 2433 spectantes
780 2359 1193 2423 Antichristum,
1223 2366 1281 2411 ut
1309 2357 1401 2427 qui
1429 2356 1521 2411 vili
1546 2356 1720 2427 pretio
1760 2355 2016 2410 vendide-

432 2461 559 2508 runt
580 2452 885 2518 veritatem,
916 2450 1118 2506 erroris
1164 2449 1219 2504 in
1260 2449 1435 2519 capite
1456 2465 1555 2505 suo
1604 2447 2016 2518 apprehendant

434 2544 864 2599 universitatem.

508 2634 760 2690 Undecim
788 2652 908 2690 vero
950 2633 1195 2705 discipuli
1217 2636 1271 2688 in
1300 2631 1576 2687 Galilaeam
1627 2631 1865 2685 abierunt
1892 2670 1907 2696 ,
1962 2628 2018 2684 in

433 2739 657 2783 montem
681 2727 768 2782 ubi
796 2729 1138 2782 constituerat
1158 2726 1263 2781 illis
1283 2726 1456 2780 Iesus.
1484 2722 1695 2796 (Beda.)
1725 2721 1840 2777 Non
1861 2728 2018 2775 vacat

435 2835 467 2874 a
484 2819 738 2889 mysterio
763 2819 902 2888 quod
933 2819 1191 2873 Dominus
1218 2819 1271 2872 in
1295 2813 2016 2886 Calilreapostresurrectio-

434 2925 581 2973 nem,
604 2909 689 2964 vel
712 2908 855 2980 quod
877 2910 928 2964 in
953 2917 1132 2963 monte
1155 2908 1428 2978 discipulis
1476 2906 1744 2976 apparuit,
1770 2912 1830 2959 ut
1853 2903 2019 2975 signi-

437 2999 625 3054 ﬁcaret
642 3000 765 3069 quia
790 3015 989 3069 corpus
1009 2999 1152 3069 quod
1176 2998 1244 3053 de
1269 2997 1542 3053 communi
1565 2996 1783 3051 humani
1801 2994 2018 3067 generis

438 3096 580 3142 terra
602 3089 873 3144 nascendo
894 3086 1225 3158 susceperat,
1252 3086 1578 3157 resurgendo
1590 3086 1703 3155 jam
1725 3099 1887 3156 super
1908 3093 2013 3138 ter-

2114 1885 2390 1948 assumpta
2420 1892 2518 1946 pro
2560 1876 2871 1930 hominibus
2895 1883 2949 1930 et
2996 1873 3157 1929 morti
3209 1872 3336 1927 data
3383 1871 3702 1927 humanitas

2115 1967 2442 2037 resurgendo
2461 1965 2789 2035 pervenerit.

2183 2058 2251 2112 Et
2277 2058 2526 2112 accedens
2591 2058 2749 2111 Jesus
2805 2056 3010 2112 locutus
3059 2065 3133 2110 est
3168 2056 3242 2109 eis
3281 2053 3503 2109 dicens:
3555 2053 3701 2108 Data

2112 2158 2189 2203 est
2237 2149 2363 2203 mihi
2407 2149 2575 2203 omnis
2630 2158 2857 2219 potestas
2906 2149 2962 2203 in
3009 2146 3134 2202 coelo
3177 2156 3228 2201 et
3280 2146 3337 2199 in
3384 2153 3547 2199 terra.
3578 2144 3705 2201 Non

2113 2243 2257 2297 enim
2308 2242 2424 2298 base
2464 2243 2531 2298 de
2581 2251 2849 2297 coasterna
2900 2241 3047 2298 Patri
3091 2240 3414 2309 divinitate,
3466 2240 3560 2297 sed
3630 2241 3711 2297 de

2114 2341 2389 2402 assumpta
2442 2332 2682 2403 loquitur
2731 2333 3088 2387 humanitate.
3160 2334 3333 2400 Quam
3393 2333 3708 2402 suscipien-

2115 2429 2185 2483 do
2237 2428 2537 2483 minoratus
2583 2437 2668 2483 est
2713 2427 2871 2498 paulo
2915 2428 3094 2482 minus
3140 2428 3208 2483 ab
3249 2428 3494 2501 angelis,
3545 2437 3603 2483 et
3648 2429 3706 2481 in

2112 2536 2220 2591 qua
2253 2520 2583 2592 resurgendo
2626 2536 2657 2575 a
2686 2519 2912 2574 mortuis
2935 2519 3103 2589 gloria
3134 2528 3189 2574 et
3230 2520 3432 2574 honore
3473 2534 3709 2575 corona-

2116 2620 2202 2667 tus
2221 2620 2324 2678 est,
2356 2620 2413 2666 et
2455 2613 2780 2667 constitutus
2809 2627 2972 2681 super
2994 2627 3159 2682 opera
3202 2628 3457 2667 manuum
3491 2612 3707 2677 Patris,

2115 2704 2405 2773 omniaque
2469 2703 2711 2773 subjecta
2761 2704 2862 2759 sub
2919 2704 3146 2774 pedibus
3188 2703 3327 2774 ejus.
3380 2704 3529 2758 Inter
3577 2717 3709 2772 quae

2113 2795 2295 2850 omnia
2322 2794 2487 2848 etiam
2514 2810 2660 2850 mors
2683 2796 2815 2865 ipsa,
2841 2810 2960 2864 quae
2986 2795 3034 2850 ei
3067 2796 3132 2849 ad
3164 2804 3375 2865 tempus
3401 2794 3707 2866 praevalere

2115 2886 2227 2941 visa
2256 2895 2357 2952 est,
2389 2885 2507 2956 ejus
2526 2887 2754 2956 pedibus
2778 2887 3048 2942 substrata
3076 2896 3175 2943 est.
3204 2887 3358 2955 Quod
3382 2902 3514 2957 ergo
3546 2886 3709 2941 Psal-

2117 2977 2276 3031 mista
2314 2978 2382 3032 de
2436 2978 2662 3032 Domino
2711 2985 3024 3048 resurgente
3053 2992 3083 3031 a
3130 2978 3359 3032 mortuis
3404 2979 3483 3032 ait
3527 2978 3704 3041 Patri,

2119 3066 2311 3123 Omnia
2358 3067 2623 3138 subjecisti
2669 3067 2763 3121 sub
2805 3068 3020 3138 pedibus
3070 3068 3184 3137 ejus
3224 3064 3564 3139 (Psal.vul),
3594 3068 3713 3122 hoc

438 3195 566 3234 rena
592 3180 772 3233 omnia
797 3179 1151 3243 sublevatum,
1194 3179 1403 3234 caelesti
1423 3178 1624 3233 virtute
1656 3177 1909 3232 induerit.
1958 3175 2014 3230 lu

2120 3166 2202 3212 est
2229 3158 2435 3227 utique,
2469 3157 2612 3227 quod
2645 3171 2933 3228 resurgens
2965 3157 3077 3226 ipse
3105 3156 3364 3211 Dominus
3410 3157 3487 3210 ait
3536 3156 3707 3210 disci-

436 3277 619 3324 monte
655 3270 905 3340 apparuit
934 3279 993 3325 ut
1018 3270 1332 3326 admoneret
1351 3269 1554 3337 ﬁdeles,
1591 3272 1638 3325 si
1661 3270 1767 3325 illic
1795 3270 2016 3325 celsitu-

437 3360 616 3415 dinem
644 3361 1056 3417 resurrectionis
1085 3362 1200 3431 ejus
1219 3362 1441 3432 cupiunt
1471 3363 1675 3425 videre,
1716 3361 1805 3415 hic
1831 3360 1901 3414 ab
1932 3362 2016 3414 in-

439 3451 611 3505 ﬁrmis
644 3451 1025 3520 cupiditatibus
1072 3453 1138 3508 ad
1167 3468 1399 3523 superna
1446 3451 1711 3507 desideria
1757 3451 2010 3505 transire.

439 3539 643 3596 Nomen
666 3556 794 3595 vero
814 3540 1065 3606 Calilmae,
1107 3543 1233 3611 quid
1257 3542 1501 3613 mysterii
1544 3540 1799 3595 salutaris
1840 3540 2014 3595 conti-

437 3640 578 3693 neat,
602 3630 790 3686 crebra
814 3631 1031 3686 Patrum
1053 3632 1387 3702 expositione
1405 3632 1746 3687 notissimum
1779 3638 1882 3687 est.
1911 3630 2018 3686 Sed

438 3738 545 3776 non
571 3722 667 3776 abs
690 3737 746 3776 re
768 3729 851 3777 est
884 3722 1078 3792 saepius
1104 3724 1272 3779 verbo
1304 3730 1567 3793 repetere,
1607 3722 1751 3794 quod
1796 3738 2017 3793 semper

440 3826 659 3868 necesse
680 3821 763 3869 est
793 3815 973 3868 animo
1006 3815 1257 3870 retinere.
1284 3814 1500 3870 Galilaaa
1538 3815 1734 3885 quippe
1772 3815 2020 3870 transmi-

439 3905 610 3975 gratio
661 3905 827 3975 facta,
878 3905 963 3961 vel
990 3904 1230 3961 revelatio
1276 3906 1491 3961 dicitur.
1550 3905 1794 3975 Utraque
1836 3914 2016 3960 autem

380 3994 389 3999 ’
442 3996 814 4066 interpretatio
840 3997 1071 4052 nominis
1092 3995 1161 4050 ad
1186 4011 1352 4050 unum
1387 3994 1547 4050 ﬁnem
1579 3995 1818 4067 respicit,
1849 3995 2018 4065 siqui-

441 4085 559 4140 dem
590 4101 749 4156 supra
775 4086 889 4156 jam
917 4085 1143 4156 legimus
1168 4085 1369 4140 dixisse
1393 4085 1640 4156 angelum
1665 4085 2016 4143 mulieribus:

445 4175 549 4242 Ite,
585 4177 741 4232 dicite
763 4178 1035 4249 discipulis
1078 4177 1191 4247 eius
1227 4180 1351 4247 quia
1375 4179 1604 4232 surrexit
1628 4195 1646 4242 ;
1676 4189 1724 4232 et
1752 4195 1866 4233 ecce
1878 4196 2018 4248 prae-

440 4267 585 4322 cedet
607 4285 692 4323 vos
726 4270 783 4323 in
832 4266 1133 4335 Galilaeam,
1188 4268 1260 4322 ibi
1295 4286 1414 4323 eum
1456 4269 1708 4324 videbitis.
1759 4270 1825 4324 Et
1879 4286 2020 4326 nunc

438 4363 767 4434 evangelista
827 4372 1084 4419 narrante
1145 4363 1496 4436 cognovimus
1561 4364 1703 4433 quod
1773 4363 2021 4420 abierunt

441 4456 686 4527 discipuli
730 4455 1027 4513 Salvatoris
1048 4461 1104 4511 in
1151 4454 1450 4521 Calilteam,
1498 4464 1555 4511 et
1603 4454 1848 4510 videntes
1896 4471 2017 4510 eum

440 4548 822 4603 adoraverunt.
882 4548 1021 4616 Quid
1064 4556 1156 4622 est
1200 4563 1329 4620 ergo
1351 4547 1494 4619 quod
1547 4546 1704 4603 Iesus
1761 4546 2020 4618 praecedit

442 4642 736 4711 discipulos
769 4643 824 4696 in
849 4640 1147 4708 Galilaeam,
1174 4648 1233 4696 ut
1257 4641 1503 4695 videatur
1530 4639 1600 4694 ab
1634 4638 1737 4703 eis,
1781 4651 2019 4706 sequun-

445 4744 530 4789 tur
554 4734 625 4789 illi
651 4743 707 4790 et
728 4733 970 4789 videntes
1006 4749 1131 4788 eum
1174 4732 1441 4788 adorant?
1478 4730 1581 4785 nisi
1621 4729 1747 4799 quia
1783 4728 2020 4784 surrexit

440 4826 689 4883 Christus
717 4841 748 4880 a
776 4824 1028 4891 mortuis,
1049 4823 1301 4894 primitia:
1330 4823 1732 4879 dormientium.
1768 4820 2018 4892 Sequun-

444 4927 532 4972 tur
556 4925 735 4972 autem
778 4916 834 4971 bi
864 4916 956 4986 qui
984 4924 1110 4971 sunt
1140 4915 1360 4980 Christi,
1400 4923 1456 4971 et
1485 4914 1585 4984 ipsi
1616 4913 1669 4968 in
1704 4928 1802 4969 suo
1830 4913 2019 4968 ordine

440 5010 508 5064 ad
529 5009 696 5063 vitam
727 5008 794 5064 de
824 5016 996 5063 morte
1025 5008 1432 5078 transmigrant,
1466 5007 1647 5077 ibique
1673 5019 1796 5060 eum
1831 5005 2015 5059 viden-

444 5112 526 5158 tes
560 5101 808 5166 adorant,
840 5101 965 5170 quia
1012 5100 1066 5154 in
1104 5099 1282 5170 specie
1309 5112 1420 5154 suae
1445 5097 1742 5153 divinitatis
1773 5103 2019 5151 contem-

442 5194 667 5262 plantes,
714 5192 830 5248 sine
866 5190 972 5247 ﬁne
1015 5190 1342 5247 collaudant.
1391 5188 1488 5244 Cui
1537 5187 1726 5241 visioui
1773 5185 2023 5256 congruit

444 5287 572 5342 illud
592 5284 735 5356 quod
753 5283 966 5340 Galilzea
991 5284 1154 5338 etiam
1168 5280 1427 5337 revelatio
1441 5281 1842 5349 interpretatur.
1872 5276 2021 5332 Tunc

441 5380 586 5435 enim
608 5377 843 5435 revelata
871 5376 1007 5432 facie
1032 5375 1172 5431 sicut
1210 5370 1500 5445 Apostolus
1527 5378 1772 5432 testatur,
1796 5367 2021 5440 gloriam

442 5472 656 5527 Domini
681 5467 1005 5540 speculantes
1034 5468 1091 5521 in
1113 5464 1347 5521 eamdem
1371 5464 1649 5534 imaginem
1674 5461 2021 5532 transforma-

444 5580 564 5617 mur
617 5561 699 5635 (ll
728 5557 852 5615 Cor.
877 5557 996 5630 in),
1048 5557 1357 5628 quicunque
1394 5554 1555 5610 modo
1601 5553 1905 5609 revelamus
1949 5552 2021 5608 ad

444 5666 567 5707 eum
596 5652 737 5706 viam
766 5658 1028 5712 nostram.
1075 5648 1299 5720 ejusque
1321 5645 1552 5717 vestigia
1596 5645 1874 5716 sequimur
1917 5644 2021 5701 ﬁde

446 5756 551 5797 non
584 5740 726 5796 ﬁcta.
759 5738 1013 5809 Sequitur
1034 5754 1048 5791 :

2116 3248 2283 3319 pulis:
2308 3247 2445 3304 Data
2467 3259 2541 3304 est
2571 3250 2699 3304 mihi
2721 3249 2888 3303 omnis
2914 3257 3137 3319 potestas
3159 3249 3212 3302 in
3240 3249 3368 3302 calo
3386 3261 3437 3302 et
3458 3250 3514 3301 in
3535 3260 3707 3304 terra.

2119 3341 2183 3396 Et
2230 3342 2448 3411 quidem
2494 3341 2656 3396 etiam
2700 3341 3012 3412 priusquam
3051 3355 3080 3394 a
3135 3348 3311 3394 morte
3366 3349 3708 3410 resurgeret,

2119 3431 2663 3510 noverant'angelicte
2686 3431 2739 3485 in
2769 3431 2907 3487 caelo
2941 3431 3168 3486 virtutes
3200 3430 3328 3500 jure
3357 3446 3416 3486 se
3458 3429 3708 3490 subditas

2122 3524 2343 3589 homini,
2391 3539 2551 3594 quem
2588 3540 2617 3578 a
2662 3538 2761 3579 suo
2805 3523 3089 3579 conditore
3132 3523 3441 3593 specialiter
3487 3537 3701 3577 assum—

2118 3625 2267 3687 ptum
2291 3632 2411 3673 esse
2437 3616 2709 3673 videbant.
2749 3615 2856 3672 Sed
2889 3618 3018 3672 ο.Ὃυί
3066 3617 3117 3670 iu
3150 3624 3293 3671 terra
3328 3616 3574 3671 homines
3606 3614 3706 3669 de.

2122 3709 2483 3780 dignabantur
2535 3709 2586 3764 ei
2645 3707 2875 3777 subjici,
2928 3722 3090 3777 quem
3159 3706 3431 3763 communi
3511 3719 3703 3759 secum

2121 3799 2450 3854 mortalitate
2511 3806 2876 3868 cognoverant
2945 3798 3211 3866 indutum,
3264 3794 3704 3851 Contemnebant

2120 3888 2236 3958 ejus
2268 3890 2521 3944 virtutem
2555 3891 2607 3943 in
2658 3887 2932 3943 miraculis
2963 3887 3261 3958 intelligere
3300 3885 3562 3950 divinam,
3615 3884 3707 3938 cui

2121 3982 2488 4037 inﬁrmitatem
2516 3982 2569 4036 in
2600 3980 2944 4052 passionibus
2973 3982 3148 4037 inesse
3180 3978 3473 4036 cernebant
3500 3980 3705 4033 huma-

2122 4089 2266 4128 nam.
2317 4072 2542 4144 Propter
2589 4073 2734 4144 quod
2758 4073 2987 4142 benigne
3033 4072 3298 4127 mediator
3344 4072 3459 4142 ipse
3494 4069 3594 4125 Dei
3639 4079 3699 4124 et

2120 4166 2432 4231 hominum,
2486 4167 2650 4221 etiam
2701 4166 3006 4221 hominibus
3049 4166 3103 4220 in
3156 4173 3297 4219 terra
3342 4172 3527 4217 notum
3576 4160 3706 4216 ﬁeri

2120 4260 2327 4326 volens,
2355 4259 2481 4330 quia
2507 4258 2632 4312 data
2659 4260 2729 4314 sit
2755 4258 2806 4312 ei
2832 4259 3010 4313 omnis
3032 4265 3272 4328 potestas
3301 4257 3356 4310 in
3385 4254 3523 4311 ccclo
3554 4262 3609 4308 et
3651 4253 3709 4308 iu

2120 4360 2289 4416 terra,
2338 4358 2602 4420 quatenus
2645 4358 2701 4403 et
2721 4349 2821 4418 ipsi
2865 4363 2987 4402 cum
3018 4346 3223 4419 angelis
3257 4345 3310 4398 in
3358 4344 3496 4399 celo
3532 4342 3708 4399 vitam

2120 4450 2341 4513 possent
2387 4441 2586 4496 habere
2652 4455 2977 4510 perennem,
3028 4438 3178 4492 misit
3201 4445 3257 4492 et
3307 4437 3558 4491 doctores
3610 4433 3709 4502 qui

2045 4514 2097 4574 Ῑ)
2121 4534 2331 4590 cunctis
2354 4549 2450 4604 per
2469 4533 2659 4588 orbem
2682 4531 2989 4586 nationibus
3014 4544 3170 4584 suum
3192 4527 3541 4599 Evangelium
3561 4541 3705 4597 prae-

2121 4627 2381 4683 dicarem.

2196 4719 2390 4773 Euntes
2425 4733 2545 4788 ergo
2572 4715 2748 4771 docete
2773 4732 2950 4770 omnes
2970 4723 3165 4785 gentes,
3192 4712 3511 4782 baptizantes
3540 4724 3628 4763 eos
3650 4709 3710 4761 in

2121 4811 2326 4866 nomine
2352 4809 2555 4876 Patris,
2580 4819 2628 4862 et
2652 4807 2799 4873 Filii,
2827 4818 2873 4862 et
2896 4805 3121 4878 Spiritus
3141 4806 3329 4870 sancti,
3357 4804 3597 4857 docentes
3616 4819 3710 4857 eos

2120 4919 2325 4958 servare
2373 4902 2549 4956 omnia
2592 4916 2912 4972 quaecunque
2962 4896 3391 4953 mandavivobis.
3438 4895 3709 4949 Rectissi-

2124 5013 2244 5053 mus
2286 5005 2467 5051 autem
2507 4994 2641 5049 ordo
2679 4991 3028 5063 praedicandi,
3073 4997 3129 5044 et
3164 4987 3443 5043 modernis
3486 5001 3709 5058 quoque

2119 5086 2563 5159 praedicatoribus
2621 5082 2875 5138 Ecclesia:
2922 5078 3329 5151 diligentissime
3387 5077 3705 5137 scctandus.

2124 5186 2185 5232 ut
2233 5179 2408 5249 primo
2454 5177 2672 5246 quidem
2721 5176 2982 5230 doceatur
3040 5172 3275 5236 auditor,
3329 5168 3525 5224 deinde
3579 5166 3713 5222 ﬁdei

2124 5268 2480 5325 sacramentis
2537 5267 2847 5329 imbuatur,
2906 5264 3096 5321 deinde
3152 5263 3220 5318 ad
3273 5262 3539 5318 servanda
3608 5259 3709 5316 Dei

2127 5360 2379 5414 mandata
2406 5371 2474 5413 ex
2508 5366 2753 5428 tempore
2779 5355 3002 5410 liberius
3036 5353 3368 5408 instituatur.
3413 5351 3553 5418 Quia
3601 5367 3713 5407 non

2123 5457 2301 5521 potest
2339 5448 2456 5504 ﬁeri
2497 5455 2557 5503 ut
2594 5462 2791 5517 corpus
2825 5445 3078 5516 baptismi
3123 5444 3350 5515 recipiat
3386 5457 3709 5498 sacramen—

2126 5547 2260 5604 tum,
2293 5539 2393 5594 nisi
2414 5547 2540 5593 ante
2563 5537 2743 5591 auima
2774 5534 2897 5590 ﬁdei
2926 5534 3224 5607 susceperit
3241 5533 3551 5587 veritatem.
3574 5530 3710 5586 Cum

2126 5649 2302 5705 neque
2329 5633 2574 5688 indoctus
2610 5632 2838 5703 quisque
2867 5636 2923 5684 et
2961 5628 3183 5699 ignarus
3214 5626 3543 5682 Christiana
3584 5624 3707 5679 ﬁdei

2128 5738 2305 5800 pmcst
2350 5725 2585 5796 ejusdem
2632 5721 2987 5780 sacramentis
3036 5719 3214 5787 ablui,
3261 5733 3438 5789 neque
3485 5717 3703 5772 lavacro
