4002 6188
362 305 497 360 1153

1297 302 1647 360 COMMENT.
1687 305 1755 361 IN
1795 305 2229 365 MATTll/EUM.
2271 340 2338 350 —
2374 311 2500 368 LIB.
2546 315 2674 371 Vlll.

3448 326 3587 382 1151

355 413 604 488 baptismi
640 428 670 467 a
705 413 944 484 peccatis
991 412 1268 468 emundari
1316 414 1529 479 squicit,
1579 416 1626 470 si
1649 432 1754 470 non
1799 427 1920 486 post
1947 428 1998 486 Α
2023 417 2397 486 admonendo,
2450 423 2803 494 increpando,
2867 427 3099 500 Spiritus
3153 437 3327 493 sancti
3392 439 3586 496 donum

355 503 616 574 baptisma
661 504 871 558 studeat
906 503 1132 572 quisque
1162 503 1319 558 bonis
1365 507 1619 574 operibus
1644 508 1912 563 insistere.

352 593 512 650 Prius
543 610 671 664 ergo
709 595 901 648 docere
925 603 1131 662 gentes,
1161 594 1211 648 id
1249 604 1354 658 est,
1405 596 1631 652 scientia
1676 598 1920 654 veritatis

356 688 636 745 instituere
659 726 673 750 ,
722 700 784 738 ac
814 684 890 738 sic
922 685 1198 753 baptizare
1239 687 1513 756 przecipit,
1555 689 1680 757 quia
1725 698 1782 743 et
1806 691 1919 743 sine

358 780 454 834 ﬁde
480 776 796 849 impossibile
815 785 888 830 est
904 775 1109 847 placere
1133 777 1242 831 Deo
1269 777 1454 849 (Hebr.
1472 777 1580 852 x1);
1605 789 1660 834 et
1682 781 1781 833 nisi
1801 781 1917 850 quis

351 882 559 926 renatus
587 869 745 938 fuerit
770 885 834 923 ea:
857 886 994 934 aqua
1022 880 1068 923 et
1112 868 1310 939 Spiritu
1354 884 1548 935 sancto,
1597 888 1702 926 non
1751 880 1916 942 potest

349 963 558 1016 introire
582 963 636 1015 in
661 976 874 1031 regnum
903 961 1000 1014 Dei
1036 959 1214 1032 (Joan.
1237 963 1332 1031 tv).
1360 962 1439 1016 Ad
1463 971 1760 1016 extremum
1788 977 1916 1015 vero

348 1057 651 1126 subjungit,
687 1055 936 1108 Docentes
992 1072 1078 1108 eos
1121 1072 1324 1109 servare
1375 1055 1546 1109 omnia
1599 1071 1916 1126 qua'cunque

345 1151 591 1205 mandavi
619 1151 778 1204 vobis.
807 1149 885 1204 Ac
919 1165 984 1204 ne
1014 1159 1261 1220 putemus
1287 1151 1421 1204 levia
1451 1166 1569 1205 esse
1613 1165 1739 1220 qua!
1762 1149 1913 1220 jussa

347 1251 490 1307 sunt,
522 1250 574 1296 et
597 1256 764 1311 pauca
794 1241 1032 1296 addidit:
1086 1239 1274 1296 Omnia
1310 1258 1628 1312 quiscunque
1671 1241 1914 1295 mandari

345 1331 508 1396 vobis,
556 1342 612 1384 ut
667 1333 971 1401 quicunque
1025 1332 1369 1397 crediderint,
1424 1332 1514 1401 qui
1547 1333 1598 1386 in
1649 1332 1915 1386 Trinitate

344 1419 560 1472 fuerunt
591 1419 868 1487 baptizati,
895 1419 1073 1472 omnia
1103 1420 1302 1474 faciant
1321 1435 1439 1489 quae
1468 1429 1735 1490 praecepta
1753 1431 1908 1475 sunt:

343 1509 468 1578 quia
505 1509 643 1563 sicut
675 1523 868 1577 corpus
899 1509 1013 1563 sine
1053 1509 1244 1578 spiritu
1294 1518 1562 1564 mortuum
1594 1519 1697 1575 est,
1751 1511 1824 1564 ita
1859 1519 1913 1564 et

343 1599 473 1665 [ides
513 1599 624 1650 sine
650 1597 886 1666 operibus
935 1609 1141 1651 mortua
1167 1609 1241 1652 est
1276 1597 1416 1669 (Jac.
1449 1600 1529 1669 ll).
1570 1599 1782 1665 Quanta
1811 1616 1909 1652 au-

345 1696 450 1743 tem
489 1702 697 1741 merces
749 1688 848 1757 piae
893 1690 1343 1755 conversationis,
1387 1691 1545 1760 quale
1592 1693 1784 1762 pignus
1828 1691 1911 1745 fu-

2019 508 2326 576 tribuendo,
2361 514 2651 569 roboravit.
2687 519 2728 572 E
2757 520 2950 589 quibus
2985 527 3200 593 quidem
3231 531 3588 598 apparitioni-

2015 597 2116 653 bus
2166 601 2351 655 decem
2398 604 2731 663 solummodo
2769 611 2820 664 in
2867 597 3318 685 evangelistarum
3372 625 3589 691 scriptis

2016 692 2338 757 invenimus,
2356 696 2449 750 sed
2477 697 2659 765 plures
2683 700 2846 756 fuisse
2868 705 3024 759 docet
3050 707 3333 778 Apostolus
3362 720 3549 768 dicens
3572 734 3586 768 :

2015 779 2085 832 Et
2109 785 2388 836 resurrexit
2421 787 2573 840 tertia
2599 788 2683 841 die
2704 793 2986 846 secundum
3018 795 3338 866 Scripturas,
3373 813 3420 854 et
3452 803 3587 857 uisus

2015 882 2090 925 est
2143 872 2348 943 Cephrv,
2409 888 2597 947 etpost
2627 880 2737 934 hrcc
2781 884 3041 951 undecim,
3095 889 3279 944 deinde
3330 893 3584 948 uisus'rst

2012 963 2129 1032 plus
2174 982 2332 1035 quam
2368 969 2657 1038 quingentis
2703 972 2958 1040 fratribus
2993 980 3169 1042 simul,
3207 982 3392 1036 deinde
3450 985 3589 1040 visus

2013 1065 2089 1108 est
2118 1056 2336 1122 Jacobo,
2371 1059 2556 1114 deinde
2603 1064 2848 1132 apostolis
2879 1069 3136 1134 omnibus,
3177 1075 3454 1129 nouissime
3493 1095 3590 1130 au-

2013 1155 2114 1199 tem
2166 1148 2400 1200 ontnium
2453 1160 2704 1221 tanquam
2755 1155 2985 1210 abortivo
3038 1161 3176 1214 visus
3227 1171 3300 1216 est
3343 1174 3392 1218 et
3439 1167 3586 1219 mihi.

2013 1234 2218 1302 Quibus
2246 1239 2386 1292 enim
2416 1239 2549 1296 locis
2597 1244 2677 1297 vel
2720 1248 3048 1316 temporibus
3083 1250 3236 1308 factm
3269 1266 3394 1309 sunt
3433 1259 3590 1312 visio-

2013 1343 2132 1394 nes,
2183 1346 2318 1400 quas
2342 1347 2744 1402 commemorat,
2777 1339 3106 1408 ignoramus.
3142 1344 3342 1400 Tamen
3387 1349 3589 1404 scimus

2012 1420 2135 1487 quia
2163 1422 2302 1488 quod
2332 1423 2431 1476 sibi
2465 1425 2755 1481 novissime
2779 1429 2950 1483 visum
2979 1447 3099 1486 esse
3137 1433 3420 1489 Dominum
3457 1453 3588 1492 con-

2012 1507 2234 1574 ﬁrmat,
2293 1521 2412 1580 post
2456 1517 2828 1571 ascensionem
2884 1519 2999 1587 ejus
3057 1521 3256 1576 factum
3319 1535 3442 1581 est:
3503 1530 3588 1584 vel

2012 1600 2224 1666 quando
2275 1602 2422 1657 illum
2475 1606 2542 1659 de
2577 1606 2714 1661 cmlo
2763 1608 3066 1678 alloquens,
3123 1615 3188 1667 de
3239 1627 3587 1684 persecutore

2011 1690 2264 1748 Ecclesiae
2291 1695 2564 1751 doctorem
2609 1699 2766 1766 fecit;
2808 1703 2889 1757 vel
2936 1707 3144 1773 quando
3173 1708 3225 1761 in
3276 1711 3586 1778 paradisum

345 1787 476 1835 tura:
503 1778 868 1846 beatitudinis,
913 1781 1147 1835 etiamin
1173 1783 1419 1871 prmsenti
1455 1783 1636 1838 ﬁdeles
1669 1797 1902 1850 maneat,
1938 1796 1981 1854 Β
2009 1792 2064 1838 et
2117 1786 2332 1839 tertium
2388 1790 2583 1843 cmlum
2641 1803 2852 1861 raptus,
2905 1797 3104 1850 audivit
3157 1816 3352 1855 arcana
3412 1804 3583 1867 verba,

342 1873 732 1941 subsequenter
776 1871 1012 1927 insinuat
1047 1873 1266 1928 dicens:

412 1957 556 2015 Ecce
593 1978 686 2031 ego
728 1963 987 2017 vobiscum
1014 1981 1126 2017 sum
1157 1965 1392 2019 omnibus
1436 1967 1614 2019 diebus
1655 1983 1814 2036 usque
1837 1966 1906 2020 ad

343 2054 838 2106 consummationem
865 2053 1064 2108 swculi.
1113 2053 1269 2109 Libet
1294 2063 1473 2109 autem
1517 2054 1760 2110 conferre
1783 2056 1907 2110 huic

343 2140 647 2194 testimonio
661 2141 800 2208 quod
827 2140 1039 2195 Marcus
1051 2144 1155 2196 ait:
1187 2141 1254 2194 Et
1267 2141 1519 2196 Dominus
1545 2143 1750 2212 quidem
1767 2152 1908 2213 post-

338 2242 499 2296 quam
521 2227 721 2282 locutus
753 2240 826 2282 est
851 2239 1144 2299 assumptus
1189 2241 1262 2284 cst
1300 2232 1355 2284 in
1377 2232 1580 2297 caelum,
1609 2242 1655 2286 et
1681 2234 1810 2287 sedit
1837 2233 1906 2287 ad

338 2315 604 2370 dexteram
625 2316 719 2370 Dei
744 2317 935 2388 (Marc.
962 2319 1093 2391 xvi).
1119 2317 1254 2385 Quia
1274 2322 1416 2374 enim
1439 2321 1551 2390 ipse
1572 2323 1710 2376 Deus
1731 2332 1784 2377 et
1811 2325 1907 2379 ho-

341 2419 429 2457 mo
443 2412 543 2469 est,
570 2415 874 2475 assumptus
893 2416 977 2460 est
996 2407 1049 2460 in
1074 2408 1266 2462 caelum
1287 2410 1641 2477 humanitate,
1661 2427 1819 2481 quam
1837 2414 1904 2467 de

343 2501 484 2548 terra
509 2505 842 2564 susceperat,
873 2507 1053 2551 manet
1075 2513 1193 2552 cum
1223 2502 1426 2555 sanctis
1453 2502 1505 2554 in
1537 2511 1680 2559 terra
1708 2501 1902 2558 divini-

333 2594 470 2650 tate,
496 2601 601 2654 qua
621 2595 818 2641 terram
847 2590 1048 2658 pariter
1067 2590 1253 2661 implet
1277 2602 1332 2647 et
1357 2594 1572 2648 ctelum.
1609 2596 1786 2652 Manet
1805 2613 1903 2651 au-

339 2687 445 2734 tem
460 2681 705 2736 omnibus
725 2683 912 2738 diebus
931 2699 1100 2754 usque
1121 2687 1188 2741 ad
1206 2691 1719 2746 consummationem
1741 2703 1906 2743 saecu-

331 2770 396 2824 li.
423 2773 499 2826 Ex
525 2788 629 2842 quo
648 2775 1112 2847 intelligiturquod
1134 2795 1302 2848 usque
1323 2781 1389 2834 ad
1412 2780 1571 2835 finem
1598 2781 1776 2836 saeculi
1798 2797 1902 2835 non

337 2870 463 2917 sunt
511 2862 742 2920 defuturi
787 2865 838 2919 in
893 2867 1123 2934 mundo,
1171 2869 1261 2938 qui
1291 2869 1467 2924 divina
1523 2872 1800 2926 mansione
1850 2881 1904 2925 et

329 2952 723 3008 inhabitatione
756 2955 863 3009 sint
891 2957 1056 3024 digni.
1103 2957 1213 3012 Nec
1239 2958 1589 3013 dubitandum
1641 2976 1735 3014 eos
1780 2967 1903 3030 post

330 3041 494 3112 hujus
514 3044 689 3099 szeculi
709 3047 1005 3102 certamina
1025 3061 1241 3103 manere
1261 3065 1382 3103 cum
1403 3049 1618 3104 Christo
1637 3051 1689 3104 in
1715 3066 1900 3122 regno,

2008 1887 2126 1940 qua:
2156 1889 2258 1927 non
2301 1874 2418 1929 licet
2456 1877 2657 1932 homini
2705 1881 2845 1951 loqui
2896 1882 2981 1953 (II
3033 1883 3154 1940 Cor.
3194 1892 3320 1960 xit),
3352 1899 3408 1945 et
3445 1894 3586 1948 sicut

2008 1960 2134 2015 alibi
2188 1963 2318 2017 dicit
2367 1969 2680 2036 mysterium
2724 1971 3020 2044 Evangelii,
3051 1979 3194 2045 quod
3243 1980 3312 2034 ab
3360 1981 3578 2039 homine

2007 2066 2112 2105 non
2151 2055 2377 2124 accepit,
2422 2072 2518 2126 per
2555 2061 2935 2117 revelationem
2986 2064 3108 2120 Jesu
3138 2068 3338 2124 Christi
3374 2072 3581 2130 didicit.

2006 2141 2194 2198 Decies
2224 2159 2348 2198 vero
2379 2147 2576 2212 visum,
2605 2158 2662 2203 ut
2686 2151 2936 2215 diximus,
2968 2165 3089 2224 post
3130 2161 3580 2219 resurrectionem

2006 2229 2313 2298 Dominum,
2351 2233 2760 2306 Evangeliorum
2805 2241 2958 2296 nobis
2999 2255 3054 2298 et
3080 2248 3304 2302 Actuum
3365 2262 3583 2322 aposto-

2006 2317 2177 2372 lorum
2213 2323 2392 2390 prodit
2435 2324 2676 2379 historia.
2723 2328 2823 2383 Ubi
2859 2331 2975 2400 ipso
3019 2317 3426 2398 resurrectionis
3467 2358 3579 2398 suae

2005 2412 2091 2466 die
2118 2414 2401 2483 quinquies
2431 2420 2740 2487 apparuisse
2765 2421 2978 2492 legitur.
3017 2426 3196 2481 Primo
3222 2432 3436 2499 quidem
3465 2435 3572 2489 Ma-

2007 2501 2100 2555 rite
2123 2502 2444 2574 Magdalena:
2465 2507 2610 2563 ﬂenti
2636 2511 2703 2564 ad
2731 2527 3152 2572 monumentum.
3184 2521 3381 2578 Deinde
3405 2527 3578 2582 eidem

2006 2591 2202 2656 Mariae,
2256 2605 2308 2650 et
2355 2598 2510 2653 alteri
2549 2601 2788 2670 ejusdem
2832 2607 3064 2662 nominis
3099 2609 3341 2678 feminae,
3392 2631 3577 2687 regre-

2003 2682 2271 2739 dientibus
2294 2703 2324 2740 a
2356 2700 2700 2746 monumento
2733 2697 2979 2752 nuntiare
3013 2699 3304 2771 discipulis,
3348 2682 3479 2772 qua;
3505 2707 3580 2762 ibi

2005 2787 2380 2847 compererant
2407 2796 2697 2838 occurrens
2727 2789 2990 2855 apparuit.
3025 2790 3209 2845 Tertio
3235 2793 3439 2850 Simoni
3473 2797 3575 2853 Pe-

2005 2867 2346 2960 trosQuarto
2380 2871 2634 2943 Cleophze
2661 2885 2715 2930 et
2753 2881 2898 2933 socio
2926 2881 3063 2950 ejus,
3107 2899 3226 2938 cum
3254 2888 3446 2956 quibus
3467 2891 3580 2960 ipse

2004 2957 2251 3028 gradiens
2286 2960 2338 3014 in
2371 2962 2622 3030 Emmaus
2653 2966 2847 3022 ibidem
2887 2970 2936 3022 in
2967 2973 3122 3039 panis
3170 2973 3432 3032 fractione
3480 2957 3575 3035 co-

2003 3048 2181 3117 gnitus
2207 3060 2326 3116 est;
2379 3055 2472 3122 qui
2500 3071 2622 3110 mox
2652 3061 2854 3113 reversi
2903 3061 3324 3136 Hierosolymam
3355 3069 3573 3126 invene—

327 3133 425 3200 qui
453 3133 505 3186 in
527 3135 722 3189 δωουιο
758 3145 1028 3192 certantes
1079 3137 1354 3193 Clu-istum
1387 3139 1442 3194 in
1470 3141 1550 3194 sui
1579 3140 1759 3196 cordis
1788 3143 1886 3196 ho-
1917 3135 1959 3195 C
1993 3147 2117 3192 runt
2140 3141 2428 3212 discipulos
2443 3145 2752 3215 loquentes:
2773 3133 3418 3216 QuiasurrexitvDomiuus
3440 3180 3574 3230 uere,

329 3223 494 3292 spitio
521 3234 834 3281 meruerunt
880 3228 1078 3283 habere
1118 3245 1444 3285 mansorem.
1477 3230 1775 3287 Notandum
1820 3234 1899 3288 in-

332 3321 500 3378 terea,
531 3317 670 3385 quod
709 3333 944 3386 praesens
974 3320 1172 3389 ubique
1211 3321 1390 3375 divina
1437 3324 1692 3393 majestas
1740 3325 1900 3381 aliter

333 3406 486 3461 adest
511 3406 697 3462 electis
721 3408 852 3473 suis,
887 3409 1043 3464 aliter
1076 3411 1226 3465 adest
1259 3413 1522 3482 reprobis.
1550 3413 1717 3468 Adest
1752 3416 1895 3470 enim

333 3497 574 3566 reprobis
616 3499 852 3568 potentia
908 3510 1114 3556 natura:
1161 3501 1731 3569 incomprehensibilis,
1791 3519 1894 3572 qua

331 3585 510 3640 omnia
566 3588 836 3656 cognoscit
890 3589 1175 3642 novissima
1229 3597 1284 3643 et
1336 3591 1552 3658 antiqua
1583 3631 1598 3656 ,
1651 3591 1899 3661 intelligit

331 3675 679 3746 cogitationes
707 3691 736 3728 a
760 3675 934 3746 longe,
975 3685 1030 3730 et
1053 3692 1241 3732 omnes
1267 3677 1384 3732 vias
1403 3679 1732 3748 singulorum
1757 3695 1891 3749 prte-

330 3767 495 3820 vidct.
541 3767 721 3822 Adest-
751 3767 938 3821 electis
991 3768 1161 3837 gratia
1195 3767 1296 3836 pia:
1343 3768 1693 3836 profectionis
1723 3808 1737 3832 ,
1787 3783 1894 3838 qua

332 3856 450 3910 illos
471 3857 772 3926 specialiter
800 3873 895 3927 per
922 3859 1204 3926 praesentia
1234 3857 1395 3924 dona,
1421 3858 1504 3912 vel
1533 3858 1734 3929 flagella
1763 3876 1896 3930 qua~

331 3946 375 4000 si
399 3945 534 4001 filios
567 3955 720 4016 pater
746 3949 941 4012 erudit,
975 3957 1135 4018 atque
1177 3949 1244 4003 ad
1277 3950 1669 4018 possessionem
1696 3950 1892 4005 futura:

327 4035 656 4091 hmreditatis
707 4036 997 4091 erudiendo
1035 4038 1312 4107 provehit.
1365 4037 1533 4093 Adest
1585 4040 1776 4094 electis
1835 4049 1894 4094 ut

329 4125 586 4194 scriptum
617 4132 735 4179 est:
780 4125 944 4179 Juxta
990 4136 1064 4180 est
1107 4125 1360 4181 Dominus
1395 4128 1475 4182 his
1510 4130 1599 4199 qui
1643 4128 1890 4184 tribulato

327 4224 444 4268 sunt
473 4214 644 4279 corde,
668 4226 713 4267 et
742 4215 960 4269 humiles
984 4217 1170 4284 spiritu
1190 4216 1411 4270 salvabit
1446 4215 1618 4288 (Psal.
1672 4220 1888 4292 xxxnt).

327 4303 491 4358 Adest
525 4306 766 4375 reprobis
791 4346 806 4370 ,
864 4315 922 4360 ut
963 4309 1283 4376 promissum
1328 4317 1453 4364 est:
1497 4307 1679 4364 Vultus
1717 4321 1889 4364 autem

327 4395 536 4450 Domini
556 4413 710 4466 super
734 4398 978 4466 facientes
1005 4397 1163 4464 mala,
1214 4409 1267 4451 ut
1301 4401 1482 4470 perdat
1520 4400 1583 4454 de
1611 4411 1749 4455 terra
1786 4419 1890 4455 me-

1999 3237 2049 3280 et
2074 3233 2316 3300 apparuit
2344 3232 2564 3289 Simoni.
2602 3237 2733 3292 Nam
2760 3240 2968 3308 plenius
2995 3245 3119 3300 alibi
3147 3251 3360 3315 quando
3388 3250 3567 3307 Simo~

2000 3320 2054 3372 ni
2086 3324 2395 3391 apparuerit
2437 3342 2542 3380 non
2591 3328 2802 3398 legitur.
2857 3332 3054 3399 Quinto
3102 3340 3345 3407 apparuit
3400 3342 3480 3396 eis
3518 3343 3570 3399 in

1998 3413 2186 3467 eodem
2211 3413 2524 3484 locojauuis
2547 3420 2763 3485 clausis,
2797 3425 2888 3477 ubi
2918 3426 3124 3482 abierat
3151 3429 3402 3486 Thomas.
3441 3434 3574 3489 Sex-

2000 3510 2054 3557 to
2085 3511 2206 3573 post
2237 3505 2353 3560 dies
2389 3515 2513 3563 octo
2559 3512 2773 3580 quando
2807 3525 2922 3568 erat
2953 3526 3007 3570 et
3033 3532 3153 3578 cum
3185 3520 3262 3574 eis
3313 3521 3568 3579 Thomas.

1999 3591 2238 3662 Septitno
2265 3595 2598 3664 piscantibus
2628 3602 2694 3653 ad
2721 3618 2868 3656 mare
2905 3604 3225 3660 Tiberiadis.
3281 3609 3481 3666 Octavo
3509 3615 3560 3668 in

1997 3690 2178 3734 monte
2205 3681 2442 3748 Galileze,
2480 3687 2622 3754 quod
2665 3689 2918 3743 hodierna
2969 3693 3198 3749 lectione
3245 3699 3566 3756 audivimus.

1995 3765 2146 3821 Nono
2178 3772 2608 3828 recumbentibus
2642 3776 2746 3831 illis
2776 3781 3021 3836 undecim
3054 3789 3318 3853 apparuit,
3343 3790 3430 3845 die
3464 3808 3570 3861 quo

1995 3859 2238 3913 ascendit
2260 3860 2314 3913 in
2346 3861 2560 3916 Casium.
2593 3862 2810 3921 Decimo
2851 3869 3102 3926 viderunt
3141 3889 3265 3930 eum
3305 3877 3419 3946 ipsa
3476 3859 3564 3937 die

1993 3963 2098 4002 non
2123 3949 2238 4019 jam
2273 3949 2327 4004 in
2386 3962 2527 4007 terra
2574 3956 2828 4024 positum,
2878 3962 2970 4014 sed
3018 3962 3282 4020 elevatum
3323 3967 3376 4022 in
3417 3985 3567 4031 aera.

1992 4037 2264 4110 ctelosque
2305 4051 2574 4110 petentem
2600 4085 2616 4107 ,
2671 4046 2970 4104 dicentibus
3021 4052 3122 4106 sibi
3187 4057 3432 4126 angelis:
3477 4061 3568 4116 Sic

1992 4125 2154 4182 ueniet
2187 4133 2619 4200 quemadmodum
2652 4137 2852 4192 vidistis
2890 4157 3007 4194 eum
3040 4153 3241 4200 euntem
3272 4125 3329 4202 in
3379 4148 3563 4204 caelum

1995 4219 2130 4291 (Act.
2167 4220 2228 4292 ι).
2253 4221 2366 4279 Hac
2395 4240 2526 4295 ergo
2557 4226 2852 4298 frequentia
2897 4236 3192 4304 corporalis
3235 4253 3344 4294 sua:
3384 4244 3558 4296 mani-

1991 4309 2296 4368 festationis
2343 4317 2626 4373 ostendere
2666 4321 2830 4375 voluit
2866 4324 3156 4393 Dominus,
3211 4338 3270 4385 ut
3305 4331 3559 4396 diximus,

1993 4401 2046 4454 in
2077 4405 2220 4457 omni
2251 4404 2366 4460 loco
2393 4420 2450 4461 se
2486 4409 2748 4464 bonorum
2799 4414 3076 4471 desideriis
3121 4418 3379 4476 divinitus
3440 4438 3562 4479 esse

327 4489 546 4540 moriam
574 4505 751 4541 eorum
779 4488 984 4560 (Ibid).
1034 4489 1182 4544 Unde
1217 4468 1434 4545 necesse
1463 4502 1546 4546 est
1577 4500 1637 4546 ut
1681 4507 1890 4559 semper
1919 4468 1967 4527 Ῑ)
1991 4503 2329 4561 praesentem.
2369 4496 2631 4566 Apparuit
2674 4517 2900 4572 namque
2922 4506 2988 4559 ad
3034 4519 3437 4565 monumentum
3482 4513 3561 4567 lu-

325 4578 574 4647 operibus
600 4593 828 4648 nequam
858 4593 1084 4651 paveant
1111 4585 1254 4648 mali,
1283 4601 1512 4655 quorum
1543 4587 1705 4641 etiam
1740 4588 1881 4658 cogi-

252 4732 254 4734 τ
325 4669 553 4724 tationes
578 4670 800 4741 singulae
823 4675 1128 4744 conspectui
1166 4676 1391 4730 districti
1430 4677 1628 4746 judicis
1678 4687 1883 4746 patent.

325 4759 550 4832 Semper
571 4762 624 4815 in
652 4764 963 4831 operatione
991 4765 1231 4834 justitite,
1260 4775 1312 4820 et
1334 4767 1384 4820 iu
1417 4764 1502 4821 his
1528 4783 1646 4836 qua:
1668 4777 1887 4836 propter

316 4849 580 4918 justitiam
636 4853 912 4920 patiuntur
962 4854 1230 4923 gaudeant
1275 4855 1398 4908 boni
1428 4895 1442 4919 ,
1472 4856 1666 4925 quibus
1719 4855 1884 4910 Deum

321 4939 648 5009 diligentibus
688 4943 860 4995 omnia
890 4951 1230 5011 cooperantur
1252 4943 1305 4997 in
1328 4943 1517 4998 bonum
1553 4945 1728 5016 (Rom.
1747 4949 1886 5018 vm),

322 5035 376 5081 et
407 5027 460 5081 in
497 5043 814 5099 quacunque
864 5030 1204 5086 tribulatione
1253 5032 1440 5101 positis
1473 5050 1745 5104 nunquam
1774 5035 1890 5103 ejus

323 5115 494 5183 pietas
519 5117 709 5172 abest:
741 5119 826 5173 cui
847 5119 1060 5173 canitur
1086 5119 1138 5173 in
1172 5121 1412 5189 psalmo:
1446 5120 1561 5175 Tibi
1604 5125 1740 5177 enim
1798 5125 1890 5179 de-

322 5205 527 5260 relictus
552 5217 624 5261 est
657 5225 870 5278 pauper,
898 5209 1095 5280 pupillo
1147 5221 1203 5264 tu
1253 5214 1356 5266 eris
1389 5213 1634 5281 adjutor:
1686 5227 1888 5271 contere

322 5295 589 5350 brachium
621 5302 902 5365 peccatoris
941 5311 988 5354 et
1035 5302 1249 5372 maligni
1297 5305 1484 5375 (Psal.
1516 5322 1608 5361 xu
1633 5305 1671 5377 ).
1711 5307 1882 5374 Quam

319 5386 534 5454 pietatis
559 5405 668 5444 suae
712 5391 1047 5459 praesentiam
1083 5407 1188 5447 non
1243 5401 1446 5448 tantum
1501 5396 1657 5451 nobis
1718 5399 1884 5452 verbo

319 5477 585 5544 promisit,
612 5479 703 5533 sed
731 5487 786 5533 et
814 5479 1150 5536 evidentibus
1174 5482 1472 5552 designavit
1499 5484 1733 5551 indiciis,
1758 5502 1881 5541 cum

316 5574 441 5635 post
474 5569 918 5623 resurrectionem
951 5585 1103 5624 suam
1148 5571 1441 5640 discipulis,
1493 5575 1688 5644 saepius
1713 5591 1882 5644 usque

319 5657 387 5712 ad
415 5655 557 5712 diem
585 5675 688 5728 qua
715 5659 880 5715 ctelos
905 5661 1036 5730 petit
1059 5663 1324 5732 apparuit,
1357 5677 1650 5735 eorumque
1673 5666 1880 5721 animos

1991 4583 2236 4649 gentibus
2259 4601 2271 4634 :
2298 4585 2477 4640 aderit
2503 4597 2556 4641 et
2578 4590 2731 4644 nobis
2759 4593 3012 4648 absentiae
3036 4597 3151 4667 ejus
3185 4601 3559 4659 recordatione

1985 4671 2274 4728 salubriter
2333 4680 2686 4734 contristatis.
2755 4681 3004 4739 Occurrit
3081 4693 3472 4750 revertentibus
3530 4712 3560 4750 a

1989 4775 2358 4833 monumento,
2393 4777 2451 4821 ut
2471 4771 2649 4841 agnita
2685 4779 3096 4834 resurrectionis
3133 4783 3325 4850 gaudia
3365 4787 3559 4852 praedi-

1987 4861 2200 4907 carent:
2255 4857 2428 4910 aderit
2467 4867 2523 4912 et
2568 4861 2721 4914 nobis
2777 4862 2902 4916 dum
2945 4865 3083 4920 dona
3145 4884 3264 4937 qua:
3310 4872 3559 4927 novimus

1986 4944 2246 5011 proximis
2287 4946 2515 5003 fideliter
2559 4954 2879 5008 annuntiare
2934 4959 3248 5026 gaudemus.
3297 4961 3559 5031 Apparuit

1986 5034 2040 5089 in
2084 5035 2344 5094 fractione
2395 5042 2547 5110 panis
2600 5042 2684 5097 his
2729 5046 2818 5113 qui
2866 5061 2986 5100 eum
3039 5051 3381 5120 peregrinum
3438 5068 3558 5108 esse

1983 5135 2252 5194 putantes,
2284 5127 2350 5182 ad
2380 5129 2668 5197 hospitium
2693 5145 3038 5190 vocaverunt.
3080 5137 3268 5192 Aderit
3302 5147 3358 5192 et
3403 5141 3558 5194 nobis

1984 5222 2180 5268 etcum
2219 5218 2516 5286 peregrinis
2543 5228 2598 5272 et
2625 5225 2948 5291 pauperibus
2995 5239 3325 5293 quaecunque
3367 5243 3557 5297 possu-

1985 5322 2106 5361 mus
2132 5305 2268 5361 bona
2299 5307 2526 5365 libenter
2550 5311 2934 5381 impendimus;
2977 5317 3028 5369 in
3067 5317 3332 5376 fractione
3376 5323 3550 5392 panis,

1985 5414 2106 5454 cum
2135 5410 2472 5455 sacramenta
2509 5406 2749 5473 corporis
2777 5406 2910 5475 ejus,
2929 5408 3176 5464 videlicet
3204 5414 3378 5479 panis,
3409 5414 3549 5468 vivi-

1984 5487 2141 5543 ficata
2169 5504 2233 5543 ac
2262 5491 2488 5560 simplici
2510 5496 2832 5549 conscientia
2865 5499 3144 5553 sumimus.
3192 5501 3453 5572 Apparuit
3497 5505 3552 5560 in

1983 5579 2166 5634 abdito
2213 5581 2278 5634 de
2327 5597 2422 5635 sua
2469 5585 2863 5642 resurrectione
2906 5587 3276 5657 loquentibus:
3307 5591 3458 5648 adest
3498 5603 3553 5650 et

1983 5667 2139 5725 nobis
2167 5669 2325 5724 modo
2348 5669 2463 5741 ejus
2491 5673 2631 5728 dono
2663 5673 2802 5729 idem
2850 5679 3146 5747 agentibus,
3195 5681 3365 5738 aderit
3400 5683 3552 5739 nobis
