4124 6320
1473 319 1920 382 ΒΑΞΟΠΙᾸΙΜ
1972 319 2042 380 Χ.
2103 321 2392 384 ANNUS
2442 323 2573 381 911

1619 593 2470 729 ELENCHUS

570 914 1076 984 AUCTORUM
1132 913 1240 983 ET
1288 911 1675 983 OPERUM
1726 911 1876 993 QUI
1930 910 2018 982 IN
2070 910 2247 984 HOC
2288 910 2552 985 τοΜο
2600 911 2778 984 CVII
2826 912 3487 986 CONTINENTUR

1825 1158 2238 1183 ——--.o.——

861 1376 1003 1437 Llit)
1044 1373 1515 1449 IMPERATOR,
1563 1372 2004 1435 COGNOMINE
2050 1374 2600 1449 PHILOSOPHUS,
2650 1374 2798 1435 VEL
2839 1376 3201 1440 SAPIENS.

392 1528 747 1606 Patrologice
776 1527 1100 1589 Editorum
1131 1525 1420 1603 Praefatio
1449 1525 1522 1585 de
1550 1526 1675 1585 vita
1708 1531 1766 1584 et
1795 1524 2040 1604 scriptis
2083 1524 2296 1587 Leonis
2324 1527 2469 1606 imp.
3363 1549 3494 1606 pag,
3656 1547 3675 1589 ι

398 1624 525 1686 Vita
560 1624 772 1686 Leonis
802 1625 951 1703 imp.
990 1631 1237 1685 auctore
1268 1622 1453 1702 Hipp.
1495 1622 1784 1693 Maracci,
1820 1622 2033 1683 Leonis
2063 1621 2308 1682 Mariati
2337 1623 2612 1701 prce/im.
3620 1644 3675 1687 ιχ

387 1721 612 1783 Basilii
655 1722 838 1801 imp.,
875 1721 1090 1782 Leonis
1118 1720 1334 1800 patris,
1395 1719 1601 1799 capita
1632 1718 1973 1780 hortatoria
2020 1719 2101 1779 ad
2138 1717 2356 1796 ﬁlium,
2390 1736 2468 1780 ea:
2495 1721 2645 1781 edit.
2703 1720 3034 1795 Bandurii,
3097 1721 3254 1799 Imp.

465 1818 688 1880 Orient.
724 1823 865 1879 tom.
899 1818 951 1878 1.
3576 1837 3674 1880 XX]

388 1916 673 1996 Ejusdem
701 1915 903 1993 capita
931 1914 1128 1974 altera
1159 1913 1238 1975 ad
1266 1913 1561 1982 eumdem,
1606 1928 1683 1973 ex
1712 1910 1863 1973 edit.
1898 1912 2066 1973 card.
2102 1913 2266 1990 Ang.
2302 1912 2451 1975 Mai.
3564 1934 3672 1977 ω-ιι

387 2012 796 2083 Constantini,
835 2011 1048 2072 Leonis
1077 2008 1381 2090 discipuli,
1418 2028 1620 2071 versus
1651 2010 1719 2070 in
1748 2010 2111 2088 magistrum
2143 2026 2276 2070 cum
2308 2010 2817 2090 interpretatione
2847 2019 3080 2073 nostra.
3586 2031 3675 2074 LXI

540 2161 779 2223 OPERUM
811 2177 951 2221 PARS
981 2176 1172 2222 PRIMA.
1204 2194 1285 2204 -—
1326 2160 1567 2221 SCRIPTA
1598 2175 1976 2220 THEOIDGICA.

383 2295 653 2355 Homilim
683 2305 740 2354 et
781 2297 1117 2369 panegyrici
1150 2291 1306 2362 XIX,
1341 2312 1410 2351 ex
1444 2295 1583 2352 edit.
1620 2291 1794 2367 Hipp.
1829 2290 2105 2362 Maracci,
2159 2291 2374 2352 Franc.
2416 2292 2777 2363 Combetisii,
2829 2293 2950 2354 Jac.
2993 2295 3272 2367 Gretseri,

465 2393 761 2467 Scipionis
789 2391 1008 2459 Malfei,
1035 2389 1191 2449 Petri
1226 2388 1480 2459 Possini,
1515 2388 1698 2448 Henr.
1735 2388 1968 2461 Savilii,
2003 2387 2267 2449 Baronii.
3358 2395 3471 2452 col.
3641 2392 3669 2450 1

384 2489 594 2549 Preces
623 2490 926 2564 liturgicaa,
973 2506 1041 2546 ex
1072 2489 1312 2562 antiqua
1353 2484 1709 2545 Collectione
1750 2488 2025 2561 liturgica
2057 2484 2316 2546 Venetiis
2343 2485 2502 2546 edita
2546 2485 2724 2549 1554.
3556 2489 3675 2552 299

383 2588 686 2646 Canticum
717 2587 1192 2660 compunctiouis
1213 2601 1282 2643 ex
1317 2586 1693 2643 meditatione
1711 2587 1911 2642 aeterni
1939 2586 2169 2658 judicii,
2203 2583 2259 2644 in
2292 2583 2612 2644 Aneedotis
2660 2583 2727 2644 Ρ.
2762 2584 3104 2661 Μελινειηετιι,
3141 2604 3276 2646 cum

461 2685 939 2758 interpretatione
969 2691 1193 2739 nostra.
3557 2682 3677 2744 309

383 2781 647 2856 Epistola
672 2782 748 2838 ad
767 2776 1049 2839 Omarum
1078 2776 1504 2838 Saracenorum
1530 2796 1724 2855 regem
1752 2776 1830 2837 De
1853 2777 1984 2836 ﬁdei
2008 2776 2360 2839 Christiana:
2383 2782 2626 2838 veritate
2647 2789 2704 2839 et
2724 2777 3272 2841 Mahumetanorum

462 2879 780 2948 erroribus,
814 2892 885 2934 ex
912 2874 1194 2936 Biblioth.
1226 2875 1462 2936 Patrum
1495 2873 1765 2951 Lugdun.
1798 2877 1939 2936 edit.
3558 2878 3677 2939 315

528 3025 768 3088 OPERI‘M
798 3042 943 3086 PARS
972 3041 1242 3087 SECUNDA.
1276 3061 1357 3070 —
1397 3026 1635 3086 SCRIPTA
1669 3042 1923 3087 JURIDICA
1954 3043 2019 3086 ΕΤ
2049 3042 2347 3087 CANONICA.

367 3160 752 3221 Orientalium
798 3158 1262 3235 Episc0patuum
1323 3159 1556 3221 Notitia‘
1602 3178 1635 3218 a
1674 3158 1866 3219 Leone
1899 3158 2174 3234 Sapiente
2203 3162 2277 3219 ad
2325 3161 2736 3221 Andronicum
2782 3159 3173 3238 Palaeologum
3204 3181 3275 3223 ex

447 3262 587 3319 edit.
619 3257 818 3319 Jacobi
850 3255 1051 3318 Goari.
3552 3254 3672 3319 3‘23

365 3354 621 3415 Novella:
666 3354 1130 3416 Constitutiones
1186 3358 1310 3414 sive
1339 3356 1707 3414 correcloriae
1738 3357 1931 3430 legum
1972 3358 2443 3430 repurgationes,
2488 3373 2559 3415 ex
2588 3354 2847 3431 Corpore
2894 3358 3045 3430 juris
3082 3358 3273 3416 civilis
3555 3354 3674 3417 4'19

524 3506 764 3567 OPERUM
796 3522 933 3567 mus
973 3522 1193 3569 TERTIA.
1227 3539 1307 3550 —
1361 3504 1640 3578 Canmn,
1675 3521 1900 3565 SCRIP'I‘A
1930 3522 2002 3565 AD
2034 3522 2144 3565 seu
2176 3521 2471 3565 numnum
2505 3522 2859 3578 srncnx'm,
2893 3504 3190 3566 ORACL'M.

365 3639 664 3701 Carmina.

364 3737 652 3813 Apologia
682 3735 900 3796 Leonis
922 3739 980 3797 in
1011 3755 1127 3813 qua
1159 3736 1529 3799 Constantini
1555 3737 1835 3810 discipuli
1869 3739 1963 3795 sui
2004 3739 2337 3795 calumnias
2366 3754 2400 3794 a
2431 3754 2493 3794 se
2527 3739 2786 3814 repellit.
3554 3733 3673 3796 659

365 3834 808 3911 Epigrammata
831 3883 841 3893 .
2361 3891 2364 3894 ἢ

367 3930 739 3994 ΚΛΡΚΙΝΟΙ
756 3978 769 3989 .
3555 3928 3674 3991 663

368 4030 449 4090 De
482 4032 760 4105 martyrio
791 4028 858 4089 S.
913 4028 1232 4089 Clementis
1261 4028 1563 4103 Ancyrani
1600 4029 1927 4103 fragmenta
1958 4032 2224 4088 metrica.
2746 4058 2749 4059 ν
3555 4026 3673 4087 665

366 4127 721 4203 Fragmenta
749 4129 1131 4186 homiliarum
1166 4128 1226 4185 in
1257 4126 1320 4186 S.
1354 4124 1758 4201 Tryphonem.
3553 4123 3669 4187 667

366 4225 629 4297 Taetica,
653 4228 776 4284 sive
797 4227 867 4283 de
886 4242 950 4283 re
973 4226 1212 4283 militari
1236 4222 1427 4297 Liber,
1455 4242 1523 4282 ex
1547 4225 1802 4283 editione
1822 4220 2068 4282 Joannis
2090 4221 2275 4282 Lamii
2309 4227 2367 4283 in
2398 4226 2740 4284 recensione
2760 4241 3003 4299 operum
3023 4222 3264 4284 Meursii

446 4320 757 4382 Florentiae
792 4320 947 4382 1745
977 4324 1133 4381 edita
1149 4369 1162 4383 .
3547 4319 3663 4381 669

366 4420 696 4499 Appendix
724 4420 802 4481 ad
840 4419 1097 4480 Tactica.
1142 4452 1221 4462 —
1277 4419 1549 4494 Capitula
1579 4421 1849 4495 quaedam
1878 4422 1951 4477 ad
1984 4436 2106 4477 rem
2141 4421 2454 4478 militarem
2486 4420 2834 4495 spectantia,
2867 4436 2939 4480 ex
2968 4418 3267 4493 Mauricii,

447 4517 817 4577 Constantini
890 4526 948 4575 et
1021 4516 1231 4576 Leonis
1309 4515 1584 4589 Tacticis,
1665 4520 1822 4576 edita
1898 4520 1957 4574 in
2029 4515 2471 4591 Programmate
2545 4519 2885 4577 academico
2971 4515 3273 4578 Turicensi

446 4614 795 4674 anni1834.

3517 4613 3668 4674 1095

367 4710 621 4773 Oracula
662 4730 797 4772 eum
832 4715 1032 4788 ﬁguris
1061 4722 1114 4771 et
1145 4715 1389 4787 antiqua
1419 4711 1796 4786 Parapltrasi,
1829 4727 1902 4770 ex
1945 4712 2207 4771 editione
2240 4706 2757 4771 Petri'Lambecii.
3515 4712 3660 4771 i121
