4124 6320
334 364 3589 408 W

1217 568 2731 725 PROLEGOMENA.

1929 1003 2017 1121 Ι

839 1255 1234 1395 VITA
1318 1259 1887 1393 LEONIS
1983 1259 3062 1396 IMPERATOBIS

1461 1504 1981 1566 COGNOMENTO
2008 1503 2475 1566 PHILOSOPHI

749 1658 854 1718 Ea:
905 1654 1198 1735 probatis
1225 1653 1589 1717 auctoribus
1633 1653 1890 1717 collecta
1948 1673 2099 1715 cura
2135 1659 2421 1720 etstudio
2456 1654 2791 1735 Hippolyti
2815 1656 3098 1718 Manaccr
3126 1662 3214 1748 ³..

411 1969 523 2029 Leo
571 1977 870 2042 Imperator
924 1968 1567 2041 Constantiuopolitanus
1604 1969 1705 2044 (Ι),
1742 1971 1910 2043 hujus
1937 1976 1992 2038 Λ
2014 1975 2128 2030 exit
2169 1973 2442 2044 Basilius;
2469 1975 2579 2032 Leo
2629 1983 2838 2047 patrem
2867 1974 3185 2038 comitatur,
3217 1972 3474 2028 inventus
3505 1981 3592 2028 est

342 2060 703 2127 nominis'Vl,
733 2060 857 2117 aliis
894 2060 962 2127 Ἴ,
995 2059 1182 2117 Basilii
1237 2060 1546 2119 Macedonis
1609 2062 1910 2132 imperato-

339 2155 419 2211 ris
452 2152 530 2228 (2)
565 2155 749 2226 (quem
780 2152 1012 2209 Michael
1034 2153 1336 2223 imperator
1380 2153 1481 2226 (3),
1517 2153 1666 2225 quod
1700 2155 1911 2226 prolem

340 2262 405 2302 es
439 2260 501 2303 se
553 2245 879 2302 naturaliter
928 2255 1269 2316 procreatam
1314 2247 1520 2301 nullam
1566 2246 1815 2309 haberet.
1859 2249 1916 2303 in

341 2333 512 2389 illium
554 2331 933 2404 adoptaverat,
963 2341 1019 2388 et
1079 2341 1202 2403 post
1257 2332 1425 2389 etiam
1467 2333 1774 2391 diademate
1801 2335 1918 2390 cin-

341 2427 518 2496 xerat)
552 2425 700 2482 ﬁlius
741 2424 986 2482 secundo
1026 2426 1262 2498 genitus,
1312 2441 1343 2481 a
1381 2441 1564 2482 rerum
1610 2426 1917 2482 divinarum

339 2517 820 2590 humanarumque
849 2516 1080 2573 scientia
1133 2526 1499 2588 cognomento
1535 2517 1921 2589 Phil050phus,

347 2625 447 2667 seu
487 2609 720 2680 Sapiens
771 2609 954 2665 dictus
993 2616 1078 2665 est
1127 2608 1227 2680 (4).
1269 2608 1515 2664 Fratrem
1560 2608 1753 2664 habuit
1791 2617 1923 2663 natu

346 2701 633 2773 majorem,
669 2701 892 2758 nomine
915 2700 1368 2766 Constantinum,
1402 2700 1566 2770 cujus
1605 2699 1756 2757 obitu
1795 2715 1921 2755 cum

343 2791 586 2849 Basilius
657 2800 815 2865 pater
885 2791 1267 2847 inconsolabili
1332 2790 1524 2846 dolore
1596 2788 1926 2856 adiceretur,

344 2884 550 2941 factum
585 2895 689 2948 est,
718 2892 777 2940 ut
808 2881 1081 2940 Theodori
1104 2882 1497 2940 Euchaitarum
1526 2883 1798 2954 episc0pi,
1823 2897 1918 2938 eo-

344 2975 603 3045 gnomine
642 2975 1009 3042 Santabaren,
1072 2973 1360 3045 praestigiis
1408 2981 1464 3028 et
1508 2973 1923 3038 necromantia,

331 3068 596 3139 ejusdem
616 3064 715 3124 ﬁlii
742 3068 849 3141 (uti
883 3063 1258 3140 percupiebat)
1287 3066 1556 3138 potiretur
1580 3073 1802 3136 aspectu
1823 3064 1923 3136 (5).

345 3163 499 3220 Fecit
514 3163 688 3230 enim,
709 3172 770 3218 ut
794 3162 977 3232 specie
994 3160 1318 3233 imaginaria
1335 3157 1731 3216 Constantinus
1756 3172 1928 3230 eques

343 3256 488 3330 patri
532 3255 768 3328 quadam
807 3255 863 3310 in
927 3254 1066 3312 silva
1122 3253 1341 3309 obviam
1389 3250 1564 3317 ﬂeret,
1621 3264 1784 3322 quem
1832 3249 1929 3305 ubi

347 3351 500 3408 visus
529 3349 638 3408 sibi
663 3347 858 3406 fuisset
883 3349 1201 3419 imperator,
1231 3354 1286 3402 et
1313 3345 1659 3416 complexus,
1694 3350 1749 3399 et
1768 3357 1930 3399 oscuo

347 3441 496 3498 latus
529 3455 675 3504 esse,
723 3455 851 3496 mox
906 3447 1322 3495 evanescentem
1373 3451 1440 3492 ex
1481 3435 1661 3491 oculis
1714 3434 1922 3490 amisit.

2015 2070 2182 2140 pugio
2215 2069 2269 2124 in
2314 2069 2503 2126 calceo
2544 2069 2744 2126 Leonis
2788 2069 3119 2134 occultatus,
3148 2066 3305 2121 visus
3343 2073 3426 2121 est
3459 2077 3590 2119 vera

2015 2162 2225 2219 dixisse
2250 2162 2503 2230 delator;
2542 2162 2618 2219 rei
2644 2160 2892 2218 defensio
2932 2175 3042 2215 non
3079 2157 3410 2224 admittitur,
3439 2157 3594 2212 ardet

2018 2252 2306 2310 iracundia
2353 2260 2508 2324 pater
2534 2259 2725 2308 contra
2772 2252 2968 2315 ﬁlium,
2997 2252 3056 2307 in
3087 2250 3325 2324 quodam
3356 2249 3594 2320 impera-

2021 2345 2166 2400 torio
2189 2346 2445 2402 cubiculo
2493 2346 2670 2416 ipsum
2709 2345 2969 2411 includit,
3015 2353 3069 2400 et
3097 2346 3182 2415 (ut
3225 2341 3451 2414 quidam
3482 2348 3596 2396 tra-

2021 2437 2179 2510 dunt)
2205 2441 2256 2495 ei
2284 2440 2479 2495 oculos
2504 2455 2700 2496 eruere
2737 2440 2792 2494 in
2824 2440 3008 2494 animo
3039 2436 3298 2503 habebat,
3323 2435 3601 2492 Santaba-

2022 2548 2159 2588 reno
2187 2533 2254 2588 ad
2282 2533 2341 2588 id
2376 2549 2501 2589 eum
2533 2533 2853 2604 instigante,
2885 2531 3051 2602 idque
3089 2531 3316 2587 omnino
3344 2529 3607 2585 futurum

2026 2622 2221 2690 fuisse,
2247 2623 2353 2699 nisi
2377 2623 2712 2695 patriarcha,
2758 2633 2812 2679 et
2843 2624 3098 2693 princeps
3127 2629 3376 2687 senatus,
3412 2621 3614 2676 multis.

2025 2715 2283 2786 precibus
2310 2701 2697 2785 imperatorem
2723 2729 2752 2769 a
2777 2715 3047 2770 sententia
3085 2713 3471 2769 deduxissent.
3506 2713 3601 2766 At-

2025 2823 2133 2879 que
2164 2807 2279 2862 haec
2308 2822 2439 2863 sane
2455 2807 2825 2862 calamitatum
2847 2807 3063 2874 forttax,
3090 2814 3143 2861 et
3172 2806 3442 2861 malorum
3467 2821 3603 2860 con-

2028 2899 2327 2964 ﬂatorium,
2362 2898 2598 2955 Leonem
2646 2899 2952 2971 probarunt
2999 2912 3138 2953 auro
3187 2898 3423 2953 similem
3456 2912 3603 2962 esse,

2029 2990 2118 3045 cui
2150 2988 2289 3044 nihil
2315 2989 2441 3044 teris
2470 2988 2741 3044 subesset.
2789 2986 2927 3041 Hinc
2967 2988 3072 3042 orti
3118 2986 3362 3056 ploratus
3403 2994 3457 3040 et
3485 2985 3604 3054 eiu-

2028 3077 2262 3134 lationes
2293 3077 2506 3144 matris,
2541 3084 2746 3134 sortem
2797 3076 2892 3130 ﬁlii
2935 3074 3316 3142 lamentantis,
3357 3081 3412 3130 et
3458 3073 3615 3143 apud

2030 3179 2248 3242 patrem
2306 3184 2405 3240 pro
2464 3184 2531 3225 eo
2593 3166 2964 3240 deprecantis.
3029 3166 3282 3223 Sederat
3325 3165 3609 3231 durus,“

2031 3261 2207 3316 instar
2232 3259 2352 3316 saxi
2376 3257 2614 3314 emolliri
2646 3273 2757 3315 non
2803 3265 3040 3329 poterat,
3073 3256 3183 3312 imo
3221 3271 3376 3326 atque
3411 3271 3604 3326 parum

2023 3365 2090 3406 ac
2123 3349 2354 3406 adamas
2392 3350 2462 3404 ah
2497 3363 2687 3405 amore
2728 3348 2969 3405 naturali
3009 3363 3139 3420 erga
3187 3347 3362 3403 tilium
3423 3346 3610 3403 ﬂecte-

2018 3441 2207 3499 batur.
2270 3441 2688 3498 Adhibcbantur
2751 3441 3098 3498 mulierculae
3174 3439 3605 3506 lamentatrices,

349 3533 493 3601 Quo,
519 3541 573 3591 et
595 3532 723 3589 aliis
753 3523 1032 3589 similibus
1053 3527 1214 3585 iactis
1251 3526 1667 3583 Santabarenus
1720 3524 1925 3582 Basilio
2020 3551 2146 3606 quae
2185 3535 2523 3606 praeﬁcarum
2559 3534 2616 3590 in
2648 3549 2856 3591 morem
2899 3535 3110 3591 naenias
3149 3533 3415 3605 quasdam
3446 3533 3606 3606 lugu-

353 3626 686 3698 imperatore
711 3622 768 3680 in
794 3621 1219 3678 admirationem
1244 3617 1507 3683 δάιιυοῑοι
1537 3618 1740 3685 θσεείιν
1777 3625 1839 3673 ut
1876 3617 1925 3676 is
2021 3626 2196 3683 hriter
2224 3626 2561 3692 accinerent,
2599 3633 2656 3681 et
2713 3626 3085 3681 calamitatem
3138 3624 3343 3680 Leonis
3411 3624 3609 3679 acerbe

351 3727 504 3775 totus
525 3732 596 3774 ex
628 3717 749 3788 ipso
779 3715 1066 3787 penderet,
1101 3721 1158 3770 et
1186 3711 1346 3767 tidem
1377 3709 1427 3767 ei
1471 3711 1716 3775 haberet,
1747 3725 1926 3781 neque
1956 3735 2000 3791 Β
2028 3717 2397 3788 deplorarent.
2427 3716 2632 3774 Domus
2653 3716 2912 3772 universa
2945 3717 3218 3773 nihilerat
3237 3714 3391 3771 aliud
3439 3729 3608 3786 quam

351 3810 465 3866 ulla
496 3809 552 3867 in
585 3824 647 3865 re
667 3807 955 3865 diuideret.
992 3804 1101 3862 Sed
1146 3802 1258 3860 Leo
1287 3803 1429 3860 illius
1449 3803 1593 3874 ejus,
1624 3803 1736 3872 jam
1769 3803 1928 3858 adul-

351 3911 461 3968 tus,
492 3900 800 3972 disciplinis
851 3898 1109 3955 omnibus
1141 3895 1395 3953 eruditus
1427 3933 1444 3961 ,
1477 3905 1645 3966 atque
1687 3909 1718 3949 a
1772 3901 1930 3965 patre

351 3994 657 4066 imperator
687 3992 984 4056 salutatus,
1031 3988 1411 4046 Santabareno
1451 4002 1563 4043 non
1609 3986 1927 4044 delectaba-

351 4093 485 4154 tur;
531 4099 724 4142 verum
755 4099 882 4141 eum
916 4082 1219 4140 veneﬁcum
1259 4081 1589 4154 appellabat,
1633 4089 1688 4137 et
1716 4082 1930 4152 praesti-

353 4180 641 4252 giatorem,
671 4184 730 4235 et
762 4176 1111 4249 imperatoris
1143 4175 1515 4247 deceptorem.
1556 4171 1654 4229 llis
1690 4174 1780 4229 ille
1812 4173 1930 4230 vel-

353 4271 436 4329 uti
455 4271 696 4343 spiculis
719 4268 1056 4343 quihusdam
1084 4271 1250 4337 ictus,
1294 4267 1361 4324 ad
1380 4267 1644 4323 ultionem
1673 4267 1927 4338 insurgit,

358 4365 730 4436 simulataque
778 4378 906 4436 erga
935 4361 1176 4419 Leonem
1208 4361 1614 4426 benevolentia,
1661 4359 1794 4415 Cum
1829 4361 1932 4424 sis,

355 4454 558 4526 inquit,
592 4453 928 4519 adolescens,
961 4453 1274 4524 imperator,
1311 4460 1362 4507 et
1391 4467 1509 4506 cum
1547 4461 1700 4521 patre
1732 4452 1932 4506 veneris

352 4557 404 4602 et
433 4548 657 4620 equites,
710 4548 873 4619 pugio
903 4547 1067 4602 etiam
1109 4546 1209 4600 tibi
1261 4545 1579 4614 deferendas
1621 4552 1724 4607 est,
1755 4559 1858 4614 quo
1879 4553 1931 4598 et

356 4653 545 4701 contra
590 4641 758 4715 {erant
793 4642 987 4708 utaris,
1023 4650 1073 4697 et
1105 4640 1248 4710 patri
1293 4640 1560 4711 porrigas,
1586 4655 1705 4692 cum
1734 4655 1815 4694 res
1848 4648 1933 4693 tu-

359 4733 479 4789 lerit
509 4749 530 4788 :
560 4741 656 4788 aut
686 4734 852 4788 etiam
887 4732 1232 4788 insidiatores
1257 4732 1374 4802 ejus
1400 4733 1698 4786 ulciscaris.
1726 4731 1773 4787 Is
1807 4732 1935 4788 dolo

359 4841 468 4881 non
513 4825 924 4888 animadverso.
982 4824 1299 4896 pugionem,
1343 4833 1406 4878 ut
1432 4825 1524 4879 ille
1559 4830 1835 4888 suaserat,
1877 4824 1933 4877 in

360 4920 546 4975 calceo
588 4918 714 4974 fert.
754 4917 831 4972 Eo
865 4918 1103 4990 pugione
1147 4917 1554 4973 Santaberenus
1603 4915 1671 4970 ad
1706 4917 1935 4971 delatio-

359 5026 485 5066 nem
533 5009 734 5066 Leonis
789 5026 948 5072 usus,
1013 5007 1337 5079 Imperator,
1396 5009 1593 5078 inquit,
1637 5007 1783 5074 ﬁlius
1814 5017 1936 5061 tuus

364 5103 460 5157 tibi
518 5102 828 5158 insidiatur.
886 5101 1096 5157 Indicio
1152 5101 1290 5156 illud
1338 5109 1438 5168 est,
1490 5099 1629 5172 quod
1658 5102 1715 5154 in
1747 5082 2005 5155 venatuC
2041 5113 2198 5160 mus,
2261 5096 2580 5167 loqueretur

363 5201 644 5272 pugionem
696 5199 961 5256 occultum
1015 5197 1172 5270 gerit.
1232 5195 1330 5253 His
1385 5196 1610 5260 auditis,
1676 5204 1933 5250 venatum

2030 3809 2234 3865 luctus.
2269 3807 2489 3880 Septem
2517 3811 2632 3865 fere
2651 3824 2923 3865 annorum
2951 3808 3132 3879 Spatio
3149 3807 3260 3864 Leo
3307 3807 3363 3863 in
3385 3822 3610 3864 carcere

2028 3901 2285 3959 detentus
2313 3909 2435 3968 est;
2481 3917 2720 3973 cumque
2773 3911 3000 3958 senatus
3031 3916 3175 3971 saape
3223 3914 3324 3968 pro
3357 3899 3479 3972 ipso
3515 3915 3606 3955 vo-

2028 3995 2226 4050 luisset
2279 3993 2588 4064 deprecari.
2616 4001 2672 4048 et
2718 3994 2892 4048 variis
2956 3993 3023 4048 de
3065 3993 3252 4048 causis
3301 3993 3612 4064 prohibitus

2031 4086 2247 4152 fuisset,
2269 4086 2489 4142 tandem
2531 4096 2838 4156 opportuna
2889 4087 3082 4141 oborta
3150 4067 3233 4140 est
3293 4087 3342 4141 ei
3393 4088 3614 4144 occasio

2032 4200 2140 4254 qua
2173 4191 2382 4252 posset,
2414 4179 2560 4252 quod
2592 4183 2646 4237 in
2673 4181 2858 4236 animo
2883 4181 3117 4236 habebat
3147 4189 3201 4236 et
3237 4181 3486 4238 studiose
3515 4197 3610 4237 cu.

2031 4276 2190 4330 rahat
2237 4275 2524 4346 perficere.
2596 4272 2724 4329 Erat
2775 4273 3025 4344 quasdam
3067 4273 3184 4329 avis
3238 4274 3293 4328 in
3349 4273 3523 4344 regia,
3556 4271 3612 4329 in

2033 4379 2202 4420 eavea
2245 4363 2480 4429 inclusa,
2527 4363 2593 4417 ad
2655 4363 3028 4432 spectaculum
3077 4373 3131 4418 et
3189 4363 3612 4421 oblectationem

2035 4453 2378 4511 audientium
2411 4463 2464 4509 et
2511 4455 2810 4510 videntium
2837 4455 3124 4525 (psittacus
3153 4454 3238 4510 avi
3269 4463 3353 4511 est
3387 4469 3612 4520 nomen,

2033 4561 2154 4617 quae
2199 4545 2496 4600 humanam
2543 4560 2729 4601 vocem
2783 4545 3005 4601 imitans
3051 4547 3281 4600 multum
3323 4545 3612 4619 loquitur),

2033 4653 2158 4712 qua:
2211 4638 2430 4707 quidem
2483 4638 2600 4692 sive
2625 4636 2696 4692 ab
2751 4637 2935 4708 aliquo
2962 4637 3177 4703 educta,
3210 4638 3326 4694 sive
3365 4639 3612 4710 alioquin

2035 4745 2193 4797 casu,
2226 4745 2370 4801 saepe
2403 4747 2416 4785 :
2468 4727 2607 4798 Heu,
2642 4732 2778 4784 heu!
2809 4730 3019 4785 domine
3041 4731 3165 4795 Leo,
3201 4731 3612 4800 pronuntiabat.

2036 4820 2287 4891 Cumque
2317 4819 2615 4890 aliquando
2653 4819 2860 4874 lautum
2891 4818 3114 4875 fecisset
3143 4818 3445 4888 imperator
3481 4833 3614 4873 con-

2038 4913 2264 4977 vivium,
2323 4921 2378 4968 ct
2433 4911 2686 4967 accersiti
2749 4911 3028 4981 principes
3083 4919 3313 4967 senatus
3377 4924 3502 4963 cum
3551 4924 3620 4963 eo

2041 5005 2206 5060 simul
2264 5012 2475 5066 essent,
2527 5003 2754 5074 avisque
2791 5018 2936 5073 saepe
2972 5002 3049 5066 id,
3080 5001 3229 5073 quod
3280 5000 3441 5054 modo
3474 4996 3587 5053 diri

2630 5114 2644 5150 :
2699 5095 2882 5150 mcesti
2931 5095 3174 5150 conviva:
3220 5110 3248 5148 a
3279 5093 3419 5149 cibis
3449 5092 3622 5147 absti-

2043 5198 2264 5254 nentes,
2297 5188 2644 5259 cogitabundi
2681 5187 2964 5243 sedebant.
2992 5187 3148 5255 Quod
3180 5185 3620 5241 auimadvertcns

1875 5300 2102 5359 NOTAE.

437 5433 517 5505 (Ι)
556 5429 962 5505 gonstantinus
986 5424 1268 5505 Manasses
1298 5423 1354 5505 in
1382 5420 1735 5505 Annalibule

435 5489 514 5575 (Ξῇ
547 5501 813 5574 Georgius
855 5497 1138 5554 Cedrenus
1184 5496 1241 5551 in
1300 5491 1620 5563 Compendio
1666 5489 1931 5543 Historia-

367 5593 506 5632 νυηι.

430 5737 448 5757 ⁶
475 5737 531 5788 ln
555 5729 758 5784 llariati
782 5725 971 5789 Leonis,
993 5726 1126 5791 quod
1146 5725 1312 5778 Roma
1333 5722 1484 5774 edidit
1505 5734 1628 5772 anno
1657 5716 1787 5769 lGZil.

2107 5412 2185 5481 (5)
2211 5411 2440 5483 Michael
2465 5411 2661 5483 Glycas
2685 5411 2737 5465 in
2761 5413 2902 5465 Ann.
2947 5417 3087 5483 part.
3120 5409 3172 5464 Δ.

2110 5480 2295 5552 (4)10.
2328 5480 2567 5537 Zonaras
2602 5483 2654 5536 in
2682 5485 2782 5537 An.
2835 5480 3089 5552 tom.rlll.

2107 5549 2182 5628 (5)
2216 5555 2378 5612 Card.
2409 5554 2606 5610 Baron.
2634 5554 2687 5608 in
2715 5553 2907 5608 Annal.
2950 5551 3148 5607 Ercles.
3182 5561 3219 5608 t.
3253 5549 3323 5609 Χ.
