4124 6320
564 395 618 436 ιν
1907 365 2484 434 PROLEGOMENA.

3757 369 3842 423 Σεῖ

566 497 894 566 imperator,
937 504 1164 549 cauum
1217 489 1290 546 ab
1341 489 1448 555 eis,
1472 505 1573 546 cur
1621 505 1729 546 non
1765 488 2129 550 comederent,
2161 498 2215 558 Α
2239 494 2320 542 set
2346 503 2377 542 a
2405 483 2604 542 Photio
2633 482 2925 548 diaconus,
2980 494 3121 552 opus
3153 485 3303 550 erat;
3353 486 3407 537 et
3441 478 3528 536 lex
3582 485 3700 536 erat
3739 496 3832 537 ec-

569 585 1016 659 pcrcontsbatur.
1046 585 1116 638 At
1155 582 1236 639 illi
1271 580 1480 654 perfusi
1515 581 1773 654 Iacrymis
1809 597 1824 636 :
1857 580 2027 648 Quem
2055 578 2133 630 ci-

565 682 714 742 bum,
757 675 1029 745 inquiunt,
1061 689 1091 728 o
1123 671 1354 738 domine,
1404 673 1750 736 eomedemus,
1777 686 1893 723 eum
1928 668 2136 724 ratione

564 766 779 839 praditi
811 765 998 832 simus,
1030 773 1080 818 et
1102 763 1306 818 domini
1336 763 1504 819 nostri
1548 763 1772 818 studiosi
1804 758 2136 815 habeamur?

568 859 714 915 Nam
742 859 839 914 hoc
867 858 1074 913 animal
1107 858 1314 912 ratione
1341 872 1524 911 carens
1555 872 1711 910 suum
1750 855 2024 911 dominum
2057 869 2139 908 re-

565 952 728 1022 quirit
747 968 768 1018 ;
802 967 896 1007 nos
927 960 1102 1004 autem
1132 949 1282 1020 genio
1310 947 1666 1018 indulgentes,
1713 948 2005 1011 dominum,
2047 945 2140 1016 qui

565 1039 701 1095 nihil
731 1039 988 1109 peccauit,
1032 1038 1184 1093 obliti
1227 1053 1432 1093 sumus.
1484 1036 1590 1103 Qui
1638 1038 1684 1092 si
1730 1053 1970 1106 peccasse
2012 1053 2140 1089 con-

563 1134 818 1200 vincitur,
848 1141 899 1188 et
942 1133 1001 1186 in
1034 1142 1302 1202 parentem
1344 1131 1614 1185 dexteram
1667 1147 1922 1194 armasse,
1962 1146 2138 1184 omnes

563 1238 658 1280 nos
692 1239 855 1277 manu
892 1233 1079 1279 nostra
1127 1238 1245 1276 eunt
1276 1220 1675 1290 interﬁciemus,
1713 1237 1874 1290 neque
1907 1220 2019 1289 ejus
2045 1237 2144 1273 and

562 1329 724 1385 quam
755 1312 1085 1383 explebimur
1111 1312 1369 1383 sanguine
1400 1325 1419 1369 :
1454 1312 1502 1371 si
1531 1327 1650 1369 sero
1678 1311 1741 1366 de
1769 1311 1956 1383 quibus
1983 1327 2142 1366 accu-

561 1418 720 1464 satus
747 1415 852 1474 est,
879 1407 1210 1461 calumniam
1233 1405 1498 1476 coarguit,
1529 1404 1704 1475 quoad
1729 1403 1910 1475 lingua
1937 1404 2143 1458 calum-

562 1500 720 1555 nians
759 1506 972 1552 tantum
1001 1498 1055 1553 in
1080 1496 1253 1565 ipsum
1285 1495 1518 1564 poterit?
1542 1493 1782 1550 Mollitus
1818 1494 1986 1565 igitur
2057 1500 2144 1548 ta-

560 1590 713 1646 libus
732 1587 919 1645 verbis
958 1587 1283 1657 imperator,
1313 1593 1448 1641 tunc
1499 1584 1653 1655 ipsos
1703 1583 1896 1640 sedere
1949 1582 2142 1654 jussit,

562 1695 734 1754 seque
788 1694 908 1736 rem
964 1678 1290 1749 diligentius
1347 1676 1650 1749 spopondit
1695 1663 2141 1750 exploraturum.

561 1773 750 1846 Neque
788 1785 923 1829 sane
953 1771 1127 1827 multo
1180 1775 1307 1841 post
1350 1770 1417 1824 ad
1436 1784 1597 1826 suum
1633 1768 1909 1841 ingenium
1928 1767 2146 1825 rediens

2236 577 2570 644 clesiastica,
2602 573 2932 634 utordinati
2973 588 3006 629 a
3027 571 3225 628 Photio
3246 577 3533 627 cessarent
3583 572 3829 634 omnino,

2237 684 2340 727 nec
2361 670 2556 741 majori
2591 667 2764 741 gradu
2800 667 3182 729 donarentur.
3206 664 3366 722 Unde
3415 665 3470 718 in
3510 663 3696 720 codice
3723 663 3829 720 Co-

2238 759 2517 816 lumnensi
2551 773 2704 814 num.
2751 757 2822 814 45
2864 757 3107 827 signato,
3145 765 3270 826 post
3314 755 3573 810 recitatas
3612 753 3827 811 litteras

2242 853 2516 925 Stephani
2574 865 2728 924 papa:
2777 849 2847 906 ad
2907 849 3170 905 Basilium
3204 848 3611 918 imperatorem,
3645 841 3829 901 Photii

2244 947 2617 1013 defensorem,
2644 945 2937 1014 subjicitur
2969 961 2984 998 :
3014 963 3031 996 ι
3069 942 3193 999 Haec
3223 941 3458 1013 epistola
3482 941 3550 995 ad
3569 940 3830 998 Basiliam

2251 1040 2640 1111 imperatorem
2673 1037 2843 1094 missa
2877 1036 3001 1104 fuit,
3037 1035 3130 1091 sed
3159 1033 3308 1090 illam
3338 1035 3548 1107 accepit
3571 1034 3682 1090 Leo
3708 1033 3829 1104 ejus

2244 1132 2410 1198 illius,
2443 1145 2570 1186 cum
2599 1131 2711 1199 jam
2747 1137 2898 1201 pater
2928 1129 3037 1185 vita
3067 1127 3286 1183 functus
3309 1137 3480 1184 esset.
3509 1146 3527 1180 ι
3566 1127 3670 1195 Qui
3701 1141 3828 1183 cum

2243 1224 2491 1295 epistolae
2511 1221 2621 1279 vim
2651 1222 3038 1286 intellexisset,
3073 1230 3126 1277 et
3151 1221 3337 1276 omnia
3366 1219 3546 1276 Photii
3579 1220 3828 1275 facinora

2243 1316 2612 1387 cognovisset,
2642 1316 3048 1387 quamprimum
3093 1313 3371 1370 revocavit
3400 1328 3594 1370 omnes
3643 1327 3830 1370 sacer-

2250 1408 2405 1464 dotes
2432 1408 2705 1471 veritatis,
2725 1407 2818 1479 qui
2846 1423 2874 1460 a
2906 1405 3128 1472 Photio,
3161 1407 3510 1462 anathemate
3537 1393 3823 1470 damnato,

2251 1513 2446 1571 graves
2481 1498 2632 1571 passi
2683 1497 2903 1554 fuerant
2946 1497 3389 1568 persecutiones,
3430 1503 3485 1552 et
3526 1494 3701 1566 ejecto
3745 1501 3852 1566 ty-.

2256 1605 2434 1647 ranno
2483 1596 2539 1647 et
2582 1589 2837 1646 invasere
2866 1588 3088 1656 Photio,
3128 1588 3561 1645 fratrem‘suum
3616 1601 3836 1659 germa-v

2253 1681 2724 1749 numintroduxit,
2745 1681 3010 1737 advocato
3039 1681 3202 1737 etiam
3232 1679 3508 1753 Styliano,
3536 1678 3826 1742 Neocaesa-

2256 1789 2364 1830 rea:
2387 1772 2758 1844 metropolita,
2785 1779 3149 1844 cognomento
3178 1773 3359 1842 Mapa,
3391 1777 3447 1826 et
3483 1770 3606 1826 aliis
3629 1771 3748 1840 ejus
3769 1770 3828 1826 in

565 1866 864 1938 (reveritus
887 1879 958 1921 ne
995 1863 1141 1921 forte
1176 1871 1374 1919 natura
1408 1862 1583 1934 magis
1607 1877 1806 1932 expers
1840 1876 1965 1918 esse
1994 1876 2148 1916 com-
2180 1850 2220 1906 Β
2250 1863 2633 1937 persecutione
2657 1865 3152 1932 commilitonibus,
3179 1861 3474 1938 episcopis,
3494 1867 3825 1940 praepositis,

565 1959 964 2024 miserationis,
1005 1972 1173 2029 quam
1223 1955 1440 2012 avicula
1480 1953 1779 2025 videretur)
1826 1968 1858 2010 e
1895 1952 2145 2009 custodia

563 2051 825 2107 eductum
857 2047 963 2104 sibi
989 2054 1193 2124 praesto
1211 2045 1503 2117 essejnbet
1545 2044 1747 2110 tilium,
1775 2044 2145 2116 ademptaque

565 2142 619 2199 ei
653 2141 869 2214 lugubri
897 2147 1069 2206 veste,
1108 2150 1164 2195 ct
1215 2152 1579 2210 supervacua,
1613 2152 1736 2208 qum
1766 2137 1821 2192 in
1857 2136 2009 2193 luctu
2041 2152 2131 2192 ex-

562 2242 838 2298 erererat,
897 2245 1080 2297 coma,
1131 2230 1430 2302 pristinum
1482 2231 1534 2286 ei
1597 2229 1814 2301 imperii
1875 2233 2138 2295 honorem

561 2326 826 2383 restituit.
855 2315 1043 2395 iisque
1087 2338 1225 2379 sane
1266 2323 1439 2378 multo
1475 2330 1597 2394 post
1625 2321 1918 2379 diarrhmaa
1950 2322 2142 2377 morbo

562 2427 876 2491 correptus,
901 2417 1154 2473 instituto
1178 2414 1394 2472 haercde
1447 2423 1501 2470 et
1531 2429 1860 2472 successore
1901 2413 2014 2469 lilio
2039 2428 2142 2470 suo

562 2514 770 2580 Leone,
796 2510 1035 2568 ﬁliorum
1072 2511 1436 2582 superstitum
1466 2519 1596 2566 natu
1617 2509 1881 2576 maximo,
1903 2509 2141 2566 decessit

560 2621 594 2661 e
617 2603 762 2672 vita;
786 2611 954 2675 atque
997 2617 1108 2658 una
1146 2618 1274 2658 cum
1313 2602 1634 2659 hereditate
1663 2602 1838 2658 eidem
1889 2602 2001 2658 filio
2037 2617 2139 2659 suo

563 2695 733 2752 Leoni
790 2693 1112 2767 imperatori
1141 2696 1357 2767 egregia
1390 2696 1598 2754 monita
1640 2693 1863 2766 scriptis
1893 2693 2134 2766 reliquit,

560 2788 847 2859 sexaginta
903 2801 1001 2842 sex
1064 2786 1341 2858 capitibus
1407 2785 1834 2854 comprehenso,
1901 2800 2135 2856 quorum

558 2876 839 2950 principes
860 2877 1056 2932 litterae
1076 2876 1222 2933 hanc
1238 2875 1479 2933 eﬂiciunt
1502 2877 1828 2938 sententiam
1856 2895 1868 2930 :
1893 2875 2136 2932 Basilius

559 2968 617 3021 in
646 2964 862 3022 Christo
887 2961 1248 3019 Romanorum
1268 2964 1581 3034 imperator,
1602 2962 1788 3030 Leoni,
1812 2965 1974 3018 cltaro
1997 2966 2134 3034 ﬁlio,

555 3069 607 3114 et
634 3058 847 3130 imperii
868 3055 1100 3127 collegas.
1119 3055 1459 3126 Exstantque
1499 3071 1531 3111 e
1573 3054 1764 3111 Grmco
1798 3054 1948 3111 fonte
1969 3057 2026 3111 in
2051 3057 2134 3111 ai-

558 3163 716 3203 veum
735 3146 1049 3202 Latinitatis
1063 3144 1311 3201 deductae
1326 3144 1468 3215 apud
1491 3144 2130 3217 Margarinumliigneum

555 3249 707 3295 ιοωο
735 3238 781 3293 ν
811 3238 1153 3293 Bibliotheca!
1185 3205 1414 3293 steterunt
1440 3205 1643 3292 om;
1681 3237 1807 3293 line.
1835 3237 1913 3292 Ea
1929 3205 2129 3294 “autem
2155 3205 2201 3268 ε

555 3332 769 3389 monita
799 3329 906 3388 Leo
938 3330 1235 3402 accipiens,
1265 3339 1319 3384 et
1350 3327 1642 3384 custodire.
1666 3327 1949 3395 laborans,
1983 3343 2131 3384 con-

557 3432 783 3483 secutus
836 3431 920 3480 est
950 3439 1060 3495 pra:
1081 3421 1324 3490 caeteris,
1355 3421 1534 3493 inquit
1558 3420 1829 3477 Baronius
1862 3421 1963 3494 (6),
1997 3423 2126 3478 illud

556 3520 772 3592 insigne
807 3532 1029 3583 nomen,
1064 3525 1123 3572 ut
1157 3516 1420 3572 meruerit
1465 3523 1828 3586 cognomento
1875 3513 2127 3571 Philosoo

555 3616 699 3685 phus
727 3611 1018 3684 appellari,
1064 3610 1234 3681 quasi
1278 3623 1375 3680 per
1434 3623 1559 3664 eum
1611 3608 1758 3662 illam
1810 3605 2126 3665 felicitatem

554 3705 837 3763 Orientale
888 3703 961 3761 sit
1009 3703 1302 3773 imperium
1356 3708 1753 3766 consecutum,
1825 3714 1990 3769 quam
2035 3701 2129 3756 ille

555 3799 835 3871 pollicitus
867 3805 954 3853 est
1005 3794 1249 3864 sapiens,
1287 3792 1332 3848 si
1368 3791 1454 3848 vel
1509 3788 1822 3864 philosophi
1875 3800 2124 3863 regnent,

553 3890 638 3947 vel
671 3890 718 3945 si
756 3903 911 3959 reges
940 3885 1420 3958 philosophentur.

621 3980 894 4037 Defuncto
936 3979 1124 4049 itaque
1169 3976 1377 4032 Basilio
1419 3974 1770 4047 imperatore,
1806 3974 1998 4049 eodem
2036 3974 2126 4030 die

553 4075 662 4131 Leo
707 4073 831 4145 ejus
865 4072 1011 4127 liliits
1069 4068 1359 4141 imperium
1411 4066 1807 4123 moderandum
1839 4067 2122 4138 suscepit;

551 4167 646 4239 qui
679 4178 804 4220 mox
833 4161 1124 4219 occasione
1159 4168 1398 4229 captata,
1436 4159 1582 4232 quod
1623 4159 1857 4216 Photius
1887 4159 2164 4230 patriam.

551 4257 654 4314 cha
677 4255 1323 4325 Constantinopolitanus
1347 4292 1364 4319 ,
1398 4269 1524 4309 cum
1556 4251 1939 4307 Santahareno
1985 4265 2122 4306 con-

553 4350 739 4409 silium
773 4349 992 4404 iniisset
1018 4348 1085 4403 de
1112 4344 1437 4418 eligendoin
1474 4347 1863 4418 imperatorem
1890 4355 2125 4415 cognato

552 4442 729 4515 ipsius
755 4439 959 4504 Photii,
992 4455 1125 4495 cunr
1152 4454 1182 4494 e
1212 4437 1414 4493 throno
1444 4437 1725 4508 deposuit,
1753 4437 2123 4507 relegavitque

2247 1956 2607 2030 presbyteris,
2663 1957 2934 2022 diaconis,
2961 1967 3015 2015 et
3039 1959 3161 2015 aliis
3190 1959 3406 2028 pietatis
3437 1959 3832 2028 sectatoribus,-

2245 2050 2324 2105 ait
2350 2050 2464 2108 illis
2497 2067 2511 2106 :
2546 2048 2808 2105 Nostrum
2837 2065 2902 2105 ea:
2929 2048 3039 2106 Deo
3070 2051 3376 2120 imperium,
3401 2065 3658 2122 perpensa
3685 2052 3826 2108 ueri-

2245 2150 2375 2208 tate,
2402 2142 2641 2215 iniquum
2694 2142 2849 2198 illum
2879 2143 3142 2198 hominem
3184 2143 3443 2199 Pltotium
3488 2160 3521 2200 a
3559 2145 3682 2201 sede
3728 2160 3825 2216 pa-

2246 2235 2530 2290 triarchali
2565 2235 2741 2304 ejecit,
2771 2245 2819 2290 et
2868 2242 3099 2313 vestram
3139 2234 3555 2306 persecutionem
3582 2235 3782 2293 sedavit
3803 2251 3825 2290 τ

2243 2343 2336 2384 nec
2369 2329 2481 2383 ullo
2534 2338 2690 2397 pacto
2720 2343 2902 2400 cogam
2949 2345 3268 2402 quemquam
3315 2340 3541 2386 oestrum
3586 2340 3642 2384 ut
3672 2329 3825 2385 inriti

2221 2432 2362 2470 cum
2411 2415 2506 2471 illo
2554 2418 2987 2482 communicetis;
3030 2419 3158 2489 quin
3199 2419 3376 2488 potlus
3429 2430 3525 2473 oro
3562 2418 3818 2486 pietatem

2242 2521 2467 2567 vestram
2517 2517 2575 2564 ut
2629 2512 3025 2566 eommunicetis
3069 2525 3191 2567 cum
3246 2512 3417 2582 fratre
3460 2525 3596 2578 meo,
3641 2520 3691 2568 et
3719 2512 3824 2583 ﬂat

2241 2621 2404 2658 unum
2438 2604 2593 2659 ovile.
2644 2604 2740 2660 Sin
2803 2614 2981 2660 autem
3033 2605 3349 2660 inconsultis
3399 2603 3675 2668 Romanis,
3722 2603 3815 2676 qui

2243 2693 2496 2751 Photium
2529 2694 2933 2765 damnaverunt,
2969 2697 3248 2754 nolueritis
3286 2697 3448 2768 fratri
3486 2685 3816 2753 meo'conve-

2240 2789 2376 2854 nire,
2408 2789 2659 2866 quoniam
2687 2789 2929 2845 rideltcet
2956 2805 2992 2842 a
3013 2787 3206 2844 Photio
3249 2788 3508 2863 diaconus
3529 2787 3636 2858 fuit
3667 2787 3818 2844 ordi-

2238 2890 2436 2948 natus;
2467 2880 2667 2948 venite,
2697 2879 2999 2936 scribamus
3027 2889 3078 2934 et
3124 2882 3402 2936 mittamus
3440 2887 3549 2936 una
3589 2878 3818 2936 Romam

2238 2971 2309 3025 ad
2348 2973 2685 3042 pontiﬁcem,
2749 2982 2807 3028 ut
2857 2972 3119 3042 dispenset
3161 2974 3547 3029 absolutionem
3596 2971 3820 3031 anathe-

2237 3067 2396 3120 matis
2426 3066 2493 3121 iis
2523 3066 2614 3138 qui
2661 3083 2695 3121 α
2733 3065 2932 3121 Photio
2966 3065 3186 3137 {nerunt
3228 3065 3489 3121 ordinati.
3523 3085 3541 3119 ι
3577 3065 3816 3139 Scripsit

2237 3155 2405 3228 igitur
2434 3164 2720 3228 prapterca
2751 3156 3049 3232 imperator
3080 3157 3148 3213 ad
3175 3155 3520 3224 Pontilicem,
3555 3157 3819 3215 similiter

2234 3248 2400 3304 etiam
2426 3248 2580 3321 Mapa
2601 3250 2947 3326 metropolita
2974 3250 3263 3316 ϐεεν-εκ,
3288 3258 3343 3309 et
3363 3252 3486 3322 ejus
3516 3253 3674 3309 socil.
3699 3252 3812 3309 Sed

2232 3357 2359 3397 cum
2399 3342 2594 3399 horum
2630 3343 2687 3399 in
2733 3346 3018 3416 pracitato
3071 3344 3273 3401 codice.
3312 3355 3535 3402 exstent
3589 3344 3812 3415 litterae,

2233 3433 2432 3496 Leonis
2458 3444 2641 3493 tamen
2669 3437 3081 3509 desiderantur.
3109 3437 3380 3495 Caeterum
3411 3439 3559 3511 quod
3584 3440 3805 3510 peteba-

2232 3537 2341 3596 tur,
2378 3537 2438 3587 ut
2467 3528 2885 3603 dispensatetur
2915 3547 3040 3588 cum
3070 3529 3350 3604 Stephano
3371 3572 3386 3595 ,
3417 3547 3677 3603 germano
3705 3532 3806 3587 im»

2229 3621 2525 3692 peratoris‘,
2557 3621 2652 3694 qui
2700 3623 3155 3680 subdiaconatum
3199 3625 3537 3696 suscepisset
3582 3641 3614 3681 a
3655 3624 3805 3681 PilO‘

2228 3712 2327 3780 tio,
2377 3711 2756 3784 dispensatum
2787 3714 2964 3774 fuisse
2993 3726 3069 3784 et,
3105 3722 3164 3772 ut
3193 3717 3454 3787 oportuit,
3482 3716 3560 3773 rei
3582 3717 3805 3774 consul-

2228 3815 2345 3863 tum
2396 3809 2466 3862 ab
2531 3809 2650 3881 ipso
2699 3796 2965 3891 Romano
3006 3809 3301 3883 pontiﬁce,
3349 3811 3807 3871 existimandum.

2225 3897 2362 3954 Nam
2399 3897 2487 3956 ille
2516 3899 2747 3970 sedisse,
2786 3909 2954 3973 atque
2983 3917 3110 3960 cum
3160 3903 3282 3976 ipso
3313 3902 3458 3960 idem
3491 3901 3809 3977 Stephanus

2225 4005 2364 4064 papa
2393 3993 2833 4050 communicasse
2873 3994 3168 4050 invenitur.
3207 3985 3209 3987 ’

2296 4080 2510 4140 Interea
2563 4084 2783 4141 Andrea
2835 4087 3184 4143 exercituum
3235 4084 3516 4157 praefecto,
3569 4085 3806 4157 aliisque

2226 4179 2524 4240 senatoriis
2553 4180 2689 4239 viris
2739 4178 2929 4236 multis
2967 4179 3350 4254 Chrysopolim
3398 4178 3467 4234 ad
3501 4176 3803 4252 Philippici

2225 4272 2624 4328 monasterium
2650 4273 2854 4339 missis,
2876 4287 3002 4328 cum
3031 4284 3176 4329 coetu
3207 4263 3572 4338 sacerdotum,
3605 4273 3801 4329 cereis

2226 4356 2630 4432 facibus,atque
2651 4359 3017 4425 aromatibus,
3059 4359 3291 4421 cadaver
3316 4354 3600 4415 Michaelis
3627 4359 3803 4429 impe-

2223 4447 2843 4519 ratorls(quiBasilium
2873 4456 3264 4521 patremsuum
3324 4447 3381 4506 in
3435 4447 3609 4506 illium
3668 4447 3803 4506 adeo

552 4537 608 4590 in
660 4532 1052 4589 monasterium
1094 4530 1486 4626 Atmenorufﬂ.
1519 4530 1576 4626 in
1621 4527 1854 4599 eiusque
1884 4528 2115 4626 iocum,
2149 4565 2201 4626 Ι)
2227 4547 2496 4611 ptaverat,
2523 4550 2578 4600 et
2600 4540 2907 4599 diademate
2946 4542 3217 4615 cinxerat)
3243 4541 3500 4615 sepulcro
3523 4543 3707 4609 educi,
3739 4544 3796 4598 in

549 4642 871 4700 germanum
907 4640 1092 4693 suum,
1137 4625 1361 4680 nomine
1399 4622 1760 4696 Stephanum,
1812 4623 2122 4696 subrogan-

549 4724 678 4778 dtun
703 4720 935 4777 curavit.
964 4718 1318 4790 lmpostorem
1353 4731 1482 4772 vero
1505 4717 1660 4771 illum
1683 4713 2119 4771 Santabarenum

548 4812 734 4882 flagris
764 4825 989 4874 caesum,
1016 4809 1194 4865 oculis
1226 4808 1483 4879 privavit,
1528 4815 1584 4862 et
1640 4805 1886 4862 Athenas
1933 4805 1988 4860 in
2027 4822 2122 4863 ex-

549 4905 734 4960 silium
763 4903 953 4967 misit;
991 4901 1266 4956 hominem
1301 4908 1450 4955 secta
1491 4898 1850 4954 Manichaeum
1872 4900 2122 4969 ,profcs-

548 4999 705 5056 sione
747 5012 970 5069 magum
999 5035 1014 5056 .
1067 4993 1418 5052 simulatione
1460 5007 1593 5049 vero
1623 4991 2024 5058 Christianum,
2066 5002 2120 5049 et

547 5089 890 5165 imposturis,
938 5087 1141 5159 quibus
1183 5085 1449 5142 miracula
1501 5083 1812 5151 aﬂ’ectabat,
1848 5101 1879 5140 a
1916 5085 2120 5141 Basilio

546 5183 881 5251 imperatore
939 5180 1209 5235 creditum
1265 5190 1544 5235 sanetum.
1603 5176 1805 5233 Verum
1864 5177 2117 5248 pluribus

545 5278 711 5332 annis
739 5275 940 5345 elapsis
976 5273 1254 5328 hominem
1289 5272 1358 5328 ab
1415 5272 1616 5327 exsilio
1661 5278 1982 5327 revocatum
2025 5272 2117 5326 be-

544 5364 711 5436 nigne
754 5361 1101 5418 tractandum
1135 5360 1373 5415 curavit.
1413 5359 1586 5415 Porro
1626 5359 1954 5415 substitutio
1997 5357 2116 5414 Ste—

542 5455 712 5524 phani
767 5453 823 5507 in
859 5453 1039 5508 locum
1069 5448 1250 5505 Photii
1281 5449 1427 5506 haud
1458 5449 1533 5504 ita
1567 5449 1949 5521 perfunctorie
1973 5449 2115 5506 facta

542 5555 648 5613 cst,
711 5546 1023 5602 inconsulto
1069 5543 1316 5600 Romano
1365 5542 1631 5616 pontiﬁce
1679 5542 1962 5615 Stephano
2025 5544 2110 5600 Vl.

540 5631 674 5689 Nam
701 5636 772 5688 ali
793 5649 882 5700 eo,
925 5644 984 5690 ut
1016 5635 1454 5706 dispensaretur,
1487 5632 1632 5705 quod
1665 5635 1950 5692 ordinatus
1973 5634 2111 5692 luis-

2228 4647 2360 4688 arca
2407 4634 2725 4706 cupressina
2778 4635 2932 4706 poni,
2987 4635 3452 4707 imperatoriaque
3512 4633 3801 4705 splendore

2229 4725 2488 4793 velatum,
2514 4726 3045 4797 Constantinopolim
3065 4725 3176 4784 Leo
3193 4726 3379 4783 alitrri
3405 4725 3594 4798 jussit,
3613 4726 3801 4796 ibique

2227 4832 2350 4872 cum
2379 4828 2544 4873 cantu
2575 4826 2630 4875 et
2677 4819 2897 4891 hymnis
2921 4828 3233 4892 exceptum,
3268 4833 3445 4891 usque
3501 4815 3573 4872 ad
3623 4819 3797 4874 aedem

2222 4907 2606 4979 Apostolorum
2627 4908 2824 4965 deduci
2859 4910 3152 4978 ordinavit,
3184 4910 3240 4966 in
3263 4927 3368 4981 qua
3391 4909 3451 4969 in
3486 4923 3799 4966 marmorea

2223 5012 2351 5052 arca
2390 4999 2691 5074 repositum
2733 5007 2840 5066 est,
2892 5001 3286 5058 comitantibus
3341 5015 3592 5073 pompam
3631 5002 3798 5058 etiam

2221 5089 2486 5146 fratribus
2546 5090 2916 5163 imperatoris,
2981 5092 3316 5161 Alexandro,
3371 5104 3426 5151 et
3480 5094 3798 5166 patriarcha

2222 5177 2520 5249 Stephano.

2289 5269 2426 5325 Cum
2454 5269 2626 5341 ilagio
2654 5271 3052 5343 Longobardias
3082 5275 3217 5342 dux,
3252 5276 3397 5346 regis
3426 5274 3674 5333 Francia
3704 5289 3797 5348 ge-

2218 5377 2338 5428 ner,
2369 5362 2589 5434 cognita
2631 5365 2819 5421 Basilii
2847 5365 3196 5437 imperatoris
3229 5365 3429 5430 morte,
3467 5385 3497 5425 a
3531 5370 3796 5426 societate

2217 5454 2591 5513 Romanorum
2637 5457 2964 5516 descivisset
3020 5461 3237 5531 sibique
3288 5469 3460 5517 totam
3527 5462 3792 5518 ditionem

2219 5549 2574 5615 vindicasset,
2615 5559 2811 5606 contra
2858 5566 2982 5606 cum
3017 5549 3127 5610 Leo
3155 5553 3581 5610 Constantinum
3617 5553 3791 5624 patri-

2220 5641 2364 5697 cium
2399 5659 2601 5721 mensa:
2646 5642 2963 5716 praelectum
2988 5659 3113 5702 cum
3143 5645 3590 5703 Occidentalibus
3641 5642 3795 5702 misit

2043 5730 2274 5790 ΝΟΤΕ.

612 5823 686 5891 (6)
714 5824 978 5883 Batonius
1004 5825 1071 5882 ad
1103 5841 1231 5881 ann.
1271 5825 1391 5884 886.
