  <div class='ocr_page' id='page_1' title='image "/cluster/home/n/w/nwhite01/storage/ocr_20150623/107/mdp.39015028571910/018.png"; bbox 0 0 4124 6320; ppageno 0'>
   <div class='ocr_carea' id='block_1_1' title="bbox 476 321 579 366">
    <p class='ocr_par' dir='ltr' id='par_1_1' title="bbox 476 321 579 366">
     <span class='ocr_line' id='line_1_1' title="bbox 476 321 579 366; baseline 0.019 -2"><span class='ocrx_word' id='word_1_1' title='bbox 476 321 579 366; x_wconf 63' lang='lat' dir='ltr'><strong>Ill!</strong></span> 
     </span>
    </p>
   </div>
   <div class='ocr_carea' id='block_1_2' title="bbox 1756 303 2048 379">
    <p class='ocr_par' dir='ltr' id='par_1_2' title="bbox 1756 303 2048 379">
     <span class='ocr_line' id='line_1_2' title="bbox 1756 303 2048 379; baseline -0.017 0"><span class='ocrx_word' id='word_1_2' title='bbox 1756 314 1931 379; x_wconf 76' lang='lat' dir='ltr'><strong>Vl’i‘A</strong></span> <span class='ocrx_word' id='word_1_3' title='bbox 1958 303 2048 375; x_wconf 84' lang='lat' dir='ltr'><strong>LE</strong></span> 
     </span>
    </p>
   </div>
   <div class='ocr_carea' id='block_1_3' title="bbox 2154 303 3713 379">
    <p class='ocr_par' dir='ltr' id='par_1_3' title="bbox 2162 316 3713 379">
     <span class='ocr_line' id='line_1_3' title="bbox 2162 316 3713 379; baseline -0.004 -4"><span class='ocrx_word' id='word_1_4' title='bbox 2162 317 2233 376; x_wconf 72' lang='lat' dir='ltr'>IS</span> <span class='ocrx_word' id='word_1_5' title='bbox 2273 316 2431 379; x_wconf 59' lang='lat' dir='ltr'><strong>1MP:</strong></span> <span class='ocrx_word' id='word_1_6' title='bbox 3624 333 3713 370; x_wconf 71' lang='lat' dir='ltr'><strong>xw</strong></span> 
     </span>
    </p>
   </div>
   <div class='ocr_carea' id='block_1_4' title="bbox 491 425 3718 502">
    <p class='ocr_par' dir='ltr' id='par_1_4' title="bbox 491 425 3718 502">
     <span class='ocr_line' id='line_1_4' title="bbox 491 425 3718 502; baseline 0.004 -21"><span class='ocrx_word' id='word_1_7' title='bbox 491 425 686 496; x_wconf 85' lang='lat' dir='ltr'><strong>copiis,</strong></span> <span class='ocrx_word' id='word_1_8' title='bbox 718 427 843 483; x_wconf 80' lang='lat' dir='ltr'><strong>licet</strong></span> <span class='ocrx_word' id='word_1_9' title='bbox 868 428 1165 485; x_wconf 73' lang='lat' dir='ltr'><strong>commissa</strong></span> <span class='ocrx_word' id='word_1_10' title='bbox 1214 446 1390 502; x_wconf 76' lang='lat' dir='ltr'><strong>pugna</strong></span> <span class='ocrx_word' id='word_1_11' title='bbox 1426 431 1825 487; x_wconf 83' lang='lat' dir='ltr'><strong>Constantinus</strong></span> <span class='ocrx_word' id='word_1_12' title='bbox 1855 446 2052 486; x_wconf 82' lang='lat' dir='ltr'><strong>succu-</strong></span> <span class='ocrx_word' id='word_1_13' title='bbox 2077 438 2126 495; x_wconf 61' lang='grc' dir='ltr'><strong>εΑ</strong></span> <span class='ocrx_word' id='word_1_14' title='bbox 2155 432 2455 501; x_wconf 73' lang='lat' dir='ltr'><strong>ignoraret,</strong></span> <span class='ocrx_word' id='word_1_15' title='bbox 2493 433 2621 489; x_wconf 87' lang='lat' dir='ltr'><strong>loco</strong></span> <span class='ocrx_word' id='word_1_16' title='bbox 2650 432 3022 502; x_wconf 76' lang='lat' dir='ltr'><strong>patriarcbam</strong></span> <span class='ocrx_word' id='word_1_17' title='bbox 3054 432 3340 490; x_wconf 80' lang='lat' dir='ltr'><strong>Nicolaum</strong></span> <span class='ocrx_word' id='word_1_18' title='bbox 3374 446 3577 502; x_wconf 81' lang='lat' dir='ltr'><strong>movet,</strong></span> <span class='ocrx_word' id='word_1_19' title='bbox 3614 440 3718 496; x_wconf 51' lang='lat' dir='ltr'><strong>Ec.</strong></span> 
     </span>
    </p>
   </div>
   <div class='ocr_carea' id='block_1_5' title="bbox 473 513 2032 588">
    <p class='ocr_par' dir='ltr' id='par_1_5' title="bbox 473 513 2032 588">
     <span class='ocr_line' id='line_1_5' title="bbox 473 513 2032 588; baseline 0.004 -20"><span class='ocrx_word' id='word_1_20' title='bbox 473 513 674 580; x_wconf 88' lang='lat' dir='ltr'><strong>bnerit,</strong></span> <span class='ocrx_word' id='word_1_21' title='bbox 707 515 903 585; x_wconf 80' lang='lat' dir='ltr'><strong>vixque</strong></span> <span class='ocrx_word' id='word_1_22' title='bbox 948 515 1151 570; x_wconf 69' lang='lat' dir='ltr'><strong>ea:de</strong></span> <span class='ocrx_word' id='word_1_23' title='bbox 1200 517 1315 588; x_wconf 88' lang='lat' dir='ltr'><strong>ipse</strong></span> <span class='ocrx_word' id='word_1_24' title='bbox 1348 519 1611 587; x_wconf 75' lang='lat' dir='ltr'><strong>evaserit,</strong></span> <span class='ocrx_word' id='word_1_25' title='bbox 1645 520 1887 574; x_wconf 78' lang='lat' dir='ltr'><strong>exercitu</strong></span> <span class='ocrx_word' id='word_1_26' title='bbox 1932 528 2032 574; x_wconf 87' lang='lat' dir='ltr'><strong>suo</strong></span> 
     </span>
    </p>
   </div>
   <div class='ocr_carea' id='block_1_6' title="bbox 474 601 2039 662">
    <p class='ocr_par' dir='ltr' id='par_1_6' title="bbox 474 601 2039 662">
     <span class='ocr_line' id='line_1_6' title="bbox 474 601 2039 662; baseline 0.004 -6"><span class='ocrx_word' id='word_1_27' title='bbox 474 601 757 657; x_wconf 83' lang='lat' dir='ltr'><strong>occidione</strong></span> <span class='ocrx_word' id='word_1_28' title='bbox 810 603 1010 657; x_wconf 80' lang='lat' dir='ltr'><strong>deleto.</strong></span> <span class='ocrx_word' id='word_1_29' title='bbox 1048 604 1193 658; x_wconf 89' lang='lat' dir='ltr'><strong>Duos</strong></span> <span class='ocrx_word' id='word_1_30' title='bbox 1223 614 1403 660; x_wconf 86' lang='lat' dir='ltr'><strong>tamen</strong></span> <span class='ocrx_word' id='word_1_31' title='bbox 1435 606 1765 662; x_wconf 79' lang='lat' dir='ltr'><strong>fortissimos</strong></span> <span class='ocrx_word' id='word_1_32' title='bbox 1787 606 1956 662; x_wconf 87' lang='lat' dir='ltr'><strong>duces</strong></span> <span class='ocrx_word' id='word_1_33' title='bbox 1986 608 2039 662; x_wconf 91' lang='lat' dir='ltr'><strong>iu</strong></span> 
     </span>
    </p>
   </div>
   <div class='ocr_carea' id='block_1_7' title="bbox 474 691 2036 770">
    <p class='ocr_par' dir='ltr' id='par_1_7' title="bbox 474 691 2036 770">
     <span class='ocr_line' id='line_1_7' title="bbox 474 691 2036 770; baseline 0.003 -22"><span class='ocrx_word' id='word_1_34' title='bbox 474 691 752 748; x_wconf 79' lang='lat' dir='ltr'><strong>Orientem</strong></span> <span class='ocrx_word' id='word_1_35' title='bbox 800 698 1011 757; x_wconf 87' lang='lat' dir='ltr'><strong>emisit.</strong></span> <span class='ocrx_word' id='word_1_36' title='bbox 1076 698 1417 753; x_wconf 86' lang='lat' dir='ltr'><strong>Eustathium</strong></span> <span class='ocrx_word' id='word_1_37' title='bbox 1448 700 1637 770; x_wconf 76' lang='lat' dir='ltr'><strong>stirpis</strong></span> <span class='ocrx_word' id='word_1_38' title='bbox 1682 701 2036 770; x_wconf 77' lang='lat' dir='ltr'><strong>Argyrorutn,</strong></span> 
     </span>
    </p>
   </div>
   <div class='ocr_carea' id='block_1_8' title="bbox 473 785 2043 859">
    <p class='ocr_par' dir='ltr' id='par_1_8' title="bbox 473 785 2043 859">
     <span class='ocr_line' id='line_1_8' title="bbox 473 785 2043 859; baseline 0.003 -19"><span class='ocrx_word' id='word_1_39' title='bbox 473 796 528 840; x_wconf 87' lang='lat' dir='ltr'><strong>et</strong></span> <span class='ocrx_word' id='word_1_40' title='bbox 581 785 955 842; x_wconf 80' lang='lat' dir='ltr'><strong>Andronicum</strong></span> <span class='ocrx_word' id='word_1_41' title='bbox 1000 804 1200 859; x_wconf 76' lang='lat' dir='ltr'><strong>genere</strong></span> <span class='ocrx_word' id='word_1_42' title='bbox 1253 789 1533 854; x_wconf 82' lang='lat' dir='ltr'><strong>Ducicam,</strong></span> <span class='ocrx_word' id='word_1_43' title='bbox 1585 791 1679 858; x_wconf 89' lang='lat' dir='ltr'><strong>qui</strong></span> <span class='ocrx_word' id='word_1_44' title='bbox 1730 791 1930 845; x_wconf 89' lang='lat' dir='ltr'><strong>multas</strong></span> <span class='ocrx_word' id='word_1_45' title='bbox 1977 790 2043 845; x_wconf 87' lang='lat' dir='ltr'><strong>de</strong></span> 
     </span>
    </p>
   </div>
   <div class='ocr_carea' id='block_1_9' title="bbox 480 876 2039 951">
    <p class='ocr_par' dir='ltr' id='par_1_9' title="bbox 480 876 2039 951">
     <span class='ocr_line' id='line_1_9' title="bbox 480 876 2039 951; baseline 0.004 -23"><span class='ocrx_word' id='word_1_46' title='bbox 480 876 748 946; x_wconf 77' lang='lat' dir='ltr'><strong>Agarenis</strong></span> <span class='ocrx_word' id='word_1_47' title='bbox 800 880 1058 936; x_wconf 80' lang='lat' dir='ltr'><strong>victorias</strong></span> <span class='ocrx_word' id='word_1_48' title='bbox 1100 889 1471 951; x_wconf 80' lang='lat' dir='ltr'><strong>reportarunt.</strong></span> <span class='ocrx_word' id='word_1_49' title='bbox 1532 882 1637 938; x_wconf 90' lang='lat' dir='ltr'><strong>Sed</strong></span> <span class='ocrx_word' id='word_1_50' title='bbox 1678 898 1803 937; x_wconf 91' lang='lat' dir='ltr'><strong>cunt</strong></span> <span class='ocrx_word' id='word_1_51' title='bbox 1841 882 2039 938; x_wconf 90' lang='lat' dir='ltr'><strong>bellum</strong></span> 
     </span>
    </p>
   </div>
   <div class='ocr_carea' id='block_1_10' title="bbox 479 962 2053 1044">
    <p class='ocr_par' dir='ltr' id='par_1_10' title="bbox 479 962 2053 1044">
     <span class='ocr_line' id='line_1_10' title="bbox 479 962 2053 1044; baseline 0.006 -24"><span class='ocrx_word' id='word_1_52' title='bbox 479 962 806 1026; x_wconf 86' lang='lat' dir='ltr'><strong>acerrimum</strong></span> <span class='ocrx_word' id='word_1_53' title='bbox 840 971 983 1027; x_wconf 90' lang='lat' dir='ltr'><strong>inter</strong></span> <span class='ocrx_word' id='word_1_54' title='bbox 1012 971 1274 1044; x_wconf 73' lang='lat' dir='ltr'><strong>Bulgaros</strong></span> <span class='ocrx_word' id='word_1_55' title='bbox 1300 985 1349 1029; x_wconf 91' lang='lat' dir='ltr'><strong>et</strong></span> <span class='ocrx_word' id='word_1_56' title='bbox 1385 974 1620 1030; x_wconf 82' lang='lat' dir='ltr'><strong>Leonem</strong></span> <span class='ocrx_word' id='word_1_57' title='bbox 1670 983 1915 1029; x_wconf 88' lang='lat' dir='ltr'><strong>nostrum</strong></span> <span class='ocrx_word' id='word_1_58' title='bbox 1947 988 2053 1029; x_wconf 68' lang='lat' dir='ltr'><strong>ex-</strong></span> 
     </span>
    </p>
   </div>
   <div class='ocr_carea' id='block_1_11' title="bbox 480 1062 2042 1138">
    <p class='ocr_par' dir='ltr' id='par_1_11' title="bbox 480 1062 2042 1138">
     <span class='ocr_line' id='line_1_11' title="bbox 480 1062 2042 1138; baseline 0.005 -25"><span class='ocrx_word' id='word_1_59' title='bbox 480 1062 711 1115; x_wconf 86' lang='lat' dir='ltr'><strong>citatum</strong></span> <span class='ocrx_word' id='word_1_60' title='bbox 741 1075 907 1129; x_wconf 90' lang='lat' dir='ltr'><strong>esset,</strong></span> <span class='ocrx_word' id='word_1_61' title='bbox 955 1065 1209 1137; x_wconf 80' lang='lat' dir='ltr'><strong>idemque</strong></span> <span class='ocrx_word' id='word_1_62' title='bbox 1260 1081 1358 1138; x_wconf 88' lang='lat' dir='ltr'><strong>per</strong></span> <span class='ocrx_word' id='word_1_63' title='bbox 1404 1068 1588 1137; x_wconf 87' lang='lat' dir='ltr'><strong>plures</strong></span> <span class='ocrx_word' id='word_1_64' title='bbox 1630 1082 1801 1125; x_wconf 91' lang='lat' dir='ltr'><strong>annos</strong></span> <span class='ocrx_word' id='word_1_65' title='bbox 1844 1082 2042 1137; x_wconf 90' lang='lat' dir='ltr'><strong>propa-</strong></span> 
     </span>
    </p>
   </div>
   <div class='ocr_carea' id='block_1_12' title="bbox 477 1151 2042 1229">
    <p class='ocr_par' dir='ltr' id='par_1_12' title="bbox 477 1151 2042 1229">
     <span class='ocr_line' id='line_1_12' title="bbox 477 1151 2042 1229; baseline 0.006 -26"><span class='ocrx_word' id='word_1_66' title='bbox 477 1158 663 1220; x_wconf 80' lang='lat' dir='ltr'><strong>gatum</strong></span> <span class='ocrx_word' id='word_1_67' title='bbox 705 1167 721 1207; x_wconf 87' lang='lat'><strong>:</strong></span> <span class='ocrx_word' id='word_1_68' title='bbox 777 1151 985 1212; x_wconf 82' lang='lat' dir='ltr'><strong>Turcas</strong></span> <span class='ocrx_word' id='word_1_69' title='bbox 1035 1164 1091 1210; x_wconf 90' lang='lat' dir='ltr'><strong>et</strong></span> <span class='ocrx_word' id='word_1_70' title='bbox 1161 1156 1449 1229; x_wconf 75' lang='lat' dir='ltr'><strong>llungaros</strong></span> <span class='ocrx_word' id='word_1_71' title='bbox 1510 1160 1773 1216; x_wconf 88' lang='lat' dir='ltr'><strong>adversus</strong></span> <span class='ocrx_word' id='word_1_72' title='bbox 1821 1160 2042 1213; x_wconf 85' lang='lat' dir='ltr'><strong>eosdem</strong></span> 
     </span>
    </p>
   </div>
   <div class='ocr_carea' id='block_1_13' title="bbox 476 1241 2044 1322">
    <p class='ocr_par' dir='ltr' id='par_1_13' title="bbox 476 1241 2044 1322">
     <span class='ocr_line' id='line_1_13' title="bbox 476 1241 2044 1322; baseline 0.005 -25"><span class='ocrx_word' id='word_1_73' title='bbox 476 1243 690 1299; x_wconf 85' lang='lat' dir='ltr'><strong>vocavit</strong></span> <span class='ocrx_word' id='word_1_74' title='bbox 724 1241 855 1310; x_wconf 91' lang='lat' dir='ltr'><strong>Leo,</strong></span> <span class='ocrx_word' id='word_1_75' title='bbox 876 1247 1130 1304; x_wconf 81' lang='lat' dir='ltr'><strong>Sitneone</strong></span> <span class='ocrx_word' id='word_1_76' title='bbox 1160 1250 1522 1321; x_wconf 78' lang='lat' dir='ltr'><strong>Bulgamrum</strong></span> <span class='ocrx_word' id='word_1_77' title='bbox 1551 1266 1679 1322; x_wconf 73' lang='lat' dir='ltr'><strong>rege</strong></span> <span class='ocrx_word' id='word_1_78' title='bbox 1706 1252 2044 1307; x_wconf 76' lang='lat' dir='ltr'><strong>validissime</strong></span> 
     </span>
    </p>
   </div>
   <div class='ocr_carea' id='block_1_14' title="bbox 478 1336 2044 1407">
    <p class='ocr_par' dir='ltr' id='par_1_14' title="bbox 478 1336 2044 1407">
     <span class='ocr_line' id='line_1_14' title="bbox 478 1336 2044 1407; baseline 0.004 -18"><span class='ocrx_word' id='word_1_79' title='bbox 478 1336 791 1392; x_wconf 81' lang='lat' dir='ltr'><strong>resistente.</strong></span> <span class='ocrx_word' id='word_1_80' title='bbox 824 1336 901 1392; x_wconf 85' lang='lat' dir='ltr'><strong>Ex</strong></span> <span class='ocrx_word' id='word_1_81' title='bbox 939 1356 1049 1407; x_wconf 90' lang='lat' dir='ltr'><strong>quo</strong></span> <span class='ocrx_word' id='word_1_82' title='bbox 1086 1338 1291 1396; x_wconf 81' lang='lat' dir='ltr'><strong>factum</strong></span> <span class='ocrx_word' id='word_1_83' title='bbox 1347 1352 1451 1406; x_wconf 87' lang='lat' dir='ltr'><strong>est,</strong></span> <span class='ocrx_word' id='word_1_84' title='bbox 1489 1351 1545 1396; x_wconf 92' lang='lat' dir='ltr'><strong>ut</strong></span> <span class='ocrx_word' id='word_1_85' title='bbox 1577 1343 1850 1399; x_wconf 88' lang='lat' dir='ltr'><strong>dissoluto</strong></span> <span class='ocrx_word' id='word_1_86' title='bbox 1901 1344 2044 1397; x_wconf 88' lang='lat' dir='ltr'><strong>inter</strong></span> 
     </span>
    </p>
   </div>
   <div class='ocr_carea' id='block_1_15' title="bbox 477 1418 2040 1506">
    <p class='ocr_par' dir='ltr' id='par_1_15' title="bbox 477 1418 2040 1506">
     <span class='ocr_line' id='line_1_15' title="bbox 477 1418 2040 1506; baseline 0.006 -25"><span class='ocrx_word' id='word_1_87' title='bbox 477 1418 740 1499; x_wconf 77' lang='lat' dir='ltr'><strong>Bulgaros</strong></span> <span class='ocrx_word' id='word_1_88' title='bbox 805 1438 858 1485; x_wconf 90' lang='lat' dir='ltr'><strong>et</strong></span> <span class='ocrx_word' id='word_1_89' title='bbox 930 1430 1597 1501; x_wconf 82' lang='lat' dir='ltr'><strong>ConstantinOpolitanum</strong></span> <span class='ocrx_word' id='word_1_90' title='bbox 1658 1435 2040 1506; x_wconf 82' lang='lat' dir='ltr'><strong>imperatorem</strong></span> 
     </span>
    </p>
   </div>
   <div class='ocr_carea' id='block_1_16' title="bbox 478 1518 2041 1595">
    <p class='ocr_par' dir='ltr' id='par_1_16' title="bbox 478 1518 2041 1595">
     <span class='ocr_line' id='line_1_16' title="bbox 478 1518 2041 1595; baseline 0.004 -23"><span class='ocrx_word' id='word_1_91' title='bbox 478 1519 629 1589; x_wconf 80' lang='lat' dir='ltr'><strong>pacis</strong></span> <span class='ocrx_word' id='word_1_92' title='bbox 663 1518 903 1588; x_wconf 87' lang='lat' dir='ltr'><strong>vinculo,</strong></span> <span class='ocrx_word' id='word_1_93' title='bbox 942 1538 1095 1591; x_wconf 73' lang='lat' dir='ltr'><strong>teque</strong></span> <span class='ocrx_word' id='word_1_94' title='bbox 1156 1523 1460 1593; x_wconf 88' lang='lat' dir='ltr'><strong>spiritualis</strong></span> <span class='ocrx_word' id='word_1_95' title='bbox 1503 1524 1848 1595; x_wconf 63' lang='lat' dir='ltr'><strong>praefectura,</strong></span> <span class='ocrx_word' id='word_1_96' title='bbox 1880 1541 2041 1595; x_wconf 89' lang='lat' dir='ltr'><strong>quam</strong></span> 
     </span>
    </p>
   </div>
   <div class='ocr_carea' id='block_1_17' title="bbox 477 1608 2043 1683">
    <p class='ocr_par' dir='ltr' id='par_1_17' title="bbox 477 1608 2043 1683">
     <span class='ocr_line' id='line_1_17' title="bbox 477 1608 2043 1683; baseline 0.005 -18"><span class='ocrx_word' id='word_1_97' title='bbox 477 1608 651 1666; x_wconf 67' lang='lat' dir='ltr'><strong>Graeci</strong></span> <span class='ocrx_word' id='word_1_98' title='bbox 684 1613 786 1668; x_wconf 86' lang='lat' dir='ltr'><strong>sibi</strong></span> <span class='ocrx_word' id='word_1_99' title='bbox 809 1614 1246 1682; x_wconf 85' lang='lat' dir='ltr'><strong>vindicaverant,</strong></span> <span class='ocrx_word' id='word_1_100' title='bbox 1269 1632 1299 1671; x_wconf 92' lang='lat' dir='ltr'><strong>e</strong></span> <span class='ocrx_word' id='word_1_101' title='bbox 1320 1618 1499 1672; x_wconf 87' lang='lat' dir='ltr'><strong>medio</strong></span> <span class='ocrx_word' id='word_1_102' title='bbox 1526 1618 1828 1683; x_wconf 85' lang='lat' dir='ltr'><strong>tolleretur,</strong></span> <span class='ocrx_word' id='word_1_103' title='bbox 1852 1618 2043 1673; x_wconf 85' lang='lat' dir='ltr'><strong>iidem-</strong></span> 
     </span>
    </p>
   </div>
   <div class='ocr_carea' id='block_1_18' title="bbox 474 1701 2045 1788">
    <p class='ocr_par' dir='ltr' id='par_1_18' title="bbox 474 1701 2045 1788">
     <span class='ocr_line' id='line_1_18' title="bbox 474 1701 2045 1788; baseline 0.003 -32"><span class='ocrx_word' id='word_1_104' title='bbox 474 1717 584 1771; x_wconf 88' lang='lat' dir='ltr'><strong>que</strong></span> <span class='ocrx_word' id='word_1_105' title='bbox 607 1701 824 1771; x_wconf 73' lang='lat' dir='ltr'><strong>Bulgari</strong></span> <span class='ocrx_word' id='word_1_106' title='bbox 846 1702 1101 1760; x_wconf 75' lang='lat' dir='ltr'><strong>Romam:</strong></span> <span class='ocrx_word' id='word_1_107' title='bbox 1126 1704 1398 1771; x_wconf 64' lang='lat' dir='ltr'><strong>Ecclesiae,</strong></span> <span class='ocrx_word' id='word_1_108' title='bbox 1426 1724 1455 1760; x_wconf 87' lang='lat' dir='ltr'><strong>a</strong></span> <span class='ocrx_word' id='word_1_109' title='bbox 1476 1722 1582 1788; x_wconf 82' lang='lat' dir='ltr'><strong>qua</strong></span> <span class='ocrx_word' id='word_1_110' title='bbox 1609 1708 1768 1762; x_wconf 91' lang='lat' dir='ltr'><strong>donis</strong></span> <span class='ocrx_word' id='word_1_111' title='bbox 1817 1716 1868 1763; x_wconf 89' lang='lat' dir='ltr'><strong>et</strong></span> <span class='ocrx_word' id='word_1_112' title='bbox 1895 1707 2045 1762; x_wconf 83' lang='lat' dir='ltr'><strong>bian-</strong></span> 
     </span>
    </p>
   </div>
   <div class='ocr_carea' id='block_1_19' title="bbox 2147 524 3717 603">
    <p class='ocr_par' dir='ltr' id='par_1_19' title="bbox 2147 524 3717 603">
     <span class='ocr_line' id='line_1_19' title="bbox 2147 524 3717 603; baseline 0.008 -27"><span class='ocrx_word' id='word_1_113' title='bbox 2147 524 2438 594; x_wconf 69' lang='lat' dir='ltr'><strong>clesiazque</strong></span> <span class='ocrx_word' id='word_1_114' title='bbox 2489 527 2691 582; x_wconf 79' lang='lat' dir='ltr'><strong>tinibus</strong></span> <span class='ocrx_word' id='word_1_115' title='bbox 2738 529 2964 597; x_wconf 79' lang='lat' dir='ltr'><strong>exponit</strong></span> <span class='ocrx_word' id='word_1_116' title='bbox 2994 535 3053 582; x_wconf 90' lang='lat' dir='ltr'><strong>ut</strong></span> <span class='ocrx_word' id='word_1_117' title='bbox 3109 528 3429 583; x_wconf 87' lang='lat' dir='ltr'><strong>mendacem</strong></span> <span class='ocrx_word' id='word_1_118' title='bbox 3458 572 3472 592; x_wconf 86' lang='lat'><strong><em>.</em></strong></span> <span class='ocrx_word' id='word_1_119' title='bbox 3514 538 3569 585; x_wconf 91' lang='lat' dir='ltr'><strong>et</strong></span> <span class='ocrx_word' id='word_1_120' title='bbox 3616 536 3717 603; x_wconf 77' lang='lat' dir='ltr'><strong>qui</strong></span> 
     </span>
    </p>
   </div>
   <div class='ocr_carea' id='block_1_20' title="bbox 2150 618 3725 689">
    <p class='ocr_par' dir='ltr' id='par_1_20' title="bbox 2150 618 3725 689">
     <span class='ocr_line' id='line_1_20' title="bbox 2150 618 3725 689; baseline 0.006 -18"><span class='ocrx_word' id='word_1_121' title='bbox 2150 618 2433 674; x_wconf 86' lang='lat' dir='ltr'><strong>multoties</strong></span> <span class='ocrx_word' id='word_1_122' title='bbox 2486 619 2708 689; x_wconf 81' lang='lat' dir='ltr'><strong>quidem</strong></span> <span class='ocrx_word' id='word_1_123' title='bbox 2780 619 3144 688; x_wconf 66' lang='lat' dir='ltr'><strong>jurejurando</strong></span> <span class='ocrx_word' id='word_1_124' title='bbox 3211 620 3590 679; x_wconf 82' lang='lat' dir='ltr'><strong>conﬁrmasset</strong></span> <span class='ocrx_word' id='word_1_125' title='bbox 3655 641 3725 682; x_wconf 84' lang='lat' dir='ltr'><strong>ac</strong></span> 
     </span>
    </p>
   </div>
   <div class='ocr_carea' id='block_1_21' title="bbox 2149 710 3729 781">
    <p class='ocr_par' dir='ltr' id='par_1_21' title="bbox 2149 710 3729 781">
     <span class='ocr_line' id='line_1_21' title="bbox 2149 710 3729 781; baseline 0.007 -21"><span class='ocrx_word' id='word_1_126' title='bbox 2149 710 2494 779; x_wconf 75' lang='lat' dir='ltr'><strong>promisisset</strong></span> <span class='ocrx_word' id='word_1_127' title='bbox 2522 727 2579 766; x_wconf 88' lang='lat' dir='ltr'><strong>se</strong></span> <span class='ocrx_word' id='word_1_128' title='bbox 2610 710 2923 780; x_wconf 76' lang='lat' dir='ltr'><strong>imperatori</strong></span> <span class='ocrx_word' id='word_1_129' title='bbox 2940 710 3172 781; x_wconf 76' lang='lat' dir='ltr'><strong>gratiam</strong></span> <span class='ocrx_word' id='word_1_130' title='bbox 3206 722 3381 781; x_wconf 63' lang='lat' dir='ltr'><strong>poenae</strong></span> <span class='ocrx_word' id='word_1_131' title='bbox 3415 711 3729 780; x_wconf 60' lang='lat' dir='ltr'><strong>facturumr</strong></span> 
     </span>
    </p>
   </div>
   <div class='ocr_carea' id='block_1_22' title="bbox 2149 797 3727 875">
    <p class='ocr_par' dir='ltr' id='par_1_22' title="bbox 2149 797 3727 875">
     <span class='ocr_line' id='line_1_22' title="bbox 2149 797 3727 875; baseline 0.006 -22"><span class='ocrx_word' id='word_1_132' title='bbox 2149 814 2214 854; x_wconf 92' lang='lat' dir='ltr'><strong>ac</strong></span> <span class='ocrx_word' id='word_1_133' title='bbox 2236 800 2464 857; x_wconf 85' lang='lat' dir='ltr'><strong>totidem</strong></span> <span class='ocrx_word' id='word_1_134' title='bbox 2492 803 2705 856; x_wconf 84' lang='lat' dir='ltr'><strong>victbus</strong></span> <span class='ocrx_word' id='word_1_135' title='bbox 2734 797 2980 857; x_wconf 87' lang='lat' dir='ltr'><strong>animum</strong></span> <span class='ocrx_word' id='word_1_136' title='bbox 3016 810 3305 866; x_wconf 84' lang='lat' dir='ltr'><strong>mutasset,</strong></span> <span class='ocrx_word' id='word_1_137' title='bbox 3338 810 3563 875; x_wconf 80' lang='lat' dir='ltr'><strong>remque</strong></span> <span class='ocrx_word' id='word_1_138' title='bbox 3587 808 3727 862; x_wconf 82' lang='lat' dir='ltr'><strong>data-</strong></span> 
     </span>
    </p>
   </div>
   <div class='ocr_carea' id='block_1_23' title="bbox 2150 888 3718 965">
    <p class='ocr_par' dir='ltr' id='par_1_23' title="bbox 2150 888 3718 965">
     <span class='ocr_line' id='line_1_23' title="bbox 2150 888 3718 965; baseline 0.004 -17"><span class='ocrx_word' id='word_1_139' title='bbox 2150 904 2318 965; x_wconf 86' lang='lat' dir='ltr'><strong>opera</strong></span> <span class='ocrx_word' id='word_1_140' title='bbox 2372 894 2708 951; x_wconf 77' lang='lat' dir='ltr'><strong>extraheret.</strong></span> <span class='ocrx_word' id='word_1_141' title='bbox 2750 888 2886 964; x_wconf 75' lang='lat' dir='ltr'><strong>Ejus</strong></span> <span class='ocrx_word' id='word_1_142' title='bbox 2936 895 3057 949; x_wconf 86' lang='lat' dir='ltr'><strong>loco</strong></span> <span class='ocrx_word' id='word_1_143' title='bbox 3100 897 3471 965; x_wconf 80' lang='lat' dir='ltr'><strong>patriarcham</strong></span> <span class='ocrx_word' id='word_1_144' title='bbox 3510 901 3718 954; x_wconf 79' lang='lat' dir='ltr'><strong>consti-</strong></span> 
     </span>
    </p>
   </div>
   <div class='ocr_carea' id='block_1_24' title="bbox 2152 986 3715 1059">
    <p class='ocr_par' dir='ltr' id='par_1_24' title="bbox 2152 986 3715 1059">
     <span class='ocr_line' id='line_1_24' title="bbox 2152 986 3715 1059; baseline 0.004 -20"><span class='ocrx_word' id='word_1_145' title='bbox 2152 988 2257 1041; x_wconf 88' lang='lat' dir='ltr'><strong>tuit</strong></span> <span class='ocrx_word' id='word_1_146' title='bbox 2284 995 2498 1057; x_wconf 82' lang='lat' dir='ltr'><strong>patrem</strong></span> <span class='ocrx_word' id='word_1_147' title='bbox 2535 1001 2696 1043; x_wconf 82' lang='lat' dir='ltr'><strong>suum</strong></span> <span class='ocrx_word' id='word_1_148' title='bbox 2734 988 3073 1057; x_wconf 83' lang='lat' dir='ltr'><strong>spirituatem</strong></span> <span class='ocrx_word' id='word_1_149' title='bbox 3113 986 3496 1059; x_wconf 84' lang='lat' dir='ltr'><strong>Euthymium,</strong></span> <span class='ocrx_word' id='word_1_150' title='bbox 3538 992 3715 1045; x_wconf 85' lang='lat' dir='ltr'><strong>virum</strong></span> 
     </span>
    </p>
   </div>
   <div class='ocr_carea' id='block_1_25' title="bbox 2151 1079 3714 1149">
    <p class='ocr_par' dir='ltr' id='par_1_25' title="bbox 2151 1079 3714 1149">
     <span class='ocr_line' id='line_1_25' title="bbox 2151 1079 3714 1149; baseline 0.001 -17"><span class='ocrx_word' id='word_1_151' title='bbox 2151 1079 2342 1135; x_wconf 83' lang='lat' dir='ltr'><strong>multis</strong></span> <span class='ocrx_word' id='word_1_152' title='bbox 2384 1080 2543 1134; x_wconf 85' lang='lat' dir='ltr'><strong>annis</strong></span> <span class='ocrx_word' id='word_1_153' title='bbox 2592 1080 2997 1136; x_wconf 71' lang='lat' dir='ltr'><strong>exercitatione</strong></span> <span class='ocrx_word' id='word_1_154' title='bbox 3044 1079 3290 1135; x_wconf 87' lang='lat' dir='ltr'><strong>solitaria</strong></span> <span class='ocrx_word' id='word_1_155' title='bbox 3338 1081 3714 1149; x_wconf 80' lang='lat' dir='ltr'><strong>nobilitatum,</strong></span> 
     </span>
    </p>
   </div>
   <div class='ocr_carea' id='block_1_26' title="bbox 2151 1170 3721 1243">
    <p class='ocr_par' dir='ltr' id='par_1_26' title="bbox 2151 1170 3721 1243">
     <span class='ocr_line' id='line_1_26' title="bbox 2151 1170 3721 1243; baseline 0.001 -18"><span class='ocrx_word' id='word_1_156' title='bbox 2151 1171 2388 1242; x_wconf 85' lang='lat' dir='ltr'><strong>denique</strong></span> <span class='ocrx_word' id='word_1_157' title='bbox 2417 1172 2722 1243; x_wconf 83' lang='lat' dir='ltr'><strong>prophetici</strong></span> <span class='ocrx_word' id='word_1_158' title='bbox 2759 1172 2989 1242; x_wconf 77' lang='lat' dir='ltr'><strong>spiritus</strong></span> <span class='ocrx_word' id='word_1_159' title='bbox 3020 1170 3368 1241; x_wconf 83' lang='lat' dir='ltr'><strong>participem.</strong></span> <span class='ocrx_word' id='word_1_160' title='bbox 3393 1170 3442 1227; x_wconf 84' lang='lat' dir='ltr'><strong>is</strong></span> <span class='ocrx_word' id='word_1_161' title='bbox 3476 1172 3721 1241; x_wconf 86' lang='lat' dir='ltr'><strong>impera-</strong></span> 
     </span>
    </p>
   </div>
   <div class='ocr_carea' id='block_1_27' title="bbox 2151 1264 3727 1335">
    <p class='ocr_par' dir='ltr' id='par_1_27' title="bbox 2151 1264 3727 1335">
     <span class='ocr_line' id='line_1_27' title="bbox 2151 1264 3727 1335; baseline 0 -15"><span class='ocrx_word' id='word_1_162' title='bbox 2151 1272 2325 1320; x_wconf 81' lang='lat' dir='ltr'><strong>torem</strong></span> <span class='ocrx_word' id='word_1_163' title='bbox 2374 1279 2403 1319; x_wconf 86' lang='lat' dir='ltr'><strong>a</strong></span> <span class='ocrx_word' id='word_1_164' title='bbox 2434 1275 2595 1335; x_wconf 67' lang='lat' dir='ltr'><strong>poena</strong></span> <span class='ocrx_word' id='word_1_165' title='bbox 2652 1264 2782 1320; x_wconf 74' lang='lat' dir='ltr'><strong>facit</strong></span> <span class='ocrx_word' id='word_1_166' title='bbox 2838 1264 3171 1328; x_wconf 79' lang='lat' dir='ltr'><strong>immtInem,</strong></span> <span class='ocrx_word' id='word_1_167' title='bbox 3215 1269 3378 1334; x_wconf 77' lang='lat' dir='ltr'><strong>atque</strong></span> <span class='ocrx_word' id='word_1_168' title='bbox 3416 1280 3446 1318; x_wconf 90' lang='lat' dir='ltr'><strong>a</strong></span> <span class='ocrx_word' id='word_1_169' title='bbox 3492 1265 3727 1321; x_wconf 81' lang='lat' dir='ltr'><strong>vinculo</strong></span> 
     </span>
    </p>
   </div>
   <div class='ocr_carea' id='block_1_28' title="bbox 2152 1352 3720 1420">
    <p class='ocr_par' dir='ltr' id='par_1_28' title="bbox 2152 1352 3720 1420">
     <span class='ocr_line' id='line_1_28' title="bbox 2152 1352 3720 1420; baseline -0.002 -11"><span class='ocrx_word' id='word_1_170' title='bbox 2152 1355 2415 1410; x_wconf 88' lang='lat' dir='ltr'><strong>diuturno</strong></span> <span class='ocrx_word' id='word_1_171' title='bbox 2462 1354 2685 1420; x_wconf 84' lang='lat' dir='ltr'><strong>liberat,</strong></span> <span class='ocrx_word' id='word_1_172' title='bbox 2730 1356 2783 1409; x_wconf 88' lang='lat' dir='ltr'><strong>et</strong></span> <span class='ocrx_word' id='word_1_173' title='bbox 2826 1352 2891 1407; x_wconf 83' lang='lat' dir='ltr'><strong>ad</strong></span> <span class='ocrx_word' id='word_1_174' title='bbox 2923 1353 3371 1408; x_wconf 85' lang='lat' dir='ltr'><strong>communionem</strong></span> <span class='ocrx_word' id='word_1_175' title='bbox 3401 1353 3659 1410; x_wconf 84' lang='lat' dir='ltr'><strong>admittit.</strong></span> <span class='ocrx_word' id='word_1_176' title='bbox 3694 1375 3720 1406; x_wconf 64' lang='grc' dir='ltr'>ι</span> 
     </span>
    </p>
   </div>
   <div class='ocr_carea' id='block_1_29' title="bbox 2153 1438 3720 1507">
    <p class='ocr_par' dir='ltr' id='par_1_29' title="bbox 2153 1438 3720 1507">
     <span class='ocr_line' id='line_1_29' title="bbox 2153 1438 3720 1507; baseline -0.003 -8"><span class='ocrx_word' id='word_1_177' title='bbox 2153 1445 2278 1505; x_wconf 66' lang='grc' dir='ltr'><strong>11εο</strong></span> <span class='ocrx_word' id='word_1_178' title='bbox 2306 1444 2403 1499; x_wconf 90' lang='lat' dir='ltr'><strong>ibi.</strong></span> <span class='ocrx_word' id='word_1_179' title='bbox 2436 1442 2548 1500; x_wconf 87' lang='lat' dir='ltr'><strong>Leo</strong></span> <span class='ocrx_word' id='word_1_180' title='bbox 2570 1450 2752 1497; x_wconf 88' lang='lat' dir='ltr'><strong>autem</strong></span> <span class='ocrx_word' id='word_1_181' title='bbox 2784 1441 3039 1507; x_wconf 76' lang='lat' dir='ltr'><strong>Allatius,</strong></span> <span class='ocrx_word' id='word_1_182' title='bbox 3056 1440 3125 1495; x_wconf 87' lang='lat' dir='ltr'><strong>de</strong></span> <span class='ocrx_word' id='word_1_183' title='bbox 3158 1439 3417 1496; x_wconf 75' lang='lat' dir='ltr'><strong>Ecclesiae</strong></span> <span class='ocrx_word' id='word_1_184' title='bbox 3450 1438 3720 1496; x_wconf 83' lang='lat' dir='ltr'><strong>Occiden-</strong></span> 
     </span>
    </p>
   </div>
   <div class='ocr_carea' id='block_1_30' title="bbox 2152 1533 3715 1605">
    <p class='ocr_par' dir='ltr' id='par_1_30' title="bbox 2152 1533 3715 1605">
     <span class='ocr_line' id='line_1_30' title="bbox 2152 1533 3715 1605; baseline -0.003 -14"><span class='ocrx_word' id='word_1_185' title='bbox 2152 1538 2278 1593; x_wconf 82' lang='lat' dir='ltr'><strong>talis</strong></span> <span class='ocrx_word' id='word_1_186' title='bbox 2332 1543 2387 1591; x_wconf 91' lang='lat' dir='ltr'><strong>et</strong></span> <span class='ocrx_word' id='word_1_187' title='bbox 2426 1535 2721 1592; x_wconf 83' lang='lat' dir='ltr'><strong>Orientalis</strong></span> <span class='ocrx_word' id='word_1_188' title='bbox 2772 1543 3035 1605; x_wconf 89' lang='lat' dir='ltr'><strong>perpetua</strong></span> <span class='ocrx_word' id='word_1_189' title='bbox 3085 1533 3469 1597; x_wconf 87' lang='lat' dir='ltr'><strong>consensione,</strong></span> <span class='ocrx_word' id='word_1_190' title='bbox 3508 1533 3606 1589; x_wconf 91' lang='lat' dir='ltr'><strong>lib.</strong></span> <span class='ocrx_word' id='word_1_191' title='bbox 3656 1544 3715 1597; x_wconf 81' lang='lat' dir='ltr'><strong>tt,</strong></span> 
     </span>
    </p>
   </div>
   <div class='ocr_carea' id='block_1_31' title="bbox 2151 1624 3723 1701">
    <p class='ocr_par' dir='ltr' id='par_1_31' title="bbox 2151 1624 3723 1701">
     <span class='ocr_line' id='line_1_31' title="bbox 2151 1624 3723 1701; baseline -0.003 -18"><span class='ocrx_word' id='word_1_192' title='bbox 2151 1640 2277 1701; x_wconf 86' lang='lat' dir='ltr'><strong>cap.</strong></span> <span class='ocrx_word' id='word_1_193' title='bbox 2323 1629 2376 1692; x_wconf 87' lang='lat'><strong>7,</strong></span> <span class='ocrx_word' id='word_1_194' title='bbox 2411 1638 2565 1685; x_wconf 88' lang='lat' dir='ltr'><strong>num.</strong></span> <span class='ocrx_word' id='word_1_195' title='bbox 2596 1626 2650 1694; x_wconf 75' lang='grc'><strong>5,</strong></span> <span class='ocrx_word' id='word_1_196' title='bbox 2689 1636 2802 1682; x_wconf 86' lang='lat' dir='ltr'><strong>rem</strong></span> <span class='ocrx_word' id='word_1_197' title='bbox 2832 1628 2888 1682; x_wconf 90' lang='lat' dir='ltr'><strong>in</strong></span> <span class='ocrx_word' id='word_1_198' title='bbox 2925 1626 3073 1682; x_wconf 87' lang='lat' dir='ltr'><strong>hunc</strong></span> <span class='ocrx_word' id='word_1_199' title='bbox 3121 1624 3341 1680; x_wconf 86' lang='lat' dir='ltr'><strong>modum</strong></span> <span class='ocrx_word' id='word_1_200' title='bbox 3370 1640 3441 1681; x_wconf 87' lang='lat' dir='ltr'><strong>ex</strong></span> <span class='ocrx_word' id='word_1_201' title='bbox 3476 1625 3723 1695; x_wconf 80' lang='lat' dir='ltr'><strong>antiquis</strong></span> 
     </span>
    </p>
   </div>
   <div class='ocr_carea' id='block_1_32' title="bbox 2156 1714 3719 1787">
    <p class='ocr_par' dir='ltr' id='par_1_32' title="bbox 2156 1714 3719 1787">
     <span class='ocr_line' id='line_1_32' title="bbox 2156 1714 3719 1787; baseline -0.003 -13"><span class='ocrx_word' id='word_1_202' title='bbox 2156 1719 2530 1774; x_wconf 84' lang='lat' dir='ltr'><strong>monumentis</strong></span> <span class='ocrx_word' id='word_1_203' title='bbox 2571 1726 2802 1773; x_wconf 84' lang='lat' dir='ltr'><strong>narrat:</strong></span> <span class='ocrx_word' id='word_1_204' title='bbox 2842 1732 2859 1770; x_wconf 77' lang='grc' dir='ltr'>ι</span> <span class='ocrx_word' id='word_1_205' title='bbox 2909 1716 3020 1773; x_wconf 90' lang='lat' dir='ltr'><strong>Leo</strong></span> <span class='ocrx_word' id='word_1_206' title='bbox 3069 1716 3255 1772; x_wconf 82' lang='lat' dir='ltr'><strong>Basilii</strong></span> <span class='ocrx_word' id='word_1_207' title='bbox 3285 1714 3451 1780; x_wconf 78' lang='lat' dir='ltr'><strong>ﬁlius,</strong></span> <span class='ocrx_word' id='word_1_208' title='bbox 3488 1715 3719 1787; x_wconf 76' lang='lat' dir='ltr'><strong>quodex</strong></span> 
     </span>
    </p>
   </div>
   <div class='ocr_carea' id='block_1_33' title="bbox 478 1794 2048 1874">
    <p class='ocr_par' dir='ltr' id='par_1_33' title="bbox 478 1794 2044 1871">
     <span class='ocr_line' id='line_1_33' title="bbox 478 1794 2044 1871; baseline 0.006 -23"><span class='ocrx_word' id='word_1_209' title='bbox 478 1794 628 1850; x_wconf 88' lang='lat' dir='ltr'><strong>ditiis</strong></span> <span class='ocrx_word' id='word_1_210' title='bbox 677 1794 992 1853; x_wconf 68' lang='lat' dir='ltr'><strong>Graecorum</strong></span> <span class='ocrx_word' id='word_1_211' title='bbox 1048 1798 1416 1864; x_wconf 88' lang='lat' dir='ltr'><strong>desciverant,</strong></span> <span class='ocrx_word' id='word_1_212' title='bbox 1454 1815 1515 1855; x_wconf 85' lang='lat' dir='ltr'><strong>se</strong></span> <span class='ocrx_word' id='word_1_213' title='bbox 1563 1810 1756 1870; x_wconf 89' lang='lat' dir='ltr'><strong>sponte</strong></span> <span class='ocrx_word' id='word_1_214' title='bbox 1801 1800 2044 1871; x_wconf 85' lang='lat' dir='ltr'><strong>subjice-</strong></span> 
     </span>
    </p>
   </div>
   <div class='ocr_carea' id='block_1_34' title="bbox 2154 1794 3719 1874">
    <p class='ocr_par' dir='ltr' id='par_1_34' title="bbox 2154 1811 3719 1874">
     <span class='ocr_line' id='line_1_34' title="bbox 2154 1811 3719 1874; baseline -0.001 -6"><span class='ocrx_word' id='word_1_215' title='bbox 2154 1813 2327 1869; x_wconf 89' lang='lat' dir='ltr'><strong>tribus</strong></span> <span class='ocrx_word' id='word_1_216' title='bbox 2369 1811 2549 1867; x_wconf 90' lang='lat' dir='ltr'><strong>ductis</strong></span> <span class='ocrx_word' id='word_1_217' title='bbox 2594 1811 2861 1867; x_wconf 78' lang='lat' dir='ltr'><strong>uxoribus</strong></span> <span class='ocrx_word' id='word_1_218' title='bbox 2899 1811 3079 1866; x_wconf 84' lang='lat' dir='ltr'><strong>nullos</strong></span> <span class='ocrx_word' id='word_1_219' title='bbox 3125 1811 3443 1867; x_wconf 77' lang='lat' dir='ltr'><strong>sustulisset</strong></span> <span class='ocrx_word' id='word_1_220' title='bbox 3495 1811 3719 1874; x_wconf 87' lang='lat' dir='ltr'><strong>liberos.</strong></span> 
     </span>
    </p>
   </div>
   <div class='ocr_carea' id='block_1_35' title="bbox 477 1896 619 1945">
    <p class='ocr_par' dir='ltr' id='par_1_35' title="bbox 477 1896 619 1945">
     <span class='ocr_line' id='line_1_35' title="bbox 477 1896 619 1945; baseline 0.028 -4"><span class='ocrx_word' id='word_1_221' title='bbox 477 1896 619 1945; x_wconf 82' lang='lat' dir='ltr'><strong>rent.</strong></span> 
     </span>
    </p>
   </div>
   <div class='ocr_carea' id='block_1_36' title="bbox 545 1976 2047 2055">
    <p class='ocr_par' dir='ltr' id='par_1_36' title="bbox 545 1976 2047 2055">
     <span class='ocr_line' id='line_1_36' title="bbox 545 1976 2047 2055; baseline 0.003 -21"><span class='ocrx_word' id='word_1_222' title='bbox 545 1976 725 2035; x_wconf 81' lang='lat' dir='ltr'><strong>Fuere</strong></span> <span class='ocrx_word' id='word_1_223' title='bbox 771 1979 942 2037; x_wconf 86' lang='lat' dir='ltr'><strong>Leoni</strong></span> <span class='ocrx_word' id='word_1_224' title='bbox 979 1997 1177 2038; x_wconf 77' lang='lat' dir='ltr'><strong>uxores</strong></span> <span class='ocrx_word' id='word_1_225' title='bbox 1216 1983 1441 2039; x_wconf 90' lang='lat' dir='ltr'><strong>omnino</strong></span> <span class='ocrx_word' id='word_1_226' title='bbox 1482 1994 1737 2055; x_wconf 86' lang='lat' dir='ltr'><strong>quatuor,</strong></span> <span class='ocrx_word' id='word_1_227' title='bbox 1778 1999 1915 2055; x_wconf 88' lang='lat' dir='ltr'><strong>quas</strong></span> <span class='ocrx_word' id='word_1_228' title='bbox 1954 2000 2047 2039; x_wconf 87' lang='lat' dir='ltr'><strong>or-</strong></span> 
     </span>
    </p>
   </div>
   <div class='ocr_carea' id='block_1_37' title="bbox 477 2066 2055 2142">
    <p class='ocr_par' dir='ltr' id='par_1_37' title="bbox 477 2066 2055 2142">
     <span class='ocr_line' id='line_1_37' title="bbox 477 2066 2055 2142; baseline 0.003 -15"><span class='ocrx_word' id='word_1_229' title='bbox 477 2071 605 2127; x_wconf 87' lang='lat' dir='ltr'><strong>dine</strong></span> <span class='ocrx_word' id='word_1_230' title='bbox 665 2080 719 2127; x_wconf 88' lang='lat' dir='ltr'><strong>et</strong></span> <span class='ocrx_word' id='word_1_231' title='bbox 767 2075 1080 2130; x_wconf 80' lang='lat' dir='ltr'><strong>successive</strong></span> <span class='ocrx_word' id='word_1_232' title='bbox 1130 2074 1310 2141; x_wconf 88' lang='lat' dir='ltr'><strong>duxit,</strong></span> <span class='ocrx_word' id='word_1_233' title='bbox 1358 2090 1468 2130; x_wconf 91' lang='lat' dir='ltr'><strong>non</strong></span> <span class='ocrx_word' id='word_1_234' title='bbox 1517 2092 1546 2129; x_wconf 93' lang='lat' dir='ltr'><strong>a</strong></span> <span class='ocrx_word' id='word_1_235' title='bbox 1582 2066 1807 2132; x_wconf 86' lang='lat' dir='ltr'><strong>libidine</strong></span> <span class='ocrx_word' id='word_1_236' title='bbox 1840 2078 2055 2142; x_wconf 77' lang='lat' dir='ltr'><strong>victus,</strong></span> 
     </span>
    </p>
   </div>
   <div class='ocr_carea' id='block_1_38' title="bbox 476 2165 2047 2238">
    <p class='ocr_par' dir='ltr' id='par_1_38' title="bbox 476 2165 2047 2238">
     <span class='ocr_line' id='line_1_38' title="bbox 476 2165 2047 2238; baseline 0.001 -17"><span class='ocrx_word' id='word_1_237' title='bbox 476 2165 573 2222; x_wconf 79' lang='lat' dir='ltr'><strong>sed</strong></span> <span class='ocrx_word' id='word_1_238' title='bbox 617 2165 822 2237; x_wconf 65' lang='lat' dir='ltr'><strong>ingenti</strong></span> <span class='ocrx_word' id='word_1_239' title='bbox 874 2167 1225 2238; x_wconf 55' lang='lat' dir='ltr'><strong>procreandis</strong></span> <span class='ocrx_word' id='word_1_240' title='bbox 1262 2168 1471 2223; x_wconf 87' lang='lat' dir='ltr'><strong>sobolis</strong></span> <span class='ocrx_word' id='word_1_241' title='bbox 1504 2168 1795 2235; x_wconf 83' lang='lat' dir='ltr'><strong>desiderio,</strong></span> <span class='ocrx_word' id='word_1_242' title='bbox 1826 2183 1936 2237; x_wconf 89' lang='lat' dir='ltr'><strong>quo</strong></span> <span class='ocrx_word' id='word_1_243' title='bbox 1981 2168 2047 2222; x_wconf 90' lang='lat' dir='ltr'><strong>li-</strong></span> 
     </span>
    </p>
   </div>
   <div class='ocr_carea' id='block_1_39' title="bbox 478 2264 2051 2335">
    <p class='ocr_par' dir='ltr' id='par_1_39' title="bbox 478 2264 2051 2335">
     <span class='ocr_line' id='line_1_39' title="bbox 478 2264 2051 2335; baseline 0.001 -18"><span class='ocrx_word' id='word_1_244' title='bbox 478 2266 638 2322; x_wconf 80' lang='lat' dir='ltr'><strong>beros</strong></span> <span class='ocrx_word' id='word_1_245' title='bbox 687 2282 755 2321; x_wconf 89' lang='lat' dir='ltr'><strong>ex</strong></span> <span class='ocrx_word' id='word_1_246' title='bbox 795 2276 1040 2322; x_wconf 87' lang='lat' dir='ltr'><strong>senatos</strong></span> <span class='ocrx_word' id='word_1_247' title='bbox 1072 2266 1439 2335; x_wconf 82' lang='lat' dir='ltr'><strong>conSpiceret.</strong></span> <span class='ocrx_word' id='word_1_248' title='bbox 1489 2265 1673 2320; x_wconf 78' lang='lat' dir='ltr'><strong>Prima</strong></span> <span class='ocrx_word' id='word_1_249' title='bbox 1726 2266 1824 2320; x_wconf 76' lang='lat' dir='ltr'><strong>fuit</strong></span> <span class='ocrx_word' id='word_1_250' title='bbox 1870 2264 2051 2320; x_wconf 53' lang='lat' dir='ltr'><strong>Theo.</strong></span> 
     </span>
    </p>
   </div>
   <div class='ocr_carea' id='block_1_40' title="bbox 476 2356 2049 2429">
    <p class='ocr_par' dir='ltr' id='par_1_40' title="bbox 476 2356 2049 2429">
     <span class='ocr_line' id='line_1_40' title="bbox 476 2356 2049 2429; baseline 0.001 -18"><span class='ocrx_word' id='word_1_251' title='bbox 476 2358 722 2427; x_wconf 88' lang='lat' dir='ltr'><strong>phanon,</strong></span> <span class='ocrx_word' id='word_1_252' title='bbox 759 2374 855 2414; x_wconf 91' lang='lat' dir='ltr'><strong>seu</strong></span> <span class='ocrx_word' id='word_1_253' title='bbox 905 2357 1284 2429; x_wconf 84' lang='lat' dir='ltr'><strong>Theophanis,</strong></span> <span class='ocrx_word' id='word_1_254' title='bbox 1335 2357 1692 2413; x_wconf 82' lang='lat' dir='ltr'><strong>Constantini</strong></span> <span class='ocrx_word' id='word_1_255' title='bbox 1738 2356 1849 2411; x_wconf 79' lang='lat' dir='ltr'><strong>lilia</strong></span> <span class='ocrx_word' id='word_1_256' title='bbox 1894 2370 1909 2411; x_wconf 62' lang='grc' dir='ltr'>ς</span> <span class='ocrx_word' id='word_1_257' title='bbox 1963 2372 2049 2412; x_wconf 80' lang='lat' dir='ltr'><strong>se-</strong></span> 
     </span>
    </p>
   </div>
   <div class='ocr_carea' id='block_1_41' title="bbox 474 2447 2047 2521">
    <p class='ocr_par' dir='ltr' id='par_1_41' title="bbox 474 2447 2047 2521">
     <span class='ocr_line' id='line_1_41' title="bbox 474 2447 2047 2521; baseline -0.001 -16"><span class='ocrx_word' id='word_1_258' title='bbox 474 2451 658 2505; x_wconf 86' lang='lat' dir='ltr'><strong>cunda</strong></span> <span class='ocrx_word' id='word_1_259' title='bbox 689 2449 799 2506; x_wconf 84' lang='lat' dir='ltr'><strong>Zoe</strong></span> <span class='ocrx_word' id='word_1_260' title='bbox 830 2450 1054 2521; x_wconf 77' lang='lat' dir='ltr'><strong>Zautza:</strong></span> <span class='ocrx_word' id='word_1_261' title='bbox 1081 2453 1189 2507; x_wconf 86' lang='lat' dir='ltr'><strong>illia</strong></span> <span class='ocrx_word' id='word_1_262' title='bbox 1216 2468 1228 2507; x_wconf 89' lang='lat'><strong>:</strong></span> <span class='ocrx_word' id='word_1_263' title='bbox 1264 2453 1425 2507; x_wconf 90' lang='lat' dir='ltr'><strong>tertia</strong></span> <span class='ocrx_word' id='word_1_264' title='bbox 1446 2449 1683 2506; x_wconf 85' lang='lat' dir='ltr'><strong>Eudocia</strong></span> <span class='ocrx_word' id='word_1_265' title='bbox 1714 2447 2005 2521; x_wconf 89' lang='lat' dir='ltr'><strong>Opsiciana</strong></span> <span class='ocrx_word' id='word_1_266' title='bbox 2031 2465 2047 2515; x_wconf 90' lang='lat'><strong>;</strong></span> 
     </span>
    </p>
   </div>
   <div class='ocr_carea' id='block_1_42' title="bbox 475 2543 2047 2618">
    <p class='ocr_par' dir='ltr' id='par_1_42' title="bbox 475 2543 2047 2618">
     <span class='ocr_line' id='line_1_42' title="bbox 475 2543 2047 2618; baseline -0.002 -16"><span class='ocrx_word' id='word_1_267' title='bbox 475 2553 697 2618; x_wconf 85' lang='lat' dir='ltr'><strong>quarta,</strong></span> <span class='ocrx_word' id='word_1_268' title='bbox 741 2545 850 2601; x_wconf 84' lang='lat' dir='ltr'><strong>Zoe</strong></span> <span class='ocrx_word' id='word_1_269' title='bbox 888 2547 1325 2618; x_wconf 84' lang='lat' dir='ltr'><strong>Carbonopsina,</strong></span> <span class='ocrx_word' id='word_1_270' title='bbox 1385 2562 1451 2601; x_wconf 90' lang='lat' dir='ltr'><strong>ex</strong></span> <span class='ocrx_word' id='word_1_271' title='bbox 1486 2562 1593 2614; x_wconf 89' lang='lat' dir='ltr'><strong>qua</strong></span> <span class='ocrx_word' id='word_1_272' title='bbox 1630 2544 1799 2599; x_wconf 85' lang='lat' dir='ltr'><strong>(ilium</strong></span> <span class='ocrx_word' id='word_1_273' title='bbox 1830 2543 2047 2615; x_wconf 87' lang='lat' dir='ltr'><strong>Purpu—</strong></span> 
     </span>
    </p>
   </div>
   <div class='ocr_carea' id='block_1_43' title="bbox 478 2636 2045 2710">
    <p class='ocr_par' dir='ltr' id='par_1_43' title="bbox 478 2636 2045 2710">
     <span class='ocr_line' id='line_1_43' title="bbox 478 2636 2045 2710; baseline 0.001 -20"><span class='ocrx_word' id='word_1_274' title='bbox 478 2642 717 2709; x_wconf 71' lang='lat' dir='ltr'><strong>rigenam</strong></span> <span class='ocrx_word' id='word_1_275' title='bbox 747 2654 841 2693; x_wconf 84' lang='lat' dir='ltr'><strong>seu</strong></span> <span class='ocrx_word' id='word_1_276' title='bbox 872 2636 1445 2710; x_wconf 80' lang='lat' dir='ltr'><strong>Porphyrogennetam</strong></span> <span class='ocrx_word' id='word_1_277' title='bbox 1470 2636 1681 2707; x_wconf 81' lang='lat' dir='ltr'><strong>genuit,</strong></span> <span class='ocrx_word' id='word_1_278' title='bbox 1712 2636 1803 2691; x_wconf 86' lang='lat' dir='ltr'><strong>cui</strong></span> <span class='ocrx_word' id='word_1_279' title='bbox 1846 2652 2045 2691; x_wconf 88' lang='lat' dir='ltr'><strong>nomen</strong></span> 
     </span>
    </p>
   </div>
   <div class='ocr_carea' id='block_1_44' title="bbox 475 2730 2051 2800">
    <p class='ocr_par' dir='ltr' id='par_1_44' title="bbox 475 2730 2051 2800">
     <span class='ocr_line' id='line_1_44' title="bbox 475 2730 2051 2800; baseline -0.001 -15"><span class='ocrx_word' id='word_1_280' title='bbox 475 2730 827 2785; x_wconf 73' lang='lat' dir='ltr'><strong>Constantini</strong></span> <span class='ocrx_word' id='word_1_281' title='bbox 870 2730 1081 2785; x_wconf 88' lang='lat' dir='ltr'><strong>datum.</strong></span> <span class='ocrx_word' id='word_1_282' title='bbox 1119 2730 1338 2786; x_wconf 71' lang='lat' dir='ltr'><strong>Ultima:</strong></span> <span class='ocrx_word' id='word_1_283' title='bbox 1366 2739 1548 2785; x_wconf 89' lang='lat' dir='ltr'><strong>tamen</strong></span> <span class='ocrx_word' id='word_1_284' title='bbox 1601 2730 1793 2786; x_wconf 79' lang='lat' dir='ltr'><strong>uxoris</strong></span> <span class='ocrx_word' id='word_1_285' title='bbox 1825 2730 2051 2800; x_wconf 87' lang='lat' dir='ltr'><strong>nuptias</strong></span> 
     </span>
    </p>
   </div>
   <div class='ocr_carea' id='block_1_45' title="bbox 474 2820 2050 2893">
    <p class='ocr_par' dir='ltr' id='par_1_45' title="bbox 474 2820 2050 2893">
     <span class='ocr_line' id='line_1_45' title="bbox 474 2820 2050 2893; baseline 0.002 -20"><span class='ocrx_word' id='word_1_286' title='bbox 474 2821 735 2879; x_wconf 83' lang='lat' dir='ltr'><strong>Nicolaus</strong></span> <span class='ocrx_word' id='word_1_287' title='bbox 786 2822 1099 2893; x_wconf 77' lang='lat' dir='ltr'><strong>patriarcha</strong></span> <span class='ocrx_word' id='word_1_288' title='bbox 1144 2820 1471 2878; x_wconf 88' lang='lat' dir='ltr'><strong>benedicere</strong></span> <span class='ocrx_word' id='word_1_289' title='bbox 1522 2823 1821 2885; x_wconf 88' lang='lat' dir='ltr'><strong>recusavit,</strong></span> <span class='ocrx_word' id='word_1_290' title='bbox 1871 2822 1964 2878; x_wconf 89' lang='lat' dir='ltr'><strong>sed</strong></span> <span class='ocrx_word' id='word_1_291' title='bbox 1994 2830 2050 2878; x_wconf 90' lang='lat' dir='ltr'><strong>et</strong></span> 
     </span>
    </p>
   </div>
   <div class='ocr_carea' id='block_1_46' title="bbox 478 2913 2047 2986">
    <p class='ocr_par' dir='ltr' id='par_1_46' title="bbox 478 2913 2047 2986">
     <span class='ocr_line' id='line_1_46' title="bbox 478 2913 2047 2986; baseline 0.001 -17"><span class='ocrx_word' id='word_1_292' title='bbox 478 2914 747 2969; x_wconf 85' lang='lat' dir='ltr'><strong>Thomam</strong></span> <span class='ocrx_word' id='word_1_293' title='bbox 799 2914 1207 2985; x_wconf 82' lang='lat' dir='ltr'><strong>presbyterum,</strong></span> <span class='ocrx_word' id='word_1_294' title='bbox 1254 2914 1350 2986; x_wconf 90' lang='lat' dir='ltr'><strong>qui</strong></span> <span class='ocrx_word' id='word_1_295' title='bbox 1400 2913 1702 2981; x_wconf 80' lang='lat' dir='ltr'><strong>benedixit,</strong></span> <span class='ocrx_word' id='word_1_296' title='bbox 1739 2914 2047 2985; x_wconf 85' lang='lat' dir='ltr'><strong>presbyteri</strong></span> 
     </span>
    </p>
   </div>
   <div class='ocr_carea' id='block_1_47' title="bbox 479 3007 2052 3079">
    <p class='ocr_par' dir='ltr' id='par_1_47' title="bbox 479 3007 2052 3079">
     <span class='ocr_line' id='line_1_47' title="bbox 479 3007 2052 3079; baseline 0 -18"><span class='ocrx_word' id='word_1_297' title='bbox 479 3007 689 3063; x_wconf 88' lang='lat' dir='ltr'><strong>honore</strong></span> <span class='ocrx_word' id='word_1_298' title='bbox 734 3009 994 3079; x_wconf 83' lang='lat' dir='ltr'><strong>privavit,</strong></span> <span class='ocrx_word' id='word_1_299' title='bbox 1045 3008 1178 3079; x_wconf 89' lang='lat' dir='ltr'><strong>quin</strong></span> <span class='ocrx_word' id='word_1_300' title='bbox 1220 3010 1447 3079; x_wconf 88' lang='lat' dir='ltr'><strong>insuper</strong></span> <span class='ocrx_word' id='word_1_301' title='bbox 1501 3008 1574 3064; x_wconf 84' lang='lat' dir='ltr'><strong>ab</strong></span> <span class='ocrx_word' id='word_1_302' title='bbox 1646 3008 1900 3079; x_wconf 72' lang='lat' dir='ltr'><strong>ingressu</strong></span> <span class='ocrx_word' id='word_1_303' title='bbox 1958 3020 2052 3061; x_wconf 81' lang='lat' dir='ltr'><strong>ec-</strong></span> 
     </span>
    </p>
   </div>
   <div class='ocr_carea' id='block_1_48' title="bbox 476 3098 2049 3172">
    <p class='ocr_par' dir='ltr' id='par_1_48' title="bbox 476 3098 2049 3172">
     <span class='ocr_line' id='line_1_48' title="bbox 476 3098 2049 3172; baseline -0.001 -17"><span class='ocrx_word' id='word_1_304' title='bbox 476 3101 660 3156; x_wconf 65' lang='lat' dir='ltr'><strong>clesiae</strong></span> <span class='ocrx_word' id='word_1_305' title='bbox 692 3100 1078 3171; x_wconf 87' lang='lat' dir='ltr'><strong>imperatorem</strong></span> <span class='ocrx_word' id='word_1_306' title='bbox 1114 3101 1415 3171; x_wconf 88' lang='lat' dir='ltr'><strong>prohibuit.</strong></span> <span class='ocrx_word' id='word_1_307' title='bbox 1449 3101 1518 3156; x_wconf 80' lang='lat' dir='ltr'><strong>At</strong></span> <span class='ocrx_word' id='word_1_308' title='bbox 1557 3101 1832 3172; x_wconf 88' lang='lat' dir='ltr'><strong>quomodo</strong></span> <span class='ocrx_word' id='word_1_309' title='bbox 1860 3115 1919 3157; x_wconf 90' lang='lat' dir='ltr'><strong>se</strong></span> <span class='ocrx_word' id='word_1_310' title='bbox 1946 3098 2049 3154; x_wconf 85' lang='lat' dir='ltr'><strong>ha-</strong></span> 
     </span>
    </p>
   </div>
   <div class='ocr_carea' id='block_1_49' title="bbox 478 3191 2049 3264">
    <p class='ocr_par' dir='ltr' id='par_1_49' title="bbox 478 3191 2049 3264">
     <span class='ocr_line' id='line_1_49' title="bbox 478 3191 2049 3264; baseline -0.001 -17"><span class='ocrx_word' id='word_1_311' title='bbox 478 3191 659 3248; x_wconf 84' lang='lat' dir='ltr'><strong>buerit</strong></span> <span class='ocrx_word' id='word_1_312' title='bbox 705 3193 1086 3264; x_wconf 77' lang='lat' dir='ltr'><strong>quadrigamia</strong></span> <span class='ocrx_word' id='word_1_313' title='bbox 1134 3194 1239 3249; x_wconf 88' lang='lat' dir='ltr'><strong>ista</strong></span> <span class='ocrx_word' id='word_1_314' title='bbox 1280 3192 1481 3249; x_wconf 85' lang='lat' dir='ltr'><strong>Leonis</strong></span> <span class='ocrx_word' id='word_1_315' title='bbox 1513 3194 1566 3249; x_wconf 91' lang='lat' dir='ltr'><strong>in</strong></span> <span class='ocrx_word' id='word_1_316' title='bbox 1590 3192 1886 3264; x_wconf 75' lang='lat' dir='ltr'><strong>conjugum</strong></span> <span class='ocrx_word' id='word_1_317' title='bbox 1920 3206 2049 3246; x_wconf 86' lang='lat' dir='ltr'><strong>sue-</strong></span> 
     </span>
    </p>
   </div>
   <div class='ocr_carea' id='block_1_50' title="bbox 476 3284 2048 3357">
    <p class='ocr_par' dir='ltr' id='par_1_50' title="bbox 476 3284 2048 3357">
     <span class='ocr_line' id='line_1_50' title="bbox 476 3284 2048 3357; baseline 0 -19"><span class='ocrx_word' id='word_1_318' title='bbox 476 3284 753 3350; x_wconf 85' lang='lat' dir='ltr'><strong>cessione,</strong></span> <span class='ocrx_word' id='word_1_319' title='bbox 790 3285 875 3340; x_wconf 85' lang='lat' dir='ltr'><strong>sic</strong></span> <span class='ocrx_word' id='word_1_320' title='bbox 922 3284 1111 3356; x_wconf 82' lang='lat' dir='ltr'><strong>accipe</strong></span> <span class='ocrx_word' id='word_1_321' title='bbox 1141 3300 1205 3341; x_wconf 89' lang='lat' dir='ltr'><strong>ex</strong></span> <span class='ocrx_word' id='word_1_322' title='bbox 1234 3285 1584 3357; x_wconf 79' lang='lat' dir='ltr'><strong>praeambulis</strong></span> <span class='ocrx_word' id='word_1_323' title='bbox 1613 3285 1963 3340; x_wconf 81' lang='lat' dir='ltr'><strong>Constantini</strong></span> <span class='ocrx_word' id='word_1_324' title='bbox 1994 3284 2048 3338; x_wconf 90' lang='lat' dir='ltr'><strong>in</strong></span> 
     </span>
    </p>
   </div>
   <div class='ocr_carea' id='block_1_51' title="bbox 477 3373 2049 3448">
    <p class='ocr_par' dir='ltr' id='par_1_51' title="bbox 477 3373 2049 3448">
     <span class='ocr_line' id='line_1_51' title="bbox 477 3373 2049 3448; baseline 0 -19"><span class='ocrx_word' id='word_1_325' title='bbox 477 3373 955 3446; x_wconf 79' lang='lat' dir='ltr'><strong>Porphyrogenito</strong></span> <span class='ocrx_word' id='word_1_326' title='bbox 981 3374 1048 3430; x_wconf 83' lang='lat' dir='ltr'><strong>ad</strong></span> <span class='ocrx_word' id='word_1_327' title='bbox 1069 3375 1314 3433; x_wconf 89' lang='lat' dir='ltr'><strong>edictum</strong></span> <span class='ocrx_word' id='word_1_328' title='bbox 1344 3377 1565 3433; x_wconf 87' lang='lat' dir='ltr'><strong>unionis</strong></span> <span class='ocrx_word' id='word_1_329' title='bbox 1582 3377 1683 3447; x_wconf 80' lang='lat'><strong>(7).</strong></span> <span class='ocrx_word' id='word_1_330' title='bbox 1707 3397 1726 3429; x_wconf 87' lang='grc'>‹</span> <span class='ocrx_word' id='word_1_331' title='bbox 1752 3375 2049 3448; x_wconf 87' lang='lat' dir='ltr'><strong>imperator</strong></span> 
     </span>
    </p>
   </div>
   <div class='ocr_carea' id='block_1_52' title="bbox 482 3466 2050 3539">
    <p class='ocr_par' dir='ltr' id='par_1_52' title="bbox 482 3466 2050 3539">
     <span class='ocr_line' id='line_1_52' title="bbox 482 3466 2050 3539; baseline -0.003 -16"><span class='ocrx_word' id='word_1_332' title='bbox 482 3467 576 3523; x_wconf 90' lang='lat' dir='ltr'><strong>ille</strong></span> <span class='ocrx_word' id='word_1_333' title='bbox 600 3466 957 3523; x_wconf 82' lang='lat' dir='ltr'><strong>doctissimus</strong></span> <span class='ocrx_word' id='word_1_334' title='bbox 979 3466 1090 3522; x_wconf 91' lang='lat' dir='ltr'><strong>Leo</strong></span> <span class='ocrx_word' id='word_1_335' title='bbox 1119 3469 1352 3539; x_wconf 87' lang='lat' dir='ltr'><strong>primam</strong></span> <span class='ocrx_word' id='word_1_336' title='bbox 1371 3468 1588 3539; x_wconf 89' lang='lat' dir='ltr'><strong>quidem</strong></span> <span class='ocrx_word' id='word_1_337' title='bbox 1614 3483 1836 3523; x_wconf 85' lang='lat' dir='ltr'><strong>uxorem</strong></span> <span class='ocrx_word' id='word_1_338' title='bbox 1862 3466 2050 3521; x_wconf 77' lang='lat' dir='ltr'><strong>habuit</strong></span> 
     </span>
    </p>
   </div>
   <div class='ocr_carea' id='block_1_53' title="bbox 479 3558 2043 3631">
    <p class='ocr_par' dir='ltr' id='par_1_53' title="bbox 479 3558 2043 3631">
     <span class='ocr_line' id='line_1_53' title="bbox 479 3558 2043 3631; baseline -0.001 -17"><span class='ocrx_word' id='word_1_339' title='bbox 479 3567 728 3615; x_wconf 84' lang='lat' dir='ltr'><strong>sanctam</strong></span> <span class='ocrx_word' id='word_1_340' title='bbox 778 3558 1260 3630; x_wconf 86' lang='lat' dir='ltr'><strong>Theophanonem,</strong></span> <span class='ocrx_word' id='word_1_341' title='bbox 1307 3576 1372 3615; x_wconf 89' lang='lat' dir='ltr'><strong>ex</strong></span> <span class='ocrx_word' id='word_1_342' title='bbox 1420 3576 1527 3631; x_wconf 89' lang='lat' dir='ltr'><strong>qua</strong></span> <span class='ocrx_word' id='word_1_343' title='bbox 1570 3561 1735 3615; x_wconf 83' lang='lat' dir='ltr'><strong>tiliam</strong></span> <span class='ocrx_word' id='word_1_344' title='bbox 1784 3573 2043 3629; x_wconf 86' lang='lat' dir='ltr'><strong>procrea-</strong></span> 
     </span>
    </p>
   </div>
   <div class='ocr_carea' id='block_1_54' title="bbox 480 3649 2049 3721">
    <p class='ocr_par' dir='ltr' id='par_1_54' title="bbox 480 3649 2049 3721">
     <span class='ocr_line' id='line_1_54' title="bbox 480 3649 2049 3721; baseline 0.001 -18"><span class='ocrx_word' id='word_1_345' title='bbox 480 3653 582 3717; x_wconf 84' lang='lat' dir='ltr'><strong>vit,</strong></span> <span class='ocrx_word' id='word_1_346' title='bbox 616 3651 711 3707; x_wconf 86' lang='lat' dir='ltr'><strong>sed</strong></span> <span class='ocrx_word' id='word_1_347' title='bbox 743 3665 807 3706; x_wconf 89' lang='lat' dir='ltr'><strong>ea</strong></span> <span class='ocrx_word' id='word_1_348' title='bbox 862 3650 971 3706; x_wconf 91' lang='lat' dir='ltr'><strong>cito</strong></span> <span class='ocrx_word' id='word_1_349' title='bbox 1019 3651 1187 3707; x_wconf 89' lang='lat' dir='ltr'><strong>rebus</strong></span> <span class='ocrx_word' id='word_1_350' title='bbox 1234 3650 1494 3708; x_wconf 88' lang='lat' dir='ltr'><strong>humanis</strong></span> <span class='ocrx_word' id='word_1_351' title='bbox 1547 3650 1809 3707; x_wconf 83' lang='lat' dir='ltr'><strong>excessit.</strong></span> <span class='ocrx_word' id='word_1_352' title='bbox 1863 3649 2049 3721; x_wconf 80' lang='lat' dir='ltr'><strong>Itaque</strong></span> 
     </span>
    </p>
   </div>
   <div class='ocr_carea' id='block_1_55' title="bbox 480 3739 2047 3813">
    <p class='ocr_par' dir='ltr' id='par_1_55' title="bbox 480 3739 2047 3813">
     <span class='ocr_line' id='line_1_55' title="bbox 480 3739 2047 3813; baseline -0.004 -14"><span class='ocrx_word' id='word_1_353' title='bbox 480 3757 608 3799; x_wconf 88' lang='lat' dir='ltr'><strong>cum</strong></span> <span class='ocrx_word' id='word_1_354' title='bbox 654 3743 771 3798; x_wconf 76' lang='lat' dir='ltr'><strong>hate</strong></span> <span class='ocrx_word' id='word_1_355' title='bbox 812 3749 1001 3798; x_wconf 88' lang='lat' dir='ltr'><strong>sancta</strong></span> <span class='ocrx_word' id='word_1_356' title='bbox 1042 3742 1240 3797; x_wconf 88' lang='lat' dir='ltr'><strong>mulier</strong></span> <span class='ocrx_word' id='word_1_357' title='bbox 1280 3742 1580 3813; x_wconf 78' lang='lat' dir='ltr'><strong>migrasset</strong></span> <span class='ocrx_word' id='word_1_358' title='bbox 1611 3740 1680 3796; x_wconf 87' lang='lat' dir='ltr'><strong>ad</strong></span> <span class='ocrx_word' id='word_1_359' title='bbox 1718 3739 2047 3808; x_wconf 87' lang='lat' dir='ltr'><strong>Dominum,</strong></span> 
     </span>
    </p>
   </div>
   <div class='ocr_carea' id='block_1_56' title="bbox 484 3832 2051 3908">
    <p class='ocr_par' dir='ltr' id='par_1_56' title="bbox 484 3832 2051 3908">
     <span class='ocr_line' id='line_1_56' title="bbox 484 3832 2051 3908; baseline -0.001 -18"><span class='ocrx_word' id='word_1_360' title='bbox 484 3834 612 3891; x_wconf 69' lang='lat' dir='ltr'><strong>20a!</strong></span> <span class='ocrx_word' id='word_1_361' title='bbox 642 3835 862 3908; x_wconf 80' lang='lat' dir='ltr'><strong>styliani</strong></span> <span class='ocrx_word' id='word_1_362' title='bbox 896 3834 1168 3898; x_wconf 67' lang='lat' dir='ltr'><strong>Tzautzze,</strong></span> <span class='ocrx_word' id='word_1_363' title='bbox 1196 3835 1287 3905; x_wconf 89' lang='lat' dir='ltr'><strong>qui</strong></span> <span class='ocrx_word' id='word_1_364' title='bbox 1322 3849 1391 3890; x_wconf 88' lang='lat' dir='ltr'><strong>ex</strong></span> <span class='ocrx_word' id='word_1_365' title='bbox 1421 3833 1745 3905; x_wconf 86' lang='lat' dir='ltr'><strong>proceribus</strong></span> <span class='ocrx_word' id='word_1_366' title='bbox 1770 3841 1824 3889; x_wconf 89' lang='lat' dir='ltr'><strong>et</strong></span> <span class='ocrx_word' id='word_1_367' title='bbox 1852 3832 2051 3888; x_wconf 78' lang='lat' dir='ltr'><strong>amicis</strong></span> 
     </span>
    </p>
   </div>
   <div class='ocr_carea' id='block_1_57' title="bbox 482 3926 2049 4001">
    <p class='ocr_par' dir='ltr' id='par_1_57' title="bbox 482 3926 2049 4001">
     <span class='ocr_line' id='line_1_57' title="bbox 482 3926 2049 4001; baseline -0.003 -16"><span class='ocrx_word' id='word_1_368' title='bbox 482 3928 836 4001; x_wconf 86' lang='lat' dir='ltr'><strong>imperatoris</strong></span> <span class='ocrx_word' id='word_1_369' title='bbox 870 3936 1011 3995; x_wconf 85' lang='lat' dir='ltr'><strong>erat,</strong></span> <span class='ocrx_word' id='word_1_370' title='bbox 1050 3930 1177 3983; x_wconf 69' lang='lat' dir='ltr'><strong>ﬁliae</strong></span> <span class='ocrx_word' id='word_1_371' title='bbox 1217 3928 1488 3998; x_wconf 80' lang='lat' dir='ltr'><strong>jungitur.</strong></span> <span class='ocrx_word' id='word_1_372' title='bbox 1518 3928 1616 3982; x_wconf 88' lang='lat' dir='ltr'><strong>illa</strong></span> <span class='ocrx_word' id='word_1_373' title='bbox 1645 3942 1869 3999; x_wconf 87' lang='lat' dir='ltr'><strong>quoque</strong></span> <span class='ocrx_word' id='word_1_374' title='bbox 1896 3926 2049 3982; x_wconf 78' lang='lat' dir='ltr'><strong>brevi</strong></span> 
     </span>
    </p>
   </div>
   <div class='ocr_carea' id='block_1_58' title="bbox 484 4019 2049 4091">
    <p class='ocr_par' dir='ltr' id='par_1_58' title="bbox 484 4019 2049 4091">
     <span class='ocr_line' id='line_1_58' title="bbox 484 4019 2049 4091; baseline -0.003 -16"><span class='ocrx_word' id='word_1_375' title='bbox 484 4019 752 4091; x_wconf 87' lang='lat' dir='ltr'><strong>temporis</strong></span> <span class='ocrx_word' id='word_1_376' title='bbox 796 4021 977 4090; x_wconf 84' lang='lat' dir='ltr'><strong>spatio</strong></span> <span class='ocrx_word' id='word_1_377' title='bbox 1039 4020 1160 4075; x_wconf 90' lang='lat' dir='ltr'><strong>sine</strong></span> <span class='ocrx_word' id='word_1_378' title='bbox 1218 4020 1404 4074; x_wconf 88' lang='lat' dir='ltr'><strong>liberis</strong></span> <span class='ocrx_word' id='word_1_379' title='bbox 1474 4020 1773 4085; x_wconf 81' lang='lat' dir='ltr'><strong>exstincta,</strong></span> <span class='ocrx_word' id='word_1_380' title='bbox 1832 4019 2049 4073; x_wconf 85' lang='lat' dir='ltr'><strong>tertiam</strong></span> 
     </span>
    </p>
   </div>
   <div class='ocr_carea' id='block_1_59' title="bbox 482 4107 2051 4182">
    <p class='ocr_par' dir='ltr' id='par_1_59' title="bbox 482 4107 2051 4182">
     <span class='ocr_line' id='line_1_59' title="bbox 482 4107 2051 4182; baseline -0.003 -14"><span class='ocrx_word' id='word_1_381' title='bbox 482 4113 643 4169; x_wconf 88' lang='lat' dir='ltr'><strong>duxit</strong></span> <span class='ocrx_word' id='word_1_382' title='bbox 701 4128 931 4169; x_wconf 86' lang='lat' dir='ltr'><strong>uxorem</strong></span> <span class='ocrx_word' id='word_1_383' title='bbox 990 4110 1316 4176; x_wconf 83' lang='lat' dir='ltr'><strong>Eudociam,</strong></span> <span class='ocrx_word' id='word_1_384' title='bbox 1386 4126 1453 4167; x_wconf 86' lang='lat' dir='ltr'><strong>ex</strong></span> <span class='ocrx_word' id='word_1_385' title='bbox 1500 4107 1706 4182; x_wconf 88' lang='lat' dir='ltr'><strong>Opsicii</strong></span> <span class='ocrx_word' id='word_1_386' title='bbox 1769 4111 2051 4180; x_wconf 83' lang='lat' dir='ltr'><strong>provincia</strong></span> 
     </span>
    </p>
   </div>
   <div class='ocr_carea' id='block_1_60' title="bbox 482 4198 2056 4267">
    <p class='ocr_par' dir='ltr' id='par_1_60' title="bbox 482 4198 2056 4267">
     <span class='ocr_line' id='line_1_60' title="bbox 482 4198 2056 4267; baseline -0.003 -6"><span class='ocrx_word' id='word_1_387' title='bbox 482 4205 774 4261; x_wconf 87' lang='lat' dir='ltr'><strong>oriundam</strong></span> <span class='ocrx_word' id='word_1_388' title='bbox 806 4205 935 4262; x_wconf 89' lang='lat' dir='ltr'><strong>olitn</strong></span> <span class='ocrx_word' id='word_1_389' title='bbox 963 4204 1113 4259; x_wconf 83' lang='lat' dir='ltr'><strong>dicta</strong></span> <span class='ocrx_word' id='word_1_390' title='bbox 1146 4198 1393 4267; x_wconf 53' lang='lat' dir='ltr'><strong>Miconis,</strong></span> <span class='ocrx_word' id='word_1_391' title='bbox 1432 4203 1621 4257; x_wconf 79' lang='lat' dir='ltr'><strong>formae</strong></span> <span class='ocrx_word' id='word_1_392' title='bbox 1660 4202 1882 4257; x_wconf 87' lang='lat' dir='ltr'><strong>nomine</strong></span> <span class='ocrx_word' id='word_1_393' title='bbox 1914 4201 2056 4257; x_wconf 86' lang='lat' dir='ltr'><strong>sele-</strong></span> 
     </span>
    </p>
   </div>
   <div class='ocr_carea' id='block_1_61' title="bbox 482 4294 2054 4367">
    <p class='ocr_par' dir='ltr' id='par_1_61' title="bbox 482 4294 2054 4367">
     <span class='ocr_line' id='line_1_61' title="bbox 482 4294 2054 4367; baseline -0.004 -13"><span class='ocrx_word' id='word_1_394' title='bbox 482 4307 655 4364; x_wconf 89' lang='lat' dir='ltr'><strong>ctam,</strong></span> <span class='ocrx_word' id='word_1_395' title='bbox 702 4311 825 4367; x_wconf 74' lang='lat' dir='ltr'><strong>quae</strong></span> <span class='ocrx_word' id='word_1_396' title='bbox 865 4296 920 4352; x_wconf 92' lang='lat' dir='ltr'><strong>in</strong></span> <span class='ocrx_word' id='word_1_397' title='bbox 977 4296 1255 4367; x_wconf 89' lang='lat' dir='ltr'><strong>puerperii</strong></span> <span class='ocrx_word' id='word_1_398' title='bbox 1302 4294 1583 4350; x_wconf 87' lang='lat' dir='ltr'><strong>doloribus</strong></span> <span class='ocrx_word' id='word_1_399' title='bbox 1631 4309 1738 4348; x_wconf 84' lang='lat' dir='ltr'><strong>una</strong></span> <span class='ocrx_word' id='word_1_400' title='bbox 1780 4309 1903 4347; x_wconf 88' lang='lat' dir='ltr'><strong>cum</strong></span> <span class='ocrx_word' id='word_1_401' title='bbox 1947 4294 2054 4348; x_wconf 92' lang='lat' dir='ltr'><strong>in-</strong></span> 
     </span>
    </p>
   </div>
   <div class='ocr_carea' id='block_1_62' title="bbox 484 4384 2051 4458">
    <p class='ocr_par' dir='ltr' id='par_1_62' title="bbox 484 4384 2051 4458">
     <span class='ocr_line' id='line_1_62' title="bbox 484 4384 2051 4458; baseline -0.004 -12"><span class='ocrx_word' id='word_1_402' title='bbox 484 4392 635 4448; x_wconf 80' lang='lat' dir='ltr'><strong>fante</strong></span> <span class='ocrx_word' id='word_1_403' title='bbox 681 4390 936 4445; x_wconf 88' lang='lat' dir='ltr'><strong>moritur.</strong></span> <span class='ocrx_word' id='word_1_404' title='bbox 972 4388 1278 4458; x_wconf 82' lang='lat' dir='ltr'><strong>Imperator</strong></span> <span class='ocrx_word' id='word_1_405' title='bbox 1324 4394 1507 4442; x_wconf 86' lang='lat' dir='ltr'><strong>autem</strong></span> <span class='ocrx_word' id='word_1_406' title='bbox 1557 4384 1817 4441; x_wconf 77' lang='lat' dir='ltr'><strong>ineﬂ‘abili</strong></span> <span class='ocrx_word' id='word_1_407' title='bbox 1859 4384 2051 4441; x_wconf 88' lang='lat' dir='ltr'><strong>dolore</strong></span> 
     </span>
    </p>
   </div>
   <div class='ocr_carea' id='block_1_63' title="bbox 2151 1902 3729 1973">
    <p class='ocr_par' dir='ltr' id='par_1_63' title="bbox 2151 1902 3729 1973">
     <span class='ocr_line' id='line_1_63' title="bbox 2151 1902 3729 1973; baseline -0.003 -14"><span class='ocrx_word' id='word_1_408' title='bbox 2151 1904 2358 1959; x_wconf 87' lang='lat' dir='ltr'><strong>sobolis</strong></span> <span class='ocrx_word' id='word_1_409' title='bbox 2390 1904 2651 1958; x_wconf 73' lang='lat' dir='ltr'><strong>habenda:</strong></span> <span class='ocrx_word' id='word_1_410' title='bbox 2699 1904 3001 1969; x_wconf 88' lang='lat' dir='ltr'><strong>desiderio,</strong></span> <span class='ocrx_word' id='word_1_411' title='bbox 3025 1912 3273 1973; x_wconf 84' lang='lat' dir='ltr'><strong>quartam</strong></span> <span class='ocrx_word' id='word_1_412' title='bbox 3321 1916 3539 1973; x_wconf 86' lang='lat' dir='ltr'><strong>quoque</strong></span> <span class='ocrx_word' id='word_1_413' title='bbox 3568 1902 3729 1957; x_wconf 82' lang='lat' dir='ltr'><strong>duxir</strong></span> 
     </span>
    </p>
   </div>
   <div class='ocr_carea' id='block_1_64' title="bbox 2151 1994 3722 2067">
    <p class='ocr_par' dir='ltr' id='par_1_64' title="bbox 2151 1994 3722 2067">
     <span class='ocr_line' id='line_1_64' title="bbox 2151 1994 3722 2067; baseline -0.001 -18"><span class='ocrx_word' id='word_1_414' title='bbox 2151 1996 2295 2052; x_wconf 81' lang='lat' dir='ltr'><strong>Zocn</strong></span> <span class='ocrx_word' id='word_1_415' title='bbox 2345 1995 2841 2067; x_wconf 83' lang='lat' dir='ltr'><strong>Carbonopsinam,</strong></span> <span class='ocrx_word' id='word_1_416' title='bbox 2892 2010 3016 2064; x_wconf 55' lang='lat' dir='ltr'><strong>qua!</strong></span> <span class='ocrx_word' id='word_1_417' title='bbox 3059 1994 3107 2050; x_wconf 90' lang='lat' dir='ltr'><strong>ei</strong></span> <span class='ocrx_word' id='word_1_418' title='bbox 3159 1994 3369 2064; x_wconf 87' lang='lat' dir='ltr'><strong>peperit</strong></span> <span class='ocrx_word' id='word_1_419' title='bbox 3398 1994 3722 2049; x_wconf 77' lang='lat' dir='ltr'><strong>Constanti-</strong></span> 
     </span>
    </p>
   </div>
   <div class='ocr_carea' id='block_1_65' title="bbox 2150 2086 3721 2158">
    <p class='ocr_par' dir='ltr' id='par_1_65' title="bbox 2150 2086 3721 2158">
     <span class='ocr_line' id='line_1_65' title="bbox 2150 2086 3721 2158; baseline -0.003 -14"><span class='ocrx_word' id='word_1_420' title='bbox 2150 2103 2301 2144; x_wconf 88' lang='lat' dir='ltr'><strong>nutn.</strong></span> <span class='ocrx_word' id='word_1_421' title='bbox 2328 2086 2481 2143; x_wconf 88' lang='lat' dir='ltr'><strong>lianc</strong></span> <span class='ocrx_word' id='word_1_422' title='bbox 2503 2088 2573 2143; x_wconf 89' lang='lat' dir='ltr'><strong>ob</strong></span> <span class='ocrx_word' id='word_1_423' title='bbox 2606 2102 2829 2144; x_wconf 84' lang='lat' dir='ltr'><strong>causam</strong></span> <span class='ocrx_word' id='word_1_424' title='bbox 2859 2102 2888 2140; x_wconf 89' lang='lat' dir='ltr'><strong>a</strong></span> <span class='ocrx_word' id='word_1_425' title='bbox 2914 2087 3228 2158; x_wconf 88' lang='lat' dir='ltr'><strong>patriarcha</strong></span> <span class='ocrx_word' id='word_1_426' title='bbox 3273 2095 3327 2141; x_wconf 90' lang='lat' dir='ltr'><strong>et</strong></span> <span class='ocrx_word' id='word_1_427' title='bbox 3354 2086 3477 2142; x_wconf 87' lang='lat' dir='ltr'><strong>aliis</strong></span> <span class='ocrx_word' id='word_1_428' title='bbox 3497 2100 3721 2143; x_wconf 88' lang='lat' dir='ltr'><strong>excom-</strong></span> 
     </span>
    </p>
   </div>
   <div class='ocr_carea' id='block_1_66' title="bbox 2150 2179 3729 2236">
    <p class='ocr_par' dir='ltr' id='par_1_66' title="bbox 2150 2179 3729 2236">
     <span class='ocr_line' id='line_1_66' title="bbox 2150 2179 3729 2236; baseline 0.001 -3"><span class='ocrx_word' id='word_1_429' title='bbox 2150 2181 2484 2234; x_wconf 87' lang='lat' dir='ltr'><strong>municatur.</strong></span> <span class='ocrx_word' id='word_1_430' title='bbox 2519 2179 2654 2234; x_wconf 87' lang='lat' dir='ltr'><strong>Cum</strong></span> <span class='ocrx_word' id='word_1_431' title='bbox 2681 2188 2808 2234; x_wconf 82' lang='lat' dir='ltr'><strong>vero</strong></span> <span class='ocrx_word' id='word_1_432' title='bbox 2866 2179 2937 2235; x_wconf 84' lang='lat' dir='ltr'><strong>de</strong></span> <span class='ocrx_word' id='word_1_433' title='bbox 2985 2179 3333 2235; x_wconf 79' lang='lat' dir='ltr'><strong>absolutione</strong></span> <span class='ocrx_word' id='word_1_434' title='bbox 3380 2196 3488 2235; x_wconf 92' lang='lat' dir='ltr'><strong>non</strong></span> <span class='ocrx_word' id='word_1_435' title='bbox 3520 2190 3729 2236; x_wconf 60' lang='lat' dir='ltr'><strong>convco</strong></span> 
     </span>
    </p>
   </div>
   <div class='ocr_carea' id='block_1_67' title="bbox 2150 2271 3713 2341">
    <p class='ocr_par' dir='ltr' id='par_1_67' title="bbox 2150 2271 3713 2341">
     <span class='ocr_line' id='line_1_67' title="bbox 2150 2271 3713 2341; baseline -0.001 -13"><span class='ocrx_word' id='word_1_436' title='bbox 2150 2275 2313 2337; x_wconf 75' lang='lat' dir='ltr'><strong>niret,</strong></span> <span class='ocrx_word' id='word_1_437' title='bbox 2352 2273 2476 2327; x_wconf 83' lang='lat' dir='ltr'><strong>aliis</strong></span> <span class='ocrx_word' id='word_1_438' title='bbox 2503 2281 2626 2327; x_wconf 84' lang='lat' dir='ltr'><strong>eam</strong></span> <span class='ocrx_word' id='word_1_439' title='bbox 2672 2284 2782 2327; x_wconf 89' lang='lat' dir='ltr'><strong>non</strong></span> <span class='ocrx_word' id='word_1_440' title='bbox 2831 2271 3041 2327; x_wconf 89' lang='lat' dir='ltr'><strong>diutius</strong></span> <span class='ocrx_word' id='word_1_441' title='bbox 3089 2271 3514 2341; x_wconf 83' lang='lat' dir='ltr'><strong>protrahendam</strong></span> <span class='ocrx_word' id='word_1_442' title='bbox 3570 2287 3713 2327; x_wconf 86' lang='lat' dir='ltr'><strong>asse-</strong></span> 
     </span>
    </p>
   </div>
   <div class='ocr_carea' id='block_1_68' title="bbox 2150 2362 3722 2430">
    <p class='ocr_par' dir='ltr' id='par_1_68' title="bbox 2150 2362 3722 2430">
     <span class='ocr_line' id='line_1_68' title="bbox 2150 2362 3722 2430; baseline -0.004 -10"><span class='ocrx_word' id='word_1_443' title='bbox 2150 2366 2424 2429; x_wconf 87' lang='lat' dir='ltr'><strong>rentibus,</strong></span> <span class='ocrx_word' id='word_1_444' title='bbox 2465 2365 2587 2419; x_wconf 86' lang='lat' dir='ltr'><strong>aliis</strong></span> <span class='ocrx_word' id='word_1_445' title='bbox 2622 2375 2729 2418; x_wconf 91' lang='lat' dir='ltr'><strong>non</strong></span> <span class='ocrx_word' id='word_1_446' title='bbox 2770 2362 3223 2427; x_wconf 82' lang='lat' dir='ltr'><strong>assentientibus,</strong></span> <span class='ocrx_word' id='word_1_447' title='bbox 3274 2377 3469 2430; x_wconf 82' lang='lat' dir='ltr'><strong>magna</strong></span> <span class='ocrx_word' id='word_1_448' title='bbox 3494 2362 3722 2418; x_wconf 84' lang='lat' dir='ltr'><strong>dlssidia</strong></span> 
     </span>
    </p>
   </div>
   <div class='ocr_carea' id='block_1_69' title="bbox 2153 2453 3719 2524">
    <p class='ocr_par' dir='ltr' id='par_1_69' title="bbox 2153 2453 3719 2524">
     <span class='ocr_line' id='line_1_69' title="bbox 2153 2453 3719 2524; baseline -0.003 -14"><span class='ocrx_word' id='word_1_449' title='bbox 2153 2456 2299 2512; x_wconf 89' lang='lat' dir='ltr'><strong>inter</strong></span> <span class='ocrx_word' id='word_1_450' title='bbox 2322 2472 2420 2512; x_wconf 89' lang='lat' dir='ltr'><strong>eos</strong></span> <span class='ocrx_word' id='word_1_451' title='bbox 2449 2464 2569 2512; x_wconf 87' lang='lat' dir='ltr'><strong>orta</strong></span> <span class='ocrx_word' id='word_1_452' title='bbox 2601 2459 2771 2520; x_wconf 74' lang='lat' dir='ltr'><strong>sont;</strong></span> <span class='ocrx_word' id='word_1_453' title='bbox 2813 2453 3044 2524; x_wconf 87' lang='lat' dir='ltr'><strong>ideoque</strong></span> <span class='ocrx_word' id='word_1_454' title='bbox 3071 2454 3137 2508; x_wconf 90' lang='lat' dir='ltr'><strong>ad</strong></span> <span class='ocrx_word' id='word_1_455' title='bbox 3170 2453 3449 2524; x_wconf 69' lang='lat' dir='ltr'><strong>pontificis</strong></span> <span class='ocrx_word' id='word_1_456' title='bbox 3487 2454 3719 2508; x_wconf 80' lang='lat' dir='ltr'><strong>Romani</strong></span> 
     </span>
    </p>
   </div>
   <div class='ocr_carea' id='block_1_70' title="bbox 2151 2536 3721 2619">
    <p class='ocr_par' dir='ltr' id='par_1_70' title="bbox 2151 2536 3721 2619">
     <span class='ocr_line' id='line_1_70' title="bbox 2151 2536 3721 2619; baseline -0.004 -16"><span class='ocrx_word' id='word_1_457' title='bbox 2151 2548 2416 2619; x_wconf 88' lang='lat' dir='ltr'><strong>judicium</strong></span> <span class='ocrx_word' id='word_1_458' title='bbox 2468 2552 2814 2603; x_wconf 86' lang='lat' dir='ltr'><strong>concurrunt</strong></span> <span class='ocrx_word' id='word_1_459' title='bbox 2844 2563 2858 2598; x_wconf 89' lang='lat'>:</span> <span class='ocrx_word' id='word_1_460' title='bbox 2907 2560 2937 2597; x_wconf 86' lang='lat' dir='ltr'><strong>a</strong></span> <span class='ocrx_word' id='word_1_461' title='bbox 2979 2557 3091 2614; x_wconf 83' lang='lat' dir='ltr'><strong>quo</strong></span> <span class='ocrx_word' id='word_1_462' title='bbox 3119 2560 3243 2599; x_wconf 89' lang='lat' dir='ltr'><strong>cum</strong></span> <span class='ocrx_word' id='word_1_463' title='bbox 3279 2554 3495 2615; x_wconf 66' lang='lat' dir='ltr'><strong>quarta:</strong></span> <span class='ocrx_word' id='word_1_464' title='bbox 3522 2536 3721 2599; x_wconf 87' lang='lat' dir='ltr'><strong>Leonis</strong></span> 
     </span>
    </p>
   </div>
   <div class='ocr_carea' id='block_1_71' title="bbox 2152 2636 3724 2711">
    <p class='ocr_par' dir='ltr' id='par_1_71' title="bbox 2152 2636 3724 2711">
     <span class='ocr_line' id='line_1_71' title="bbox 2152 2636 3724 2711; baseline -0.003 -17"><span class='ocrx_word' id='word_1_465' title='bbox 2152 2638 2355 2711; x_wconf 70' lang='lat' dir='ltr'><strong>nuptiae</strong></span> <span class='ocrx_word' id='word_1_466' title='bbox 2392 2638 2850 2710; x_wconf 84' lang='lat' dir='ltr'><strong>approbarcntur,</strong></span> <span class='ocrx_word' id='word_1_467' title='bbox 2899 2636 3214 2707; x_wconf 85' lang='lat' dir='ltr'><strong>patriarcha</strong></span> <span class='ocrx_word' id='word_1_468' title='bbox 3254 2651 3362 2691; x_wconf 87' lang='lat' dir='ltr'><strong>non</strong></span> <span class='ocrx_word' id='word_1_469' title='bbox 3412 2636 3724 2691; x_wconf 76' lang='lat' dir='ltr'><strong>assentiens</strong></span> 
     </span>
    </p>
   </div>
   <div class='ocr_carea' id='block_1_72' title="bbox 2151 2728 3733 2800">
    <p class='ocr_par' dir='ltr' id='par_1_72' title="bbox 2151 2728 3733 2800">
     <span class='ocr_line' id='line_1_72' title="bbox 2151 2728 3733 2800; baseline -0.003 -15"><span class='ocrx_word' id='word_1_470' title='bbox 2151 2732 2206 2785; x_wconf 90' lang='lat' dir='ltr'><strong>in</strong></span> <span class='ocrx_word' id='word_1_471' title='bbox 2241 2729 2497 2785; x_wconf 77' lang='lat' dir='ltr'><strong>exsilium</strong></span> <span class='ocrx_word' id='word_1_472' title='bbox 2531 2729 2787 2793; x_wconf 87' lang='lat' dir='ltr'><strong>mittitur,</strong></span> <span class='ocrx_word' id='word_1_473' title='bbox 2828 2736 2884 2784; x_wconf 89' lang='lat' dir='ltr'><strong>et</strong></span> <span class='ocrx_word' id='word_1_474' title='bbox 2915 2728 3243 2800; x_wconf 87' lang='lat' dir='ltr'><strong>Enthymius</strong></span> <span class='ocrx_word' id='word_1_475' title='bbox 3290 2729 3343 2782; x_wconf 91' lang='lat' dir='ltr'><strong>in</strong></span> <span class='ocrx_word' id='word_1_476' title='bbox 3387 2728 3508 2797; x_wconf 84' lang='lat' dir='ltr'><strong>ejus</strong></span> <span class='ocrx_word' id='word_1_477' title='bbox 3545 2730 3733 2783; x_wconf 63' lang='lat' dir='ltr'><strong>locum:</strong></span> 
     </span>
    </p>
   </div>
   <div class='ocr_carea' id='block_1_73' title="bbox 2154 2819 3726 2892">
    <p class='ocr_par' dir='ltr' id='par_1_73' title="bbox 2154 2819 3726 2892">
     <span class='ocr_line' id='line_1_73' title="bbox 2154 2819 3726 2892; baseline -0.003 -15"><span class='ocrx_word' id='word_1_478' title='bbox 2154 2822 2522 2892; x_wconf 73' lang='lat' dir='ltr'><strong>subrogatur;</strong></span> <span class='ocrx_word' id='word_1_479' title='bbox 2562 2823 2657 2891; x_wconf 87' lang='lat' dir='ltr'><strong>qui</strong></span> <span class='ocrx_word' id='word_1_480' title='bbox 2693 2822 2767 2875; x_wconf 88' lang='lat' dir='ltr'><strong>ita</strong></span> <span class='ocrx_word' id='word_1_481' title='bbox 2802 2826 3079 2876; x_wconf 85' lang='lat' dir='ltr'><strong>annuente</strong></span> <span class='ocrx_word' id='word_1_482' title='bbox 3101 2831 3320 2876; x_wconf 84' lang='lat' dir='ltr'><strong>stnnmo</strong></span> <span class='ocrx_word' id='word_1_483' title='bbox 3348 2819 3602 2891; x_wconf 68' lang='lat' dir='ltr'><strong>pontifice</strong></span> <span class='ocrx_word' id='word_1_484' title='bbox 3628 2821 3726 2873; x_wconf 78' lang='lat' dir='ltr'><strong>ini-</strong></span> 
     </span>
    </p>
   </div>
   <div class='ocr_carea' id='block_1_74' title="bbox 2152 2909 3731 2985">
    <p class='ocr_par' dir='ltr' id='par_1_74' title="bbox 2152 2909 3731 2985">
     <span class='ocr_line' id='line_1_74' title="bbox 2152 2909 3731 2985; baseline -0.004 -14"><span class='ocrx_word' id='word_1_485' title='bbox 2152 2914 2461 2985; x_wconf 82' lang='lat' dir='ltr'><strong>peratorem</strong></span> <span class='ocrx_word' id='word_1_486' title='bbox 2524 2927 2556 2969; x_wconf 88' lang='lat' dir='ltr'><strong>a</strong></span> <span class='ocrx_word' id='word_1_487' title='bbox 2608 2909 2830 2969; x_wconf 88' lang='lat' dir='ltr'><strong>vinculo</strong></span> <span class='ocrx_word' id='word_1_488' title='bbox 2864 2914 3078 2975; x_wconf 85' lang='lat' dir='ltr'><strong>liberat.</strong></span> <span class='ocrx_word' id='word_1_489' title='bbox 3105 2918 3159 2968; x_wconf 88' lang='lat' dir='ltr'><strong>et</strong></span> <span class='ocrx_word' id='word_1_490' title='bbox 3196 2912 3250 2967; x_wconf 89' lang='lat' dir='ltr'><strong>in</strong></span> <span class='ocrx_word' id='word_1_491' title='bbox 3277 2912 3731 2967; x_wconf 83' lang='lat' dir='ltr'><strong>communionem-</strong></span> 
     </span>
    </p>
   </div>
   <div class='ocr_carea' id='block_1_75' title="bbox 2152 3001 3730 3062">
    <p class='ocr_par' dir='ltr' id='par_1_75' title="bbox 2152 3001 3730 3062">
     <span class='ocr_line' id='line_1_75' title="bbox 2152 3001 3730 3062; baseline -0.003 -1"><span class='ocrx_word' id='word_1_492' title='bbox 2152 3006 2411 3062; x_wconf 86' lang='lat' dir='ltr'><strong>admittit.</strong></span> <span class='ocrx_word' id='word_1_493' title='bbox 2443 3025 2463 3058; x_wconf 80' lang='grc'><strong>›</strong></span> <span class='ocrx_word' id='word_1_494' title='bbox 2499 3005 2778 3061; x_wconf 81' lang='lat' dir='ltr'><strong>Hactenus</strong></span> <span class='ocrx_word' id='word_1_495' title='bbox 2820 3006 2886 3060; x_wconf 90' lang='lat' dir='ltr'><strong>de</strong></span> <span class='ocrx_word' id='word_1_496' title='bbox 2932 3004 3113 3061; x_wconf 85' lang='lat' dir='ltr'><strong>Leone</strong></span> <span class='ocrx_word' id='word_1_497' title='bbox 3144 3001 3273 3059; x_wconf 84' lang='lat' dir='ltr'><strong>Leo.</strong></span> <span class='ocrx_word' id='word_1_498' title='bbox 3322 3002 3531 3060; x_wconf 65' lang='lat' dir='ltr'><strong>Cretera</strong></span> <span class='ocrx_word' id='word_1_499' title='bbox 3586 3005 3730 3057; x_wconf 82' lang='lat' dir='ltr'><strong>tanti</strong></span> 
     </span>
    </p>
   </div>
   <div class='ocr_carea' id='block_1_76' title="bbox 2152 3097 3019 3169">
    <p class='ocr_par' dir='ltr' id='par_1_76' title="bbox 2152 3097 3019 3169">
     <span class='ocr_line' id='line_1_76' title="bbox 2152 3097 3019 3169; baseline 0 -20"><span class='ocrx_word' id='word_1_500' title='bbox 2152 3097 2417 3169; x_wconf 85' lang='lat' dir='ltr'><strong>principis</strong></span> <span class='ocrx_word' id='word_1_501' title='bbox 2447 3106 2569 3151; x_wconf 91' lang='lat' dir='ltr'><strong>acta</strong></span> <span class='ocrx_word' id='word_1_502' title='bbox 2598 3106 3019 3167; x_wconf 87' lang='lat' dir='ltr'><strong>prosequamur.</strong></span> 
     </span>
    </p>
   </div>
   <div class='ocr_carea' id='block_1_77' title="bbox 2223 3187 3731 3263">
    <p class='ocr_par' dir='ltr' id='par_1_77' title="bbox 2223 3187 3731 3263">
     <span class='ocr_line' id='line_1_77' title="bbox 2223 3187 3731 3263; baseline 0.001 -19"><span class='ocrx_word' id='word_1_503' title='bbox 2223 3194 2360 3245; x_wconf 88' lang='lat' dir='ltr'><strong>Cum</strong></span> <span class='ocrx_word' id='word_1_504' title='bbox 2412 3190 2707 3263; x_wconf 88' lang='lat' dir='ltr'><strong>aliquando</strong></span> <span class='ocrx_word' id='word_1_505' title='bbox 2754 3191 3051 3259; x_wconf 76' lang='lat' dir='ltr'><strong>imperator</strong></span> <span class='ocrx_word' id='word_1_506' title='bbox 3101 3187 3214 3243; x_wconf 87' lang='lat' dir='ltr'><strong>Leo</strong></span> <span class='ocrx_word' id='word_1_507' title='bbox 3275 3197 3381 3243; x_wconf 86' lang='lat' dir='ltr'><strong>una</strong></span> <span class='ocrx_word' id='word_1_508' title='bbox 3443 3204 3567 3243; x_wconf 91' lang='lat' dir='ltr'><strong>cum</strong></span> <span class='ocrx_word' id='word_1_509' title='bbox 3613 3188 3731 3246; x_wconf 81' lang='lat' dir='ltr'><strong>Zoe</strong></span> 
     </span>
    </p>
   </div>
   <div class='ocr_carea' id='block_1_78' title="bbox 2152 3280 3721 3354">
    <p class='ocr_par' dir='ltr' id='par_1_78' title="bbox 2152 3280 3721 3354">
     <span class='ocr_line' id='line_1_78' title="bbox 2152 3280 3721 3354; baseline -0.003 -14"><span class='ocrx_word' id='word_1_510' title='bbox 2152 3300 2325 3340; x_wconf 90' lang='lat' dir='ltr'><strong>uxore</strong></span> <span class='ocrx_word' id='word_1_511' title='bbox 2355 3300 2455 3341; x_wconf 88' lang='lat' dir='ltr'><strong>sua</strong></span> <span class='ocrx_word' id='word_1_512' title='bbox 2505 3286 2557 3338; x_wconf 93' lang='lat' dir='ltr'><strong>in</strong></span> <span class='ocrx_word' id='word_1_513' title='bbox 2607 3283 2815 3354; x_wconf 79' lang='lat' dir='ltr'><strong>praedio</strong></span> <span class='ocrx_word' id='word_1_514' title='bbox 2848 3288 3060 3352; x_wconf 81' lang='lat' dir='ltr'><strong>ageret,</strong></span> <span class='ocrx_word' id='word_1_515' title='bbox 3093 3281 3238 3352; x_wconf 86' lang='lat' dir='ltr'><strong>quod</strong></span> <span class='ocrx_word' id='word_1_516' title='bbox 3281 3280 3527 3335; x_wconf 86' lang='lat' dir='ltr'><strong>Damiani</strong></span> <span class='ocrx_word' id='word_1_517' title='bbox 3560 3295 3721 3336; x_wconf 82' lang='lat' dir='ltr'><strong>voca-</strong></span> 
     </span>
    </p>
   </div>
   <div class='ocr_carea' id='block_1_79' title="bbox 2152 3373 3731 3445">
    <p class='ocr_par' dir='ltr' id='par_1_79' title="bbox 2152 3373 3731 3445">
     <span class='ocr_line' id='line_1_79' title="bbox 2152 3373 3731 3445; baseline -0.001 -14"><span class='ocrx_word' id='word_1_518' title='bbox 2152 3384 2262 3442; x_wconf 89' lang='lat' dir='ltr'><strong>tur,</strong></span> <span class='ocrx_word' id='word_1_519' title='bbox 2300 3384 2355 3432; x_wconf 84' lang='lat' dir='ltr'><strong>et</strong></span> <span class='ocrx_word' id='word_1_520' title='bbox 2381 3376 2722 3432; x_wconf 88' lang='lat' dir='ltr'><strong>domesticus</strong></span> <span class='ocrx_word' id='word_1_521' title='bbox 2754 3373 3083 3445; x_wconf 84' lang='lat' dir='ltr'><strong>quibusdam</strong></span> <span class='ocrx_word' id='word_1_522' title='bbox 3117 3375 3243 3431; x_wconf 85' lang='lat' dir='ltr'><strong>aliis</strong></span> <span class='ocrx_word' id='word_1_523' title='bbox 3272 3374 3731 3443; x_wconf 79' lang='lat' dir='ltr'><strong>conspirantibus</strong></span> 
     </span>
    </p>
   </div>
   <div class='ocr_carea' id='block_1_80' title="bbox 2151 3462 3724 3536">
    <p class='ocr_par' dir='ltr' id='par_1_80' title="bbox 2151 3462 3724 3536">
     <span class='ocr_line' id='line_1_80' title="bbox 2151 3462 3724 3536; baseline -0.003 -11"><span class='ocrx_word' id='word_1_524' title='bbox 2151 3470 2200 3525; x_wconf 89' lang='lat' dir='ltr'><strong>ei</strong></span> <span class='ocrx_word' id='word_1_525' title='bbox 2250 3467 2482 3523; x_wconf 86' lang='lat' dir='ltr'><strong>insidias</strong></span> <span class='ocrx_word' id='word_1_526' title='bbox 2520 3471 2803 3525; x_wconf 82' lang='lat' dir='ltr'><strong>strueret:</strong></span> <span class='ocrx_word' id='word_1_527' title='bbox 2854 3466 2961 3523; x_wconf 80' lang='lat' dir='ltr'><strong>Zoe</strong></span> <span class='ocrx_word' id='word_1_528' title='bbox 2996 3462 3724 3536; x_wconf 85' lang='lat' dir='ltr'><strong>murmuraconjuratorum</strong></span> 
     </span>
    </p>
   </div>
   <div class='ocr_carea' id='block_1_81' title="bbox 2155 3556 3725 3629">
    <p class='ocr_par' dir='ltr' id='par_1_81' title="bbox 2155 3556 3725 3629">
     <span class='ocr_line' id='line_1_81' title="bbox 2155 3556 3725 3629; baseline 0.001 -15"><span class='ocrx_word' id='word_1_529' title='bbox 2155 3560 2459 3625; x_wconf 86' lang='lat' dir='ltr'><strong>inaudivit;</strong></span> <span class='ocrx_word' id='word_1_530' title='bbox 2533 3560 2831 3629; x_wconf 87' lang='lat' dir='ltr'><strong>statimque</strong></span> <span class='ocrx_word' id='word_1_531' title='bbox 2894 3556 3007 3613; x_wconf 91' lang='lat' dir='ltr'><strong>Leo</strong></span> <span class='ocrx_word' id='word_1_532' title='bbox 3050 3560 3347 3626; x_wconf 85' lang='lat' dir='ltr'><strong>excitatus,</strong></span> <span class='ocrx_word' id='word_1_533' title='bbox 3419 3574 3725 3616; x_wconf 82' lang='lat' dir='ltr'><strong>conscenso</strong></span> 
     </span>
    </p>
   </div>
   <div class='ocr_carea' id='block_1_82' title="bbox 2153 3650 3727 3723">
    <p class='ocr_par' dir='ltr' id='par_1_82' title="bbox 2153 3650 3727 3723">
     <span class='ocr_line' id='line_1_82' title="bbox 2153 3650 3727 3723; baseline 0 -16"><span class='ocrx_word' id='word_1_534' title='bbox 2153 3653 2371 3723; x_wconf 80' lang='lat' dir='ltr'><strong>navigio</strong></span> <span class='ocrx_word' id='word_1_535' title='bbox 2401 3662 2432 3708; x_wconf 82' lang='lat' dir='ltr'><strong>a</strong></span> <span class='ocrx_word' id='word_1_536' title='bbox 2462 3650 2729 3708; x_wconf 75' lang='lat' dir='ltr'><strong>Fontibus</strong></span> <span class='ocrx_word' id='word_1_537' title='bbox 2778 3652 2832 3707; x_wconf 90' lang='lat' dir='ltr'><strong>in</strong></span> <span class='ocrx_word' id='word_1_538' title='bbox 2881 3652 3141 3723; x_wconf 83' lang='lat' dir='ltr'><strong>palatium</strong></span> <span class='ocrx_word' id='word_1_539' title='bbox 3172 3651 3383 3721; x_wconf 83' lang='lat' dir='ltr'><strong>trajecit</strong></span> <span class='ocrx_word' id='word_1_540' title='bbox 3410 3692 3423 3717; x_wconf 94' lang='lat'><strong>,</strong></span> <span class='ocrx_word' id='word_1_541' title='bbox 3466 3668 3531 3706; x_wconf 92' lang='lat' dir='ltr'><strong>ac</strong></span> <span class='ocrx_word' id='word_1_542' title='bbox 3556 3651 3727 3707; x_wconf 64' lang='lat' dir='ltr'><strong>Joanc</strong></span> 
     </span>
    </p>
   </div>
   <div class='ocr_carea' id='block_1_83' title="bbox 2153 3744 3724 3816">
    <p class='ocr_par' dir='ltr' id='par_1_83' title="bbox 2153 3744 3724 3816">
     <span class='ocr_line' id='line_1_83' title="bbox 2153 3744 3724 3816; baseline 0 -15"><span class='ocrx_word' id='word_1_543' title='bbox 2153 3762 2274 3802; x_wconf 87' lang='lat' dir='ltr'><strong>nem</strong></span> <span class='ocrx_word' id='word_1_544' title='bbox 2312 3745 2531 3816; x_wconf 90' lang='lat' dir='ltr'><strong>quidem</strong></span> <span class='ocrx_word' id='word_1_545' title='bbox 2580 3744 2744 3815; x_wconf 71' lang='lat' dir='ltr'><strong>Bigis:</strong></span> <span class='ocrx_word' id='word_1_546' title='bbox 2779 3744 3164 3816; x_wconf 76' lang='lat' dir='ltr'><strong>Drungarium,</strong></span> <span class='ocrx_word' id='word_1_547' title='bbox 3196 3745 3341 3814; x_wconf 90' lang='lat' dir='ltr'><strong>quod</strong></span> <span class='ocrx_word' id='word_1_548' title='bbox 3388 3744 3461 3802; x_wconf 79' lang='lat' dir='ltr'><strong>ab</strong></span> <span class='ocrx_word' id='word_1_549' title='bbox 3486 3761 3550 3801; x_wconf 90' lang='lat' dir='ltr'><strong>eo</strong></span> <span class='ocrx_word' id='word_1_550' title='bbox 3581 3746 3724 3802; x_wconf 88' lang='lat' dir='ltr'><strong>indi-</strong></span> 
     </span>
    </p>
   </div>
   <div class='ocr_carea' id='block_1_84' title="bbox 2152 3834 3298 3910">
    <p class='ocr_par' dir='ltr' id='par_1_84' title="bbox 2152 3834 3298 3910">
     <span class='ocr_line' id='line_1_84' title="bbox 2152 3834 3298 3910; baseline -0.002 -17"><span class='ocrx_word' id='word_1_551' title='bbox 2152 3840 2385 3910; x_wconf 79' lang='lat' dir='ltr'><strong>ligenter</strong></span> <span class='ocrx_word' id='word_1_552' title='bbox 2415 3844 2561 3893; x_wconf 88' lang='lat' dir='ltr'><strong>esset</strong></span> <span class='ocrx_word' id='word_1_553' title='bbox 2588 3838 2918 3903; x_wconf 86' lang='lat' dir='ltr'><strong>custoditus,</strong></span> <span class='ocrx_word' id='word_1_554' title='bbox 2949 3834 3071 3893; x_wconf 86' lang='lat' dir='ltr'><strong>loco</strong></span> <span class='ocrx_word' id='word_1_555' title='bbox 3108 3839 3298 3892; x_wconf 87' lang='lat' dir='ltr'><strong>movit.</strong></span> 
     </span>
    </p>
   </div>
   <div class='ocr_carea' id='block_1_85' title="bbox 2224 3926 3722 4000">
    <p class='ocr_par' dir='ltr' id='par_1_85' title="bbox 2224 3926 3722 4000">
     <span class='ocr_line' id='line_1_85' title="bbox 2224 3926 3722 4000; baseline 0.002 -18"><span class='ocrx_word' id='word_1_556' title='bbox 2224 3929 2395 3984; x_wconf 86' lang='lat' dir='ltr'><strong>Porro</strong></span> <span class='ocrx_word' id='word_1_557' title='bbox 2428 3928 2662 3984; x_wconf 89' lang='lat' dir='ltr'><strong>Basilius</strong></span> <span class='ocrx_word' id='word_1_558' title='bbox 2690 3929 3037 3999; x_wconf 88' lang='lat' dir='ltr'><strong>imperatoris</strong></span> <span class='ocrx_word' id='word_1_559' title='bbox 3079 3929 3325 4000; x_wconf 85' lang='lat' dir='ltr'><strong>Epeicta,</strong></span> <span class='ocrx_word' id='word_1_560' title='bbox 3368 3945 3491 3987; x_wconf 89' lang='lat' dir='ltr'><strong>cum</strong></span> <span class='ocrx_word' id='word_1_561' title='bbox 3522 3926 3722 3986; x_wconf 76' lang='lat' dir='ltr'><strong>caedem</strong></span> 
     </span>
    </p>
   </div>
   <div class='ocr_carea' id='block_1_86' title="bbox 2156 4018 3727 4087">
    <p class='ocr_par' dir='ltr' id='par_1_86' title="bbox 2156 4018 3727 4087">
     <span class='ocr_line' id='line_1_86' title="bbox 2156 4018 3727 4087; baseline 0.002 -12"><span class='ocrx_word' id='word_1_562' title='bbox 2156 4019 2324 4076; x_wconf 89' lang='lat' dir='ltr'><strong>Leoni</strong></span> <span class='ocrx_word' id='word_1_563' title='bbox 2374 4018 2818 4087; x_wconf 82' lang='lat' dir='ltr'><strong>ntacbinaretur,</strong></span> <span class='ocrx_word' id='word_1_564' title='bbox 2862 4030 3122 4076; x_wconf 83' lang='lat' dir='ltr'><strong>arcanum</strong></span> <span class='ocrx_word' id='word_1_565' title='bbox 3159 4039 3321 4078; x_wconf 91' lang='lat' dir='ltr'><strong>suum</strong></span> <span class='ocrx_word' id='word_1_566' title='bbox 3354 4022 3605 4078; x_wconf 78' lang='lat' dir='ltr'><strong>Samonae</strong></span> <span class='ocrx_word' id='word_1_567' title='bbox 3632 4039 3727 4078; x_wconf 77' lang='lat' dir='ltr'><strong>ex-</strong></span> 
     </span>
    </p>
   </div>
   <div class='ocr_carea' id='block_1_87' title="bbox 2156 4112 3726 4184">
    <p class='ocr_par' dir='ltr' id='par_1_87' title="bbox 2156 4112 3726 4184">
     <span class='ocr_line' id='line_1_87' title="bbox 2156 4112 3726 4184; baseline 0.001 -16"><span class='ocrx_word' id='word_1_568' title='bbox 2156 4112 2338 4184; x_wconf 87' lang='lat' dir='ltr'><strong>posuit</strong></span> <span class='ocrx_word' id='word_1_569' title='bbox 2362 4112 2723 4177; x_wconf 85' lang='lat' dir='ltr'><strong>cubicuiario,</strong></span> <span class='ocrx_word' id='word_1_570' title='bbox 2753 4114 2961 4183; x_wconf 77' lang='lat' dir='ltr'><strong>origine</strong></span> <span class='ocrx_word' id='word_1_571' title='bbox 2994 4114 3264 4183; x_wconf 76' lang='lat' dir='ltr'><strong>Agarenn.</strong></span> <span class='ocrx_word' id='word_1_572' title='bbox 3307 4114 3577 4170; x_wconf 83' lang='lat' dir='ltr'><strong>Sainonas</strong></span> <span class='ocrx_word' id='word_1_573' title='bbox 3611 4124 3726 4169; x_wconf 85' lang='lat' dir='ltr'><strong>sta-</strong></span> 
     </span>
    </p>
   </div>
   <div class='ocr_carea' id='block_1_88' title="bbox 2157 4205 3721 4277">
    <p class='ocr_par' dir='ltr' id='par_1_88' title="bbox 2157 4205 3721 4277">
     <span class='ocr_line' id='line_1_88' title="bbox 2157 4205 3721 4277; baseline 0.001 -17"><span class='ocrx_word' id='word_1_574' title='bbox 2157 4205 2251 4260; x_wconf 92' lang='lat' dir='ltr'><strong>tim</strong></span> <span class='ocrx_word' id='word_1_575' title='bbox 2286 4206 2603 4277; x_wconf 84' lang='lat' dir='ltr'><strong>imperatori</strong></span> <span class='ocrx_word' id='word_1_576' title='bbox 2636 4213 2803 4260; x_wconf 89' lang='lat' dir='ltr'><strong>totam</strong></span> <span class='ocrx_word' id='word_1_577' title='bbox 2843 4206 3165 4261; x_wconf 83' lang='lat' dir='ltr'><strong>insidiarum</strong></span> <span class='ocrx_word' id='word_1_578' title='bbox 3199 4207 3464 4261; x_wconf 87' lang='lat' dir='ltr'><strong>rationem</strong></span> <span class='ocrx_word' id='word_1_579' title='bbox 3498 4206 3721 4263; x_wconf 88' lang='lat' dir='ltr'><strong>detexit.</strong></span> 
     </span>
    </p>
   </div>
   <div class='ocr_carea' id='block_1_89' title="bbox 2160 4285 3723 4369">
    <p class='ocr_par' dir='ltr' id='par_1_89' title="bbox 2160 4285 3723 4369">
     <span class='ocr_line' id='line_1_89' title="bbox 2160 4285 3723 4369; baseline 0.002 -18"><span class='ocrx_word' id='word_1_580' title='bbox 2160 4298 2459 4369; x_wconf 88' lang='lat' dir='ltr'><strong>imperator</strong></span> <span class='ocrx_word' id='word_1_581' title='bbox 2489 4299 2635 4353; x_wconf 92' lang='lat' dir='ltr'><strong>illico</strong></span> <span class='ocrx_word' id='word_1_582' title='bbox 2662 4298 2919 4353; x_wconf 80' lang='lat' dir='ltr'><strong>Basilium</strong></span> <span class='ocrx_word' id='word_1_583' title='bbox 2954 4298 3008 4352; x_wconf 80' lang='lat' dir='ltr'><strong>in</strong></span> <span class='ocrx_word' id='word_1_584' title='bbox 3036 4299 3408 4352; x_wconf 78' lang='lat' dir='ltr'><strong>Macedmiiam</strong></span> <span class='ocrx_word' id='word_1_585' title='bbox 3446 4285 3723 4365; x_wconf 79' lang='lat' dir='ltr'><strong>amandat,</strong></span> 
     </span>
    </p>
   </div>
   <div class='ocr_carea' id='block_1_90' title="bbox 2158 4388 3726 4459">
    <p class='ocr_par' dir='ltr' id='par_1_90' title="bbox 2158 4388 3726 4459">
     <span class='ocr_line' id='line_1_90' title="bbox 2158 4388 3726 4459; baseline 0.002 -19"><span class='ocrx_word' id='word_1_586' title='bbox 2158 4388 2321 4443; x_wconf 85' lang='lat' dir='ltr'><strong>veluti</strong></span> <span class='ocrx_word' id='word_1_587' title='bbox 2360 4388 2483 4443; x_wconf 70' lang='lat' dir='ltr'><strong>Zoze</strong></span> <span class='ocrx_word' id='word_1_588' title='bbox 2517 4388 2881 4458; x_wconf 88' lang='lat' dir='ltr'><strong>imperatricis</strong></span> <span class='ocrx_word' id='word_1_589' title='bbox 2913 4389 3091 4443; x_wconf 82' lang='lat' dir='ltr'><strong>amitae</strong></span> <span class='ocrx_word' id='word_1_590' title='bbox 3123 4402 3257 4452; x_wconf 61' lang='lat' dir='ltr'><strong>sua),</strong></span> <span class='ocrx_word' id='word_1_591' title='bbox 3286 4404 3315 4443; x_wconf 92' lang='lat' dir='ltr'><strong>c</strong></span> <span class='ocrx_word' id='word_1_592' title='bbox 3349 4389 3487 4445; x_wconf 81' lang='lat' dir='ltr'><strong>vivis</strong></span> <span class='ocrx_word' id='word_1_593' title='bbox 3540 4404 3726 4459; x_wconf 74' lang='lat' dir='ltr'><strong>egres-</strong></span> 
     </span>
    </p>
   </div>
   <div class='ocr_carea' id='block_1_91' title="bbox 481 4474 3724 4553">
    <p class='ocr_par' dir='ltr' id='par_1_91' title="bbox 481 4474 3724 4553">
     <span class='ocr_line' id='line_1_91' title="bbox 481 4474 3724 4553; baseline -0.002 -15"><span class='ocrx_word' id='word_1_594' title='bbox 481 4490 793 4552; x_wconf 84' lang='lat' dir='ltr'><strong>correptus,</strong></span> <span class='ocrx_word' id='word_1_595' title='bbox 822 4480 970 4553; x_wconf 86' lang='lat' dir='ltr'><strong>quod</strong></span> <span class='ocrx_word' id='word_1_596' title='bbox 1012 4480 1191 4534; x_wconf 84' lang='lat' dir='ltr'><strong>nullos</strong></span> <span class='ocrx_word' id='word_1_597' title='bbox 1234 4479 1551 4535; x_wconf 83' lang='lat' dir='ltr'><strong>sustulisset</strong></span> <span class='ocrx_word' id='word_1_598' title='bbox 1588 4478 1814 4540; x_wconf 88' lang='lat' dir='ltr'><strong>liberos,</strong></span> <span class='ocrx_word' id='word_1_599' title='bbox 1854 4492 2046 4532; x_wconf 89' lang='lat' dir='ltr'><strong>eorum</strong></span> <span class='ocrx_word' id='word_1_600' title='bbox 2088 4495 2129 4551; x_wconf 81' lang='grc' dir='ltr'><strong>ι)</strong></span> <span class='ocrx_word' id='word_1_601' title='bbox 2161 4494 2255 4545; x_wconf 75' lang='lat' dir='ltr'><strong>ste,</strong></span> <span class='ocrx_word' id='word_1_602' title='bbox 2306 4474 2380 4534; x_wconf 85' lang='lat' dir='ltr'><strong>ibi</strong></span> <span class='ocrx_word' id='word_1_603' title='bbox 2428 4480 2578 4549; x_wconf 88' lang='lat' dir='ltr'><strong>justa</strong></span> <span class='ocrx_word' id='word_1_604' title='bbox 2625 4487 2969 4535; x_wconf 88' lang='lat' dir='ltr'><strong>curaturum.</strong></span> <span class='ocrx_word' id='word_1_605' title='bbox 3018 4480 3187 4534; x_wconf 86' lang='lat' dir='ltr'><strong>Paulo</strong></span> <span class='ocrx_word' id='word_1_606' title='bbox 3232 4488 3354 4548; x_wconf 84' lang='lat' dir='ltr'><strong>post</strong></span> <span class='ocrx_word' id='word_1_607' title='bbox 3412 4488 3724 4534; x_wconf 87' lang='lat' dir='ltr'><strong>revocatum</strong></span> 
     </span>
    </p>
   </div>
   <div class='ocr_carea' id='block_1_92' title="bbox 481 4568 2055 4647">
    <p class='ocr_par' dir='ltr' id='par_1_92' title="bbox 481 4568 2055 4647">
     <span class='ocr_line' id='line_1_92' title="bbox 481 4568 2055 4647; baseline -0.003 -20"><span class='ocrx_word' id='word_1_608' title='bbox 481 4573 883 4647; x_wconf 66' lang='lat' dir='ltr'><strong>gignendorum</strong></span> <span class='ocrx_word' id='word_1_609' title='bbox 946 4568 1220 4626; x_wconf 83' lang='lat' dir='ltr'><strong>desiderio</strong></span> <span class='ocrx_word' id='word_1_610' title='bbox 1288 4576 1545 4640; x_wconf 82' lang='lat' dir='ltr'><strong>quartam</strong></span> <span class='ocrx_word' id='word_1_611' title='bbox 1608 4584 1830 4639; x_wconf 85' lang='lat' dir='ltr'><strong>quoque</strong></span> <span class='ocrx_word' id='word_1_612' title='bbox 1894 4568 2055 4623; x_wconf 84' lang='lat' dir='ltr'><strong>duxit</strong></span> 
     </span>
    </p>
   </div>
   <div class='ocr_carea' id='block_1_93' title="bbox 485 4658 2050 4730">
    <p class='ocr_par' dir='ltr' id='par_1_93' title="bbox 485 4658 2050 4730">
     <span class='ocr_line' id='line_1_93' title="bbox 485 4658 2050 4730; baseline -0.003 -10"><span class='ocrx_word' id='word_1_613' title='bbox 485 4675 712 4721; x_wconf 85' lang='lat' dir='ltr'><strong>uxorem</strong></span> <span class='ocrx_word' id='word_1_614' title='bbox 754 4663 920 4718; x_wconf 84' lang='lat' dir='ltr'><strong>Zoam</strong></span> <span class='ocrx_word' id='word_1_615' title='bbox 964 4661 1395 4730; x_wconf 74' lang='lat' dir='ltr'><strong>Carbonopsinte</strong></span> <span class='ocrx_word' id='word_1_616' title='bbox 1438 4659 1628 4723; x_wconf 76' lang='lat' dir='ltr'><strong>tiliam,</strong></span> <span class='ocrx_word' id='word_1_617' title='bbox 1664 4675 1784 4729; x_wconf 68' lang='lat' dir='ltr'><strong>qute</strong></span> <span class='ocrx_word' id='word_1_618' title='bbox 1818 4659 1865 4715; x_wconf 89' lang='lat' dir='ltr'><strong>ei</strong></span> <span class='ocrx_word' id='word_1_619' title='bbox 1905 4658 2050 4715; x_wconf 83' lang='lat' dir='ltr'><strong>Con—</strong></span> 
     </span>
    </p>
   </div>
   <div class='ocr_carea' id='block_1_94' title="bbox 484 4749 2053 4825">
    <p class='ocr_par' dir='ltr' id='par_1_94' title="bbox 484 4749 2053 4825">
     <span class='ocr_line' id='line_1_94' title="bbox 484 4749 2053 4825; baseline -0.006 -12"><span class='ocrx_word' id='word_1_620' title='bbox 484 4758 786 4813; x_wconf 83' lang='lat' dir='ltr'><strong>stantinunt</strong></span> <span class='ocrx_word' id='word_1_621' title='bbox 844 4753 1009 4825; x_wconf 88' lang='lat' dir='ltr'><strong>parit.</strong></span> <span class='ocrx_word' id='word_1_622' title='bbox 1056 4750 1257 4807; x_wconf 72' lang='lat' dir='ltr'><strong>Verum</strong></span> <span class='ocrx_word' id='word_1_623' title='bbox 1306 4752 1620 4821; x_wconf 82' lang='lat' dir='ltr'><strong>patriarcha</strong></span> <span class='ocrx_word' id='word_1_624' title='bbox 1673 4749 1950 4815; x_wconf 83' lang='lat' dir='ltr'><strong>Nicotaus,</strong></span> <span class='ocrx_word' id='word_1_625' title='bbox 1999 4757 2053 4805; x_wconf 89' lang='lat' dir='ltr'><strong>et</strong></span> 
     </span>
    </p>
   </div>
   <div class='ocr_carea' id='block_1_95' title="bbox 485 4839 2053 4915">
    <p class='ocr_par' dir='ltr' id='par_1_95' title="bbox 485 4839 2053 4915">
     <span class='ocr_line' id='line_1_95' title="bbox 485 4839 2053 4915; baseline -0.006 -12"><span class='ocrx_word' id='word_1_626' title='bbox 485 4844 897 4915; x_wconf 85' lang='lat' dir='ltr'><strong>metropolitani</strong></span> <span class='ocrx_word' id='word_1_627' title='bbox 936 4843 1328 4912; x_wconf 84' lang='lat' dir='ltr'><strong>imperatorem</strong></span> <span class='ocrx_word' id='word_1_628' title='bbox 1359 4840 1429 4895; x_wconf 86' lang='lat' dir='ltr'><strong>ab</strong></span> <span class='ocrx_word' id='word_1_629' title='bbox 1462 4839 1706 4895; x_wconf 81' lang='lat' dir='ltr'><strong>Ecclesia</strong></span> <span class='ocrx_word' id='word_1_630' title='bbox 1741 4849 2053 4911; x_wconf 73' lang='lat' dir='ltr'><strong>segregant,</strong></span> 
     </span>
    </p>
   </div>
   <div class='ocr_carea' id='block_1_96' title="bbox 394 4931 2053 5008">
    <p class='ocr_par' dir='ltr' id='par_1_96' title="bbox 394 4931 2053 5008">
     <span class='ocr_line' id='line_1_96' title="bbox 394 4931 2053 5008; baseline -0.007 -13"><span class='ocrx_word' id='word_1_631' title='bbox 394 4966 397 4967; x_wconf 52' lang='grc' dir='ltr'><em>ν</em></span> <span class='ocrx_word' id='word_1_632' title='bbox 484 4952 716 5008; x_wconf 85' lang='lat' dir='ltr'><strong>eamque</strong></span> <span class='ocrx_word' id='word_1_633' title='bbox 758 4935 1198 5007; x_wconf 74' lang='lat' dir='ltr'><strong>segregationem</strong></span> <span class='ocrx_word' id='word_1_634' title='bbox 1246 4931 1497 4987; x_wconf 88' lang='lat' dir='ltr'><strong>nonnulli</strong></span> <span class='ocrx_word' id='word_1_635' title='bbox 1534 4932 1852 5002; x_wconf 85' lang='lat' dir='ltr'><strong>pontiﬁcum</strong></span> <span class='ocrx_word' id='word_1_636' title='bbox 1902 4933 2053 4985; x_wconf 87' lang='lat' dir='ltr'><strong>brevi</strong></span> 
     </span>
    </p>
   </div>
   <div class='ocr_carea' id='block_1_97' title="bbox 485 5026 2057 5103">
    <p class='ocr_par' dir='ltr' id='par_1_97' title="bbox 485 5026 2057 5103">
     <span class='ocr_line' id='line_1_97' title="bbox 485 5026 2057 5103; baseline -0.006 -16"><span class='ocrx_word' id='word_1_637' title='bbox 485 5032 671 5103; x_wconf 83' lang='lat' dir='ltr'><strong>spatio</strong></span> <span class='ocrx_word' id='word_1_638' title='bbox 699 5027 1092 5091; x_wconf 81' lang='lat' dir='ltr'><strong>deliniendam,</strong></span> <span class='ocrx_word' id='word_1_639' title='bbox 1124 5041 1233 5081; x_wconf 91' lang='lat' dir='ltr'><strong>non</strong></span> <span class='ocrx_word' id='word_1_640' title='bbox 1273 5026 1328 5080; x_wconf 88' lang='lat' dir='ltr'><strong>in</strong></span> <span class='ocrx_word' id='word_1_641' title='bbox 1378 5027 1597 5095; x_wconf 77' lang='lat' dir='ltr'><strong>longum</strong></span> <span class='ocrx_word' id='word_1_642' title='bbox 1629 5034 1844 5095; x_wconf 88' lang='lat' dir='ltr'><strong>tempus</strong></span> <span class='ocrx_word' id='word_1_643' title='bbox 1868 5032 2057 5079; x_wconf 82' lang='lat' dir='ltr'><strong>exten-</strong></span> 
     </span>
    </p>
   </div>
   <div class='ocr_carea' id='block_1_98' title="bbox 487 5115 2056 5183">
    <p class='ocr_par' dir='ltr' id='par_1_98' title="bbox 487 5115 2056 5183">
     <span class='ocr_line' id='line_1_98' title="bbox 487 5115 2056 5183; baseline -0.006 -4"><span class='ocrx_word' id='word_1_644' title='bbox 487 5121 724 5179; x_wconf 84' lang='lat' dir='ltr'><strong>dendam</strong></span> <span class='ocrx_word' id='word_1_645' title='bbox 773 5119 1016 5183; x_wconf 83' lang='lat' dir='ltr'><strong>aiebant,</strong></span> <span class='ocrx_word' id='word_1_646' title='bbox 1049 5117 1159 5171; x_wconf 88' lang='lat' dir='ltr'><strong>illis</strong></span> <span class='ocrx_word' id='word_1_647' title='bbox 1206 5116 1262 5171; x_wconf 91' lang='lat' dir='ltr'><strong>in</strong></span> <span class='ocrx_word' id='word_1_648' title='bbox 1310 5118 1415 5170; x_wconf 88' lang='lat' dir='ltr'><strong>boc</strong></span> <span class='ocrx_word' id='word_1_649' title='bbox 1451 5130 1559 5168; x_wconf 92' lang='lat' dir='ltr'><strong>non</strong></span> <span class='ocrx_word' id='word_1_650' title='bbox 1603 5115 2056 5170; x_wconf 85' lang='lat' dir='ltr'><strong>assentientibus.</strong></span> 
     </span>
    </p>
   </div>
   <div class='ocr_carea' id='block_1_99' title="bbox 487 5206 2057 5288">
    <p class='ocr_par' dir='ltr' id='par_1_99' title="bbox 487 5206 2057 5288">
     <span class='ocr_line' id='line_1_99' title="bbox 487 5206 2057 5288; baseline -0.006 -17"><span class='ocrx_word' id='word_1_651' title='bbox 487 5216 679 5288; x_wconf 82' lang='lat' dir='ltr'><strong>itaque</strong></span> <span class='ocrx_word' id='word_1_652' title='bbox 706 5210 939 5268; x_wconf 87' lang='lat' dir='ltr'><strong>dissidia</strong></span> <span class='ocrx_word' id='word_1_653' title='bbox 971 5210 1114 5265; x_wconf 89' lang='lat' dir='ltr'><strong>inter</strong></span> <span class='ocrx_word' id='word_1_654' title='bbox 1146 5222 1244 5263; x_wconf 88' lang='lat' dir='ltr'><strong>eos</strong></span> <span class='ocrx_word' id='word_1_655' title='bbox 1276 5215 1435 5263; x_wconf 84' lang='lat' dir='ltr'><strong>erant</strong></span> <span class='ocrx_word' id='word_1_656' title='bbox 1494 5221 1803 5278; x_wconf 80' lang='lat' dir='ltr'><strong>magnaque</strong></span> <span class='ocrx_word' id='word_1_657' title='bbox 1834 5206 2057 5262; x_wconf 82' lang='lat' dir='ltr'><strong>seditio:</strong></span> 
     </span>
    </p>
   </div>
   <div class='ocr_carea' id='block_1_100' title="bbox 488 5300 2061 5381">
    <p class='ocr_par' dir='ltr' id='par_1_100' title="bbox 488 5300 2061 5381">
     <span class='ocr_line' id='line_1_100' title="bbox 488 5300 2061 5381; baseline -0.006 -15"><span class='ocrx_word' id='word_1_658' title='bbox 488 5318 653 5381; x_wconf 82' lang='lat' dir='ltr'><strong>atque</strong></span> <span class='ocrx_word' id='word_1_659' title='bbox 707 5306 1093 5377; x_wconf 88' lang='lat' dir='ltr'><strong>imperatorem</strong></span> <span class='ocrx_word' id='word_1_660' title='bbox 1170 5312 1496 5373; x_wconf 73' lang='lat' dir='ltr'><strong>magnopere</strong></span> <span class='ocrx_word' id='word_1_661' title='bbox 1552 5300 1935 5369; x_wconf 82' lang='lat' dir='ltr'><strong>deprecantem</strong></span> <span class='ocrx_word' id='word_1_662' title='bbox 2004 5309 2061 5357; x_wconf 85' lang='lat' dir='ltr'><strong>et</strong></span> 
     </span>
    </p>
   </div>
   <div class='ocr_carea' id='block_1_101' title="bbox 489 5391 2059 5465">
    <p class='ocr_par' dir='ltr' id='par_1_101' title="bbox 489 5391 2059 5465">
     <span class='ocr_line' id='line_1_101' title="bbox 489 5391 2059 5465; baseline -0.006 -8"><span class='ocrx_word' id='word_1_663' title='bbox 489 5410 735 5457; x_wconf 82' lang='lat' dir='ltr'><strong>orantem</strong></span> <span class='ocrx_word' id='word_1_664' title='bbox 766 5397 857 5452; x_wconf 88' lang='lat' dir='ltr'><strong>alii</strong></span> <span class='ocrx_word' id='word_1_665' title='bbox 890 5394 1248 5465; x_wconf 88' lang='lat' dir='ltr'><strong>recipiebant,</strong></span> <span class='ocrx_word' id='word_1_666' title='bbox 1285 5393 1378 5446; x_wconf 83' lang='lat' dir='ltr'><strong>alii</strong></span> <span class='ocrx_word' id='word_1_667' title='bbox 1408 5392 1813 5448; x_wconf 84' lang='lat' dir='ltr'><strong>contumaciter</strong></span> <span class='ocrx_word' id='word_1_668' title='bbox 1844 5391 2059 5462; x_wconf 87' lang='lat' dir='ltr'><strong>rejicie-</strong></span> 
     </span>
    </p>
   </div>
   <div class='ocr_carea' id='block_1_102' title="bbox 490 5485 2056 5557">
    <p class='ocr_par' dir='ltr' id='par_1_102' title="bbox 490 5485 2056 5557">
     <span class='ocr_line' id='line_1_102' title="bbox 490 5485 2056 5557; baseline -0.005 -9"><span class='ocrx_word' id='word_1_669' title='bbox 490 5495 638 5549; x_wconf 79' lang='lat' dir='ltr'><strong>bant.</strong></span> <span class='ocrx_word' id='word_1_670' title='bbox 681 5492 817 5545; x_wconf 88' lang='lat' dir='ltr'><strong>Cum</strong></span> <span class='ocrx_word' id='word_1_671' title='bbox 858 5496 1043 5544; x_wconf 85' lang='lat' dir='ltr'><strong>autem</strong></span> <span class='ocrx_word' id='word_1_672' title='bbox 1079 5487 1335 5557; x_wconf 88' lang='lat' dir='ltr'><strong>princeps</strong></span> <span class='ocrx_word' id='word_1_673' title='bbox 1373 5485 1488 5555; x_wconf 84' lang='lat' dir='ltr'><strong>ipse</strong></span> <span class='ocrx_word' id='word_1_674' title='bbox 1514 5485 1756 5556; x_wconf 87' lang='lat' dir='ltr'><strong>prudens</strong></span> <span class='ocrx_word' id='word_1_675' title='bbox 1780 5498 1947 5550; x_wconf 88' lang='lat' dir='ltr'><strong>esset,</strong></span> <span class='ocrx_word' id='word_1_676' title='bbox 1975 5498 2056 5541; x_wconf 91' lang='lat' dir='ltr'><strong>at-</strong></span> 
     </span>
    </p>
   </div>
   <div class='ocr_carea' id='block_1_103' title="bbox 488 5579 2053 5657">
    <p class='ocr_par' dir='ltr' id='par_1_103' title="bbox 488 5579 2053 5657">
     <span class='ocr_line' id='line_1_103' title="bbox 488 5579 2053 5657; baseline -0.006 -17"><span class='ocrx_word' id='word_1_677' title='bbox 488 5601 597 5657; x_wconf 87' lang='lat' dir='ltr'><strong>que</strong></span> <span class='ocrx_word' id='word_1_678' title='bbox 647 5584 794 5639; x_wconf 90' lang='lat' dir='ltr'><strong>unde</strong></span> <span class='ocrx_word' id='word_1_679' title='bbox 836 5581 1113 5639; x_wconf 83' lang='lat' dir='ltr'><strong>discordia</strong></span> <span class='ocrx_word' id='word_1_680' title='bbox 1165 5579 1487 5650; x_wconf 78' lang='lat' dir='ltr'><strong>pontiﬁcum</strong></span> <span class='ocrx_word' id='word_1_681' title='bbox 1539 5590 1660 5633; x_wconf 86' lang='lat' dir='ltr'><strong>orta</strong></span> <span class='ocrx_word' id='word_1_682' title='bbox 1700 5586 1866 5645; x_wconf 88' lang='lat' dir='ltr'><strong>esset,</strong></span> <span class='ocrx_word' id='word_1_683' title='bbox 1909 5580 2053 5634; x_wconf 88' lang='lat' dir='ltr'><strong>haud</strong></span> 
     </span>
    </p>
   </div>
   <div class='ocr_carea' id='block_1_104' title="bbox 2160 4568 3722 4640">
    <p class='ocr_par' dir='ltr' id='par_1_104' title="bbox 2160 4568 3722 4640">
     <span class='ocr_line' id='line_1_104' title="bbox 2160 4568 3722 4640; baseline 0.001 -16"><span class='ocrx_word' id='word_1_684' title='bbox 2160 4568 2503 4639; x_wconf 89' lang='lat' dir='ltr'><strong>inquisitioni</strong></span> <span class='ocrx_word' id='word_1_685' title='bbox 2561 4568 2825 4634; x_wconf 87' lang='lat' dir='ltr'><strong>subdidit,</strong></span> <span class='ocrx_word' id='word_1_686' title='bbox 2876 4571 3299 4638; x_wconf 82' lang='lat' dir='ltr'><strong>convictumque</strong></span> <span class='ocrx_word' id='word_1_687' title='bbox 3339 4586 3436 4640; x_wconf 89' lang='lat' dir='ltr'><strong>per</strong></span> <span class='ocrx_word' id='word_1_688' title='bbox 3488 4570 3722 4626; x_wconf 81' lang='lat' dir='ltr'><strong>mediani</strong></span> 
     </span>
    </p>
   </div>
   <div class='ocr_carea' id='block_1_105' title="bbox 2159 4658 3721 4733">
    <p class='ocr_par' dir='ltr' id='par_1_105' title="bbox 2159 4658 3721 4733">
     <span class='ocr_line' id='line_1_105' title="bbox 2159 4658 3721 4733; baseline 0.002 -19"><span class='ocrx_word' id='word_1_689' title='bbox 2159 4661 2350 4715; x_wconf 82' lang='lat' dir='ltr'><strong>urbem</strong></span> <span class='ocrx_word' id='word_1_690' title='bbox 2394 4662 2451 4716; x_wconf 92' lang='lat' dir='ltr'><strong>in</strong></span> <span class='ocrx_word' id='word_1_691' title='bbox 2498 4658 2778 4731; x_wconf 87' lang='lat' dir='ltr'><strong>triumpho</strong></span> <span class='ocrx_word' id='word_1_692' title='bbox 2830 4663 3005 4727; x_wconf 76' lang='lat' dir='ltr'><strong>duxit,</strong></span> <span class='ocrx_word' id='word_1_693' title='bbox 3055 4664 3406 4732; x_wconf 85' lang='lat' dir='ltr'><strong>Athenasque</strong></span> <span class='ocrx_word' id='word_1_694' title='bbox 3441 4664 3721 4733; x_wconf 79' lang='lat' dir='ltr'><strong>relegavit.</strong></span> 
     </span>
    </p>
   </div>
   <div class='ocr_carea' id='block_1_106' title="bbox 2161 4750 3718 4823">
    <p class='ocr_par' dir='ltr' id='par_1_106' title="bbox 2161 4750 3718 4823">
     <span class='ocr_line' id='line_1_106' title="bbox 2161 4750 3718 4823; baseline 0.002 -18"><span class='ocrx_word' id='word_1_695' title='bbox 2161 4750 2291 4806; x_wconf 87' lang='lat' dir='ltr'><strong>Inde</strong></span> <span class='ocrx_word' id='word_1_696' title='bbox 2339 4752 2598 4807; x_wconf 88' lang='lat' dir='ltr'><strong>universo</strong></span> <span class='ocrx_word' id='word_1_697' title='bbox 2642 4761 2834 4808; x_wconf 84' lang='lat' dir='ltr'><strong>senatu</strong></span> <span class='ocrx_word' id='word_1_698' title='bbox 2866 4766 3190 4819; x_wconf 88' lang='lat' dir='ltr'><strong>convocato,</strong></span> <span class='ocrx_word' id='word_1_699' title='bbox 3224 4770 3346 4823; x_wconf 70' lang='lat' dir='ltr'><strong>qua:</strong></span> <span class='ocrx_word' id='word_1_700' title='bbox 3375 4763 3533 4807; x_wconf 85' lang='lat' dir='ltr'><strong>erant</strong></span> <span class='ocrx_word' id='word_1_701' title='bbox 3558 4769 3586 4807; x_wconf 90' lang='lat' dir='ltr'><strong>a</strong></span> <span class='ocrx_word' id='word_1_702' title='bbox 3616 4754 3718 4808; x_wconf 86' lang='lat' dir='ltr'><strong>Sa-</strong></span> 
     </span>
    </p>
   </div>
   <div class='ocr_carea' id='block_1_107' title="bbox 2160 4844 3725 4915">
    <p class='ocr_par' dir='ltr' id='par_1_107' title="bbox 2160 4844 3725 4915">
     <span class='ocr_line' id='line_1_107' title="bbox 2160 4844 3725 4915; baseline -0.001 -14"><span class='ocrx_word' id='word_1_703' title='bbox 2160 4859 2321 4901; x_wconf 84' lang='lat' dir='ltr'><strong>mona</strong></span> <span class='ocrx_word' id='word_1_704' title='bbox 2358 4844 2461 4915; x_wconf 89' lang='lat' dir='ltr'><strong>ipsi</strong></span> <span class='ocrx_word' id='word_1_705' title='bbox 2494 4845 2673 4901; x_wconf 78' lang='lat' dir='ltr'><strong>delata</strong></span> <span class='ocrx_word' id='word_1_706' title='bbox 2701 4846 2905 4900; x_wconf 87' lang='lat' dir='ltr'><strong>indicia</strong></span> <span class='ocrx_word' id='word_1_707' title='bbox 2931 4848 3178 4915; x_wconf 85' lang='lat' dir='ltr'><strong>exponit,</strong></span> <span class='ocrx_word' id='word_1_708' title='bbox 3222 4861 3459 4915; x_wconf 88' lang='lat' dir='ltr'><strong>eumque</strong></span> <span class='ocrx_word' id='word_1_709' title='bbox 3504 4853 3725 4899; x_wconf 84' lang='lat' dir='ltr'><strong>senato-</strong></span> 
     </span>
    </p>
   </div>
   <div class='ocr_carea' id='block_1_108' title="bbox 2160 4937 3726 5008">
    <p class='ocr_par' dir='ltr' id='par_1_108' title="bbox 2160 4937 3726 5008">
     <span class='ocr_line' id='line_1_108' title="bbox 2160 4937 3726 5008; baseline 0 -17"><span class='ocrx_word' id='word_1_710' title='bbox 2160 4952 2248 4993; x_wconf 88' lang='lat' dir='ltr'><strong>res</strong></span> <span class='ocrx_word' id='word_1_711' title='bbox 2308 4938 2559 5004; x_wconf 84' lang='lat' dir='ltr'><strong>laudant,</strong></span> <span class='ocrx_word' id='word_1_712' title='bbox 2613 4947 2667 4993; x_wconf 87' lang='lat' dir='ltr'><strong>et</strong></span> <span class='ocrx_word' id='word_1_713' title='bbox 2707 4954 2922 4994; x_wconf 88' lang='lat' dir='ltr'><strong>summo</strong></span> <span class='ocrx_word' id='word_1_714' title='bbox 2966 4938 3190 5008; x_wconf 78' lang='lat' dir='ltr'><strong>dignum</strong></span> <span class='ocrx_word' id='word_1_715' title='bbox 3239 4937 3447 4992; x_wconf 86' lang='lat' dir='ltr'><strong>honore</strong></span> <span class='ocrx_word' id='word_1_716' title='bbox 3485 4953 3726 5007; x_wconf 80' lang='lat' dir='ltr'><strong>pronun-</strong></span> 
     </span>
    </p>
   </div>
   <div class='ocr_carea' id='block_1_109' title="bbox 2161 5029 3727 5101">
    <p class='ocr_par' dir='ltr' id='par_1_109' title="bbox 2161 5029 3727 5101">
     <span class='ocr_line' id='line_1_109' title="bbox 2161 5029 3727 5101; baseline 0.001 -17"><span class='ocrx_word' id='word_1_717' title='bbox 2161 5031 2318 5085; x_wconf 89' lang='lat' dir='ltr'><strong>tiant.</strong></span> <span class='ocrx_word' id='word_1_718' title='bbox 2354 5029 2420 5085; x_wconf 79' lang='lat' dir='ltr'><strong>Et</strong></span> <span class='ocrx_word' id='word_1_719' title='bbox 2454 5030 2745 5087; x_wconf 89' lang='lat' dir='ltr'><strong>Samonatn</strong></span> <span class='ocrx_word' id='word_1_720' title='bbox 2779 5032 2887 5086; x_wconf 91' lang='lat' dir='ltr'><strong>Leo</strong></span> <span class='ocrx_word' id='word_1_721' title='bbox 2918 5032 3105 5087; x_wconf 88' lang='lat' dir='ltr'><strong>statim</strong></span> <span class='ocrx_word' id='word_1_722' title='bbox 3137 5031 3572 5101; x_wconf 60' lang='lat' dir='ltr'><strong>Protospatbar’ii</strong></span> <span class='ocrx_word' id='word_1_723' title='bbox 3610 5040 3727 5086; x_wconf 81' lang='lat' dir='ltr'><strong>tnu-</strong></span> 
     </span>
    </p>
   </div>
   <div class='ocr_carea' id='block_1_110' title="bbox 2163 5124 3443 5195">
    <p class='ocr_par' dir='ltr' id='par_1_110' title="bbox 2163 5124 3443 5195">
     <span class='ocr_line' id='line_1_110' title="bbox 2163 5124 3443 5195; baseline -0.001 -17"><span class='ocrx_word' id='word_1_724' title='bbox 2163 5138 2294 5179; x_wconf 89' lang='lat' dir='ltr'><strong>nere</strong></span> <span class='ocrx_word' id='word_1_725' title='bbox 2323 5125 2567 5189; x_wconf 86' lang='lat' dir='ltr'><strong>decorat,</strong></span> <span class='ocrx_word' id='word_1_726' title='bbox 2600 5124 2815 5195; x_wconf 89' lang='lat' dir='ltr'><strong>sibique</strong></span> <span class='ocrx_word' id='word_1_727' title='bbox 2844 5124 3171 5179; x_wconf 75' lang='lat' dir='ltr'><strong>familiarem</strong></span> <span class='ocrx_word' id='word_1_728' title='bbox 3201 5124 3443 5179; x_wconf 84' lang='lat' dir='ltr'><strong>asciscit.</strong></span> 
     </span>
    </p>
   </div>
   <div class='ocr_carea' id='block_1_111' title="bbox 2227 5213 3725 5284">
    <p class='ocr_par' dir='ltr' id='par_1_111' title="bbox 2227 5213 3725 5284">
     <span class='ocr_line' id='line_1_111' title="bbox 2227 5213 3725 5284; baseline -0.001 -15"><span class='ocrx_word' id='word_1_729' title='bbox 2227 5214 2363 5269; x_wconf 88' lang='lat' dir='ltr'><strong>Cum</strong></span> <span class='ocrx_word' id='word_1_730' title='bbox 2412 5213 2831 5269; x_wconf 86' lang='lat' dir='ltr'><strong>Constantinum</strong></span> <span class='ocrx_word' id='word_1_731' title='bbox 2880 5214 3182 5270; x_wconf 82' lang='lat' dir='ltr'><strong>Andronici</strong></span> <span class='ocrx_word' id='word_1_732' title='bbox 3220 5213 3387 5268; x_wconf 90' lang='lat' dir='ltr'><strong>[ilium</strong></span> <span class='ocrx_word' id='word_1_733' title='bbox 3434 5216 3725 5284; x_wconf 83' lang='lat' dir='ltr'><strong>quamdam</strong></span> 
     </span>
    </p>
   </div>
   <div class='ocr_carea' id='block_1_112' title="bbox 2164 5305 3728 5378">
    <p class='ocr_par' dir='ltr' id='par_1_112' title="bbox 2164 5305 3728 5378">
     <span class='ocr_line' id='line_1_112' title="bbox 2164 5305 3728 5378; baseline -0.001 -18"><span class='ocrx_word' id='word_1_734' title='bbox 2164 5305 2231 5361; x_wconf 86' lang='lat' dir='ltr'><strong>ad</strong></span> <span class='ocrx_word' id='word_1_735' title='bbox 2270 5306 2673 5378; x_wconf 86' lang='lat' dir='ltr'><strong>expeditionem</strong></span> <span class='ocrx_word' id='word_1_736' title='bbox 2704 5321 2827 5361; x_wconf 90' lang='lat' dir='ltr'><strong>cum</strong></span> <span class='ocrx_word' id='word_1_737' title='bbox 2872 5306 3046 5378; x_wconf 90' lang='lat' dir='ltr'><strong>c0piis</strong></span> <span class='ocrx_word' id='word_1_738' title='bbox 3090 5306 3391 5376; x_wconf 76' lang='lat' dir='ltr'><strong>ablegaret,</strong></span> <span class='ocrx_word' id='word_1_739' title='bbox 3438 5320 3533 5375; x_wconf 90' lang='lat' dir='ltr'><strong>per</strong></span> <span class='ocrx_word' id='word_1_740' title='bbox 3562 5306 3728 5359; x_wconf 80' lang='lat' dir='ltr'><strong>tricli-</strong></span> 
     </span>
    </p>
   </div>
   <div class='ocr_carea' id='block_1_113' title="bbox 2164 5396 3728 5464">
    <p class='ocr_par' dir='ltr' id='par_1_113' title="bbox 2164 5396 3728 5464">
     <span class='ocr_line' id='line_1_113' title="bbox 2164 5396 3728 5464; baseline -0.002 -11"><span class='ocrx_word' id='word_1_741' title='bbox 2164 5399 2315 5453; x_wconf 89' lang='lat' dir='ltr'><strong>nium</strong></span> <span class='ocrx_word' id='word_1_742' title='bbox 2350 5399 2622 5454; x_wconf 87' lang='lat' dir='ltr'><strong>hominem</strong></span> <span class='ocrx_word' id='word_1_743' title='bbox 2671 5399 2935 5464; x_wconf 89' lang='lat' dir='ltr'><strong>educens,</strong></span> <span class='ocrx_word' id='word_1_744' title='bbox 2970 5398 3147 5455; x_wconf 89' lang='lat' dir='ltr'><strong>oculis</strong></span> <span class='ocrx_word' id='word_1_745' title='bbox 3182 5397 3233 5453; x_wconf 91' lang='lat' dir='ltr'><strong>in</strong></span> <span class='ocrx_word' id='word_1_746' title='bbox 3262 5396 3463 5453; x_wconf 86' lang='lat' dir='ltr'><strong>Christi</strong></span> <span class='ocrx_word' id='word_1_747' title='bbox 3517 5412 3582 5451; x_wconf 88' lang='lat' dir='ltr'><strong>ac</strong></span> <span class='ocrx_word' id='word_1_748' title='bbox 3606 5396 3728 5451; x_wconf 82' lang='lat' dir='ltr'><strong>Dci-</strong></span> 
     </span>
    </p>
   </div>
   <div class='ocr_carea' id='block_1_114' title="bbox 2164 5488 3728 5561">
    <p class='ocr_par' dir='ltr' id='par_1_114' title="bbox 2164 5488 3728 5561">
     <span class='ocr_line' id='line_1_114' title="bbox 2164 5488 3728 5561; baseline -0.001 -18"><span class='ocrx_word' id='word_1_749' title='bbox 2164 5498 2310 5558; x_wconf 72' lang='lat' dir='ltr'><strong>parte</strong></span> <span class='ocrx_word' id='word_1_750' title='bbox 2360 5488 2629 5561; x_wconf 77' lang='lat' dir='ltr'><strong>imagines</strong></span> <span class='ocrx_word' id='word_1_751' title='bbox 2668 5488 2887 5555; x_wconf 80' lang='lat' dir='ltr'><strong>delixis,</strong></span> <span class='ocrx_word' id='word_1_752' title='bbox 2918 5505 3043 5560; x_wconf 67' lang='lat' dir='ltr'><strong>qua:</strong></span> <span class='ocrx_word' id='word_1_753' title='bbox 3096 5504 3260 5561; x_wconf 88' lang='lat' dir='ltr'><strong>supra</strong></span> <span class='ocrx_word' id='word_1_754' title='bbox 3317 5502 3528 5558; x_wconf 87' lang='lat' dir='ltr'><strong>portam</strong></span> <span class='ocrx_word' id='word_1_755' title='bbox 3572 5499 3728 5542; x_wconf 81' lang='lat' dir='ltr'><strong>erant</strong></span> 
     </span>
    </p>
   </div>
   <div class='ocr_carea' id='block_1_115' title="bbox 2164 5579 3730 5651">
    <p class='ocr_par' dir='ltr' id='par_1_115' title="bbox 2164 5579 3730 5651">
     <span class='ocr_line' id='line_1_115' title="bbox 2164 5579 3730 5651; baseline 0.001 -15"><span class='ocrx_word' id='word_1_756' title='bbox 2164 5582 2470 5651; x_wconf 63' lang='lat' dir='ltr'><strong>collocatae,</strong></span> <span class='ocrx_word' id='word_1_757' title='bbox 2524 5581 2611 5639; x_wconf 89' lang='lat' dir='ltr'><strong>his</strong></span> <span class='ocrx_word' id='word_1_758' title='bbox 2648 5582 2827 5641; x_wconf 89' lang='lat' dir='ltr'><strong>verbis</strong></span> <span class='ocrx_word' id='word_1_759' title='bbox 2859 5598 2992 5641; x_wconf 90' lang='lat' dir='ltr'><strong>usus</strong></span> <span class='ocrx_word' id='word_1_760' title='bbox 3021 5592 3103 5641; x_wconf 91' lang='lat' dir='ltr'><strong>est</strong></span> <span class='ocrx_word' id='word_1_761' title='bbox 3141 5601 3155 5638; x_wconf 90' lang='lat'><strong>:</strong></span> <span class='ocrx_word' id='word_1_762' title='bbox 3208 5582 3431 5646; x_wconf 76' lang='lat' dir='ltr'><strong>Caveto,</strong></span> <span class='ocrx_word' id='word_1_763' title='bbox 3464 5579 3730 5638; x_wconf 76' lang='lat' dir='ltr'><strong>Constan-</strong></span> 
     </span>
    </p>
   </div>
   <div class='ocr_carea' id='block_1_116' title="bbox 2002 5672 2233 5733">
    <p class='ocr_par' dir='ltr' id='par_1_116' title="bbox 2002 5672 2233 5733">
     <span class='ocr_line' id='line_1_116' title="bbox 2002 5672 2233 5733; baseline 0.017 -5"><span class='ocrx_word' id='word_1_764' title='bbox 2002 5672 2209 5733; x_wconf 75' lang='grc' dir='ltr'><strong>ΝΟΤᾸΞ</strong></span> <span class='ocrx_word' id='word_1_765' title='bbox 2220 5716 2233 5732; x_wconf 92' lang='grc'><strong>.</strong></span> 
     </span>
    </p>
   </div>
   <div class='ocr_carea' id='block_1_117' title="bbox 561 5774 1758 5849">
    <p class='ocr_par' dir='ltr' id='par_1_117' title="bbox 561 5774 1758 5849">
     <span class='ocr_line' id='line_1_117' title="bbox 561 5774 1758 5849; baseline -0.006 -16"><span class='ocrx_word' id='word_1_766' title='bbox 561 5780 637 5849; x_wconf 78' lang='grc'><strong>(7)</strong></span> <span class='ocrx_word' id='word_1_767' title='bbox 666 5778 816 5849; x_wconf 82' lang='lat' dir='ltr'><strong>Apud</strong></span> <span class='ocrx_word' id='word_1_768' title='bbox 851 5777 1142 5834; x_wconf 79' lang='lat' dir='ltr'><strong>Baroniuut</strong></span> <span class='ocrx_word' id='word_1_769' title='bbox 1172 5776 1236 5832; x_wconf 78' lang='lat' dir='ltr'><strong>ad</strong></span> <span class='ocrx_word' id='word_1_770' title='bbox 1270 5792 1359 5831; x_wconf 77' lang='lat' dir='ltr'><strong>an.</strong></span> <span class='ocrx_word' id='word_1_771' title='bbox 1396 5774 1603 5832; x_wconf 85' lang='lat' dir='ltr'><strong>Christi</strong></span> <span class='ocrx_word' id='word_1_772' title='bbox 1642 5774 1758 5829; x_wconf 85' lang='lat' dir='ltr'><strong>90L</strong></span> 
     </span>
    </p>
   </div>
  </div>
