4124 6320
421 329 494 370 “
1751 305 2331 372 PROLEGOMENA.

421 436 553 497 tine,
582 443 781 485 nomen
813 443 880 484 ne
910 426 1013 484 tibi
1037 435 1190 482 tuum
1222 427 1488 497 imponat,
1514 438 1653 480 neve
1681 423 1855 480 fretus
1882 425 1996 489 illo,
2025 424 2075 486 Α
2100 428 2194 474 aut
2267 419 2432 474 irasci
2457 459 2472 484 ,
2530 421 2819 490 imperator
2869 441 2889 478 :

422 524 724 593 potiturum
755 530 807 577 te
840 521 1211 574 Romanorum
1241 518 1472 588 imperio
1501 527 1699 589 putes:
1729 531 1852 570 nam
1879 531 2002 571 meo

422 615 539 670 tilio
569 613 938 669 Constantino
990 610 1262 665 divinitus
1312 611 1604 680 imperium
1659 617 1998 664 reservatum

421 715 538 774 est;
571 705 714 777 quod
742 705 992 775 equidem
1029 714 1368 774 perspectum
1407 701 1600 766 habeo,
1633 699 1998 772 signiﬁcatum

423 793 557 847 tuilti
600 792 805 847 divinis
852 792 919 846 ab
950 791 1269 846 hominibus
1313 790 1501 846 futura
1546 789 1912 861 prospiciendi
1949 790 1998 843 vi

421 881 687 954 praeditis.
739 880 1088 952 Quapropter
1147 881 1290 934 scire
1337 878 1510 934 dcbcs
1553 886 1910 944 eventurum,
1942 884 2000 930 ut

419 975 466 1028 si
501 971 847 1046 tyrannidem
903 971 969 1026 ad
1003 982 1055 1026 te
1104 985 1297 1040 rapere
1326 976 1559 1024 conatus
1606 968 1800 1033 fueris,
1835 975 1998 1038 caput

419 1074 574 1119 tuum
619 1064 828 1133 absque
880 1075 1116 1130 corpore
1148 1076 1243 1131 per
1278 1060 1422 1114 hanc
1458 1060 1634 1129 ipsam
1669 1069 1880 1130 portam
1905 1060 1997 1113 in-

418 1153 720 1225 grediatur.
759 1150 896 1206 Huic
921 1151 1187 1207 vaticinlo
1224 1151 1486 1221 deinceps
1511 1159 1745 1207 eventus
1772 1165 1999 1222 respon-

416 1247 517 1302 dit.
549 1245 685 1301 Nam
738 1252 863 1317 post
910 1244 1109 1301 Leonis
1141 1245 1353 1300 obitum
1381 1243 1782 1299 Constantinus
1815 1255 1999 1316 tyran-

418 1336 599 1390 nidem
631 1333 916 1397 ati'eetans,
963 1332 1186 1388 occisus
1217 1339 1323 1400 est,
1370 1345 1434 1386 ac
1461 1329 1724 1401 deinceps
1762 1342 1879 1386 erat
1912 1333 1995 1386 vi-

416 1429 550 1485 dere
600 1434 893 1484 cruentum
951 1433 1125 1496 caput
1177 1424 1301 1495 ejus
1345 1437 1441 1494 per
1480 1421 1629 1478 illam
1663 1431 1876 1494 portam
1909 1425 1993 1479 in~

416 1519 576 1577 ferri.
648 1526 650 1528 ’

481 1613 702 1668 Accidit
729 1611 784 1665 id
813 1608 1089 1681 temporis
1129 1610 1403 1664 maximus
1437 1607 1571 1664 solis
1599 1605 1865 1671 defectus,
1899 1620 1997 1662 cu-

409 1705 504 1775 jus
545 1717 723 1758 causa
773 1700 1188 1757 Pantaleontem
1243 1697 1620 1770 Synadensem
1674 1695 1992 1768 pontiﬁcem

3583 324 3681 373 ιη

2946 441 3071 479 nam
3139 434 3282 482 rates
3351 427 3525 485 David
3582 433 3684 488 hoc

2103 515 2200 567 tibi
2227 513 2434 567 adversi
2455 522 2762 568 eventurum
2786 517 3038 584 pra'dixit
3065 518 3163 573 hoc
3183 537 3333 575 versu
3363 540 3377 577 :
3407 540 3426 574 ε
3460 524 3676 589 Quanta

2100 605 2426 676 malignatus
2476 616 2550 659 est
2588 606 2837 660 inimicus
2887 609 2939 662 in
2971 620 3155 664 sancto
3200 619 3292 667 tuo
3318 628 3337 667 :
3376 626 3424 668 et
3454 616 3674 686 gloriati

2099 705 2222 749 sunt
2263 697 2353 767 qui
2383 697 2606 750 oderunt
2638 709 2707 763 te,
2741 699 2794 751 in
2829 701 2999 754 medio
3030 703 3382 760 solemnitatis
3423 716 3527 760 tute
3554 707 3611 760 ’ἲ
3651 727 3672 761 ι

2102 787 2255 852 Noli,
2309 805 2510 859 quaeso,
2568 791 2851 859 oppetiisse
2895 793 2991 846 tibi
3038 794 3156 850 vita:
3188 796 3349 864 ﬁnem
3395 799 3678 866 arbitrari,

2100 895 2192 934 nec
2219 881 2456 934 animum
2507 890 2654 935 tuum
2701 884 2955 952 cogitatio
2987 883 3052 939 de
3110 897 3280 943 morte
3315 888 3520 956 subeat,
3551 900 3677 946 naui

2101 972 2197 1026 tibi
2246 983 2356 1026 tam
2405 973 2524 1029 vita
2554 992 2711 1042 quam
2747 977 2954 1046 imperii
2976 976 3154 1033 decent
3195 979 3370 1037 adhuc
3421 985 3550 1038 amtt'
3573 1001 3678 1040 ca:-

2100 1065 2220 1120 lesti
2253 1083 2287 1119 a
2313 1082 2475 1120 manu
2505 1069 2741 1122 concessi
2763 1077 2908 1125 sunt.

2168 1156 2294 1212 Haec
2325 1158 2419 1213 ille
2471 1158 2639 1225 fatus,
2692 1160 2951 1216 obticuit.
3004 1161 3190 1234 Neque
3217 1166 3391 1220 multo
3419 1174 3542 1237 post
3572 1167 3679 1222 im-

2098 1256 2339 1319 perator,
2372 1258 2426 1304 et
2473 1249 2642 1304 animi
2682 1249 2874 1306 dolore
2920 1251 3188 1309 liberatus
3225 1266 3332 1320 est,
3377 1268 3430 1312 et
3459 1272 3525 1311 ex
3556 1259 3676 1311 v‘ul-

2097 1355 2228 1395 nere
2273 1341 2581 1396 convaluit.
2614 1340 2784 1397 Marci
2832 1343 3054 1415 quidem
3093 1348 3418 1402 vaticinium
3452 1349 3678 1406 minime

2099 1429 2271 1487 fuisse
2297 1446 2494 1486 vanum
2528 1442 2758 1489 eventus
2796 1435 3217 1503 comprobavit;
3252 1450 3377 1491 nam
3408 1448 3530 1507 post
3580 1438 3677 1493 de-

2096 1538 2215 1578 cem
2276 1538 2452 1579 annos
2499 1540 2566 1581 eo
2625 1525 2745 1595 ipso
2787 1535 3038 1583 mortuus
3066 1534 3152 1582 est
3181 1529 3288 1594 die,
3317 1545 3429 1601 quo
3458 1531 3677 1602 plagam

2099 1614 2242 1669 hanc
2274 1617 2507 1686 accepit.

2163 1705 2642 1779 Constantinopoli
2691 1709 2748 1765 in
2790 1711 3053 1768 honorem
3091 1713 3280 1783 prima:
3326 1728 3441 1769 suae
3486 1716 3680 1771 uxoris

414 1795 484 1851 ad
529 1811 590 1852 se
639 1797 938 1865 imperator
969 1790 1279 1856 arcessivit,
1327 1789 1603 1845 hominem
1643 1789 1993 1844 astronomiae
2029 1790 2067 1844 Β
2099 1799 2472 1872 Τιιεορδεηῑεε
2514 1804 2946 1874 pujctmr-mmm
2991 1806 3068 1863 de
3106 1807 3226 1876 ei".
3270 1810 3488 1864 nomine
3532 1817 3676 1865 tem.

414 1884 677 1954 peritum.
705 1883 760 1938 ls
790 1891 1034 1951 rogatus,
1074 1894 1237 1950 quem
1279 1878 1427 1935 illius
1476 1878 1700 1949 eclipsis
1735 1876 1988 1933 eﬂ‘ectuiu

415 1973 536 2030 fore
581 1980 872 2035 statueret,
939 1971 1264 2041 respondit,
1319 1969 1473 2026 alteri
1526 1970 1595 2025 ab
1662 1970 1993 2040 imperatore

414 2081 667 2139 personae
717 2080 909 2122 casum
963 2063 1259 2119 adversum
1296 2061 1576 2135 portendi.
1638 2061 1780 2128 Quin
1821 2061 1989 2116 etiam

417 2159 683 2220 Samonas
709 2158 1022 2230 Agarenus.
1056 2172 1085 2210 a
1113 2155 1297 2211 Leone
1328 2154 1504 2211 oﬂicio
1537 2155 1862 2210 cubicularii
1900 2172 1992 2210 or-

414 2259 603 2316 natus,
634 2265 795 2322 quem
828 2248 1014 2304 Basilii
1047 2248 1287 2320 Epeietze
1335 2248 1566 2304 insidias
1611 2248 1788 2303 eidem
1823 2247 1988 2303 Leoni

413 2345 688 2399 detexisse
706 2341 998 2397 docuimus
1017 2381 1034 2407 ,
1059 2340 1362 2412 sapientem
1388 2340 1532 2395 hunc
1559 2341 1736 2395 virum
1753 2339 1992 2412 peculia-

415 2432 553 2486 riter
590 2428 911 2493 abductum,
945 2427 1013 2482 de
1053 2443 1111 2483 re
1159 2435 1269 2482 tota
1315 2428 1610 2492 consuluit,
1653 2436 1710 2483 et
1747 2428 1988 2484 futurum

417 2521 660 2593 agnovit,
692 2521 878 2590 utipsi
918 2519 1201 2575 calamitas
1238 2518 1547 2585 accideret;
1587 2535 1776 2575 verum
1808 2522 1990 2576 omni-

417 2628 490 2669 no
519 2611 668 2668 Junii
715 2612 880 2667 tertio
926 2610 1016 2664 die
1064 2610 1275 2666 salvum
1306 2624 1624 2677 evasurum,
1667 2626 1770 2667 nec
1817 2612 1887 2666 ab
1923 2628 1990 2667 eo

417 2717 661 2778 tempore
722 2704 1022 2777 quidquam
1079 2704 1156 2758 illi
1203 2704 1289 2759 rei
1335 2704 1580 2760 molesta
1635 2713 1991 2760 eventurum.

415 2798 668 2854 Nondum
723 2799 1026 2868 praestitum
1083 2797 1186 2850 hac
1235 2803 1452 2866 tempus
1503 2793 1820 2860 advenerat,
1865 2813 1988 2852 cum

416 2888 694 2944 Samonas
728 2901 760 2944 e
809 2886 932 2941 loco
979 2899 1083 2940 suo
1133 2885 1464 2940 deturbatur
1528 2894 1691 2954 atque
1744 2886 1990 2952 raditur;

419 2994 546 3035 nam
568 2986 622 3035 et
646 2977 938 3036 calumniis
977 2976 1366 3047 imperatorem
1415 2975 1820 3033 circumvenire
1851 2978 1992 3033 fere-

419 3073 604 3139 batur,
638 3081 694 3127 et
718 3069 1022 3126 insolenter
1048 3075 1222 3122 semet
1255 3081 1465 3137 gerere.

2103 1899 2272 1968 plum,
2320 1899 2562 1954 vicinum
2610 1897 2738 1954 Aidi
2779 1901 3156 1972 apostolorum
3204 1901 3497 1958 adiﬁcavit
3541 1900 3674 1970 Leo,

2099 1990 2152 2043 iu
2177 2004 2351 2060 eoque
2385 2005 2586 2061 corpus
2617 1991 2765 2046 illius
2797 1993 3043 2063 reposuit
3072 2010 3092 2059 ;
3126 2007 3338 2064 magna
3366 1996 3512 2050 enim
3543 2011 3679 2052 san-

2098 2080 2307 2136 ctitatis
2360 2081 2560 2136 femina
2619 2082 2807 2137 habita
2859 2094 2945 2138 est
2993 2083 3372 2154 Tlteopbania,
3421 2086 3561 2142 adeo
3616 2093 3677 2143 ut

2097 2171 2337 2228 edidisse
2403 2188 2621 2244 quoque
2660 2174 2931 2230 miracula
2974 2175 3203 2242 teratur,
3230 2193 3466 2248 quorum
3495 2180 3678 2250 gratia

2100 2263 2457 2318 ubidefuncta
2483 2273 2589 2329 est,
2618 2265 2761 2320 inter
2777 2273 3001 2321 sanctos
3026 2280 3056 2318 a
3078 2264 3287 2322 Graecis
3307 2265 3678 2322 adnumerato

2099 2364 2204 2422 est,
2231 2353 2318 2409 die
2349 2354 2414 2409 16
2441 2354 2722 2422 Decemb.,
2775 2355 2878 2411 hoc
2909 2357 3087 2427 elogio
3115 2374 3133 2412 :

2169 2465 2355 2522 Beata:
2399 2467 2766 2530 Theophanite,
2788 2468 2978 2524 Leonis
3007 2471 3390 2553 sapientissimi
3422 2472 3676 2541 principis

2579 2557 2804 2606 sponsae,
2839 2558 2963 2594 men.
2975 2558 3110 2595 ονια.

2174 2652 2196 2685 t
2221 2634 2384 2688 Beata
2439 2632 2800 2703 Thcophania
2857 2637 3413 2708 Constantinopoleos
3444 2637 3588 2695 fetus
3620 2642 3678 2694 et

2100 2726 2309 2796 regina,
2338 2724 2688 2780 Constantini
2723 2725 2834 2780 ﬁlia
2865 2726 2968 2780 fuit
3010 2727 3267 2792 illustris,
3307 2727 3474 2784 trium
3503 2728 3679 2800 impe-a

2105 2826 2349 2872 ratorum
2379 2817 2804 2884 consanguinea.
2831 2817 3001 2884 Cujus
3029 2827 3204 2871 mater
3227 2817 3384 2870 Anna
3415 2816 3681 2872 similiter

2098 2918 2216 2963 erat
2246 2907 2477 2974 sterilis,
2512 2915 2569 2960 ut
2599 2908 2689 2961 illa
2717 2907 2871 2978 prior
2897 2908 3051 2961 Anna
3079 2907 3361 2962 Samuelis
3399 2908 3684 2978 prephetar

2101 3001 2354 3073 genitrix.
2408 2998 2515 3054 Sed
2549 3016 2674 3055 cum
2724 3002 2843 3056 viro
2884 3001 3207 3072 frequenter
3238 3016 3408 3057 orans
3428 3011 3674 3055 sanctam

2102 3093 2377 3146 dominam
2409 3100 2656 3146 nostram
2691 3090 2787 3148 Dei
2830 3091 3188 3160 Genitricem,
3220 3106 3342 3164 quae
3368 3091 3679 3162 praesertim

490 3163 629 3219 cum
682 3161 769 3218 die
816 3159 1160 3252 Ρθηίθθοδίε
1187 3172 1372 3252 “ei”!
1410 3173 1477 3214 ⁸³
1515 3160 1737 3231 ami‘lua
1761 3160 1990 3231 impera‘
2022 3150 2062 3207 ϐ
2096 3183 2162 3237 ad
2206 3179 2359 3238 Bassi
2410 3183 2716 3248 colebatur,
2774 3191 3028 3238 sanctam
3095 3150 3344 3252 concepit
3368 3150 3676 3249 'Theopha-o

421 3269 600 3312 torum
623 3254 1050 3316 consuetudine,
1073 3249 1303 3307 solemni
1334 3266 1459 3306 ettm
1495 3265 1694 3322 pompa
1721 3253 1787 3306 ad
1814 3255 1992 3309 eccle-

420 3353 561 3407 siam
611 3347 798 3403 Sancti
826 3345 986 3402 Mucii
1021 3344 1285 3415 martyris
1311 3345 1634 3416 procederet
1668 3343 1797 3410 Leo,
1831 3355 1995 3416 atque

423 3435 708 3514 templum,
751 3439 978 3509 jamjam
1031 3437 1210 3493 sacris
1254 3436 1443 3508 januis
1485 3435 1728 3502 vicinus,
1781 3437 1994 3507 ingredi

424 3535 586 3589 vellet
619 3549 636 3584 :
677 3533 759 3588 vir
803 3529 1026 3602 quidam
1074 3528 1360 3594 immanis,
1390 3527 1458 3585 iis
1486 3528 1684 3586 similis
1712 3528 1806 3599 qui
1836 3528 1994 3583 malls

423 3644 457 3682 a
503 3625 683 3697 geniis
714 3626 990 3696 agitantur
1019 3662 1036 3689 ,
1081 3629 1191 3676 tam
1233 3619 1479 3693 gestibus
1525 3637 1689 3691 quam
1729 3622 1879 3676 vultu
1911 3622 1997 3675 in-

424 3725 717 3782 constans,
747 3716 803 3768 in
857 3714 1242 3783 imperatorem
1273 3710 1588 3780 prosiliens,
1631 3711 1780 3781 gravi
1805 3726 1871 3771 ac.
1904 3698 1997 3765 vaé

428 3809 535 3863 lida
571 3808 723 3861 clava
766 3814 931 3874 caput
979 3802 1101 3873 ejus
1139 3802 1467 3865 verberavit,
1493 3802 1741 3872 adeoque
1786 3802 1994 3867 subito,

429 3909 491 3954 ut
515 3900 692 3971 ipsum
715 3895 1098 3959 interfecisset,
1118 3893 1174 3947 ni
1194 3908 1318 3962 pars
1335 3901 1578 3948 extrema
1605 3894 1772 3948 clavae
1793 3892 1848 3947 itt
1869 3909 1996 3948 sus-

427 4006 655 4060 pensum
701 3987 1088 4043 candelabrum
1130 3985 1391 4053 impacta,
1421 3985 1505 4038 vel
1555 3982 1837 4039 dimidiam
1880 3983 1998 4038 im-

427 4088 588 4151 petus
631 4078 738 4132 vim
785 4074 1079 4130 amisisset.
1113 4071 1251 4127 Tum
1287 4074 1357 4128 de
1409 4072 1606 4128 Leonis
1656 4073 1837 4144 capite
1864 4089 2001 4144 pro-o

428 4171 599 4227 fluere
632 4168 855 4236 sanguis
887 4165 1164 4234 copiosus,
1191 4171 1246 4217 et
1285 4161 1384 4218 viri
1411 4162 1690 4232 principes
1719 4162 1774 4216 in
1811 4160 1995 4231 lugam

429 4277 552 4320 sese
587 4259 880 4328 conjicere.
919 4255 988 4312 Et
1031 4256 1160 4326 quia
1185 4253 1352 4309 frater
1386 4253 1509 4322 ejus
1548 4252 1859 4308 Alexander
1887 4268 1996 4307 non

429 4355 638 4419 aderat,
669 4351 809 4423 apud
837 4351 1129 4421 plerosque
1156 4346 1399 4417 suSpieio
1430 4343 1683 4411 invaluit,
1708 4359 1834 4399 eum
1865 4345 2001 4400 insi-

428 4446 641 4501 diarum
675 4442 848 4496 fuisse
877 4440 1184 4496 conscium.
1223 4435 1330 4490 Sed
1361 4435 1455 4507 qui
1488 4435 1542 4488 id
1585 4434 1800 4490 facinus
1834 4451 2001 4490 ausus

433 4545 634 4607 fuerat,
701 4536 1130 4610 comprehensus
1189 4537 1525 4601 coactusqtte
1580 4531 1862 4588 tormentis
1921 4531 2000 4599 ad

432 4636 822 4692 iudicationem
867 4645 1057 4686 eorum
1089 4642 1232 4699 quos
1269 4626 1532 4682 facinoris
1558 4624 1814 4682 conscios
1840 4623 2002 4679 habe—

431 4738 538 4796 ret,
570 4725 709 4782 nihil
735 4725 919 4779 dicere
949 4730 1181 4794 poterat,
1230 4721 1423 4774 morbo
1451 4718 1690 4790 graviter
1727 4717 2002 4772 hominem

431 4831 682 4878 vexante.
726 4816 1081 4886 Tandemque
1121 4814 1374 4868 manibus
1424 4827 1490 4868 ac
1535 4812 1766 4882 pedibus
1812 4826 2006 4882 ampu-

431 4914 582 4980 tatis,
635 4912 693 4966 in
749 4909 886 4965 circi
935 4906 1107 4963 funda
1160 4914 1460 4968 crematur,
1502 4914 1555 4960 et
1605 4903 1870 4960 solemnis
1913 4903 2005 4957 illa

434 5005 714 5078 processio
746 5017 812 5058 eo
844 5011 1084 5072 tempore
1133 4999 1316 5054 desiit.
1351 4996 1477 5051 llaec
1512 5011 1634 5050 cum
1666 4996 1752 5050 vir
1781 4994 2005 5065 quidam

436 5106 683 5164 sanctus,
712 5096 916 5168 quique
955 5094 1142 5149 diviito
1174 5091 1376 5163 spiritu
1428 5090 1607 5144 futura
1644 5088 2007 5158 prospiceret,

437 5206 502 5245 ac
533 5189 706 5244 variis
733 5186 894 5243 donis
921 5194 1152 5240 ornatus
1191 5191 1371 5248 esset,
1387 5182 1608 5237 nomine
1638 5181 1876 5245 Marcus,
1904 5181 2007 5235 im-

438 5290 744 5354 peratorem
788 5278 938 5350 gravi
984 5275 1174 5331 dolore
1219 5281 1533 5344 correptum
1589 5280 1858 5337 cerneret,
1896 5271 2012 5327 exi-

439 5376 752 5428 stimantem
811 5369 1014 5440 aliquid
1061 5366 1296 5436 amplius
1360 5364 1488 5420 mali
1562 5372 2008 5429 consecuturum,

441 5463 623 5518 verbis
671 5460 997 5518 medicinam
1039 5459 1089 5514 ei
1144 5457 1374 5521 faciens,
1421 5465 1682 5526 tanquam
1727 5454 2010 5527 mitigante

440 5555 684 5611 dolorem
717 5555 1035 5624 pharmace,
1062 5549 1199 5606 dixit
1229 5568 1244 5607 :
1284 5548 1414 5606 Noli
1443 5549 1538 5604 hoc
1576 5549 1808 5617 iniquius
1847 5547 2014 5617 ferre,

515 5733 532 5767 ⁸
562 5734 706 5790 Psau.
734 5747 925 5797 uxm.
953 5738 1045 5794 25.

2099 3275 2266 3338 niam,-
2303 3282 2357 3330 et
2387 3283 2570 3329 natam
2607 3276 2906 3331 virtutibus
2961 3273 3248 3339 instruxit,
3284 3277 3496 3330 litteras
3533 3289 3678 3344 quod

2096 3381 2204 3436 que
2230 3365 2458 3421 docens.
2495 3364 2633 3419 Cum
2664 3380 2796 3420 vero
2826 3364 3064 3421 Basilius
3094 3365 3328 3421 illustris
3380 3366 3686 3435 imperator

2098 3459 2211 3512 tilio
2259 3456 2429 3513 Leoni
2497 3457 2911 3528 sapientissimo
2955 3456 3117 3512 vellet
3165 3471 3393 3512 uxorem
3443 3457 3681 3526 conjun‘

2097 3568 2244 3622 gere,
2278 3568 2378 3607 nec
2431 3552 2537 3607 hae
2583 3553 2864 3607 meliorem
2914 3551 3210 3617 inveniret,
3258 3552 3432 3621 ipsam
3459 3551 3538 3606 illi
3580 3554 3678 3607 de-

2098 3642 2407 3713 sponsavit.
2448 3643 2748 3707 Coronata,
2779 3652 2834 3698 et
2874 3642 3189 3713 imperatrix
3219 3641 3436 3707 effecta,
3477 3657 3680 3712 paupca

2099 3751 2223 3788 rum
2261 3741 2442 3789 tamen
2471 3750 2577 3788 non
2595 3733 3043 3798 obliviscebatur,
3073 3731 3168 3790 sed
3187 3733 3403 3788 solitam
3432 3733 3678 3788 retinens

2100 3827 2384 3890 virtutem,
2422 3834 2478 3881 et
2520 3827 2952 3896 eleemosynam,
2999 3823 3131 3893 Deo,
3162 3826 3256 3896 qui
3280 3825 3386 3882 sibi
3411 3824 3682 3880 caelorum

2098 3932 2318 3989 quoque
2376 3917 2601 3973 donavit
2655 3933 2906 3989 regnum,
2931 3917 3019 3988 pie
3058 3917 3447 3973 famulahatur.
3483 3936 3504 3971 ›
3549 3916 3676 3973 Haec

2099 3995 2198 4066 ibi.

2168 4101 2314 4157 Idem
2365 4100 2476 4157 Leo
2525 4101 2670 4156 aliud
2699 4117 2918 4173 quoque
2974 4102 3231 4171 templum
3276 4100 3520 4156 condidit
3553 4098 3686 4154 divo

2099 4192 2308 4248 Lazaro
2337 4208 2577 4260 sacrum,
2611 4193 2779 4261 inque
2806 4209 2873 4249 eo
2923 4192 3116 4247 Lazari
3160 4202 3213 4248 et
3251 4191 3435 4246 Maria:
3461 4191 3684 4261 Magda—

2102 4283 2238 4337 lente
2292 4283 2555 4352 reliquias
2619 4283 2834 4354 Epheso
2883 4283 3078 4338 allatas
3120 4282 3386 4337 condidit.
3427 4280 3484 4334 in
3521 4279 3678 4344 urbe,

2101 4389 2223 4444 quae
2253 4373 2322 4428 ad
2360 4371 2728 4429 Charsianum
2777 4375 3030 4430 sublimis
3079 4382 3219 4436 erat,
3251 4373 3306 4427 in
3344 4381 3493 4442 parte
3517 4369 3683 4425 meri.

2104 4461 2329 4526 dionali,
2374 4460 2515 4524 loco,
2557 4462 2646 4516 cui
2679 4459 2862 4517 Fat'ra:
2908 4477 3128 4525 nomen,
3161 4474 3358 4529 magno
3406 4456 3682 4528 impendio

2105 4549 2432 4605 instauravit
2479 4550 2734 4619 templum
2772 4552 2960 4607 Sancti
3003 4550 3224 4607 Thomas
3246 4549 3500 4620 apostoli,
3536 4546 3679 4619 quod

2106 4639 2417 4695 incendium
2458 4640 2514 4694 itt
2557 4639 2802 4696 cinerem
2853 4656 2917 4697 ac
2949 4641 3191 4696 favillam
3235 4642 3539 4710 redegerat.
3574 4638 3686 4694 Sed

2106 4739 2160 4785 et
2205 4731 2258 4784 in
2289 4729 2507 4785 'Nossiis
2560 4731 2953 4786 monasterium
3013 4730 3303 4786 adiﬁcavit
3349 4729 3416 4783 de
3461 4729 3686 4784 nomine

2106 4820 2436 4886 Servatoris,
2477 4821 2640 4892 idque
2678 4836 2806 4877 cum
2853 4822 3147 4894 Euthymio
3179 4821 3492 4893 patriarcha
3530 4819 3684 4875 dedi-

2109 4911 2273 4965 cavit.

2179 5002 2383 5057 Statuit
2418 5003 2561 5058 inter
2592 5002 2721 5070 alia,
2755 5012 2815 5058 ut
2848 5002 3028 5075 pridie
3068 5003 3189 5074 ejus
3226 5001 3339 5058 diei
3390 5017 3500 5074 quo
3545 5017 3690 5072 prae-

2107 5093 2241 5148 liunt
2276 5103 2333 5149 et
2374 5106 2651 5151 certamen
2685 5107 2834 5152 esset
2882 5095 3204 5163 ineundum,
3240 5110 3437 5150 curare
3467 5095 3688 5150 deberet

2107 5187 2218 5240 dux
2257 5188 2536 5242 exercitus
2579 5205 2677 5259 per
2715 5188 3056 5245 sacerdotem
3115 5189 3432 5244 universum
3475 5187 3691 5244 exerci—
3723 5182 3728 5186 ’

2106 5283 2224 5330 tum
2265 5277 2473 5347 expiari
2506 5292 2646 5349 aqua
2699 5279 2937 5342 lustrali,
2969 5280 3051 5332 vel
3089 5277 3416 5344 benedicta;
3457 5285 3511 5332 et
3547 5290 3690 5347 prae-

2114 5378 2294 5433 terea,
2345 5377 2404 5422 ut
2447 5370 2720 5440 quotidie,
2772 5385 2933 5426 mane
2975 5381 3030 5426 et
3085 5384 3343 5441 vespere,
3397 5369 3692 5424 universus

2116 5462 2388 5518 exercitus
2418 5461 2602 5518 dicere
2627 5463 2848 5520 deberet
2878 5461 3187 5536 Trisagium
3220 5463 3503 5534 hymnum.

2187 5551 2400 5621 Marias,
2452 5554 2693 5628 Virginis
2737 5554 3224 5627 incomparabilis,
3272 5568 3337 5610 ac
3377 5550 3472 5611 Dei
3513 5547 3690 5610 Geni-
