4124 6320
440 353 554 400 XVII
1713 344 1884 406 VITA
1924 337 2195 402 LEONIS
2244 340 2397 401 1MP.
3558 354 3692 397 xt'ut

442 454 599 510 tricis
623 460 1013 519 sacrosanctae,
1066 467 1229 524 quam
1259 466 1492 524 magnus
1519 451 1868 522 eximiusque
1898 451 2020 503 l'ue-
2047 449 2093 507 Α
2123 463 2246 501 nam
2264 447 2714 517 apostolumorbis
2733 447 3175 515 Paulum,oratio
3195 464 3387 504 una.-—
3403 448 3468 505 In
3489 455 3692 523 glorio—

441 547 512 603 rit
553 555 763 612 orator,
803 562 870 601 ex
900 546 969 601 iis
997 561 1119 616 quae
1156 545 1353 615 scripsi
1389 545 1442 598 in
1478 544 1787 599 Caesaribus
1818 540 2013 595 Maria-
2114 557 2229 595 sum
2247 543 2552 611 prophetam
2577 541 2974 609 Eliam,oratio
2992 544 3265 598 unm—In
3280 544 3567 617 gloriosam
3588 546 3693 600 Do-

440 635 526 693 uis
558 650 682 707 cap.
714 636 771 701 8,
808 644 974 707 atque
1010 652 1075 691 ex
1121 633 1570 690 luculentissimis
1601 632 1723 701 ejus
1748 619 2015 688 orationi-
2116 637 2248 691 mini
2283 634 2839 705 Trans/igurationem,
2874 635 3149 691 orationes
3172 647 3302 691 tres.
3339 638 3476 693 -—In
3509 636 3697 691 Decol-

440 727 563 795 bu8,
600 729 655 783 in
690 727 934 783 Mariana
970 726 1309 782 BibliOlheca
1348 724 1704 789 ειιυῐηεττιῑῖευ
1746 732 1909 792 atque
1958 720 2014 775 ίη
2118 731 2368 786 lationem
2388 730 2755 799 pracursoris,
2791 729 2967 786 oratio
2989 729 3265 785 unm-11:
3290 731 3696 786 Exaltationem

440 820 543 875 hoc
591 818 804 875 Mariali
844 819 1119 883 adductis,
1150 833 1290 888 quas
1336 817 1453 887 ipse
1498 817 1566 871 de
1600 816 1721 886 ejus
1766 815 1924 871 festis
1963 822 2017 867 cl
2118 818 2176 875 S.
2204 820 2410 886 Crucis,
2435 822 2611 877 oratio
2631 820 2902 877 una.-ln
2923 819 3295 875 admirabilem
3337 831 3386 875 et
3407 821 3700 892 gloriamur

438 912 700 969 laudibus
744 927 853 968 non
898 914 1077 968 solum
1113 910 1363 981 piissime
1416 910 1846 979 doctissimeque
1876 907 2018 963 scri-
2122 910 3703 983 Dominidt'scipulumThomam,orationesdum.—-Quand0

438 1004 569 1076 psit,
606 1002 705 1060 sed
746 1019 814 1059 ex
850 1003 1137 1076 superiore
1167 1003 1307 1065 loco,
1338 1010 1393 1056 et
1428 1001 1483 1055 in
1511 998 1843 1056 circumfusa
1879 997 2020 1052 mul-
2120 1004 2309 1057 domus
2351 1005 2689 1074 imperatoris
2729 1004 2835 1074 fuit
2879 1014 3209 1071 consecrata,
3244 1004 3424 1061 oratio
3472 1021 3602 1061 una.
3634 1035 3704 1045 —-

438 1096 699 1152 titudinis
738 1111 944 1152 corona
982 1110 1180 1165 magno
1209 1108 1335 1150 cum
1380 1093 1576 1164 plausu
1615 1091 1774 1159 dixit,
1807 1089 2021 1161 perspi-
2124 1093 2192 1150 In
2225 1105 2467 1151 sanctum
2489 1096 2753 1152 Joannem
2785 1097 3250 1170 Chrysostomum,
3278 1099 3456 1157 oratio
3487 1112 3706 1152 uua.—

438 1205 605 1246 cuum
658 1197 765 1245 est.
816 1188 1023 1260 Dignus
1072 1194 1363 1260 prepterea
1403 1186 1498 1257 qui
1540 1185 1685 1240 inter
1716 1182 2021 1255 praecipuos
2130 1185 2195 1242 In
2227 1189 2673 1260 fulgentissimum
2711 1190 2969 1245 Ecclesite
3009 1191 3183 1245 lumen
3232 1189 3543 1255 Nicolaum,
3576 1203 3704 1247 ora-

440 1278 686 1351 Deiparae
719 1277 965 1349 Virginis
1000 1278 1369 1333 encomiastas
1387 1278 1513 1346 jure
1536 1276 1733 1331 merito
1767 1288 2019 1331 numere-
2125 1282 2201 1336 tio
2232 1296 2362 1339 una.
2392 1312 2463 1325 -—
2502 1280 2567 1336 la
2606 1281 2668 1337 S.
2714 1281 3068 1351 Stephanum,
3120 1284 3298 1338 oratio
3341 1297 3470 1337 una.
3521 1311 3595 1323 --
3638 1280 3706 1336 In

438 1383 547 1441 tur,
569 1382 775 1444 atquea
794 1370 1365 1443 Gracia,eloquentiae
1396 1370 1675 1441 quondam
1706 1369 1946 1432 alumna,
1970 1375 2025 1424 et
2123 1369 2226 1428 SS.
2256 1370 2506 1437 Lumina,
2527 1374 2707 1429 oratio
2747 1389 2875 1428 una.
2897 1404 2966 1415 —-
2987 1372 3054 1427 In
3084 1372 3144 1429 S.
3177 1372 3496 1429 Clementem
3526 1372 3705 1444 Ancy-

436 1467 637 1519 artium
657 1472 879 1534 parente
900 1464 1256 1534 optimarum,
1276 1462 1701 1533 multojactetur
1717 1459 2021 1525 honestius,
2126 1480 2337 1528 ranam,
2367 1467 2543 1521 oratio
2568 1482 2699 1521 una.
2724 1497 2795 1507 —
2827 1464 2894 1521 In
2928 1466 3218 1538 gloriosum
3247 1475 3535 1538 martyrem
3567 1464 3707 1535 Try-

436 1570 600 1627 quam
622 1555 657 1612 ii
679 1555 772 1627 qui
792 1556 861 1612 ab
883 1555 1071 1611 eadem
1089 1556 1361 1610 olimeum
1387 1553 1533 1609 fastu
1554 1553 2023 1608 memorabantur.
2119 1556 2367 1626 pltanem,
2400 1559 2578 1614 oratio
2612 1574 2737 1614 una.
2766 1590 2837 1600 -—
2868 1558 2937 1614 In
2979 1561 3154 1628 capite
3203 1558 3561 1615 sacratissimi
3604 1555 3707 1613 Je-

436 1645 572 1702 Vice
620 1663 910 1705 munerum
937 1656 989 1702 et
1020 1647 1380 1711 oblationum,
1418 1661 1557 1717 quas
1597 1643 1777 1699 Mariae
1805 1661 1870 1701 ex
1904 1644 2026 1700 ani-
2118 1648 2285 1717 junii,
2313 1651 2591 1708 orationes
2626 1660 2757 1707 tres.
2785 1682 2859 1694 —
2891 1650 3176 1721 Infestum
3210 1650 3550 1717 Palmarum,
3581 1664 3680 1707 ora

436 1754 530 1796 mo
566 1738 848 1807 offerebat,
887 1739 958 1795 ab
995 1739 1110 1811 ipsa
1147 1740 1479 1809 postulabat,
1504 1754 1611 1793 non
1639 1738 1761 1794 vitae
1792 1739 2028 1811 longitu-
2131 1743 2208 1797 tio
2237 1757 2366 1798 una.
2394 1775 2464 1785 —
2496 1743 2565 1798 In
2599 1743 2892 1800 Sabbatum
2936 1754 3198 1810 sanctum,
3242 1744 3423 1809 oratio
3474 1758 3603 1799 una.
3638 1772 3711 1785 --

436 1832 620 1889 dinem
658 1832 789 1905 (non
820 1832 965 1890 enim
998 1834 1133 1890 adeo
1164 1848 1283 1889 eam
1321 1833 1560 1898 amabat,
1589 1848 1763 1904 neque
1795 1832 2020 1888 insatia-
2055 1816 2098 1871 Β
2130 1832 2335 1900 Oratio,
2382 1834 2460 1889 vel
2493 1834 2733 1901 Epistola
2761 1835 3081 1905 parametica
3113 1833 3397 1899 catholica,
3438 1836 3504 1887 ad
3541 1846 3715 1903 quos-

437 1926 535 1982 bili
579 1925 858 1983 desiderio
890 1927 1055 1998 hujus
1085 1942 1285 1982 amara:
1324 1926 1710 1997 navigationis,
1760 1935 1814 1984 et
1852 1942 2015 1999 quam
2127 1941 2342 1997 cunque
2387 1926 2642 1983 videlicet
2690 1926 2896 1983 Christi
2942 1928 3128 1984 ﬁdeles
3173 1929 3405 1995 scripta,
3460 1927 3713 1981 hortato-

437 2017 792 2089 conjunctam
839 2020 1023 2088 habet,
1068 2021 1387 2091 agitationis
1441 2020 1799 2091 tenebatur),
1828 2020 1920 2077 sed
1977 2020 2023 2075 si
2126 2020 2207 2075 ria
2243 2018 2331 2085 fad
2377 2020 2515 2076 bene
2565 2028 2864 2093 sancteque
2906 2022 3219 2086 vivendum,
3259 2017 3421 2091 qdam
3463 2034 3493 2073 a
3535 2017 3708 2075 Fode-

438 2112 516 2169 ita
546 2112 856 2179 decretum,
891 2124 953 2169 ut
994 2130 1062 2171 ex
1110 2115 1214 2170 hac
1248 2115 1358 2169 vita
1404 2113 1825 2180 subduceretur,
1864 2114 2028 2184 largi-
2129 2111 2247 2165 rico
2308 2112 2472 2166 Metio
2534 2110 2830 2166 Latinitate
2895 2111 3152 2166 donatam
3216 2108 3375 2165 altert
3438 2109 3711 2164 Baronius

438 2213 617 2271 retur,
648 2204 728 2260 uti
768 2214 1124 2277 peccatorum
1167 2209 1409 2276 pondere
1453 2206 1755 2272 levaretur;
1798 2206 1944 2277 quod
1978 2207 2025 2262 si
2131 2200 2250 2253 Ιοεο
2300 2213 2466 2267 supra
2512 2198 2768 2269 ειιθελιοο
2811 2197 2942 2264 Ουίὲ
2987 2199 3150 2253 ﬁliam
3194 2197 3475 2252 οτίὶιῖοηοε
3519 2210 3711 2251 omnes

439 2296 652 2355 diutius
692 2298 749 2353 in
796 2313 963 2354 carne
1011 2298 1345 2353 manendum
1380 2307 1547 2363 esset,
1584 2299 1931 2363 concederet,
1970 2309 2029 2354 ut

2130 2288 2485 2358 reperiuntur
2533 2287 2721 2343 Griece
2777 2304 2910 2343 mss.
2953 2288 3008 2342 in
3062 2286 3251 2342 Sicilia
3286 2286 3343 2340 in
3377 2285 3710 2340 bibliotheca

442 2386 724 2443 fructuosa
771 2404 992 2459 gregem
1047 2398 1316 2459 pasceret.
1353 2390 1631 2461 simulque
1677 2406 1864 2447 secum
1910 2392 2029 2461 ipsa
2128 2381 2664 2439 Archimandritatus
2698 2382 2757 2436 S.
2799 2380 3124 2446 Salvatoris,
3162 2386 3222 2433 ut
3276 2385 3424 2449 patet
3453 2392 3521 2432 ex
3556 2385 3715 2431 cata-

440 2491 710 2551 pasceret,
743 2482 973 2543 duceret,
1008 2491 1058 2536 et
1077 2482 1354 2549 educeret,
1386 2498 1454 2537 ne
1470 2482 1524 2537 in
1543 2482 1639 2538 illo
1662 2498 1886 2555 operum
1923 2499 2030 2538 om.
2132 2473 2255 2543 logo
2277 2474 2437 2529 dictae
2461 2473 2809 2529 bibliotheca:
2826 2471 3089 2527 Messanae
3108 2469 3361 2525 conlecto
3379 2484 3526 2524 anno
3545 2466 3707 2523 l563.

443 2572 598 2628 nium
629 2583 892 2628 accurato
910 2574 1180 2640 examine,
1200 2583 1421 2645 propter
1436 2574 1710 2643 subditos,
1733 2575 2033 2631 damnatio-
2204 2565 2309 2622 Sed
2343 2576 2399 2622 ει
2428 2566 2480 2621 in
2506 2565 2841 2621 δίὺίῖοιιιεθα
2894 2562 3152 2631 navari“
3178 2570 3397 2619 οιειτιηι
3434 2561 3538 2617 ³υῆ
3562 2559 3713 2629 εὲιιε-

444 2663 533 2719 nis
567 2664 839 2720 sententia
889 2666 1153 2721 adversus
1176 2680 1235 2720 se
1258 2663 1520 2720 ferretur.
1541 2663 1688 2720 Nihil
1716 2682 1899 2732 suum,
1933 2666 2030 2722 sed

2132 2656 2257 2712 dem
2289 2656 2490 2712 Leonis
2526 2660 2772 2720 nomine,
2803 2655 3175 2719 Graecemss.,
3208 2664 3268 2709 ut
3299 2654 3354 2708 in
3396 2668 3496 2709 suo
3531 2653 3714 2723 Appa-

448 2754 713 2826 Iinguam,
747 2756 1077 2820 orationem,
1109 2765 1164 2812 et,
1216 2771 1465 2827 regnum,
1499 2763 1553 2811 et
1585 2756 1632 2812 si
1674 2758 1820 2826 quod
1859 2757 2031 2826 aliud,
2136 2756 2255 2801 ratu
2290 2765 2465 2814 sacro,
2494 2754 2643 2803 tomo
2678 2748 2741 2812 Ii,
2770 2754 3006 2801 testatur
3056 2746 3392 2803 Possevinus
3422 2764 3437 2801 :
3489 2744 3715 2817 Hyntni,

446 2845 502 2901 id
558 2861 723 2902 omne
779 2848 952 2904 beatae
1004 2848 1244 2919 Virginis
1313 2863 1462 2903 curae
1532 2856 1588 2903 et
1640 2849 2033 2906 benevolentiae

2133 2848 2190 2894 et
2226 2840 2359 2893 Acta
2389 2838 2640 2910 quaedam
2671 2837 2903 2904 Christi,
2932 2844 2987 2894 et
3032 2838 3173 2895 liber
3212 2837 3291 2892 De
3328 2836 3515 2892 bellico
3549 2851 3712 2903 appa—

447 2953 651 2994 munus
680 2937 936 2995 ducebat.
972 2938 1034 2995 Et
1060 2950 1121 2995 ut
1152 2947 1471 2995 servaretur
1500 2939 1715 2997 insidiis
1749 2942 2031 3011 rapacium
2136 2940 2282 2986 fatu-

447 3030 691 3086 ferarum
720 3032 995 3102 superior,
1023 3032 1443 3104 nutrireturque
1471 3033 1525 3087 in
1550 3032 1786 3089 viviﬁcis
1810 3034 2033 3105 pascuis

2208 3024 2274 3079 Et
2306 3025 2527 3096 quidem
2562 3023 2698 3079 Acta
2736 3022 2943 3079 Christi
2989 3021 3247 3095 prodiere
3282 3020 3340 3075 in
3378 3018 3579 3088 lucem,
3610 3017 3716 3075 La-

447 3122 688 3193 pietatis,
720 3132 776 3179 et
813 3138 939 3179 cum
985 3139 1126 3195 opus
1177 3130 1327 3181 esset
1365 3125 1493 3180 hinc
1520 3125 1813 3197 emigrare,
1843 3126 1897 3180 in
1938 3140 2031 3185 sar-
2056 3156 2102 3219 ρ
2138 3113 2252 3171 line
2275 3114 2421 3219 [facta
2451 3111 3000 3219 aAJacolgonGrelsgro
3034 3108 3400 3219 Societznlnesg
3432 3108 3713 3219 ιηεξοιοξξξ.

448 3215 724 3272 lutaribus
763 3215 922 3272 atriis
957 3216 1198 3287 quietem
1244 3218 1680 3285 nancisceretur,
1724 3217 1819 3274 ubi
1868 3218 2031 3273 timor
2059 3201 2076 3219 “

2085 3201 2102 3218 ³
2134 3222 2200 3262 ex
2237 3205 2452 3261 otiicina
2480 3204 2676 3260 Adami
2709 3203 2967 3270 Sartorii,
2998 3218 3145 3258 anno
3181 3201 3340 3261 1600.
3373 3201 3713 3270 lngolstadii.

448 3308 655 3374 nullus,
691 3309 856 3364 nulla:
904 3309 1101 3375 turbae,
1145 3317 1243 3365 aut
1294 3310 1612 3367 sollicitudo
1665 3310 1987 3367 insidiarum
2014 3350 2028 3375 ,

2135 3297 2298 3354 Liber
2322 3305 2503 3353 autem
2530 3296 2606 3353 De
2635 3305 2899 3365 apparatu
2925 3295 3131 3362 bellico,
3159 3292 3423 3366 quoniam
3451 3308 3482 3348 a
3505 3290 3718 3350 Joanne

447 3399 547 3458 sed
594 3402 753 3471 plena
805 3403 1050 3473 requies,
1082 3410 1137 3458 et
1187 3404 1583 3474 tranquillitas,
1613 3412 1669 3461 et
1715 3406 2029 3471 exsultatio,

2134 3390 2317 3445 Checo
2369 3405 2565 3446 versus
2620 3390 2694 3443 ita
2750 3389 2954 3457 fuerat,
2993 3398 3051 3444 ut
3101 3403 3225 3459 quae
3273 3390 3341 3443 ad
3396 3390 3715 3460 religionem

448 3493 699 3550 eamdem
751 3494 967 3551 beatam
1020 3496 1297 3566 Virginem
1352 3496 1720 3554 intentissime
1771 3499 2032 3568 depreca-
2136 3484 2483 3554 δροειθδθηίν
2534 3484 2621 3539 vel
2668 3485 2886 3554 dempta
2917 3523 2933 3549 r
2985 3484 3070 3539 "ei
3121 3487 3419 3553 depravata
3473 3489 3716 3537 essent:

450 3583 633 3639 ωιυιι,
680 3584 862 3656 [psam
915 3586 1081 3643 etiam
1132 3587 1348 3642 beatam
1395 3585 1673 3658 Virginem
1709 3587 2030 3658 adiutricem
2135 3573 2409 3630 Antonius
2457 3572 2789 3629 Possevinus
2838 3573 3076 3643 primum
3134 3573 3355 3644 quidem
3403 3572 3456 3627 in
3507 3588 3521 3627 ι
3576 3572 3721 3627 libro

451 3692 608 3733 suam
656 3678 967 3749 appellans,
1004 3694 1065 3735 se
1106 3694 1324 3751 semper
1357 3695 1386 3735 a
1420 3696 1590 3750 puero
1630 3681 1697 3736 ab
1741 3697 1806 3736 ea
1853 3692 2035 3752 prole.
2138 3665 2352 3722 selectae
2415 3679 2529 3719 suae
2590 3662 2936 3719 Bibliotheca
2996 3678 3063 3719 ex
3128 3663 3319 3719 Graeco
3380 3663 3717 3733 exemplari,

452 3778 601 3824 clum
637 3770 1009 3840 gloriabatur;
1049 3787 1213 3842 quam
1258 3772 1485 3843 insuper
1528 3774 1688 3829 enim
1726 3775 1940 3841 orabat,
1974 3782 2033 3829 ιη
2138 3764 2321 3813 astum
2380 3764 2435 3811 et
2478 3754 2634 3811 dolos
2679 3755 2995 3825 interpretis
3044 3755 3286 3810 haeretici
3336 3756 3575 3811 ostendit
3634 3764 3721 3809 at-

450 3876 513 3917 se
560 3877 778 3932 semper
824 3870 1153 3933 protegeret,
1192 3879 1291 3920 nec
1342 3879 1442 3919 sua
1496 3863 1817 3920 defensione
1863 3864 2033 3921 desti-

2138 3862 2246 3917 que
2286 3846 2595 3902 emendavit
2628 3862 2642 3901 :
2684 3843 2883 3900 deinde
2935 3844 3065 3900 item
3107 3846 3163 3899 in
3206 3846 3480 3915 Apparata
3514 3860 3615 3901 suo
3648 3846 3717 3900 ad

454 3961 634 4009 lueret
665 3972 679 4008 :
715 3952 810 4010 sed
845 3954 947 4010 alis
999 3955 1283 4024 obtegens,
1325 3956 1525 4025 quibus
1563 3957 1632 4011 ab
1674 3956 1832 4013 initio
1875 3956 2033 4024 fovit,

2139 3939 2446 3994 Humanam
2501 3937 2821 4011 Historiam,
2866 3952 3103 3993 excusso
3155 3936 3399 3995 Venetiis
3448 3939 3716 4005 auctiore,

454 4043 581 4098 vita
629 4058 855 4099 cursum
902 4043 971 4099 ad
1022 4044 1289 4114 optimum
1344 4045 1604 4117 dirigere;
1630 4044 1814 4113 ﬁnem,
1871 4046 2035 4101 simul
2139 4046 2209 4087 ne
2251 4032 2376 4099 quis
2438 4031 2571 4083 tanti
2611 4028 2959 4117 imperatoris
3013 4030 3235 4084 nomine
3274 4046 3398 4117 eum
3454 4031 3719 4087 militibus

455 4136 853 4193 administrans
925 4138 1255 4209 imperium,
1320 4116 1471 4209 quod
1533 4136 2033 4193 administrandum
2148 4133 2369 4190 quoque
2419 4117 2695 4177 ίὼυίδῑυτ·
2728 4116 2887 4187 (μιδεὶ
2923 4131 3031 4209 9°C
3069 4130 3287 4172 539mm
3330 4116 3510 4174 missi"!
3548 4119 3720 4174 εἴητί·

454 4228 575 4299 ipsa
621 4237 906 4299 sequestra
961 4229 1209 4295 dederat,
1249 4208 1478 4285 servans
1526 4229 1575 4284 ei
1631 4229 1886 4285 eximiam
1939 4229 2034 4285 ﬁlii

2140 4211 2347 4276 licium,
2389 4225 2488 4264 nec
2541 4209 2790 4279 reliquus
2842 4208 3183 4265 orlbodoxus
3235 4209 3419 4265 cultus
3465 4226 3533 4265 eo
3582 4219 3720 4268 tem-

456 4320 544 4379 sui
580 4320 979 4389 hereditatem,
1013 4330 1067 4378 et
1102 4322 1395 4393 perticiens
1429 4322 1598 4392 (quod
1642 4321 1899 4378 omnibus
1945 4322 2039 4378 ille
2138 4316 2271 4373 Ροτθ
2324 4300 2667 4393 “ﬁnissem
2698 4318 2711 4354 ⁵
2748 4315 2985 4370 quorm“
3039 4299 3128 4355 me
3168 4316 3295 4393 9°"
3338 4309 3465 4393 ""fg
3493 4302 3720 4393 menti“

460 4410 805 4484 praeferebat)
855 4412 1045 4484 pepuli
1091 4390 1177 4468 sui
1222 4412 1405 4479 electi,
1444 4390 1625 4484 gentis
1654 4423 1861 4469 sanctas,
1886 4414 2037 4469 satu-
2140 4409 2263 4449 nem
2318 4391 2482 4459 facit,
2530 4409 2692 4463 quam
2748 4393 3001 4447 hortatur
3052 4398 3111 4446 ut
3166 4390 3221 4446 in
3278 4390 3719 4462 expeditionibus

458 4512 591 4560 tem.
626 4501 734 4559 Sed
784 4512 980 4575 praeter
1035 4502 1328 4560 Orationes
1381 4503 1436 4558 in
1489 4516 1856 4560 sacrosanctae
1908 4504 2086 4568 Dei-1

1489 4516 1856 4560 sacrosancta:
1908 4504 2033 4561 Dei-
2065 4512 2110 4568 ι)
2142 4486 2412 4542 rationem
2446 4486 2789 4557 potissimum
2824 4485 3078 4541 habeant.

456 4608 603 4665 ρει-ε
665 4592 882 4648 laudem
945 4588 1587 4663 commendationemquc
1644 4592 2035 4656 elucubratas,
2210 4578 2387 4651 Hujus
2420 4580 2582 4635 etiam
2614 4595 2678 4633 ex
2715 4577 3072 4633 meditatione
3100 4578 3327 4633 extremi
3354 4577 3545 4649 judicii
3572 4576 3715 4632 Can-

457 4682 615 4753 p‘uya
641 4680 806 4737 etiam
835 4679 943 4735 alia
972 4678 1415 4751 prastanﬁssimi
1446 4678 1648 4750 ingenii
1679 4687 2034 4734 monumenta
2096 4692 2103 4697 ‘
2139 4668 2302 4722 ticum
2335 4667 2774 4737 compunctionis,
2811 4666 2955 4735 quod
2987 4682 3054 4722 ex
3093 4666 3423 4723 bibliotheca
3456 4667 3716 4722 Bavarica

459 4789 585 4830 cum
618 4772 791 4844 gloria
824 4771 1135 4827 transmisit
1178 4772 1247 4826 ad
1300 4778 1552 4842 posteros
1594 4770 2036 4840 sapientissimus

2140 4758 2337 4815 Latine
2380 4775 2410 4814 e
2441 4758 2631 4815 Graeco
2670 4758 2907 4815 reddidit
2952 4757 3195 4814 Jacohus
3246 4759 3549 4827 Pontanus,
3586 4774 3717 4830 pro-

460 4867 780 4938 imperator.
821 4864 1055 4921 Exstant
1093 4865 1238 4920 enim
1281 4864 1386 4920 sub
1431 4863 1551 4933 ejus
1596 4864 1821 4918 nomine
1871 4863 1924 4919 in
1956 4864 2039 4919 bi-

2138 4852 2241 4907 diit
2289 4850 2609 4922 lngolstadii
2666 4851 2810 4923 apud
2873 4849 3141 4906 Adamum
3202 4850 3511 4906 Sertorium
3571 4866 3721 4906 anno

459 4958 748 5014 ιιίοιιιεαε
788 4956 1065 5013 Vaticana;
1116 4955 1405 5012 codicibus
1456 4952 1645 5009 ογωεε
1684 4970 1815 5009 πιεε,
1852 4965 1911 5009 υι
1952 4970 2039 5009 re.
2140 4943 2299 4999 1603.
2336 4945 2392 4999 In
2427 4944 2755 4999 Bibliotheca
2780 4954 2959 4999 autem
2995 4952 3221 4998 veterum
3265 4941 3407 5010 PP.,
3438 4954 3584 4999 tomo
3623 4944 3716 5010 ltt,

459 5051 563 5107 tert
592 5050 882 5117 Baronius,
916 5059 1063 5105 tome
1089 5048 1136 5105 Χ
1169 5050 1234 5104 ad
1271 5064 1475 5103 annum
1506 5047 1711 5104 Christi
1744 5046 1893 5113 9H,:

2140 5043 2319 5091 exstat
2356 5036 2600 5105 Epistola
2651 5037 2719 5090 ad
2770 5050 2950 5111 regem
3000 5034 3399 5091 Saracenorum
3452 5038 3519 5091 de
3555 5036 3716 5092 Chri-

529 5142 763 5198 Centum
793 5151 848 5197 et
874 5142 1134 5197 tredecim
1164 5140 1401 5196 Novella
1429 5141 1843 5196 Constitutioncs
1869 5142 2040 5195 dicer-
2140 5142 2157 5181 ε

2140 5127 2334 5181 ειίτιηω
2384 5125 2504 5179 ﬁdei
2558 5126 2785 5179 veritate
2832 5133 2886 5177 et
2934 5121 3338 5177 Saracenorum
3398 5122 3718 5194 impietate,

457 5252 642 5290 eorum
695 5245 1153 5307 argumentorum.
1186 5264 1255 5275 --
1313 5233 1589 5301 Prwccpta
1645 5233 1897 5295 moralia,
1932 5250 2039 5287 una
2142 5221 2245 5275 hac
2294 5218 2649 5289 ίηεετῖριίοηθ
2682 5236 2697 5271 ε
2731 5215 2959 5307 Leon“:
3014 5224 3357 5307 ευῼηοτξιεζηο
3394 5214 3719 5307 Philosophi.

462 5345 582 5383 cum
646 5328 1101 5393 interpretatione.
1167 5355 1237 5364 —-
1298 5324 1377 5379 De
1440 5324 1765 5379 instruendis
1827 5324 2037 5378 aciebus

2143 5310 2477 5379 imperatoris
2519 5304 3211 5374 Conslantinopolilani,a¢l
3254 5302 3512 5359 Omarum
3547 5304 3717 5358 Sara-

462 5422 910 5479 Contntentarius.
956 5449 1024 5463 -—
1064 5418 1400 5490 Afnigmata.
1442 5448 1513 5458 --
1552 5414 1620 5470 In
1667 5417 2039 5471 admirabilem
2142 5421 2390 5460 ceuorum
2426 5418 2617 5473 regem,
2652 5403 2714 5455 de
2737 5400 2859 5471 ﬁdei
2888 5399 3209 5453 Christiane
3238 5399 3458 5453 veritate
3491 5415 3553 5451 ac
3603 5414 3718 5468 my-

459 5522 509 5567 ει
541 5511 833 5583 gloriosam
872 5489 1245 5565 Αεεεηδὶοηεὴι
1299 5509 1515 5563 Domini
1568 5510 1746 5563 οτιιιίο
1802 5524 1930 5563 una,
1971 5539 2041 5550 ..-
2142 5500 2337 5564 stertis,
2366 5506 2413 5551 et
2445 5497 2509 5550 de
2537 5496 2699 5550 variis
2729 5496 3122 5550 Saracenorum
3164 5492 3449 5547 h¢f€3lblﬂ
3484 5500 3537 5545 et
3575 5489 3719 5544 blas-

464 5599 532 5656 ιη
583 5600 841 5671 Spiritum
892 5610 1177 5665 sanctum,
1240 5602 1378 5670 quod
1440 5601 1657 5670 propria
1723 5601 2042 5654 auctoritate
2143 5593 2395 5664 phemiis,
2443 5590 2835 5660 Symphoriano
2905 5588 3185 5656 Camperio
3240 5584 3600 5656 Lugdunensi.
3653 5599 3721 5638 ea:

462 5693 801 5761 adoptionem
855 5694 1092 5761 ﬁliorum
1145 5694 1242 5748 Dei
1295 5693 1591 5747 hominibus
1650 5693 1873 5761 largitus
1927 5702 2039 5757 est,
2145 5685 2437 5741 Cltaldaica
2471 5686 2523 5736 in
2564 5682 2799 5753 linguam
2859 5681 3101 5734 Latinam
3136 5681 3430 5748 interprete.
3467 5676 3573 5733 Sed
3609 5693 3719 5730 non

464 5784 1352 5843 oratiouna—luomncssanctos
1372 5787 1549 5841 oratio
1570 5802 1697 5839 una.
1721 5816 1784 5825 -—
1813 5783 2042 5855 Inmag-
2146 5781 2358 5846 dubito,
2391 5778 2523 5850 quin
2563 5778 2663 5832 alia
2698 5778 2851 5847 plura
2886 5773 2938 5831 in
2982 5777 3106 5832 aliis
3141 5774 3485 5831 bibliothecis
3513 5774 3719 5827 lateant
