4124 6320
452 354 543 395 nx
1414 362 1415 365 η
1765 331 2036 394 PROLEf.

2140 331 2353 394 tIENA.
2433 301 2441 304 ’
3638 345 3711 389 xx

453 452 844 527 sapientissimi
881 451 1228 524 imperatoris
1271 451 1600 521 scriptorum
1648 455 2021 511 monumenta,
2053 455 2102 511 Α
2126 443 2573 512 memoravimus,
2607 459 2735 500 cum
2779 444 2941 502 laude
2981 444 3306 512 meminere,
3343 446 3713 506 Bellarminus

452 563 576 617 quae
626 545 923 617 aliquando
962 546 1070 600 Deo
1099 545 1317 600 volente
1346 541 1698 614 proferentur
1732 540 1788 594 in
1821 539 2024 594 lucem.

522 640 658 696 Cum
683 651 863 696 autem
896 639 1246 695 doetissimus
1278 637 1366 691 hic
1399 636 1813 705 imperatorum,
1842 632 2033 687 morbo

452 742 740 804 correptus
785 732 1089 803 periculum
1139 731 1449 796 minitante,
1488 727 1877 784 administrate
1916 726 2031 797 jam

453 831 553 897 per
595 827 784 898 viginti
838 843 933 883 sex
969 841 1144 881 annos
1184 824 1553 880 Romanorum
1598 821 1850 892 imperio,
1884 834 2031 875 mor-

453 926 562 973 tem
595 918 882 973 imminere
914 916 1017 972 sibi
1054 923 1304 971 cerneret
1346 932 1358 968 :
1399 913 1663 970 advocato
1705 920 1921 974 senatu,
1952 912 2035 968 sic

454 1012 573 1066 iniit
599 1028 614 1066 :
639 1009 780 1066 Caro
831 1009 986 1082 mea,|
1019 1011 1200 1073 amici,
1233 1009 1415 1064 morbo
1450 1015 1760 1076 consumpta
1785 1005 2032 1077 difﬂuxit,

450 1107 685 1175 viresque
715 1105 1039 1174 defecerunt,
1078 1121 1140 1157 ac
1173 1104 1426 1174 fortassis
1482 1102 1749 1157 vobiscum
1799 1100 2033 1170 amplius

451 1215 554 1253 non
595 1199 783 1262 vivam,
817 1214 977 1268 neque
1010 1197 1079 1252 ad
1115 1198 1308 1266 festum
1357 1195 1780 1250 Resurrectionis
1832 1191 2037 1249 Christi

449 1291 590 1346 diem
624 1293 764 1362 (erat
813 1298 944 1345 tunc
982 1288 1178 1359 jejunii
1211 1287 1656 1360 Quadragesimse
1687 1287 1924 1356 tempus)
1960 1284 2036 1338 vi-

453 1391 561 1436 tam
596 1383 900 1451 perducant.
933 1381 1084 1435 Hanc
1117 1381 1294 1448 itaque
1335 1395 1519 1443 unam,
1551 1387 1599 1432 et
1635 1387 1959 1444 postremam
2003 1390 2035 1427 a

450 1477 596 1534 vobis
618 1478 850 1548 gratiam
879 1477 1089 1546 postulo
1121 1474 1247 1528 mihi
1277 1472 1418 1527 dari.
1451 1470 1844 1531 Recordamini,
1874 1484 2034 1537 quam

449 1587 533 1628 me
565 1571 709 1626 vobis
740 1567 1020 1642 benignum
1049 1568 1364 1636 praebuerint
1396 1581 1414 1622 :
1445 1575 1603 1636 atque
1648 1563 1766 1618 ideo
1811 1578 2033 1618 uxorem

451 1663 724 1733 ﬁliumque
783 1661 927 1716 vobis
986 1657 1414 1715 commendatum
1474 1655 1732 1710 habetote.
1797 1653 2033 1710 Senatus

450 1773 574 1812 cum
615 1755 742 1812 ﬁetu
787 1762 951 1826 atque
980 1753 1186 1824 ejuiatu
1223 1750 1487 1814 ostendit,
1519 1764 1578 1805 se
1605 1749 1822 1819 jactura
1864 1747 2029 1816 hujus

2137 538 2194 593 in
2226 535 2321 591 lib.
2357 535 2434 591 De
2480 537 2666 607 script.
2698 538 2885 593 ecclea.
2931 538 3134 594 saeculo
3167 553 3258 607 tx;
3310 538 3502 595 Petrus
3545 541 3716 595 Cani-

2137 624 2276 694 si'us,
2318 630 2415 685 lib.
2449 645 2482 678 ν
2516 628 2594 684 De
2629 629 2884 700 Deipara,
2927 646 3052 701 cap.
3089 646 3162 696 v;
3210 629 3450 686 Joannes
3487 629 3716 685 Bonifa-

2135 723 2279 788 cius,
2317 725 2368 778 in
2400 723 2648 778 Historia
2692 724 2962 796 virginali,
2997 722 3093 780 lib.
3128 739 3191 791 ιι,
3227 736 3348 795 cap.
3390 720 3491 789 l2;
3531 720 3719 780 Ferdi-

2134 817 2351 873 nandus
2385 817 2648 884 Quirinus
2696 817 2766 874 de
2817 817 3062 885 Salazar,
3115 818 3175 874 in
3228 818 3412 873 Tract.
3456 816 3521 873 de
3575 817 3720 873 Con-

2133 910 2392 980 ceptione,
2437 925 2562 982 cap.
2611 910 2703 973 42,
2751 912 2954 966 saeculo
3005 926 3076 979 x;
3131 909 3442 966 Ludovicus
3483 908 3653 966 ὅπου
3686 925 3717 964 a

2139 1002 2595 1070 Sancto-Carolo,
2628 1005 2681 1061 in
2711 1004 3036 1060 Bibliotheca
3061 1004 3336 1075 pontiﬁcio
3359 1003 3453 1059 lib.
3476 1020 3541 1069 ιι,
3571 1010 3628 1058 et
3661 1003 3718 1058 in

2137 1095 2479 1152 Bibliotheca
2501 1095 2952 1167 Cmsareo-llegia
2979 1095 3220 1150 nondum
3249 1094 3434 1159 edita;
3466 1090 3527 1148 L.
3558 1093 3722 1149 Clau-

2137 1190 2261 1247 dius
2295 1192 2570 1257 Clemens,
2609 1191 2665 1246 in
2717 1187 3081 1245 Instructiorte
3127 1186 3322 1243 mustei
3372 1188 3465 1244 lib.
3511 1204 3551 1253 ι,
3592 1201 3716 1259 cap.

2135 1283 2239 1352 25;
2277 1282 2519 1341 Joannes
2578 1285 2854 1342 Serranus
2909 1285 3202 1355 episcopus
3250 1283 3602 1346 Acernensis,
3647 1278 3721 1338 De

2137 1375 2490 1446 Conceptione
2516 1378 2683 1432 beata:
2716 1378 2971 1449 Virginis,
2996 1377 3094 1432 lib.
3120 1390 3184 1440 ιι,
3208 1391 3333 1447 cap.
3360 1376 3451 1438 23,
3475 1390 3625 1429 num.
3649 1375 3719 1442 9;

2135 1468 2434 1541 Gregorius
2468 1470 2768 1540 Gyraidus,
2802 1469 2879 1525 De
2911 1471 3076 1538 poetis
3103 1471 3393 1530 historicis.
3427 1468 3628 1539 dialog.
3653 1477 3718 1532 v;

2136 1557 2467 1617 Laurentius
2510 1559 2859 1632 Beyerlingh,
2900 1561 2957 1617 in
3009 1561 3239 1617 Theatra
3289 1561 3409 1616 vita
3452 1559 3719 1624 humauit,

2137 1655 2307 1710 variis
2356 1655 2408 1709 in
2464 1656 2624 1720 locis,
2661 1655 2866 1726 aliique
2916 1655 3192 1728 permulti.
3235 1654 3494 1710 Nonnulli
3537 1663 3718 1710 tamen

2135 1763 2261 1803 cum
2292 1748 2471 1804 Leone
2495 1751 2586 1805 illo
2616 1751 2897 1821 Byzantio,
2920 1751 3094 1821 stirpe
3116 1749 3718 1806 Morocltarzaniorum.

451 1848 660 1904 domini
717 1855 881 1917 atque
933 1843 1282 1916 imperatoris
1332 1839 1711 1896 incredibilem
1752 1839 2031 1909 percipere
2065 1829 2104 1883 Β
2134 1851 2500 1913 cognomento
2539 1844 2740 1912 pariter
2756 1841 3114 1914 Philosophe,
3140 1840 3504 1905 confundunt,
3530 1837 3724 1910 qui,ut

452 1941 731 2005 dolorem;
777 1940 1037 2008 Augusta:
1087 1945 1270 1991 autem
1329 1942 1382 1989 et
1434 1933 1542 1988 ﬁlio
1593 1931 1909 2001 imperatori
1957 1931 2033 1985 ita

452 2047 512 2088 se
551 2029 736 2085 ﬁdeles
767 2028 905 2094 fore,
931 2035 990 2082 ut
1021 2027 1101 2082 vel
1134 2026 1333 2081 millies
1374 2040 1472 2096 pro
1505 2038 1573 2079 eo
1606 2024 1739 2086 sint,
1769 2023 1838 2076 ita
1870 2023 2035 2078 rebus

455 2122 829 2194 poscentibus.
873 2129 1102 2174 mortem
1156 2117 1474 2188 appetituri.
1513 2115 1884 2171 Alexandrum
1928 2113 2040 2168 ira-

454 2226 615 2284 trem,
645 2223 700 2270 et
729 2214 1148 2270 Constantinum
1194 2214 1366 2266 ﬁlium
1413 2213 1776 2282 imperatores
1806 2211 2036 2277 creavit,

453 2311 557 2364 hoc
586 2309 704 2364 solo
736 2307 791 2362 in
821 2300 1087 2363 extremis
1129 2305 1589 2374 respirationibus
1633 2303 1988 2375 prenuutiato
2018 2320 2032 2358 :

453 2401 820 2457 Alexandrum
874 2401 1036 2456 etiam
1095 2399 1272 2470 (proh
1339 2414 1562 2469 parcum
1649 2399 2038 2469 malignumque

455 2503 654 2560 tempus
679 2494 721 2563 .')
754 2500 870 2562 post
903 2491 1148 2547 tredecim
1183 2507 1382 2546 menses
1415 2491 1584 2548 video.
1637 2490 1860 2547 Volebat
1891 2490 2036 2546 enim

455 2582 768 2654 signiﬁcare
820 2597 1047 2652 regnum
1093 2580 1385 2636 Alexandri
1436 2580 1714 2635 tantillum
1765 2581 2027 2649 temporis

454 2674 817 2740 duraturum;
870 2689 992 2742 quae
1041 2688 1174 2729 sane
1223 2671 1427 2728 Leonis
1468 2687 1572 2727 vox
1635 2671 1861 2726 minime
1899 2686 2036 2725 vana

456 2765 594 2830 fuit;
634 2780 760 2818 nam
799 2764 1107 2820 Alexander
1149 2764 1520 2835 voluptatibus
1576 2773 1628 2818 et
1670 2765 2038 2835 compotatio‘

456 2858 618 2914 nibus
648 2858 956 2929 indulgens,
996 2873 1094 2912 nec
1136 2857 1244 2911 ulla
1289 2872 1348 2911 re
1395 2865 1551 2911 tanto
1585 2856 1816 2927 imperio
1849 2856 2036 2927 digna,

452 2953 541 3008 vel
585 2967 767 3023 opere,
801 2953 885 3007 vel
922 2953 1103 3007 verbis
1139 2950 1403 3021 perlecta,
1445 2950 1528 3005 vel
1570 2950 1754 3005 animo
1801 2950 2039 3022 denique

454 3053 753 3115 concepta,
815 3052 912 3099 ceu
973 3044 1072 3100 ﬂos
1125 3042 1262 3098 solis
1313 3041 1634 3098 eliieacitate
1666 3055 2038 3109 mareescens,

454 3137 764 3194 exstinctus
812 3145 917 3203 est,
949 3145 1003 3190 et
1049 3152 1080 3189 a
1135 3134 1342 3191 morbis
1386 3134 1640 3190 celeriter
1690 3134 2037 3204 absumptus.

453 3229 643 3302 Itaque
671 3231 824 3285 solus
855 3230 1144 3300 imperium
1175 3227 1574 3299 Constantinus
1612 3225 1870 3292 obtinuit,
1909 3238 2036 3285 mta-

458 3325 528 3381 tis
557 3325 733 3380 adhuc
764 3332 965 3377 tenera:
1004 3337 1161 3393 puer.

528 3413 712 3471 Rebus
738 3413 977 3470 excessit
1004 3413 1262 3468 humanis
1288 3426 1436 3468 anno
1468 3411 1768 3469 salutifera
1805 3412 2040 3468 Redem-

455 3508 659 3578 ptionis
689 3506 815 3572 9H,
852 3505 1066 3576 imperii
1095 3505 1188 3570 26,
1233 3504 1342 3563 diei
1389 3505 1449 3561 ll
1494 3504 1665 3566 Junii.
1736 3523 1832 3562 seu
1862 3507 2038 3562 utaiii

454 3602 640 3655 volttnt
711 3599 864 3666 \laii,
918 3614 947 3652 ιι
997 3598 1364 3654 Constantino
1422 3599 1534 3655 ﬁlio
1591 3600 1918 3668 imperatore
1985 3600 2038 3655 in

457 3691 697 3748 Historia
730 3690 798 3746 de
837 3689 945 3744 vita
973 3698 1028 3745 et
1062 3692 1228 3746 rebus
1261 3690 1432 3761 gestis
1468 3690 1553 3744 avi
1587 3691 1674 3744 sui
1710 3689 1897 3746 Basilii
1929 3686 2043 3746 Ma-

457 3784 684 3840 cedonis
741 3799 836 3853 per
885 3781 1124 3837 Leonem
1170 3782 1432 3836 Allatium
1475 3781 1774 3838 Latinitate
1815 3783 2040 3850 donata,

459 3881 642 3935 dictus
697 3877 808 3934 Leo
841 3877 1171 3931 mitissimus
1213 3884 1267 3932 et
1319 3877 1800 3947 sapientissimus;
1838 3893 1865 3931 a
1898 3877 2045 3933 Con-

460 3972 705 4026 stantino
746 3969 1001 4023 Manasse
1041 3968 1094 4020 in
1147 3966 1445 4022 Annalibus
1497 3966 1801 4038 appellatus
1852 3982 2043 4024 revera

460 4063 726 4119 doctrinae
759 4061 1241 4128 studiosissimus,
1303 4061 1452 4115 omni
1523 4062 1754 4118 scientia
1820 4062 2044 4132 cepiose

463 4157 796 4218 inStructns,
820 4161 875 4207 et
899 4151 1156 4207 erunibus
1181 4150 1490 4222 disciplinis
1508 4167 1538 4206 a
1563 4167 1733 4222 puero
1757 4152 2041 4220 excultus;

463 4256 632 4318 atque
661 4260 689 4300 a
722 4245 933 4302 Joanne
969 4245 1180 4301 Zonara
1221 4253 1368 4302 tomo
1408 4244 1473 4300 lli
1512 4246 1802 4301 Annalium
1851 4247 2046 4316 prmdi-

463 4350 623 4397 catus
685 4340 1061 4396 doctrinarum
1116 4339 1298 4396 omnis
1346 4340 1563 4410 generis
1612 4348 1845 4406 amator,
1882 4348 1934 4395 et
1989 4340 2043 4396 in

466 4433 715 4490 doctrina
763 4434 829 4489 de
870 4434 1108 4488 motibus
1181 4432 1425 4488 siderum
1465 4447 1771 4503 eorumque
1833 4432 2040 4488 eiiccti«

2135 1933 2382 1990 referunt
2409 1936 2690 1992 Cedrenus
2718 1945 2772 1993 et
2808 1937 3028 2010 Glycas,
3079 1939 3183 1995 sub
3217 1935 3524 2008 Theophila
3548 1935 3726 2007 impe-

2135 2034 2321 2081 ratore
2354 2027 2562 2090 ﬂoruit,
2599 2039 2653 2084 et
2692 2029 3047 2097 rhetoricam,
3085 2029 3514 2101 philosOpltiam,
3550 2022 3725 2083 arith-

2139 2120 2431 2185 meticam,
2489 2121 2842 2191 reliquasque
2890 2122 3155 2177 scientias
3205 2121 3259 2176 in
3317 2121 3492 2176 Antro
3544 2117 3723 2175 insula

2137 2211 2351 2277 didicit,
2380 2212 2454 2268 ibi
2485 2221 2741 2268 versatus
2771 2227 2896 2268 cum
2925 2213 3190 2270 Michaele
3219 2213 3400 2270 Pseilo
3428 2218 3727 2284 przeslante

2139 2306 2260 2361 viro
2294 2325 2308 2373 ;
2341 2307 2410 2361 ab
2443 2322 2618 2377 eoque
2669 2304 2958 2379 principiis
3005 2316 3222 2364 tantum
3245 2348 3262 2375 ,
3311 2317 3365 2364 et
3398 2307 3724 2378 quibusdam

2139 2403 2434 2472 praeceptis
2469 2402 2686 2458 dicendi
2717 2404 3021 2461 instructus
3055 2423 3068 2460 :
3101 2415 3278 2475 neque
3311 2409 3520 2459 tantum
3551 2416 3728 2475 quan-

2139 2502 2254 2549 tum
2301 2493 2647 2551 desiderabat
2701 2496 2957 2568 adeptus,
3009 2497 3470 2553 monasteriorum
3513 2511 3615 2568 per
3644 2505 3727 2551 to-

2139 2593 2252 2640 tam
2288 2587 2402 2644 lere
2432 2584 2699 2645 Grteeiam
2731 2589 3100 2645 bibliothecas
3139 2597 3487 2661 pervagatus,
3526 2586 3729 2645 libros-

2140 2695 2248 2750 que
2297 2680 2350 2734 in
2402 2680 2483 2736 eis
2531 2684 2802 2752 repositos
2839 2681 3187 2752 perquirens.
3229 2686 3395 2752 atque
3446 2685 3724 2744 serutans,

2139 2771 2496 2840 studioseque
2542 2774 2838 2840 meditans,
2894 2773 2962 2830 ad
3014 2781 3288 2831 summum
3333 2772 3598 2828 doctrina:
3644 2777 3728 2826 at-
3797 2797 3803 2805 ρ

2141 2881 2247 2934 que
2304 2867 2638 2924 eruditionis
2699 2867 2978 2940 fastigium
3043 2865 3333 2938 pervenit,
3390 2877 3516 2921 cum
3574 2872 3736 2922 certo

2141 2958 2346 3014 certius
2397 2961 2489 3024 sit,
2528 2953 2766 3016 Leonem
2812 2961 2968 3016 illum
3017 2970 3415 3032 usquequaque
3461 2971 3490 3015 a
3532 2968 3729 3018 nostro

2140 3066 2265 3106 esse
2300 3051 2602 3108 diversum.
2648 3050 2784 3106 Nam
2815 3062 2876 3106 ut
2921 3053 3028 3107 alia
3081 3051 3228 3109 inter
3256 3065 3352 3109 eos
3384 3052 3726 3121 discrimina,

2142 3153 2461 3198 enumerata
2503 3159 2534 3199 a
2565 3142 2749 3199 Leone
2794 3144 2996 3200 Aliatio
3041 3144 3094 3199 in
3133 3161 3233 3201 sua
3271 3143 3340 3201 de
3379 3144 3577 3202 Pseliis
3633 3158 3729 3202 eo-

2144 3251 2379 3307 rumque
2437 3238 2660 3309 scriptis
2706 3236 2983 3302 Diatriha,
3036 3239 3258 3295 silentio
3311 3249 3577 3310 premant,
3638 3237 3730 3295 ille

2143 3330 2270 3387 licet
2313 3341 2342 3385 ιι
2390 3329 2671 3386 tradenda:
2721 3331 3082 3402 philosOphize
3130 3343 3384 3396 munere,
3425 3331 3541 3387 sive
3594 3341 3733 3404 pra:-

2143 3424 2370 3490 stantia,
2405 3438 2514 3495 qua
2543 3424 2661 3493 ipse
2697 3424 2756 3478 in
2797 3421 3198 3495 philos0phicis
3237 3424 3378 3481 alios
3411 3423 3731 3496 superabat,

2142 3523 2508 3586 cognomento
2573 3515 2968 3586 philosophus,
3032 3531 3314 3587 nunquam
3377 3520 3561 3572 tamen
3626 3514 3733 3570 fuit

2147 3608 2449 3678 imperator
2491 3601 3160 3679 CenstantinOpoiitanus,
3204 3608 3300 3664 sed
3355 3607 3732 3678 archiepisco-

2143 3716 2249 3771 pus
2278 3699 2794 3757 Thessalonicensis
2829 3719 2842 3754 :
2886 3699 3140 3771 quamvis
3174 3707 3384 3770 postea,
3412 3694 3735 3754 Simuiaeri-

2146 3794 2444 3863 perdorum
2500 3792 2694 3848 haeresi
2739 3791 3046 3865 proﬂigata,
3088 3798 3144 3847 et
3192 3791 3313 3861 ejus
3364 3791 3732 3847 sectatoribus

2146 3883 2400 3954 deiectis,
2445 3879 2515 3937 ab
2552 3883 2875 3954 episcopatu
2928 3882 3094 3937 fuerit
3141 3881 3488 3936 deturbatus.
3533 3877 3733 3934 Nuster

2145 3990 2279 4031 vero
2317 3975 2449 4043 Leo,
2484 3989 2800 4047 quanquam
2835 3974 2908 4031 ob
2941 3973 3122 4030 omnis
3162 3973 3520 4031 scientiarum
3560 3988 3730 4044 gene-

2146 4068 2226 4125 ris
2283 4068 2743 4138 perfectissimam
2796 4067 3190 4138 e0gnitionem,
3243 4077 3319 4146 et
3352 4064 3423 4123 ob
3473 4067 3731 4140 plurima,

2147 4176 2271 4231 quat
2298 4161 2467 4217 etiam
2505 4167 2725 4218 exstant
2761 4161 2817 4217 in
2852 4158 3161 4231 disciplinis
3194 4161 3452 4217 omnibus
3483 4159 3735 4216 laudabi-

2149 4255 2275 4310 liter
2330 4255 2693 4325 conscripta,
2747 4254 2942 4311 eodem
2988 4252 3308 4325 Philosophi
3363 4260 3735 4322 cognomento

2149 4346 2468 4415 decoratus,
2500 4361 2781 4418 nunquam
2819 4345 2920 4402 fuit
2962 4345 3412 4418 archiepiscopus
3436 4340 3733 4399 Thessalo-

2149 4437 2429 4506 nicensis,
2486 4438 2581 4495 sed
2638 4438 2817 4496 solum
2873 4445 3170 4510 imperator
3223 4433 3734 4507 Constantinopoli-

466 4528 572 4586 bus
598 4533 872 4583 versatus.
908 4526 982 4582 De
1009 4541 1118 4598 quo
1156 4532 1353 4598 praeter
1395 4532 1675 4593 auctores,
1706 4539 1845 4597 quos
1879 4539 2045 4598 supra
2074 4543 2127 4608 υ
2153 4538 2338 4588 tauus.
