4098 6292
297 537 657 600 lineamenta,
697 533 773 588 ita
825 547 1012 605 regum
1056 533 1147 588 ﬁlii
1198 538 1354 607 quasi
1418 539 1552 594 vivae
1599 542 1866 613 imagines

294 642 508 703 patrum
544 630 772 684 virtutes
799 627 1002 684 referre
1033 629 1253 685 debent.

591 721 670 776 De
697 723 897 776 honore
921 721 1285 804 sacerdotibus
1316 723 1583 780 habendo.

369 816 566 873 Sanam
613 816 750 871 habe
774 825 1009 872 mentem
1053 816 1108 872 in
1155 818 1243 886 iis,
1279 836 1402 891 quae
1433 822 1503 876 ad
1553 832 1713 880 rectae
1745 825 1866 882 ﬁdei

297 906 613 962 doctrinam
653 907 949 977 pertinent,
983 919 1035 964 et
1071 925 1289 966 summo
1331 913 1539 968 honore
1574 931 1870 988 proseque-

299 1017 360 1056 re
412 1009 642 1054 matrem
705 1008 856 1055 tuam
905 1000 1232 1068 Ecclesiam,
1286 1021 1408 1076 quae
1448 1015 1501 1062 te
1559 1008 1614 1062 in
1663 1007 1869 1079 Spiritu

298 1107 488 1153 sancto
514 1095 760 1159 lactavit,
793 1102 846 1150 et
875 1106 967 1152 tuo
1022 1099 1186 1168 capiti
1232 1099 1300 1154 ad
1333 1099 1429 1158 Dei
1462 1117 1557 1172 per
1583 1102 1866 1161 Christum

294 1187 510 1241 laudem
560 1186 775 1258 imperii
803 1204 1061 1244 coronam
1088 1206 1299 1247 mecum
1331 1194 1616 1263 imposuit.
1649 1194 1706 1252 Si
1723 1199 1868 1252 enim

297 1289 437 1342 quos
481 1286 677 1332 natura
711 1278 805 1332 tibi
865 1280 1017 1335 dedit
1074 1291 1330 1350 parentes
1373 1284 1544 1341 debes
1603 1287 1866 1353 revereri,

296 1367 472 1421 multo
500 1368 674 1438 magis
702 1385 797 1424 eos
861 1370 952 1440 qui
986 1378 1041 1425 te
1070 1373 1124 1426 in
1179 1373 1375 1443 spiritu
1423 1374 1512 1430 Dei
1539 1389 1874 1447 genuerunt,

297 1458 446 1513 omni
475 1461 697 1530 pietatis
730 1461 904 1518 ollicio
931 1464 1112 1522 colere
1141 1466 1309 1522 debes
1341 1485 1360 1521 :
1400 1468 1478 1523 illi
1528 1469 1674 1525 enim
1705 1470 1871 1527 dura-

297 1556 480 1605 turam
517 1552 585 1606 ad
641 1562 862 1624 tempus
885 1555 1050 1610 vitam
1113 1557 1297 1615 liberis
1334 1575 1430 1630 per
1457 1563 1868 1632 generationem

298 1640 727 1712 impertiuntur;
765 1646 852 1703 isti
902 1665 1033 1704 vero
1072 1664 1330 1706 asternam
1375 1668 1471 1722 per
1497 1655 1873 1723 regeneratio-

297 1747 423 1788 nem
456 1734 781 1808 largiuntur.
824 1739 1043 1796 Honora
1078 1757 1209 1812 ergo
1244 1741 1566 1810 Ecclesiam,
1601 1754 1662 1802 ut
1692 1755 1746 1802 tu
1787 1749 1870 1802 νὶ-

1610 336 2118 404 PROLEGOMEN
2127 345 2188 404 Α.

1972 550 2089 617 τῆς.

2457 732 2596 801 Περὶ
2639 731 2814 803 τιμῆς
2850 734 3074 803 ἱερέων.

2045 817 2189 871 Σῶον
2219 817 2309 890 ἔχε
2339 818 2400 873 τὸ
2435 809 2689 894 φρόνημα
2721 822 2856 892 πρὸς
2891 823 2958 878 τὰ
2983 824 3240 896 ὁρθόδοξα
3280 826 3551 899 δόγματα,

1972 910 2068 963 καὶ
2099 910 2233 981 τίμα
2262 911 2540 981 περισσῶς
2567 913 2664 984 τὴν
2705 913 2917 986 μητέρα
2944 931 3038 969 σου
3069 916 3167 989 τὴν
3200 917 3550 987 Ἐκκλησίαν,

1973 1003 2098 1073 ἥτις
2126 1003 2185 1055 ἐν
2218 1002 2360 1074 ἁγίῳ
2391 1003 2672 1074 Πνεύματί
2701 1021 2760 1060 σε
2784 1007 3162 1078 ἐτιθηνήσατο,
3186 1011 3283 1065 καὶ
3313 1012 3408 1066 σὺν
3428 1014 3552 1083 ἐμοὶ

1969 1094 2059 1149 διὰ
2093 1095 2334 1167 Χριστοῦ
2366 1099 2425 1150 ὲν
2459 1095 2580 1167 Θεῷ
2622 1100 2694 1170 τῇ
2739 1099 2947 1170 κεφαλῇ
2983 1118 3079 1155 σου
3126 1102 3190 1157 τδ
3232 1105 3427 1173 στέφος
3451 1106 3550 1160 ἑπ-

1973 1186 2192 1258 έθηκεν.
2221 1187 2284 1240 Εἰ
2328 1186 2437 1259 γὰρ
2481 1189 2611 1253 τοὺς
2661 1190 2958 1260 σαρκικοὺς
2987 1195 3166 1259 γονεῖς
3205 1193 3439 1264 ὀφείλεις
3467 1195 3554 1249 αί-

1971 1278 2179 1333 δεῖσθαι
2227 1279 2320 1333 καὶ
2361 1281 2549 1351 τιμᾷν,
2580 1281 2762 1351 πολλῷ
2808 1282 2970 1336 πλέον
3007 1283 3134 1347 τοὺς
3179 1287 3238 1338 ὲν
3283 1285 3555 1357 πνεύματι

1971 1368 2107 1424 Θεοῦ
2157 1387 2218 1425 σε
2263 1373 2663 1443 γεγεννηκότας
2709 1373 3038 1448 ὑπερτιμᾷν.
3058 1376 3285 1431 Ἐκεῖνοι
3318 1376 3418 1449 μὲν
3448 1379 3556 1446 γὰρ

1974 1461 2310 1532 πρόσκαιρον
2345 1462 2442 1534 τὴν
2467 1464 2614 1536 ζωὴν
2650 1467 2765 1531 τοτς
2794 1465 3004 1530 τέκνοις
3034 1467 3349 1539 χαρίζονται
3367 1483 3382 1499 °
3410 1462 3558 1525 οὗτοι

1969 1551 2157 1625 δὲτὴν
2185 1553 2405 1608 αἰώνιον
2455 1554 2600 1626 ζωὴν
2623 1554 2716 1609 διὰ
2757 1557 2855 1627 τῆς
2899 1557 3312 1629 ἀναγεννήσεως
3356 1558 3559 1636 προξε-

1973 1646 2143 1701 νοῦσι.
2163 1647 2404 1718 Τίμησον
2427 1643 2520 1701 οὖν
2547 1648 2648 1718 τὴν
2661 1648 3012 1720 Ἐκκλησίαν,
3038 1648 3125 1704 ἵνα
3147 1641 3385 1722 τιμηθῇς
3406 1650 3560 1723 παρὰ

1972 1739 2066 1793 τοῦ
2095 1739 2253 1803 Θεοῦ,
2286 1741 2382 1794 καὶ
2408 1741 2535 1804 τοὺς
2565 1742 2733 1813 ἱερεῖς
2772 1741 2925 1797 αίδοῦ
2951 1784 2966 1808 ,
3002 1739 3091 1798 οἷα
3121 1743 3362 1814 πατέρας
3393 1758 3560 1797 πνευ-

304 1827 499 1884 cissim
555 1846 587 1884 a
623 1830 732 1888 Deo
780 1833 831 1888 in
884 1835 1092 1890 honore
1125 1835 1398 1901 habeare;
1437 1843 1492 1892 et
1551 1839 1872 1894 sacerdotes

1991 1831 2246 1900 ματικοῦς
2265 1870 2280 1896 ,
2307 1832 2402 1885 καὶ
2435 1832 2662 1902 μεσίτας
2693 1834 2850 1904 ἡμῶν
2882 1835 3021 1904 πρὸς
3059 1836 3152 1889 τὸν
3185 1833 3336 1888 Θεόν.
3355 1833 3420 1887 Ἦ
3447 1833 3560 1905 γὰρ

296 1922 420 1992 ejus
447 1938 696 1982 reverere
719 1936 975 1999 tanquam
1004 1928 1321 1999 spirituales
1356 1941 1560 1999 patres,
1589 1939 1643 1985 et
1669 1930 1868 2000 depre-

1991 1924 2084 1976 τῶν
2113 1925 2304 1996 ἱερέων
2327 1925 2463 1996 τιμὴ
2490 1923 2570 1989 είς
2591 1925 2724 1980 Θεὸν
2751 1925 3332 1998 ἀναφέρεται.”Ωσπερ
3349 1926 3456 1997 γὰρ
3475 1925 3564 1981 διὰ

298 2021 516 2070 catores
572 2031 672 2086 pro
731 2019 893 2074 nobis
947 2020 1092 2088 apud
1149 2018 1338 2072 Deum.
1393 2020 1576 2074 llonor
1607 2024 1752 2075 enim
1775 2020 1869 2089 qui

1991 2012 2034 2066 τὲ
2053 2013 2181 2074 τοὺς
2199 2014 2328 2078 σοὺς
2358 2013 2638 2085 ὑπηρέτας
2651 2015 2912 2085 τιμᾶσθαι
2943 2015 3170 2080 δίκαιον,
3196 2017 3337 2071 οὕτω
3356 2015 3450 2070 καὶ
3473 2014 3563 2069 διὰ

298 2105 679 2166 sacerdotibus
717 2110 952 2165 habetur
999 2111 1066 2164 ad
1113 2110 1282 2167 Deum
1345 2112 1626 2168 refertur:
1657 2119 1714 2167 et
1754 2111 1869 2168 sic-

1991 2105 2104 2160 !abv
2132 2105 2260 2171 τοὺς
2291 2105 2458 2160 αὐτοῦ
2494 2106 2665 2176 ίερεῐς
2691 2109 2878 2178 τιμᾷν,
2912 2108 3061 2162 ὅσιόν
3084 2109 3135 2162 τί
3171 2111 3308 2163 ἐστι.
3331 2108 3438 2162 Καὶ
3461 2105 3563 2161 ὥσ·

297 2209 356 2251 ιιι
405 2209 627 2271 propter
677 2210 729 2257 te
783 2201 1066 2258 ministros
1119 2211 1244 2258 tuos
1294 2203 1347 2257 in
1403 2204 1616 2259 honore
1665 2203 1870 2261 habere

1991 2201 2124 2271 τερ-1]
2144 2201 2226 2265 εἰς
2240 2199 2435 2264 αὐτοὺς
2450 2200 2582 2272 τιμὴ
2598 2200 2691 2254 ἐπὶ
2721 2199 2813 2254 τὸν
2841 2200 2973 2254 Θεὸν
2988 2197 3286 2265 ἀναδαίνει,
3305 2198 3450 2252 οὕτω
3469 2209 3562 2262 και⁸

293 2292 505 2364 justum
562 2303 670 2361 est,
719 2294 791 2348 ita
840 2301 893 2348 et
927 2303 1145 2364 propter
1192 2292 1362 2347 Deum
1406 2295 1717 2350 sacerdotes
1743 2295 1867 2365 ejus

1991 2313 2001 2365 ι
2031 2295 2111 2358 είς
2133 2291 2331 2355 αὐτοὺς
2362 2291 2554 2363 ἀτιμία
2569 2292 2748 2362 πολλῷ
2768 2291 2930 2347 πλέον
2954 2291 3045 2346 τὸν
3069 2291 3203 2352 Θεὸν
3219 2288 3562 2362 παροργίζει.

298 2386 478 2442 colere
507 2393 675 2455 atque
733 2388 1028 2443 observare
1079 2387 1174 2456 jus
1237 2385 1430 2457 fasque
1474 2393 1579 2442 est.
1635 2384 2111 2452 Quemadmodum
2174 2393 2358 2440 autem
2425 2386 2608 2440 honor
2671 2385 2764 2456 qui
2819 2385 2904 2440 eis
2952 2384 3192 2440 habetur
3244 2385 3312 2440 ad
3365 2385 3545 2440 Deum

297 2477 552 2550 pertinet,
614 2479 689 2532 ita
743 2493 928 2534 eorum
996 2480 1330 2535 contumelia
1393 2486 1447 2533 ct
1508 2490 1855 2547 contemptus
1906 2481 2070 2553 longe
2118 2480 2284 2536 etiam
2343 2479 2564 2550 gravius
2605 2479 2890 2550 ejusiram
2927 2487 3208 2550 provocat.

559 2572 638 2626 De
668 2588 915 2641 supremo
940 2572 1149 2642 judicio
1188 2582 1238 2628 et
1272 2575 1634 2629 retributione.

2217 2572 2357 2643 Περὶ
2397 2575 2654 2644 κρίσεως
2686 2574 2785 2629 καί
2823 2573 3310 2642 ἀνταποδόσεως.

373 2663 702 2720 Persuasum
779 2651 920 2719 habe
980 2663 1322 2734 corruptioni
1383 2665 1682 2720 obnoxium
1742 2681 1876 2722 esse

2049 2663 2186 2719 Ἷσθι
2216 2663 2497 2719 πιστεύειν
2528 2664 2621 2719 τὸν
2646 2665 2852 2735 κόσμον
2895 2658 3034 2717 εἶναι
3078 2662 3340 2736 φθαρτὸν,
3369 2659 3563 2731 ἐπειδῆ

299 2756 588 2821 mundum,
624 2757 826 2826 quippe
863 2754 956 2826 qui
984 2764 1167 2809 ortum
1208 2753 1398 2809 habuit
1424 2771 1439 2820 ;
1465 2754 1561 2810 sed
1595 2764 1718 2826 post
1750 2771 1876 2811 cor-

1991 2759 2070 2814 ui
2102 2760 2293 2828 γέγονε
2312 2776 2328 2791 ο
2369 2758 2506 2830 μετὰ
2535 2757 2593 2812 δὲ
2616 2755 2714 2828 τὴν
2745 2755 2975 2828 φθορὰν,
3005 2759 3085 2821 είς
3115 2757 3427 2828 ἀφθαρσίαν
3460 2755 3565 2811 πά·

302 2850 612 2920 ruptiouem
673 2864 867 2905 rursus
931 2848 1000 2902 ad
1070 2849 1450 2917 incorruptam
1498 2847 1871 2918 integritatem

1991 2862 2060 2906 tw
2090 2851 2579 2922 μεταποιούμενον.
2608 2849 2774 2904 οὐδὲν
2802 2849 2911 2922 γὰρ
2957 2849 3067 2902 τῶν
3116 2849 3268 2921 παρὰ
3297 2848 3434 2903 Θεοῦ
3463 2865 3566 2918 γε-

300 2955 423 2996 esse
452 2954 838 3005 reversurum;
893 2938 1032 2994 nihil
1102 2944 1249 2996 enim
1317 2955 1506 2996 eorum
1538 2956 1660 3011 qua:
1699 2955 1728 2994 a
1762 2940 1874 2996 Deo

1991 2945 2224 3014 γονὸτων
2255 2947 2338 3010 είς
2367 2945 2430 2997 τὸ
2465 2942 2540 3016 μὴ
2567 2943 2629 2996 ὃν
2658 2943 2920 3015 χωρήσει,
2950 2942 3056 2997 κᾶν
3080 2942 3140 2995 τὸ
3171 2942 3270 3012 τῆς
3293 2941 3569 3012 ἁμαρτέας

301 3042 482 3088 creata
533 3042 661 3089 sunt
705 3031 761 3088 in
813 3031 1044 3088 nihilum
1096 3049 1338 3103 unquam
1412 3034 1607 3100 abibit,
1661 3032 1882 3089 etiamsi

1991 3042 2342 3113 παράπτωμα
2393 3038 2512 3110 ἅμα
2537 3041 2669 3112 ἡμῖν
2700 3039 2795 3092 καὶ
2825 3040 3006 3092 πᾶσαν
3035 3035 3134 3109 τὴν
3159 3037 3338 3091 κτίσιν
3456 3035 3570 3089 δια-

303 3126 515 3195 peccati
548 3128 735 3197 lapsus
757 3135 811 3181 et
841 3142 941 3182 nos
970 3134 1025 3182 et
1047 3142 1260 3181 omnem
1301 3127 1466 3184 simul
1493 3133 1734 3184 creatam
1768 3141 1870 3182 na-

1991 3133 2139 3188 λύσει
2169 3129 2977 3202 συγκατεδίκασεν.Ἀφθαρτον
3007 3128 3070 3183 δι
3095 3129 3199 3200 τὴν
3241 3125 3421 3182 κτίσιν
3465 3125 3572 3180 πά-

307 3226 488 3272 turam
531 3217 751 3272 mortali
790 3216 1143 3272 dissolutioni
1197 3216 1555 3286 adjudicavit.
1586 3215 1664 3271 Ea
1695 3224 1882 3272 autem

1991 3225 2091 3290 λιν,
2124 3224 2292 3296 ἤγουν
2341 3222 2434 3276 τὸν
2483 3222 2710 3292 κόσμον,
2739 3219 3196 3292 ἀπεκδεχόμενος,
3221 3216 3317 3272 καὶ
3360 3216 3573 3286 νεκρῶν

306 3309 521 3366 ratione
577 3310 1055 3381 incorruptibilem
1098 3325 1224 3366 esse
1277 3312 1540 3367 mundum
1586 3311 1885 3366 admittens

1991 3317 2286 3372 ἀνάστασιν
2313 3313 2587 3385 ὁμολόγει,
2614 3313 2708 3366 καὶ
2749 3310 2933 3383 κρίσιν
2976 3309 3196 3365 δικαίαν
3219 3308 3574 3378 tamenn

305 3402 571 3459 confitere
593 3403 759 3459 etiam
789 3411 1039 3459 mortuos
1064 3403 1134 3458 ab
1159 3401 1352 3460 inferis
1381 3402 1708 3460 excitandos
1734 3417 1882 3468 esse,

306 3507 362 3552 et
391 3496 594 3568 justam
623 3507 879 3568 exspecta
897 3496 1291 3568 iudicationem
1327 3496 1570 3552 omnium
1588 3513 1711 3568 qua:
1736 3495 1885 3565 quis~

309 3607 416 3661 que
477 3593 531 3645 In
581 3591 695 3646 vita
735 3605 834 3646 sua
885 3590 1120 3661 gesserit
1151 3607 1167 3644 :
1196 3589 1333 3644 nihil
1369 3589 1514 3644 enim
1541 3589 1668 3651 mali
1706 3588 1888 3658 impu-

311 3683 490 3740 nitum
524 3682 770 3737 divinam
812 3680 1085 3752 justitiam
1128 3681 1375 3752 en‘ugiet,
1410 3680 1551 3735 nihil
1600 3681 1730 3736 boni
1776 3695 1886 3735 non

314 3790 418 3831 suo
443 3774 668 3844 prmitio
696 3783 1024 3829 coronatum
1073 3772 1284 3828 latebit.
1321 3771 1414 3827 Sic
1463 3770 1613 3827 enim
1647 3779 1889 3827 statuere

313 3866 456 3940 apud
483 3874 538 3922 te
565 3865 756 3929 debes,
776 3880 953 3935 neque
976 3864 1265 3919 interitura
1295 3879 1420 3919 esse
1445 3879 1685 3934 unquam
1715 3863 1890 3919 bono-

316 3974 436 4012 rum
469 3957 684 4022 merita,
713 3972 889 4027 ιιειιιιε
909 3957 1176 4010 malorum
1230 3956 1495 4026 supplicia
1538 3955 1697 4019 linem
1733 3953 1893 4010 habia

317 4059 464 4114 tura,
489 4048 746 4119 quoniam
789 4055 1022 4116 utraque
1042 4053 1306 4117 perpetuo
1352 4046 1617 4102 duratura
1647 4053 1798 4114 sunt,
1837 4052 1894 4101 et

317 4143 569 4200 neutrius
606 4141 731 4197 linis
761 4141 908 4195 ullus
943 4139 1163 4194 futurus
1186 4149 1291 4194 est.

873 4233 950 4288 De
970 4232 1322 4303 dleemosyna.

391 4327 644 4383 Limitem
690 4327 853 4382 etiam
897 4325 1090 4380 mortis
1114 4340 1260 4396 saepe
1295 4331 1476 4379 movet
1517 4323 1894 4395 eleemosyna,

321 4421 666 4493 sicutivulgo
693 4421 904 4485 fertur;
945 4418 1055 4472 vita
1087 4419 1232 4472 enim
1267 4423 1447 4487 potest
1488 4417 1594 4471 emi
1637 4417 1894 4486 pecunia,

320 4532 448 4572 cum
501 4523 724 4585 propter
761 4514 929 4567 vitam
973 4511 1318 4580 salutemque
1370 4519 1616 4566 nostram
1664 4509 1808 4564 Deus
1838 4525 1898 4564 se

324 4607 649 4663 muneribus
684 4605 824 4659 llecti
855 4604 1114 4675 patiatur.
1145 4602 1372 4658 Divitias
1402 4618 1530 4674 ergo
1564 4603 1802 4658 caducas
1841 4602 1894 4656 in

325 4708 473 4756 terra
531 4696 892 4769 profundens,
949 4695 1286 4750 immortales
1342 4696 1440 4751 tibi
1498 4709 1792 4751 coacervas
1840 4695 1898 4750 in

325 4791 470 4845 cmlo
496 4829 510 4853 ,
552 4797 611 4844 ut
648 4788 814 4843 etiam
870 4802 994 4857 qua:
1030 4785 1193 4842 isthic
1225 4794 1356 4842 sunt
1388 4787 1531 4841 bona
1559 4786 1900 4857 assequaris.

332 4881 625 4937 Enimvero
692 4894 885 4950 reapse
960 4879 1325 4935 inexhaustus
1384 4890 1468 4937 est
1526 4880 1902 4938 beneﬁcentiae

331 4976 661 5037 thesaurus;
686 4971 815 5026 dum
841 4969 990 5026 enim
1009 4971 1343 5043 dispergitur
1369 4974 1666 5044 colligitur,
1695 4974 1900 5030 etdunt

331 5067 568 5120 donatur
597 5063 861 5134 recipitur
888 5080 905 5119 :
937 5078 1116 5133 neque
1145 5066 1319 5118 solum
1344 5080 1439 5120 eos
1473 5066 1566 5136 qui
1598 5066 1751 5120 illum
1775 5081 1904 5138 pos-

331 5158 513 5216 sident
534 5156 730 5212 divites
762 5156 848 5210 hic
880 5155 1064 5223 cﬂicit,
1103 5157 1196 5211 sed
1227 5157 1336 5212 illic
1359 5157 1520 5213 etiam
1561 5158 1776 5216 beatos.

728 5336 802 5390 De
830 5335 1107 5406 diligentia
1136 5345 1185 5391 et
1219 5337 1516 5408 vigilantia.

408 5433 466 5487 ιιι
489 5438 671 5486 mente
695 5442 910 5499 semper
931 5429 1125 5484 habeto
1150 5438 1435 5498 parentum
1460 5440 1674 5485 tuorum
1704 5444 1902 5497 mores,

340 5534 396 5582 et
426 5523 496 5582 ad
545 5537 733 5579 eorum
761 5521 1068 5591 exemplum
1106 5522 1271 5576 vitam
1305 5530 1450 5576 tuam
1486 5523 1729 5579 studiose
1757 5538 1907 5576 com-

346 5620 571 5692 ponito;
599 5629 774 5683 ncque
807 5612 952 5667 enim
981 5616 1280 5670 oscitanter
1308 5632 1407 5670 nos
1437 5626 1531 5669 aut
1567 5615 1832 5685 ignaviter
1852 5615 1905 5670 in

341 5710 512 5767 rebus
547 5703 803 5777 gerendis
841 5721 1159 5771 versamur;
1209 5707 1302 5762 sed
1337 5720 1394 5761 ιιι
1423 5709 1529 5761 vita
1555 5716 1742 5762 nostra
1763 5707 1911 5761 velut

341 5803 561 5862 virtutis
585 5801 762 5871 imago
787 5797 884 5854 tibi
918 5809 1252 5873 preponatur
1278 5803 1467 5859 scdulo
1494 5802 1727 5874 agimus,
1775 5802 1913 5858 iuere

1988 3407 2339 3481 βεϐιωμένων
2367 3404 2626 3476 ἀνάμενε.
2657 3403 2824 3459 Οὐδὲν
2867 3401 2978 3474 γὰρ
3027 3401 3200 3456 ita.va
3224 3401 3572 3472 ἀτιμώρητον

1985 3502 2086 3574 τὴν
2115 3501 2266 3556 θείαν
2298 3499 2649 3570 διαφεύξεται
2677 3498 2836 3568 δίκην
2855 3538 2870 3561 ,
2894 3497 3016 3551 οὐδέ
3046 3511 3112 3566 γε
3143 3495 3306 3550 καλὸν
3333 3495 3572 3564 ἀστεφά-

1988 3611 2156 3650 νωτον
2184 3592 2434 3665 διαλάθῃ.
2485 3592 2643 3662 Mil-re
2671 3591 2779 3661 γὰρ
2809 3589 2877 3643 τὰ
2907 3589 3018 3643 τῶν
3057 3588 3281 3659 ἀγαθῶν
3312 3586 3452 3659 γέρα
3481 3586 3575 3640 λο-

1988 3686 2141 3756 γίζου
2190 3684 2379 3757 θνητὰ,
2417 3685 2556 3756 μήτε
2603 3682 2710 3754 μὴν
2759 3680 2860 3744 τὰς
2906 3679 3014 3736 τῶν
3061 3680 3281 3751 φαύλων
3324 3677 3575 3742 κολάσεις

1988 3779 2141 3842 τέλος
2189 3774 2437 3842 δέξεσθαι
2481 3791 2633 3828 ποτε.
2681 3772 2990 3844 Ἀμφότερα
3039 3772 3146 3842 γὰρ
3189 3769 3414 3825 αἰωνίαν
3463 3768 3576 3839 ἔχει

1991 3872 2089 3942 τὴν
2124 3868 2407 3943 διαμονὴν,
2433 3868 2532 3924 καὶ
2569 3869 2627 3922 ὲν
2662 3865 2992 3938 ἀμφοτέροις
3017 3864 3173 3921 ἔσται
3199 3863 3260 3922 τὸ
3279 3861 3578 3936 ἀτελεύτη-

1989 3980 2110 4020 τον.

2474 4229 2616 4298 Περί
2653 4227 3093 4298 ἐλεημοσύνης.

2068 4324 2198 4380 Λύει
2237 4323 2332 4378 καὶ
2378 4322 2504 4394 ὅρον
2553 4322 2786 4377 θανάτου
2832 4321 2866 4391 ἠ
2916 4317 3268 4390 ἔλεημοσύνη·’
3298 4316 3578 4382 πολλάκις,

1999 4419 2140 4471 κατὰ
2166 4417 2228 4470 τὸ
2256 4416 2464 4485 φάσκον
2509 4416 2694 4488 ῥητόν.
2743 4413 2853 4468 Καὶ
2883 4412 3178 4484 χρημάτων
3204 4410 3337 4482 γὰρ,
3365 4410 3441 4475 ὡς
3469 4406 3582 4464 ἔοι-

2000 4527 2120 4576 κεν,
2154 4509 2302 4563 ἐστὶν
2325 4507 2511 4581 ὠνητὴ
2537 4509 2571 4578 ἡ
2603 4505 2736 4577 ζωή,
2768 4505 2969 4560 ὁπόταν
2995 4505 3023 4557 ό
3045 4503 3181 4568 Θεὸς
3205 4500 3295 4556 διὰ
3321 4499 3420 4571 τὴν
3444 4501 3582 4571 ἠμε-

2001 4602 2165 4672 τέραν
2213 4600 2358 4671 ζωὴν
2391 4602 2488 4654 καὶ
2525 4598 2800 4670 σωτηρίαν
2842 4596 3197 4670 δωρολήπτης
3346 4591 3583 4647 Πλοῦτον

2003 4695 2098 4751 οῦν
2149 4693 2460 4764 σκορπίζων
2509 4692 2701 4763 θνητὸν
2749 4690 2842 4744 ἐπὶ
2892 4691 3017 4759 γῆς,
3050 4687 3280 4742 πλοῦτον
3330 4687 3582 4754 συνάγεις

2005 4787 2270 4844 ἀθάνατον
2311 4787 2368 4838 ὲν
2402 4783 2635 4857 οὐρανῷ,
2665 4783 2760 4837 καὶ
2789 4778 3212 4854 προσπορίςεταί
3263 4794 3342 4830 σοι
3377 4776 3473 4832 καὶ
3515 4774 3583 4828 τὰ

2006 4877 2239 4934 ἐνταῦθα
2267 4876 2467 4946 ἀγαθά.
2502 4877 2613 4931 Καὶ
2660 4875 2770 4946 γὰρ
2816 4872 3030 4946 ἀληθῶς
3074 4871 3418 4941 ἀδαπάνητός
3465 4871 3581 4923 ἐστι

2005 4973 2102 5042 τῆς
2129 4970 2374 5034 εὐποιίας
2405 4971 2433 5022 ό
2464 4967 2692 5032 πλοῦτος
2711 4983 2726 4997 ·
2767 4965 3192 5037 σκορπιζόμενος
3213 4963 3322 5033 γὰρ
3351 4961 3584 5028 συνάγεο

2009 5083 2120 5130 ται,
2149 5067 2243 5118 καὶ
2275 5063 2548 5134 διδόμενος
2577 5061 2740 5114 πάλιν
2767 5059 3105 5131 λαμϐάνεται
3125 5073 3140 5088 ⁸
3179 5055 3274 5111 καὶ
3317 5054 3377 5109 ού
3426 5052 3584 5125 μόνον

2009 5157 2258 5210 ἐντεῦθεν
2306 5155 2432 5218 τοὺς
2475 5154 2843 5225 κεκτημένους
2886 5151 3046 5207 αὑτὸν
3090 5149 3378 5214 πλουσίους
3421 5147 3584 5214 ποιεῖ,

2009 5248 2144 5303 ἀλλὰ
2175 5248 2426 5301 κάκεῖθεν
2457 5247 2832 5317 μακαριστοὺς
2858 5243 3228 5298 ἀποδείκνυσι.

2240 5341 2381 5409 Περὶ
2419 5340 2762 5410 ἐπιμελείας
2798 5338 2896 5392 καί
2934 5335 3360 5408 ἐῃρηγόρσεως.

2086 5432 2217 5502 Ἔχε
2247 5429 2389 5484 κατὰ
2417 5431 2541 5483 νοῦν
2578 5430 2706 5492 τοὺς
2736 5426 2988 5497 γονικούς
3018 5444 3110 5479 σου
3145 5425 3380 5498 τρόπους
3404 5424 3587 5496 διηνε-

2014 5524 2146 5589 κῶς,
2175 5523 2267 5576 καὶ
2297 5521 2512 5586 τούτοις
2541 5521 2632 5574 τὸν
2668 5521 2772 5575 ,σὺν
2804 5520 2918 5589 βίον
2963 5518 3239 5587 ἐπιμελῶς
3269 5515 3586 5585 κατάρτιξε.

2017 5616 2150 5670 Οὐδὲ
2193 5615 2303 5686 γὰρ
2337 5613 2614 5684 ὀλιγώρως
2644 5615 2834 5684 ἡμεῖς,
2866 5613 2984 5666 οὐδὲ
3017 5609 3274 5684 ῥᾳθύμως
3304 5610 3432 5681 περί
3466 5607 3592 5670 τοὺς

2019 5709 2233 5776 ἀγῶνας
2285 5707 2658 5775 διατελοῦμεν,
2686 5705 2818 5759 ἀλλὰ
2861 5705 2960 5769 τῆς
3013 5703 3212 5776 ἀρετῆς
3256 5701 3463 5765 εἰκόνες
3507 5717 3593 5754 σοι

2025 5799 2342 5875 προκεῖσθαι
2393 5796 2832 5870 ιριλονεικοῦμεν⁴
2861 5795 3119 5867 ἐπίψογον
3163 5792 3262 5865 μὲν
3302 5791 3394 5847 τὸν
3437 5792 3594 5846 ὄκνον
