4098 6292
547 389 648 430 ςιν

1257 373 1542 437 BASILH
1575 376 1731 437 IMP.
1763 377 2201 438 PARENESIS
2237 379 2334 437 AD
2363 379 2672 440 LEONENI
2723 380 3015 442 FILIUM.

3668 390 3792 434 XXVI

546 481 859 563 ἡγούμενοι,
892 491 950 548 ὲν
980 491 1184 562 ἐπαίνῳ
1224 492 1282 546 δὲ
1313 494 1405 546 τὸν
1449 493 1608 546 πόνον
1638 493 1971 561 ποιούμενοι.
2001 492 2108 561 Μη-

2228 494 2355 547 tiam
2401 497 2456 548 in
2495 496 2630 549 vitio
2661 503 2949 564 ponentes,
2988 502 3043 549 et
3109 493 3345 548 laborem
3399 490 3451 545 in
3507 489 3666 547 laude
3693 494 3794 546 du-

543 583 597 636 δὲ
631 583 781 654 παρὰ
823 584 1015 654 καιρὸν
1045 585 1160 656 χρῶ
1195 586 1304 647 τοῖς
1337 584 1656 654 πράγμασιν
1675 623 1690 647 ,
1717 583 1853 637 ἀλλὰ
1877 582 2119 654 γύμναζε

546 675 761 737 σαυτὸν,
792 676 1088 739 ἀπολαύειν
1124 678 1221 747 μὲν
1259 676 1368 729 τῶν
1399 675 1701 728 δοκούντων
1744 677 1801 729 ὲν
1851 675 1948 744 βίῳ
1987 676 2123 740 ἀγα-

545 769 668 835 θῶν,
695 769 774 834 ὼς
815 770 1027 841 θνητὸς,
1064 769 1443 840 ἐπιμελεῖσθαι
1471 768 1526 822 δὲ
1554 771 1740 840 τυχεῖν
1766 768 1871 822 τῶν
1903 767 2124 840 μελλόν-

542 860 781 925 τωνιῶς
808 862 1099 926 ἀθάνατος.
1652 907 1656 911 .

661 953 800 1022 Περὶ
839 952 1352 1022 συναναστροφῆς
1394 952 1706 1022 χρησίμων
1741 947 1996 1019 ἀνδρῶν.

609 1043 836 1115 ’ἰατροῖς
863 1044 1052 1115 ψυχῶν
1079 1045 1256 1116 ὁμίλει
1292 1045 1531 1116 συνεχῶς
1554 1084 1570 1108 ,
1601 1043 1688 1098 ἵνα
1714 1043 1956 1098 εὐεκτεῖν
1989 1042 2120 1112 ἔχῃς

543 1139 683 1192 κατᾶ
725 1137 926 1209 ψυχήν.
960 1138 1171 1201 Μὰθοις
1202 1138 1310 1209 γὰρ
1339 1137 1407 1192 ἂν
1441 1138 1572 1208 παρ’
1597 1135 1799 1201 αὐτῶν,
1827 1135 1989 1188 τίνων
2013 1134 2118 1205 χρὴ

543 1228 882 1297 πραγμάτων
910 1227 1199 1299 ὀρέγεσθαι
1229 1229 1324 1282 καὶ
1357 1227 1517 1282 τίνων
1551 1227 1871 1297 ἀπέχεσθαι,
1895 1225 1990 1278 καὶ
2008 1225 2119 1276 τίσι

542 1318 648 1371 τῶν
681 1315 983 1388 ἀνθρώπων
1014 1317 1573 1388 συναναστρέφεσθαι,
1595 1318 1747 1380 τίνας
1767 1316 1822 1370 δὲ
1847 1313 2119 1385 ἀποστρὲ-

542 1409 760 1477 φεσθαι,
791 1409 888 1464 καὶ
938 1408 1060 1476 πῶς,
1103 1409 1193 1463 τὸν
1224 1410 1316 1463 σὺν
1351 1409 1464 1481 βίον
1496 1410 1895 1480 οἰκονομήσεις,
1925 1408 2009 1460 ῖνα
2043 1406 2118 1477 μὴ

544 1500 757 1568 συχνοῖς
807 1499 920 1562 τοῖς
965 1498 1238 1569 νοσήμασι
1291 1499 1614 1570 περιπέσῃς.
1647 1499 1710 1551 Εἰ
1757 1498 1865 1566 γὰρ
1912 1495 2118 1565 ταύτην

540 1589 750 1659 τρίψεις
781 1590 883 1661 τὴν
913 1589 1052 1656 ὁδὸν,
1082 1589 1178 1644 τοῦ
1199 1591 1295 1662 τῆς
1319 1590 1522 1660 ἀρετῆς
1549 1587 1809 1660 ἀκριϐοῦς
1835 1589 1960 1656 ὅρου
1982 1603 2116 1656 γνη-

545 1680 674 1744 σίως
707 1681 990 1750 ἐφικέσθαι
1019 1680 1316 1753 δυνηθήσῃ.

1119 1774 1260 1843 Περὶ
1298 1771 1540 1844 ἀρετῆς.

2223 594 2432 639 centes.
2465 584 2542 640 Ne
2567 586 2734 654 igitur
2763 585 3139 655 intempestive
3162 584 3327 638 rebus
3356 582 3550 646 utaris,
3584 583 3678 638 sed
3720 584 3793 636 ita

2224 687 2275 732 te
2303 694 2580 748 compara,
2605 689 2664 732 ut
2693 687 2744 734 et
2765 681 2832 734 iis
2859 695 2978 749 qua:
3008 680 3108 733 hac
3133 680 3188 734 in
3220 679 3326 731 vita
3356 692 3479 732 esse
3515 675 3792 744 videntur,

2222 771 2526 826 commodis
2555 770 2754 836 fruare,
2793 760 3158 833 utmortalis,
3196 780 3248 825 et
3273 769 3459 823 futura
3488 769 3630 824 bona
3660 782 3792 822 con-

2221 875 2474 931 sequare,
2511 870 2571 916 ut
2605 862 2953 916 immortalis.

2534 954 2613 1008 De
2634 953 3008 1008 consuetudine
3029 952 3242 1008 utilium
3273 954 3526 1008 virorum.

2290 1045 2427 1101 Cum
2457 1045 2680 1100 medicis
2713 1043 3018 1098 animorum
3060 1043 3284 1099 assidue
3336 1056 3559 1098 versare
3586 1049 3646 1095 ut
3679 1040 3796 1111 ipse

2222 1139 2406 1192 animo
2467 1137 2651 1193 valeas
2698 1153 2714 1191 :
2776 1137 2844 1190 ah
2874 1135 2942 1192 iis
2986 1136 3130 1192 enim
3163 1137 3378 1191 discere
3410 1134 3618 1206 poteris
3652 1149 3789 1202 quas

2224 1246 2310 1286 res
2339 1237 2615 1300 appetere.
2646 1239 2701 1284 et
2730 1245 2758 1283 a
2782 1230 2984 1300 quibus
3017 1229 3297 1284 abstinere
3320 1228 3522 1284 debeas
3548 1245 3562 1294 ;
3591 1226 3794 1297 quibus

2222 1337 2348 1376 cum
2375 1321 2688 1376 hominibus
2719 1337 3104 1386 consuescere,
3134 1329 3189 1375 et
3219 1337 3248 1375 a
3293 1335 3529 1391 quorum
3562 1334 3797 1376 consue-

2224 1412 2410 1467 tudine
2441 1413 2764 1478 abhorrere,
2815 1421 2871 1468 et
2925 1412 3203 1482 quomodo
3236 1412 3404 1468 vitam
3433 1426 3650 1466 omnem
3680 1426 3796 1464 mo-

2221 1503 2398 1558 derari
2431 1512 2704 1572 oporteat,
2735 1513 2794 1558 ut
2821 1520 2888 1559 ne
2937 1504 2992 1558 in
3023 1503 3346 1574 frequentes
3404 1501 3626 1557 morbos
3659 1500 3796 1555 inci-

2219 1594 2342 1651 das.
2381 1595 2436 1648 Si
2479 1595 2620 1650 hanc
2678 1595 2824 1650 enim
2857 1596 3128 1652 institeris
3185 1595 3355 1658 viam,
3390 1594 3458 1648 ad
3491 1608 3633 1648 verae
3664 1591 3798 1647 soli-

2221 1684 2410 1751 daeque
2436 1685 2657 1741 virtutis
2687 1686 2890 1740 limites
2925 1700 3110 1740 revera
3135 1685 3422 1756 pervenire
3441 1683 3672 1756 poteris.

2844 1773 2922 1827 De
2952 1775 3177 1828 virtute.

610 1864 724 1935 Οὐχ
754 1863 896 1918 οὕτω
919 1863 989 1919 τὰ
1015 1865 1108 1920 τοῦ
1142 1827 1352 1934 κόσμου
1378 1827 1554 1920 πάντα
1582 1863 1788 1935 τερπνὰ
1809 1904 1827 1930 ,
1853 1860 1928 1925 ὡς
1959 1863 1988 1915 ὁ
2015 1860 2108 1930 τῆς

2289 1862 2447 1919 Haud
2494 1872 2703 1919 tantum
2736 1868 2862 1920 vitae
2889 1865 3147 1934 iucundae
3188 1880 3301 1928 res,
3344 1870 3610 1934 quantum
3664 1863 3794 1916 solae

538 1953 742 2024 ἀρετῆς
790 1954 1018 2018 πλοῦτος
1072 1955 1164 2009 τὸν
1214 1954 1703 2026 βασιλέαηκοσμεῖ.
1735 1953 1808 2006 Τὸ
1859 1951 1959 2024 μὲν
2002 1950 2112 2022 γὰρ

538 2044 733 2109 κάλλος
760 2045 855 2099 καὶ
879 2047 909 2115 ἡ
941 2046 1243 2118 εὐπρέπεια
1268 2045 1299 2117 ἢ
1325 2047 1466 2117 νόσῳ
1489 2045 1523 2115 ἢ
1554 2045 1731 2116 χρόνῳ
1755 2043 2075 2115 μαραίνεται
2094 2058 2112 2074 ·

538 2135 770 2199 πλοῦτος
812 2137 869 2191 δὲ
922 2137 1198 2208 ῥᾳθυμίας
1235 2136 1328 2192 καὶ
1372 2136 1579 2207 ἡδονῶν
1627 2135 1861 2206 ὑπάρχει
1904 2134 2110 2204 πατήρ.

549 2228 737 2302 Ῥώμη
772 2230 873 2301 μὲν
898 2230 1008 2301 γὰρ
1040 2231 1108 2285 τὰ
1143 2230 1242 2301 μὲν
1275 2228 1504 2300 σώματα
1530 2229 1652 2293 ταῖς
1692 2227 1871 2301 νίκαις
1898 2229 2110 2297 κοσμεῖ,

536 2322 657 2384 ταῖς
685 2320 743 2374 δὲ
771 2321 874 2392 τῆς
898 2320 1076 2391 ψυχῆς
1107 2321 1449 2392 ἐπιμελείαις
1475 2320 1773 2374 ἐπισκοτεῖ.
1793 2321 1857 2374 Ἦ
1892 2319 1950 2373 δὲ
1981 2322 2115 2390 κτῆ-

539 2428 623 2476 σις
662 2411 765 2483 τῆς
809 2413 1032 2484 ἀρετῆς,
1061 2407 1144 2476 οἷς
1196 2413 1265 2468 ἂν
1311 2411 1702 2483 προσγένηται,
1738 2411 1833 2464 καὶ
1882 2409 2111 2464 πλούτου

537 2504 949 2574 ηὶνεὺγενείας
978 2505 1373 2578 χρησιμωτέρα
1409 2504 1558 2559 ἐστί·
1606 2503 1702 2558 καὶ
1745 2502 1888 2575 ἅπερ
1933 2502 2114 2568 ἄλλοις

534 2596 775 2652 ἀδύνατα
821 2597 988 2664 δοκεῖ,
1012 2595 1153 2669 αὕτη
1195 2595 1369 2653 ταῦτα
1420 2597 1517 2652 σὺν
1565 2595 1686 2668 Θεῷ
1729 2593 1928 2650 δυνατά
1973 2611 2114 2666 παρ-

539 2690 683 2761 ιστᾷ.

1063 2782 1202 2851 Περὶ
1242 2781 1582 2852 ἐπιθυμίας.

602 2875 864 2947 Σώματος
892 2875 1154 2947 ἐπιθυμία
1186 2875 1465 2946 εὐμόρφου
1513 2877 1589 2947 μή
1628 2889 1726 2931 νου
1759 2890 1930 2930 κατω
1979 2875 2110 2944 ani,-

535 2985 639 3036 σει,
665 2968 747 3022 δτι
775 2966 1026 3040 χώματος
1055 2967 1236 3037 ὀλίγου
1262 2967 1412 3032 ἄξιον
1438 2967 1501 3022 τὸ
1518 2965 1781 3023 τοιοῦτον.
1809 2966 1975 3036 Σῶμα
1995 2987 2024 3033 κ,
2043 2961 2114 3036 ἀρ

535 3061 656 3132 μετ’
681 3061 863 3130 ὀλίγον
905 3061 1067 3132 χῶμα
1108 3061 1272 3114 πάλιν
1297 3059 1498 3130 ὀλίγον.
1535 3059 1692 3134 Μήτε
1721 3054 1815 3114 οὖν
1839 3059 1927 3114 ἐπ’
1955 3059 2114 3127 εὐγε-

2219 1951 2436 2006 virtutis
2482 1967 2616 2021 opes
2673 1952 2894 2023 regibus
2951 1951 3185 2008 atterunt
3235 1950 3569 2007 ornamenti.
3593 1948 3791 2004 Forma

2218 2045 2363 2098 enim
2400 2059 2466 2100 ac
2503 2044 2672 2099 decor
2702 2053 2796 2098 aut
2843 2045 3036 2100 morbo
3083 2053 3177 2099 aut
3209 2053 3369 2100 astate
3420 2049 3787 2099 marcescunt.

2217 2135 2431 2191 Divitiae
2481 2137 2817 2207 voluptatum
2864 2144 3024 2206 atque
3058 2137 3287 2208 ignaviae
3313 2136 3634 2206 pla-rumque
3663 2139 3792 2188 sunt

2217 2226 2438 2283 fomites
2488 2246 2500 2283 :
2541 2236 2596 2282 at
2648 2243 2776 2282 vero
2833 2230 3004 2282 robur
3055 2243 3254 2298 corpus
3290 2227 3509 2297 quidem
3542 2222 3792 2278 victoriis

2217 2319 2494 2384 honestat,
2527 2319 2621 2375 sed
2650 2319 2817 2373 animi
2851 2319 3152 2374 luminibus
3191 2318 3379 2373 oﬂicit.
3422 2315 3661 2371 Virtutis
3691 2329 3792 2367 au-

2213 2417 2324 2466 tem
2381 2411 2658 2481 possessio
2686 2411 2887 2482 quibus
2918 2412 3240 2482 contigerit,
3278 2418 3333 2465 et
3365 2407 3571 2463 divitiis
3602 2411 3656 2461 et
3690 2419 3790 2459 no-

2215 2501 2429 2557 bilitate
2452 2501 2807 2572 przcstantior
2835 2511 2957 2569 est;
2989 2509 3044 2557 et
3066 2517 3190 2573 quae
3214 2501 3337 2555 aliis
3364 2497 3479 2554 ﬁeri
3502 2511 3609 2551 non
3631 2509 3791 2565 posse

2217 2594 2489 2658 videntur,
2518 2593 2632 2649 haec
2663 2593 2752 2649 illa
2775 2593 2882 2649 Deo
2917 2593 3139 2649 favente
3170 2593 3235 2648 ad
3269 2589 3581 2650 faciendum
3609 2583 3789 2644 reddit

2211 2687 2483 2758 expedita.

2782 2781 2855 2836 Dc
2877 2782 3192 2852 cupiditate.

2282 2875 2569 2944 lmpotenti
2625 2872 2849 2928 formosi
2907 2871 3159 2943 corporis
3214 2871 3517 2941 cupiditate
3559 2869 3682 2925 vide
3720 2885 3789 2925 ne

2214 2981 2456 3036 unquam
2485 2965 2724 3036 capiaris
2753 2981 2768 3018 :
2802 2979 2928 3018 nam
2952 2963 3088 3018 illud
3120 2963 3304 3033 exigui
3339 2963 3581 3034 pulveris
3613 2963 3788 3033 pretio

2213 3059 2374 3114 debet
2400 3057 2702 3125 aestimari;
2738 3071 2940 3127 corpus
2971 3056 3118 3110 enim
3166 3070 3294 3110 mox
3341 3055 3626 3123 paululum
3683 3055 3787 3108 erit

529 3155 648 3225 νείᾳ
675 3155 924 3225 σώματος
954 3152 1222 3224 ἑπαρθῇς,
1256 3155 1394 3223 μήτε
1423 3152 1528 3223 μὴν
1551 3151 1871 3224 ,δυσγένειαν
1895 3149 2107 3218 £50065-

2215 3149 2481 3222 pulvcris.
2515 3148 2657 3219 Ergo
2691 3163 2868 3220 neque
2920 3148 3209 3204 nobilitate
3246 3146 3500 3216 corporis
3529 3143 3786 3200 (θεῖαι-πίε

531 3246 729 3318 νὼσης,
747 3244 888 3316 μήτε
915 3244 1103 3301 κάλλει
1127 3243 1424 3316 ἀγρευθῇς,
1457 3246 1592 3316 μήτε
1615 3242 1952 3316 δυσμορφίαν
1973 3243 2110 3294 dm-

531 3337 801 3407 στραφῇς,
832 3333 950 3388 ἀλλ’
976 3333 1079 3406 ὅρα
1108 3333 1168 3387 τὸ
1196 3332 1393 3398 κάλλος
1425 3333 1489 3388 τδ
1512 3333 1614 3404 τῆς
1639 3332 1818 3404 ψυχῆς
1836 3374 1852 3398 ,
1886 3333 1981 3385 καὶ
2010 3330 2110 3402 ἔρα

528 3426 604 3497 τῷ
650 3426 922 3498 πνεύματι
957 3424 1058 3495 τὴν
1097 3427 1296 3498 ψυχήν.
1321 3427 1500 3496 Ἔρως
1543 3424 1654 3497 γὰρ
1701 3426 1906 3486 ἐκεῖνος
1951 3423 2111 3495 μόνος

527 3518 733 3590 ἀληθὴς
779 3518 876 3574 καὶ
925 3517 1217 3584 ἀθάνατος,
1249 3518 1348 3589 οὐχ
1374 3517 1432 3582 ὃς
1476 3517 1595 3588 ἅμα.
1621 3515 1701 3587 τῷ
1727 3517 1908 3586 τυχεῖν
1949 3513 2110 3579 εὐθὺς

526 3608 860 3679 ἀπογίνεται,
886 3605 1002 3663 ἀλλ’
1027 3607 1087 3675 δς
1129 3609 1273 3680 μετὰ
1313 3607 1374 3662 τὺ
1411 3609 1595 3679 τυχεῖν
1633 3605 1830 3680 μᾶλλον
1872 3604 2111 3676 ἐπιγίνε-

525 3716 635 3756 ται.

816 3790 955 3858 Περὶ
994 3787 1103 3857 τῆς
1141 3789 1258 3844 τῶν
1293 3790 1530 3859 τρόπων
1564 3789 1804 3860 ἀρετῆς.

597 3877 830 3944 Ἐλαϐες
863 3883 928 3934 ἐκ
953 3880 1089 3934 Θεοῦ
1119 3881 1416 3952 βασιλείαν,
1450 3881 1685 3951 φύλαξον
1707 3881 1878 3951 αὐτὴν
1904 3880 1980 3946 ὡς
2005 3897 2108 3936 πα-

526 3972 918 4043 ρακαταθήκην
949 3972 1142 4027 ἄσυλον
1162 3991 1175 4005 ο
1206 3973 1281 4045 μὴ
1329 3972 1530 4044 φαῦλος
1560 3972 1732 4045 ὀφθῇς
1769 3971 1862 4026 τοῦ
1893 3971 2112 4043 δεδομέ-

523 4081 616 4118 νου
649 4081 730 4117 σοι
761 4064 966 4134 φύλαξ’
1017 4064 1153 4136 μηδὲ
1211 4064 1438 4133 ἀγενὲς,
1493 4063 1630 4136 μηδὲ
1674 4062 1891 4130 ἀνάξιον
1937 4062 2106 4133 αὐτῆς

523 4155 814 4227 διαπράξῃ.
846 4155 987 4210 Ἀλλ’
1015 4155 1205 4228 ὥσπερ
1250 4154 1556 4235 ἢασιλεύειν
1603 4153 1712 4209 τῶν
1754 4153 1958 4208 λοιπῶν
2011 4153 2105 4208 ἀν’

526 4243 761 4317 θρὼπων
805 4245 1139 4317 προεκρίθης
1187 4245 1330 4299 κατὰ
1374 4245 1474 4318 τὴν
1521 4243 1865 4310 ἀξίαν,οὖτω
1915 4260 2105 4316 προτε-

526 4337 704 4408 ρεύειν
727 4337 836 4391 τῶν
874 4338 977 4391 ὑπὸ
1027 4340 1181 4408 χεῖρα
1209 4339 1426 4393 πάντων
1464 4336 1676 4397 σπεῦδε
1696 4337 1792 4391 καὶ
1822 4337 1944 4390 κατ’
1972 4339 2103 4408 ἁρε-

519 4431 643 4500 τήν.
661 4430 724 4482 Ἦ
759 4429 868 4500 γὰρ
897 4429 1066 4501 ἀρετὴ
1105 4431 1368 4500 κρείττων
1394 4432 1514 4485 ἐστὶ
1542 4431 1744 4494 παντὸς
1769 4428 2099 4499 ἀξιώματος.

2214 3256 2392 3312 neque
2415 3239 2811 3311 ignobilitatem
2835 3239 3128 3308 despicias,
3163 3253 3342 3309 neque
3389 3237 3561 3292 forma
3594 3243 3788 3306 captus

2213 3332 2480 3398 tenearis,
2541 3347 2719 3396 neque
2750 3329 3154 3386 deformitatem
3191 3329 3464 3386 averseris
3496 3346 3509 3382 :
3547 3327 3641 3383 sed
3667 3324 3788 3380 ani.

2215 3427 2288 3482 mi
2321 3425 2783 3497 pulchritudinem
2815 3426 3052 3488 intuere,
3082 3433 3132 3480 et
3153 3432 3334 3479 mente
3354 3423 3595 3476 animum
3627 3434 3785 3485 ama;

2211 3517 2303 3573 ille
2338 3518 2558 3572 demum
2603 3531 2767 3572 verus
2810 3525 2893 3573 est
2923 3530 3077 3570 amor
3112 3523 3277 3585 atque
3302 3513 3651 3573 immortalis,
3692 3510 3785 3580 qui

2211 3624 2321 3665 non
2344 3608 2507 3664 simul
2539 3619 2704 3676 atque
2745 3608 2954 3679 potitus
2987 3607 3159 3664 fueris
3192 3606 3494 3672 evanescit,
3544 3603 3639 3660 sed
3680 3617 3789 3674 quo

2210 3702 2332 3772 plus
2368 3701 2596 3773 potiaris
2627 3717 2691 3758 eo
2723 3701 2987 3758 adolescit
3019 3702 3214 3770 magis.

2725 3794 2800 3850 De
2838 3795 3030 3849 virtute
3054 3811 3284 3849 morum.

2283 3883 2537 3940 Numinis
2562 3883 2828 3941 beneﬂcio
2861 3900 3089 3956 regnum
3143 3884 3446 3954 accepisti;
3501 3882 3787 3941 custodias

2209 3976 2343 4033 illud
2402 3985 2664 4048 tanquam
2726 3977 3038 4048 depositmn
3091 3978 3236 4048 quod
3275 3979 3550 4032 incolume
3576 3975 3784 4031 servari

2207 4069 2370 4126 debet
2400 4085 2414 4122 :
2449 4084 2580 4129 cave
2611 4079 2790 4126 autem
2824 4085 2892 4125 ne
2929 4071 3105 4124 malus
3129 4069 3275 4126 illius
3311 4079 3498 4125 custos
3522 4068 3784 4132 videaris,

2208 4179 2312 4218 neu
2344 4161 2631 4233 degeneris
2680 4162 2888 4232 aliquid
2931 4172 3025 4217 aut
3068 4161 3281 4234 indigni
3307 4164 3620 4219 committas
3647 4179 3661 4229 ;
3690 4158 3784 4216 sed

2206 4254 2372 4310 sicuti
2408 4254 2626 4309 caeteris
2659 4255 2916 4323 praelatus
2949 4270 3031 4321 es,
3068 4263 3127 4309 ut
3172 4256 3494 4327 imperares,
3527 4255 3600 4308 ita
3652 4267 3784 4307 con-

2205 4345 2367 4401 tende
2400 4354 2458 4400 ut
2486 4345 2688 4400 virtute
2717 4360 2937 4416 quoque
2995 4345 3209 4400 caeteris
3238 4345 3568 4410 autecellas;
3605 4343 3785 4397 virtus

2205 4437 2351 4491 enim
2400 4435 2550 4493 omni
2579 4434 2848 4506 dignitate
2901 4436 3255 4506 praestantior
3284 4445 3389 4490 est.
3443 4434 3500 4489 Si
3533 4448 3665 4502 ergo
3698 4431 3784 4486 di-

523 4518 585 4572 Ei
605 4519 697 4574 οὖν
727 4521 868 4574 κατὰ
891 4521 990 4592 μὲν
1017 4521 1079 4574 τὸ
1106 4521 1327 4593 ἀξίωμα
1353 4521 1628 4593 κυριεύεις
1651 4522 1929 4587 ἁπάντων,
1951 4521 2093 4576 κατὰ

2212 4528 2407 4596 {nitate
2431 4527 2653 4598 quidem
2699 4527 2927 4598 reliquis
2979 4535 3215 4598 prrestas
3268 4527 3548 4592 omnibus,
3584 4527 3786 4580 virtute

520 4616 577 4671 δὲ
608 4616 707 4689 τὴν
736 4618 934 4691 ἀρετὴν
964 4616 1070 4672 ὑπό
1104 4634 1263 4672 τινων
1286 4618 1540 4690 κυριεύῃ,
1573 4617 1716 4672 κατὰ
1739 4619 1839 4688 μὲν
1861 4619 1922 4672 τὸ
1945 4617 2100 4670 ἐλατ-

519 4725 610 4762 τον
642 4704 693 4761 εἶ
726 4707 998 4779 βασιλεὺς,
1028 4710 1170 4763 κατά
1208 4709 1264 4762 δὲ
1306 4709 1368 4763 τὸ
1399 4711 1644 4779 κρεῖττον
1670 4708 1887 4781 ἀληθῶς
1922 4708 2023 4763 οὐκ
2051 4703 2101 4761 εἴ

521 4799 791 4869 βασιλεὺς,
840 4800 954 4855 ἀλλ’
1005 4799 1093 4869 ὑφ’
1125 4800 1331 4869 ἐτέρων
1377 4799 1813 4871 βασιλευόμενος.
1863 4798 1955 4870 Μὴ
2005 4793 2097 4852 οὖν

520 4889 670 4952 νόθος
703 4887 852 4958 γίνου
881 4889 1147 4963 δεσπότης
1187 4891 1246 4943 ὲν
1275 4888 1354 4959 τῷ
1400 4890 1488 4959 ὑφ’
1516 4888 1717 4962 ἑτέρων
1755 4888 2096 4962 κρατεῖσθαι,

516 4980 652 5035 ἀλλὰ
674 4979 928 5051 βασίλευε
954 4981 1171 5052 ἀληθῶς
1201 4985 1259 5036 ἐν
1291 4982 1368 5053 τῷ
1392 4984 1607 5039 πάντων
1632 4985 1854 5054 κρατεῖν
1875 4983 2015 5038 κατά
2037 4982 2098 5036 τὸ

521 5071 686 5143 μέρος
705 5071 802 5144 τῆς
827 5072 1049 5144 ἀρετῆς.

1006 5259 1146 5324 Περὶ
1180 5261 1604 5329 σωφροσύνης.

588 5345 764 5408 Νίκας
811 5365 891 5402 σοι
927 5349 1020 5404 καὶ
1048 5351 1285 5420 τρόπαια
1327 5351 1452 5406 κατ’
1478 5353 1690 5424 ἐχθρῶν
1721 5355 1843 5408 τότε
1873 5354 2097 5423 παρέξει

516 5434 670 5500 Θεὸς,
699 5439 903 5493 ὁπόταν
935 5440 1096 5505 αὐτὸς
1127 5443 1363 5513 τρόπαια
1391 5444 1487 5498 καὶ
1513 5444 1671 5509 νίκας
1703 5446 1922 5517 στήσεις
1958 5447 2098 5499 κατὰ

515 5529 625 5582 τῶν
655 5532 865 5592 παθῶν.
887 5534 1125 5590 Νικῶντι
1148 5537 1256 5608 γάρ
1284 5554 1365 5591 σοι
1394 5539 1522 5603 τοὺς
1549 5539 1813 5612 ἀοράτους
1845 5539 2094 5611 ἐχθροὺς,

516 5623 826 5692 ἐπάναγκές
873 5627 988 5680 ἐστι
1035 5620 1190 5699 νικᾷν
1220 5631 1315 5683 καὶ
1345 5631 1472 5695 τοὺς
1499 5633 1747 5702 ὁρατούς.
1762 5633 1858 5687 Ὃν
1885 5632 1994 5702 γὰρ
2021 5631 2097 5696 ὡς

515 5713 851 5786 ἀνδράποδον
883 5720 937 5772 αἱ
976 5719 1158 5791 ήδοναὶ
1184 5723 1339 5794 νικᾷν
1374 5723 1468 5777 καὶ
1501 5726 1844 5796 παρασύρειν
1876 5725 2093 5796 ἰσχύου-

515 5821 621 5862 σιν.
657 5806 758 5863 οὐκ
788 5808 1067 5880 εὐδοκήσει
1097 5813 1228 5880 Geo;
1257 5814 1570 5888 ἐλευθερίας
1599 5819 1755 5890 νίκης
1798 5821 2094 5893 τιμηθῆναι

2208 4632 2389 4676 autem
2425 4621 2492 4674 ab
2524 4621 2632 4675 alio
2662 4621 2964 4688 superaris,
2998 4620 3297 4689 imperator
3327 4635 3384 4675 cs
3413 4619 3465 4673 in
3501 4634 3588 4686 eo,
3636 4617 3782 4689 quod

2207 4709 2440 4765 minoris
2478 4711 2814 4770 excellentia:
2841 4723 2928 4766 est
2962 4729 2974 4766 :
3011 4711 3064 4764 in
3093 4727 3156 4765 eo
3207 4725 3335 4765 vero
3360 4709 3506 4780 quod
3554 4709 3784 4780 praecla-

2206 4803 2323 4859 rius
2347 4812 2452 4870 est,
2499 4805 2799 4875 imperator
2859 4820 2967 4859 non
2999 4820 3082 4870 es,
3115 4804 3226 4857 imo
3277 4803 3508 4858 alterius
3553 4802 3781 4872 imperio

2206 4898 2392 4953 subes.
2441 4896 2520 4951 Ne
2561 4898 2636 4953 sis
2656 4913 2785 4969 ergo
2815 4897 2980 4952 veluti
3023 4898 3410 4970 supposititius
3439 4905 3606 4965 atque
3625 4896 3784 4950 adul-

2205 4987 2419 5043 terinus
2466 4988 2759 5055 dominus,
2805 5005 2926 5043 cum
2971 4989 3112 5045 alius
3164 4999 3214 5044 te
3242 4989 3591 5059 prwslantior
3626 5003 3780 5057 repe-

2207 5082 2420 5146 riatnr;
2455 5081 2550 5134 scd
2583 5096 2747 5136 verus
2780 5080 3102 5151 imperator,
3127 5097 3251 5135 cum
3284 5080 3498 5136 caeteris
3525 5095 3630 5136 οπη·
3662 5081 3781 5135 ihus

2203 5176 2404 5230 virtute
2430 5174 2727 5245 praecellas.

2757 5269 2831 5323 De
2854 5272 3224 5338 temperantia.

2269 5359 2544 5416 Concedet
2582 5362 2678 5416 tibi
2731 5361 2875 5417 Deus
2921 5363 3177 5419 victorias
3215 5378 3278 5419 ac
3340 5364 3648 5435 triumphos
3683 5363 3778 5416 ad-

2200 5469 2397 5510 versus
2422 5453 2636 5520 hostes,
2664 5469 2786 5507 cum
2824 5454 2891 5510 de
2918 5455 3144 5512 domitis
3177 5457 3347 5511 animi
3383 5457 3778 5527 cupiditatibus

2200 5545 2466 5599 victorias
2502 5559 2564 5598 ac
2607 5547 2849 5617 trophaeo
2878 5548 3132 5604 retuleris
3166 5564 3180 5600 :
3219 5549 3266 5603 si
3295 5548 3440 5603 enim
3473 5547 3778 5604 invisibiles

2200 5636 2392 5692 hostes
2418 5637 2710 5706 deviceris,
2764 5638 3008 5694 visibiles
3046 5641 3210 5695 etiam
3261 5640 3574 5697 necessario
3613 5653 3778 5713 supc-

2200 5729 2508 5784 rahis..Si-d
2584 5747 2747 5801 quem
2806 5731 3112 5803 voluptates
3157 5743 3215 5788 ut
3275 5736 3379 5790 vile
3434 5736 3768 5804 mancipium

2199 5823 2558 5891 pessumdare
2619 5838 2682 5879 ac
2735 5833 3110 5881 transversum
3173 5841 3334 5898 agerc
3381 5827 3600 5898 valent,
3633 5843 3770 5883 nun-
