4098 6292
316 345 475 389 ἰινιι

1639 338 2225 401 PROLEGOMENA.

3404 344 3577 393 ΞΣΥΙΠ

329 454 494 522 quam
531 446 869 504 Deolubebit
899 463 1021 503 eum
1070 446 1313 503 victorias
1377 448 1591 504 honore
1632 449 1905 506 condeco-

2016 465 2140 504 ποτε
2160 464 2175 479 ⁸
2224 450 2281 513 ὃς
2331 450 2388 504 δὲ
2428 449 2530 521 τὴν
2572 449 2710 503 κατὰ
2742 448 2853 503 τῶν
2878 448 3069 505 παθῶν
3092 449 3247 520 νίκην
3279 451 3395 515 τοῖς
3423 451 3579 506 tm-

329 559 487 596 rare:
527 542 618 613 qui
660 556 790 596 vero
824 542 991 595 animi
1016 547 1197 596 motus
1243 539 1553 596 voluntario
1576 540 1759 597 labore
1793 540 1899 598 l‘re-

327 632 564 696 naverit,
614 632 662 687 is
693 633 747 686 in
780 639 993 687 certum
1024 640 1405 701 argumentum
1452 631 1652 687 futura:
1710 642 1901 702 postea

328 725 711 780 retributionis
758 736 1089 797 aeternorum
1140 726 1434 789 bonorum,
1485 726 1646 779 etiam
1688 725 1741 779 in
1796 726 1901 782 hac

328 817 439 870 vita
465 815 541 871 de'
566 816 802 871 inimicis
839 830 1161 871 concessam
1187 815 1291 872 sibi
1323 830 1354 870 a
1387 814 1498 873 Deo
1533 816 1695 888 quasi
1741 816 1898 876 debi-

329 917 448 967 tore
481 910 766 965 victoriam
797 908 1119 979 reportabit.

816 1002 890 1058 De
922 1001 1168 1072 ﬁdelibus
1198 1000 1411 1057 amicis.

399 1094 589 1167 Maiori
639 1107 693 1153 te
741 1096 943 1167 gaudio
980 1095 1259 1150 sincerum
1309 1095 1619 1151 amicorum
1653 1095 1899 1153 studium

330 1184 547 1250 alliciat,
575 1202 739 1256 quam
773 1190 1202 1256 propinquorum
1231 1200 1247 1239 :
1286 1201 1410 1241 nam
1453 1187 1899 1256 consanguineo-

331 1295 453 1334 rum
480 1280 719 1335 amicitia
754 1294 858 1337 non
886 1295 915 1334 a
944 1280 1171 1343 virtute,
1204 1278 1342 1335 seda
1375 1287 1567 1333 natura
1594 1277 1899 1349 proficisci-

333 1378 442 1434 tur,
469 1371 669 1441 quippe
701 1387 823 1442 qua:
852 1387 919 1425 ne
947 1370 1257 1424 voluntaria
1281 1370 1503 1440 quidem
1540 1370 1733 1425 merito
1765 1386 1900 1425 cen-

333 1460 442 1516 seri
497 1462 701 1531 possit,
743 1462 838 1519 sed
884 1462 1186 1516 amicorum
1246 1461 1304 1516 in
1344 1469 1397 1516 te
1438 1461 1811 1516 benevolentia
1866 1476 1898 1516 a

279 1577 282 1580 ~
332 1550 536 1606 virtute
570 1559 626 1607 et
656 1550 826 1607 libero
862 1551 1107 1623 arbitrio
1146 1550 1428 1615 nascitur;
1452 1560 1505 1606 et
1538 1551 1630 1606 illa
1678 1551 1897 1620 quidem

333 1651 606 1707 naturam,
641 1641 757 1697 Iure
775 1655 952 1697 autem
978 1641 1147 1697 Deum
1174 1642 1334 1697 habet
1362 1648 1664 1696 auctorem.
1696 1640 1898 1698 Verum

335 1734 427 1789 ubi
452 1733 587 1805 quid
610 1749 750 1805 Opus
779 1744 885 1807 est,
918 1736 1077 1805 longe
1102 1734 1276 1804 major
1315 1733 1566 1790 habenda
1597 1735 1737 1790 ratio
1780 1748 1895 1790 mov

335 1839 459 1879 rum
488 1833 593 1889 est,
622 1840 785 1896 quam
810 1825 1117 1897 sanguinis,
1150 1834 1205 1881 et
1245 1825 1542 1882 voluntatis
1598 1840 1763 1897 quam
1795 1839 1893 1880 ne-

336 1915 617 1971 cessitatis
652 1934 667 1972 :
702 1930 828 1971 nam
858 1916 1154 1987 propinqui
1186 1931 1565 1988 saepenumero
1590 1916 1755 1973 etiam
1789 1919 1907 1973 exi-

337 2020 456 2075 gua:
484 2007 728 2077 pecuniae
751 2021 918 2064 causa
948 2008 1268 2079 parentibus
1297 2008 1529 2065 insidias
1573 2010 1903 2076 moliuntur;

336 2097 455 2152 veri
486 2107 669 2153 autem
697 2100 861 2154 amici
892 2099 1063 2156 totius
1110 2100 1301 2156 mundi
1323 2100 1546 2157 divitias
1614 2100 1770 2155 nihili
1826 2098 1909 2154 fa.

339 2188 568 2255 cientes,
586 2192 750 2246 etiam
782 2192 946 2247 vitam
968 2190 1142 2264 ipsam
1166 2207 1281 2264 prae
1308 2192 1615 2248 amicorum.
1641 2191 1910 2251 charitate

338 2284 504 2342 vilem
536 2286 759 2343 habent.

696 2378 774 2435 De
804 2379 1117 2450 fortitudine
1146 2388 1201 2436 et
1233 2380 1542 2451 prudentia.

412 2466 604 2524 Robur
653 2444 906 2541 corporis
947 2477 1129 2542 magni
1187 2444 1375 2536 facito,
1410 2481 1575 2543 atque
1624 2472 1679 2528 in
1731 2444 1950 2544 pretio

342 2559 543 2616 habeto
595 2562 641 2618 si
698 2577 823 2617 cum
852 2564 1140 2633 prudentia
1178 2564 1534 2634 coniunctum
1561 2572 1646 2620 est
1682 2580 1696 2619 :
1733 2580 1909 2636 quan-

342 2658 459 2706 tum
484 2653 628 2709 enim
668 2655 930 2726 prodesse
959 2659 1084 2710 cum
1120 2655 1429 2725 prudentia,
1464 2664 1675 2712 tantum
1713 2672 1911 2715 nocere

347 2743 557 2814 absque
581 2759 643 2799 ea
679 2746 817 2801 solet
846 2745 934 2812 iis,
963 2746 1055 2821 qui
1074 2732 1217 2801 sunt
1238 2746 1333 2801 illo
1364 2747 1595 2817 praediti.
1632 2746 1733 2804 Vis
1761 2749 1908 2805 enim

345 2834 581 2889 consilio
651 2844 950 2906 temperata
1031 2836 1308 2891 hominem
1377 2837 1613 2907 ﬁgurat;
1669 2838 1717 2894 si
1782 2855 1912 2894 vero

348 2926 602 2982 amentiae
625 2941 812 2987 eomes
841 2937 945 2995 est,
978 2930 1209 2986 bestiam
1262 2929 1477 2985 ratione
1507 2942 1786 2987 carentem
1820 2932 1915 2987 de-

346 3015 524 3090 pingit
576 3033 640 3075 ae
681 3018 901 3076 format.
934 3021 1109 3077 Proba
1154 3021 1324 3093 igitur
1367 3036 1464 3078 eos
1519 3021 1612 3091 qui
1649 3022 1907 3094 prudenti

350 3109 566 3178 robore,
600 3125 714 3165 non
766 3112 859 3182 qui
925 3112 1123 3167 stolido
1165 3119 1441 3168 utuntur:
1500 3113 1775 3184 siquidem
1829 3115 1909 3172 vis

351 3215 479 3255 eum
516 3202 823 3257 stoliditate
846 3203 1138 3273 conjuncta
1167 3204 1469 3271 temeritas,
1501 3218 1627 3259 cum
1674 3205 1913 3276 pruden-

352 3290 433 3347 tia
463 3307 593 3348 vero
624 3292 885 3348 fortitudo
909 3294 1237 3364 appellatur.

451 3404 455 3409 -
940 3384 1015 3439 De
1043 3386 1322 3445 modestia.

420 3473 480 3531 In
508 3484 559 3531 te
589 3476 886 3547 propitium
931 3477 975 3533 si
1022 3476 1191 3534 Deum
1230 3480 1429 3536 habere
1471 3482 1577 3545 vis,
1624 3481 1741 3552 ipse
1790 3482 1921 3539 sub-

348 3568 513 3639 jectis
543 3572 656 3625 tuis
688 3577 807 3624 esto
855 3570 1155 3642 propitius;
1210 3586 1334 3626 nam
1391 3573 1496 3629 etsi
1544 3574 1777 3629 aliorum
1821 3575 1921 3629 do—

354 3660 537 3718 minus
566 3677 626 3717 es
650 3663 1007 3730 constitutus,
1043 3665 1163 3735 ipse
1194 3672 1376 3720 tamen
1406 3666 1570 3721 etiam
1603 3682 1797 3723 servus
1823 3682 1917 3734 es;

354 3771 523 3810 unum
574 3756 721 3811 enim
758 3800 766 3809 .
802 3770 870 3813 ac
934 3758 1114 3814 solum
1191 3758 1568 3815 universorum
1629 3758 1921 3815 Dominum

355 3860 548 3903 omnes
599 3846 886 3915 habemus,
939 3863 1004 3903 ac
1063 3848 1229 3905 limus
1283 3857 1445 3905 terrae
1493 3852 1711 3920 generis
1749 3850 1922 3906 nostri

356 3948 553 3994 auctor
574 3938 715 3995 idem
749 3954 814 3994 ac
842 3947 1174 4012 propagator
1202 3950 1324 4009 est;
1376 3943 1481 3999 etsi
1509 3942 1603 3997 alii
1657 3942 1923 3999 adversus

358 4032 517 4097 alios,
557 4032 651 4102 qui
695 4032 828 4087 nihil
873 4034 979 4090 nisi
1024 4034 1202 4104 pulvis
1263 4050 1456 4090 sumus
1487 4034 1921 4090 intumescimns.

358 4122 441 4179 Tu
482 4124 649 4197 igitur
679 4124 770 4195 qui
796 4140 940 4181 nunc
977 4125 1209 4181 subiitne
1264 4127 1441 4183 elatus
1476 4126 1654 4197 pulvis
1686 4140 1767 4191 es,
1807 4141 1925 4181 me-

356 4225 543 4272 mento
590 4228 1091 4289 quantumcunque
1132 4218 1295 4274 modo
1354 4221 1620 4287 cmineas,
1680 4218 1923 4274 futurum

357 4308 657 4377 aliquando
678 4317 739 4363 ut
770 4309 837 4366 ad
865 4314 1075 4364 terram
1120 4308 1491 4381 dcprimaris:
1542 4313 1616 4366 ita
1650 4326 1925 4383 nunquam

359 4399 629 4456 adversus
682 4400 1025 4456 humiliorem
1093 4404 1371 4472 pulverem
1416 4403 1601 4457 animo
1655 4403 1923 4460 cﬂ‘ereris.

2002 540 2134 602 σῐοις
2162 538 2484 610 ἀναδέξηται
2530 539 2734 604 πόνοις,
2771 540 2850 604 εἰς
2882 541 3079 611 δεῖγμα
3129 540 3301 611 σαφὲς
3328 541 3430 611 τῆς
3468 540 3582 594 τῶν

2002 632 2302 703 μελλόντων
2328 632 2553 701 ἀγαθῶν
2578 633 2896 696 ἀντιδόσεως
2919 671 2936 697 ,
2966 634 3060 687 καὶ
3091 633 3191 706 τὴν
3220 633 3340 688 κατ’
3367 630 3580 704 ὲχθρῶν

2009 724 2168 795 νίκην
2222 725 2572 797 χρεωστικῶς
2626 724 2775 797 αὑτῷ
2830 725 3244 798 χορηγουμένην
3309 727 3579 799 κομιεῖται

2001 815 2153 888 παρὰ.
2179 815 2337 871 Θεοῦ.

2456 998 2600 1069 Περὶ
2636 999 2832 1071 φίλων
2867 999 3122 1058 πιστῶν.

2069 1094 2243 1163 Χαῖρε
2278 1094 2391 1156 τοῖς
2423 1091 2787 1165 πουᾷάῇουσι
2816 1092 2945 1164 περὶ
2975 1093 3037 1149 σο
3065 1092 3175 1148 τῶν
3209 1093 3411 1163 φίλων,
3445 1096 3583 1165 μᾶλ-

1998 1184 2094 1240 λον
2114 1226 2129 1250 ,
2162 1187 2235 1250 ὼς
2268 1184 2549 1255 ἀληθέσιν,
2582 1184 2619 1257 ἢ
2646 1185 2760 1246 τοῖς
2791 1182 2939 1253 γένει
2969 1185 3449 1256 προσήκουσιν.Ή
3480 1187 3581 1258 μὲν
3616 1258 3619 1259 ν

1997 1278 2110 1350 γάρ
2137 1278 2231 1331 τοῦ
2260 1278 2450 1346 γένους
2483 1276 2655 1347 φιλία,
2674 1276 2773 1330 οὐκ
2801 1274 2861 1342 ἒξ
2885 1278 3106 1349 ἀρετῆς,
3134 1278 3247 1331 ἀλλ’
3274 1279 3338 1331 ὲκ
3364 1278 3581 1346 φύσεως

1999 1368 2372 1439 περιγέγονεν,
2403 1368 2527 1438 ἥτις
2549 1352 2673 1421 οὐδὲ
2698 1368 2945 1431 ἑκούσιος
2974 1367 3075 1422 σὺν
3101 1368 3226 1439 δίκῃ
3258 1366 3581 1441 κριθείη.Ἦ

1996 1460 2053 1515 δὲ
2079 1460 2267 1531 ἀγάπη
2293 1459 2401 1515 τῶν
2433 1458 2606 1529 φίλων
2647 1460 2707 1525 ἐξ
2735 1460 2939 1532 ἀρετῆς
2962 1460 3057 1514 καὶ
3079 1461 3308 1531 γνώμης
3334 1460 3582 1516 ἑκουσίου

1997 1551 2359 1621 κατώρθωται
2402 1550 2531 1621 περὶ
2580 1551 2661 1605 σέ.
2688 1550 2929 1622 Κάκείνη
2982 1550 3078 1622 μὲν
3121 1549 3221 1623 τὴν
3266 1550 3435 1621 φύσιν
3463 1550 3580 1623 εχει

1998 1645 2187 1716 νόμον,
2215 1642 2355 1714 αὕτη
2399 1643 2457 1697 δὲ
2506 1643 2596 1697 τὸν
2630 1643 2783 1698 Θεόν.
2823 1641 3015 1714 Πολλῷ
3058 1643 3170 1714 γὰρ
3214 1644 3485 1714 κρείττων
3523 1644 3583 1697 ιν

2001 1739 2162 1811 χρείᾳ
2193 1738 2287 1792 καὶ
2315 1739 2343 1790 ὁ
2370 1735 2569 1808 τρόπος
2597 1735 2692 1792 τοῦ
2715 1736 2930 1803 γάνους,
2957 1734 3054 1790 καὶ
3082 1737 3117 1808 ἡ
3144 1735 3463 1807 προαίρεσις
3483 1734 3582 1807 της

2007 1831 2270 1901 ἀνάγκης.
2302 1830 2596 1900 Συγγενεῖς
2619 1830 2726 1900 μὶν
2746 1829 2857 1900 γάρ
2881 1828 3171 1898 συγγενέσι
3202 1826 3465 1891 πολλάκις
3496 1844 3583 1897 μι-

2008 1926 2157 1996 κρῶν
2187 1918 2355 1979 ἕνεκα
2380 1921 2679 1995 χρημάτων
2704 1920 3141 1976 ἐπεϐούλευσαν·
3168 1919 3313 1989 φίλοι
3349 1918 3406 1973 δὲ
3444 1918 3579 1986 άλη-

2009 2018 2123 2082 θεϊς
2155 2017 2245 2070 τὸν
2289 2016 2492 2087 κόσμον
2534 2014 2751 2071 ᾶπαντα
2800 2013 3140 2085 παριδόντες,
3163 2011 3285 2068 οὐδὲ
3307 2010 3408 2085 τὴν
3438 2009 3583 2083 ζωὴν

2008 2106 2183 2181 αὐτὴν
2203 2108 2303 2180 τῆς
2328 2106 2437 2163 τῶν
2471 2105 2645 2179 φίλων
2661 2104 2883 2178 ἀγάπης
2910 2104 3270 2177 προέκριναν.

2309 2384 2449 2456 Περὲ
2481 2384 2760 2454 ἄνδρε-δας
2792 2382 2891 2438 καὶ
2913 2382 3284 2453 φρονήσεως.

2094 2476 2312 2550 Ῥώμην
2334 2476 2584 2547 σώματος
2612 2475 2705 2530 καὶ
2728 2473 2865 2545 τίμα
2896 2474 2991 2529 καὶ
3022 2474 3311 2545 ἀποδέχου,
3358 2473 3453 2530 δάν
3485 2474 3582 2543 καὶ

2013 2573 2270 2646 φρονήσει
2292 2573 2599 2637 κοσμεῖται.
2625 2567 2791 2624 Ὅσον
2811 2568 2917 2640 γάρ
2942 2565 3082 2638 μετὰ
3102 2565 3416 2638 φρονήσεως
3440 2565 3585 2637 ὠφε-

2011 2665 2122 2718 λεῖν
2178 2664 2423 2725 δύναται,
2472 2659 2730 2715 τοσοῦτον
2782 2658 2909 2713 ἄνευ
2956 2658 3271 2729 φρονήσεως
3323 2656 3585 2730 βλάπτειν

2013 2757 2137 2819 τοὺς
2164 2754 2382 2823 ἔχοντας
2411 2750 2623 2805 εἴωθεν.
2666 2749 2842 2821 ’ἰσχὺς
2868 2749 2976 2821 γὰρ
3022 2747 3249 2820 ἔμφρων
3303 2748 3586 2819 ἄνθρωπον

2012 2845 2444 2919 χαρακτηρίζειο
2495 2844 2544 2898 εἰ
2590 2842 2646 2897 δὲ
2697 2842 2978 2913 ἀερροσύνη
3022 2839 3199 2915 ταύτῃ
3257 2841 3586 2911 παρέπεται.

2014 2939 2203 3009 θηρίον
2225 2939 2419 3007 άλογον
2447 2934 2783 3003 ἐξεικονίζει.
2830 2932 3126 3004 ’Δποδὲχου
3147 2934 3334 2988 τοίνυν
3360 2932 3437 3005 μὴ
3462 2932 3587 2995 sub;

2015 3029 2211 3102 άφρονι
2269 3029 2449 3102 ῥώμη,
2484 3026 2622 3084 ἀλλὰ
2672 3027 2804 3092 τοὺς
2862 3026 3098 3098 ἔμφρονι
3142 3024 3487 3097 χρωμένους.
3518 3025 3588 3080 ἸΙ

1937 3149 1982 3209 C
2019 3123 2119 3194 μὲν
2143 3123 2251 3193 γὰρ
2295 3121 2432 3193 μετὰ
2477 3119 2789 3194 ἀφροσύνης
2821 3118 2980 3192 ῥώμη
3018 3117 3217 3190 θράσος
3272 3116 3526 3193 λέγεται·
3552 3120 3587 3189 ἠ

2015 3211 2073 3266 δὲ
2112 3211 2250 3283 μετὰ
2281 3210 2628 3283 φρονήσεως,
2648 3209 2896 3280 ἀνδρεία.

2428 3385 2567 3455 Περὲ
2599 3385 3182 3456 ταπεινοφροσύνης.

2090 3482 2277 3537 Ἶλεων
2310 3481 2456 3552 ἔχειν
2478 3479 2654 3551 βούλει
2682 3479 2812 3550 περὶ
2837 3478 2898 3531 σε
2930 3475 3028 3531 τὸν
3050 3475 3220 3537 Θεόνς
3249 3474 3409 3539 ἵλεως
3432 3473 3592 3544 γενοῦ

2020 3576 2149 3647 περὶ
2185 3577 2312 3638 τοὺς
2344 3573 2619 3642 ὑπηκόους
2641 3572 2737 3625 καὶ
2769 3569 2955 3635 αὐτός.
2998 3568 3117 3625 Κάν
3167 3568 3282 3640 γὰρ
3323 3567 3593 3640 δεσπότης

2021 3667 2283 3740 ὲκρίθης,
2319 3664 2454 3719 ἀλλὰ
2494 3664 2592 3721 καὶ⁷
2639 3663 2923 3726 σύνδουλος
2976 3661 3266 3732 ὑπάρχεις.
3296 3660 3436 3715 Ἕνα
3482 3660 3593 3732 γὰρ

2022 3758 2303 3829 Δεσπότην
2331 3755 2441 3811 τῶν
2477 3754 2615 3810 ὅλων
2666 3753 2762 3808 καὶ
2820 3752 2979 3817 μόνον
3030 3751 3350 3823 κεκτήμεθα
3386 3750 3588 3816 πάντες

2024 3847 2333 3921 ἄνθρωπον
2353 3845 2450 3900 καὶ
2484 3845 2653 3916 πηλὸς
2681 3845 2839 3915 ἡμῶν
2863 3842 2957 3898 τοῦ
2991 3842 3181 3911 γένους
3233 3836 3314 3907 εἷς
3358 3843 3597 3914 ὑπάρχει

2024 3939 2347 4011 προπάτωρ,
2398 3937 2504 3992 κάν
2561 3937 2685 3992 κατ’
2717 3934 2965 4006 ἀλλήλων
3002 3935 3053 3989 oi
3107 3935 3231 4005 χόες
3271 3934 3594 4005 φυσώμεθα.

2023 4033 2289 4104 Μέμνησο
2314 4030 2496 4085 τοίνυν
2518 4032 2545 4085 ὁ
2571 4028 2771 4101 ὑψηλὸς
2823 4027 2954 4099 χοῦς
2984 4026 3242 4093 σεαυτοῦ,
3269 4026 3365 4081 καὶ
3398 4026 3462 4083 εὖ
3491 4027 3599 4084 ῐσθι

2023 4127 2101 4192 ὡς
2131 4129 2266 4183 ὅπου
2293 4127 2338 4181 δ’
2381 4126 2447 4181 ἂν
2479 4124 2698 4198 ὺψωθῇς
2724 4124 2830 4179 άπὸ
2878 4125 3003 4195 γῆς,
3030 4122 3245 4186 πάντως
3273 4121 3442 4178 πάλιν
3467 4140 3600 4177 κατ-

2026 4223 2291 4295 ενεχθήση
2323 4221 2460 4294 πρὸς
2483 4222 2617 4292 γῆν·
2657 4219 2748 4274 καὶ
2776 4218 3029 4273 οὐδέποτε
3071 4217 3214 4271 κατὰ
3255 4216 3379 4289 χοὸς
3426 4219 3599 4289 ἐπαρ-

2028 4316 2169 4389 θήσῃ
2208 4312 2488 4369 ταπεινοῦ.
2517 4312 2782 4383 Μέμνησο
2810 4311 2919 4365 τῶν
2976 4309 3203 4365 σεαυτοῦ
3264 4309 3599 4379 σφαλμάτων

2030 4408 2166 4481 πρὸς
2187 4406 2341 4473 Θεὸν,
2383 4405 2479 4459 καὶ
2502 4403 2734 4478 ἐπιλήσῃ
2750 4403 2858 4457 τῶν
2882 4402 2976 4458 τοῦ
3002 4403 3229 4476 πλησίον
3256 4400 3588 4474 σφαλμάτων

361 4492 672 4549 Recordare
695 4504 1038 4565 peccatorum
1064 4510 1185 4565 qua:
1211 4495 1264 4548 in
1283 4492 1450 4549 Deum
1474 4494 1828 4548 commisisti:
1851 4496 1924 4549 ita
1959 4507 2000 4562 υ
2030 4500 2167 4573 πρὸς
2197 4499 2277 4553 σέ.

364 4584 459 4639 net
484 4591 543 4639 ut
584 4584 630 4640 si
657 4585 788 4657 quid
820 4585 1051 4655 proximi
1086 4586 1139 4639 in
1188 4592 1241 4640 te
1266 4584 1568 4651 peccarint,
1634 4584 1932 4639 oblivisca-

363 4675 459 4731 ris.

956 4766 1030 4823 De
1051 4768 1354 4839 prudentia.

430 4860 668 4933 Reputa,
692 4876 899 4933 quaso,
934 4872 1140 4933 quanto
1163 4863 1234 4917 sit
1270 4861 1410 4932 apud
1441 4876 1634 4917 omnes
1654 4861 1707 4917 in
1730 4861 1934 4918 honore

367 4955 685 5029 prudentia,
711 4964 768 5011 et
798 4969 961 5026 quam
995 4955 1343 5010 vehementer
1379 4954 1446 5009 ab
1477 4954 1734 5011 omnibus
1764 4970 1932 5026 expe-

366 5059 546 5117 tatur;
605 5062 798 5104 omnes
851 5048 995 5107 enim
1050 5062 1169 5103 eain
1222 5048 1447 5104 laudant
1511 5055 1569 5102 ut
1593 5046 1814 5113 bonam,
1839 5044 1934 5102 sed

367 5158 479 5199 non
518 5157 709 5198 omnes
764 5142 1014 5196 laborant
1044 5150 1103 5195 ut
1144 5155 1263 5196 eam
1297 5140 1668 5210 adipiscantur
1702 5154 1851 5210 :quo
1879 5140 1936 5197 ﬁt

368 5245 428 5291 ut
458 5250 585 5290 raro
618 5234 711 5306 qui
737 5248 800 5289 ea
830 5232 1089 5303 praeditus
1106 5232 1177 5288 sit
1202 5234 1443 5303 reperire
1477 5234 1672 5303 possis.
1700 5230 1780 5287 Tu
1805 5246 1936 5288 vero

369 5311 695 5399 daoperam
728 5342 836 5381 non
870 5326 1047 5380 solum
1080 5330 1139 5379 ut
1188 5339 1307 5394 eam
1355 5324 1805 5380 contubernalem
1839 5325 1937 5379 ha-

369 5418 529 5482 bens,
590 5418 683 5473 sed
742 5416 908 5472 etiam
963 5417 1011 5472 si
1064 5417 1191 5487 quis
1224 5416 1427 5485 estqui
1464 5416 1609 5471 illam
1645 5423 1848 5482 teneat,
1879 5426 1939 5472 ut

371 5526 498 5565 eum
522 5511 803 5574 observes,
841 5518 1005 5580 atque
1051 5511 1107 5566 in
1135 5508 1309 5579 pretio
1332 5508 1557 5569 habeas.
1589 5518 1641 5564 et
1688 5522 1813 5562 cum
1847 5508 1938 5564 illo

369 5605 625 5676 frequens
646 5614 811 5659 nocte
835 5602 1029 5675 dieque
1060 5602 1325 5658 verseris:
1359 5602 1449 5656 ille
1468 5601 1613 5656 enim
1638 5601 1790 5657 solus
1823 5602 1938 5657 an?-

374 5713 523 5755 mum
559 5710 709 5753 tuum
751 5697 948 5768 juvare
988 5696 1284 5769 plurimum
1317 5696 1541 5770 poterit,
1570 5705 1624 5751 et
1671 5710 1794 5767 qua:
1838 5693 1937 5747 tibi

370 5792 697 5864 plerumque
749 5791 803 5847 in
839 5789 1090 5863 angustis
1130 5789 1294 5847 rebus
1342 5787 1745 5859 inexplicabilia
1787 5786 1939 5841 vide-

2538 4767 2681 4836 Περὶ
2718 4765 3088 4836 φρονήσεως.

2105 4858 2304 4913 Σκόπει
2337 4856 2480 4913 κατὰ
2509 4858 2760 4923 σεαυτὸν,
2788 4857 2871 4911 ὅτι
2895 4858 3057 4911 πᾶσιν
3078 4856 3387 4929 ἀνθρώποις
3415 4856 3452 4927 ἡ
3469 4853 3599 4925 φρσό

2035 4969 2188 5026 νησις
2213 4952 2514 5023 τιμιωτάτη
2571 4950 2933 5019 καθέστηκεν,
2983 4950 3117 5003 πᾶσι
3152 4948 3195 5002 δ’
3235 4948 3469 5017 ὑπάρχει
3512 4946 3599 5000 διὰ

2038 5043 2294 5113 σπουδῆς.
2330 5042 2536 5106 Πάντες
2572 5041 2669 5113 μὲν
2707 5039 2817 5111 γάρ
2844 5038 3015 5110 αὐτὴν
3045 5038 3124 5101 ὡς
3175 5037 3391 5110 ἀγαθὴν
3438 5037 3597 5091 ἔπαι-

2035 5137 2238 5201 νοῦσιν,
2265 5136 2325 5191 οὐ
2358 5136 2557 5200 πάντες
2571 5135 2626 5188 δὲ
2650 5133 2952 5206 κτήσασθαι
2975 5131 3220 5186 πονοῦσι.
3247 5128 3337 5183 Διὸ
3356 5127 3450 5183 καὶ
3474 5146 3604 5182 σπαο

2036 5232 2296 5287 νιὼτατον
2316 5226 2497 5298 εὕροις
2518 5227 2586 5282 ἂν
2622 5227 2714 5281 τὸν
2739 5225 2943 5298 ταύτην
2981 5223 3348 5295 κτησάμενον.
3377 5222 3469 5293 Μὴ
3506 5222 3606 5294 μό-

2036 5344 2127 5381 νον
2145 5325 2238 5380 οὖν
2261 5324 2421 5389 αὐτὸς
2439 5322 2747 5392 σπουδάσης
2768 5320 2865 5394 τὴν
2884 5320 3144 5393 φρόνησιν
3172 5315 3417 5371 σύνοικον
3438 5315 3603 5387 ἔχειν,

2037 5419 2173 5476 ἀλλὰ
2207 5418 2301 5473 καὶ
2353 5418 2447 5474 τὸν
2473 5416 2676 5488 ταύτην
2724 5413 3064 5489 κεκτημένον
3115 5408 3287 5473 αἰδοῦ,
3320 5408 3413 5463 καὶ
3442 5406 3602 5479 τίμα,

2039 5508 2480 5579 συναναστρέφου
2511 5507 2681 5582 αὐτῷ,
2736 5505 2831 5562 καὶ
2879 5506 2937 5561 ιν
2969 5503 3155 5579 ἡμέρα
3203 5501 3298 5555 καὶ
3337 5502 3395 5554 ὲν
3426 5497 3605 5553 νυκτί.

2051 5602 2286 5665 Ἐκεῖνος
2318 5600 2427 5672 γάρ
2461 5616 2522 5654 σε
2552 5599 2776 5654 δύναται
2810 5597 2970 5669 μόνος
3017 5594 3298 5665 ὠφελῆσαι
3326 5593 3397 5646 τὰ
3453 5590 3607 5661 μέγι-

2043 5711 2141 5749 στα
2171 5696 2249 5758 εἰς
2272 5693 2451 5765 ψυχήν
2470 5708 2485 5723 ·
2526 5691 2623 5747 καὶ
2651 5691 2687 5746 ἃ
2713 5690 2972 5754 πολλάκις
3000 5688 3257 5760 άμήχανά
3281 5701 3361 5738 σοι
3387 5678 3605 5737 δοκοῦσι

2040 5788 2345 5861 πραχθῆναι
2370 5788 2426 5843 ὲν
2450 5784 2784 5857 περιστάσει,
2815 5781 2987 5839 ταῦτα
3008 5781 3074 5836 δι’
3099 5775 3265 5834 αὐτοῦ
3295 5775 3491 5850 ῥᾳδίως
3509 5772 3603 5829 σὺν

4092 3120 4098 3511 i
