4124 6320
419 405 546 448 XXIX

1156 390 1432 449 BASILII
1479 382 1636 449 ΗΠ).
1671 389 2112 452 PAIL’ENESIS
2150 393 2251 454 AD
2289 395 2596 455 LEONEM
2635 394 2929 456 FILIUM.

3552 407 3659 448 XX!

415 505 535 575 Θεῴ
565 499 930 572 κατορθώσεις
987 501 1054 554 Ἣ
1085 502 1192 574 γὰρ
1237 502 1499 572 φρόνιμον
1530 499 1668 557 εἷναί
1715 520 1772 556 σε
1815 502 1916 566 δεῖ,
1958 503 1989 572 ἢ

2096 505 2322 573 buntur,
2355 522 2417 561 ea
2453 523 2547 576 per
2583 509 2757 574 illum,
2794 507 2904 563 Deo
2939 507 3186 578 juvante,
3215 511 3464 579 expedite
3497 515 3662 580 perii-

417 595 699 668 φρονίμοις
727 592 1079 660 συνέπεσθαι,
1114 594 1170 652 ἐν
1205 588 1290 654 οἷς
1321 592 1559 665 ἀληθῶς,
1586 594 1662 658 ὼς
1691 595 1784 649 ἐπὶ
1801 593 1989 668 θρόνου

415 687 550 758 Θεὸς
579 686 940 746 ἀναπαύεται.

645 874 785 945 Περὶ
819 873 1052 943 τρόπων
1088 870 1195 926 τοῦ
1216 871 1362 940 ,ϐίου
1390 869 1488 928 καί
1527 870 1739 941 λόγου.

489 969 702 1039 Τρόπος
739 965 879 1019 ἔστω
926 982 1006 1018 σοι
1062 963 1158 1019 τοῦ
1205 963 1368 1031 λόγου
1417 963 1754 1034 πιστότερος,
1805 961 1890 1016 ἵνα
1916 960 1994 1035 μὴ
2039 1005 2042 1008 λ

418 1062 577 1132 μόνον
605 1061 802 1128 λέγων,
838 1056 973 1111 ἀλλὰ
1005 1056 1100 1115 καὶ
1134 1055 1388 1121 σιωπῶν,
1423 1056 1483 1108 τὸ
1510 1055 1788 1125 αἰδέσιμον
1837 1053 1987 1127 ἔχῃς.

425 1153 587 1207 Ἀλλὰ
643 1151 778 1224 μηδὲ
807 1151 933 1216 τοὺς
979 1149 1123 1221 λόγῳ
1151 1148 1260 1220 ped
1280 1147 1565 1216 πιθανοὺς,
1602 1146 1749 1219 ἔργῳ
1778 1146 1835 1203 δὲ
1865 1147 1992 1209 τοὺς

413 1245 600 1315 λόγους
636 1244 714 1314 μὴ
743 1241 1091 1313 βεϐαιοῦντας
1114 1242 1398 1311 ἀποδέχου.
1442 1241 1562 1298 Εἰσὶ
1593 1240 1698 1312 γὰρ
1749 1240 1798 1293 οἶ
1851 1239 1992 1309 λόγῳ

418 1336 516 1407 μέν
539 1337 677 1390 εἰσιν
723 1335 943 1403 ἀγαθοὶ,
967 1334 1113 1410 ἔργῳ
1145 1335 1202 1387 δὲ
1253 1336 1346 1386 καὶ
1378 1333 1499 1386 λίαν
1554 1331 1788 1402 αίςχροί.
1839 1332 1993 1402 Μὴτε

411 1424 504 1482 οὔθ
551 1427 716 1490 αὐτὸς
753 1423 893 1480 εἶναι
951 1424 1193 1497 τοιοῦτος
1246 1424 1388 1490 θέλε,
1444 1424 1584 1493 μήτε
1637 1423 1745 1493 μὴν
1773 1421 1993 1493 ἐτέρους

414 1518 543 1590 περὶ
575 1518 635 1572 σὲ
689 1516 965 1580 τοιούτους
1025 1512 1165 1571 εἶναι
1212 1514 1546 1586 καταδέχου·
1597 1512 1712 1568 ἁλλ’
1751 1511 1993 1580 ἐκείνους

415 1612 610 1682 στέργε
633 1607 729 1663 καὶ
765 1607 990 1673 οίκειοῢ,
1032 1608 1229 1671 οἵτινες
1277 1607 1340 1660 οὐ
1383 1604 1649 1675 κοσμοῦσι
1699 1603 1825 1668 τοὺς
1864 1604 1992 1674 τρό-

415 1718 548 1765 πους
600 1699 763 1771 λόγῳ,
798 1697 931 1753 ἀλλὰ
967 1699 1094 1761 τοὺς
1129 1697 1322 1765 λόγους
1352 1695 1561 1766 τροπῳ.
1611 1693 1720 1749 Καὶ
1753 1692 1790 1747 ἃ.
1829 1693 1993 1747 πάλιν

413 1794 674 1864 πράττειν
725 1791 998 1864 αἰσχύνῃ,
1033 1790 1208 1843 ταῦτα
1247 1789 1427 1857 λέγειν
1482 1787 1558 1860 μὴ
1615 1786 1987 1856 ἀναισχύντει·

2095 600 2208 654 cies
2240 617 2253 654 :
2287 609 2379 653 aut
2406 601 2554 654 enim
2580 610 2634 658 te
2654 600 2977 671 prudentem
3007 616 3126 656 esse
3165 611 3403 671 oportet,
3438 613 3532 659 aut
3585 606 3662 659 uti

2095 691 2336 745 consilio
2385 691 2743 761 prudentum,
2779 693 2834 748 in
2863 692 3067 763 quibus
3087 693 3243 762 quasi
3268 693 3322 747 in
3371 695 3509 750 solio
3563 709 3667 751 suo

2097 781 2239 838 Deus
2261 783 2632 856 conquiescit.

2597 873 2672 930 De
2701 875 2806 930 vita
2833 882 2881 930 et
2917 876 3180 932 oratione.

2164 966 2270 1025 Tui
2299 982 2479 1028 mores
2507 967 2778 1038 ejusmodi
2809 969 2941 1033 sint,
3001 976 3061 1022 ut
3119 967 3224 1023 ﬁde
3259 967 3538 1038 digniores
3566 968 3667 1022 ha—

2100 1061 2335 1116 beantur
2375 1075 2540 1130 quam
2591 1074 2900 1126 sermones,
2939 1077 3047 1130 quo
3104 1068 3158 1116 te
3195 1075 3300 1115 non
3356 1062 3533 1115 soli-m

2095 1158 2379 1220 quentem,
2397 1151 2495 1210 sed
2523 1157 2793 1206 tacentem
2817 1150 2978 1206 etiam
2995 1159 3354 1206 revereantur
3379 1151 3660 1207 hominem

2095 1254 2272 1314 neque
2330 1258 2425 1299 eos
2461 1243 2560 1299 tibi
2606 1242 2854 1298 adscisce
2882 1243 2972 1312 qui
3007 1244 3186 1299 verbis
3219 1243 3374 1314 probi
3409 1243 3572 1298 factis
3603 1259 3663 1298 ea

2096 1350 2206 1389 non
2227 1335 2580 1392 conﬁrmant.
2617 1334 2758 1390 Sunt
2784 1336 2930 1392 enim
2981 1337 3232 1390 nonnulli
3266 1336 3362 1407 qui
3401 1351 3524 1393 cum
3565 1335 3664 1390 ho-

2095 1428 2747 1497 nestissimeloquantur,
2767 1428 3091 1498 turpissime
3124 1428 3333 1484 vivunt.
3365 1427 3512 1482 Cave
3537 1421 3667 1496 ergo

2094 1535 2163 1577 ne
2197 1529 2290 1574 aut
2327 1529 2385 1576 tu
2434 1520 2635 1577 similis
2678 1535 2870 1576 eorum
2922 1521 3028 1587 sis,
3067 1528 3161 1576 aut
3196 1522 3277 1578 eis
3311 1519 3522 1578 similes
3569 1517 3666 1579 tibi

2094 1613 2391 1685 adiungas;
2426 1611 2521 1668 sed
2567 1627 2662 1668 eos
2715 1611 2878 1682 dilige
2907 1619 2963 1667 et
3005 1612 3102 1666 tibi
3130 1613 3183 1666 in
3235 1611 3665 1668 contubernium

2093 1703 2290 1758 adhibe
2308 1704 2398 1772 qui
2433 1718 2541 1757 non
2590 1717 2769 1758 mores
2817 1702 3023 1761 verbis.
3073 1702 3169 1758 sed
3201 1703 3366 1758 verba
3421 1701 3671 1756 moribus

2094 1798 2473 1851 cohonestent.
2500 1796 2564 1852 Et
2596 1811 2716 1868 quae
2752 1804 2806 1850 te
2846 1793 3032 1852 iaeere
3076 1795 3260 1866 pttdcl,
3297 1811 3358 1850 ea
3382 1794 3567 1850 dicere
3611 1802 3666 1847 te

419 1879 554 1950 μηδὲ
597 1879 634 1933 ἃ.
701 1879 881 1949 λέγειν
933 1877 1211 1952 αἰσχύνῃ,
1262 1876 1436 1932 ταῦτα
1496 1876 1761 1947 πράττειν
1801 1874 1982 1933 διαλο-

2095 1907 2305 1959 quoque
2343 1890 2564 1960 pudeat,
2592 1897 2646 1943 et
2681 1903 2804 1958 qua:
2859 1888 3044 1944 dicere
3070 1888 3249 1958 pudor
3272 1894 3442 1953 vetat,
3469 1901 3540 1944 ne
3567 1899 3666 1940 co—

412 1968 591 2040 γξζου.

693 2051 834 2132 Περὶ
857 2059 1117 2131 μελέτης
1140 2059 1258 2115 τῶν
1285 2059 1458 2115 θείων
1484 2061 1713 2130 Λόγων.

481 2153 698 2223 Ὠσπερ
749 2151 817 2206 τὰ
868 2150 1099 2223 νεοθαλῆ
1130 2151 1239 2206 τῶν
1286 2151 1468 2222 φυτῶν
1504 2151 1848 2224 ἁρδευόμενα
1881 2153 1993 2216 τοῖς

412 2244 567 2298 ὕδασι
585 2243 765 2298 θάλλει
812 2244 905 2300 καὶ
931 2246 1300 2315 καρποφορεῖ,
1315 2243 1458 2307 ούτω
1478 2244 1573 2301 καὶ
1603 2245 1641 2316 ἡ
1663 2245 1731 2316 σὴ
1756 2243 1992 2312 διάνοια,

411 2337 599 2390 τέκνον
633 2335 785 2408 ὲμδν,
819 2335 1158 2408 ἀρδευομένη
1192 2337 1312 2398 ταῖς
1339 2335 1449 2388 τῶν
1492 2334 1654 2394 θείων
1678 2335 1855 2406 λόγων
1898 2351 1995 2410 μεέ

409 2427 615 2493 λέταις,
655 2426 736 2480 ἔτι
783 2427 984 2502 μᾶλλον
1030 2426 1398 2497 αὐξηθήσεται
1428 2426 1524 2480 καὶ
1575 2427 1993 2499 καρποφορήσει

410 2520 510 2581 τὰς
543 2517 766 2588 ἀρετάς.
799 2516 966 2586 Σῶμα
1009 2516 1106 2588 μὲν
1150 2517 1259 2587 γὰρ
1303 2515 1360 2570 αἱ
1433 2513 1760 2584 κατάλληλοι
1795 2513 1994 2586 τροφαὶ

411 2609 748 2671 λῖπαίνουσιθ
783 2608 961 2681 ψυγὴν
1019 2607 1074 2660 δὲ
1107 2608 1155 2660 oi
1205 2608 1570 2677 πνευματικοὶ
1598 2608 1747 2676 λόγοι
1777 2605 1994 2672 διατρέ-

412 2725 622 2777 φουσιν.
667 2706 808 2759 Ἀλλ’
840 2705 1029 2775 ἐκείνη
1065 2701 1163 2775 μὲν
1215 2701 1322 2774 γὰρ
1373 2699 1410 2775 ἡ
1444 2701 1642 2773 τροφὴ,
1696 2702 1856 2774 μέχρι
1890 2702 1992 2771 φά-

416 2817 620 2874 ρυγγος
651 2796 825 2869 ἡδεῖα,
846 2797 937 2853 καὶ
965 2795 1171 2868 φθορὰν
1203 2795 1377 2862 αὔξει,
1405 2794 1502 2849 καὶ
1537 2794 1640 2847 ὑπὸ
1664 2793 1870 2866 φθορᾶς
1894 2793 1994 2846 αὑ-

412 2891 628 2957 ξάνεται
701 2887 796 2943 καὶ
851 2887 1177 2941 δαπανᾶται.
1217 2887 1283 2940 Ἦ
1337 2885 1393 2938 δὲ
1431 2886 1530 2955 τῆς
1579 2885 1755 2955 ψυχῆς
1817 2881 1999 2952 τροφὴ

410 2984 583 3038 ἀΐδιον
613 2981 728 3056 ἔχει
780 2981 880 3054 τὴν
911 2979 1273 3053 εὐφροσύνην,
1317 2978 1412 3033 καὶ
1441 2976 1753 3047 ἀφθαρσίαν
1791 2976 1990 3047 προξε-

409 3078 512 3142 νεί,
566 3075 663 3129 καὶ
699 3073 782 3137 είς
835 3070 1148 3145 ἀφθαρσίαν
1202 3070 1533 3144 μεταχωρεῖ.
1596 3068 1844 3138 Μελέτην
1898 3064 1992 3120 οὖν

411 3167 570 3226 ποιοῦ
604 3167 710 3220 τῶν
759 3164 1014 3223 τοιούτων
1070 3164 1361 3236 ὠφελίμων
1408 3164 1602 3233 λόγων,
1635 3163 1722 3215 ἵνα
1750 3163 1877 3226 τοὺς
1932 3161 1992 3225 ἐξ

413 3262 596 3315 αὐτῶν
630 3261 874 3330 καρποὺς
897 3259 1183 3332 τρυγήσεις
1219 3259 1319 3312 καὶ
1360 3257 1542 3324 καλῶς
1569 3255 1671 3328 τὴν
1710 3254 1988 3327 βασιλείαν

406 3355 718 3426 διοικήσῃς.

973 3443 1113 3511 Περὶ
1145 3441 1410 3509 βουλῆς.

481 3536 695 3607 Βουλῆς
746 3535 978 3608 ἀρίστης
1017 3534 1171 3587 οὐδὲν
1225 3531 1653 3602 ἀσφαλέστερον,
1702 3529 1795 3583 καὶ
1839 3528 1981 3600 πρά-

410 3611 549 3700 ξεως
578 3627 1007 3702 ἀπροϐουλεύτου
1050 3626 1200 3679 οὐδὲν
1251 3622 1687 3694 σφαλερώτερον.
1729 3622 1848 3675 Ἵνα
1892 3616 1986 3674 οὖν

413 3720 557 3790 μετὰ
586 3717 885 3788 ἀσφαλείας
942 3717 1189 3788 πράττῃς
1230 3713 1266 3768 ἃ.
1322 3713 1522 3784 βούλει,
1569 3710 1724 3782 αἱροῦ
1751 3711 1990 3780 προϐου-

409 3809 663 3866 nomen
693 3808 728 3863 ἃ
752 3809 1032 3879 πράττεις.
1064 3803 1219 3860 Μετὰ
1281 3804 1380 3876 μὲν
1407 3804 1514 3875 γὰρ
1555 3804 1616 3857 τὸ
1652 3803 1858 3873 πρᾶξαι
1884 3803 1985 3856 οὑκ

412 3903 495 3958 ενι
514 3898 1042 3972 προϐουλεύσασθαι,
1072 3897 1211 3968 μετὰ
1236 3897 1293 3949 δὲ
1321 3895 1386 3949 τὸ
1415 3894 1804 3969 βουλεύσασθαι
1829 3896 1988 3948 δυνα-

409 3997 505 4051 τόν
528 4013 610 4050 σοι
646 3991 1202 4066 μεταϐουλεύσασθαι.
1233 3990 1376 4061 Ὅρα
1424 3989 1517 4043 οὖν
1544 3988 1776 4043 ἑκάστου
1811 3988 1992 4060 πράγ-

416 4085 675 4161 ματοςτδ
712 4086 886 4148 τέλος,
952 4083 1049 4138 καὶ
1095 4083 1238 4137 οὕτω
1281 4085 1380 4153 τῆς
1429 4081 1680 4153 πράξεως
1711 4081 1987 4152 ἀπάρχου.

413 4179 749 4252 Συμϐούλοις
771 4177 824 4230 δὲ
857 4175 972 4247 χρῶ
1006 4177 1119 4240 τοῖς
1141 4174 1322 4239 καλῶς
1355 4176 1481 4245 περὶ
1503 4175 1611 4228 τῶν
1635 4175 1851 4229 οἰκείων
1875 4174 1994 4246 βου-

411 4273 576 4326 λευσα
588 4271 768 4340 μένοις
806 4270 902 4322 xat
923 4268 1281 4362 διοικήσασξν,
1307 4265 1443 4320 ἀλλὰ
1475 4264 1550 4337 μὴ
1589 4267 1700 4331 τοῖς
1725 4267 1910 4330 κακῶς
1935 4266 1993 4334 ἐξ

412 4364 667 4426 ἀϐουλίας
723 4362 792 4415 τὰ
824 4360 1032 4415 ἑαυτῶν
1079 4359 1519 4428 οἰκονομήσασιν.
1565 4359 1626 4412 '0
1674 4360 1784 4429 γὰρ
1807 4360 1994 4422 κακῶς

412 4475 478 4510 πε
489 4455 544 4523 pi
563 4454 630 4508 τὰ
653 4455 828 4508 οἰκεῖα
860 4449 1150 4514 διατεθεὶς,
1178 4449 1431 4502 οὐδέποτε
1469 4448 1648 4512 καλῶς
1707 4448 1994 4519 βουλεύσε-

413 4566 502 4602 ται
540 4548 669 4619 περὶ
694 4544 804 4599 τῶν
846 4543 1166 4616 ἀλλοτρίων.
1201 4541 1365 4597 Ἀλλὰ
1422 4542 1556 4612 μηδὲ
1586 4543 1699 4603 τοῖς
1743 4541 1994 4612 ἀπείροις

414 4641 544 4711 περὶ
569 4633 643 4692 ὧν
677 4638 747 4692 ἂν·
771 4637 950 4708 βούλει
981 4634 1320 4705 πραγμάτων
1339 4631 1625 4686 ἁνακοινοῦ
1654 4671 1670 4694 ,
1717 4634 1854 4702 μήτε
1885 4634 1993 4701 μὴν

411 4733 532 4793 ταῖς
562 4728 872 4789 κολακείαις
903 4726 1032 4797 περὶ
1063 4726 1122 4779 σὲ
1149 4725 1478 4796 χρωμένοις.
1512 4726 1574 4776 Οἱ
1613 4723 1712 4792 μὲν
1744 4724 1872 4792 γὰρ,
1918 4722 1993 4787 ὡς

410 4824 627 4894 τυφλοὶ,
656 4818 1102 4888 ἀνεπιστημόνως
1132 4816 1534 4887 βουλεύσονται,
1560 4816 1609 4868 οἱ
1632 4814 1688 4867 δὲ
1716 4815 1861 4868 κατὰ
1898 4813 1997 4883 χά-

425 4929 509 4984 ριν
544 4929 627 4965 σοι
667 4909 1106 4980 προελεύσονται.
1156 4906 1294 4961 Ἀλλ’
1327 4906 1558 4968 ἐκείνοις
1593 4905 1826 4975 μάλιστα
1859 4920 1998 4972 συμ-

417 5005 675 5062 ϐουλεύου
701 5003 750 5058 οἶ
780 5003 1025 5073 καὶπερὶ
1053 5002 1112 5054 τὸ
1139 5000 1464 5055 ἐπίστασθαι
1506 5000 1633 5070 περὶ
1675 4999 1784 5052 τῶν
1817 5014 1999 5070 πραγ-

427 5099 611 5169 μάτων
633 5096 807 5170 ὀρθῶς
835 5095 1038 5166 ἔχουσι,
1064 5093 1162 5148 καὶ
1186 5092 1234 5146 oi
1269 5093 1502 5162 μάλιστα
1543 5092 1635 5145 ἐπὶ
1665 5094 1773 5155 τοῖς
1797 5090 1999 5159 ἐσφαλ-

422 5193 607 5262 μὲνοις
693 5206 774 5242 σοι
832 5187 1091 5250 πολλάκις
1168 5185 1462 5254 διελέγχειν
1526 5182 1782 5237 εἰώθασι·
1849 5183 2000 5254 μόνοι

417 5285 528 5356 γὰρ
544 5280 688 5337 οὗτοι
701 5281 794 5335 καὶ
807 5279 974 5353 φίλων
992 5281 1084 5333 καὶ
1107 5295 1170 5332 συ
1179 5277 1422 5350 μϐούλων
1439 5274 1562 5349 [εἰς]
1581 5276 1728 5340 τάξιν
1747 5276 1992 5329 π.στεύε-

421 5379 547 5434 σθαι
575 5377 739 5443 ἄξιοι.

703 5470 841 5541 Περὶ
882 5470 1121 5540 ἁγνείας
1157 5469 1256 5524 καὶ
1295 5469 1716 5542 σωφροσύνης.

483 5566 675 5639 ’Δγνδν
704 5563 929 5619 σεαυτοῦ
955 5563 1113 5638 τήρει
1163 5563 1237 5635 μὴ
1267 5561 1426 5636 μόνον
1451 5560 1512 5614 τὺ
1541 5559 1721 5630 σῶμα,
1746 5558 1882 5613 ἀλλὰ
1907 5557 2001 5612 καὶ

419 5662 592 5730 αὐτὴν
618 5660 718 5731 τὴν
748 5657 1232 5727 διὰνοιαν.’Ὢσπερ
1261 5656 1371 5728 γὰρ
1396 5656 1424 5708 ὁ
1455 5653 1848 5728 διεφθαρμένος
1889 5652 2000 5724 βίος

420 5754 645 5825 χωρίζει
672 5750 828 5814 Θεοῦ,
857 5750 1001 5806 οὕτω
1022 5752 1115 5805 καὶ
1135 5752 1168 5822 ἡ
1192 5752 1246 5802 ὲν
1275 5749 1468 5820 ἁγνείᾳ
1497 5749 1614 5820 ζωὴ
1644 5750 1832 5801 οἱκειοῐ
1864 5747 2000 5818 πρὸς

423 5845 769 5900 θεόν.Ἔστω
816 5840 906 5897 οὗν
942 5844 1001 5898 τὸ
1033 5843 1147 5913 φῶς
1182 5861 1274 5896 σου
1318 5843 1570 5914 λαμπρον
1615 5842 1843 5897 ἐνώπιον
1892 5840 2000 5896 τῶν

2093 1983 2268 2058 gitat'e
2292 1981 2512 2057 quidem
2542 1981 2744 2035 lubeat.

2392 2071 2469 2129 De
2503 2073 2678 2130 studio
2713 2088 2993 2127 sacrarunt
3033 2070 3387 2128 Litterarum.

2165 2169 2205 2221 0
2238 2167 2334 2230 ﬁli,
2374 2165 2832 2240 quemadmodum
2867 2172 3070 2219 tenerae
3120 2164 3318 2235 plantae
3378 2164 3541 2235 aquis
3586 2164 3664 2221 ir-

2093 2264 2283 2332 rigata:
2333 2260 2616 2314 virescunt
2662 2271 2727 2313 ac
2780 2256 2996 2312 fructus
3039 2255 3245 2321 ierunt,
3293 2257 3366 2312 ita
3398 2272 3552 2314 mens
3577 2268 3667 2315 tua

2091 2366 2381 2409 sacrarum
2408 2348 2744 2404 Litterarum
2784 2349 2986 2404 studiis
3039 2343 3244 2420 irrigua
3277 2351 3454 2420 magis
3504 2367 3669 2421 auge-

2094 2451 2232 2508 scet,
2266 2457 2330 2497 ac
2355 2442 2621 2497 virtutqu
2660 2441 2873 2495 fruetus
2908 2441 3250 2511 procreabit;
3287 2456 3416 2498 nam
3463 2458 3670 2514 corpus

2093 2531 2314 2603 quidem
2367 2531 2652 2602 saginatur
2704 2531 2844 2586 cibis
2874 2533 2966 2602 qui
3025 2531 3170 2587 alius
3191 2547 3356 2602 super
3384 2533 3551 2591 alium
3586 2534 3672 2589 in-

2093 2624 2442 2690 farciuntur;
2478 2625 2696 2679 animus
2737 2639 2867 2679 vero
2919 2624 3131 2679 sanctis
3161 2625 3513 2682 sermonibus
3565 2625 3673 2680 ali-

2092 2728 2182 2776 tur
2208 2733 2273 2773 ac.
2303 2725 2620 2786 vegetatur;
2656 2716 2748 2772 sed
2779 2717 2885 2771 hoc
2919 2716 3153 2774 interest
3181 2716 3331 2786 quod
3390 2717 3550 2774 cibus
3581 2718 3674 2772 ille

2090 2806 2340 2877 cet-poris
2369 2805 2437 2860 ad
2482 2805 2668 2862 fauces
2700 2820 2874 2877 usque
2931 2807 3138 2874 suavis,
3171 2813 3225 2862 et
3264 2809 3670 2878 corruptionem

2093 2906 2275 2968 auget,
2304 2906 2360 2954 et
2390 2912 2422 2952 a
2457 2898 2816 2966 corruptione
2866 2906 3119 2969 augetur,
3152 2913 3217 2953 ac
3249 2899 3469 2955 tandem
3503 2899 3670 2954 absu-

2093 2993 2302 3058 mitur;
2337 2989 2506 3046 animi
2541 3004 2672 3048 vero
2728 2990 3047 3046 alimentum
3079 2992 3469 3061 sempiternam
3503 2993 3670 3046 menti

2093 3083 2248 3139 aliert
2270 3083 2537 3148 ltetitiam,
2565 3092 2618 3137 ct
2651 3081 3125 3152 incorruptionem.
3173 3082 3341 3153 parit,
3371 3091 3426 3139 et
3455 3081 3524 3137 ad
3573 3084 3673 3136 iui.

2095 3175 2486 3231 mortalitatem
2516 3176 2764 3231 deducit.
2795 3174 3063 3230 Meditare
3090 3189 3221 3244 ergo
3276 3176 3349 3230 ita
3374 3173 3674 3244 frugiferos

2095 3283 2402 3331 sermones.
2447 3278 2505 3329 ut
2557 3275 2613 3326 et
2681 3282 2872 3323 eorum
2913 3266 3189 3323 fructibus
3238 3267 3562 3340 perfruaris,
3619 3276 3675 3322 et

2091 3376 2324 3432 regnum
2356 3371 2515 3416 tuum
2543 3362 2822 3432 sapienter
2847 3359 3229 3416 administres.

2692 3449 2771 3506 De
2815 3449 3063 3504 consilio.

2160 3540 2269 3597 Res
2306 3540 2452 3596 nulla
2485 3542 2736 3595 securior
2763 3548 2850 3595 est
2886 3556 3054 3611 quam
3087 3540 3311 3610 sapiens
3345 3541 3666 3602 consilium.

2091 3634 2338 3703 nihilque
2370 3631 2753 3704 periculosius,
2781 3646 2944 3702 quam
2974 3632 3289 3688 inconsulto
3343 3648 3458 3687 rem
3501 3632 3670 3687 ullam

2093 3725 2318 3796 aggredi
2351 3743 2364 3780 :
2396 3732 2456 3780 ut
2486 3739 2617 3794 ergo
2651 3732 2772 3776 tuto
2803 3723 2970 3778 facias
3025 3739 3145 3794 quae
3185 3724 3289 3789 vis,
3331 3723 3470 3779 velis
3515 3734 3674 3780 antea

2092 3817 2415 3872 consultare
2443 3810 2566 3887 qua
2622 3817 2794 3871 facis:
2826 3826 2947 3886 post
2995 3817 3199 3875 factum
3236 3816 3380 3871 enim
3448 3819 3674 3873 consul-

2095 3910 2244 3964 tandi
2276 3910 2434 3966 locus
2459 3909 2698 3979 amplius
2757 3925 2868 3964 non
2901 3917 3003 3965 est.
3068 3908 3174 3964 Sed
3207 3917 3330 3981 post
3358 3909 3549 3964 initam
3581 3907 3675 3964 dc-

2093 3999 2469 4055 libcrationem
2532 4005 2745 4052 mutare
2792 3998 2954 4053 etiam
2990 3997 3114 4054 licet
3166 3999 3484 4054 consilium.
3538 3997 3670 4053 Per-

2095 4093 2269 4165 pende
2298 4092 2463 4162 igitur
2494 4105 2758 4162 quorsum
2810 4106 2898 4147 res
2928 4106 3159 4162 quaeque
3208 4091 3438 4147 evadere
3486 4100 3672 4160 queat,

2094 4195 2259 4254 atque
2289 4186 2361 4238 ita
2402 4183 2618 4238 deruunt
2651 4183 2718 4237 ad
2751 4183 2897 4237 illam
2931 4184 3237 4253 accingere.
3276 4183 3336 4238 in
3383 4184 3671 4239 consilium

2106 4284 2287 4329 autem
2325 4288 2420 4328 eos
2451 4273 2674 4337 adhibe,
2712 4274 2805 4344 qui
2842 4273 3008 4332 rebus
3055 4275 3170 4330 suis
3215 4275 3352 4330 bene
3386 4276 3674 4330 consulue-

2095 4372 2226 4419 runt
2249 4402 2264 4426 .
2301 4373 2465 4434 atque
2494 4378 2588 4419 eas
2612 4371 2759 4418 recte
2783 4363 3264 4432 administrarunt,
3304 4380 3410 4418 non
3456 4381 3550 4420 cos
3579 4367 3671 4434 qui

2095 4473 2193 4527 per
2253 4455 2489 4526 inopiam
2558 4453 2774 4508 consilii
2860 4469 2949 4509 res
3008 4468 3141 4509 suas
3204 4454 3343 4509 male
3403 4455 3675 4524 guberna-

2099 4557 2259 4615 runt;
2325 4548 2417 4618 qui
2480 4547 2626 4602 enim
2696 4546 2860 4601 rebus
2915 4546 3032 4601 suis
3088 4545 3228 4600 male
3295 4547 3671 4617 prospexerit,

2097 4654 2377 4709 nunquam
2409 4640 2547 4696 bene
2575 4637 2884 4711 providebit
2929 4639 3143 4693 alienis.
3173 4638 3360 4707 Neque
3385 4654 3513 4693 vero
3530 4653 3675 4694 com-

2101 4735 2323 4786 munica
2375 4745 2500 4784 cum
2547 4729 2822 4799 imperitis
2876 4743 3068 4783 earum
3118 4744 3329 4794 rerum,
3375 4730 3442 4784 de
3473 4731 3674 4798 quibus

2096 4824 2390 4878 consilium
2423 4822 2598 4891 capis,
2655 4837 2833 4891 neque
2877 4837 3000 4874 emn
3038 4821 3106 4877 iis
3135 4837 3274 4891 quos
3322 4821 3536 4877 adulari
3574 4823 3672 4879 tibi

2098 4915 2305 4970 senties
2342 4931 2354 4968 :
2390 4912 2469 4968 illi
2497 4914 2641 4967 enim
2667 4922 2725 4967 ut
2757 4914 2885 4967 οδερί
2913 4918 3228 4983 ignoranter
3255 4913 3348 4967 tibi
3383 4913 3672 4968 consilium

2099 5007 2300 5062 dabqu
2327 5023 2340 5073 ;
2375 5006 2427 5061 hi
2453 5017 2632 5062 autem
2656 5007 2818 5061 etiam
2848 5015 3029 5060 errata
3069 5016 3159 5059 tua
3189 5006 3489 5060 lamiahunt
3520 5023 3534 5061 :
3577 5008 3673 5062 sed

2099 5117 2193 5156 eos
2211 5098 2555 5169 potissimum
2577 5100 2630 5152 in
2652 5098 2944 5152 consilium
2972 5115 3214 5163 assume,
3248 5101 3338 5170 qui
3364 5110 3416 5156 et
3439 5102 3675 5158 scienter

2105 5195 2172 5248 de
2210 5193 2276 5248 iis
2301 5193 2465 5248 rebus
2509 5191 2657 5261 loqui
2693 5192 2930 5262 possint,
2957 5201 3008 5246 et
3063 5191 3130 5246 de
3161 5193 3270 5248 tuis
3313 5195 3510 5249 erratis
3540 5211 3676 5249 eon-

2104 5286 2335 5340 lidentcr
2372 5293 2422 5340 te
2448 5283 2852 5355 reprehendere
2877 5285 3121 5351 soleant;
3156 5286 3232 5340 illi
3257 5289 3403 5342 enim
3459 5288 3674 5342 soli-di-

2096 5379 2188 5452 gni
2217 5386 2365 5446 sunt,
2397 5377 2490 5448 qui
2519 5377 2572 5432 in
2591 5378 2786 5432 amicis
2818 5387 2873 5432 et
2903 5378 3236 5434 consiliariis
3269 5380 3598 5434 habeantur.

2455 5468 2529 5522 De
2563 5470 2808 5523 castitate
2851 5479 2898 5522 ct
2950 5471 3319 5538 temperantia.

2171 5560 2330 5617 Omni
2366 5561 2487 5615 labe
2517 5561 2874 5630 impudicitiae
2914 5577 3106 5629 purum
3152 5578 3415 5617 conserva
3441 5577 3550 5616 non
3584 5577 3675 5616 so-

2102 5657 2212 5710 lum
2249 5671 2332 5709 cm
2353 5670 2472 5725 pus,
2531 5654 2627 5710 sed
2667 5654 2831 5710 etiam
2873 5656 3116 5709 animum
3182 5665 3357 5710 tuum.
3393 5657 3672 5725 Quemad-

2103 5750 2323 5804 modum
2356 5749 2500 5803 enim
2541 5749 2816 5818 impudica
2873 5749 2980 5821 vita
3013 5764 3042 5803 a
3105 5748 3211 5803 Deo
3274 5766 3370 5805 nos
3426 5760 3668 5820 separat,

2105 5844 2178 5898 ita
2226 5844 2280 5897 in
2322 5843 2576 5899 eastitate
2644 5851 2921 5900 transacta
2984 5859 3084 5898 nos
3134 5842 3182 5897 ci
3247 5844 3525 5900 conciliat.
3591 5841 3674 5897 Sit
