4124 6320
435 416 569 459 ιικι

1740 398 2332 465 PROLEGOMENA.

3542 415 3698 457 ιιιιι

431 521 678 594 ergolux
716 527 808 573 tua
839 515 1125 589 Splendida
1157 526 1210 573 et
1257 516 1405 573 clara
1447 516 1500 572 in
1537 516 1714 572 oculis
1749 524 2008 581 tuorum;

2124 517 2428 588 ύπὲχεῖρα,
2465 518 2559 572 καὶ
2591 489 2778 589 ἀγαθὴ.
2798 517 2959 588 γενοῦ
2991 520 3102 584 τοῖς
3135 520 3396 592 ὑπηκόοις
3422 520 3607 577 είκών.
3637 522 3702 577 Ei

432 624 489 671 et
514 623 633 670 esto
666 612 910 685 perfecta
943 613 1122 683 imago
1151 611 1374 667 virtutis
1406 612 1487 666 eis
1535 611 1627 681 qui
1664 610 1769 666 sub
1799 620 1895 664 tua
1922 610 2007 662 di—

434 710 581 763 tione
613 706 839 771 vivunt;
867 703 973 759 nisi
1003 704 1146 757 enim
1181 702 1503 773 pudicitiam
1527 702 1646 772 ipse
1676 702 2005 765 servaveris,

400 782 409 789 ’
441 813 550 870 qua
586 798 766 853 fronte
792 811 912 865 eos,
936 795 1028 866 qui
1056 803 1161 850 tum
1202 794 1566 851 dominationi
1603 793 1837 863 subjecti
1878 799 2009 848 sunt

432 892 501 946 ad
558 906 678 946 eam
718 890 1045 946 servandam
1095 887 1519 943 cohortaberis?
1559 886 1696 941 Nam
1747 901 1870 958 quae
1927 885 2012 940 fa-

399 1040 403 1043 τ
432 986 668 1042 cientem
696 996 750 1039 te
776 983 1037 1049 viderint,
1069 982 1135 1037 ad
1162 981 1353 1037 eadem
1383 995 1605 1051 quoque
1639 977 1890 1034 facienda
1920 977 2007 1032 in-

432 1079 789 1135 citabuntur:
844 1078 1024 1133 solent
1079 1076 1222 1133 enim
1265 1073 1333 1129 ad
1368 1073 1680 1143 exemplum
1734 1072 2009 1144 principis

433 1171 635 1226 mutari
666 1170 925 1241 subjecti.
964 1169 1273 1239 Sicutergo
1310 1165 1415 1223 nisi
1482 1167 1539 1221 in
1576 1166 1820 1220 animum
1844 1163 2010 1220 indu-

432 1263 581 1318 xeris
605 1271 753 1318 recte
780 1263 943 1316 vitam
968 1261 1276 1326 instituere,
1296 1260 1479 1331 gravis
1505 1258 1824 1315 detrimenti
1842 1271 2009 1313 causa

432 1354 703 1425 subjectis
735 1353 891 1411 eris:
932 1354 1005 1409 ita
1043 1354 1089 1409 si
1143 1353 1465 1424 pudicitiam
1500 1366 1624 1407 cum
1656 1350 1871 1407 caeteris
1895 1351 2008 1405 vir-

432 1445 646 1500 tutibus
710 1444 971 1509 colueris,
1017 1443 1213 1500 salutis
1253 1450 1452 1498 auctor
1513 1443 1774 1499 universo
1807 1443 2012 1512 populo

432 1536 565 1601 eris,
602 1542 656 1591 et
692 1534 817 1590 inde
848 1550 967 1590 eam
995 1533 1301 1590 mercedem
1342 1532 1573 1599 referes,
1606 1541 1668 1588 ut
1692 1549 1801 1589 non
1831 1535 2009 1589 solum

432 1635 486 1683 te
522 1625 633 1681 Deo
679 1627 928 1697 dignum.
991 1626 1088 1680 sed
1118 1641 1215 1682 eos
1246 1626 1415 1680 etiam
1462 1625 1553 1696 qui
1597 1626 1695 1682 tibi
1745 1624 2013 1682 obediunt

430 1719 759 1792 praestitisse
802 1718 1093 1790 judiceris.

826 1813 903 1868 De
949 1815 1149 1883 pietate
1192 1829 1318 1883 erga
1348 1819 1615 1881 parentes.

501 1906 774 1962 Coronam
811 1920 841 1959 a
881 1905 989 1960 Deo
1009 1906 1191 1961 datam
1222 1904 1288 1960 de
1333 1919 1503 1959 manu
1545 1919 1664 1959 mea
1690 1903 2007 1975 suscepisti.

432 1999 621 2055 Redde
650 2015 783 2070 ergo
827 1999 1084 2054 donatori
1136 2012 1338 2051 munus
1388 2011 1454 2053 eo
1492 1996 1740 2069 dignum.
1786 1995 2006 2053 Honora

432 2090 605 2146 Deum
650 2091 743 2161 qui
779 2098 834 2145 te
882 2089 1172 2166 honoravit
1219 2103 1315 2155 per
1347 2089 1612 2145 honorem
1642 2104 1803 2159 quem
1863 2087 2008 2159 patri

432 2192 530 2239 tuo
556 2182 805 2239 deferes:
865 2197 955 2238 me
984 2193 1167 2237 autem
1204 2181 1504 2237 honorabis
1544 2197 1653 2237 non
1682 2181 1873 2237 eodem
1917 2199 2010 2253 pe-

433 2277 587 2332 nitus
611 2276 774 2331 modo
802 2289 914 2346 quo
962 2273 1195 2345 subjecti
1230 2273 1455 2336 faciunt,
1487 2288 1681 2345 nempe
1707 2285 1800 2329 aut
1827 2290 2006 2347 genu-

433 2364 661 2422 flectens
702 2374 813 2421 aut
845 2365 989 2421 latus
1038 2380 1221 2420 meum
1259 2365 1497 2434 stipans,
1538 2372 1635 2420 aut
1681 2366 1813 2420 mihi
1870 2366 2012 2422 bene

440 2472 715 2529 precaus:
753 2458 857 2513 ista
884 2457 1029 2511 enim
1081 2456 1330 2528 principe
1361 2455 1481 2511 viro
1513 2472 1621 2512 non
1668 2457 1821 2512 satis
1844 2457 2008 2528 digna

433 2555 598 2615 sunt;
641 2546 737 2602 sed
774 2543 959 2617 potius
1010 2546 1273 2602 virtutem
1321 2546 1531 2611 colens,
1585 2549 2007 2619 temperantiam

434 2654 696 2710 sequens,
732 2653 917 2694 mores
952 2647 1080 2694 tuos
1136 2652 1435 2700 exornans.
1492 2639 1801 2694 litterarum
1830 2639 2013 2696 studia

434 2745 762 2803 capessens,
793 2732 997 2803 quibus
1016 2730 1185 2786 animi
1205 2731 1474 2802 juvenum
1516 2733 1692 2786 excoli
1730 2732 1932 2799 solent,
1960 2739 2018 2787 et

436 2831 497 2877 ut
530 2823 585 2877 in
617 2838 835 2878 summa
864 2822 1045 2891 dicam
1076 2823 1148 2878 ita
1190 2831 1244 2879 te
1288 2837 1641 2892 comparans,
1687 2834 1746 2880 ιιι
1797 2832 2018 2878 terreno

437 2917 544 2971 hoc
564 2916 793 2987 imperio
816 2916 1013 2988 dignus
1038 2915 1297 2981 habeare,
1323 2931 1387 2971 ac
1416 2917 1683 2971 caelorum
1705 2916 1849 2987 regis
1876 2916 2012 2970 ima-

437 3010 617 3080 ginem
655 3017 1041 3079 repraasentes.
1093 3010 1145 3065 Is
1185 3011 1333 3065 enim
1376 3008 1530 3065 solus
1560 3008 1757 3063 merito
1794 3008 2016 3064 vocabi-

436 3113 531 3159 tnr
560 3103 741 3174 imago
777 3100 869 3156 Dei
896 3117 927 3157 a
959 3117 1070 3173 quo
1101 3102 1158 3156 in
1197 3101 1354 3172 regni
1388 3101 1533 3156 solio
1574 3099 1883 3157 collocatus
1905 3110 2017 3166 est,

2110 609 2221 679 γὰρ
2254 611 2413 679 αὐτὸς
2439 612 2537 683 τὴν
2569 611 2791 679 ἁγνείαν
2836 612 2897 665 οὑ
2927 616 3213 684 τηρήσεις,
3251 615 3390 685 ποίῳ
3420 614 3702 685 προσώπῳ

2111 702 2238 762 τοὺς
2270 700 2374 754 ὑπὸ
2406 701 2465 754 σὲ
2492 702 2697 774 ταύτην
2726 703 2870 774 ἔχειν
2896 705 3278 776 νουθετήσεις;
3311 708 3377 759 "A
3403 708 3513 779 γὰρ
3544 706 3611 763 ἄν
3641 725 3702 762 σε

2114 791 2423 861 πράττοντα
2450 794 2718 866 Θεωρῶσι,
2740 796 2809 849 τὰ
2831 797 2972 851 αὑτὰ
2992 798 3086 852 καὶ
3114 798 3267 852 αὐτοὶ
3291 800 3554 871 πράττειν
3577 817 3705 855 συν-

2111 883 2393 955 ενεχθῶσι·
2419 886 2631 956 πέφυκε
2655 889 2763 959 γάρ
2796 906 2915 952 πως
2937 891 3057 953 ταῖς
3084 890 3281 961 ἀρχαῖς
3309 892 3701 963 συμμεταϐάλ-

2110 976 2303 1033 λεσθαι
2344 980 2406 1032 τὸ
2453 979 2939 1053 ὑπήκοον.”Ωσπερ
2985 976 3117 1047 οὖν,
3144 986 3192 1036 εί
3226 983 3301 1054 μὴ
3336 984 3516 1048 καλῶς
3550 983 3704 1055 βιοῦν

2116 1076 2377 1145 προαιρῇ,
2408 1075 2509 1144 τῆς
2537 1074 2644 1128 τῶν
2671 1074 2927 1147 ὑπηκόων
2956 1075 3161 1147 βλάϐης
3187 1076 3361 1147 αἴτιος
3417 1078 3700 1150 ὑπάρξεις,

2114 1165 2258 1221 οὑτω
2281 1168 2379 1239 τήν
2407 1168 2631 1237 ἁγνείαν
2657 1169 2795 1238 μετά
2819 1168 2929 1222 τῶν
2949 1168 3153 1223 λοιπῶν
3185 1170 3399 1240 ἀρετῶν
3426 1169 3699 1238 ὲξασκῶν,

2115 1259 2375 1327 πρόξενος
2398 1258 2492 1314 τοῦ
2520 1258 2651 1314 λαοῦ
2682 1276 2776 1314 σου
2805 1261 3005 1326 παντὸς
3037 1260 3138 1331 τῆς
3169 1262 3444 1334 σωτηρίας
3471 1263 3699 1336 γενήσῃ,

2115 1352 2211 1406 καὶ
2242 1352 2415 1422 μέγαν
2449 1352 2663 1424 σεαυτῷ
2702 1355 2796 1407 τὸν
2840 1354 3028 1423 μισθὸν
3063 1353 3313 1409 ἐντεῦθεν
3341 1356 3700 1430 περιποιήσῃ,

2113 1443 2193 1514 τῷ
2224 1443 2300 1515 μὴ
2337 1444 2498 1515 μόνον
2530 1444 2754 1499 σεαυτὸν
2783 1445 2933 1514 ἄξιον
2964 1445 3123 1514 Θεοῦ,
3158 1446 3295 1503 ἀλλὰ
3320 1446 3417 1503 καὶ
3443 1448 3569 1513 τοὺς
3596 1447 3702 1503 ὑπὸ

2116 1538 2276 1605 χεῖρα
2301 1532 2554 1605 γενέσθαι
2586 1535 3052 1609 παρασκευάζειν.

2596 1803 2738 1874 Περὶ
2776 1805 2954 1878 τιμῆς
2990 1808 3239 1878 γονέων.

2187 1892 2461 1963 Στέφανον
2507 1893 2573 1948 ἐκ
2629 1894 2766 1950 Θεοῦ
2812 1897 2901 1949 oti
2944 1898 3045 1969 τῆς
3088 1900 3233 1971 ἐμῆς
3276 1899 3443 1967 ἐδέξω
3498 1902 3700 1975 χειρός.

2122 1985 2389 2056 Ἀμειψαι
2438 1985 2516 2058 τῷ
2556 1987 2811 2042 δεδωκότι
2845 1988 2906 2043 τδ
2937 1988 3190 2059 ἀντάξιον
3234 1991 3428 2073 δῶρον.
3456 1993 3704 2067 Τίμησον

2118 2076 2251 2129 Θεὸν
2274 2077 2364 2130 τόν
2390 2094 2451 2130 σε
2477 2078 2784 2149 τιμήσαντα
2827 2079 2915 2135 διά
2944 2080 3042 2151 τῆς
3088 2084 3171 2146 εἰς
3202 2082 3295 2136 τὸν
3336 2086 3705 2157 γεγεννηκότα

2118 2167 2302 2238 τιμῆς.
2322 2168 2452 2239 Ἐμὲ
2482 2169 2539 2222 δὲ
2564 2170 2836 2243 τιμήσεις,
2866 2173 2930 2226 οὑ
2976 2173 3230 2247 καθάπερ
3273 2176 3420 2241 τινὲς
3453 2178 3563 2232 τῶν
3590 2178 3707 2233 ὑπ-

2118 2261 2335 2330 ηκόων,
2362 2259 2395 2331 ἦ
2430 2260 2746 2328 γονυπετῶν
2770 2303 2785 2327 ,
2815 2263 2848 2335 ἢ
2882 2263 3229 2335 δωροφορῶν,
3261 2265 3293 2337 ἢ
3327 2268 3666 2339 ἐπευφημῶν
3685 2284 3703 2301 ⁸

2122 2344 2316 2417 ἀνάξια
2343 2352 2452 2423 γὰρ
2479 2349 2651 2406 ταῦτα
2681 2354 2946 2425 βασιλέως
2982 2358 3205 2428 ἀνδρός·
3239 2358 3373 2413 ἀ).λά
3407 2360 3582 2431 τιμῶν
3607 2361 3708 2431 μιν

2120 2445 2223 2517 τήν
2268 2444 2491 2517 ἀρετὴν,
2527 2445 2715 2501 ἀσκῶν
2756 2446 2814 2501 δὲ
2844 2448 2945 2516 τήν
2990 2449 3366 2521 σωφροσύνην,
3395 2453 3618 2524 κοσμῶν
3649 2454 3708 2509 δέ

2126 2552 2222 2591 σου
2249 2535 2311 2591 τδ
2337 2532 2490 2609 ἦθος,
2523 2537 2843 2603 σπουδάζων
2887 2538 2945 2593 δὲ
2992 2542 3122 2613 περὶ
3150 2543 3278 2607 τοὺς
3309 2542 3524 2612 λόγους,
3561 2539 3644 2608 οἷς
3669 2548 3705 2616 ή

2120 2630 2232 2685 τῶν
2271 2631 2408 2685 νέων
2456 2632 2859 2699 καλλωπίζεται
2909 2634 3103 2708 γνώμη
3128 2653 3144 2668 ο
3189 2637 3283 2691 καὶ
3332 2637 3520 2702 ἁπλῶς
3566 2637 3709 2693 οὑτω

2124 2721 2350 2775 σεαυτὸν
2373 2724 2808 2796 παρασκευάζων
2830 2722 2981 2790 ἀξιον
3010 2724 3317 2796 βασιλεύειν
3335 2725 3444 2782 τῶν
3466 2726 3560 2782 ἐπὶ
3581 2728 3706 2799 γῆς,

2125 2815 2222 2867 καὶ
2250 2814 2437 2869 εἰκόνα
2460 2815 2554 2870 τοῦ
2585 2816 2852 2888 βασιλέως
2890 2817 3000 2872 τῶν
3029 2819 3298 2890 οὐρανῶν.
3336 2821 3511 2886 Μόνος
3543 2822 3651 2894 γὰρ
3677 2822 3709 2874 ό

2122 2904 2223 2976 τῆς
2252 2905 2453 2976 ἀρετῆς
2482 2906 2767 2978 ἐφικέσθαι
2794 2908 3088 2980 δυνάμενος
3122 2911 3286 2965 είκὼν
3310 2911 3402 2964 τοῦ
3435 2914 3711 2984 καταστή-

2125 3010 2319 3061 σαντος
2360 2996 2524 3050 αὑτὸν
2570 2998 2706 3052 Θεοῦ
2744 2999 2972 3064 δικαίως
3023 3000 3380 3073 κληθήσεται,
3410 3004 3508 3058 καὶ
3566 3004 3712 3070 μετά

2125 3087 2259 3143 Θεὸν
2288 3090 2439 3161 παρὰ
2467 3090 2577 3147 τῶν
2608 3092 2865 3163 ὑπηκόων
2888 3094 3115 3160 εἰκότως
3142 3095 3586 3168 ἀγαπηθήσεται,
3612 3096 3711 3151 καὶ

442 3194 539 3266 qui
563 3194 938 3251 omnimodam
974 3195 1236 3249 virtutem
1275 3192 1657 3262 amplexatur:
1684 3192 1843 3261 isque
1874 3190 2019 3261 opti-

2124 3179 2202 3246 ὡς
2248 3182 2548 3255 εὐεργέτης
2594 3184 2773 3252 κοινὸς
2822 3186 3019 3242 ἑαυτοῦ
3043 3204 3102 3242 τε
3133 3188 3359 3245 καὶτῶν
3398 3187 3493 3245 ὑπ’
3520 3189 3707 3259 αὑτὸν,

440 3289 673 3360 tnojure
694 3288 938 3345 secundo
969 3289 1093 3361 loco
1127 3293 1252 3358 post
1295 3284 1464 3340 Deum
1501 3299 1531 3338 a
1557 3282 1824 3354 subjectis
1864 3299 2022 3341 ama-

438 3381 609 3442 bitur.
633 3388 687 3436 et
709 3390 970 3450 tanquam
1020 3378 1088 3434 de
1134 3392 1195 3434 se
1244 3377 1472 3447 suisque
1515 3374 1722 3446 Optime
1788 3378 2022 3434 meritus

439 3476 589 3540 omni
625 3473 836 3529 honore
861 3473 1061 3545 dignus
1086 3471 1400 3527 habebitur.

1040 3562 1120 3618 De
1172 3563 1409 3632 iustitia.

514 3657 1068 3715 Administrationem
1103 3653 1258 3725 regni
1291 3663 1351 3709 ttt
1401 3656 1553 3711 omni
1596 3656 2025 3726 reprehensione

440 3768 669 3809 vacuam
742 3760 994 3822 praestes,
1040 3763 1163 3820 qua:
1215 3747 1273 3803 in
1308 3747 1433 3805 aliis
1491 3748 1854 3819 reprehendis
1909 3749 2025 3805 haec

442 3846 565 3916 ipse
596 3844 782 3901 facere
812 3858 881 3899 ne
910 3842 1157 3898 audeas:
1198 3848 1329 3896 sunt
1363 3840 1510 3896 enim
1544 3841 1874 3913 plerumque
1894 3843 2026 3898 sub-

442 3937 543 3990 diti
575 3937 641 3990 ad
669 3934 988 4007 principum
1024 3935 1275 3988 actiones
1313 3933 1709 3990 examinandas
1749 3935 2025 3991 acerrimi.

445 4030 504 4087 Si
537 4030 684 4107 enim
708 4030 763 4085 id
780 4029 1075 4098 diligenter
1111 4027 1516 4094 observaveris,
1547 4027 1661 4083 duo
1697 4029 1888 4085 istltarc
1922 4045 2029 4085 ma-

442 4124 577 4179 ximi
610 4122 868 4179 momenti
894 4119 1185 4178 commoda
1231 4122 1631 4192 consequeris:
1680 4129 1733 4177 te
1767 4122 1917 4178 enim
1950 4124 2026 4177 ir-

444 4216 847 4288 reprehensum
874 4214 1143 4272 adversus
1173 4213 1682 4271 omnescalumnias
1714 4217 2026 4286 praestabis,

442 4317 498 4363 et
534 4307 817 4374 subjectos
845 4314 975 4361 tuos
1009 4320 1119 4361 non
1145 4303 1383 4360 dicendo
1405 4304 1606 4370 solum,
1626 4305 1722 4361 sed
1743 4304 1906 4360 etiam
1941 4316 2027 4361 ta-

442 4398 619 4455 cendo
648 4398 908 4455 virtutem
945 4411 1165 4453 omnem
1202 4412 1464 4453 exercere
1510 4395 1755 4452 docebis.
1786 4396 1846 4451 Si
1894 4413 2028 4453 vero

2121 3272 2289 3341 ἀξίως
2314 3276 2700 3348 τιμηθήσεται.

2621 3567 2760 3637 Περὶ
2800 3567 3214 3636 δικαιοσύνης.

2199 3660 2318 3715 Ἵνα
2366 3676 2460 3715 σου
2506 3657 2607 3731 τὴν
2655 3659 2938 3729 βασιλείαν
2991 3660 3280 3730 ἄμεμπτον
3331 3661 3669 3739 διαφυλάξῃς
3692 3702 3712 3729 ο

2127 3754 2271 3826 ἅπερ
2294 3754 2360 3808 ἂν
2387 3753 2594 3826 ἑτέροις
2617 3753 2947 3824 πράττουσιν
2972 3755 3530 3825 ὲπιτιμήσεις,ταῦτα
3550 3756 3718 3828 πράτ-

2122 3863 2239 3900 τειν
2268 3848 2431 3911 αὑτὸς
2462 3845 2539 3916 μὴ
2567 3846 2924 3917 ἐπιχειρήσῃς
2944 3860 2958 3875 ⁸
2992 3844 3166 3899 δεινὸν
3207 3845 3317 3915 γάρ
3358 3862 3479 3910 πως
3521 3847 3582 3901 τὸ
3612 3848 3717 3901 ὑπ-

2126 3940 2291 4011 ήκοον
2321 3936 2421 4001 τὰς
2453 3936 2561 3991 τῶν
2594 3937 2874 4007 ἀρχόντων
2905 3936 3131 4007 πράξεις
3156 3936 3481 4006 λογοθετεῖν.
3511 3939 3575 3993 Ei
3604 3941 3715 4012 γὰρ

2124 4031 2283 4085 τοῦτο
2315 4030 2580 4103 φυλάξῃς.
2606 4030 2699 4084 δύο
2722 4031 2896 4085 ταῦτα
2939 4030 3171 4099 μέγιστα
3198 4032 3588 4103 κατορθώσεις,
3618 4033 3715 4087 καὶ

2127 4125 2353 4177 σεαυτὸν
2396 4122 2726 4194 ἀνέγκλητον
2761 4122 2963 4186 παντὸς
2998 4121 3191 4193 μώμου
3222 4123 3589 4196 διατηρήσεις,
3618 4124 3716 4178 καὶ

2126 4214 2253 4278 τοὺς
2278 4214 2382 4268 ὑπὸ
2410 4216 2566 4285 χεῖρα
2591 4213 2847 4279 διδάξεις,
2875 4214 2971 4267 καὶ⁹
3005 4214 3227 4268 σιωπῶν
3252 4215 3347 4267 καὶ
3374 4216 3571 4285 λέγων,
3603 4218 3717 4271 πᾶ-

2126 4322 2227 4358 σαν
2261 4306 2448 4358 ἀσκεῖν
2477 4305 2700 4375 ἀρετήν.
2732 4303 2793 4357 Et
2837 4304 2893 4357 δὲ
2919 4303 3160 4370 ἐναντία,
3193 4300 3268 4357 ὧν
3299 4303 3500 4373 λέγεις,
3531 4305 3715 4377 πράτ-

2124 4414 2258 4461 τεις,
2280 4395 2421 4462 ἕξεις
2447 4412 2541 4450 σου
2566 4396 2870 4467 κατήγορον
2897 4394 2994 4467 τήν
3023 4398 3356 4467 συνείδησιν·
3385 4397 3433 4449 εί
3454 4396 3509 4450 δὲ
3537 4398 3713 4466 λέγων

441 4491 609 4549 dictis
640 4492 751 4546 tuis
784 4490 931 4545 facta
960 4489 1189 4544 minime
1216 4488 1578 4560 respondent,
1625 4487 2019 4545 accusatricetn

2131 4490 2332 4557 ἀγαθὰ,
2354 4490 2424 4544 τὰ
2455 4490 2616 4558 ὅμοια
2645 4488 2906 4559 πράττεις
2925 4528 2940 4553 ,
2975 4488 3117 4556 ἔξεις
3144 4489 3269 4551 τοὺς
3296 4487 3715 4557 λογοθετοῦντάς

444 4587 525 4641 tui
558 4585 960 4642 conscientiam
993 4584 1261 4639 habebis:
1313 4598 1367 4639 at
1389 4585 1433 4638 si
1490 4583 1695 4654 probos
1742 4598 2019 4642 sermones

2131 4598 2225 4635 σου
2268 4582 2360 4635 τὸν
2407 4579 2520 4652 βίον
2556 4579 2692 4650 ὁμοῦ
2748 4581 2842 4634 καὶ
2876 4582 3189 4652 μάρτυρας,
3222 4580 3317 4635 καὶ
3348 4584 3593 4652 μιμητάς
3620 4598 3714 4635 σου

445 4675 657 4733 similes
683 4675 931 4730 actiones
984 4682 1422 4745 consequantur,
1474 4688 1570 4728 eos
1599 4673 1692 4744 qni
1729 4682 1784 4729 te
1834 4676 2033 4730 oltsero

444 4778 597 4835 vant,
626 4778 735 4825 tute
770 4768 1058 4838 probitatis
1089 4777 1144 4823 et
1193 4776 1365 4823 testes
1406 4766 1573 4823 simul
1603 4775 1657 4822 et
1724 4767 2029 4824 imitatores

447 4860 673 4917 habebis
714 4861 863 4916 omni
892 4858 1224 4930 exceptione
1249 4860 1513 4928 majores.

1002 4952 1079 5007 De
1115 4953 1479 5023 beneﬁcentia.

520 5046 743 5103 Nullius
774 5062 967 5103 eorunt
998 5047 1094 5117 qui
1121 5057 1211 5102 aut
1270 5062 1303 5103 a
1339 5058 1391 5103 te
1440 5062 1671 5103 munera
1728 5046 2032 5117 postulant,

449 5139 865 5211 autdiguitates
896 5138 1181 5203 ambiunt,
1210 5154 1393 5194 mores
1443 5138 1542 5193 tibi
1583 5139 1839 5194 lateant:
1879 5156 2033 5195 cum-

449 5249 559 5305 que
604 5235 743 5289 satis
769 5248 867 5289 eos
894 5233 1261 5305 perspexeris,
1281 5233 1511 5289 benefac
1538 5233 1806 5288 duntaxat
1829 5232 1993 5289 bonis
2019 5249 2032 5287 :

449 5326 519 5381 ab
572 5325 657 5382 eis
719 5325 867 5380 enim
916 5333 1235 5396 perpetuam
1287 5325 1524 5394 recipies
1567 5319 2030 5388 benevolentiam,

448 5431 573 5489 quae
600 5416 757 5473 nullo
783 5430 1029 5487 unquam
1058 5425 1308 5485 tempore
1348 5415 1676 5469 vacillatura
1725 5416 1819 5471 sit.
1862 5416 2034 5470 Bene.

451 5508 638 5565 licium
660 5508 806 5564 enim
871 5507 1012 5579 apud
1070 5508 1247 5562 virum
1290 5507 1496 5562 bonum
1541 5507 1873 5563 collocatum
1914 5509 2035 5564 the-

449 5617 650 5659 saurus
672 5610 756 5657 est
795 5603 961 5658 nullis
999 5600 1321 5670 raptoribus
1377 5600 1675 5667 obnoxius,
1710 5602 1806 5671 qui
1837 5602 2027 5657 multi-

450 5693 649 5764 plicem
687 5691 941 5746 eollatori
1002 5690 1175 5747 refert
1234 5690 1504 5761 gratiam:
1554 5693 1650 5761 qui
1700 5703 1885 5746 autem
1929 5692 2035 5747 iut-

450 5783 626 5857 probo
675 5782 815 5838 bene
864 5781 996 5838 facit
1052 5792 1367 5854 serpentem
1423 5782 1477 5837 in
1537 5781 1661 5838 sinu
1709 5781 1829 5847 alit,
1874 5782 2036 5855 isque

453 5876 857 5949 aliquantisper
883 5876 1056 5949 ipsius
1084 5877 1270 5934 calore
1316 5874 1555 5945 fovetur,
1584 5874 1680 5933 sed
1723 5874 1905 5933 oblata
1943 5890 2035 5932 oc-

2124 4673 2227 4743 τῆς
2257 4670 2663 4742 καλοκαγαθίας
2690 4672 3165 4743 ἀπαραγράπτους
3192 4669 3358 4738 ἕξεις.

2653 4941 2787 5009 Περὶ
2822 4941 3193 5011 εὐεργεσίας.

2202 5035 2526 5091 Λανθανέτω
2550 5051 2606 5087 σε
2636 5034 2822 5104 μηδεὶς
2838 5033 2946 5087 τῶν
2978 5034 3243 5105 παρὰησοῦ
3269 5034 3476 5107 δωρεὰς
3507 5035 3717 5091 αἰτούν-

2133 5146 2258 5193 των,
2294 5126 2322 5199 ἦ
2352 5125 2638 5195 ἀξιώματα
2675 5122 3097 5195 ἐπιζητούντων,
3160 5126 3256 5179 καὶ
3307 5127 3530 5192 τούτους
3582 5129 3716 5182 ἀνα-

2133 5218 2449 5290 λαμὸἀνων,
2470 5219 2597 5281 τοὺς
2622 5216 2863 5284 ἀγαθοὺς
2893 5213 2950 5270 εὖ
2984 5216 3341 5285 ποίει.”Εξεις
3365 5220 3476 5292 γάρ
3505 5221 3590 5273 ἀεὶ
3619 5222 3718 5292 τὴν

2134 5309 2349 5365 εὔνοιαν
2391 5308 2704 5371 διαπαντὸς,
2756 5306 2788 5377 ἢ
2850 5305 3050 5376 μᾶλλον
3101 5308 3295 5371 εἰπεῖν,
3357 5306 3715 5361 ἀδιάπτωτον.

2140 5402 2373 5465 Ἀσυλος
2396 5401 2506 5471 γὰρ
2532 5399 2805 5471 θησαυρὸς
2835 5399 2964 5471 παρ’
2997 5397 3155 5470 ἀνδρὶ
3182 5399 3478 5469 σπουδαίῳ,
3501 5400 3595 5453 καὶ
3624 5415 3722 5451 πο-

2137 5493 2515 5565 λυπλασίωνή
2558 5492 2719 5563 χάρις
2748 5491 2879 5562 παρ’
2930 5492 3114 5555 αὐτοῖς
3158 5491 3524 5561 ἐποφείὶεται.
3564 5489 3624 5545 ’0
3662 5490 3721 5546 δὲ

2140 5589 2267 5650 τοὺς
2296 5586 2498 5649 κακοὺς
2531 5582 2856 5652 εὐεργετῶν,
2903 5582 3193 5650 ἐγκόλπιον
3215 5580 3331 5653 ἔχει
3367 5583 3457 5637 τὸν
3482 5582 3627 5653 ὅφιν,
3660 5584 3721 5638 ἐν

2142 5679 2320 5749 καιρῷ
2350 5678 2450 5748 μὲν
2481 5676 2840 5745 θαλπόμενον,
2879 5676 2935 5727 ὲν
2983 5674 3162 5746 καιρῷ
3205 5674 3263 5729 δὲ
3296 5674 3387 5728 τὸν
3422 5674 3722 5747 εὐεργέτην

2144 5773 2335 5842 ίο6ό).ῳ
2355 5772 2592 5841 δήγματι
2612 5769 2976 5839 ἀμυνόμενον.
3003 5768 3214 5842 Ὠσπερ
3234 5769 3345 5839 γὰρ
3373 5768 3423 5822 oi
3452 5768 3721 5839 ἀλλότριοι

2146 5866 2305 5930 κύνες
2336 5864 2443 5917 τῶν
2503 5864 2814 5927 σιτιζόντων
2843 5861 3006 5929 ξένων
3047 5860 3500 5928 καθυλακτοῦσιν,
3551 5860 3722 5925 οὕτως
