4124 6320
289 416 460 457 XXXI“

1058 404 1342 466 BASILII
1370 404 1525 467 IMP.
1568 402 2013 483 PAR/ENESIS
2040 404 2140 463 AD
2175 404 2484 465 LEONEM
2522 404 2813 466 FILIUM.

3384 415 3549 459 XXX“

275 520 327 573 oi
358 520 521 573 κακοὶ
548 517 672 583 τοὺς
698 514 1063 586 ὠφελοῦντας,
1116 518 1306 590 ὥσπερ
1344 519 1470 581 τοὺς
1507 516 1867 587 βλάπτοντας.

1976 518 2200 572 casione
2229 526 2496 573 venenato
2545 533 2734 573 morsu
2788 516 3192 573 benefactorem
3250 534 3411 574 suum
3464 536 3551 577 re-

274 611 573 667 ἀδικοῦσιν.
608 610 872 679 Ἀγαθοῦς
926 610 1036 681 γάρ
1067 609 1581 689 εύεργετῶν,νὲξεις
1644 609 1871 662 σεαυτὸν

276 703 641 766 πολλαπλοῦν,
662 705 756 757 καὶ
778 702 957 777 κτήσῃ
981 703 1112 773 μίαν
1141 703 1317 775 ψυχὴν
1349 700 1559 755 πολλῶν
1588 702 1755 769 φίλων
1779 701 1874 755 καὶ

273 795 568 866 ὀφθαλμῶν
601 794 787 865 κύκλῳ
816 794 1348 865 διαφυλαττομένην.

1982 617 2261 660 munerat.
2288 606 2444 661 Sicut
2466 608 2609 661 enim
2642 621 2806 662 canes
2826 608 3020 665 alienis
3062 609 3228 665 etiam
3256 611 3443 665 cibum
3466 610 3555 666 ol-

1979 696 2285 753 ferentibus
2318 699 2619 765 oblati-ant,
2650 700 2722 753 ita
2759 700 3011 755 homines
3047 703 3294 771 perversi
3323 702 3557 773 perinde

1977 805 2075 846 eos
2094 791 2185 860 qui
2219 794 2357 846 bene
2381 790 2444 846 de
2471 792 2607 861 ipsis
2632 800 2915 848 merentur
2948 793 3250 861 oli'endunt,
3276 804 3437 865 atque
3457 811 3556 852 eos

276 888 369 958 qui
404 889 563 942 male.
596 884 777 941 Bonos
808 901 939 955 ergo
968 885 1248 941 beneﬁciis
1288 887 1386 941 tibi
1447 885 1773 941 deviueiens
1807 895 1859 938 te
1901 882 2081 952 ipsum
2112 882 2525 951 quodammodo
2612 884 2977 954 multiplicem
3064 886 3313 952 habebis,
3360 902 3557 958 nempe

278 981 445 1034 vitam
478 994 642 1034 uuam
685 978 873 1033 multis
903 980 1114 1033 circum
1162 979 1337 1034 oculis
1369 978 1666 1049 multiSquc
1719 976 2078 1049 vigilantibus
2099 976 2294 1031 amicis
2331 976 2688 1031 enstoditam.

880 1073 1019 1141 Περὶ
1044 1075 1263 1143 φίλων.

358 1165 632 1229 Ἐκείνους
664 1164 865 1235 κτῆσαι
895 1164 1085 1234 φίλους
1111 1165 1207 1217 καὶ
1236 1164 1576 1237 θεράποντας
1600 1165 1868 1218 οἰκειοτά-

273 1274 424 1321 τους.
456 1257 653 1319 οἵτινες
680 1256 879 1325 ἀγαθοὶ
936 1256 1032 1309 καὶ
1079 1257 1214 1327 πρὸς
1249 1257 1469 1327 ἑτέρους
1505 1255 1751 1326 φίλουςῆ
1785 1255 1871 1307 δε-

273 1349 480 1412 σπότας
512 1335 903 1418 προγεγονότες
939 1348 1299 1419 τυγχάνουσιν
1318 1365 1331 1378 ⁸
1356 1348 1391 1402 ὃ.
1419 1350 1528 1419 γὰρ
1550 1351 1607 1402 ὲν
1638 1349 1870 1409 ἐκείνοις

271 1443 624 1512 εἰργάσαντο,
652 1441 826 1495 ταῦτα
876 1442 968 1495 καὶ
1000 1442 1080 1504 εἰς
1106 1440 1165 1493 σὲ
1228 1440 1455 1510 ποιῆσαι
1488 1440 1588 1492 οὐκ
1616 1439 1868 1508 ,ἀποκνή-

275 1553 453 1590 σουσι.
472 1536 530 1589 '0
568 1535 667 1606 μὲν
689 1536 815 1607 ξγὰρ
847 1535 1137 1600 σπουδαῖος
1166 1537 1294 1607 ’περὶ¹
1326 1537 1451 1599 τοὺς
1479 1536 1649 1588 πάλαι
1682 1533 1872 1604 φίλους

273 1625 538 1697 γεγονὼς,
564 1627 854 1691 σπουδαῖος
892 1626 958 1681 ἂν
1009 1627 1105 1681 καὶ
1138 1628 1267 1699 περὶ
1293 1626 1353 1681 σὲ
1376 1626 1629 1696 γενέσθαι
1652 1642 1873 1680 πιστευ-

273 1719 541 1790 θήσεται·
577 1719 605 1772 ό
645 1718 701 1772 δὲ
758 1720 874 1782 τοῖς
915 1718 1207 1790 προτέροις
1261 1718 1448 1788 φίλοις
1496 1717 1530 1789 ἢ
1586 1716 1873 1779 δεσπόταις

272 1811 552 1883 ἄχρηστός
578 1829 639 1866 τε
659 1811 755 1865 καὶ
782 1811 1029 1883 ῥᾴθυμος
1060 1809 1327 1880 γεγονὼς,
1366 1811 1528 1881 σχολῇ
1558 1826 1621 1879 γε
1647 1809 1775 1880 περὶ
1813 1808 1873 1862 σὲ

276 1905 568 1969 σπουδαῖος
590 1905 686 1959 καὶ
721 1903 991 1975 χρήσιμός
1016 1919 1146 1956 ποτε
1178 1902 1496 1973 ὀφθήσεται.

632 1993 772 2062 Περὶ
806 1994 1140 2061 ὑπεροψίας
1170 1992 1510 2061 χρημάτων.

362 2082 603 2155 ’Υψηλδν
632 2084 732 2155 μὲν
754 2084 849 2136 καὶ
878 2082 1184 2137 ἀδούλωτον
1234 2083 1297 2136 τὸ
1324 2082 1420 2136 τοῦ
1463 2082 1728 2152 βασιλέως
1760 2080 1871 2135 δει-

276 2180 432 2235 κνύει
460 2179 762 2250 φρόνημα,
789 2177 851 2230 ού
878 2176 1132 2232 τοσοῦτον
1182 2176 1343 2245 ὄγκος
1390 2175 1485 2229 τοῦ
1537 2174 1869 2245 ἀξιώματος,

282 2270 409 2322 ὅσον
463 2267 643 2340 ἡτῶν
698 2265 997 2338 χρημάτων
1053 2265 1341 2336 ὑπεροψία.
1409 2266 1481 2319 Εν
1535 2268 1711 2336 τούτῳ
1764 2266 1872 2336 γὰρ

281 2361 486 2433 μᾶλλον
530 2360 589 2414 τὸ
651 2360 872 2428 εὐγενὲς
902 2360 1069 2413 αὑτοῦ
1120 2362 1219 2430 τῆς
1245 2360 1432 2430 ψυχῆς
1458 2360 1868 2429 καταφαίνεται.

290 2453 598 2526 ’Υπεροψία
652 2453 708 2507 δὲ
738 2454 1036 2526 χρημάτων
1093 2456 1155 2507 οὐ
1208 2453 1270 2506 τὸ
1312 2456 1489 2523 μάτην
1523 2456 1636 2517 τοῖς
1681 2452 1875 2526 βαλαν-

280 2547 418 2610 τῐοις
438 2522 886 2612 ’ἐναποτίθεσθαᾴ
915 2544 1053 2598 ἀλλὰ
1087 2545 1151 2596 τὸ
1176 2522 1417 2613 δαψιλῶς
1447 2522 1513 2596 γὲν
1541 2546 1663 2607 ταῖς
1698 2522 1869 2611 άναγἱ

298 2618 486 2699 καέαις
525 2634 740 2706 χρείαις
770 2632 912 2687 αὐτὰ
942 2634 1218 2703 χορηγεῖν.
1238 2633 1537 2700 Ἀναγκαῖα
1564 2632 1621 2685 δὲ
1664 2632 1873 2702 βασιλεῖ

291 2724 392 2779 καὶ
427 2723 630 2796 μᾶλλον
654 2722 761 2776 τῶν
789 2722 964 2776 ἄλλων
989 2720 1175 2790 φίλους
1204 2717 1264 2776 εὖ
1300 2723 1496 2788 ποιεῖν,
1517 2723 1608 2775 καὶ
1641 2721 1870 2793 ἐχθροὺς

277 2813 607 2885 ἀμύνεσθαι,
640 2804 716 2866 ὧν
758 2812 1083 2883 ἀμφοτέρων
1107 2811 1167 2864 τὸ
1202 2812 1498 2882 κατορθοῦν
1528 2814 1561 2884 ή
1594 2812 1702 2865 τῶν
1731 2830 1869 2883 χρη-

284 2905 474 2973 μάτων
507 2901 744 2971 δαπάνη.
776 2902 837 2954 El
886 2897 981 2954 οὖν
1032 2902 1127 2955 καὶ
1162 2900 1321 2965 αὐτὸς
1355 2901 1558 2972 ὑψηλὸς
1607 2905 1664 2954 ὲν
1704 2903 1869 2955 πᾶσιν

281 2989 431 3048 εῖναι
472 2992 675 3063 βούλει,
712 2991 806 3047 καὶ
850 2992 1085 3062 μάλιστα
1142 2994 1200 3046 ὲν
1262 2993 1497 3055 συνέσει,
1551 2992 1868 3062 ὑπερόπτης

279 3086 432 3155 γίνου
458 3086 789 3157 χρημάτων
824 3086 946 3137 ἐπεὶ
968 3085 1091 3138 ούδέ
1134 3085 1251 3137 ἐστι
1280 3085 1351 3137 τὰ
1397 3084 1593 3137 σαυτοῦ
1632 3085 1737 3137 ῖδια
1778 3085 1865 3152 σά,

278 3178 419 3234 ἀλλὰ
441 3178 549 3229 τῶν
581 3177 882 3231 συνδούλων
910 3176 1017 3231 τῶν
1061 3177 1190 3243 σῶν,
1218 3178 1312 3229 καὶ
1343 3176 1579 3247 μάλιστα
1604 3178 1713 3230 τῶν
1768 3195 1867 3229 πε-
1895 3215 1937 3269 C

281 3271 461 3338 νήτων
488 3269 583 3322 καὶ
617 3269 803 3335 ξένων.
862 3268 1064 3339 Φάνηθι
1106 3268 1284 3320 τοίνυν
1315 3268 1441 3331 ἴδιος
1486 3267 1779 3339 εὐεργέτης
1808 3269 1867 3318 ὲν

281 3363 395 3424 τοῖς
428 3363 649 3428 κοινοῖς,
676 3361 775 3414 καὶ
804 3360 975 3423 οὕτως
1008 3361 1210 3429 ὑψηλὸς
1243 3360 1339 3433 ἔσῃ
1390 3361 1482 3411 καὶ
1506 3359 1865 3432 περίϐλεπτος

284 3453 344 3505 ὲν
375 3452 651 3523 φρονήσει.
891 3459 895 3463 ’

884 3717 1025 3785 Περὶ
1057 3718 1262 3788 μέθης.

358 3810 652 3873 Συνουςίας
700 3808 800 3872 τὰς
849 3812 907 3863 ὲν
961 3813 1146 3873 πότοις
1193 3809 1461 3862 εὐλαϐοῦο
1498 3809 1635 3881 μέθη
1663 3808 1773 3878 γὰρ
1800 3812 1867 3879 τῇ

286 3905 551 3974 φρονήσει
579 3903 821 3957 ἐναντίον
852 3921 905 3957 τι
934 3905 1124 3974 χρῆμα
1156 3906 1249 3955 καὶ
1280 3902 1731 3973 πολέμιον.”υταν
1761 3902 1869 3973 γὰρ

286 3996 318 4049 ὁ
340 3997 463 4059 νοῦς
486 3996 589 4049 ὐπδ
614 3994 707 4049 τοῦ
732 3995 877 4049 οῐνου
898 3996 1231 4066 τυραννηθῇ,
1255 3994 1448 4047 ταυτόν
1465 4012 1518 4046 τι
1538 3994 1736 4063 πάσχει
1758 3996 1869 4057 τοῖς

289 4089 514 4159 φαύλοις
544 4088 797 4158 ἡνιόχοις,
821 4086 871 4140 οἳ
902 4086 961 4141 τὸ
986 4087 1139 4158 ἅρμα
1160 4086 1428 4158 κυϐερνᾷν
1456 4084 1865 4151 ἀδυνατοῦντες,

289 4182 387 4235 καὶ
420 4180 647 4241 ἑαυτοὺς
670 4180 762 4233 καὶ
789 4180 915 4242 τοὺς
946 4179 1146 4241 ἵππους
1174 4170 1277 4231 ὧδε
1296 4178 1519 4231 κάκεῖσε
1544 4177 1870 4248 περιφέρου-

291 4289 368 4335 σι,
398 4272 495 4325 καὶ
523 4270 734 4341 γέλωτα
755 4271 866 4333 τοῖς
890 4270 1055 4343 ὁρῶσι
1080 4269 1337 4341 μέγιστον
1357 4267 1870 4338 ὲμποιοῦσιν.οὔτω

287 4366 346 4420 δὲ
394 4363 710 4435 πασχούσης
758 4364 857 4434 τῆς
898 4363 1169 4427 διανοίας,
1194 4363 1408 4433 ἀνάγκη
1436 4361 1531 4416 καὶ
1561 4362 1660 4432 τὴν
1691 4359 1869 4431 ψυχὴν

290 4457 463 4511 πολλὰ
494 4456 870 4525 σφαλλομένην
895 4454 1177 4510 διατελεῖν.

847 4548 989 4617 Περὶ
1025 4548 1312 4615 κτήσεως.

357 4641 584 4715 Ῥαδίως
633 4642 809 4713 κτήσῃ
851 4640 1024 4709 φίλον,
1054 4638 1114 4694 δν
1144 4641 1210 4695 ἂν
1237 4638 1507 4713 βουληθῇς
1531 4679 1546 4703 ,
1611 4641 1659 4692 εἰ
1693 4638 1876 4708 ἀγαθά

293 4751 416 4788 τινα
439 4733 621 4801 λέγεις
655 4731 787 4802 περὶ
811 4728 978 4784 αὐτοῦ
1004 4730 1235 4794 ἀπόντος
1268 4730 1361 4783 ἐπὶ
1383 4730 1492 4783 τῶν
1516 4729 1876 4798 ἐπαγγελλόν-

294 4808 407 4878 των
438 4822 589 4893 αὑτῷ
610 4838 626 4855 ⁸
655 4822 798 4894 ἀρχὴ
828 4821 960 4892 γὰρ,
990 4821 1064 4885 ὡς
1091 4821 1256 4887 ἔοικε,
1295 4819 1477 4889 φιλίας
1510 4820 1611 4891 μὲν
1634 4819 1870 4884 ἔπαινος,

297 4919 499 4990 ἔχθρας
534 4918 591 4972 δὲ
636 4917 803 4988 ψόγος
849 4917 1196 4972 ὲστὶν.Ἀλλὰ
1228 4916 1323 4969 καὶ
1360 4915 1452 4979 οὓς
1482 4915 1582 4987 ἤδη
1611 4917 1874 4985 κέκτησαι
1918 4934 1920 4936 τ

300 5010 505 5079 φίλους,
534 5010 582 5062 εἰ
631 5006 808 5078 βούλει
834 5007 997 5061 πλέον
1025 5006 1371 5077 ἐφέλκεσθαι,
1399 5009 1608 5059 ἐπαίνει
1637 5006 1876 5068 ἀπόντας

300 5103 393 5155 επὶ
432 5099 542 5153 τῶν
587 5100 891 5171 παρόντων.
920 5100 1029 5151 Καὶ⁹
1061 5099 1170 5169 γὰρ
1209 5096 1350 5151 οὕτω
1379 5096 1590 5162 δόξειας
1625 5097 1689 5150 ἂν
1720 5098 1877 5149 ἐπαι-

302 5198 413 5248 νεῖν
439 5194 536 5248 καὶ
565 5193 691 5256 τοὺς
718 5193 992 5264 παρόντας
1022 5192 1117 5247 ἐπὶ
1156 5192 1264 5246 τῶν
1305 5192 1572 5246 ἀπόντων.
1607 5190 1877 5262 Δοκὶμαζε

302 5287 361 5340 δὲ
389 5288 514 5350 τοὺς
539 5287 748 5355 φίλους,
777 5286 835 5339 ἐν
854 5302 914 5340 τε
941 5288 1058 5349 ταῖς
1085 5285 1351 5353 ἀνάγκαις
1378 5285 1471 5338 καὶ
1494 5287 1610 5347 ταῖς
1638 5285 1880 5353 δυσπρα-

304 5380 451 5448 ﬂat;
470 5394 484 5409 ο
524 5378 633 5432 τῶν
658 5378 771 5450 γὰρ
795 5378 1211 5449 εὐημερούντων
1230 5419 1245 5444 ,
1275 5378 1418 5447 φίλοι
1445 5376 1649 5430 πολλοί.
1677 5375 1880 5429 Κάκεί-

304 5487 428 5534 νους
458 5469 676 5540 ἀληθεῖς
706 5470 891 5539 φίλους
930 5469 1145 5538 λογίζου
1165 5509 1180 5533 ,
1205 5470 1319 5523 ὅσοι
1353 5469 1427 5539 μὴ
1464 5469 1685 5539 κέρδους
1718 5468 1884 5520 ἕνεκα

307 5561 574 5633 φιλοῦσιν,
606 5560 744 5616 ἀλλὰ
770 5561 836 5614 δι’
861 5562 1032 5630 αὐτὴν
1065 5561 1166 5629 τὴν
1208 5559 1408 5631 ἀρετὴν
1435 5559 1531 5630 τῆς
1556 5560 1800 5627 ἀγάπης.
1820 5558 1883 5609 Ἠ

304 5657 415 5725 γάρ
439 5654 614 5718 ἄλλως
640 5653 791 5723 φιλία
814 5653 893 5724 τῷ
922 5652 1101 5723 καιρῷ
1136 5651 1483 5718 δουλεύουσα,
1512 5649 1753 5722 ἐμπορία
1776 5666 1880 5714 τις,

304 5747 423 5804 ἀλλ’
455 5746 517 5801 οὺ
550 5746 732 5815 φιλία,
763 5745 937 5817 ταύτῃ
958 5745 1250 5813 λογίζεται.

694 5929 964 5992 Parant.
1001 5928 1120 5991 Gtt.
1154 5928 1339 5992 CVII.

2618 1070 2690 1124 De
2721 1071 2929 1125 amicis.

2044 1160 2182 1231 Opta
2214 1161 2315 1217 tibi
2347 1177 2441 1217 eos
2471 1163 2701 1228 amicos,
2725 1172 2799 1222 ,et
2833 1163 3059 1218 intimos
3092 1162 3411 1229 fariiiliares,
3457 1164 3555 1235 qui

1973 1264 2162 1309 sancte
2191 1269 2315 1309 cum
2334 1254 2459 1308 aliis
2487 1254 2787 1309 amicitiam
2822 1256 3116 1323 coluerint,
3149 1266 3203 1311 et
3225 1257 3347 1313 aliis
3376 1258 3555 1313 domi-

1976 1347 2060 1401 nis
2114 1345 2329 1402 ﬁdelem
2363 1362 2585 1416 operam
2641 1348 2983 1403 navaverint.
3032 1348 3188 1414 Quod
3238 1348 3383 1403 enim
3430 1348 3557 1403 aliis

1976 1437 2374 1505 praestiterunt,
2402 1436 2544 1489 idem
2573 1435 2737 1490 etiam
2791 1446 3054 1506 prarstare
3091 1438 3187 1491 tibi
3216 1453 3325 1491 non
3360 1453 3560 1507 grava-

1974 1526 2288 1591 buntur;et
2319 1526 2412 1595 qui
2472 1526 2649 1580 bonus
2676 1541 2802 1596 erga
2842 1536 3049 1582 veteres
3091 1529 3297 1583 amicos
3324 1527 3556 1581 exstite-

1975 1619 2071 1681 rit,
2104 1618 2284 1674 bonus
2321 1633 2447 1689 erga
2469 1626 2521 1673 te
2548 1618 2716 1673 etiam
2762 1618 2986 1676 futurus
3044 1620 3243 1675 merito
3273 1620 3552 1675 credetur.

1976 1710 2080 1778 Qui
2115 1720 2293 1765 autem
2329 1711 2608 1780 prioribus
2677 1711 2870 1767 amicis
2904 1721 2999 1765 aut
3042 1714 3289 1782 patronis
3321 1712 3556 1783 ignavus

1979 1810 2145 1871 atque
2173 1802 2387 1857 inutilis
2417 1811 2544 1855 ante
2576 1801 2764 1865 fuerit,
2797 1802 2886 1856 vix
2941 1818 3184 1873 unquam
3238 1815 3425 1873 postea
3461 1802 3558 1857 bo-

1902 1862 1947 1921 B
1978 1908 2081 1947 ntts
2104 1907 2231 1962 erga
2262 1902 2311 1944 te
2336 1901 2499 1960 atque
2533 1892 2686 1946 utilis
2720 1893 2846 1947 erit.

2424 1982 2501 2036 De
2531 1992 2831 2051 contemptu
2860 1986 3117 2052 pecuniae.

2048 2074 2339 2131 Excelsum
2385 2084 2549 2145 atque
2579 2076 2848 2129 invictum
2884 2075 3152 2146 principis
3178 2075 3421 2129 animum
3446 2091 3554 2131 non

1977 2166 2115 2222 adeo
2180 2167 2498 2237 magnitudo
2554 2166 2843 2237 dignitatis
2897 2167 3140 2222 ostendit
3195 2181 3259 2222 ac
3313 2169 3556 2237 pecunia:

1976 2266 2362 2329 contemptus:
2412 2259 2467 2313 in
2520 2258 2625 2314 hoc
2670 2259 2815 2313 enim
2865 2260 3103 2314 maxime
3148 2258 3345 2313 anima:
3379 2257 3558 2329 ipsius

1976 2349 2320 2419 generositas
2363 2349 2651 2405 eluceseit.
2684 2348 2938 2405 Pecunize
2976 2358 3157 2405 autem
3206 2357 3557 2422 contemptus

1976 2458 2085 2496 non
2118 2443 2262 2497 ineo
2288 2444 2535 2497 cernitur
2565 2460 2689 2498 cum
2743 2444 2797 2497 in
2836 2458 3033 2499 saccos
3067 2443 3337 2499 inutiliter
3358 2459 3561 2513 congc-

1976 2538 2119 2588 ritur
2158 2546 2214 2591 et
2255 2538 2567 2605 seponitur.
2605 2538 2701 2593 sed
2756 2553 2880 2593 cum
2924 2538 3150 2609 largiter
3186 2538 3240 2593 in
3284 2553 3419 2593 usus
3461 2552 3557 2593 nc-

1974 2627 2252 2682 cessarios
2280 2629 2634 2698 expenditur.
2670 2626 3060 2683 Necessarium
3099 2635 3282 2681 autem
3330 2634 3439 2691 est,
3491 2642 3557 2680 ac

1975 2720 2090 2789 regi
2123 2719 2494 2789 potissimum,
2518 2720 2724 2775 amicos
2756 2720 3078 2790 promereri,
3110 2728 3274 2789 atque
3302 2718 3557 2775 inimicos

1973 2813 2280 2878 vindicare,
2310 2828 2546 2883 quorum
2593 2822 2889 2884 utrumque
2924 2822 3070 2868 recte
3117 2810 3318 2877 facere,
3356 2812 3404 2867 is
3454 2810 3553 2865 de-

1973 2919 2120 2957 mum
2156 2919 2319 2958 verus
2342 2910 2426 2960 est
2452 2904 2699 2973 pecunia
2735 2912 3010 2973 sumptus.
3048 2902 3108 2957 Si
3172 2918 3301 2973 ergo
3328 2902 3383 2957 in
3437 2916 3557 2957 om-

1974 2995 2136 3050 nibus
2171 2996 2455 3051 excellere
2494 2996 2598 3061 vis,
2644 3011 2709 3050 ac
2784 2998 2835 3049 in
2893 2995 3185 3066 prudentia
3244 2993 3554 3066 praesertim

1973 3097 2136 3157 atque
2184 3088 2427 3154 solertia,
2460 3096 2807 3157 contemptor
2836 3096 2955 3142 esto
3003 3086 3338 3141 divitiarum.
3365 3084 3555 3155 Neque

1973 3180 2118 3233 enim
2151 3180 2266 3247 ipsa
2290 3189 2382 3233 tua
2416 3181 2641 3249 pecunia
2674 3181 2900 3251 proprie
2944 3189 3035 3236 tua
3086 3181 3257 3235 solius
3296 3188 3401 3245 est,
3455 3182 3553 3236 sed

1974 3272 2282 3327 communis
2308 3287 2590 3326 servorum
2616 3282 2860 3338 tuorum,
2893 3278 2947 3325 et
2996 3271 3221 3341 inopum
3263 3280 3427 3341 atque
3455 3271 3556 3327 bo-

1971 3365 2197 3434 spitum.
2232 3362 2338 3417 Fac
2386 3363 2554 3433 igitur
2610 3374 2669 3417 ut
2723 3372 2775 3418 te
2827 3362 3136 3418 beneﬁcum
3201 3362 3555 3433 peculiariter

1972 3456 2233 3512 exhibeas
2257 3456 2311 3509 in
2334 3471 2400 3511 eo
2420 3456 2565 3525 quod
2597 3470 2886 3509 commune
2905 3462 3025 3519 est;
3048 3462 3210 3524 atque
3234 3455 3309 3508 ita
3332 3454 3554 3509 demum

1972 3549 2081 3603 eris
2107 3549 2272 3603 animi
2310 3549 2691 3619 magnitudine
2733 3563 2794 3603 ac
2836 3547 3124 3618 prudentia
3165 3546 3557 3603 commendan-

1976 3638 2100 3692 dus.
2949 3670 2952 3672 η
3168 3621 3170 3624 ’

2571 3730 2648 3784 De
2678 3730 2949 3785 ebrietate.

2045 3823 2255 3895 Rel'uge
2281 3824 2714 3880 comessationes
2775 3824 2829 3877 in
2859 3823 3061 3893 quibus
3109 3822 3426 3894 indulgetur
3454 3840 3553 3894 po-

1972 3914 2152 3969 culis:
2186 3912 2423 3968 ebrietas
2481 3913 2625 3969 enim
2688 3912 2909 3967 inimica
2966 3920 3051 3968 est
3078 3913 3384 3983 prudentia:
3421 3914 3552 3968 :ubi

1972 4007 2118 4062 enim
2182 4022 2335 4062 mens
2363 4021 2391 4060 a
2432 4005 2559 4060 vino
2604 4006 2960 4077 opprimitur,
3006 4005 3150 4061 idem
3178 4005 3229 4061 ei
3261 4006 3552 4077 contingit,

1974 4100 2119 4170 quod
2149 4098 2418 4168 imperitis
2450 4096 2881 4168 aurigatoribus,
2912 4098 3007 4172 qui
3034 4113 3159 4153 cum
3205 4113 3393 4169 regere
3424 4114 3555 4154 cur-

1975 4206 2093 4244 rum
2148 4190 2419 4254 nesciant,
2458 4199 2513 4244 et
2545 4203 2603 4244 se
2631 4196 2687 4244 et
2746 4203 2877 4244 suos
2928 4205 3100 4260 equos
3157 4190 3262 4244 huc
3316 4190 3555 4259 illucque

1973 4283 2373 4353 circumagunt,
2402 4290 2456 4335 et
2482 4281 2892 4351 spectatoribus
2938 4298 3168 4352 magnos
3226 4283 3372 4337 risus
3401 4284 3555 4338 exci-

1976 4385 2109 4429 tant.
2148 4374 2378 4440 Quando
2433 4382 2615 4429 autem
2669 4389 2823 4428 mens
2853 4374 2927 4427 ita
2950 4372 3138 4428 affecta
3166 4384 3272 4439 est,
3311 4374 3425 4429 fieri
3459 4388 3554 4429 ne-

1976 4469 2094 4537 quit
2135 4466 2267 4536 quin
2310 4465 2529 4521 animus
2559 4466 2731 4521 multa
2762 4473 3098 4536 praepostere
3131 4464 3319 4520 faciat.

2038 4564 2045 4575 ’
2412 4555 2487 4608 De
2524 4556 2696 4609 amico
2742 4554 3125 4625 comparando.

2055 4644 2157 4700 Ubi
2189 4645 2338 4700 voles
2376 4645 2534 4700 facile
2598 4646 2895 4715 quemlibet
2938 4644 3181 4699 amicum
3200 4644 3298 4699 tibi
3329 4659 3553 4715 compa-

1984 4738 2153 4801 rabis,
2186 4737 2229 4790 si
2251 4736 2319 4792 de
2345 4751 2411 4791 eo
2426 4737 2652 4792 absente
2683 4737 3046 4793 benc'dixeris
3079 4750 3262 4791 coram
3288 4736 3431 4803 aliis,
3461 4740 3556 4805 qui

1982 4830 2031 4884 ei
2061 4829 2426 4883 renuntiaturi
2477 4836 2607 4883 sunt
2645 4845 2658 4881 :
2693 4829 2907 4882 initium
2946 4830 3091 4884 enim
3135 4829 3391 4883 amicitiae
3444 4828 3558 4884 fere

1982 4924 2224 4978 laudatio
2256 4931 2360 4989 est,
2394 4922 2698 4977 inimicitiae
2748 4938 2900 4984 vero,
2932 4922 3286 4993 vituperatio.
3315 4922 3381 4976 Et
3414 4936 3555 4993 quos

1978 5015 2092 5084 jam
2140 5015 2312 5070 habes
2342 5014 2571 5079 amicos,
2596 5029 2691 5070 eos
2717 5016 2762 5069 si
2793 5016 2967 5085 magis
3014 5016 3297 5071 devincire
3326 5015 3423 5070 tibi
3454 5028 3554 5070 vo-

1987 5109 2084 5173 les,
2120 5098 2280 5162 l'auda
2311 5108 2565 5162 absentes
2592 5122 2774 5161 coram
2800 5107 2920 5161 aliis
2946 5121 3133 5163 eorum
3166 5106 3390 5173 amicis;
3428 5121 3555 5161 nam

1987 5202 2061 5266 ita
2101 5201 2373 5256 videberis
2411 5204 2710 5268 praesentes
2747 5200 2914 5255 etiam
2967 5199 3199 5254 laudare
3232 5198 3287 5253 in
3311 5199 3557 5255 absenti-

1988 5294 2112 5349 bus.
2146 5293 2363 5347 Amicos
2393 5299 2573 5347 aulem
2606 5291 2661 5345 in
2690 5290 2964 5362 angustiis
3013 5301 3177 5362 atque
3227 5292 3280 5346 in
3309 5291 3557 5349 adversis

1991 5389 2154 5442 rebus
2184 5385 2441 5456 explora;
2482 5383 2722 5440 felicium
2788 5385 2933 5441 enim
2968 5386 3128 5440 multi
3183 5394 3312 5442 sunt
3344 5386 3505 5440 amici
3540 5404 3556 5441 ε

1977 5479 2070 5537 sed
2116 5494 2211 5535 eos
2254 5478 2459 5534 amicos
2492 5492 2650 5534 veros
2694 5478 2980 5549 iudicato,
3020 5481 3111 5550 qui
3174 5490 3226 5537 te
3274 5498 3379 5538 non
3422 5483 3559 5539 lucri

1977 5582 2143 5623 causa
2182 5567 2433 5637 diligunt,
2480 5567 2572 5622 sed
2622 5579 2838 5637 propter
2885 5570 3058 5639 ipsam
3095 5571 3346 5627 amicitiae
3387 5573 3562 5627 virtu-

1980 5668 2086 5715 tem
2131 5678 2143 5713 :
2193 5660 2295 5713 alia
2355 5660 2498 5714 enim
2556 5660 2811 5717 amicitia:
2856 5662 3095 5732 species,
3155 5680 3277 5734 quae
3328 5665 3558 5735 tempori

1978 5752 2163 5817 servit,
2201 5767 2308 5807 non
2340 5759 2448 5819 tam
2491 5753 2750 5819 amicitia,
2789 5768 2951 5825 quam
2982 5757 3277 5826 negotiatio
3308 5759 3556 5828 quedam

1981 5860 2102 5902 esse
2134 5852 2375 5915 putatur.

3228 5940 3263 6001 b
