4098 6292
511 352 660 396 XXXV

978 448 1057 502 De
1086 445 1270 515 opibus
1295 454 1342 497 et
1377 442 1631 496 avaritia.

587 548 716 618 Quae
736 544 803 600 ad
821 547 1122 614 augendam
1155 537 1551 609 rempublicam
1579 535 1834 590 etml‘crre
1854 541 2086 606 possunt

510 658 574 699 ea
621 639 882 712 perﬁcere
931 651 1000 691 ne
1044 632 1341 688 cuncter-is.
1397 629 1529 684 Rem
1583 639 1760 683 autem
1813 627 2086 696 publicam

511 735 717 806 optime
775 723 1559 794 administrabis,sipecuniaa
1615 721 1842 791 publieae
1897 734 2088 775 curam

485 824 487 826 ’
512 824 829 893 diligentem
860 819 1110 884 habebis,
1136 815 1230 872 sed
1260 829 1381 885 quae
1416 814 1579 883 iustis
1603 812 1909 868 rationibus
1934 812 2089 866 colli-

513 917 683 987 gitur,
696 929 807 969 non
824 927 889 967 ex
907 908 1264 980 oppressione
1292 915 1388 960 aut
1420 906 1680 977 lacrymis
1703 905 2086 970 subditorum;

514 1005 745 1079 pecunia
767 1004 912 1060 enim
946 1003 993 1058 si
1018 1002 1168 1074 iuste
1212 1001 1432 1072 eugitttt‘
1465 999 1693 1053 multum
1745 996 1900 1052 aﬂ‘ert
1932 1013 2088 1052 emo-

514 1099 767 1163 lumenti,
789 1105 846 1152 et
876 1109 1080 1151 nervos
1106 1093 1335 1164 imperio
1362 1091 1550 1154 addit;
1578 1090 1673 1145 sed
1707 1104 1827 1159 quae
1855 1103 1918 1143 ex
1956 1089 2088 1145 sub-

512 1190 753 1246 ditorum
786 1185 1046 1258 lacrymis
1098 1192 1263 1254 atque
1316 1182 1609 1252 iniquitate
1644 1194 1868 1236 corrasa
1903 1179 2088 1242 fuerit,

512 1259 681 1339 etiam
731 1281 882 1352 iuste
941 1278 1233 1336 collectam
1283 1273 1580 1344 dissipabit
1613 1290 1626 1327 :
1657 1273 1894 1326 attrahet
1944 1273 2087 1327 enim

517 1375 711 1440 Deu,
737 1373 832 1445 qui
860 1371 1090 1442 iustitia:
1117 1370 1265 1440 leges
1317 1367 1568 1425 condidit
1591 1367 1659 1422 ad
1701 1365 2088 1422 vindicandam

516 1467 797 1539 iniuriam.
835 1465 982 1535 Ignis
1013 1477 1144 1520 vero
1167 1479 1276 1518 non
1314 1465 1387 1518 ita
1426 1461 1683 1517 celeriter
1716 1461 1924 1530 paleam
1958 1474 2093 1512 cono

513 1559 704 1624 sumit,
739 1565 798 1614 ut
828 1554 969 1614 male
989 1565 1044 1612 et
1080 1553 1286 1627 injuste
1315 1563 1585 1624 congesta:
1613 1568 1748 1623 opes
1772 1554 1936 1607 etiam
1969 1553 2091 1620 iure

513 1650 802 1721 puratasin
845 1649 1145 1720 perniciem
1169 1662 1354 1703 secum
1387 1646 1689 1716 abripiunt.

867 1739 943 1794 De
971 1739 1188 1794 Ienilats
1218 1748 1266 1793 et
1306 1737 1736 1793 mansuetudine.

1816 327 2402 389 PROLEGOMENA.

3612 335 3791 378 JKXX\!|

2491 439 2628 506 Περὶ
2672 438 2941 492 πλούτου
2980 438 3075 492 καὶ
3115 439 3494 507 πλεονεξίας.

2261 527 2358 586 Ὧν
2405 533 2565 600 ἕνεκα
2613 536 2709 602 τὴν
2763 531 3040 588 πολιτείαν
3089 533 3349 602 ὑψώσεις,
3380 534 3590 587 τούτων
3615 534 3795 604 χάριν

2191 629 2362 680 ποιεῖν
2393 628 2467 697 μὴ
2494 625 3004 696 κατὸκνει.¹⁷Λριστα
3026 625 3164 678 δὲτὸ
3196 627 3437 698 ὑπήκοον
3461 626 3785 691 διασώσεις,

2190 719 2238 770 εἰ
2271 718 2569 789 χρημάτων
2615 715 2889 787 δημοσίων
2940 717 3136 788 κτῆσιν
3180 715 3456 788 ἐπιμελῶς
3507 720 3789 786 ποιήσεις,

2191 809 2324 864 ἀλλά
2354 811 2452 879 τὴν
2484 813 2546 862 ἐκ
2566 809 2791 862 δικαίων
2814 809 3124 878 πορισμῶν,
3146 810 3267 880 οὐχὶ
3290 809 3346 863 δὲ
3375 809 3480 879 τὴν
3506 811 3564 876 ἐξ
3589 810 3788 863 ἀδίκο›

2193 903 2552 973 συναγωγὴν,
2602 901 2723 956 οὐδὲ
2775 900 2874 972 τὴν
2932 904 2996 955 ὲκ
3044 902 3299 973 δακρύων
3354 903 3785 974 συλλεγομένην.

2193 996 2466 1066 Χρήματα
2493 996 2591 1066 μὲν
2614 997 2743 1067 γὰρ,
2775 997 2823 1049 εἰ
2871 995 2968 1066 μὲν
3003 996 3230 1060 δικαίως
3263 999 3578 1066 συνάγεται,
3609 997 3786 1052 πολλά

2192 1091 2282 1144 τὸν
2318 1090 2650 1159 κεκτημένον
2679 1091 2884 1163 ὀνήσει,
2920 1091 3015 1145 καὶ
3065 1091 3218 1162 ἰσχὺς
3252 1093 3318 1163 τῇ
3367 1092 3615 1164 βασιλείᾳ
3643 1111 3786 1164 χρη-

2195 1185 2411 1252 ματίσει
2429 1198 2443 1212 ο
2475 1182 2524 1234 εί
2553 1181 2608 1234 δὲ
2639 1181 2699 1246 ἐξ
2719 1181 2929 1247 ἀδικίας
2955 1181 3051 1235 καὶ
3077 1181 3331 1253 δακρύων
3357 1181 3660 1254 πορίζεται,
3687 1184 3784 1236 καὶ

2192 1275 2259 1328 τά
2284 1274 2502 1336 δικαίως
2547 1273 2937 1344 συνειλεγμένα
2965 1273 3298 1343 ὲξαφανίζει,
3343 1273 3438 1329 καὶ
3468 1274 3601 1328 Θεὸν
3631 1276 3785 1329 ἀντί-

2193 1361 2340 1413 δικον
2367 1361 2457 1413 τὸν
2484 1359 2582 1412 τοῦ
2608 1360 2817 1414 δικαίου
2842 1361 3144 1433 νομοθέτην
3160 1364 3481 1417 ἐπισπᾶται.
3503 1364 3612 1434 Οὐχ
3635 1363 3783 1418 οὕτω

2194 1452 2299 1524 γὰρ
2344 1453 2456 1522 πῦρ
2497 1453 2750 1521 ἀφανίζει
2792 1455 3006 1526 χόρτον,
3039 1456 3116 1520 ὡς
3165 1458 3194 1511 ὀ
3238 1456 3424 1522 κακῶς
3452 1457 3548 1510 καὶ
3579 1456 3782 1520 ἀδίκως

2195 1545 2535 1615 συνηγμένος
2564 1545 2815 1612 πλοῦτος,
2847 1547 2941 1601 καὶ
2966 1547 3056 1602 τὸν
3086 1548 3266 1613 καλῶς
3291 1551 3386 1604 καὶ
3411 1549 3636 1613 δικαίως
3666 1551 3780 1603 ἐπι-

2195 1634 2538 1703 σωρευθέντα
2564 1634 2793 1689 πλοῦτον
2820 1637 3251 1707 προσαπόλλυσι.

2425 1728 2564 1797 Περὶ
2599 1728 3015 1798 μακροθυμίας
3049 1729 3148 1785 καί
3186 1729 3542 1800 πραότητος.

583 1831 645 1886 ιη
684 1829 966 1899 subjectos
1022 1839 1147 1884 tuos
1203 1842 1270 1883 ne
1321 1828 1656 1882 criminosus
1704 1825 1815 1891 sis;
1864 1824 2092 1880 molesta

2267 1819 2356 1890 Μὴ
2393 1817 2534 1893 ᾖσθα
2568 1821 2833 1888 φιλαίτιος
2883 1824 2938 1876 ὲν
2980 1825 3091 1887 τοῖς
3123 1822 3226 1876 ὑπὸ
3257 1824 3447 1894 χεῖραο
3479 1823 3617 1896 βαρὺ
3647 1827 3776 1897 γάρ·

513 1924 660 1982 enim
684 1937 772 1979 res
799 1931 885 1979 est
921 1938 936 1977 :
962 1937 1138 1993 neque
1169 1922 1226 1977 in
1257 1920 1649 1992 congressibus
1707 1930 1991 1990 promptus
2017 1918 2095 1974 sis

514 2017 584 2072 ad
610 2015 754 2070 alios
782 2015 1158 2086 obiurgandus
1184 2032 1200 2082 ;
1229 2014 1424 2070 odiosa
1462 2013 1664 2084 quippe
1701 2028 1790 2068 res
1820 2020 1907 2067 est
1948 2028 1962 2067 :
2001 2026 2096 2065 ne-

514 2121 621 2177 que
653 2106 824 2162 risum
855 2104 1217 2161 immoderate
1238 2104 1471 2161 eﬁ‘usnm
1506 2119 1631 2159 ama
1659 2119 1675 2171 ;
1718 2104 1856 2157 male
1891 2104 2084 2158 morati

513 2201 755 2257 hominis
778 2208 865 2254 est
895 2215 911 2254 :
942 2198 1039 2254 sed
1068 2198 1208 2255 lenis
1245 2205 1366 2254 esto
1400 2198 1457 2252 in
1479 2211 1574 2253 eos
1606 2197 1700 2267 qui
1737 2194 2092 2263 oifenderint,

513 2295 762 2350 clemens
784 2293 838 2348 in
879 2291 1343 2362 castigationibus
1372 2291 1725 2354 delictorum,
1768 2290 1953 2361 gravis
1976 2305 2094 2344 mo-

511 2387 691 2453 ribus,
723 2386 875 2441 mitis
923 2398 1206 2452 sermone,
1266 2383 1447 2440 facilis
1481 2383 1656 2446 aditu,
1690 2381 1926 2438 all'abilis
1966 2397 2097 2437 eon-

511 2493 756 2550 gressu:
793 2477 909 2533 [nec
939 2475 1088 2532 enim
1149 2476 1332 2531 omnia
1389 2477 1715 2547 populorum
1768 2474 2098 2531 benevolen-

514 2571 646 2624 tiam
694 2568 793 2624 tibi
854 2567 1274 2631 conciliabunt,
1313 2567 1409 2638 qui
1465 2575 1750 2637 propterea
1813 2572 2020 2635 patrem
2046 2572 2100 2619 te

513 2659 698 2730 potius
722 2674 888 2730 quam
927 2658 1316 2729 imperatorem
1343 2659 1720 2729 appellabunt.

942 2748 1016 2803 De
1049 2750 1266 2803 veritate
1293 2759 1340 2803 et
1376 2749 1672 2805 mendacio.

583 2838 807 2896 Maximi
837 2839 1058 2911 pendito
1096 2847 1149 2893 et
1173 2852 1428 2893 veracem
1477 2853 1600 2894 esse
1648 2838 1702 2892 in
1738 2853 2018 2904 sermone,
2046 2846 2098 2892 ct

513 2947 742 2989 veraces
792 2933 1042 2989 homines
1072 2931 1130 2986 in
1153 2929 1586 2986 familiaritatem
1642 2931 1935 2986 admittere
1976 2932 2097 2985 :ita

512 3027 661 3084 enim
719 3025 909 3082 ﬁrmus
968 3033 1023 3080 et
1074 3033 1342 3081 constans
1381 3024 1434 3079 in
1468 3023 1728 3080 omnibus
1759 3033 1813 3079 et
1846 3024 2009 3079 factis
2046 3033 2098 3078 et

421 3149 424 3151 λ
511 3118 680 3178 dictis
731 3116 1162 3180 existimaberis,
1192 3125 1248 3172 et
1300 3131 1482 3171 veram
1510 3131 1577 3171 ac
1621 3133 1726 3170 non
1782 3125 2091 3186 suspectam
2121 3156 2164 3212 ϐ

512 3219 736 3266 tuorum
765 3209 820 3263 in
855 3216 910 3264 te
958 3207 1394 3266 benevolentiam
1460 3208 1748 3264 retinebis.
1802 3207 1859 3262 Si
1913 3217 2093 3263 autem

512 3303 774 3359 vanitatis
800 3311 857 3358 et
878 3302 1152 3358 mendacii
1183 3301 1238 3356 in
1276 3301 1653 3372 suspicionem
1691 3305 1932 3369 veneris,
1959 3303 2099 3358 indi-

513 3411 620 3466 gna
652 3395 836 3450 facere
867 3394 1225 3464 imperatoria
1274 3394 1562 3462 maiestate
1635 3409 1742 3463 qua
1778 3404 1976 3450 auctus
2013 3411 2094 3461 es,

513 3487 885 3552 convinceris,
932 3485 1242 3556 emciesque
1270 3493 1328 3540 ut
1353 3484 1584 3556 subiecti
1623 3484 1988 3551 formidolosi,
2032 3503 2096 3543 ac

515 3591 699 3632 rerum
726 3577 972 3631 omnium
1008 3575 1204 3630 incerti
1237 3575 1385 3640 sint;
1420 3585 1685 3644 quantum
1736 3576 1882 3629 enim
1934 3590 2094 3629 verax

512 3666 691 3721 oratio
715 3664 1003 3718 amabilem
1030 3663 1306 3719 hominem
1334 3664 1536 3729 reddit,
1572 3669 1786 3717 tantum
1816 3663 2090 3718 mendacii

513 3756 877 3827 deprehensa,
928 3763 1023 3808 aut
1051 3757 1212 3809 etiam
1268 3765 1552 3826 suspecta,
1596 3755 1868 3832 odiosum,
1905 3756 2001 3826 qui
2032 3771 2094 3810 ea

522 3849 695 3902 utitur
717 3846 868 3901 facit.

1031 4021 1110 4076 De
1146 4021 1575 4093 magistratibus.

586 4113 1082 4173 Praestantissimus
1126 4113 1466 4172 medicorum
1501 4114 1592 4170 ille
1617 4124 1741 4186 est,
1761 4117 1855 4187 qui
1887 4117 2096 4175 morbis

515 4207 794 4278 appositas
831 4206 1096 4264 adhibere
1142 4206 1295 4263 novit
1343 4207 1661 4265 curationes
1689 4216 1779 4264 :et
1809 4225 1905 4264 rex
1955 4211 2096 4283 opti-

515 4314 659 4364 mus,
691 4299 783 4372 qui
803 4315 898 4356 eos
936 4297 1179 4355 instituit
1211 4299 1568 4370 magistratus
1594 4339 1611 4366 ,
1647 4302 1743 4371 qui
1769 4316 1798 4355 a
1831 4303 2094 4372 subjectis

513 4405 729 4446 omnem
758 4391 1012 4462 iniuriam
1033 4403 1224 4447 arcere
1255 4405 1318 4445 ac
1342 4391 1664 4462 propulsare
1683 4403 1905 4463 queant.
1941 4392 2095 4450 Sicut

2201 1909 2334 1979 μηδὲ
2387 1913 2618 1983 ἑτοίμως
2665 1913 2930 1983 ἐπιτιμῶν
2977 1915 3038 1966 ἐν
3068 1916 3186 1974 ταῖς
3213 1914 3612 1984 ἀναστροφαῖς·
3646 1934 3785 1987 φορ-

2195 2005 2346 2058 τικὸν
2376 2006 2501 2075 γάρ’
2555 2005 2692 2076 μηδὲ
2719 2008 2929 2076 γέλωτα
2951 2008 3166 2078 ἀκρατῆ
3200 2006 3395 2078 στέργε
3415 2025 3429 2040 ο
3454 2009 3784 2063 ἀπαίδευτον

2197 2097 2327 2169 γάρ’
2364 2099 2502 2154 ἀλλά
2542 2098 2635 2154 ἔσο
2681 2100 3034 2173 μακρόθυμος
3071 2100 3170 2170 μὲν
3219 2101 3311 2154 ἐπὶ
3353 2103 3467 2165 τοῖς
3500 2101 3780 2167 πταίουσι,

2199 2189 2576 2262 φιλάνθρωπος
2618 2190 2674 2246 δὲ
2704 2193 2762 2244 ἐν
2801 2194 2915 2256 τοῖς
2947 2191 3275 2262 ἐπιτιμίοις,
3307 2192 3505 2264 σεμνὸς
3534 2193 3599 2247 τδ
3628 2188 3785 2264 ἦθος,

2201 2285 2375 2354 πρᾶος
2409 2283 2503 2337 τὸν
2539 2283 2717 2353 λόγον,
2745 2285 2951 2356 ἥμερος
2987 2284 3042 2338 δὲ
3069 2286 3162 2339 καὶ
3194 2287 3507 2357 ὁμιλητικὸς
3540 2286 3631 2340 τδν
3659 2287 3789 2360 τρό-

2199 2393 2298 2428 πον
2319 2393 2332 2407 ·
2366 2375 2540 2430 ταῦτα
2568 2377 2676 2448 γὰρ
2703 2377 2920 2431 ἅπαντα
2947 2376 3181 2448 ποθητόν
3212 2395 3269 2431 σε
3295 2379 3514 2449 ποιήσει
3545 2380 3655 2443 τοῖς
3679 2378 3788 2432 ὑπὸ

2199 2469 2376 2539 χεῖρα,
2410 2470 2504 2521 καὶ
2535 2468 2748 2539 πατέρα
2780 2469 2980 2539 μᾶλλον
3011 2469 3042 2540 ἢ
3076 2469 3298 2540 βασιλέα
3344 2469 3630 2525 καλεῖσθαι
3678 2489 3786 2527 πα·

2207 2559 2563 2628 ρασκευάσει.

2553 2742 2688 2808 Περὶ
2713 2743 3001 2810 ἀληθείας
3015 2743 3114 2798 καί
3135 2743 3430 2814 ψεύδους.

2282 2835 2480 2907 ’ἀληθῆ
2522 2836 2677 2906 λόγον
2710 2837 2853 2910 ἔχειν
2892 2840 3020 2912 περὶ
3046 2839 3303 2894 πλείστου
3333 2839 3512 2903 ποιοῦ,
3551 2841 3646 2894 καὶ
3689 2840 3790 2895 σύ·-

2199 2928 2289 2992 τὸς
2333 2929 2497 3000 ἔχειν,
2548 2930 2641 2984 καὶ
2693 2932 2912 3002 ἐτέρους
2970 2933 3096 2998 τοὺς
3148 2933 3371 3005 ἔχοντας
3426 2932 3782 2988 οἰκειοῦσθαι.

2201 3020 2359 3074 Οὕτω
2385 3025 2494 3092 γὰρ
2527 3022 2744 3093 βέϐαιός
2769 3042 2829 3077 τε
2859 3021 2999 3080 εἶναι
3057 3026 3231 3092 δόξεις
3260 3026 3400 3097 πρὸς
3428 3025 3645 3082 ἅπαντά
3689 3043 3788 3081 σου

2200 3116 2269 3167 τά
2299 3116 2572 3186 λεγόμενα
2628 3119 2722 3172 καὶ
2777 3119 3146 3190 πραττόμενα,
3180 3117 3275 3172 καὶ
3330 3119 3641 3173 ἀνύποπτον
3689 3119 3788 3172 καὶ

2202 3208 2427 3278 βεϐαίαν
2456 3208 2555 3281 τὴν
2579 3211 2657 3274 είς
2693 3211 2750 3264 σὲ
2782 3212 2969 3282 φιλίαν
2993 3212 3101 3265 τῶν
3131 3212 3390 3283 ὑπηκόων
3413 3211 3784 3283 διαφυλάξεις.

2200 3304 2263 3355 Et
2319 3302 2428 3374 γὰρ
2461 3303 2682 3374 ψευδέσι
2712 3303 2892 3372 λόγοις
2922 3302 3158 3377 χρῆσθαι
3211 3304 3637 3377 ὑποπτευθείης,
3682 3306 3787 3360 κᾶν

2201 3390 2503 3458 βασιλεύειν
2557 3391 2923 3465 κατηξιώθης,
2987 3395 3101 3447 ἀλλ’
3153 3395 3354 3461 ἀνάξια
3377 3396 3473 3468 τῆς
3523 3397 3787 3471 τοιαύτης

2199 3483 2354 3548 ἀξίας
2383 3484 2846 3557 διαπραττόμενος
2873 3486 3174 3557 ἐλεγχθεὶς,
3218 3490 3311 3542 καὶ
3338 3490 3611 3561 περιδεεῖς
3654 3493 3783 3555 τοὺς

2199 3576 2301 3629 ὑπὸ
2327 3579 2485 3648 χεῖρα
2533 3579 2628 3632 καὶ
2656 3581 3097 3651 τεταραγμένους
3129 3599 3211 3634 σοι
3255 3583 3466 3647 πάντας
3495 3579 3635 3640 εἶναι
3671 3600 3782 3638 πα·

2200 3664 2584 3740 ρασκευάσεις.
2616 3672 2782 3727 Ὅσον
2816 3675 2926 3746 γὰρ
2985 3675 3017 3728 ό
3063 3675 3162 3745 τῆς
3210 3675 3469 3746 ἀληθείας
3500 3676 3658 3746 λόγος
3690 3677 3783 3730 τὸν

2199 3764 2538 3835 κεκτημένον
2567 3765 2736 3838 ἄνδρα
2770 3767 3004 3839 ποθητδν
3033 3768 3428 3839 ἀπεργάζεται,
3469 3769 3724 3825 τοσοῦτον
3753 3772 3783 3824 ό

2195 3855 2397 3927 ψευδής
2411 3875 2470 3911 τε
2500 3860 2594 3913 καλ⁵
2617 3858 2818 3928 ὕφαλος
2842 3860 2930 3913 τὸν
2955 3859 3344 3930 ἐπιτηδεύοντα
3366 3863 3642 3931 μισεῖσθαι
3668 3880 3778 3919 πα-

2200 3950 2547 4018 ρασκευάζει.

2783 4045 2924 4115 Περὶ
2961 4047 3179 4118 ἀρχῆς.

2279 4135 2487 4208 Ἰατρὸς
2519 4137 2723 4200 ἐκεῖνός
2742 4137 2892 4192 ἐστιν
2920 4139 3148 4212 ἀληθὴς,
3176 4138 3236 4204 ὃς
3257 4141 3630 4213 καταλλήλους
3666 4144 3780 4205 τοῖς

2197 4227 2466 4297 νοσήμασι
2488 4229 2587 4293 τὰς
2629 4229 2870 4299 ἰατρείας
2905 4231 3182 4304 ἐπιτίθησι
3205 4248 3222 4262 ο
3252 4233 3346 4288 καὶ
3365 4232 3623 4304 βασιλεὺς
3636 4235 3780 4288 ἐκεῖ·

2196 4318 2285 4381 νός
2309 4321 2457 4373 ἐστιν
2478 4321 2704 4389 ἀγαθὸς,
2737 4323 2796 4386 ὃς
2827 4324 3201 4394 ἀδικουμένων
3219 4325 3330 4381 τῶν
3358 4327 3617 4398 ὑπηκόων
3651 4328 3780 4391 τοὺς

2197 4409 2300 4473 τάς
2322 4411 2532 4475 ἀδικίας
2557 4413 2919 4480 έκδιώξαντας
2966 4417 3331 4489 προϐάλλεται
3379 4420 3670 4492 ἄρχοντας.
3689 4420 3778 4484 Ὠς

517 4481 666 4536 enim
711 4482 1001 4553 equisonis
1058 4482 1238 4539 virtus
1287 4483 1510 4554 propria
1544 4491 1629 4539 est
1653 4485 1779 4556 equi
1830 4485 2092 4558 cujusque

2201 4503 2309 4573 γὰρ
2342 4503 2647 4575 ἱπποκόμου
2677 4505 2776 4578 μὲν
2806 4508 2956 4577 ἴδιον,
2985 4481 3048 4563 τὸ
3073 4510 3181 4565 τῶν
3214 4511 3396 4568 ἵππων
3417 4481 3664 4568 ’ἑκάστου
3677 4481 3779 4586 τὴν

513 4587 680 4630 nesse
755 4577 1132 4647 praestantiam
1184 4593 1202 4644 ;
1260 4584 1315 4632 et
1387 4584 1712 4632 venatorum
1788 4578 2092 4652 intelligere

514 4676 780 4738 quantum
827 4670 1063 4741 quisque
1112 4683 1312 4724 canum
1370 4684 1536 4728 cursu
1581 4671 1761 4728 valeat
1810 4673 1875 4728 ad
1911 4689 2093 4745 perse-

513 4760 954 4830 quendasieras,
992 4775 1057 4816 ac
1087 4761 1444 4834 imperatoris
1477 4763 1684 4820 milites
1728 4780 1860 4823 suos
1882 4781 2091 4840 eOgno-

519 4867 703 4920 scere,
732 4862 786 4909 et
812 4869 918 4925 qua
972 4855 1210 4926 quisque
1262 4871 1454 4911 eorum
1478 4854 1798 4915 fortitudine
1843 4861 1936 4926 sit,
1970 4878 2093 4934 per-

512 4952 757 5016 spectum
815 4945 1023 5002 habere
1059 4957 1307 5018 utquam
1369 4949 1576 5018 optime
1611 4950 1786 5007 aciem
1821 4953 2094 5013 instruere

512 5039 692 5093 valeat
728 5038 845 5094 :ita
905 5039 1034 5095 boni
1097 5040 1246 5110 regis
1282 5049 1369 5097 est
1401 5041 1822 5113 magistratuum
1863 5061 2090 5103 suorum

514 5143 723 5196 meres,
740 5131 976 5197 animos,
993 5139 1149 5186 actus
1170 5138 1223 5186 et
1244 5133 1548 5188 sententias
1572 5134 1904 5203 perdiscere,
1937 5147 1993 5192 ut
2024 5138 2092 5193 de

513 5221 744 5291 singulis
798 5221 1028 5280 edoctus
1092 5239 1540 5295 unumquemque
1571 5227 1714 5285 sciat
1769 5243 1871 5284 suo
1897 5231 2091 5287 ordine

512 5311 824 5381 disponere,
858 5327 923 5368 ac
958 5327 1155 5383 pravos
1209 5314 1428 5385 quidem
1463 5330 1524 5370 ac
1555 5318 1875 5386 pestilentes
1919 5321 2091 5377 homi-

513 5414 611 5458 nes
665 5417 695 5457 a
755 5403 1038 5474 republica
1109 5413 1362 5462 extorres
1429 5407 1663 5477 ejicere,
1725 5413 1928 5480 probos
1995 5430 2091 5469 au-

511 5502 618 5550 tem
648 5504 705 5550 et
735 5496 955 5552 virtutis
1009 5506 1255 5553 amantes
1303 5499 1542 5568 publicis
1591 5502 1896 5561 honoribus
1929 5507 2091 5562 deco-

511 5601 654 5644 rare.

788 5733 797 5744 ,,
865 5683 940 5738 De
969 5686 1191 5740 consilio
1222 5696 1271 5742 et
1291 5690 1736 5746 consideratione.

580 5772 715 5831 Esse
745 5776 850 5831 sibi
899 5781 1332 5837 consentientem
1391 5783 1628 5841 hominis
1681 5795 1765 5842 est
1821 5788 2002 5857 gravis
2037 5797 2090 5844 et

2193 4595 2395 4673 ἀρετὴν
2421 4595 2823 4666 ἐπιγινώσκειν,
2863 4602 3162 4673 κυνηγέτου
3195 4604 3253 4659 δὲ
3283 4605 3345 4658 τὸ
3391 4607 3518 4672 τοὺς
3548 4607 3778 4663 διώκον-

2192 4703 2291 4749 τας
2335 4686 2446 4740 τῶν
2474 4688 2651 4742 κυνῶν
2682 4692 2860 4757 καλῶς
2895 4695 3308 4764 ὲξεπὲστασθαι,
3339 4698 3435 4752 καὶ
3466 4699 3776 4772 στρατηγοῦ

2193 4777 2246 4830 δὲ
2273 4777 2333 4833 ea
2355 4779 2482 4845 τοὺς
2521 4785 2859 4853 στρατιώτας
2884 4787 3195 4860 γνωρίζειν,
3227 4792 3406 4844 ὁποῖοι
3426 4792 3528 4855 τὰς
3573 4793 3777 4864 ἀρετὰς

2194 4869 2530 4940 ὑπάρχουσιν
2558 4875 2810 4943 ἕκαστος,
2835 4878 2901 4931 ἵν’
2929 4880 2987 4932 ὲν
3016 4880 3323 4953 παρατάξει
3341 4882 3406 4936 τὸ
3433 4881 3654 4954 ἄριστον
3675 4885 3777 4956 τῆς

2192 4962 2467 5028 ὲκτάξεως
2494 4965 2630 5040 ἔχῃο
2656 4968 2805 5023 οὕτω
2859 4974 2954 5025 καὶ
3006 4973 3276 5044 βασιλέως
3334 4976 3567 5046 ἀγαθοῦ,
3609 4977 3671 5033 τὸ
3706 4980 3777 5034 τὰ

2192 5056 2294 5127 ἤθη
2331 5059 2425 5111 κα)⁹
2469 5062 2596 5126 τοὺς
2644 5065 2880 5134 τρόπους
2907 5068 3129 5134 καὶτὰς
3168 5069 3372 5142 ἀρετὰς
3408 5073 3504 5126 καὶ
3549 5072 3775 5145 γνώμας

2190 5147 2302 5200 τῶν
2330 5149 2421 5202 ὑπ’
2457 5153 2621 5207 αὐτὸν
2665 5155 2942 5228 ἀρχόντων
2971 5159 3398 5231 ἀναμανθάνετν,
3446 5163 3512 5218 ἵν’
3542 5167 3770 5238 ἐπιστη-

2195 5239 2369 5310 μόνως
2396 5243 2490 5315 ἕχῃ
2524 5246 2655 5316 περὶ
2703 5249 2960 5316 ἑκάστου,
2992 5253 3088 5304 καὶ
3119 5253 3473 5325 καταλλήλως
3504 5257 3596 5312 τὸν
3645 5259 3772 5312 καθ’

2190 5333 2286 5423 ένα
2317 5339 2383 5408 τῇ
2430 5339 2788 5412 προσηκούσῃ
2811 5342 2960 5410 τάξει
2990 5344 3325 5400 διατάττεινο
3389 5348 3484 5401 καὶ
3518 5350 3644 5416 τοὺς
3674 5351 3774 5423 μὲν

2190 5421 2412 5493 λοιμοὺς
2455 5429 2550 5495 τῆς
2579 5429 2856 5493 πολιτείας
2908 5431 3202 5503 ἐξορίζειν,
3231 5438 3358 5501 τοὺς
3413 5421 3685 5504 εὐσεϐεῖς.
3713 5442 3772 5496 δὲ

2190 5516 2282 5569 xui.
2313 5517 2600 5589 ἐναρέτους
2657 5521 2755 5584 τάς
2812 5524 3102 5590 πολιτικὰς
3127 5529 3302 5600 ἀρχὰς
3333 5529 3559 5586 διοικεῖν
3604 5550 3774 5588 κατα-

2192 5624 2491 5663 πιστευειν.

2542 5705 2680 5773 Περὶ
2716 5708 2957 5778 ,βουλῆς
2996 5713 3091 5765 καί
3117 5709 3416 5784 σκέψεως.

2268 5794 2480 5867 Ὥσπερ
2512 5798 2570 5850 τὸ
2593 5800 2771 5871 ἐαυτῷ
2798 5807 3109 5872 συμφωνεῖν
3134 5805 3377 5878 ἔμφρονα
3427 5810 3519 5863 καὶ⁸
3554 5811 3770 5866 ἐπαινε-
