4124 6320
570 357 735 400 ῐκιιι

1878 337 2466 401 PBOLEGOMENA.
3766 347 3836 388 “-

573 469 632 514 ut
663 459 740 514 illi
772 458 890 512 sine
914 456 1024 511 ulla
1053 454 1379 509 titubatioue
1429 461 1524 508 aut
1555 454 1866 524 suspicione
1895 465 2146 506 mutuum

2251 452 2417 505 οπτόν
2458 469 2552 505 σου
2585 451 2680 505 καὶ
2711 449 2934 523 βεϐαίαν
2979 449 3076 521 τὴν
3110 449 3328 521 ἀγάπην
3361 449 3662 520 διατηρῶσι
3685 461 3698 476 ·
3739 452 3837 503 και

571 565 700 620 erga
721 560 772 603 te
808 549 1049 601 animum
1105 553 1296 617 gerant
1338 564 1350 600 :
1385 556 1440 600 et
1494 562 1561 600 ne
1608 561 1885 614 nunquam
1942 543 2143 614 ingrati

572 640 739 694 animi
778 639 979 704 fueris;
1014 654 1144 708 pars
1175 638 1319 691 enim
1355 638 1575 706 pietatis
1600 646 1683 691 est
1714 638 1850 691 bene
1882 638 2143 692 merenti-

574 735 677 785 bus
715 731 954 800 gratiam
985 735 1189 784 relcrre
1222 747 1234 782 :
1264 730 1356 798 qui
1389 743 1516 782 vero
1585 730 1834 798 ingratus
1887 737 1972 782 est
2031 729 2147 798 ipse

572 822 681 875 sibi
708 821 959 875 infensus
1009 831 1092 874 est
1128 838 1140 873 :
1169 819 1344 888 gratia
1391 820 1535 873 enim
1571 833 1697 872 cum
1729 817 1982 880 refertur,
2011 832 2146 887 quo-

570 914 864 969 dammodo
896 913 1493 982 multiplicatur;cum
1545 927 1671 967 vero
1726 928 1831 966 non
1890 912 2146 976 refertur,

569 1003 735 1058 etiam
760 1017 882 1072 qua}
914 1010 1067 1072 parta
1101 1002 1300 1064 fuerat,
1339 1001 1575 1071 deperit.
1609 1001 1743 1054 Dum
1780 1016 1912 1072 ergo
1935 1009 1994 1055 te
2025 1017 2149 1072 εισι

573 1107 686 1150 tum
755 1096 1092 1159 exhibueris,
1145 1095 1346 1150 mullos
1407 1095 1666 1150 habueris
1704 1095 1781 1147 tui
1835 1095 2148 1149 tlemerendi

571 1189 803 1258 cupidos
834 1203 897 1243 ac
953 1189 1228 1243 studiosos
1271 1206 1283 1241 :
1342 1189 1387 1242 si
1437 1200 1617 1242 autem
1655 1187 1904 1260 ingratus
1955 1186 2147 1252 fueris,

571 1282 780 1335 nullum
815 1281 1037 1333 omnino
1094 1280 1331 1333 amicum
1363 1279 1612 1345 habebis,
1645 1280 1871 1348 quicum
1902 1278 2152 1349 jucunde

574 1376 758 1426 vivere
819 1371 1026 1440 possis,
1082 1370 1296 1425 etiamsi
1366 1385 1558 1425 omnes
1624 1370 1937 1424 simulatam
2001 1372 2052 1423 in
2101 1379 2152 1424 te

575 1465 876 1518 amicitiam
918 1479 993 1517 ‘ac
1045 1462 1474 1517 benevolentiam
1506 1477 1616 1531 prae
1650 1477 1707 1516 se
1737 1461 1930 1516 ferant.

1026 1556 1102 1611 De
1141 1574 1376 1612 sermone
1398 1566 1447 1611 et
1474 1558 1705 1610 silentio.

641 1655 702 1705 in
739 1651 1054 1721 detegendis
1087 1651 1365 1704 hominum
1399 1650 1633 1718 ingeniis
1674 1649 1852 1706 solers
1886 1657 1939 1704 et
1973 1651 2156 1705 consi-

2250 546 2324 616 μὴ
2353 545 2502 614 γίνου
2532 548 2597 616 τῇ
2629 544 2823 615 γνώμῃ
2852 545 3146 615 ἀχάριστος
3165 561 3179 574 ο
3225 543 3390 614 μέρος
3420 543 3530 614 γάρ
3556 543 3839 606 εὐσεϐείας

2229 638 2308 710 ,τὸ
2339 637 2744 690 ἀνταποδιδόναι
2790 639 2902 700 τοῖς
2934 636 3210 689 εὐποιοῦσι
3244 636 3341 700 τὰς
3376 639 3624 706 χάριτας.
3644 635 3701 688 '0
3728 638 3836 704 75-9

2200 804 2205 808 _
2247 730 2536 801 ἀχάριστος
2584 729 2760 796 ἑαυτῷ
2791 729 3027 799 ὑπάρχει
3072 727 3349 797 πολέμιος.
3387 727 3562 798 Χάρις
3596 727 3695 796 μὲν
3726 726 3836 796 γὰρ

2248 820 2704 892 ἀνταποδιδομένη
2736 819 3090 882 πλεονάζεται
3113 836 3128 850 ⁸
3166 819 3242 888 μὴ
3269 818 3733 889 ἀνταποδιδομένη
3755 817 3836 882 δὲ,

2249 913 2343 965 καὶ
2387 912 2486 983 τὴν
2519 911 2957 982 καταϐληθεῖσαν
3003 912 3462 982 προσαπόλλυσιν.
3501 913 3837 984 Εὐχάριστος

2248 1003 2427 1058 τοίνυν
2451 1004 2761 1074 γενόμενος,
2779 1003 3006 1067 πολλοὺς
3037 1003 3181 1068 ἕξεις
3206 1003 3330 1066 τοὺς
3353 1003 3482 1074 περὶ
3509 1003 3568 1057 σὲ
3597 1004 3835 1056 σπουδά-

2253 1111 2468 1162 σοντας,
2528 1095 2627 1148 καὶ
2656 1095 2858 1160 πολλάς
2883 1112 2974 1148 σοι
2997 1093 3436 1158 καταϐαλοῦντας
3458 1097 3554 1157 τάς
3573 1094 3798 1166 χάριτας
3818 1109 3835 1124 ⁸

2251 1185 2544 1257 ἀχάριστος
2562 1186 2620 1239 δὲ
2645 1187 2926 1258 ὑπάρχων,
2955 1187 3148 1240 οὐδένα
3178 1188 3353 1258 κτήσῃ
3386 1186 3536 1256 φίλον
3558 1187 3835 1257 οὐδαμῶς,

2256 1277 2374 1347 μεθ’
2398 1270 2459 1332 οὗ
2485 1277 2817 1350 συμϐιώσεις
2849 1280 3041 1348 ἡδέως,
3074 1278 3178 1332 κᾶν
3212 1279 3410 1343 πάντες
3441 1279 3715 1351 ἄνθρωποι
3737 1279 3839 1349 τὴν

2254 1369 2390 1438 πρὸς
2421 1370 2479 1423 σὲ
2513 1370 2694 1439 φιλίαν
2729 1371 3086 1441 ὐποκριθῶσι.

2647 1551 2782 1620 Περὶ
2820 1551 3007 1618 λόγου
3047 1551 3145 1605 καί
3180 1552 3438 1622 σιωπῆς.

2327 1643 2602 1716 Νουνεχὴς
2632 1644 2745 1709 ἔσο,
2768 1647 2862 1697 καὶ
2894 1645 3153 1716 φρόνιμος
3181 1650 3236 1698 ὲν
3264 1645 3340 1715 τῷ
3363 1647 3424 1699 τὸ
3446 1647 3676 1701 ἑκάστου
3703 1644 3838 1721 ἦθος

573 1747 792 1800 deratus
806 1750 926 1798 esto
951 1761 965 1797 :
984 1749 1038 1796 et
1069 1743 1209 1797 bona
1227 1742 1444 1810 quidem
1465 1742 1747 1796 voluntate
1775 1741 2030 1813 praeditos
2051 1742 2147 1796 tibi

2256 1737 2678 1807 ἀναμανθάνειν,
2713 1738 2807 1791 καὶ
2841 1738 2947 1790 τῶν
2995 1738 3096 1807 μὲν
3136 1739 3444 1794 σπουδαίων
3473 1741 3572 1803 τάς
3610 1741 3836 1811 γνώμας

577 1836 837 1907 adjunge,
871 1834 1117 1904 improba
1160 1848 1287 1887 vero
1338 1848 1610 1887 aversare.
1648 1810 1928 1902 Quidquid
1962 1842 2144 1888 autem

2256 1829 2637 1900 ἀποδέχεσθαι,
2672 1829 2781 1882 τῶν
2830 1831 2884 1883 δὲ
2937 1830 3156 1897 φαύλων
3200 1832 3837 1906 ἀποστρέφεσθαι.⁹Δλλά

580 1927 973 1980 euuntiaturus
1011 1938 1247 1994 unquam
1284 1924 1381 1989 sis,
1415 1925 1556 1994 apud
1588 1934 1640 1979 te
1679 1925 1830 1995 prius
1860 1925 2147 1995 diligenter
2194 1996 2196 1998 ν

573 2016 860 2072 considera
889 2055 905 2079 ,
961 2030 1029 2069 ne
1077 2016 1263 2084 lingua
1308 2016 1692 2086 cogitationem
1749 2023 2146 2082 antevertente,

572 2110 718 2178 quod
741 2113 1074 2178 praepostere
1098 2107 1346 2176 loquaris
1369 2107 1469 2160 tibi
1497 2107 1884 2178 exprobretur.
1917 2107 1974 2162 In
1996 2116 2143 2162 coetu

570 2201 715 2252 enim
783 2198 1070 2252 hominum
1129 2209 1425 2268 antequam
1481 2197 1686 2267 aliquid
1735 2200 1910 2265 dicas,
1949 2199 2004 2253 in
2053 2205 2147 2254 tua

573 2295 841 2355 potestate
863 2296 946 2341 est
964 2287 1206 2356 cogitare
1225 2327 1242 2354 ,
1274 2289 1320 2343 si
1359 2287 1496 2342 forte
1513 2298 1636 2358 post
1662 2289 1894 2357 primam
1923 2298 2146 2343 senten-

573 2381 704 2434 tiam
735 2380 840 2434 alia
873 2378 974 2433 tibi
1007 2380 1198 2435 melior
1250 2380 1609 2436 succurrerit.
1645 2380 1718 2437 lis
1777 2391 1958 2436 autem
2019 2396 2146 2451 quae

575 2472 744 2527 semel
788 2471 994 2526 dixeris
1053 2473 1351 2541 pugnantia
1388 2473 1658 2541 subjicere
1693 2489 1800 2527 non
1833 2475 2064 2542 poteris,
2097 2473 2146 2528 si

573 2577 858 2618 sermones
919 2570 1043 2617 tuos
1078 2564 1146 2617 ab
1203 2566 1350 2618 omni
1397 2565 1825 2634 reprehensione
1874 2566 2145 2621 immunes

572 2671 697 2712 esse
726 2656 989 2710 volueris.
1039 2655 1233 2710 Dicere
1283 2664 1464 2710 autem
1518 2657 1790 2726 oportebit
1818 2663 1913 2730 aut
1940 2671 2002 2711 ea
2027 2670 2148 2726 qua:

573 2747 821 2819 perfecte
843 2751 1007 2810 scies,
1037 2757 1134 2800 aut
1183 2763 1304 2817 qua:
1339 2749 1604 2818 temporis
1636 2749 1774 2803 ratio
1811 2748 2143 2818 postulabit;

576 2838 647 2894 de
682 2839 910 2910 reliquis
945 2847 1127 2894 autem
1160 2841 1416 2896 omnibus
1451 2842 1627 2898 satius
1647 2842 1752 2898 erit
1789 2842 1951 2897 silere
1981 2855 2144 2912 quam

576 2933 745 3003 loqui.

1142 3025 1218 3081 De
1245 3028 1593 3098 eleemosgua.

2249 1926 2345 1980 καὶ
2369 1925 2513 1995 ὅπερ
2542 1923 2608 1978 ἂν
2639 1914 2853 1994 μέλλεις
2891 1926 3057 1994 ἐρεῖν,
3093 1927 3487 1997 προεπισκόπει
3517 1930 3584 1999 τῇ
3617 1926 3834 1998 γνώμῃ,

2210 2082 2213 2085 ξ
2251 2020 2337 2073 ἵνα
2382 2019 2456 2090 μὴ
2509 2019 2602 2072 καὶ
2649 2019 2683 2088 ἡ
2734 2018 2952 2087 γλῶσσα
3000 2019 3375 2090 προτρέχουσα
3411 2020 3505 2074 τοῦ
3545 2018 3833 2091 λογισμοῦ,

2248 2111 2499 2174 ἀτάκτως
2520 2110 2698 2180 λέγειν
2724 2110 3012 2182 ὁνειδισθῇ.
3038 2112 3327 2182 Σκοπήσας
3361 2112 3459 2183 μὲν
3487 2113 3596 2183 γὰρ
3620 2113 3678 2165 ὲν
3705 2112 3835 2165 συλο

2249 2205 2394 2276 λόγῳ
2429 2204 2617 2275 κύριος
2648 2198 2700 2257 εἷ
2723 2204 2832 2275 πρὸ
2859 2205 2954 2257 τοῦ
2983 2222 3036 2258 τι
3059 2206 3255 2268 είπεῖν,
3283 2198 3356 2259 ὧν
3391 2205 3602 2275 μέλλεις
3637 2207 3834 2271 εἰπεῖν,

2249 2297 2304 2351 εἴ
2329 2314 2433 2351 που
2465 2298 2556 2351 καὶ
2594 2298 2733 2368 μετά
2776 2296 2876 2367 τὴν
2932 2300 3204 2369 προτέραν
3255 2296 3482 2370 γνώμην
3529 2301 3564 2370 ἡ
3603 2298 3834 2369 δευτέρα

2248 2389 2513 2461 κρείττων
2545 2391 2814 2461 ἀναφανῇ.
2841 2388 3095 2461 Λαλήσας
3125 2391 3181 2444 δὲ
3207 2391 3375 2456 ἅπαξ,
3403 2393 3462 2444 οὐ
3501 2391 3707 2465 δυνήσῃ
3735 2392 3834 2446 τοῦ

2246 2481 2571 2550 λαληθέντος
2599 2481 2817 2536 ὲναντία
2848 2485 3260 2552 προσεπειπεῖν,
3286 2483 3400 2552 εἴγε
3439 2482 3632 2554 μώμου
3665 2486 3834 2556 χωρ’-ς

2248 2574 2346 2636 τὰς
2379 2571 2598 2643 ὁμιλίας
2626 2572 2900 2627 ποιεῖσθαι
2941 2575 3148 2638 ποθεῖς.
3175 2576 3369 2644 Λέγειν
3411 2576 3468 2630 δὲ
3509 2577 3828 2645 ἀναγκαῖον,

2248 2663 2281 2734 ἦ
2317 2665 2445 2735 περὶ
2488 2658 2564 2719 ὧν
2595 2665 2838 2736 ἀκριϐῶς
2883 2664 3201 2734 γινώσκεις,
3247 2669 3280 2739 ἢ
3329 2671 3456 2740 περὶ
3484 2663 3560 2723 ὧν
3588 2669 3617 2722 ό
3646 2670 3835 2740 καιρὸς

2247 2757 2504 2812 άπαιτεῖο
2541 2743 2598 2811 ὲν
2628 2759 2685 2813 δὲ
2723 2761 2837 2823 τοῖς
2878 2759 3060 2824 ἄλλοις
3109 2761 3281 2816 ἀπασι
3333 2763 3596 2834 κρείττων
3623 2762 3714 2816 τοῦ
3747 2763 3832 2816 λέ-

2248 2868 2367 2920 γειν
2400 2854 2435 2924 ἡ
2466 2855 2663 2926 σιωπή.

2725 3045 2863 3112 Περὶ
2901 3045 3346 3114 ἐλεημοσύνης.

647 3116 874 3190 Largire
907 3120 1144 3189 ‘copiose
1189 3120 1476 3188 egentibus
1509 3120 1895 3175 misericordia:
1923 3121 2142 3192 stipem,

2319 3134 2424 3188 Τὸν
2473 3133 2620 3188 ἔλεον
2671 3135 3054 3206 ἐπιδαψιλεύου
3082 3140 3195 3202 τοῖς
3227 3138 3534 3207 δεομένοις,
3567 3141 3656 3194 ἵνα
3685 3139 3833 3194 ἔλεον

575 3220 634 3267 ιιι
667 3213 781 3282 ipse
802 3213 868 3266 ab
899 3213 1284 3268 universorum
1317 3226 1446 3282 rege
1485 3211 1916 3267 misericordiam
1947 3228 2143 3269 conse-

574 3305 766 3371 quaris
795 3321 809 3357 :
839 3303 1064 3372 proprie
1123 3301 1268 3355 enim
1309 3302 1485 3371 pietas
1524 3309 1609 3356 est
1667 3317 1964 3371 egenorum
2024 3317 2144 3358 sus-

575 3394 826 3449 tentatio.
855 3393 984 3448 Eam
1028 3407 1160 3464 ergo
1205 3392 1345 3447 diem
1399 3393 1630 3463 periisse
1675 3393 2010 3457 existimato,
2038 3410 2144 3465 qua

575 3487 777 3542 nemini
819 3486 1181 3553 benefeceris,
1241 3500 1337 3556 pro
1363 3485 1646 3542 beneficiis
1690 3501 1811 3556 quae
1838 3487 1955 3556 ipse
1983 3502 2013 3542 a
2036 3486 2146 3542 Deo

575 3577 881 3648 acceperis.
915 3575 1124 3632 Exercc
1159 3577 1325 3648 igitur
1371 3578 1797 3648 eleemosynam,
1831 3586 1888 3632 ut
1916 3591 2036 3633 eam
2067 3578 2148 3632 vi-

573 3671 761 3727 cissim
789 3686 818 3725 a
843 3670 955 3724 Deo
978 3669 1233 3739 recipias.
1271 3668 1456 3724 Prabe
1491 3684 1654 3724 aures
1677 3677 1801 3725 tuas
1836 3669 2146 3740 supplicum

576 3762 856 3832 precibus,
893 3771 949 3816 et
988 3762 1149 3816 hilari
1198 3762 1352 3816 vultu
1393 3776 1590 3816 eorum
1635 3761 1826 3829 pudori
1882 3765 2146 3817 consule:

576 3852 836 3907 miserere
859 3853 1226 3921 lacrymarum
1251 3848 1448 3913 viduas,
1487 3865 1550 3904 ac
1579 3849 1816 3919 gemitus
1873 3849 2149 3919 orpltauo-

575 3962 694 4000 rum
723 3960 792 4000 ne
824 3945 1055 4013 repellas
1092 3963 1105 3997 :
1149 3959 1273 4013 quae
1304 3945 1447 3999 enim
1502 3944 1814 4007 fecerimus,
1871 3944 2064 3999 eadem
2095 3951 2151 3998 et

576 4037 873 4106 patiemur,
915 4045 968 4091 et
1003 4035 1144 4090 sicut
1193 4034 1470 4093 audimus.
1519 4034 1594 4089 ita
1643 4043 1697 4089 et
1745 4032 2152 4100 audietnur,'et

575 4129 718 4183 sicut
758 4127 1029 4192 videmus,
1066 4126 1139 4179 ita
1179 4137 1232 4182 et
1264 4125 1589 4181 videbimur.
1623 4126 1853 4201 Qualem
1886 4141 2016 4197 ergo
2048 4125 2150 4179 tibi

574 4238 633 4276 se
669 4220 836 4275 Deum
869 4220 1111 4289 praebere
1148 4226 1391 4289 optares,
1431 4219 1592 4272 talem
1626 4229 1680 4274 ct
1703 4217 1936 4274 subditis
1963 4219 2071 4273 tuis
2100 4227 2153 4273 te

576 4313 857 4382 impertias
877 4327 892 4364 :
911 4325 1018 4381 qua
1042 4310 1186 4366 cnim
1210 4325 1466 4368 mensura
1502 4325 1727 4366 mensus
1745 4310 1938 4377 fueris,
1962 4309 2151 4365 eadem

581 4405 677 4459 tibi
706 4413 1018 4473 reponetur.

573 4496 938 4552 Momentanea
985 4508 1032 4550 et
1074 4498 1279 4551 caduca
1319 4513 1432 4552 esse
1467 4497 1648 4550 omnia
1682 4511 1800 4564 qua:
1853 4498 1941 4550 hic
1994 4492 2138 4571 sunt.
2167 4505 2221 4566 1)

648 4585 819 4654 Scito,
863 4588 937 4642 fili
978 4591 1077 4653 mi,
1111 4589 1246 4644 nihil
1306 4588 1359 4642 iu
1404 4589 1508 4643 hac
1563 4589 1674 4642 vita
1713 4586 1951 4655 firmum,
2003 4577 2141 4642 nihil

575 4682 790 4747 stabile,
843 4682 981 4737 nihil
1031 4689 1357 4753 perpetuum
1410 4695 1566 4738 esse:
1621 4695 1746 4734 nam
1793 4677 2024 4736 subinde
2051 4694 2142 4735 res

577 4773 740 4828 aliter
769 4780 935 4842 atque
993 4773 1153 4828 aliter
1201 4772 1512 4838 variantur,
1563 4762 1625 4826 et
1647 4777 1782 4847 rotae
1825 4770 1881 4824 in
1934 4784 2140 4825 morem

571 4880 695 4935 qua:
714 4864 1187 4930 circumvolvitur,
1219 4879 1282 4919 ea
1313 4879 1436 4935 qua:
1460 4878 1684 4920 sursum
1709 4871 1838 4918 sunt
1879 4862 2140 4918 deorsum

575 4956 846 5020 feruntur,
864 4965 919 5011 et
943 4971 1064 5026 quae
1103 4956 1361 5011 deorsum
1407 4955 1594 5024 jacent
1623 4970 1844 5012 sursum
1899 4953 2143 5010 evehun-

576 5058 704 5102 tur:
750 5057 1086 5117 quaprOptcr
1139 5060 1317 5116 neque
1375 5045 1632 5101 secundis
1665 5045 1828 5100 rebus
1856 5045 2140 5112 extollere,

574 5155 751 5210 neque
782 5137 1030 5194 adversis
1072 5138 1331 5208 dejicere,
1381 5137 1474 5192 sed
1532 5137 1588 5191 in
1625 5145 1862 5208 utraque
1917 5136 2142 5191 fortuna

571 5241 834 5287 ecustans
863 5241 982 5287 esto
1013 5243 1174 5302 atque
1209 5232 1591 5297 immutabilis,
1648 5241 1860 5287 tantum
1893 5233 2143 5290 honestis

574 5323 740 5379 rebus
773 5324 1022 5389 studens,
1083 5332 1278 5379 caetera
1327 5339 1455 5378 vero
1505 5323 1617 5379 Deo
1652 5324 1961 5380 committe:
2015 5340 2145 5380 nam

573 5431 698 5471 cum
733 5416 971 5472 secunda
1003 5417 1177 5472 uteris
1213 5414 1455 5480 fortuna,
1493 5416 1741 5472 adversas
1775 5425 1956 5474 metus
1990 5428 2042 5474 te
2068 5419 2138 5473 ab

573 5509 830 5580 superbia
864 5523 1124 5565 revocare
1169 5509 1355 5576 debet,
1396 5518 1451 5565 et
1489 5524 1613 5564 cum
1645 5509 1876 5565 adversa
1896 5510 2139 5580 jactabe—

572 5603 671 5667 ris,
700 5601 944 5657 melioris
982 5616 1105 5671 spes
1137 5602 1342 5671 pariter
1386 5609 1439 5656 te
1486 5601 1554 5655 ab
1604 5601 1777 5655 animi
1833 5602 2141 5671 dejectione

571 5692 838 5747 deducere
861 5711 875 5747 :
898 5691 1003 5748 hoc
1037 5693 1183 5748 cnim
1221 5693 1409 5764 pusilli
1433 5680 1711 5748 estanimi
1751 5707 1814 5747 ac
1841 5694 1991 5764 regia
2029 5695 2139 5749 vir.

572 5784 1028 5855 tuteindignum:
1059 5786 1189 5856 quia
1224 5785 1371 5858 quod
1427 5786 1669 5841 futurum
1711 5797 1795 5843 est
1823 5789 1994 5845 videri
2045 5806 2140 5847 ne-

2251 3227 2528 3298 ὲπισπὰσῃ
2578 3227 2728 3300 παρά
2769 3227 2864 3281 τοῦ
2912 3229 3022 3281 τῶν
3067 3228 3205 3282 ὅλων
3252 3228 3549 3300 βασιλέωςο
3579 3231 3834 3285 εὐσέϐεια

2249 3318 2358 3389 γὰρ
2387 3318 2590 3389 κυρίως
2614 3319 2648 3389 ἡ
2678 3318 2787 3372 τῶν
2809 3319 3077 3390 δεομένων
3110 3320 3228 3371 ἐστὶ
3261 3320 3564 3390 μετάδοσις.
3588 3322 3697 3375 Καὶ
3724 3339 3833 3391 μη-

2249 3409 2337 3462 δὲν
2361 3409 2497 3478 ἡγοῦ
2529 3412 2627 3480 τὴν
2652 3410 2866 3480 ἡμέραν
2896 3411 3134 3480 ἐκείνην,
3160 3411 3217 3462 ὲν
3313 3411 3518 3481 μηδένα
3546 3414 3837 3483 εὐεργετή-

2252 3518 2385 3564 σεις,
2417 3501 2558 3573 ὑπὲρ
2601 3494 2677 3554 ὧν
2727 3502 2877 3572 παρά
2911 3501 3046 3555 Θεοῦ
3097 3503 3192 3556 καὶ
3236 3503 3398 3566 αὐτὸς
3436 3503 3831 3576 εὐηργετήθης.

2251 3592 2465 3662 Κτῆσαι
2516 3590 2608 3647 οῦν
2641 3593 2737 3663 τὴν
2788 3593 3180 3664 ἐλεημοσύνην,
3210 3593 3300 3647 ἵνα
3343 3595 3404 3647 τὸ
3451 3595 3634 3666 ὅμοιον
3682 3596 3834 3666 παρὰ

2251 3682 2386 3736 Θεοῦ
2418 3683 2702 3755 ἀντιδέξῃ·
2745 3686 2924 3740 κλῖνον
2954 3687 3018 3738 τὸ
3041 3682 3136 3749 οὖς
3185 3704 3277 3741 σου
3323 3688 3438 3750 τοῖς
3491 3687 3828 3741 ἱκετεύουσι·

2205 3840 2209 3844 ι
2250 3776 2606 3847 δυσωπήθητι
2653 3777 2862 3848 ὐμματι
2913 3777 3083 3848 ίλαρῷ
3129 3780 3255 3842 τοὺς
3304 3778 3832 3842 δυσωποῦνταςόί-

2252 3884 2468 3939 κτειρον
2495 3867 2706 3940 δάκρυα
2735 3869 2931 3939 χήρας,
2961 3870 3055 3924 καὶ
3097 3871 3432 3940 στεναγμοὺς
3477 3870 3730 3943 ὀρφανῶν
3755 3872 3832 3942 μὴ

2251 3957 2449 4033 ἀπώσῃ
2468 3974 2481 3987 ·
2527 3960 2564 4014 ἀ
2594 3960 2704 4030 γὰρ
2745 3960 2811 4014 ἂν
2839 3959 3176 4034 ποιήσωμεν,
3205 3961 3374 4016 ταῦτα
3404 3961 3498 4016 καὶ
3545 3961 3829 4032 πάθωμεν,

2252 4051 2471 4128 καὶλὼς
2521 4049 2793 4121 ἀκούομεν
2839 4051 3316 4124 ἀκουσθησόμεθα,
3365 4051 3456 4104 καὶ
3497 4053 3573 4115 ὡς
3617 4053 3832 4122 δρῶμεν

2251 4142 2654 4214 ὁραθησόμεθα.
2682 4139 2809 4196 Οίον
2837 4141 2930 4197 οὖν
2975 4147 3109 4215 εὐχῃ
3143 4145 3234 4198 τὸν
3261 4143 3393 4198 Θεὸν
3423 4144 3676 4213 γενέσθαι
3725 4161 3830 4208 σοι,

2252 4234 2488 4300 τοιοῦτος
2515 4235 2641 4305 περὶ
2662 4235 2788 4301 τοὺς
2817 4237 3032 4300 οἰκέτας
3056 4236 3216 4305 γενοῦ
3240 4236 3336 4290 καὶ
3355 4238 3517 4302 αὐτός
3537 4255 3550 4270 ·
3575 4240 3632 4291 ἐν
3653 4231 3698 4306 ᾧ
3720 4227 3834 4310 γάρ

2200 4306 2205 4311 ’
2256 4327 2441 4398 μέτρῳ
2474 4329 2788 4398 μετρήσεις,
2819 4329 3344 4402 ἀντιμετρηθήσεται
3371 4347 3478 4389 σοι.

2513 4508 2643 4564 Ὅτι
2673 4509 3014 4579 πρόσκαιρα
3048 4510 3121 4564 τὰ
3156 4509 3300 4579 τῇδε
3337 4510 3556 4565 πάντα.

2323 4602 2483 4666 Ἶσθι,
2513 4603 2702 4657 τέκνον
2731 4603 2863 4674 ἐμὸν
2884 4645 2898 4670 ,
2924 4604 2999 4667 ὡς
3044 4604 3196 4660 οὐδὲν
3223 4606 3252 4657 ό
3283 4605 3396 4675 βίος
3438 4599 3591 4669 οὗτος
3622 4603 3736 4677 ἔχει
3766 4607 3828 4660 τὸ

2251 4694 2538 4764 στάσιμον,
2566 4694 2721 4749 οὐδὲν
2769 4695 2832 4748 τὺ
2879 4695 3100 4766 βέϐαιον
3139 4698 3826 4769 ἢάμετάϐλητον.’Δλλοτε

2248 4785 2357 4856 γάρ
2399 4785 2572 4850 ἄλλως
2598 4785 2819 4857 ἀμείϐει
2849 4787 2917 4840 τὰ
2947 4788 3268 4858 πράγματα,
3301 4790 3395 4843 καὶ
3451 4790 3646 4861 τροχοῦ
3673 4791 3827 4864 δίκην

2250 4876 2589 4948 κυλιομένου,
2623 4877 2689 4931 τά
2713 4877 2813 4948 μὲν
2833 4878 2944 4934 ἀνω
2997 4879 3221 4951 φέρεται
3250 4881 3399 4935 κάτω
3418 4923 3432 4947 ,
3485 4883 3558 4937 τά
3589 4882 3644 4936 δὲ
3677 4884 3828 4938 κάτω

2252 4969 2477 5039 φέρεται
2517 4969 2663 5024 ἀνω..
2701 4970 2793 5024 Arb
2823 4973 2960 5042 μήτε
2993 4973 3271 5043 εὐτυχίαις
3297 4974 3550 5044 ὲπαίρου,
3585 4976 3724 5048 μήτε
3767 4977 3826 5030 ἐν

2249 5061 2368 5123 ταῖς
2393 5058 2704 5130 δυστυχίαις
2729 5060 3040 5132 καταφέρου
3063 5077 3076 5090 ·
3109 5061 3222 5116 ἀλλ’
3245 5061 3337 5116 ἔσο
3361 5064 3481 5118 κατ’
3501 5064 3670 5135 ἀμφω
3700 5082 3828 5119 στα-

2249 5150 2413 5222 θηρὸς
2447 5151 2541 5206 καὶ
2567 5150 2957 5222 ἀμετάπτωτος
2976 5193 2991 5216 ,
3028 5153 3174 5224 μόνῳ
3198 5155 3276 5224 τῷ
3301 5155 3452 5226 καλῷ
3486 5157 3820 5224 σπουδάζων,

2246 5243 2314 5296 τά
2361 5243 2406 5295 δ’
2434 5242 2568 5297 ἄλλα
2598 5244 3012 5313 προσανατιθεὶς
3042 5244 3119 5315 τῷ
3151 5245 3292 5316 Θεῷ.
3326 5247 3497 5301 Ὅταν
3526 5247 3634 5319 γὰρ
3664 5249 3824 5301 εὐτυ-

2248 5336 2368 5404 χῇς,
2415 5338 2480 5406 τῇ
2514 5335 2687 5390 ἑλπίδι
2732 5336 2833 5407 τῆς
2866 5336 3158 5409 δυστυχίας
3186 5340 3510 5411 ἐπαίρεσθαι
3551 5341 3650 5394 οὐκ
3679 5340 3825 5410 ὀφεί-

2247 5425 2386 5487 λεις’
2424 5427 2548 5497 μηδ’
2573 5428 2775 5482 ὁπόταν
2805 5428 3094 5502 δυστυχῇς,
3125 5433 3192 5502 τῇ
3238 5431 3411 5486 ἐλπίδι
3438 5433 3538 5504 τῆς
3567 5432 3822 5502 εὐτυχίας

2248 5521 2649 5591 καταφέρεσθαι
2674 5523 3032 5594 παρενεχθῇς·
3055 5521 3418 5597 μικροψυχίας
3441 5527 3548 5599 γάρ
3569 5529 3630 5582 τὺ
3650 5527 3824 5583 τοιοῦο

2245 5629 2307 5664 το
2361 5614 2454 5666 καὶ
2499 5614 2716 5680 ἀνάξιον
2760 5614 3043 5685 βασιλικῆς
3073 5618 3302 5688 ἀρετῆς,
3332 5619 3467 5674 διότι
3515 5621 3578 5675 τό
3629 5624 3821 5694 μέλλον

2247 5705 2495 5774 ἀόρατον.
2527 5705 2681 5776 Μήτε
2708 5704 2799 5759 οὖν
2830 5709 3143 5774 στυγνάζων
3173 5711 3324 5777 ποτὲ,
3357 5713 3819 5784 μήτεγελοιάζων

2245 5793 2490 5858 αὐθαδῶς
2524 5795 2808 5868 φωραθῇς·
2844 5795 2987 5852 οὐτω
3015 5801 3124 5872 γάρ
3160 5802 3421 5876 φρόνιμός
3449 5822 3508 5859 τε
3542 5807 3710 5872 δόξεις
3742 5805 3821 5862 εἱ-
