4098 6292
274 353 348 392 ιω
999 334 1282 394 BASILII
1327 334 1480 391 IMP.
1510 329 1947 391 PAR'ENESIS
1983 328 2087 386 AD‘
2111 325 2418 386 {.EONEM
2460 324 2754 384 FlLlUM.

3384 331 3493 372 ll."

270 478 359 523 ναι,
380 456 478 510 καὶ
502 454 573 509 τὰ
597 454 656 521 ἐξ
683 453 941 523 ἐκατέρου
964 451 1109 521 πάθη
1134 448 1416 518 διαφύγοις
1432 466 1443 477 ·
1476 445 1570 500 καὶ
1593 449 1641 499 οἱ
1666 446 1732 499 τά
1758 445 1823 499 σὰ
1852 496 1857 504 ,

1956 445 2061 511 tun.
2101 441 2285 510 Neque
2339 442 2505 510 igitur
2537 440 2708 494 tristis
2769 452 2947 507 neque
2993 436 3156 490 etiam
3211 436 3497 505 procacius

269 546 717 620 ὶογοπραγοῦντες
764 546 1018 616 οὐδεμίαν
1060 544 1239 609 ἐξουσι
1284 542 1457 614 λαϐὴν
1483 541 1577 595 τοῦ
1624 540 1830 613 μέμφε-

274 642 375 697 σθαι
410 640 479 695 τὰ
516 638 947 712 προσπίπτοντα.

780 907 920 977 Περὶ
955 906 1320 977 ἐπιμελείας.

330 1001 541 1071 Ταύτην
569 1000 779 1072 σεαυτῷ
801 1001 900 1071 τὴν
929 1000 1171 1071 ἀνάγκην
1197 998 1405 1066 ἐπίθες,
1438 998 1499 1052 τὸ
1525 998 1703 1053 πάντα
1732 998 1831 1069 μὲν

277 1096 466 1150 ἐθέλειν
522 1094 742 1165 ἐφορᾷν,
798 1092 967 1163 μηδὲν
1009 1092 1066 1145 δὲ
1114 1089 1507 1161 καταδέχεσθαι
1563 1089 1830 1160 παρορᾴν.

277 1184 400 1240 Αὐτὸ
426 1186 486 1240 δέ
516 1203 658 1255 φημι
678 1225 692 1247 ,
725 1185 845 1238 ἐπεὶ
873 1183 1125 1255 βασιλεὺς
1156 1184 1434 1255 ὑπάρχων,
1464 1182 1651 1237 οὐδένα
1690 1182 1833 1251 ἔχεις

275 1281 354 1334 ἐπὶ
384 1278 487 1349 γῆς
517 1277 658 1348 ὑπὲρ
691 1277 751 1331 σὲ
773 1318 788 1340 ,
822 1277 881 1340 ὃς
912 1276 1218 1346 ἀναγκάσαι
1256 1292 1315 1329 σε
1356 1275 1597 1331 δύναται.
1617 1274 1756 1328 Ἀλλ’
1785 1276 1835 1327 εῖ

272 1372 355 1425 καὶ
380 1371 602 1425 πάντων
635 1368 942 1440 βασιλεύεις
972 1368 1082 1422 τῶν
1130 1368 1223 1422 ἐπὶ
1268 1367 1393 1437 γῆς,
1425 1366 1541 1421 ἀλλ’
1568 1366 1708 1437 ἔχεις
1742 1367 1835 1421 καὶ

270 1462 412 1525 αὐτὸς
436 1462 534 1516 τὸν
560 1462 617 1513 ἐν
648 1462 896 1533 οὐρανοῖς
923 1459 1167 1531 βασιλέα.
1198 1460 1324 1527 Εῖγε
1348 1455 1441 1513 οὖν
1472 1458 1664 1527 ἐκείνῳ
1698 1458 1836 1513 πάν‹

269 1572 363 1610 των
393 1554 549 1625 μέλει
577 1553 652 1616 ὡς
677 1552 815 1621 Θεῷ,
844 1550 987 1606 οὕτω
1017 1551 1121 1624 χρὴ
1147 1552 1242 1606 καὶ
1277 1552 1337 1605 σὲ
1367 1550 1534 1622 μηδὲν
1564 1551 1833 1621 παρορᾷν,

267 1648 447 1713 ὠςύπδ
469 1646 592 1719 Θεῷ
626 1646 1081 1718 βασιλεῖ.Ὧσπερ
1104 1644 1213 1717 γὰρ
1240 1646 1308 1700 τὰ
1336 1645 1489 1718 παρὰ
1521 1646 1614 1700 σοῦ
1640 1646 1838 1715 ἐπιμει

268 1739 364 1805 λῶς
388 1737 647 1811 δρώμενά
688 1756 751 1792 τε
793 1738 885 1793 καὶ
917 1737 1265 1810 διοικούμενα
1301 1738 1543 1808 μεγάλης
1570 1735 1835 1791 ἀπολαύει

269 1834 357 1902 τῆς
383 1831 678 1901 ὠφελείας,
712 1831 855 1886 οὕτω
877 1832 970 1886 καὶ
998 1830 1068 1885 τὰ
1102 1828 1467 1901 παρορώμενα
1500 1829 1636 1901 πρὸς
1665 1830 1835 1900 μεγὰ-
1870 1812 1911 1867 Β

270 1927 358 1995 λην
388 1922 789 1978 κατολισθώνει
816 1923 1106 1977 ἀπώλειαν.
1139 1919 1201 1974 ΕΞ
1232 1920 1338 1992 γὰρ
1366 1920 1459 1973 καὶ
1490 1919 1583 1973 ἐπὶ
1620 1922 1835 1975 πάντων

269 2018 322 2070 οὐ
369 2019 566 2089 μικρὸν
615 2016 677 2070 τὸ
716 2015 869 2087 παρὰ
917 2016 1131 2086 μικρὸν,
1165 2014 1277 2069 ἀλλ’
1304 2010 1395 2068 οὖν
1427 2014 1519 2068 ἐπὶ
1544 2014 1752 2083 βασιλεῖ
1779 2015 1840 2070 τὸ

273 2109 421 2179 σοφὸν
452 2109 616 2164 τοῦτο
642 2110 842 2180 μᾶλλον
866 2108 1147 2181 ἁρμόσειε.

815 2390 953 2459 Περὶ
989 2394 1290 2464 φυλακῆς.

335 2481 418 2545 Ὦς
446 2481 631 2555 ἀγαθὴ
661 2480 782 2535 λίαν
812 2482 1023 2554 σώματι
1059 2486 1326 2558 βασιλικῷ
1358 2488 1593 2559 φυλακὴ,
1626 2491 1659 2561 ἡ
1692 2490 1842 2561 παρὰ

270 2575 369 2630 τῶν
384 2574 647 2646 ὑπηκόων
676 2574 857 2631 εὔνοια
887 2578 984 2631 σὺν
1010 2576 1147 2648 Θεῷ.
1174 2578 1270 2633 καὶ
1285 2579 1345 2633 τὸ
1372 2580 1578 2644 πάντας
1608 2580 1844 2636 εὐποιεῖ-

274 2668 389 2721 σθαι
417 2669 553 2738 παρ’
578 2667 740 2722 αύτοῦ
762 2713 776 2737 ,
822 2670 917 2723 καὶ
962 2671 1142 2740 μηδέν’
1174 2671 1475 2743 ὑφορᾶσθαι
1515 2674 1845 2745 ⁸τυραννικόν

270 2774 318 2811 τι
346 2758 563 2813 παθεῖν.
607 2759 749 2813 Ἀλλ’
771 2762 959 2831 ὥσπερ
980 2761 1062 2815 δεῖ
1086 2761 1182 2834 τὴν
1210 2762 1487 2833 βασιλείαν
1520 2782 1616 2821 σου
1644 2766 1845 2836 φυλάτ-

272 2850 378 2905 ³ιειν
397 2839 555 2923 παρὰ
574 2852 685 2906 τῶν
715 2852 927 2924 ἐχθρῶν
958 2853 1332 2922 ἀνεπίδουλον,
1365 2856 1506 2911 οὕτω
1534 2858 1641 2929 χρὴ
1661 2860 1847 2929 τηρεῖν

274 2945 358 2997 καὶ
383 2946 497 3009 τοῖς
534 2944 765 2999 πάθεσιν
792 2946 1117 3002 άνεπίόατον
1139 2962 1154 2977 ·
1185 2948 1468 3021 ἀμφότερα
1500 2948 1607 3021 γὰρ
1632 2952 1661 3005 δ
1693 2950 1848 3019 λόγος

273 3034 564 3107 ἐπιϐουλὴν
591 3035 856 3109 ὁρίζεται,
886 3041 979 3093 καὶ
1012 3041 1068 3093 ὲν
1099 3040 1380 3111 ἑκατέροις
1414 3042 1585 3113 μέγας
1615 3044 1644 3097 δ
1668 3043 1853 3097 κίνδυ-

1930 536 2119 590 ridcns
2150 534 2325 605 palam
2357 531 2823 602 dcprebendaris;
2881 530 2954 583 ita
2986 528 3130 583 enim
3160 535 3216 582 et
3261 526 3500 595 prudens

1924 626 2357 689 existimaberis,
2410 634 2463 679 et
2519 623 2696 677 aﬂinia
2750 624 3007 691 utrinque
3036 620 3171 672 vilia
3207 618 3498 678 devitabis.

1931 735 2105 789 neque
2148 720 2368 773 curiose
2422 716 2707 772 maledicis
2763 731 2953 769 ansam
3012 713 3178 768 ullam
3231 712 3501 785 praebebis

1929 812 2262 883 obloquendi
2303 812 2370 867 de
2393 811 2483 873 iis,
2519 826 2641 879 qua:
2674 810 2768 863 tibi
2806 807 3081 862 accident.

2520 906 2591 957 De
2632 902 2935 972 diligentia.

2003 998 2291 1065 Obstringe
2364 1004 2416 1053 te
2472 996 2603 1050 buic
2670 995 3013 1057 necessitati,
3066 1002 3125 1047 ιιι
3178 991 3361 1046 omnia
3402 992 3499 1047 tibi

1933 1091 2111 1148 oculis
2137 1090 2476 1162 inspicienda
2506 1105 2629 1144 esse
2677 1088 2870 1151 ducas,
2923 1094 2977 1141 et
3027 1086 3163 1141 nihil
3194 1085 3502 1155 inexplora-

1935 1196 2049 1240 tum
2083 1184 2474 1255 praetermittas
2519 1203 2531 1237 :
2586 1184 2786 1253 quippe
2817 1182 3115 1250 imperator
3150 1196 3272 1235 cum
3304 1179 3405 1241 sis.
3450 1181 3502 1232 iu

1936 1281 2102 1333 terris
2132 1276 2353 1348 quidem
2392 1277 2663 1331 neminem
2714 1274 3052 1343 superiorem
3084 1273 3272 1339 habes,
3320 1270 3414 1342 qui
3456 1279 3507 1326 te

1936 1386 2129 1443 cogere
2159 1372 2377 1436 valeat;
2407 1384 2470 1425 ac
2501 1369 2627 1423 licet
2662 1369 2909 1421 omnium
2946 1366 2998 1423 in
3036 1373 3179 1421 terra
3202 1367 3282 1421 sis
3328 1363 3504 1419 domi-

1937 1482 2064 1530 nus,
2106 1479 2289 1537 regem
2315 1473 2495 1518 tamen
2534 1462 2704 1516 babes
2734 1460 3079 1530 superiorem
3131 1459 3183 1512 in
3223 1459 3387 1525 coelo,
3418 1460 3505 1513 cui

1938 1561 2083 1615 sicut
2116 1558 2297 1613 omnia
2326 1566 2384 1612 ut
2418 1556 2523 1610 Deo
2562 1571 2709 1610 curae
2757 1564 2907 1619 sunt,
2966 1553 3039 1607 ita
3071 1552 3167 1607 tibi
3198 1567 3419 1622 quoque
3453 1560 3511 1603 ut

1940 1654 2056 1725 regi
2088 1666 2238 1708 cura!
2264 1666 2387 1706 esse
2409 1651 2644 1706 debent:
2678 1649 2811 1703 nibil
2841 1663 2969 1717 ergo
3006 1645 3103 1701 tibi
3130 1645 3508 1717 negligendqu

1939 1757 2047 1813 est,
2080 1755 2271 1815 utpote
2304 1744 2397 1816 qui
2430 1760 2524 1799 rex
2554 1744 2661 1798 Deo
2710 1742 2996 1810 subjectus
3024 1755 3107 1794 es.
3140 1737 3510 1805 Quemadmo-

1940 1840 2068 1895 dum
2103 1839 2250 1894 enim
2288 1853 2351 1892 ea
2382 1853 2508 1907 qua:
2538 1851 2564 1889 a
2590 1846 2641 1891 te
2672 1835 2967 1904 diligenter
3027 1836 3275 1901 inspecta
3336 1831 3513 1885 admi-

1942 1934 2273 1996 nistrantur,
2338 1930 2478 1983 baud
2527 1943 2718 1998 parum
2774 1928 3087 1995 proﬁciunt,
3115 1926 3300 1994 itaque
3331 1924 3516 1993 negle-

1941 2023 2071 2077 ctitn
2104 2030 2531 2093 prmtcreuntur,
2567 2020 2619 2072 in
2670 2033 2920 2088 magnam
2968 2016 3262 2086 perniciem
3320 2014 3515 2069 labun-

1941 2124 2066 2181 tur;
2098 2127 2148 2168 et
2180 2115 2226 2169 si
2250 2115 2507 2168 omnibus
2542 2115 2596 2167 in
2628 2113 2795 2167 rebus
2831 2128 2939 2167 non
2974 2126 3203 2182 parvum
3228 2116 3313 2164 cst
3356 2108 3502 2177 quod

1942 2221 2135 2278 parum
2163 2206 2336 2267 abest,
2378 2206 2653 2275 praecipue
2688 2213 2869 2258 tamen
2910 2204 3129 2274 regibus
3165 2202 3385 2272 sapiens
3411 2201 3517 2255 hoc

1943 2299 2151 2353 dictum
2192 2298 2471 2352 convenit.

2543 2387 2617 2444 De
2653 2387 2919 2442 custodia.

2016 2484 2175 2539 Nulla
2201 2486 2331 2556 regii
2388 2484 2636 2555 corporis
2679 2483 2873 2538 melior
2911 2492 2995 2538 est
3048 2484 3321 2551 custodia,
3351 2500 3515 2555 quam

1947 2581 2294 2636 subditorum
2333 2577 2742 2640 benevolentia,
2800 2577 2908 2633 Deo
2972 2576 3241 2645 juvante;
3298 2594 3421 2632 cum
3446 2579 3519 2633 ita

1947 2680 2078 2729 sunt
2101 2687 2294 2726 omnes
2327 2671 2396 2724 ab
2437 2685 2502 2723 eo
2538 2668 2814 2724 beneﬁciis
2851 2669 3137 2734 cumulati,
3172 2676 3229 2723 ut
3260 2684 3419 2724 nemo
3453 2672 3521 2724 ab

1947 2778 2012 2819 eo
2048 2760 2321 2833 tyrannici
2346 2758 2642 2830 quidquam
2699 2759 2803 2813 sibi
2840 2767 3067 2813 metuat.
3122 2758 3229 2814 Sed
3254 2762 3521 2828 quemad-

1949 2853 2175 2909 modum
2238 2852 2531 2921 imperium
2584 2858 2737 2903 tuum
2785 2851 2853 2903 ab
2899 2851 3249 2906 inimicorqu
3305 2851 3522 2907 insidiis

1950 2954 2158 3002 sartum
2184 2949 2388 2998 tectum
2425 2956 2649 2998 servare
2678 2951 2917 3011 oportet,
2950 2943 3023 2997 ita
3054 2954 3108 2998 et
3137 2957 3166 2996 a
3227 2944 3523 3014 perturba-

1951 3037 2163 3092 tionum
2198 3033 2613 3090 incursionibus
2647 3033 3011 3091 inoffensum:
3044 3044 3343 3107 utrumque
3378 3038 3522 3093 enim

271 3127 542 3192 νος.’Δλλ’
580 3131 614 3201 ἡ
663 3129 763 3201 μὲν
806 3130 899 3184 τού
952 3131 1200 3202 σώματος
1248 3133 1505 3206 ἐπιϐουλὴ
1556 3137 1705 3207 παρὰ
1743 3136 1851 3190 τῶν

1956 3131 2285 3189 insidiarum
2319 3130 2540 3185 nomine
2569 3129 2911 3195 continetur,
2949 3138 3002 3185 et
3032 3129 3101 3186 ab
3162 3139 3397 3203 utroque
3448 3132 3525 3191 in:

272 3218 497 3291 ἐχθρῶν,
526 3221 864 3293 πρόσκαιρον
891 3213 1004 3293 ἔχει
1029 3224 1117 3277 τὸν
1147 3224 1405 3280 θάνατον’
1433 3227 1465 3297 ἡ
1492 3227 1549 3282 δέ
1581 3229 1721 3283 κατὰ
1750 3228 1850 3297 τῆς

271 3309 443 3382 ψυχῆς
469 3314 736 3385 ἐπιδουλὴ
773 3316 923 3387 παρὰ
953 3316 1065 3369 τῶν
1103 3317 1311 3385 παθῶν,
1354 3321 1624 3391 τιμωρίαν
1656 3321 1851 3394 προξε-

272 3404 368 3471 νεῖ,
393 3405 499 3466 καὶ
533 3406 674 3478 μετὰ
699 3407 790 3460 τὸν
824 3407 1072 3475 θάνατον,
1101 3408 1200 3480 τὴν
1227 3410 1517 3468 ἀθάνατον.

531 3668 683 3735 Ἦερί
726 3666 832 3734 τῆς
870 3668 1234 3737 ἐπουρανίου
1265 3670 1606 3737 βασιλείας.

343 3760 541 3815 Πολλοὶ
591 3759 834 3831 βασιλεῖς
862 3762 931 3814 τὰ
966 3762 1215 3833 βασιλεῖαι
1254 3764 1429 3817 ταῦτα
1477 3764 1813 3837 παρῴκησαν
1837 3782 1852 3798 ⁸

274 3852 388 3908 ἀλλ’
434 3853 612 3921 ὀλίγοι
660 3853 760 3920 τὴν
809 3854 1133 3925 ἐπουράνιον
1182 3853 1461 3925 βασιλείαν
1512 3856 1855 3929 κατῴκησαν.

276 3942 557 4008 Σπούδαζε
593 3937 710 4003 οὖν,
741 3943 931 3996 τέκνον
960 3943 1335 4013 ἠγαπημένον,
1360 3945 1434 4015 μὴ
1468 3944 1628 4015 μόνον
1657 3945 1861 4015 ταύτην

276 4037 371 4107 τὴν
405 4036 693 4107 βασιλείαν
718 4036 1061 4107 κατορθῶσαι
1090 4037 1179 4089 διὰ
1207 4037 1306 4107 τῆς
1334 4037 1442 4091 τῶν
1463 4039 1678 4110 τρᾶπων
1702 4039 1863 4093 καλο-

278 4129 576 4199 κάγαθίας,
602 4126 738 4183 ἀλλὰ
765 4129 858 4180 καὶ
883 4129 980 4198 τὴν
1007 4129 1330 4197 ἐπουράνιον
1350 4129 1753 4203 κληρονομῆσαι
1774 4131 1864 4187 διὰ

276 4225 373 4292 τῆς
418 4223 534 4277 τῶν
568 4222 779 4293 ἀρετῶν
814 4223 1201 4293 ἁγαθοεργίας.
1245 4225 1492 4296 Σήμερον
1520 4224 1629 4298 γάρ
1662 4227 1764 4280 εισι
1797 4227 1865 4281 τά

281 4316 529 4385 βασίλεια
562 4316 656 4383 σὰ,
685 4317 777 4369 καὶ
807 4315 993 4388 αὔριον
1018 4318 1228 4371 ἔσονται
1254 4318 1313 4371 οὐ
1347 4317 1445 4384 σὰ,
1479 4319 1616 4389 μετὰ
1664 4319 1723 4373 δὲ
1769 4320 1864 4390 τὴν

276 4407 469 4482 αὔριον
503 4410 701 4480 ἑτέρου
723 4425 736 4438 ο
769 4410 861 4463 καὶ
889 4410 986 4481 τὴν
1029 4409 1145 4479 μετ’
1176 4411 1413 4482 ἐκείνην,
1444 4411 1537 4465 τοῦ
1578 4413 1695 4483 μετ’
1723 4414 1867 4466 ἐκεῖ·-

1953 3239 2091 3295 gens
2117 3221 2365 3278 imminet
2390 3220 2723 3292 periculum.
2763 3221 2870 3276 Sed
2921 3222 3140 3292 corpori
3176 3222 3397 3295 quidem
3431 3239 3525 3295 pa-

1952 3325 2086 3371 rata
2115 3316 2184 3370 ab
2222 3314 2473 3370 hostibus
2496 3314 2708 3369 insidia:
2742 3316 3087 3385 temporariae
3113 3319 3305 3371 mortis
3326 3318 3527 3373 discri-

1954 3425 2078 3466 men
2109 3408 2373 3464 aﬂeruttt:
2405 3408 2670 3463 adversus
2702 3417 2884 3464 autem
2921 3412 3158 3463 animam
3203 3426 3231 3463 a
3260 3411 3531 3478 cupidita-

1956 3499 2103 3554 tibus
2129 3506 2474 3568 comparatae,
2511 3496 2675 3552 etiam
2708 3505 2833 3566 post
2869 3506 3127 3559 mortem,
3155 3496 3524 3554 immortalem

1958 3605 2140 3649 secum
2162 3604 2377 3659 pmuam
2402 3590 2650 3643 trahunt.

2485 3681 2559 3735 De
2584 3682 2779 3735 caelesti
2820 3697 2999 3751 regno.

2033 3779 2254 3848 Regiam
2311 3775 2472 3829 istam
2530 3773 2786 3845 pcrmuiti
2823 3788 2978 3843 rcges
3015 3771 3397 3840 incoluerunt;
3435 3773 3531 3827 sed

1962 3871 2118 3943 pauci
2146 3869 2367 3923 cmlcste
2396 3883 2619 3936 regnum
2654 3866 2835 3935 adepti
2862 3873 3008 3919 sunt.
3046 3862 3127 3919 Tu
3166 3880 3295 3920 vero
3329 3865 3535 3920 charis-

1965 3964 2101 4019 simc
2147 3960 2243 4023 illi,
2300 3960 2512 4013 enitere
2548 3974 2654 4011 non
2710 3959 2886 4013 solum
2925 3966 3206 4011 terrenum
3258 3957 3402 4011 istud
3447 3973 3534 4013 re-

1965 4070 2129 4126 gnum
2172 4068 2267 4123 per
2298 4066 2509 4105 morum
2541 4050 2870 4119 probitatem
2923 4060 3069 4103 recte
3103 4049 3491 4104 administrare
3518 4069 3531 4104 ε

1967 4149 2062 4204 sed
2098 4144 2343 4201 caelestis
2396 4144 2561 4199 etiam
2595 4143 2969 4197 litereditatcm
3021 4159 3116 4215 per
3136 4144 3354 4199 virtutis
3380 4159 3537 4197 excr-

1966 4245 2278 4299 citationem
2316 4240 2569 4311 adipisci.
2607 4239 2776 4296 llodic
2807 4241 2953 4295 enim
3009 4251 3101 4297 tua
3150 4250 3279 4297 sunt
3320 4242 3419 4295 ista
3448 4255 3540 4310 pa-

1971 4338 2123 4401 latia,
2166 4335 2406 4391 crastina
2436 4334 2525 4389 die
2566 4342 2659 4388 tua
2712 4335 2950 4391 fortasse
2978 4352 3088 4390 non
3128 4344 3310 4400 erunt,
3353 4350 3416 4389 ac
3449 4350 3543 4405 pe-

1970 4428 2158 4484 rendie
2195 4428 2423 4483 alterius
2480 4426 2645 4491 ﬁent,
2700 4442 2764 4482 ac
2838 4434 2959 4498 post
2993 4427 3351 4496 perendinum
3397 4426 3541 4483 diem

279 4520 389 4566 νον,
415 4503 568 4557 ὥστε
622 4503 723 4556 οὐκ
772 4504 907 4555 εἰσὶν
956 4502 1208 4556 οὐδέποτε
1240 4504 1492 4568 οὐδενός.
1544 4504 1607 4558 Ei
1636 4505 1744 4577 γὰρ
1773 4506 1857 4560 mi

1976 4524 2115 4577 alius
2149 4520 2327 4576 adhuc
2354 4528 2476 4590 post
2506 4523 2695 4587 alium,
2717 4522 2789 4577 ita
2824 4530 2881 4575 ut
2914 4521 3118 4577 nullius
3146 4537 3385 4591 unquam
3426 4523 3537 4576 sint

280 4596 515 4660 πολλοὺς
568 4595 863 4666 ἀμείϐουσι
908 4596 1034 4658 τοὺς
1075 4597 1362 4662 δεσπότας,
1395 4597 1584 4651 οὐδένα
1627 4597 1737 4667 ἄρα
1779 4598 1871 4651 τὸν

281 4692 507 4761 γνήσιον
554 4688 745 4760 ἔχουσι
786 4688 1069 4759 δεσπότην.
1107 4690 1256 4743 Ἐπεὶ
1288 4684 1383 4744 οὖν
1432 4690 1734 4761 μεταϐῆναι
1765 4689 1871 4762 χρὴ

282 4783 376 4855 τῆς
431 4781 700 4837 ἐντεῦθεν
747 4766 1012 4849 ἐξουσίας,
1043 4782 1367 4853 σπεύσωμεν
1414 4783 1747 4855 ἀμείψασθαι
1793 4783 1873 4838 δι’

279 4878 486 4946 ἀρετῆς
516 4875 625 4947 τὴν
648 4874 856 4929 ἐκεῖθεν
882 4875 1181 4945 βασιλείαν,
1213 4876 1335 4947 ἥτις
1367 4878 1502 4948 μόνη
1530 4875 1589 4929 τὺ
1610 4874 1874 4931 ἀθάνατον

279 4970 551 5040 κέκτηται
592 4969 691 5023 καὶ
737 4968 1013 5040 ἀδιάὂοχον
1034 4987 1047 5000 ·
1095 4970 1162 5025 τὰ
1189 4970 1245 5023 δὲ
1276 4969 1410 5023 ἄλλα
1444 4968 1625 5024 πάντα
1669 4970 1753 5041 ῥεῖ
1781 4968 1875 5024 καὶ

281 5066 664 5136 παρέρχεται.

782 5260 916 5329 Περὶ
952 5259 1193 5329 μνήμης
1234 5262 1341 5313 Geo
1350 5259 1401 5316 ὗ.

1976 4613 2217 4684 propria.
2244 4609 2378 4665 Nam
2411 4612 2513 4665 etsi
2535 4612 2736 4666 multos
2762 4612 3001 4667 vicissim
3026 4620 3337 4682 permutant
3366 4611 3545 4666 domi-

1979 4720 2103 4771 nos,
2132 4712 2317 4758 tamen
2345 4704 2563 4774 proprie
2618 4704 2828 4759 nullum
2876 4719 3067 4760 verum
3100 4718 3166 4758 ac
3224 4719 3545 4774 germanum

1981 4797 2204 4853 habent.
2230 4795 2503 4862 Quoniam
2530 4810 2662 4866 ergo
2696 4795 3073 4851 dominatione
3096 4795 3203 4852 ista
3243 4796 3545 4851 cedendmn

1981 4896 2086 4953 est,
2117 4886 2446 4943 studeamus
2468 4900 2588 4939 eam
2618 4901 2713 4955 per
2735 4886 2993 4941 virtutem
3026 4902 3151 4941 cum
3207 4887 3419 4942 cmlcsti
3465 4903 3549 4942 re—

1983 4993 2090 5050 gno
2116 4984 2481 5042 commutare,
2500 4975 2645 5045 quod
2674 4976 2848 5031 solum
2869 4991 2969 5031 nec
2994 4977 3184 5043 morti,
3214 4993 3315 5033 nec
3342 4978 3553 5033 vicissi-

1986 5070 2161 5126 tudini
2196 5067 2498 5123 obnoxium
2524 5054 2646 5134 est,
2680 5082 2803 5121 cum
2838 5080 3041 5125 caetera
3090 5070 3272 5125 omnia
3314 5069 3555 5127 deﬂuant

1987 5178 2051 5220 ac
2078 5170 2419 5235 praetereant.

2519 5255 2591 5311 De
2625 5258 2877 5312 memoria
2911 5256 3028 5313 Dei.

350 5354 481 5413 Ἐὰν
508 5353 686 5424 νόμον
713 5351 939 5407 σεαυτοῦ
964 5352 1063 5425 τὴν
1090 5352 1393 5421 συνείδησιν
1420 5351 1548 5427 ἔχῃς
1572 5392 1587 5417 ,
1616 5353 1709 5406 καὶ
1738 5352 1882 5426 ἃπερ

280 5449 447 5512 αὐτὸς
480 5446 691 5500 παθεῖν
718 5445 820 5499 οὐκ
844 5444 1083 5509 ἐθέλεις,
1110 5444 1233 5499 οὐδὲ
1267 5446 1486 5517 ἐτέρους
1522 5444 1714 5500 παθεῖν
1758 5446 1881 5499 ἐπι·

283 5541 518 5614 τρέψῃς,
553 5537 817 5593 οὐδέποτε
850 5537 1056 5609 μέμψιν
1083 5537 1360 5609 ἁμαρτίας
1390 5538 1670 5610 ύποστήσῃ
1692 5554 1707 5569 ο
1746 5539 1794 5591 εἰ
1827 5537 1883 5590 δὲ

286 5630 679 5691 καὶνττὸνθεὸν
703 5633 760 5684 ἐν
788 5630 935 5703 πάσῃ
970 5648 1061 5684 σου
1089 5631 1282 5703 πράξει
1307 5630 1550 5701 ἐπόπτην
1578 5632 1671 5685 καὶ
1703 5630 1883 5695 ἕξεται·

288 5725 443 5797 στὴν,
474 5721 882 5793 ὦσπερέστιν,
907 5723 1234 5797 ἀναλογίσῃ,
1265 5721 1389 5777 οὔτε
1426 5723 1683 5794 ,φανερῶς
1732 5739 1884 5788 ποτε,
1920 5786 1923 5793 ,

290 5819 414 5874 οὐτε
452 5815 729 5889 κρυπτῶς
760 5816 1120 5888 ἁμαρτήσεις.
1155 5816 1275 5874 Κᾶν
1304 5815 1412 5889 γὰρ
1447 5818 1665 5888 ἑτέρους
1692 5816 1885 5871 λανθά·

2058 5348 2463 5406 Conscientiam
2493 5357 2641 5404 tuam
2677 5351 2723 5405 si
2759 5366 2857 5422 pro
2884 5350 3003 5422 lege
3051 5350 3333 5420 habueris,
3359 5361 3413 5410 et
3436 5369 3558 5423 quae

1990 5445 2104 5515 pati
2147 5443 2266 5514 ipse
2315 5440 2479 5509 nolis,
2527 5456 2807 5513 nunquam
2868 5442 3007 5499 alios
3054 5444 3168 5514 pati
3198 5445 3571 5515 permiseris,

1992 5536 2197 5591 nullius
2223 5550 2462 5605 unquam
2494 5536 2706 5605 peccati
2737 5534 2857 5591 labe
2886 5534 3186 5592 l'mdabcris
3209 5546 3289 5603 ;et
3315 5535 3360 5591 si
3387 5535 3558 5591 Deum

1993 5627 2238 5684 omnium
2297 5640 2417 5697 quae
2472 5624 2611 5681 facis
2658 5625 3023 5696 inspectorem
3078 5628 3559 5700 cognitoremquc,

1994 5722 2138 5777 sicut
2176 5731 2278 5785 est,
2307 5738 2432 5778 esse
2493 5722 2589 5777 tibi
2644 5721 3009 5793 persuaseris,
3059 5736 3339 5793 nunquam
3383 5736 3563 5793 neque

1995 5816 2174 5889 palam
2203 5831 2377 5887 neque
2407 5815 2842 5888 clampcccabis.
2878 5814 3012 5873 Nam
3055 5816 3163 5874 etsi
3206 5816 3342 5876 alios
3391 5817 3561 5875 latere
