4098 6292
594 373 721 414 XLIII

1903 354 2481 415 PROLEGOMENA.

3694 362 3817 401 ων

593 471 866 528 videberis
922 485 1043 544 quas
1104 476 1323 525 secreto
1387 466 1596 532 facies;
1648 476 1703 520 at
1746 468 2142 522 conscientiam

2251 489 2360 524 vsw
2406 470 2581 541 δόξῃς,
2615 470 2757 541 άπερ
2783 470 2841 521 ἐν
2872 469 3053 538 apo-pf;
3087 466 3332 538 πράξεις,
3366 466 3480 521 ἀλλ’
3509 464 3604 521 οὖν
3630 483 3695 535 γε
3720 466 3820 535 τὴν

587 572 737 624 certe
774 573 943 629 tuam,
978 573 1033 619 et
1068 563 1233 620 Deum
1270 566 1446 632 ipsum
1476 562 1569 633 qui
1625 576 1798 631 usque
1833 562 1887 614 in
1931 559 2148 613 abditos

584 656 752 712 animi
811 670 1064 711 recessus
1129 654 1402 716 intuctur,
1459 651 1816 707 revereberis.
1892 651 2149 706 lloniines

583 747 867 818 enitnquae
896 746 1142 817 corporis
1171 742 1302 801 sunt
1322 746 1539 812 vident;
1574 752 1629 798 at
1659 760 1777 814 qua:
1812 744 1873 799 in
1894 752 2149 812 penetra-

585 840 725 895 libus
759 840 924 894 anitui
965 841 1156 904 latent,
1177 838 1327 894 solus
1361 837 1453 893 Dei
1505 838 1717 897 oculus.
1779 853 1941 907 quem
2013 834 2149 891 nihil

582 933 734 998 latet,
766 932 1135 999 conspicatur.
1169 929 1325 987 Sicut
1360 931 1504 985 enim
1547 945 1670 983 cum
1730 930 1813 984 sol
1859 929 2003 983 lucet
2048 927 2150 981 sub

581 1025 673 1081 dio
701 1023 836 1079 nihil
863 1026 1139 1079 occultum
1170 1038 1294 1079 esse
1330 1030 1526 1092 potest,
1558 1023 1631 1075 ita
1665 1019 1773 1077 Deo
1825 1020 2150 1092 inspiciente

581 1118 766 1173 omnia
798 1116 932 1172 nihil
955 1118 1106 1171 illum
1141 1116 1310 1170 latere
1345 1123 1547 1185 potest.

969 1206 1043 1260 De
1073 1207 1409 1275 corruptione
1459 1219 1761 1258 munerum.

581 1344 584 1347 λ
652 1298 885 1355 Venales
913 1299 1235 1353 muneribus
1253 1297 1549 1375 dignitates
1582 1311 1711 1351 care
1730 1310 1797 1349 ne
1811 1291 2150 1358 babeas,sed

584 1394 765 1467 potius
803 1390 974 1463 gratis
1021 1405 1114 1446 eas
1140 1390 1360 1459 largire.
1420 1389 1519 1456 Qui
1568 1389 1711 1444 enim
1770 1385 2150 1457 magistratum

583 1486 759 1556 pretio
810 1485 960 1549 emit,
1022 1484 1191 1537 multo
1242 1483 1414 1551 magis
1451 1482 1627 1537 eidem
1683 1479 1961 1550 subjectos
1994 1479 2148 1542 emit,

584 1586 644 1632 ut
673 1576 991 1630 muneribus
1048 1588 1169 1644 quae
1202 1574 1349 1626 dedit
1385 1573 1557 1626 fretus
1591 1572 1707 1641 ipse
1726 1568 1997 1624 audacius
2032 1582 2146 1621 mu-

584 1685 710 1725 nera
729 1667 928 1735 capiat.
972 1665 1149 1720 Proba
1190 1666 1355 1736 igitur
1386 1675 1551 1734 atque
1586 1664 1809 1734 explora
1839 1661 2149 1731 diligenter,

582 1772 744 1832 atque
774 1762 846 1813 ita
879 1760 1094 1813 demum
1134 1757 1200 1811 ad
1235 1760 1468 1813 honores
1494 1759 1727 1825 prorehe
1771 1772 1891 1820 eos,
1930 1754 2022 1826 qui
2048 1754 2149 1809 do-

2253 561 2475 615 σεαυτοῦ
2505 560 2807 631 συνείδησιν
2836 559 2931 614 καὶ
2958 560 3111 621 Θεὸν,
3137 559 3228 614 τον
3256 561 3352 611 καὶ
3376 557 3558 613 αὐτῶν
3586 559 3694 611 τῶν
3721 559 3819 628 τῆς

2249 655 2425 726 ψυχῆς
2455 654 2693 726 ταμείων
2736 652 3413 727 ἐφορον,.ἐπαισχυνθήσῃ.
3444 654 3524 708 Τά
3575 654 3674 724 μὲν
3712 655 3821 722 γάρ

2248 748 2342 801 τοῦ
2374 750 2623 818 σώματος
2663 747 2929 818 ἐφορῶσιν
2954 746 3261 819 ἄνθρωποι.
3292 745 3362 800 τὰ
3384 745 3441 801 δέ
3470 748 3529 800 ἐν
3556 747 3633 816 τῷ
3665 746 3820 817 βάθει

2252 839 2347 909 τῆς
2376 838 2552 910 ψυχῆς
2582 842 2613 893 ό
2643 839 2804 909 μόνος
2826 838 3093 908 ἀλάθητος
3122 838 3399 909 ὀφθαλμὸς
3424 838 3519 893 τοῦ
3539 838 3676 893 Θεοῦ
3697 840 3817 911 ὁρᾷ.

2251 932 2461 1003 ’Ὥσπερ
2492 932 2638 1004 ἡλίου
2674 930 2981 1002 λάμποντος
3013 933 3072 985 ἐν
3097 932 3287 1004 αίθρίᾳ.
3315 931 3701 1005 κεκρυμμένον
3732 932 3823 985 οὐ·

2249 1022 2356 1086 δὲν,
2388 1022 2530 1075 οὕτω
2556 1022 2650 1076 τοῦ
2677 1023 2811 1077 Θεοῦ
2837 1022 3231 1089 ἐποπτεύοντος
3250 1026 3349 1089 τάς
3371 1025 3619 1098 πράξεις,
3638 1024 3822 1078 λαθεῖν

2251 1113 2472 1168 δυνατὸν
2494 1114 2668 1171 οῧδέν.

2755 1210 2894 1280 Περὶ
2932 1211 3333 1281 δωροληψίας.

2323 1305 2527 1376 Προῖκα
2568 1306 2792 1377 χαρίζου
2820 1306 2889 1360 τὰ
2921 1306 3205 1379 ἀξιώματα
3226 1350 3242 1375 ,
3268 1310 3363 1362 καὶ
3391 1309 3465 1379 μὴ
3493 1309 3687 1380 δώροις
3718 1310 3823 1363 ἀπ-

2251 1398 2483 1467 εμπόλει
2524 1398 2621 1460 τὰς
2652 1398 2824 1463 ἀξίας.
2843 1399 2902 1454 Ὃ
2931 1401 3040 1471 γὰρ
3070 1402 3233 1471 τιμῆς
3263 1399 3361 1471 τὴν
3384 1401 3556 1471 ἀρχὴν
3578 1401 3825 1472 ὠνούμε-

2251 1507 2363 1553 νος,
2394 1490 2570 1561 πολλῷ
2616 1491 2780 1545 πλέον
2808 1494 2936 1554 τοὺς
2967 1492 3303 1564 ἀρχομένους
3344 1493 3613 1565 ὠνήσατο,
3642 1495 3731 1549 ἴνα
3758 1497 3825 1567 τῇ

2250 1582 2547 1655 δωροδοκίᾳ
2598 1583 2840 1657 θαρρῶν,
2892 1584 3029 1656 πρὸς
3077 1586 3419 1657 δωροκοπίαν
3466 1586 3639 1652 ἀδεῶς
3698 1588 3825 1659 ὁρᾷ.

2264 1677 2548 1748 Ἀναζήτει
2574 1674 2666 1732 οὖν
2695 1677 2993 1749 ἐπιμελῶς,
3030 1679 3124 1733 καὶ
3173 1678 3371 1752 ἐρώτα,
3408 1680 3692 1745 κάκείνους
3731 1681 3827 1733 ἐπὶ

2251 1768 2349 1832 τὰς
2393 1769 2568 1842 ἀρχὰς
2616 1768 2932 1836 ἀναϐίδαζε,
2965 1768 3020 1823 εί
3055 1786 3120 1839 γε
3156 1768 3332 1840 βούλει
3357 1769 3458 1841 τὴν
3483 1769 3828 1842 δωροληψίαν

582 1870 711 1909 num
748 1853 851 1905 hoc
892 1851 1010 1905 sine
1051 1850 1380 1904 muneribus
1406 1850 1715 1910 ambihunt,
1738 1848 1783 1901 si
1816 1848 1898 1902 vis
1930 1861 2145 1900 omnem

2251 1862 2489 1932 ἐξορίσαι
2531 1862 2631 1933 τῆς
2664 1862 2962 1926 πολιτείας,
2991 1862 3104 1916 ὅσοι
3136 1862 3345 1931 δωρεὰν
3382 1862 3501 1917 ἀλλ’
3525 1863 3588 1916 οὐ
3632 1862 3827 1933 δώροις

582 1964 610 2001 a
650 1946 925 2017 republica
952 1942 1337 1999 concussionis
1370 1940 1545 1997 labem
1573 1941 1846 1996 exsulare.
1876 1938 2011 1994 Nam
2052 1937 2148 2008 qui

580 2040 675 2094 dat
699 2047 757 2091 ut
788 2035 1165 2106 magistratum
1230 2032 1434 2102 capiat,
1465 2040 1735 2100 quaestum
1764 2030 1867 2085 sibi
1915 2046 1946 2083 a
1976 2029 2150 2101 magi-

585 2138 764 2188 stratu
788 2136 1010 2198 captat;
1047 2128 1138 2179 dat
1163 2126 1306 2181 enim
1341 2135 1397 2179 ut
1424 2126 1514 2194 jus
1539 2125 1788 2195 capiendi
1849 2124 2066 2183 habeat.
2098 2133 2153 2178 et

584 2224 881 2279 violatione
931 2220 1137 2291 jurium
1180 2219 1385 2287 jurium
1419 2217 1765 2271 violationem
1820 2216 2151 2287 negotietur.

581 2315 685 2383 Qui
725 2315 870 2369 enim
932 2314 1050 2367 sine
1101 2311 1276 2382 pretio
1312 2310 1687 2381 magistratum
1743 2309 2064 2375 obtinuerit,
2106 2308 2154 2363 is

588 2421 868 2481 nunquam
893 2403 1279 2459 concussionis
1310 2402 1442 2457 vitio
1489 2402 1791 2457 laborabit:
1826 2411 1882 2457 at
1915 2400 2010 2471 qui
2030 2415 2157 2471 pre-

591 2500 667 2555 tio
698 2497 1072 2569 magistratum
1106 2501 1377 2549 mrrcatns
1404 2491 1587 2558 fuerit,
1618 2492 1665 2548 is
1691 2506 1963 2561 nunquam
1987 2490 2053 2544 ad
2075 2486 2155 2542 fa-

581 2590 836 2646 ciendum
887 2585 1092 2658 aliquid
1120 2587 1240 2640 sine
1270 2586 1517 2641 mercede
1556 2572 1874 2640 assuescere
1930 2582 2152 2653 poterit:

582 2695 639 2738 te
680 2693 860 2737 autem
888 2680 1273 2739 concussionis
1304 2686 1358 2734 et
1405 2677 1651 2733 sordium
1688 2678 1909 2733 habebit
1955 2674 2155 2744 magis-

583 2787 754 2842 trum,
815 2790 977 2848 quem
1039 2774 1314 2836 vindicem
1360 2772 1561 2827 habere
1605 2770 1908 2825 debuerat:
1978 2781 2159 2836 neque

584 2871 703 2940 ipse
736 2869 913 2923 solum
953 2865 1196 2937 captabit
1257 2879 1505 2929 munera,
1537 2863 1633 2918 sed
1688 2862 1851 2917 etiam
1884 2860 2021 2916 alios
2053 2858 2155 2916 sibi

583 2961 868 3031 subjectos
896 2959 962 3013 ad
989 2957 1132 3012 idem
1169 2956 1479 3010 faciendum
1530 2955 1843 3024 compellet.

1180 3048 1259 3103 De
1302 3048 1594 3119 injustitia.

2249 1956 2420 2007 ταῦτα
2448 1952 2818 2023 ἐπιζητοῦσιν.
2838 1953 2896 2007 '0
2919 1954 3031 2024 γάρ
3071 1952 3248 2016 διδούς
3290 1970 3344 2007 τι
3385 1952 3474 2007 διὰ
3503 1953 3602 2024 τὴν
3628 1953 3827 2025 ἀρχήν,

2251 2048 2443 2118 κέρδος
2490 2064 2545 2101 τι
2592 2048 2748 2118 ζητεῖ
2791 2046 2977 2101 λαϐεῖν
3007 2047 3161 2120 παρὰ
3185 2047 3285 2118 τῆς
3325 2047 3519 2118 ἀρχῆς,
3548 2047 3695 2101 δόσει
3728 2047 3830 2119 τὴν

2226 2140 2414 2211 -λῆψιν
2454 2140 2784 2209 ὠνούμενος,
2820 2141 2916 2194 καὶ
2957 2139 3275 2213 παρανομίᾳ.
3330 2140 3430 2212 τὴν
3480 2140 3828 2210 παρανομίαν

2254 2232 2905 2303 πραγματευόμενος.⁸“ος
2932 2230 3041 2303 γὰρ
3064 2229 3131 2285 ἂν
3155 2230 3383 2303 ἄμισθον
3410 2230 3510 2302 τὴν
3534 2232 3707 2303 ἀρχὴν
3734 2231 3828 2287 λά-

2254 2323 2359 2390 ϐοι,
2387 2324 2725 2395 δωροληψίας
2774 2324 2835 2377 οὐ
2883 2325 3263 2394 περιπεσεῖται
3310 2324 3633 2397 ἐγκλήματι.
3669 2323 3729 2379 Ὀ
3772 2324 3830 2380 δὲ

2259 2416 2398 2487 μετὰ
2432 2415 2625 2487 μισθοῦ
2673 2415 2854 2470 λαόὼν
2902 2416 3001 2487 τὴν
3049 2417 3243 2488 ἀρχὴν,
3266 2409 3419 2481 οὗτος
3461 2417 3612 2472 οὐδὲν
3659 2420 3831 2490 χωρὶς

2255 2508 2443 2580 δώρων
2476 2508 2681 2578 πρᾶξαί
2709 2526 2838 2563 ποτε
2872 2509 3174 2580 μεταμάθοι
3193 2524 3208 2538 ⁸
3243 2510 3337 2563 καὶ
3363 2508 3422 2563 σὲ
3447 2509 3547 2581 τῆς
3585 2508 3828 2581 δωρολη-

2254 2597 2382 2669 ψίας
2410 2598 2727 2662 διδάσκαλον
2754 2597 2914 2668 ἔχων,
2939 2597 3034 2651 τὸν
3052 2596 3259 2668 ταύτην
3285 2597 3494 2668 κρίνειν
3516 2598 3828 2671 ὀφείλοντα,

2256 2692 2318 2744 οὐ
2353 2691 2513 2761 μόνον
2539 2682 2702 2755 αὐτὸς
2725 2690 3156 2761 δωροληπτήσει,
3187 2689 3322 2743 ἀλλά
3347 2690 3439 2744 καί⁵
3461 2690 3682 2761 ἐτέρους
3700 2692 3829 2755 τοὺς

2257 2782 2351 2841 ὑπ’
2382 2784 2544 2839 αὐτὸν
2572 2783 2642 2839 τὰ
2675 2783 2815 2837 αὐτὰ
2847 2783 3109 2855 πράττειν
3139 2784 3558 2853 συναναγκάσει.

2835 3044 2974 3116 Περὶ
3012 3045 3265 3111 ἀδικίας.

657 3141 1088 3212 Haudquaquam
1123 3151 1234 3195 tam
1271 3139 1507 3211 graviter
1558 3146 1754 3210 peccat
1780 3137 1871 3207 qui
1910 3137 2040 3192 facit
2067 3138 2148 3193 iu-

2328 3143 2438 3213 Οὐχ
2460 3142 2630 3206 οὕτως
2664 3141 2971 3212 ἁμαρτάνει
3008 3142 3036 3193 δ
3065 3139 3298 3201 ἀδικῶν,
3325 3137 3400 3201 ὡς
3428 3137 3456 3190 ό
3485 3136 3584 3209 τὴν
3610 3135 3831 3195 ἀδικίαν

577 3234 805 3305 juriam,
829 3248 992 3305 quam
1029 3232 1123 3302 qui
1155 3230 1340 3286 sciens
1369 3229 1484 3284 lieri
1515 3228 1674 3284 sinit.
1730 3227 1867 3282 Cum
1896 3242 2027 3297 ergo
2056 3228 2153 3283 ali-

580 3330 707 3401 quis
737 3340 934 3397 passus
970 3323 1230 3394 injuriam
1293 3324 1359 3376 ad
1408 3332 1461 3377 te
1492 3320 1809 3385 accesserit,
1841 3336 1911 3375 ne
1965 3320 2171 3391 querim

582 3419 820 3478 maniam
845 3426 902 3473 et
957 3416 1303 3471 alllictioncm
1333 3415 1480 3469 illitis
1506 3423 1851 3480 contemnas,
1891 3429 1961 3468 ne
1990 3428 2152 3467 occa-

581 3513 791 3568 sionem
846 3510 1088 3580 praebeas
1146 3508 1214 3563 iis
1268 3508 1381 3591 qui
1424 3507 1606 3563 facere
1654 3508 1913 3576 iujuriam
1968 3508 2149 3579 parati

486 3642 491 3647 .
579 3609 762 3658 erunt.
797 3600 902 3669 Qui
935 3600 1080 3654 enim
1108 3600 1271 3654 la‘sus
1296 3598 1495 3665 injuria
1531 3606 1637 3662 est,
1679 3598 1730 3650 iu
1770 3607 1820 3651 te
1861 3612 1970 3652 uno
1998 3612 2150 3669 spem

582 3707 735 3756 suam
772 3693 944 3762 ponit,
977 3699 1139 3758 teque
1178 3690 1357 3759 ipsum
1388 3688 1600 3759 injuriae
1624 3705 1737 3744 sua:
1768 3689 2037 3745 vindicem
2068 3689 2153 3744 [ιι-

582 3794 771 3840 turum
798 3799 1103 3855 apponens,
1131 3784 1477 3852 persequitur
1506 3797 1637 3835 eum
1662 3798 1691 3836 a
1716 3797 1827 3851 quo
1844 3792 1928 3838 est
1952 3783 2149 3850 injuria

578 3872 1085 3933 violatus.0muiuo
1120 3889 1251 3944 ergo
1278 3878 1495 3947 oportet
1528 3872 1860 3942 supplicem,
1882 3872 1974 3942 qui
2004 3873 2147 3942 apud

581 3968 1037 4038 teconqueritur;
1092 3967 1184 4035 jus
1246 3980 1406 4020 suum
1462 3966 1734 4030 obtinere,
1773 3982 1897 4020 cum
1926 3982 2147 4033 azquum

578 4055 650 4119 sit
682 4062 940 4132 injuriam
996 4060 1330 4132 propulsari.
1392 4057 1448 4112 Si
1499 4074 1627 4113 vero
1696 4057 1895 4129 ipsein
1945 4058 2149 4129 injuria

577 4156 919 4219 connivcbis,
946 4162 1111 4223 atque
1146 4168 1271 4207 eum
1315 4151 1407 4222 qui
1452 4150 1616 4209 laesus
1666 4151 1794 4216 erit,
1846 4152 2145 4223 despicies,

576 4265 699 4306 eum
732 4255 910 4313 autem
944 4247 1036 4318 qui
1086 4245 1307 4310 lasserit,
1339 4260 1463 4300 eum
1520 4245 1675 4301 solus
1706 4246 1894 4300 ulcisci
1936 4248 2146 4312 valeas,

578 4336 783 4399 nullam
832 4342 1061 4412 justitize
1102 4340 1372 4394 rationem
1427 4338 1649 4400 habeas,
1695 4338 1825 4405 quid
1873 4340 2142 4410 reliquum

576 4436 693 4505 spei
721 4435 827 4489 erit
861 4433 1062 4488 misero
1084 4432 1160 4483 illi
1196 4445 1305 4499 quo
1332 4428 1537 4500 fugiat?
1571 4446 1598 4481 a
1626 4446 1735 4500 quo
1764 4432 2001 4501 amplius
2026 4430 2147 4489 vinv

2261 3236 2804 3309 παραχωρῶν.”οταν
2856 3234 2948 3288 οὖν
3000 3251 3082 3286 σοι
3111 3231 3386 3303 προσέλθῃ
3419 3230 3718 3301 ἀδικηθεὶς,
3750 3230 3828 3302 μὴ

2261 3329 2518 3400 ὑπερίδῃς
2561 3327 2727 3382 αὑτοῦ
2756 3326 2853 3398 τὴν
2882 3323 3193 3396 συντριϐῆν,
3236 3317 3323 3377 ἵνα
3371 3322 3448 3394 μὴ
3493 3321 3677 3394 χώραν
3721 3320 3835 3393 δῷς

2257 3423 2369 3484 τοῖς
2421 3418 2766 3492 βουλομένοις
2794 3417 3018 3472 ἀδικεῖν.
3039 3416 3097 3469 '0
3132 3416 3240 3485 γὰρ
3268 3414 3592 3485 ἠδικημένος
3619 3414 3714 3468 ἐπὶ
3744 3413 3830 3468 σοὶ

2261 3513 2406 3584 μόνῳ
2433 3509 2534 3574 τὰς
2566 3508 2789 3572 ἐλπίδας
2818 3507 3054 3573 σαλεύει,
3093 3508 3187 3562 καὶ
3216 3506 3276 3559 σὲ
3305 3506 3404 3577 τῆς
3430 3506 3641 3570 ἀδικίας
3683 3506 3830 3560 ἐκδι-

2257 3602 2428 3674 κητὴν
2481 3600 2921 3672 προϐαλλόμενος
2954 3640 2970 3665 ,
3024 3600 3115 3653 τὸν
3182 3599 3481 3671 ἠδικηκότα
3534 3598 3822 3669 ἀμύνεται,

2258 3700 2480 3759 Πάντως
2507 3696 2562 3749 δὲ
2592 3694 2769 3766 χρεὼν
2793 3693 2942 3766 παρά
2971 3692 3066 3747 σοῦ
3088 3693 3177 3747 τὸν
3208 3691 3574 3763 προσελθόντα
3602 3692 3823 3746 δικαιωο

2256 3792 2435 3863 θῆναι,
2463 3790 2587 3843 ἐπεὶ
2617 3789 2826 3843 δίκαιον
2870 3787 2969 3857 τὴν
2999 3784 3214 3842 ἀδικίαν
3243 3785 3632 3855 ἀνασταλῆναι.
3666 3787 3727 3840 Εἰ
3769 3784 3828 3840 δέ

2256 3883 2417 3946 αὐτὸς
2446 3884 2546 3953 τὴν
2575 3881 2791 3935 ἀδικίαν
2822 3880 3230 3951 παραχωρήσας
3272 3878 3351 3951 τῷ
3395 3878 3688 3944 ἀδικοῦντι,
3735 3879 3829 3932 τὸν

2255 3976 2583 4048 ἠδικημένον
2612 3975 2893 4048 ὑπερίδῃς,
2922 3974 3016 4026 xui.
3059 3972 3354 4043 δυνάμενος
3404 3973 3563 4041 μόνος
3589 3973 3678 4025 τὸν
3714 3972 3831 4042 ηδι-

2256 4070 2460 4140 κηκότα
2486 4067 2809 4139 ἀμύνεσθαι,
2836 4068 2935 4137 τῆς
2963 4065 3117 4136 δίκης
3151 4064 3355 4135 μηδένα
3388 4063 3620 4135 ποιήσῃς
3643 4064 3827 4133 λόγον.

2254 4162 2357 4217 ποῦ
2386 4164 2415 4215 ὁ
2440 4162 2668 4223 δείλαιος
2696 4160 2902 4222 ἐκεῖνος
2932 4156 3011 4210 ἔτι
3040 4157 3372 4227 καταφυγεῖν
3400 4152 3643 4223 ἐλπίσεις
3670 4156 3825 4225 παρά

2252 4256 2396 4317 τίνος
2427 4251 2762 4322 ἀπολήψεται
2784 4248 2881 4321 τὴν
2907 4248 3203 4320 ἐκδίκησιν,
3233 4249 3282 4301 εί
3311 4246 3385 4319 μὴ
3420 4246 3568 4318 παρά
3590 4247 3748 4313 Θεοῦ,
3766 4248 3827 4311 ὃς

2253 4348 2347 4402 καὶ
2375 4348 2434 4399 σὲ
2460 4346 2558 4416 τῆς
2576 4342 2831 4414 ἀμελείας
2856 4341 3145 4418 ἀπαιτήσει
3178 4342 3275 4404 τὰς
3306 4339 3495 4406 δίκαςς
3526 4338 3830 4394 Δικαίωσον

2251 4441 2346 4494 οὖν
2377 4440 2468 4493 τὸν
2495 4437 2841 4509 ἠδικημένον,
2871 4435 2965 4489 καὶ
3000 4433 3206 4505 ἀμύνου
3252 4433 3342 4487 τὸν
3389 4433 3707 4503 ἠδικηκότα,
3738 4431 3828 4485 ἵνα

574 4527 780 4584 dictam
813 4522 1175 4594 exspectabit,
1207 4521 1311 4575 nisi
1353 4536 1383 4575 a
1436 4520 1566 4584 Deo.
1604 4522 1697 4592 qui
1731 4538 1757 4581 a
1793 4531 1844 4579 te
1877 4525 2142 4580 rationem

2253 4534 2328 4604 μὴ
2358 4533 2425 4586 δι’
2452 4524 2528 4585 ὧν
2571 4530 2837 4602 παρορᾷς,
2870 4526 3030 4602 δόξῃς
3077 4528 3169 4579 καὶ
3215 4526 3379 4587 αὐτὸς
3412 4527 3526 4589 τοῖς
3578 4524 3826 4580 ἀδικοῦσι

575 4618 791 4688 injuriae
814 4618 1072 4687 neglectae
1132 4614 1418 4683 reposcet?
1471 4610 1568 4667 Jus
1613 4614 1780 4684 igitur
1822 4616 2032 4671 reddito
2065 4620 2138 4686 ei,

573 4712 666 4787 qui
711 4711 964 4781 injuriaut
988 4724 1184 4781 passus
1213 4719 1316 4779 est,
1344 4714 1505 4776 atque
1538 4707 1684 4761 illius
1709 4718 1992 4764 auctorem
2019 4711 2141 4766 vin-

2250 4626 2575 4693 συναδικεῖν,
2633 4624 2727 4677 καὶ
2776 4621 3072 4691 ἀλλοτρίων
3124 4620 3540 4693 ἁμαρτημάτων
3598 4621 3826 4675 σεαυτὸν

2248 4717 2548 4772 ὑπεύθυνον
2578 4713 2959 4784 καταστήσεις.

573 4809 781 4871 dicato,
814 4822 883 4862 ne
921 4805 1267 4862 conltivenlia
1324 4813 1413 4862 tua
1444 4802 1683 4857 videaris
1715 4818 1839 4862 cum
1906 4804 2247 4877 facientibus
2323 4810 2583 4884 injuriam
2630 4807 2974 4879 conspirare,
3047 4813 3210 4877 atque
3257 4804 3420 4860 alieni
3491 4806 3719 4862 sceleris
3771 4812 3827 4861 to

572 4903 752 4973 ipsum
783 4914 934 4955 reum
961 4913 1142 4968 agere.

858 4987 931 5043 De
962 4987 1288 5043 mortalitate
1356 4998 1405 5041 et
1434 4987 1858 5045 immortalitate.

642 5082 888 5140 Mortalis
931 5080 1152 5161 quidem
1206 5096 1268 5136 es
1329 5096 1584 5152 corpore,
1625 5081 1809 5136 anima
1860 5097 1993 5139 vero
2038 5084 2140 5139 im—

570 5177 849 5232 mortalis:
878 5173 933 5228 iu
964 5174 1030 5227 iis
1058 5188 1190 5243 ergo
1218 5188 1339 5242 qua:
1375 5176 1562 5229 carnis
1587 5186 1714 5230 sunt
1748 5175 1969 5245 propria
1996 5191 2141 5231 morc

573 5269 680 5328 tale
715 5266 898 5337 sapias
929 5282 943 5330 ;
978 5280 1100 5334 qua:
1153 5280 1283 5319 vero
1326 5265 1514 5332 animi,
1544 5266 1867 5321 immortale.
1917 5268 2137 5338 Ample-

569 5370 714 5432 ctere
755 5358 1018 5413 mundum
1050 5358 1213 5414 istum
1256 5359 1666 5428 corruptibilem
1700 5374 1928 5429 corpore
1987 5375 2137 5416 mor-

571 5452 705 5519 tali;
732 5449 917 5505 auimo
944 5466 1073 5505 vero
1114 5450 1510 5505 beatitudinem
1548 5459 1809 5507 aeternam
1842 5452 1999 5522 quasi
2033 5452 2137 5505 im-

567 5544 839 5605 mortalis.
888 5542 1002 5599 Etsi
1036 5545 1181 5597 euim
1215 5544 1268 5598 in
1328 5543 1485 5614 regni
1531 5542 1731 5601 solium
1779 5551 2004 5598 evectus
2056 5560 2137 5609 es,

568 5646 692 5707 post
717 5636 1056 5705 aliquantum
1086 5635 1345 5706 temporis
1373 5644 1552 5691 tamen
1587 5636 1653 5690 ab
1691 5651 1758 5690 eo
1789 5635 2093 5692 descendes
2122 5656 2133 5690 :

567 5731 690 5786 etsi
717 5738 889 5785 totum
927 5739 1195 5785 terrarum
1240 5730 1425 5787 orbem
1473 5729 1643 5785 armis
1695 5729 1955 5798 subigere
2004 5740 2135 5785 eon-

2507 4986 2649 5056 Περὶ
2687 4987 3047 5055 θνητότητος
3084 4984 3184 5039 καί
3218 4984 3573 5051 ἀθανασίας.

2317 5080 2522 5151 Θνητὺς
2548 5080 2814 5151 ὑπάρχεις
2845 5078 2922 5150 τῷ
2953 5079 3187 5149 σώματι,
3209 5079 3473 5143 ἀθάνατος
3501 5079 3557 5133 δὲ
3579 5082 3645 5150 τῇ
3676 5078 3822 5152 ψυχῇ

2246 5176 2519 5245 διαμένεις
2543 5189 2559 5201 ⁸
2592 5172 2778 5244 φρόνει
2824 5170 2919 5225 οὖν
2970 5171 3140 5243 θνητά
3174 5174 3239 5242 τῇ
3276 5174 3458 5243 σαρκὶ,
3490 5176 3557 5244 τῇ
3592 5173 3648 5226 δὲ
3674 5173 3820 5244 ψυχῇ

2247 5266 2509 5321 ἀθάνατα.
2541 5263 2807 5336 Περίσαλε
2834 5265 3035 5336 κόσμον
3058 5264 3134 5335 τῷ
3164 5265 3395 5335 σώματι,
3421 5266 3495 5329 ὡς
3525 5264 3718 5334 θνητὸν
3744 5265 3823 5337 τῷ

2244 5357 2453 5429 θνητῷ·
2484 5356 2780 5424 περιϐαλοῦ
2834 5359 2927 5412 καὶ
2968 5355 3124 5412 δλδον
3156 5357 3422 5412 ἀθάνατον
3446 5363 3513 5428 τῇ
3544 5359 3714 5432 ψυχῇ,
3744 5360 3822 5424 ὡς

2243 5451 2515 5520 ἀθανάτῳ.
2546 5452 2664 5505 Κᾶν
2684 5452 2791 5523 γὰρ
2811 5452 2905 5505 ἐπὶ
2934 5452 3120 5522 θρόνον
3151 5451 3394 5525 ὑψωοῇς,
3423 5452 3537 5506 ἀλλ’
3563 5452 3656 5508 οὖν
3679 5454 3824 5525 μετά

2244 5546 2434 5617 χρόνον
2474 5544 2791 5620 καταδήσῃο
2828 5548 2921 5601 καὶ
2947 5549 2996 5600 sl
3024 5547 3123 5616 τῆς
3156 5548 3260 5617 γῆς
3294 5548 3511 5617 ἁπάσης
3541 5567 3822 5622 κατακρα-

2243 5641 2407 5709 τῆσαι
2455 5640 2865 5713 φιλονεικήσῃς,
2898 5641 3011 5696 ἀλλ’
3039 5642 3101 5696 οὐ
3150 5642 3311 5697 πλέον
3351 5644 3662 5715 τριπήχεως
3713 5643 3819 5715 γῆς

2246 5733 2381 5802 μετά
2416 5730 2645 5785 θάνατον
2680 5733 3119 5805 κληρονομήσεις.
3139 5735 3429 5806 Ἐπιμελοῦ
3453 5731 3547 5789 οὖν
3566 5735 3665 5804 τῆς
3687 5734 3818 5807 θνη-

568 5823 833 5889 tendetis,
866 5831 991 5897 post
1021 5831 1247 5878 mortem
1280 5831 1459 5882 tamen
1508 5823 1641 5877 nihil
1690 5822 1927 5897 amplius
1956 5838 2120 5895 quam

2251 5827 2327 5901 τῆς
2359 5824 2636 5901 βασιλείας
2671 5827 2744 5894 ὡς
2776 5829 2967 5901 θνητός
2992 5846 3004 5858 °
3046 5829 3332 5901 περιποιοῦ
3356 5829 3412 5884 δὲ
3452 5829 3546 5885 καὶ
3577 5829 3692 5889 κτῶ
3719 5830 3821 5906 τὴν
