4098 6292
279 317 374 357 ην

1048 303 1326 362 BASISII
1359 301 1515 360 1MP.
1551 293 1995 358 ΡΑΒᾹΞΝΕΞΙΞ
2029 295 2128 354 AD
2149 294 2455 354 LEONEM
2477 295 2772 356 FILIUM.

3401 305 3534 346 ιυιι

279 421 541 477 ἀθάνατον
578 417 855 488 βασιλείαν
877 417 962 471 διὰ
990 417 1087 486 τῆς
1113 419 1220 470 τῶν
1249 413 1462 487 ἀρετῶν
1494 415 1759 482 κτήσεως,
1781 412 1855 472 ὼς

1979 423 2073 464 .res
2109 409 2258 463 humi
2310 408 2525 466 cubitos
2573 407 2890 478 occupabis.
2946 403 3184 462 l'roinde
3241 415 3531 462 terrenum

282 514 542 577 ἀθάνατος
565 529 578 543 ·
631 513 723 565 διὰ
749 512 907 565 τοῦτο
933 510 1042 581 γὰρ
1075 510 1172 578 τῆς
1203 507 1405 577 θνητῆς
1432 506 1670 577 ὴξιώθης
1709 503 1857 566 ἐξου-

284 605 424 668 σίας,
457 604 547 656 ἵνα
580 602 650 656 δι’
680 602 850 674 αὐτῆς
887 599 1207 674 ὲμπορεύσῃ
1252 599 1353 670 τὴν
1404 597 1671 652 ἀθάνατον
1703 595 1858 666 βασι-ι

283 696 450 751 λείαν.

829 975 969 1044 Περί
1007 975 1333 1047 ἀρχόντων.

356 1072 460 1124 Ἦν
492 1070 634 1142 ἔχεις
665 1069 891 1141 γνώμην
914 1069 1043 1141 περὶ
1070 1067 1320 1130 σεαυτοῦ,
1352 1067 1556 1137 ταύτην
1575 1067 1719 1136 ἔχειν
1744 1063 1865 1117 θέλε

286 1165 380 1218 καὶ
409 1165 545 1236 περὶ
569 1165 677 1218 τῶν
706 1164 811 1216 ὑπὸ
840 1163 921 1228 σὲ,
941 1162 1034 1216 καὶ
1055 1162 1185 1232 περὶ
1208 1160 1409 1223 παντὸς
1439 1157 1616 1225 ποιοῦ,
1647 1158 1864 1227 ἀγαπη-

283 1257 388 1321 τῶς
420 1258 624 1321 αὐτοὺς
654 1257 799 1329 ἔχειν
827 1257 955 1328 περὶ
1005 1254 1106 1325 τὴν
1156 1254 1254 1324 σὴν
1281 1251 1721 1325 ἀρχήν.⁹Εκεῖνοι
1755 1248 1865 1320 γὰρ

286 1346 518 1418 μάλιστα
543 1346 713 1418 ἡδέως
739 1343 1138 1417 βασιλεύουσιν,
1167 1343 1373 1405 ¹οῐιιςινες
1397 1340 1457 1395 τὸ
1483 1341 1724 1410 ὑπήκοον
1743 1337 1865 1409 ἀρι-

284 1457 383 1494 στα
413 1440 802 1512 θεραπεύουσι,
823 1439 916 1493 καὶ¹
942 1439 1068 1501 τοὺς
1103 1437 1201 1505 μὲν
1230 1436 1416 1502 ἀξίους
1437 1435 1704 1507 τιμῶντες
1730 1435 1866 1500 ἀγα-

283 1532 686 1603 θοποιήσουσιν,
717 1532 843 1594 τοὺς
879 1530 924 1583 δ’
956 1529 1208 1594 ἀναξίους
1232 1529 1332 1582 οὐκ
1374 1527 1712 1599 ἀδικήσουσι.
1744 1525 1866 1579 Μά-

283 1624 437 1678 λιστα
467 1625 515 1677 δ’
543 1625 610 1677 ἂν
636 1623 1037 1691 εὐδοκιμήσεις,
1069 1622 1118 1674 εἰ
1148 1621 1247 1692 τὴν
1277 1620 1492 1691 ἑκάστῳ
1522 1617 1705 1689 χώραν
1728 1618 1865 1671 ἀπο-

281 1716 458 1788 δώσῃς
479 1735 496 1751 ο
525 1718 622 1772 καὶ
657 1720 769 1779 τοῖς
799 1717 899 1788 μὲν
932 1716 1102 1783 ἀξίοις
1137 1716 1323 1786 ἄρχειν
1353 1713 1449 1776 τὰς
1492 1711 1665 1784 ἀρχὰς
1695 1727 1864 1763 κατα-

1962 502 2066 556 hoc
2105 516 2331 572 regnum
2368 509 2430 556 ut
2463 500 2732 566 mortalis,
2769 499 3126 567 administra;
3177 499 3388 555 enitere
3437 509 3522 555 ta-

1961 607 2085 648 men
2116 599 2179 646 ut
2199 591 2504 647 immortale
2527 606 2757 660 regnum
2786 605 2883 662 per
2897 590 3152 646 virtutem
3177 588 3533 661 adipiscaris,

1963 699 2025 738 ac
2052 695 2259 747 teneas,
2307 682 2462 753 quasi
2502 682 2859 748 immortalis;
2891 691 3182 753 propterea
3224 683 3372 738 enim
3417 691 3529 736 ter-

1962 791 2094 830 rena
2113 775 2352 845 potentia
2383 775 2620 829 donatus
2649 788 2733 840 es,
2767 781 2826 828 ut
2848 787 2945 843 per
2974 787 3092 827 eam
3139 772 3418 828 etelestem
3452 778 3535 825 at-

1964 884 2070 941 que
2092 877 2351 923 aeternam
2376 867 2805 922 dominationem
2834 866 3117 936 acquiras.

2472 963 2548 1018 De
2580 963 3004 1032 magistratibus.

2035 1055 2144 1111 Fac
2173 1055 2416 1111 eamdem
2444 1055 2647 1111 habeas
2681 1056 2748 1110 de
2782 1054 3053 1124 subjectis
3101 1053 3234 1116 tuis,
3267 1067 3433 1125 quam
3465 1052 3534 1108 de

1964 1157 2020 1203 te
2046 1152 2166 1219 ipso
2224 1149 2389 1203 habes
2440 1147 2789 1213 sententiam,
2850 1154 2906 1202 et
2957 1146 3026 1201 da
3078 1159 3302 1216 operam
3355 1142 3539 1214 quoad

1965 1241 2084 1309 ejus
2125 1239 2240 1293 ﬁeri
2269 1233 2484 1309 poterit,
2513 1246 2574 1292 ut
2601 1245 2749 1293 tuam
2771 1237 2846 1292 illi
2874 1240 3057 1293 ament
3080 1233 3530 1290 dominationem.

1967 1330 2047 1384 llli
2078 1330 2222 1384 enim
2240 1331 2338 1384 soli
2360 1329 2605 1398 jucunde
2629 1337 2880 1398 regnant,
2913 1326 3006 1397 qui
3061 1323 3341 1394 subjectos
3391 1336 3526 1379 suos

1967 1422 2388 1493 diligentissime
2445 1428 2662 1485 curant,
2718 1420 2793 1474 ita
2825 1428 2884 1474 ut
2911 1433 3006 1474 eos
3045 1418 3138 1490 qui
3190 1415 3336 1485 digni
3383 1422 3537 1477 sunt,

1971 1517 2266 1570 honoribus
2295 1526 2348 1570 et
2400 1514 2682 1569 beneﬁciis
2743 1511 3044 1574 cumulent,
3093 1506 3352 1578 indignos
3406 1521 3539 1562 vero

1969 1608 2191 1662 minime
2215 1606 2434 1662 laedant.
2466 1605 2542 1660 Ita
2573 1613 2757 1660 autem
2783 1600 3130 1674 potissimum
3159 1598 3298 1654 bene
3327 1595 3541 1656 audies.

1969 1701 2016 1758 si
2051 1716 2210 1757 suum
2242 1701 2442 1769 cuique
2469 1699 2652 1754 locum
2674 1705 2728 1754 et
2754 1695 2984 1768 gradum
3011 1691 3354 1757 servaveris;
3388 1697 3442 1744 et
3476 1688 3545 1743 iis

283 1771 528 1880 etijgetc,
557 1811 670 1873 τοῖς
688 1771 1274 1880 δὲ’ἀρχομένοιςγπάλῖν
1317 1771 1444 1875 μήθ;
1482 1771 1724 1875 ὐθρὶίζειν
1741 1802 1866 1862 τοὺς

1979 1793 2190 1865 quidem
2217 1793 2306 1861 qui
2333 1792 2546 1847 caeteris
2581 1803 2816 1860 praeesse
2845 1786 2995 1858 digni
3027 1794 3208 1851 erunt,
3236 1780 3540 1854 praefectu-

281 1902 573 1974 ἄρχοντας,
606 1900 734 1971 μήθ’
766 1899 1086 1972 ὑϐρίζεσθαι
1138 1897 1597 1969 παρασκευάσεις,
1627 1893 1867 1947 Γίνωσκε

281 1991 370 2049 οῦν
402 1993 805 2065 ἀναμανθάνων
827 1993 1078 2058 ἕκαστον,
1108 1993 1202 2044 καὶ
1221 1991 1364 2044 οὕτω
1394 1990 1778 2059 προσηκόντως
1800 1987 1868 2040 τά

283 2105 337 2141 τε
367 2105 435 2141 πε
446 2088 504 2160 pl.
531 2086 644 2140 τῶν
673 2086 1080 2158 ἀρχόντων,’καὶ
1104 2084 1212 2138 τῶν
1237 2083 1575 2153 ἀρχομένων,
1607 2096 1868 2151 πραγμα-

284 2180 461 2246 τεύου,
499 2180 590 2234 ἴνα
620 2179 695 2253 μὴ
724 2179 965 2251 ἄρχωσιν
999 2177 1187 2249 ἔλαφοι
1212 2177 1465 2238 λεόντων,
1491 2172 1626 2227 ἀλλὰ
1652 2172 1868 2234 λέοντες

284 2275 518 2330 ἐλάφων.

1970 1903 2060 1942 ras
2078 1885 2421 1941 commiseris
2463 1900 2479 1937 :
2519 1898 2615 1939 eos
2654 1889 2836 1936 autem
2868 1879 2959 1949 qui
2989 1892 3181 1949 parere
3213 1875 3438 1935 debent,
3467 1872 3542 1926 ita

1969 1976 2384 2048 temperaveris,
2413 1984 2472 2028 ut
2501 1989 2679 2044 neque
2709 1971 2998 2043 praafectos
3053 1982 3187 2022 suos
3246 1964 3544 2026 offendere,

1971 2085 2150 2142 neque
2174 2069 2278 2139 ipsi
2313 2067 2556 2123 vicissim
2587 2065 2754 2121 abiis
2778 2063 2968 2118 violari
2995 2059 3231 2132 possint.
3264 2056 3340 2112 Da
3377 2055 3546 2127 igitur

1969 2177 2215 2233 operam,
2249 2169 2308 2214 ut
2338 2172 2785 2230 unumquemque
2846 2155 3186 2225 exploratum
3232 2161 3285 2206 et
3317 2163 3545 2219 perspe-

1973 2266 2121 2312 ctum
2147 2257 2371 2323 habeas,
2422 2264 2584 2328 atque
2615 2254 2690 2309 ita
2719 2260 2779 2306 ut
2802 2267 2899 2322 par
2926 2258 3030 2315 est,
3067 2249 3135 2305 de
3170 2248 3238 2303 iis
3286 2245 3381 2319 qni
3411 2259 3549 2317 pra:-

282 2343 423 2433 esse,
445 2375 507 2423 et
543 2369 634 2440 qui
666 2367 887 2424 obedire
940 2366 1217 2423 debebunt
1280 2364 1558 2435 sapienter
1619 2368 1853 2423 statuas,
1913 2373 1979 2410 ne
2040 2357 2182 2412 cervi
2241 2356 2511 2425 imperent
2575 2347 2874 2414 leonibus,
2938 2346 3031 2402 sed
3095 2346 3274 2416 potius
3363 2343 3572 2399 leones.

286 2462 483 2519 cervis.

855 2553 996 2621 Περὶ
1033 2551 1299 2621 εἰρήνης.

353 2645 643 2718 Μακάρων
679 2644 905 2700 σεαυτὸν
941 2645 1037 2697 καὶ
1072 2645 1242 2697 κόπου
1273 2644 1441 2714 χωρὶς
1467 2640 1790 2707 ἀποδείξεις,
1818 2643 1864 2695 εί

288 2739 353 2794 τὰ
410 2740 702 2811 μαχόμενα
767 2739 1018 2804 σπεύδεις
1071 2741 1430 2812 είρηνοποιεῖν
1461 2781 1475 2800 ,
1526 2721 1622 2792 xii.
1684 2739 1862 2791 πᾶσαν

290 2832 488 2905 ἔχθραν
521 2835 616 2897 καὶ
651 2837 834 2890 πᾶσαν
862 2835 980 2908 ἔριν
1010 2835 1109 2904 τῆς
1138 2833 1412 2897 πολιτείας
1442 2832 1736 2903 ὲξορίζεις,
1770 2834 1862 2885 καὶ

292 2918 755 3003 πᾶσανταλήνην,
780 2931 875 2985 καὶ
904 2935 1086 2985 πᾶσαν
1106 2931 1327 2999 ἀγάπην
1347 2930 1407 2983 τὸ
1429 2929 1668 2998 ὑπήκοον
1691 2928 1867 2982 ἀσπά-

293 3022 477 3088 ζεσθαι
507 3023 760 3089 διδάξεις,
788 3025 882 3078 καὶ
911 3027 1037 3088 τοὺς
1068 3024 1168 3094 μὲν
1187 3024 1284 3088 τὰς
1314 3022 1512 3094 ἔχθρας
1540 3021 1862 3090 γεννῶντας,

292 3115 634 3186 ἀποελήτους
684 3111 844 3181 εἶναι,
882 3116 1006 3180 τοὺς
1046 3117 1102 3169 δὲ
1152 3116 1248 3186 τὴν
1293 3115 1514 3186 εἰρήνην
1556 3113 1861 3181 φιλοῦντας,

2634 2531 2705 2584 De
2734 2545 2882 2598 pace.

2047 2632 2267 2687 Beatum
2300 2635 2352 2682 te
2381 2639 2544 2696 porro
2572 2637 2633 2676 ac
2669 2622 2791 2676 sine
2845 2633 3041 2689 magno
3074 2613 3550 2671 labore'reddide-

1971 2727 2070 2789 ris,
2101 2725 2144 2779 si
2169 2723 2291 2776 lites
2315 2731 2503 2772 omnes
2522 2726 2868 2783 componere,
2887 2724 3183 2780 omnesque
3227 2706 3550 2763 inimicitias

1973 2835 2037 2875 ac
2080 2816 2390 2873 simultates
2425 2824 2456 2865 e
2487 2807 2762 2878 republica
2821 2803 3108 2860 eliminarc
3159 2800 3457 2865 studueris,
3487 2805 3543 2854 et

1973 2911 2248 2977 subjectos
2275 2903 2392 2975 paci
2437 2899 2681 2966 studere,
2706 2912 2771 2952 ac
2796 2904 2982 2950 mutua
3011 2909 3068 2950 se
3097 2893 3364 2948 charitate
3385 2905 3539 2946 eom-

1971 3003 2132 3074 plecti
2167 2996 2460 3056 docueris:
2493 2995 2539 3050 si
2585 2991 2844 3047 nimirum
2897 3003 2994 3044 eos
3053 2988 3146 3058 qui
3199 2985 3324 3041 lites
3365 2989 3556 3039 serunt

1970 3073 2219 3150 exsulare
2244 3085 2503 3158 jusseris,
2536 3082 2686 3155 pacis
2711 3091 2890 3136 autem
2913 3085 3159 3132 amantes
3176 3074 3272 3129 tibi
3292 3073 3556 3143 adiunxe-

295 3166 652 3263 οἱκειοῦσθαί.
708 3166 844 3274 Υἱὸς⁷
889 3166 1000 3279 γὰρ
1051 3166 1579 3280 ὲμοῦιτοῦδχιηΐνου⁸
1615 3166 1875 3278 pacm-Eni;

1979 3187 2075 3242 ris.
2107 3182 2278 3239 Filius
2302 3181 2446 3236 enim
2477 3192 2652 3242 meus,
2673 3174 2779 3230 hoc
2807 3181 2892 3228 est
2932 3169 3134 3226 terreni
3161 3166 3327 3237 regis.
3357 3175 3552 3219 natura

292 3301 557 3373 ὑπάρχων
589 3300 732 3357 κατὰ
764 3302 964 3375 σάρκα,
1003 3303 1097 3356 καὶ
1126 3305 1239 3367 τοῖς
1277 3302 1405 3371 παρ’
1435 3301 1570 3373 ἐμοῦ
1610 3317 1691 3354 σοι
1720 3300 1878 3369 λεγο-

295 3394 474 3464 μένοις
505 3393 831 3462 πειθόμενος
859 3393 1059 3464 λόγοις,
1094 3395 1210 3459 υίὸς
1250 3395 1496 3469 κληθήσῃ
1528 3393 1623 3448 καὶ
1649 3392 1745 3447 τοῦ
1776 3395 1878 3446 ἐπ’

292 3487 547 3557 ουρανίου
597 3486 911 3553 Βασιλέως,
956 3487 1056 3559 τὴν
1102 3487 1253 3542 θείαν
1307 3485 1518 3556 σεαυτῷ
1564 3486 1882 3555 συγγένειαν

292 3579 739 3651 ἐπιγραφόμενος
763 3580 904 3634 κατά
940 3580 1180 3651 πνεῦμα,
1212 3579 1306 3634 τοῦ
1338 3581 1513 3651 πράου
1547 3578 1641 3632 καὶ
1675 3579 1884 3650 εἰρηνι-

294 3671 390 3725 κοῦ
440 3672 688 3743 Χριστοῦ
736 3671 985 3744 μαθητὴς
1037 3674 1332 3744 ὑπάρχωνο
1387 3670 1700 3739 Μακάριοι,
1754 3671 1883 3741 γὰρ,

295 3765 481 3835 φησὶν,
513 3768 574 3821 οἱ
596 3766 984 3834 εἰρηνοποιοί,
1012 3766 1103 3821 ὅτι
1129 3767 1301 3821 αὐτοὶ
1336 3764 1451 3820 υἱοί
1478 3763 1626 3819 Θεοῦ
1661 3763 1889 3833 κληθή.

294 3875 528 3916 σονται.

867 3954 1007 4021 Περὶ
1044 3951 1319 4006 ἐπαίνου.

363 4045 616 4100 Ἐπαίνει
644 4044 755 4098 τῶν
783 4045 1070 4112 συνόντων,
1108 4044 1180 4116 μὴ
1213 4045 1339 4108 τοὺς
1369 4043 1585 4098 ᾶπαντα
1615 4044 1684 4098 τά
1713 4061 1891 4112 πρατ-

297 4138 500 4209 τόμενά
532 4154 621 4190 σοι
649 4134 1006 4200 ἐπαινοῦντας
1032 4175 1049 4201 ,
1077 4135 1214 4191 ἀλλὰ
1239 4135 1362 4200 τοὺς
1393 4137 1506 4200 τοῖς
1535 4134 1894 4206 ἐσφαλμένοις

299 4228 500 4300 μᾶλλον
527 4227 903 4297 ἐπιτιμῶντας
926 4245 942 4258 '
993 4228 1212 4292 τούτους
1241 4228 1348 4300 γὰρ
1382 4228 1492 4294 ἐγὼ
1516 4229 1895 4300 εὐνουστέρους

299 4322 388 4374 καὶ
414 4319 902 4391 σωφρονεστέρως
925 4315 1044 4374 οίδα
1094 4320 1204 4373 τῶν
1249 4320 1442 4376 ἄλλων.
1488 4320 1597 4374 Καὶ
1648 4322 1757 4391 γὰρ
1802 4320 1894 4375 τοῦ

296 4411 528 4481 ψεύδους
585 4412 622 4482 ἠ
655 4411 884 4481 ἀλήθεια
940 4414 1302 4486 προτιμητέα.
1348 4413 1508 4469 Ἀλλὰ
1541 4415 1636 4468 καὶ
1678 4416 1791 4478 τοῖς
1836 4409 1896 4468 εῦ

299 4503 584 4596 φρονοῦσι-
609 4504 925 4596 παρρησίαν
957 4507 1202 4596 χαρίζου,
1239 4509 1326 4596 ἵνα
1376 4508 1504 4579 περὶ
1653 4509 1890 4576 ἀγνοεῖς,
1926 4542 1969 4596 D

301 4594 427 4666 ἔχῃς
460 4593 588 4666 μεθ’
636 4586 713 4647 ὧν
747 4593 942 4665 ἄριστα
972 4595 1369 4669 συμϐουλεύσῃ.
1404 4598 1511 4650 Καὶ
1552 4595 1696 4650 οὕτω
1718 4597 1892 4650 διατε-

300 4687 436 4754 θεὶς,
454 4687 779 4760 σκοπήσεις,
795 4685 870 4752 ὡς
898 4688 1074 4760 ούχρὴ
1103 4691 1216 4753 τοῖς
1237 4689 1324 4744 διὰ
1344 4690 1539 4761 τέχνης
1568 4688 1889 4744 κολακεύουο

303 4796 410 4844 σιν,
435 4780 580 4836 ἀλλὰ
638 4781 752 4843 τοῖς
811 4779 928 4850 μετ’
951 4779 1164 4846 εὐνοίας
1198 4781 1562 4853 θεραπεύουσι
1597 4782 1885 4852 προσέχειν

302 4871 538 4944 ἀείοτῆς
559 4870 677 4943 γὰρ
700 4871 887 4945 ἑτέρου
909 4872 1175 4941 ὠφελείας
1205 4874 1294 4927 καὶ
1327 4872 1530 4944 βλάϐης
1561 4867 1618 4927 εὖ
1657 4873 1899 4944 μάλιστα

304 4968 617 5040 πειραθεὶς,
639 4967 702 5022 τδ
733 4966 831 5040 μὲν
862 4967 1164 5042 ἀποφεύξῃ,
1193 4968 1285 5023 τοῦ
1314 4968 1368 5023 δὲ
1401 4966 1678 5038 ἐπιτεύξῃ.

843 5233 981 5302 Περὶ
1032 5231 1362 5303 προσοχῆς.

376 5326 636 5396 Νεότητα
682 5326 992 5396 κόσμησον,
1047 5323 1123 5396 μὴ
1174 5327 1287 5388 τοῖς
1337 5311 1621 5394 γυμνικοῖς
1665 5320 1892 5390 ἀγῶσιν,

311 5419 444 5473 ἀλλὰ
476 5421 594 5480 τοῖς
631 5419 926 5489 ὲναρέτοις,
974 5416 1108 5488 μηδὲ
1156 5416 1402 5488 περιίδῃς
1450 5432 1544 5468 σου
1587 5413 1692 5484 τὴν.
1732 5409 1891 5480 φύσιν

312 5511 426 5581 ἅμα
459 5513 645 5566 πᾶσαν
673 5511 1021 5579 διαλυθῆναιο
1070 5509 1172 5564 κᾶν
1205 5510 1308 5582 γὰρ
1338 5509 1582 5580 σώματος
1627 5507 1892 5576 ὑπάρχεις

306 5602 530 5676 θνητοῦ,
553 5603 710 5658 ἀλλὰ
735 5603 826 5660 καὶ
854 5603 1028 5675 ψυχῆς
1067 5606 1254 5675 ἔλαχες
1281 5601 1570 5658 ἀθανάτου.
1596 5598 1775 5670 Πειρῶ
1799 5597 1891 5651 οῦν

391 5784 410 5816 ⁸
444 5781 646 5839 Matth.
676 5796 729 5848 ν,
756 5779 812 5838 9.

1980 3292 2102 3338 cum
2131 3275 2230 3339 sis,
2284 3270 2509 3328 monitis
2565 3267 2703 3322 meis
2749 3279 2812 3318 ac
2871 3260 3158 3333 praeceptis
3185 3258 3232 3314 si
3268 3257 3540 3329 parueris.

1981 3366 2222 3425 mleslis
2244 3376 2464 3436 quoque
2481 3358 2647 3430 Regis
2669 3356 2816 3410 ﬁlius
2839 3352 3148 3417 vocaberis,
3178 3348 3420 3404 divinam
3451 3345 3551 3402 tibi

1982 3457 2518 3528 consanguinitatem
2583 3463 2680 3522 per
2730 3446 2960 3518 gratiam
3011 3443 3342 3514 adipisccns,
3409 3454 3472 3494 ac
3502 3447 3556 3494 te

1985 3567 2084 3622 pro
2119 3547 2328 3620 paciﬁci
2389 3561 2454 3600 ac
2483 3537 2757 3598 mitissimi
2786 3536 2993 3594 Christi
3023 3533 3292 3605 discipulo
3318 3546 3509 3603 gerens
3541 3548 3555 3583 :

1989 3645 2160 3707 Beati,
2194 3641 2362 3708 enim,
2396 3632 2829 3709 inquit,paciﬁci,
2861 3628 3113 3701 quoniam
3147 3625 3248 3694 ﬁlii
3273 3623 3373 3680 Dei
3400 3639 3559 3679 vaca-

1988 3739 2236 3793 tantm".

2645 3912 2719 3966 De
2741 3908 2922 3964 laude.

2061 4012 2248 4068 Lamia
2299 4027 2361 4066 ex
2407 4005 2767 4062 laiiiiliaribus
2809 4016 2915 4055 non
2975 4013 3071 4053 eos
3131 3996 3222 4068 qui
3273 3995 3411 4049 facta
3469 3999 3564 4048 tua

1996 4107 2173 4162 omnia
2232 4102 2562 4174 probabunt,
2615 4096 2706 4152 sed
2742 4095 2928 4167 potius
2975 4107 3070 4146 eos
3102 4088 3193 4160 qui
3229 4094 3452 4158 peccata
3482 4084 3565 4139 in-

1997 4199 2207 4254 terdum
2244 4204 2337 4249 tua
2371 4188 2802 4261 reprehendent;
2839 4200 2934 4240 eos
2964 4183 3107 4237 enim
3162 4196 3262 4250 ego
3299 4183 3353 4233 et
3374 4191 3564 4229 aman-

1999 4295 2166 4346 tiores
2191 4300 2242 4343 et
2270 4284 2629 4356 sapientiores
2672 4295 2794 4334 esse
2842 4275 3032 4344 judico
3094 4290 3108 4327 :
3161 4283 3378 4339 semper
3416 4267 3562 4324 enim

2000 4380 2201 4437 veritas
2228 4373 2507 4432 mendacio
2531 4367 2866 4442 praeferenda
2902 4376 3006 4422 est.
3033 4365 3101 4418 At
3130 4363 3269 4418 bene
3307 4357 3565 4414 animatis

1999 4478 2211 4546 ergate
2255 4465 2509 4538 loquendi
2570 4463 2877 4517 libertatem
2927 4454 3217 4518 concedes,
3251 4461 3310 4507 ut
3357 4451 3562 4506 habeas

1997 4541 2409 4637 qnibuscumde
2441 4557 2606 4614 rebus
2644 4569 2783 4625 quas
2811 4553 3050 4626 ignoras,
3092 4548 3358 4620 optimum
3386 4541 3566 4621 consi-

1994 4636 2127 4716 lium
2156 4670 2352 4727 capere
2386 4649 2563 4722 possis
2601 4667 2615 4704 :
2645 4655 2699 4703 et
2737 4645 2803 4701 ad
2846 4645 2992 4700 hunc
3017 4639 3238 4697 modum
3272 4636 3318 4693 si
3349 4642 3403 4692 te
3417 4645 3566 4691 eom-

1994 4725 2292 4825 paraveris,
2325 4758 2649 4817 cognosces,
2679 4755 2786 4795 non
2807 4737 2876 4793 iis
2899 4731 3312 4808 quii'artiﬁciose
3333 4725 3564 4786 adulan—

1993 4817 2102 4912 iur,
2123 4842 2217 4899 sed
2245 4841 2354 4896 illis
2376 4838 2468 4910 qui
2486 4839 2703 4893 sincera
2715 4825 3090 4887 benevolentia
3106 4823 3204 4883 tibi
3223 4817 3562 4912 deserviunt,

1991 4910 2374 4992 adhaerendum
2417 4943 2541 4985 esse
2583 4946 2596 4983 :
2632 4925 2830 4981 horum
2881 4921 3027 4978 enim
3078 4915 3334 4982 utilitate,
3357 4919 3412 4969 et
3441 4910 3565 4967 illo-

1995 5045 2116 5086 rum
2143 5026 2386 5100 pernicie
2418 5022 2722 5091 explorata,
2767 5014 2838 5071 ab
2873 5013 2996 5071 istis
3035 5009 3256 5083 quidem
3315 5003 3560 5071 cavebis,

1997 5123 2119 5178 illos
2151 5134 2278 5174 vero
2315 5115 2410 5172 tibi
2447 5113 2733 5183 adjunges.

2563 5204 2639 5258 De
2662 5203 2742 5257 sui
2778 5217 2933 5254 cura.

2073 5308 2423 5364 Juventntcm
2453 5309 2600 5354 tuam
2634 5309 2836 5352 exorna
2869 5306 2977 5347 non
3015 5287 3264 5359 corporis
3289 5283 3560 5342 exercita-

1998 5405 2166 5466 tione,
2196 5400 2288 5456 scd
2305 5395 2558 5459 virtutis;
2578 5403 2753 5460 neque
2781 5393 3032 5441 naturam
3052 5384 3201 5436 uiam
3224 5379 3374 5435 sinas
3397 5374 3562 5431 simul

1999 5508 2165 5554 totam
2199 5491 2424 5549 interire
2446 5533 2458 5554 ,
2489 5487 2590 5542 ctsi
2625 5482 2769 5538 enim
2827 5478 3054 5534 mortale
3099 5487 3305 5542 corpus
3334 5467 3566 5525 sortitus

1997 5609 2077 5656 es,
2113 5599 2163 5644 al
2192 5586 2430 5642 animum
2494 5573 2844 5635 mortalitatis
2870 5577 3149 5642 expertem
3182 5564 3375 5620 habes.
3413 5558 3563 5615 (Σου-
