4124 6320
558 289 588 327 Χ
597 286 704 328 ιινῖι

1889 271 2474 335 PBOLEGOMENA.

3645 281 3807 321 ιινιιι

561 394 736 448 nitere
766 397 825 445 ut
851 404 944 459 per
970 388 1095 442 boni
1127 389 1365 442 nominis
1384 388 1701 442 memoriam
1737 386 2118 441 immortalita-

2230 385 2314 439 διὰ
2362 388 2462 457 τῆς
2511 386 2718 458 ἀγαθῆς
2774 387 2992 456 μνήμης
3033 385 3336 456 κτήσασθαι
3386 383 3445 437 τὸ
3496 382 3812 437 ἀθάνατον⁶

561 494 670 539 tem
729 481 1107 551 consequaris.
1153 478 1456 533 Gloriosam
1507 487 1689 533 autem
1757 479 1836 532 tui
1890 479 2130 533 nominis

561 575 879 632 memoriam
900 574 1200 642 relinques,
1221 572 1265 626 si
1291 586 1407 637 eos,
1440 571 1534 641 qui
1559 570 1721 626 talem
1761 570 2084 640 reliquerint
2113 610 2131 636 ,

561 669 897 734 imitaberis;
937 675 996 720 ut
1031 663 1313 719 mediteris
1336 661 1635 732 quidemet
1667 661 1899 716 honesta
1922 661 2129 727 dicere,

559 770 615 816 et
659 762 860 816 similia
914 761 1094 816 facere
1142 771 1500 822 consuescas,
1537 762 1591 810 et
1639 770 1761 825 qua?
1809 761 1864 808 te
1923 754 2134 809 sentire

558 856 725 911 dictis
751 855 1105 918 iudicaveris,
1148 854 1338 909 eadem
1403 864 1569 921 opere
1615 846 1845 918 implere
1895 861 2132 908 curave-

558 951 654 1006 ris.

1055 1038 1129 1094 De
1162 1039 1640 1094 commiseratione.

630 1131 702 1186 Ut
751 1130 1002 1201 corporis
1074 1131 1254 1186 omnis
1287 1130 1479 1183 umbra
1539 1145 1754 1199 semper
1793 1137 1877 1184 est
1923 1144 2131 1193 comes,

561 1225 634 1278 ita
666 1240 882 1292 semper
911 1223 1188 1276 hominem
1227 1233 1513 1290 peccatum
1538 1221 1900 1288 consequitur
1928 1237 1941 1273 :
1971 1229 2134 1274 natu-

562 1331 621 1370 ra
657 1316 802 1371 enini
838 1315 1078 1368 humana
1113 1314 1265 1368 valde
1291 1313 1357 1367 ad
1382 1313 1676 1368 labendum
1725 1321 1812 1367 est
1844 1312 2132 1380 proclivis,

558 1417 614 1462 et
642 1407 706 1460 ad
729 1407 1032 1462 cadendum
1055 1420 1243 1476 prona.
1280 1406 1409 1460 Esto
1433 1404 1600 1475 igitur
1626 1403 1942 1458 errantibus
1965 1404 2126 1470 lenis,

558 1512 611 1556 et
639 1501 868 1570 iustitia:
893 1501 1134 1554 admisce
1164 1499 1589 1552 humanitatem.
1630 1499 1686 1551 Si
1713 1501 1857 1551 enim
1909 1497 2026 1566 ipse
2064 1495 2133 1549 ab

558 1593 879 1648 errantibus
909 1592 1080 1661 exigis
1118 1591 1412 1653 rationem,
1463 1595 1678 1642 tuorum
1731 1589 1847 1658 ipse
1877 1595 2133 1657 peccato-

559 1700 683 1740 rutn
717 1698 1002 1741 censorem
1036 1683 1208 1737 habes
1240 1680 1410 1736 Deum
1450 1697 1466 1736 :
1495 1680 1721 1752 proinde
1754 1680 1993 1749 quotidie
2033 1680 2131 1735 tibi

561 1775 681 1845 ipse
703 1774 967 1829 denuntia
993 1791 1008 1839 ;
1038 1783 1096 1827 ut
1123 1774 1246 1828 aliis
1273 1780 1498 1842 peccata
1527 1771 1924 1836 remiseris,ita
1956 1786 1984 1824 a
2023 1768 2132 1824 Deo

560 1865 852 1920 remissum
888 1866 952 1919 iri
977 1865 1069 1918 tibi
1105 1879 1287 1933 spera.
1317 1863 1454 1917 Cum
1488 1876 1619 1931 ergo
1647 1860 2025 1929 pravjudicium
2060 1859 2127 1912 ti-

561 1951 613 2004 bi
645 1951 760 2020 ipse
791 1948 982 2012 facias,
1012 1948 1231 2001 remitte
1252 1945 1581 2000 debentibus
1609 1944 1815 2010 debita,
1859 1954 1916 1997 ιιι
1953 1953 2006 1999 et
2033 1943 2129 1997 tibi

560 2042 908 2094 remittantur
933 2051 1065 2093 tua:
1103 2053 1225 2108 qua:
1247 2037 1391 2091 enim
1427 2035 1712 2091 conservis
1757 2036 1865 2090 tuis
1911 2033 2128 2098 feceris,

557 2134 745 2187 eadem
785 2146 813 2184 a
845 2131 1121 2185 communi
1150 2129 1379 2184 Domino
1419 2128 1675 2198 recipies,
1710 2135 1765 2181 et
1785 2125 2132 2197 .qttojudicio

558 2227 696 2282 alios
717 2224 1074 2297 ju.!icaveris,
1097 2223 1286 2278 eodem
1316 2230 1371 2276 et
1409 2221 1526 2293 ipse
1556 2218 1918 2291 judicaberis.

1157 2397 1232 2451 De
1263 2397 1528 2468 (equitate.

629 2493 817 2548 Prwbe
862 2491 1051 2546 faciles
1101 2505 1264 2545 aures
1289 2488 1552 2558 precanti,
1588 2488 1750 2557 eique
1789 2487 2000 2558 placide
2045 2501 2131 2539 re-

557 2583 787 2654 sponde.
847 2580 963 2638 Etsi
1028 2592 1249 2652 promer
1302 2579 1505 2635 terreni
1564 2579 1714 2651 regi
1749 2577 2130 2633 celsitudinem

557 2675 712 2730 aditu
778 2673 958 2728 facilis
1011 2686 1120 2727 nou
1151 2687 1233 2737 es,
1285 2680 1340 2726 at
1392 2682 1615 2742 propter
1674 2672 1830 2741 regni
1889 2669 2132 2725 ctelestis

556 2779 712 2833 sps-tu
759 2778 1021 2820 accessus
1079 2761 1147 2817 ad
1186 2769 1242 2818 te
1296 2771 1480 2832 pateat
1521 2761 1801 2817 omnibus.
1834 2759 2132 2816 Consolare

559 2867 857 2913 niterentes
900 2858 944 2914 si
995 2871 1103 2911 non
1152 2856 1502 2923 muneribus,
1534 2863 1591 2909 at
1641 2853 1837 2909 saltem
1893 2853 2127 2908 verbis:

556 2966 682 3006 nam
706 2951 788 3007 vel
819 2967 986 3006 unum
1022 2949 1250 3006 verbum
1276 2964 1441 3019 quam
1478 2948 1646 3002 multa
1680 2961 1910 3002 munera
1944 2947 2120 3017 pluris

2237 479 2458 550 μνήμην
2503 477 2560 532 δὲ
2608 479 2913 552 καταλίπῃς
2953 477 3184 547 ἀγαθὴν,
3215 477 3309 529 ἐὰν
3349 476 3442 528 καὶ⁵
3485 474 3647 536 αὐτὸς
3683 471 3811 534 τοὺς

2233 570 2445 640 ἀγαθὴν
2472 569 2870 634 καταλιπόντας
2920 572 3144 639 μνήμην
3174 568 3355 638 ζηλοῖς
3375 583 3390 601 ο
3425 567 3511 618 ἵνα
3541 562 3681 617 καλὰ
3711 561 3813 632 μὲν

2235 666 2608 739 ἐκμελετήσῃς
2650 665 2850 734 λέγειν,
2883 665 2952 718 τὰ
2981 666 3142 735 ὃμοια
3187 663 3242 716 δὲ
3278 659 3598 730 συνεθισθῇς
3639 658 3813 729 πράτ-

2231 773 2374 825 τειν,
2408 759 2504 811 καὶ⁴
2550 757 2587 811 ἀ
2643 760 2860 828 φρονεῖν
2912 755 3284 826 ἐπιτηδεύσεις
3326 754 3416 807 διὰ
3461 752 3570 806 τῶν
3612 751 3811 821 λόγων,

2233 849 2409 904 ταῦτα
2439 852 2613 904 ποιεῖν
2640 851 2960 923 ἑπιμελήτει
2989 849 3077 901 διὰ
3105 847 3214 900 τῶν
3244 845 3444 916 ἔργων.

2735 1028 2872 1095 Περὶ
2901 1025 3300 1093 συμπαθείας.

2306 1123 2515 1192 Ὥσπερ
2537 1120 2637 1174 οὐκ
2663 1120 2741 1174 ἔνι
2773 1118 2934 1188 σῶμα
2969 1110 3014 1185 ᾧ
3033 1118 3095 1170 οὐ
3126 1117 3436 1188 παρέπεται
3468 1113 3615 1173 σκιά,
3639 1111 3814 1174 οὔτως

2232 1214 2354 1268 οὐδὲ
2407 1212 2693 1283 ἄνθρωπος
2747 1204 2791 1279 ᾧ
2818 1211 2880 1264 οὐ
2914 1208 3223 1281 παρέπεται
3269 1205 3534 1277 ἁμαρτία.
3574 1203 3636 1256 Ἦ
3705 1202 3814 1274 γὰρ

2235 1305 2396 1375 φύσις
2422 1301 2582 1372 ἡμῶν
2604 1301 2880 1356 εὐόλισθόν
2925 1317 2979 1354 τι
3015 1300 3200 1371 χρῆμα
3237 1297 3332 1352 καὶ
3360 1299 3496 1367 πρὸς
3520 1296 3581 1350 τὸ
3598 1295 3814 1349 πταίειν

2234 1395 2629 1466 εὐκατάφορον.
2666 1394 2800 1446 Ἔσο
2827 1389 2921 1446 οὖν
2953 1393 3067 1454 τοῖς
3114 1390 3523 1460 ἁμαρτάνουσιν
3553 1386 3813 1456 εὐμενὴς,

2235 1490 2330 1542 καὶ⁵
2353 1485 2430 1558 τῷ
2450 1487 2644 1556 δικαίῳ
2667 1470 2830 1556 κίρνα
2855 1484 2919 1538 τὸ
2960 1483 3364 1553 φιλάνθρωπον.
3397 1481 3513 1534 Κᾶν
3549 1477 3658 1549 γὰρ
3693 1477 3815 1532 ἑτέ-

2237 1598 2366 1652 ρους
2391 1579 2685 1643 πταίοντας
2709 1578 3038 1645 λογοθετεῖς,
3062 1575 3198 1630 ἀλλὰ
3217 1573 3312 1628 καὶ
3337 1573 3497 1636 αὐτὸς
3517 1570 3816 1626 τῶνησεαυ-

2233 1670 2328 1724 τοῦ
2363 1670 2700 1741 σφαλμάτων
2732 1668 3026 1737 λογοθέτην
3051 1666 3199 1738 ἔχεις
3223 1665 3315 1718 τὸν
3361 1664 3513 1719 Θεόν.
3549 1662 3655 1717 Καὶ
3689 1660 3813 1715 καθ’

2167 1735 2208 1788 Β
2235 1735 2472 1832 ἑκάστην
2502 1735 2682 1834 ἔαυτῷ
2718 1735 3008 1833 παρεγγύα
3185 1758 3420 1830 ἡμέραν,
3459 1755 3536 1818 ὡς
3583 1755 3816 1825 ἀφήσεις

2233 1855 2328 1910 καὶ
2353 1856 2515 1917 αὐτὸς
2542 1847 2808 1925 ἀφεθῆναί
2849 1869 2932 1906 σοι
2994 1850 3126 1922 παρ’
3182 1848 3378 1904 ἑαυτοῦ
3407 1846 3615 1911 ἔλπιζε.
3660 1845 3816 1899 Ἐπεὶ

2232 1946 2324 2001 οὖν
2355 1947 2564 2018 σεαυτῷ
2591 1946 2689 2017 τὴν
2722 1944 2907 2016 κρίσιν
2937 1941 3265 2013 ἐπιψηφίζῃ,
3295 1941 3431 2010 ἄφες
3451 1941 3564 2000 τοῖς
3597 1935 3815 2006 ὀφειλέ-

2231 2057 2350 2104 ταις
2378 2038 2446 2092 τὰ
2478 2038 2840 2108 ὀφειλήματα,
2872 2039 2967 2090 καὶ
3024 2034 3358 2103 ἀφεθήσεταί
3417 2048 3500 2084 σοι
3533 2031 3602 2082 τὰ
3634 2031 3819 2101 ἁμαρ⁴

2230 2131 2474 2200 τήματα.
2512 2130 2579 2181 'A
2617 2127 2728 2196 γὰρ
2770 2128 2837 2181 ἂν
2868 2130 2981 2190 τοῖς
3017 2117 3325 2187 συνδούλοις
3352 2124 3616 2190 ποιήσεις,
3641 2116 3816 2172 ταῦτα

2233 2215 2489 2288 παραιτοῦ
2521 2215 2701 2269 κοινοῦ
2735 2215 3008 2268 Δεσπότου
3040 2213 3398 2283 ἀνταποδέξῃ,
3421 2213 3501 2266 ὅτι
3541 2213 3597 2264 ὲν
3625 2203 3818 2281 ᾧκρί-

2236 2327 2366 2382 ματι
2402 2308 2629 2380 κρίνεις,
2656 2310 2713 2362 ὲν
2750 2308 2926 2377 τούτῳ
2952 2308 3047 2361 καὶ
3072 2299 3332 2380 κριθήσῃ.

2764 2401 2900 2467 Περὶ
2934 2399 3277 2464 ἐπιεικείας.

2317 2493 2637 2547 ’Υπὸκλινον
2685 2492 2746 2545 τὸ
2775 2487 2869 2555 οὖς
2899 2509 2992 2544 σου
3034 2492 3112 2562 τῷ
3150 2490 3416 2562 δεομένῳ,
3455 2490 3548 2543 καὶ
3581 2488 3816 2560 ἀποκρί-

2233 2590 2355 2660 θητι
2393 2586 2544 2658 αὐτῷ
2576 2586 2646 2640 τὰ
2671 2583 2947 2656 εἰρηνικά.
2984 2584 3105 2637 Κᾶν
3157 2582 3268 2655 γὰρ
3299 2581 3594 2654 ἀπρόσιτος
3634 2581 3817 2651 suap-

2231 2698 2332 2752 χῃς
2363 2680 2452 2734 διὰ
2476 2679 2574 2750 τὴν
2607 2678 2758 2733 κάτω
2777 2676 3119 2742 δυναστείαν,
3137 2675 3251 2730 ἀλλ’
3277 2674 3599 2744 εὐπρόσιτος
3653 2669 3815 2739 γενοῦ

2231 2775 2320 2829 διὰ.
2351 2774 2450 2844 τὴν
2496 2773 2609 2827 ἀνω
2640 2769 2908 2838 ἐξουσίαν.
2940 2767 3347 2839 Παραμύθησαι
3379 2767 3507 2828 τοὺς
3538 2761 3815 2832 ὀδυνωμέ-

2231 2886 2378 2934 νους,
2413 2867 2461 2920 εί
2491 2864 2586 2918 καλ⁸
2617 2863 2692 2933 μὴ
2722 2861 2936 2933 δώροις,
2959 2861 3074 2914 ἀλλ’
3103 2859 3196 2913 οὖν
3227 2862 3340 2922 τοῖς
3368 2858 3570 2927 λόγοιςο
3600 2856 3816 2910 πολλῶν

2231 2959 2341 3029 γὰρ
2369 2955 2590 3028 δωρεῶν
2618 2949 2734 3007 οἶδα
2767 2953 2864 3006 καὶ
2891 2953 3052 3021 λόγον
3077 2951 3174 3005 ἕνα
3203 2951 3519 3019 ὑπεράξιον,
3565 2950 3662 3002 καὶ
3710 2965 3816 3017 μυ-

557 3058 681 3099 esse
706 3042 853 3108 novi,
911 3049 966 3098 et
987 3041 1193 3103 dictum
1225 3040 1446 3097 unicum
1487 3039 1554 3094 ad
1573 3037 1967 3095 consolandum
2018 3037 2128 3092 etil-

2235 3051 2366 3122 ρίων
2409 3049 2586 3102 ἄλλων
2637 3044 2985 3116 πραγμάτων
3033 3043 3187 3115 ῥῆμα
3239 3043 3298 3097 ἓν
3349 3044 3428 3105 εἰς
3484 3037 3816 3113 παραψυχὴν

557 3135 747 3190 eacius
779 3149 904 3190 esse
957 3148 1123 3202 quam
1165 3148 1253 3187 res
1309 3132 1444 3186 alias
1491 3138 1802 3187 sescentas.
1833 3127 1950 3183 Non
1984 3129 2128 3183 enim

2237 3140 2620 3213 ἰσχυρώτερον.
2655 3139 2729 3192 Οὐ
2773 3135 3028 3191 τοσοῦτον
3078 3135 3189 3206 γὰρ
3230 3135 3532 3206 χρημάτων
3588 3134 3816 3188 δύναται

556 3234 772 3280 tantum
799 3225 943 3279 valet
971 3224 1214 3294 pecunia
1234 3223 1391 3293 copia
1421 3221 1492 3277 ad
1518 3221 1807 3278 levandum
1832 3221 1996 3274 animi
2031 3220 2131 3275 do-

557 3319 751 3379 lorem,
783 3326 1048 3385 quantum
1091 3314 1288 3369 blanda
1336 3323 1391 3368 et
1421 3313 1563 3370 lenis
1595 3314 1776 3368 oratio
1813 3313 2079 3384 principis
2112 3330 2127 3367 :

559 3410 662 3464 hac
688 3409 858 3479 igitur
883 3407 1101 3463 ratione
1123 3405 1475 3463 subditorum
1527 3406 1620 3461 tibi
1674 3405 2000 3477 populorum
2034 3406 2130 3461 be-

556 3500 922 3556 nevolentiam
939 3500 1062 3556 sine
1113 3501 1225 3554 ullo
1257 3507 1482 3569 sumptu
1525 3497 1622 3553 tibi
1653 3498 1997 3563 conciliabis,
2033 3497 2129 3568 qui

554 3609 622 3646 ex
651 3607 716 3648 eo
769 3601 823 3649 te
850 3601 1058 3661 patrem
1102 3592 1284 3662 potius
1320 3605 1483 3661 quam
1531 3590 1809 3646 dominum
1865 3590 2131 3661 praedica—

556 3685 711 3738 bunL

1049 3773 1124 3830 De
1155 3773 1429 3843 referenda
1450 3775 1648 3845 gratia.

626 3867 770 3934 Quot
801 3881 829 3920 a
874 3868 981 3921 Deo
1007 3867 1265 3936 accepisti
1304 3866 1592 3928 beneﬁcia,
1629 3873 1706 3919 tot
1733 3865 1875 3921 scito
1929 3865 2130 3921 debere

556 3969 614 4013 te
645 3958 851 4030 gratias
876 3956 925 4012 ei
963 3957 1188 4023 referre,
1221 3958 1314 4026 qui
1344 3957 1522 4012 debita
1558 3973 1668 4012 non
1719 3966 1978 4027 tanquam
2035 3956 2131 4012 de-

559 4049 671 4104 bita
715 4048 985 4118 excipiat,
1031 4047 1124 4103 sed
1181 4047 1340 4117 quasi
1402 4062 1500 4116 pro
1533 4047 1709 4116 gratia
1739 4047 1907 4117 duplo
1943 4048 2128 4117 plures

556 4142 762 4213 gratias
814 4141 1027 4197 reddat.
1078 4139 1248 4212 Igitur
1295 4139 1543 4211 largitori
1600 4141 1868 4195 bonorum
1925 4144 2126 4197 bonam

555 4233 785 4304 gratiam
829 4233 1016 4293 redde.
1078 4243 1132 4286 et
1175 4246 1339 4301 quam
1384 4231 1452 4286 ab
1487 4246 1552 4285 eo
1579 4233 1844 4302 accepisti
1880 4233 2130 4289 domina-

556 4326 783 4388 tionem,
825 4340 944 4379 cam
995 4324 1276 4380 beneficiis
1338 4323 1392 4377 in
1454 4332 1578 4379 tuos
1627 4324 1979 4382 conferendis
2024 4327 2128 4382 im-

2232 3233 2542 3306 περιουσία,
2568 3231 2645 3294 ὼς
2681 3228 2946 3298 βασιλέως
2979 3229 3132 3300 ῥῆμα
3161 3228 3425 3290 ἐπιεικὲς,
3479 3223 3813 3296 παραμυθή-

2233 3324 2424 3380 σεσθαι
2445 3322 2624 3394 ψυχὴν
2645 3319 2939 3388 ἀλγοῦσαν.
2957 3316 3144 3381 Οὕτως
3173 3315 3454 3385 ἀγαπητὸς
3471 3315 3674 3384 γενήσῃ
3699 3313 3816 3378 τοῖς

2233 3421 2336 3475 ὐπὸ
2360 3420 2519 3491 χεῖρα
2554 3415 2813 3487 μάλιστα,
2844 3412 2938 3487 καὶ
2964 3409 3212 3480 δαπάνης
3241 3408 3409 3479 χωρὶς
3436 3407 3534 3478 τὴν
3551 3406 3814 3461 ἁπάντων

2231 3509 2448 3564 εὔνοιαν
2467 3504 2776 3577 κερδήσεις,
2809 3502 2903 3557 καὶ
2939 3499 3156 3570 πατέρα
3183 3517 3237 3554 σε
3267 3499 3466 3569 μᾶλλον
3489 3498 3523 3569 ἢ
3546 3495 3815 3570 δεσπότην

2232 3596 2662 3671 ἀνακηρύξουσι.

2720 3774 2860 3843 Περὶ
2899 3773 3303 3842 ἀντιχάριτος.

2305 3869 2446 3924 ’Ῑσθι
2479 3870 2556 3934 ὡς
2580 3869 2662 3938 ἐφ’
2697 3869 2821 3922 ὅσον
2847 3865 3090 3938 ἡξιώθης
3115 3867 3264 3937 παρὰ
3290 3863 3425 3920 Θεοῦ
3448 3863 3556 3919 τῶν
3570 3863 3813 3933 ἀγαθῶν,

2231 3963 2326 4020 ἐπὶ
2349 3960 2604 4016 τοσοῦτον
2630 3958 2869 4028 ὀφείλεις
2900 3957 3051 4028 αὐτῷ
3071 3955 3394 4010 ἀντιδιδόναι
3418 3955 3515 4018 τὰς
3561 3957 3814 4026 χάριτας,

2229 4055 2309 4128 τῷ
2343 4054 2418 4128 μὴ
2453 4054 2528 4118 ὼς
2554 4053 2718 4125 χρέος
2751 4052 3029 4122 δεχομένῳ
3065 4049 3164 4114 τὰς
3211 4049 3458 4118 όφειλὰς,
3513 4048 3628 4101 ἀλλ’
3660 4049 3814 4101 ἀντι-

2229 4148 2444 4212 διδόντι,
2476 4145 2666 4216 ὥσπερ
2702 4146 2824 4198 ἀντὶ
2864 4142 3108 4215 χαρίτων
3163 4141 3509 4205 διπλασίονας
3559 4141 3810 4212 χάριτας.

2233 4241 2500 4311 Ἀμειψαι
2521 4233 2614 4293 οὖν
2634 4238 2712 4309 τῷ
2737 4237 3000 4310 εὐεργέτῃ
3015 4237 3124 4291 τῶν
3142 4235 3364 4304 ἀγαθῶν
3384 4235 3543 4306 χάριν
3575 4233 3810 4306 ἀγαθὴν,

2230 4334 2326 4387 καὶ
2362 4312 2454 4402 ’ἢν
2487 4329 2678 4391 ἔλαϐες
2733 4327 2863 4399 παρ’
2903 4326 3066 4381 αὐτοῦ
3107 4326 3358 4391 ἐξουσίαν
3385 4327 3608 4399 ⁴χρῆσαι
3636 4325 3810 4397 ταύτῃ

554 4418 753 4488 pende.
795 4417 897 4472 Sed
936 4431 1031 4472 eos
1080 4425 1261 4470 tamen
1295 4417 1360 4470 ad
1393 4415 1846 4497 benefaciendum
1881 4419 2114 4476 ditiores

2230 4427 2340 4488 ταῖς
2387 4427 2467 4487 εἰς
2516 4423 2642 4497 τοὺς
2680 4421 2909 4492 πλησίον
2953 4419 3316 4492 εὐεργεσίαις.
3372 4419 3812 4490 Πλουσιωτὲρους

554 4517 608 4565 te
646 4524 771 4565 esse
806 4516 1015 4579 putato,
1046 4508 1137 4578 qui
1169 4517 1220 4562 te
1247 4515 1376 4562 sunt
1401 4495 1643 4563 minores
1668 4510 1810 4579 quod
1843 4510 1910 4565 ad
1939 4511 2116 4583 impe-

554 4597 624 4654 rii
662 4597 958 4669 potentiam
1007 4599 1221 4652 attinet.
1254 4594 1371 4651 Non
1414 4598 1557 4653 enim
1610 4613 1729 4654 eam
1769 4602 2027 4672 accepisti
2069 4611 2130 4660 ut

554 4691 843 4752 retineres,
901 4689 996 4746 sed
1053 4691 1341 4762 suscepisti
1405 4700 1464 4745 ut
1502 4693 1940 4759 administrares,
1978 4706 2034 4751 et
2061 4697 2130 4753 ab

552 4797 638 4842 eo.
673 4783 767 4854 qui
793 4797 912 4838 eam
976 4784 1072 4836 tibi
1133 4784 1375 4848 tradidit,
1409 4785 1593 4856 probat
1627 4786 2130 4849 administrationis

553 4876 859 4931 mercedem
913 4891 976 4930 ac
1039 4891 1138 4946 pro
1171 4885 1392 4932 terreno
1453 4895 1680 4948 regnum
1729 4882 1956 4940 cmleste
1985 4885 2130 4940 rcci-

553 4983 731 5041 peros.

942 5062 1019 5118 De
1047 5064 1438 5133 pulchritudine
1470 5069 1735 5136 corporis.

621 5150 882 5224 Corporis
935 5153 1108 5210 forma
1165 5156 1440 5212 hominem
1501 5158 1679 5214 reddit
1713 5157 1993 5227 idoneum,
2026 5159 2123 5234 qui

553 5246 609 5299 in
639 5246 763 5298 aula
789 5246 902 5316 regi
934 5253 1155 5302 terreno
1183 5250 1408 5303 assistat
1433 5269 1446 5316 ;
1485 5251 1582 5306 sed
1608 5251 1776 5307 animi
1811 5254 2126 5322 pulchritu-

551 5337 622 5392 do
649 5337 799 5393 illum
827 5340 1039 5395 ctnlesti
1071 5343 1182 5413 regi
1217 5341 1443 5397 charum
1467 5353 1794 5415 gratumque
1819 5348 1992 5403 reddit
2028 5369 2039 5402 :
2070 5359 2126 5405 ct

553 5429 647 5484 illa
708 5430 927 5499 quidem
962 5439 1022 5486 ut
1076 5436 1476 5490 momentaneis
1531 5437 1838 5493 honoribus
1872 5440 2126 5510 perfrua-

551 5534 678 5574 mur
708 5517 835 5574 facit
874 5535 892 5574 :
929 5523 1043 5578 haec
1093 5538 1222 5579 vero
1254 5535 1512 5580 aeternam
1560 5528 1719 5582 nobis
1761 5529 1855 5585 Dei
1909 5547 1974 5586 ac
2015 5532 2122 5586 Do.

556 5609 687 5665 mini
744 5609 1038 5667 amicitiam
1093 5612 1633 5688 familiaritatemque
1691 5620 1965 5675 conciliat.
2041 5621 2121 5676 Tu

556 5715 685 5756 vero
719 5703 928 5759 nullum
953 5704 1123 5763 habes
1149 5712 1202 5762 te
1229 5708 1569 5778 superiorem
1607 5709 1693 5766 cui
1735 5713 1986 5782 corporis
2010 5715 2125 5783 pul-

2232 4517 2290 4570 δέ
2312 4533 2402 4570 σου
2428 4513 2628 4587 μᾶλλον
2649 4513 2837 4583 νόμιζε
2863 4512 3007 4567 κατὰ
3035 4511 3135 4582 τὴν
3164 4510 3435 4573 εὐποιίαν,
3473 4512 3589 4565 ὅσοι
3617 4513 3814 4582 μικρό-

2230 4606 2381 4679 τεροί
2403 4623 2497 4659 σου
2519 4604 2848 4675 τυγχάνουσι
2866 4601 2954 4656 διὰ
2970 4603 3070 4675 τήν
3085 4601 3356 4669 ἐξουσίαν.
3379 4601 3452 4654 Οὐ
3471 4600 3580 4672 γὰρ
3597 4599 3808 4667 ἔλαϐες,

2232 4698 2319 4753 ἵνα
2365 4696 2624 4770 κατέχῃς,
2657 4695 2770 4749 ἀλλ’
2799 4693 2985 4760 ἐδέξω,
3016 4693 3106 4748 ἵνα
3137 4693 3529 4766 οίκονομήσῃς,
3587 4692 3682 4747 καὶ
3711 4691 3810 4762 τῆς

2231 4790 2403 4860 καλῆς
2442 4790 2759 4867 διοικήσεως
2797 4786 3056 4858 παράτοῦ
3085 4786 3378 4851 δεδωκότος
3422 4788 3549 4850 τοὺς
3584 4784 3811 4857 μισθοὺς

2230 4866 2519 4956 ἀπολήψῃ,
2537 4883 2630 4936 καὶ
2653 4881 2771 4935 ἀντὶ
2793 4881 2893 4948 τῆς
2919 4879 3188 4949 ἔπικήρου
3219 4866 3516 4948 βασιλείας,
3548 4875 3645 4948 τὴν
3671 4875 3801 4932 ἀθά·

2232 4993 2411 5031 νατον.

2649 5069 2785 5138 Περὶ
2811 5069 3078 5136 κάλ-κους
3098 5067 3391 5140 σώματος.

2315 5161 2599 5234 Ὠραιότης
2645 5161 2898 5233 σώματος
2927 5162 3076 5227 ἀξιον
3110 5161 3201 5215 τὸν
3229 5160 3565 5233 κεκτημένον
3579 5159 3806 5231 ἐποίησε

2231 5251 2598 5322 παρίστασθαι
2641 5251 2717 5322 τῷ
2755 5253 2984 5324 ὲπιγείῳ
3011 5253 3253 5324 βασιλεῖ·
3295 5253 3566 5324 ὡραιότης
3619 5253 3675 5306 δὲ
3699 5252 3804 5323 ψυ-

2230 5343 2334 5414 χῆς
2357 5343 2642 5412 ἀγαπητὸν
2666 5344 2959 5415 ἐργάζεται
2971 5346 3061 5400 τὸν
3089 5345 3373 5418 ἄνθρωπον
3390 5345 3469 5416 τῷ
3493 5347 3804 5418 ἐπουρανίῳ

2229 5434 2464 5488 Βασιλεῖ.
2499 5434 2642 5488 Ἀλλ’
2666 5438 2700 5506 ή
2744 5436 2842 5507 μὲν
2877 5437 3211 5510 πρόσκαιρον
3233 5438 3346 5508 ἔχει
3379 5440 3475 5510 τὴν
3496 5438 3606 5492 τῶν
3637 5424 3803 5503 ἀξιω-

2232 5526 2422 5598 μάτων
2444 5526 2777 5580 ἀπόλαυσινο
2808 5529 2841 5599 ή
2893 5528 2950 5581 δὲ
2981 5530 3204 5582 αίωνίαν
3237 5529 3482 5600 εὑρίσκει
3510 5529 3611 5601 τήν
3662 5530 3797 5600 πρὸς

2227 5621 2318 5673 τὸν
2345 5619 2479 5673 Θεὸν
2519 5619 2616 5673 καὶ
2647 5620 2926 5691 Δεσπότην
2950 5621 3244 5676 οίκείωσιν.
3289 5621 3429 5675 Ἀλλ’
3483 5622 3645 5685 αὐτὸς
3698 5621 3798 5692 μιν

2226 5713 2324 5766 οὐκ
2351 5713 2492 5783 ἔχεις
2523 5713 2709 5783 ἕτερον
2737 5713 2878 5785 ὑπὲρ
2903 5713 2986 5782 σὲ,
3020 5707 3064 5782 ᾦ
3085 5713 3164 5785 τῷ
3181 5714 3275 5769 τοῦ
3310 5711 3563 5786 σώματος
3608 5713 3792 5768 κάλλει
