4124 6320
422 364 550 406 XLIX

1171 348 1453 411 BASILII
1495 350 1652 411 IMP.
1691 351 2134 411 PARAINESIS
2164 353 2262 412 AD
2291 355 2597 421 LEONEM
2627 360 2922 423 FILIUM.
3645 372 3677 420 ι.

418 472 659 545 ἀρέσεις,
689 470 804 527 ἀλλ’
836 471 978 543 ἔχεις
1000 469 1152 534 Θεὸν,
1188 470 1247 535 ὃς
1285 471 1346 525 οὐ
1375 470 1569 537 κάλλος
1616 471 1867 542 σώματος
1898 473 1993 524 ἐκ·

2101 472 2408 529 chritudine
2471 475 2711 545 placeas,
2761 476 2856 533 sed
2917 475 3090 531 Deum
3140 476 3310 535 habes
3364 477 3688 549 Dominum,

418 567 591 637 ζητεῖ,
634 565 769 620 ἀλλά
819 565 997 636 ψυχῆς
1044 564 1345 634 εὐγένειαν.
1382 565 1570 636 Τούτῳ
1614 562 1709 619 οὖν
1741 564 2002 636 ἀρέσκειν

420 657 616 711 σπεῦδε
638 656 728 710 διά
751 657 971 721 παντὸς,
1009 658 1109 728 τὴν
1144 658 1309 713 αὐτοῦ
1338 659 1526 714 εἰκόνα
1561 656 1785 729 σεαυτῷ
1822 656 2000 713 καθα-

420 750 521 822 ρὰν
548 754 642 805 καὶ
698 750 1000 820 ἀμόλυντον
1048 750 1350 823 φυλάττων,
1385 750 1475 806 διά
1512 751 1612 823 τῆς
1635 750 1997 823 σωφροσύνης

418 842 511 898 καὶ
539 843 895 913 ἀγαθότητος.

615 1086 620 1091 ,
984 1026 1125 1093 Περὶ
1153 1024 1433 1093 ἰατρείας.

485 1118 655 1184 Κενδς
716 1119 921 1183 ἐκεῖνός
949 1120 1098 1173 ἐστιν
1145 1121 1174 1173 ό
1204 1119 1296 1173 τοῦ
1353 1117 1543 1191 ίατροῦ
1576 1118 1760 1184 πόνος,
1790 1117 1886 1171 ἐὰν
1933 1116 1998 1171 τδ

417 1213 548 1282 παρ’
580 1211 744 1265 αὑτοῦ
774 1211 1061 1283 φάρμακον
1088 1209 1150 1264 τὸ
1173 1212 1332 1281 σῶμα
1357 1209 1432 1280 μὴ
1463 1208 1747 1283 ἰατρεύσῃ’
1778 1209 1874 1263 καλ⁸
1893 1209 2000 1279 μά-

415 1318 564 1364 ταιος
592 1301 796 1364 ἐκεῖνος
816 1300 844 1353 ό
878 1299 971 1354 τοῦ
1017 1299 1310 1368 φιλοσόφου
1349 1298 1532 1367 λόγος,
1566 1299 1631 1353 ἂν
1654 1298 1731 1370 μὴ
1772 1298 1996 1369 δύνηται

414 1393 485 1446 τά
513 1392 659 1463 πάθη
694 1393 792 1461 τῆς
825 1390 1004 1463 ψυχῆς
1025 1390 1382 1461 θεραπεῦσαι.
1409 1392 1623 1462 Ὥσπερ
1641 1390 1751 1462 γὰρ
1780 1391 1998 1460 ἰατροὺς

418 1487 547 1559 περὶ
581 1484 849 1557 σωμάτων
877 1484 1213 1556 φιλοσοφεῖν,
1244 1481 1387 1536 οὕτω
1416 1482 1512 1537 καὶ
1539 1481 1859 1553 φιλοσόφους
1895 1481 1993 1553 duo.

414 1580 515 1653 χάς
539 1580 812 1652 ἰατρεύειν
862 1577 1161 1646 ἀναγκαῖόν
1188 1579 1358 1632 ἐστιν.
1403 1576 1677 1639 Ἐκείνους
1702 1573 1833 1644 γοῦν
1859 1573 1994 1646 ἡγοῦ

282 1656 295 1667 ⁸
376 1700 386 1711 .
418 1672 636 1742 [ατροὺς
662 1670 903 1738 ἀληθεῖς,
957 1672 1072 1725 ὅσοι
1100 1669 1210 1724 ἀπὸ
1241 1669 1509 1740 σωμάτων
1547 1668 1646 1733 τὰς
1692 1667 1881 1733 νόσους

412 1765 578 1837 τέχνῃ
597 1762 887 1820 διώκουσι’
926 1762 1214 1826 κάκείνους
1245 1760 1429 1833 όρίζου
1465 1759 1791 1831 φιλοσόφους
1825 1758 1993 1830 ἀψευ-

412 1861 545 1925 δεῖς,
578 1860 693 1913 ὅσοι
724 1857 833 1911 ἀπὸ
856 1856 965 1911 τῶν
989 1855 1180 1928 ψυχῶν
1220 1856 1288 1910 τὰ
1330 1854 1478 1927 πάθη
1521 1857 1635 1918 τοῖς
1672 1853 1854 1924 λόγοις
1899 1854 1990 1922 έξ-

412 1953 708 2024 ορίζουσιψ
727 1953 778 2005 et
800 1967 864 2021 γε
897 1950 1211 2022 πειθηνίους
1236 1948 1453 2020 ἔχουσιν
1476 1950 1603 2012 τοὺς
1632 1946 1994 2010 ἀσθενοῦντας

412 2048 480 2102 δι’
498 2047 650 2117 δλου.

487 2123 495 2128 ’
894 2135 1032 2204 Περὶ
1073 2133 1499 2204 συκοφαντῶν.

500 2230 694 2302 Ἀκοὴν
744 2229 981 2301 ματαίαν
1013 2227 1087 2298 μὴ
1120 2226 1447 2298 παραδέχου,
1505 2226 1639 2297 μηδὲ
1680 2225 1805 2289 τοὺς
1834 2242 2000 2279 συκο-

416 2322 751 2394 φαντοῦντας
806 2319 1185 2389 ὲναγκαλίζου,
1223 2319 1358 2390 μηδὲ
1412 2317 1636 2387 φαύλοις
1687 2315 2001 2388 ἀνθρώποις

415 2418 539 2488 εἱκῆ
563 2416 807 2471 πίστευε.
833 2412 901 2469 Οἱ
927 2413 1027 2483 μὲν
1066 2413 1176 2483 γὰρ
1207 2409 1464 2474 πολλάκις
1496 2410 1619 2468 τοὺς
1645 2407 1882 2477 ἀγαθοὺς
1906 2407 2001 2462 ἄν·

414 2512 547 2582 δρας
567 2509 655 2563 διὰ
679 2508 879 2572 κακίας
927 2506 1195 2576 ὑπόληψιν
1219 2505 1526 2570 ἀπώλεσαν,
1565 2504 1615 2557 oi
1659 2502 1718 2557 δὲ
1747 2503 1876 2566 τοὺς
1915 2502 1998 2555 oi-

414 2599 595 2662 κείους
617 2597 720 2667 τῆς
746 2597 946 2659 κακίας
972 2596 1178 2667 θυμοὺς
1209 2596 1492 2666 ἐμοῦντες,
1541 2594 1721 2649 ἀθώου
1769 2593 2001 2665 αἵματος

414 2688 715 2744 ὑπεύθυνόν
754 2705 815 2741 σε
842 2690 1291 2760 καταστήσουσιν,
1323 2689 1373 2742 oi
1396 2688 1453 2741 δὲ
1478 2686 1718 2740 ὕποπτόν
1748 2703 1808 2739 σε
1840 2684 2001 2756 ποιή-

415 2799 635 2849 σουσιν,
698 2780 775 2845 ὡς
833 2781 1093 2851 χαίροντα
1154 2781 1267 2843 τοῖς
1324 2780 1532 2841 κακοῖς.
1588 2776 1724 2831 Μεθ’
1776 2767 1853 2829 ὦν
1890 2775 2002 2847 γὰρ

414 2872 777 2942 ἀναστρέφειν
810 2870 1018 2934 ποθεῖς,
1057 2868 1153 2923 καὶ
1192 2863 1273 2932 οἷς
1308 2868 1589 2921 πιστεύειν
1651 2865 2001 2936 φιλονεικεῖς,

412 2964 507 3016 καὶ
562 2962 627 3016 σὺ
688 2961 817 3025 τοὺς
869 2959 1047 3016 αὐτῶν
1105 2959 1341 3030 τρόπους
1407 2957 1648 3027 εὐλόγως
1704 2956 2001 3028 κεκτῆσθαι

411 3053 609 3121 δόξεις.

827 3144 967 3214 Περὶ
984 3144 1246 3213 μελέτης
1283 3142 1545 3215 γραφῶν.

438 3282 441 3284 -
495 3237 759 3312 Ἱστορίας
788 3238 1020 3311 ἀρχαίας
1044 3236 1364 3308 ὲξέρχεσθαι
1398 3237 1475 3308 μὴ
1510 3240 1799 3291 κατόκνειο
1823 3235 1882 3289 ιν
1904 3233 2003 3288 αὐ-

407 3334 532 3395 ταῖς
589 3331 699 3402 γάρ
749 3330 1002 3402 εὑρήσεις
1047 3330 1272 3393 ἀκόπως
1330 3328 1475 3403 ᾇπερ
1534 3328 1713 3400 ἕτεροι
1767 3327 2003 3400 ωνῆξαν

411 3422 684 3492 ὲγκόπως.
719 3421 832 3477 Καὶ
868 3421 1063 3492 μάθοις
1095 3421 1305 3477 ἐκεῖθεν
1327 3422 1426 3487 τάς
1458 3439 1517 3475 τε
1565 3421 1678 3476 τῶν
1700 3419 2005 3477 σπουδαίων

411 3517 637 3588 ἀρετὰς,
666 3515 764 3571 καὶ
795 3516 895 3579 τὰς
923 3515 1032 3569 τῶν
1062 3514 1284 3584 φαύλων
1317 3515 1535 3581 κακίας,
1565 3515 1664 3579 τάς
1682 3532 1744 3569 τε
1766 3514 1860 3569 τοῦ
1883 3514 2001 3584 βίου

412 3607 785 3681 πολυτρόπους
816 3608 1143 3680 μεταὼλάς,
1178 3608 1273 3662 καὶ
1304 3607 1412 3661 τῶν
1444 3609 1501 3662 ὲν
1561 3607 1710 3679 αὐτῷ
1740 3606 2003 3681 πραγμά-

410 3718 521 3755 των
547 3684 647 3765 τάς
668 3698 993 3769 έναλλαγάς,
1029 3699 1241 3753 καὶτοῦ
1279 3699 1488 3771 κόσμου
1519 3700 1580 3755 τὸ
1617 3700 1869 3767 ἄστατον,
1902 3698 1999 3754 καὶ

410 3792 473 3847 τὸ
500 3793 599 3865 τῆς
618 3793 796 3865 ἀρχῆς
828 3792 1270 3864 εύμετάπτωτον,
1304 3794 1401 3847 καὶ
1433 3793 1619 3858 ἁπλῶς
1652 3796 1848 3860 είπεῖν,
1886 3794 1998 3849 τῶν

413 3886 516 3956 μὲν
545 3883 764 3954 φαύλων
792 3883 892 3947 τὰς
920 3882 1180 3956 ἀμοισάς,
1210 3884 1320 3939 τῶν
1340 3883 1397 3937 δὲ
1421 3882 1727 3938 σπουδαίων
1749 3882 1998 3957 πράξεων

409 3978 510 4041 τὰς
538 3976 856 4043 ἀντιδόσεις,
882 3969 958 4030 ὧν
1010 3978 1107 4041 τὰς
1141 3977 1240 4048 μὲν
1270 3975 1470 4049 φύγῃς,
1521 3977 1608 4031 ἵνα
1641 3978 1739 4048 τῆς
1785 3976 1998 4031 ἐκεῖθεν

408 4069 568 4140 δίκης
593 4071 788 4139 πεῖραν
817 4068 895 4142 μὴ
913 4068 1106 4142 λάσῃς,
1134 4069 1231 4133 τὰς
1264 4069 1321 4123 δὲ
1359 4067 1749 4141 κατορθώσεις,
1773 4069 1859 4123 ἵνα
1886 4068 1996 4122 τῶν

410 4160 662 4217 ἐντεῦθεν
686 4161 936 4217 ἐπάθλων
964 4161 1331 4236 καταξιωθῇς.

941 4344 1081 4414 Περὶ
1108 4344 1485 4415 εὐεργεσίας.

474 4435 646 4505 Σοφόν
669 4434 724 4489 τί
751 4452 811 4489 σε
845 4435 1176 4507 νουθετήσω,
1208 4436 1305 4489 καὶ
1339 4434 1505 4507 ἄηθες
1536 4435 1667 4499 ἴσως
1687 4435 1803 4500 τοῖς
1844 4451 1987 4507 συμ-

2104 566 2197 637 qui
2230 567 2480 638 cerporis
2512 566 2743 624 formam
2770 585 2879 625 non
2904 569 3163 641 requirit,
3194 569 3292 627 sed
3329 572 3501 626 animi
3526 573 3686 629 nobi-

2106 663 2335 716 litatem.
2402 659 2541 717 Iluic
2592 661 2756 732 igitur
2801 663 2857 719 in
2888 663 3145 720 omnibus
3191 664 3410 736 placere
3433 662 3681 729 studeas.

2104 752 2252 807 illius
2304 752 2594 823 imaginem
2659 770 2853 826 puram
2908 756 3397 827 incorruptamque
3421 771 3519 828 per
3550 765 3681 813 tem-

2103 844 2406 916 perantiam
2446 833 2534 902 ach
2567 861 2786 903 morum
2809 847 3105 918 puritatem
3136 847 3191 902 in
3217 857 3271 903 te
3301 847 3424 920 ipso
3456 862 3687 905 conser-

2106 954 2264 995 vans.

2699 1031 2773 1089 De
2804 1033 3091 1088 medicina.

2172 1121 2367 1178 Medici
2414 1123 2571 1179 labor
2626 1122 2810 1181 inanis
2829 1133 2934 1190 est,
2979 1125 3026 1182 si
3054 1140 3176 1197 qua:
3198 1125 3267 1184 ab
3295 1138 3364 1181 eo
3394 1123 3689 1181 exhibetur

2099 1214 2370 1270 medicina
2403 1230 2603 1287 corpus
2632 1230 2741 1270 non
2759 1222 2958 1271 curat:
2983 1215 3060 1270 ita
3102 1230 3243 1271 vana
3265 1225 3351 1272 est
3378 1213 3690 1285 philosophi

2104 1308 2310 1372 oratio,
2341 1324 2463 1378 quae
2499 1323 2609 1364 non
2638 1316 2820 1379 potest
2849 1308 3015 1364 animi
3044 1306 3560 1379 perturbationibus
3583 1323 3693 1361 me-

2100 1398 2239 1455 deri.
2280 1399 2435 1455 Sicut
2475 1401 2621 1455 enim
2673 1399 2904 1457 medicis
2934 1401 3218 1471 proprium
3243 1408 3330 1458 est
3355 1399 3425 1456 de
3446 1399 3695 1471 corpori-

2099 1490 2206 1548 bus
2233 1491 2627 1568 philosophari,
2668 1492 2743 1547 ita
2794 1498 2851 1547 et
2896 1493 3264 1563 philosophos
3348 1506 3581 1548 necesse
3608 1503 3695 1547 est

2099 1583 2269 1640 animi
2304 1585 2512 1640 morbis
2563 1584 2888 1641 medicinam
2941 1583 3147 1642 facere.
3203 1583 3313 1640 Eos
3342 1584 3507 1657 igitur
3535 1598 3694 1641 veros

2099 1678 2346 1735 medicos
2399 1679 2675 1745 existima,
2705 1678 2800 1749 qui
2857 1690 2975 1734 arte
3001 1694 3102 1735 sua
3133 1679 3355 1735 morbos
3376 1694 3409 1734 e
3435 1676 3696 1749 corpori-

2105 1767 2215 1824 bus
2271 1768 2575 1839 expellunt,
2609 1777 2665 1823 et
2700 1767 3055 1839 philosophos
3097 1784 3206 1824 non
3247 1770 3406 1839 fictos
3433 1768 3686 1840 quicum-

2099 1876 2208 1932 que
2235 1861 2593 1933 persuasione
2616 1876 2717 1918 sua
2745 1861 3081 1932 cupiditates
3121 1876 3188 1918 ex
3232 1860 3525 1935 hominum
3564 1861 3690 1917 ani-

2098 1954 2205 2009 mis
2256 1953 2515 2020 eveilunt,
2574 1956 2621 2009 si
2688 1954 2857 2011 modo
2891 1955 3261 2027 obsequentes
3318 1954 3425 2011 sibi
3457 1953 3687 2010 omnino

2102 2042 2337 2099 habeant
2369 2044 2643 2107 infirmos.

2600 2136 2674 2192 De
2704 2138 3213 2196 calumniatoribus.

2170 2227 2291 2283 Noli
2358 2242 2522 2284 aures
2574 2228 2827 2286 futilibus
2883 2231 3124 2302 praebere
3173 2229 3548 2297 sermonibus,
3596 2238 3695 2286 aut

2104 2320 2546 2377 calumniatores
2574 2320 2781 2387 fovere,
2810 2333 2908 2379 aut
2942 2323 3213 2394 improbis
3252 2322 3576 2379 hominibus
3608 2332 3691 2379 le-

2101 2424 2249 2463 ntere
2294 2410 2543 2467 credere.
2597 2410 2680 2466 illi
2711 2412 2857 2467 enim
2904 2426 3283 2483 saepenumero
3326 2413 3476 2469 viros
3517 2413 3692 2471 bonos

2100 2510 2325 2572 propter
2381 2502 2751 2574 improbitatis
2797 2503 3171 2575 suspicionem
3235 2503 3565 2571 afflixeruut,
3627 2504 3687 2562 bi

2101 2606 2235 2648 vero
2264 2595 2501 2664 propria:
2529 2593 2898 2664 improbitatis
2928 2594 3041 2650 iras
3070 2600 3387 2650 evomentes
3411 2594 3675 2655 innocen-

2108 2682 2182 2738 tis
2210 2683 2497 2753 sanguinis
2529 2698 2681 2738 reum
2745 2691 2799 2741 te
2834 2686 3198 2751 constituent,
3236 2694 3331 2739 aut
3361 2693 3681 2757 suspectum

2109 2772 2339 2828 reddent
2376 2776 2532 2844 quasi
2572 2774 2947 2845 improborum
2980 2775 3383 2831 consuetudine
3423 2777 3684 2846 gaudeas.

2103 2867 2452 2935 Quibuscum
2483 2870 2629 2925 enim
2673 2885 2828 2926 amas
2874 2886 3255 2937 consuescere,
3289 2879 3343 2926 et
3385 2870 3585 2940 quibus
3622 2870 3689 2923 fi-

2105 2957 2229 3013 dem
2261 2957 2462 3014 habere
2494 2960 2662 3027 soles,
2694 2975 2804 3015 non
2834 2960 3115 3017 immerito
3142 2976 3335 3018 eorum
3373 2975 3558 3017 mores
3600 2960 3689 3017 in»

2106 3049 2291 3107 duisse
2329 3050 2690 3123 judica'beris.

2479 3143 2554 3199 De
2583 3146 2765 3201 studio
2800 3146 3005 3218 legendi
3025 3147 3301 3204 historias.

2181 3236 2456 3296 Historias
2479 3247 2721 3294 veterum
2749 3240 3000 3297 evolvere
3024 3257 3095 3297 ne
3118 3250 3173 3298 te
3204 3242 3383 3313 pigeat
3410 3256 3425 3294 :
3450 3239 3522 3296 ibi
3539 3240 3685 3299 enim

2109 3334 2234 3392 sine
2294 3332 2481 3388 labore
2512 3331 2754 3402 reperies
2793 3350 2915 3403 quae
2948 3334 3040 3389 alii
3087 3350 3288 3406 magno
3332 3350 3457 3389 cum
3498 3334 3688 3390 labore

2108 3427 2528 3492 congesserunt.
2583 3421 2761 3491 Atque
2828 3420 2955 3478 inde
3010 3423 3282 3481 bonorum
3326 3423 3583 3486 virtutes.
3625 3432 3683 3480 et

2108 3513 2483 3584 improborum
2504 3512 2637 3568 vitia
2661 3527 2987 3585 cognosces,
3011 3524 3065 3571 et
3092 3516 3272 3571 varius
3293 3515 3546 3570 humanae
3565 3515 3687 3571 vita

2106 3607 2460 3673 mutationes,
2498 3617 2554 3663 et
2579 3622 2762 3663 rerum
2791 3623 2913 3678 qua:
2944 3609 2996 3663 in
3035 3608 3151 3679 ipsa
3206 3608 3342 3663 ﬁunt
3397 3608 3685 3664 vicissitu-

2106 3699 2288 3764 dines,
2317 3714 2442 3753 cutu
2469 3713 2657 3754 rerum
2690 3699 3054 3754 humanarum
3093 3699 3537 3765 instabilitatem,
3566 3710 3679 3754 tum

2104 3789 2319 3861 imperii
2359 3789 2428 3845 ad
2468 3790 2774 3846 cadendum
2806 3792 3244 3862 proclivitatem,
3283 3800 3446 3863 atque
3479 3801 3540 3847 ut
3573 3807 3683 3847 uno

2104 3881 2275 3938 verbo
2291 3881 2489 3947 dicam,
2510 3881 2899 3938 maleficiorum
2931 3883 3151 3954 quidem
3176 3898 3387 3953 poenas,
3413 3884 3679 3938 virtutum

2102 3989 2236 4030 vero
2269 3974 2493 4045 praemia
2529 3975 2714 4047 leges;
2742 3990 2975 4047 quorum
3009 3977 3100 4031 illa
3136 3976 3357 4048 quidem
3376 3974 3669 4044 devitabis,

2102 4084 2174 4126 ne
2225 4069 2473 4136 ultionis,
2513 4086 2636 4141 quae
2668 4071 2760 4125 illa
2797 4074 3169 4142 persequitur,
3202 4073 3551 4129 severitatem
3583 4088 3683 4145 pa-

2103 4160 2294 4227 tiaris;
2327 4161 2463 4217 istas
2491 4178 2623 4218 vero
2650 4163 2997 4234 amplecteris
3030 4171 3090 4219 ut
3122 4163 3307 4221 debita
3324 4163 3433 4220 illis
3454 4164 3680 4236 praemia

2104 4254 2364 4325 consequi
2398 4255 2681 4312 merearis.

2665 4348 2744 4404 De
2772 4349 3128 4420 beneﬁcentia.

2172 4436 2438 4509 Regulam
2476 4441 2574 4495 tibi
2611 4443 2938 4512 sapientem,
2975 4444 3100 4500 licet
3151 4443 3220 4500 ab
3248 4460 3351 4501 usu
3382 4444 3683 4501 consulen-

414 4527 748 4594 δουλεύουσι,
779 4526 919 4600 πλὴν
950 4528 1046 4582 καὶ⁵
1076 4528 1283 4600 πατρὸς
1318 4527 1414 4582 καὶ
1446 4528 1679 4601 στοργῆς
1702 4528 1805 4584 οὐκ
1862 4528 1993 4583 ἀνά-

2101 4528 2235 4585 tium
2268 4531 2524 4589 fortassis
2571 4533 2828 4597 alienam,
2871 4533 2969 4601 fili,
2996 4550 3287 4607 suggeram
3336 4544 3563 4608 paterno
3600 4545 3684 4592 ta-

412 4618 545 4685 ξιον.
577 4620 797 4675 Μᾶλλον
853 4618 1144 4691 ἀποδέχου,
1173 4619 1386 4687 τέκνον,
1416 4618 1542 4684 τοὺς
1572 4620 1728 4693 παρὰ
1757 4618 1853 4675 σοῦ
1888 4621 1995 4675 δω-

414 4711 541 4783 ρεὰς
578 4710 963 4780 ἐξαιτοῦντας,
1004 4712 1038 4785 ἢ
1081 4713 1209 4777 τοὺς
1252 4711 1402 4785 δῶρά
1448 4729 1532 4767 σοι
1587 4711 1997 4785 φιλοτιμότερον

411 4805 900 4877 προσκομίζοντας.
916 4806 1057 4871 Τοὺς
1083 4805 1184 4878 μὲν
1206 4805 1313 4878 γάρ
1331 4806 1616 4879 χρεώστας
1631 4808 1997 4879 καταστήσεις

408 4897 735 4968 εὐχομένους
772 4915 854 4952 σοι
883 4897 953 4952 τὰ
982 4897 1164 4967 ἀγαθά
1193 4897 1347 4970 παρά
1378 4896 1474 4951 τοῦ
1500 4896 1671 4952 Θεοῦ*
1701 4897 1997 4952 κάντεῦθεν

409 4990 507 5043 καὶ
535 4990 696 5043 αύτόν
728 4989 818 5043 τὸν
850 4989 981 5045 Θεὸν
1013 4989 1299 5061 ὀφειλέτην
1335 4991 1607 5056 ποιήσεις,
1635 4988 1735 5054 τὰς
1762 4988 1997 5060 ἀμοιὸάς

409 5096 494 5135 σοι
524 5083 871 5156 χρεωστικῶς
897 5083 1243 5154 ἀπονέμοντα
1265 5100 1278 5113 ·
1301 5082 1410 5137 τῶν
1428 5082 1485 5136 δὲ
1508 5081 1796 5154 χρεώστης
1825 5081 2001 5151 ὺπάρ,

408 5174 543 5242 ξεις,
575 5174 669 5227 καὶ
695 5173 770 5236 ώς
805 5174 1100 5247 εὐεργέτας
1132 5174 1315 5237 αἰδοῦς
1345 5173 1700 5245 ἀνελευθέρου
1721 5172 1994 5240 καταξιώ-

410 5283 544 5331 σεις.
580 5265 768 5329 Θέλοις
795 5265 890 5320 οῦν
910 5266 1220 5338 εὐεργετεῖν
1246 5267 1344 5338 μὲν
1362 5266 1614 5330 ἅπαντας
1645 5266 1991 5339 ἀνθρώπους,

407 5358 811 5432 εὐεργετεῖσθαι
838 5358 895 5412 δὲ
928 5357 1059 5430 παρ’
1089 5358 1306 5422 οὐδενὸς
1335 5357 1445 5412 τῶν
1491 5358 1821 5430 ἀνθρώπων,
1872 5358 1996 5413 ἀλλ’

407 5448 440 5519 ἢ
477 5451 632 5519 ποιρά
664 5447 827 5519 μόνου
845 5448 1013 5503 Θεοῦο
1032 5449 1190 5504 τοῦτο
1216 5448 1327 5520 γὰρ
1356 5449 1527 5514 δντως
1560 5449 1815 5523 ἁρμόδιον
1838 5449 1994 5505 ἐλευ-

406 5536 552 5610 θέρῳ
585 5536 680 5592 καὶ
708 5538 901 5610 ἀληθεῖ
923 5538 1179 5609 τυγχάνει
1213 5537 1443 5610 βασιλεῖ.
1490 5539 1601 5595 Καὶ
1625 5542 1737 5605 τοῖς
1767 5540 1868 5610 μὲν
1900 5541 1991 5594 ai-

377 5627 559 5683 ’τοῦσι
590 5629 756 5697 δίδου,
812 5630 907 5685 καὶ
959 5629 1155 5703 στέργε
1187 5630 1447 5696 ’τούτους⁸
1478 5633 1604 5697 τοὺς
1637 5632 1695 5687 δὲ
1745 5633 1987 5697 διδόντας

405 5716 571 5793 ἧττον
604 5723 890 5795 ἀποδέχου.
910 5723 1136 5789 Τούτοις
1161 5723 1261 5797 μὲν
1288 5724 1398 5798 γὰρ
1424 5725 1547 5790 ὅλος
1569 5726 1598 5779 ό
1635 5726 1836 5789 σκοπὸς
1886 5728 1987 5797 τὴν

406 5816 569 5887 χάριν
605 5815 943 5875 ἀντιλαϐεἴνο
1006 5816 1235 5883 ἐκείνοις
1290 5816 1347 5872 δὲ
1378 5816 1566 5873 ἅπασα
1618 5819 1825 5893 σπουδὴ
1881 5822 1981 5893 τὴν

2100 4638 2224 4679 men
2256 4640 2441 4681 amore
2470 4641 2580 4681 non
2613 4625 2926 4698 indignam.
2962 4627 3072 4685 Eos
3102 4629 3368 4701 approba,
3421 4629 3521 4696 ﬁli,
3576 4645 3678 4701 po-

2100 4714 2235 4782 tius,
2271 4714 2364 4785 qui
2398 4730 2427 4769 a
2468 4723 2523 4771 te
2552 4732 2782 4772 munera
2816 4718 3200 4788 postulabunt,
3232 4733 3395 4790 quam
3429 4719 3523 4791 qui
3559 4732 3681 4774 am—

2098 4805 2297 4863 bitiose
2325 4822 2424 4864 sua
2449 4808 2546 4864 tibi
2574 4808 2720 4865 dona
2748 4808 3063 4865 obtrudeut.
3102 4809 3227 4867 illos
3269 4810 3416 4867 enim
3466 4809 3681 4866 obtera-

2102 4908 2187 4953 tos
2228 4897 2324 4954 tibi
2348 4901 2669 4965 constitues,
2702 4901 2795 4971 qui
2830 4901 2979 4956 tibia
3018 4901 3131 4958 Deo
3180 4902 3326 4961 bona
3372 4902 3680 4975 precabun-

2100 5000 2213 5059 tur,
2238 4994 2302 5047 'et
2348 4991 2528 5064 ipsum
2595 4993 2759 5049 etiam
2812 4992 2981 5049 Deum
3014 4994 3319 5051 debitorem
3359 4994 3550 5062 facies,
3586 4994 3679 5064 qui

2099 5084 2512 5141 benefactorum
2578 5088 3078 5143 remunerationem
3161 5088 3460 5159 persolvet,
3521 5091 3680 5160 quasi

2102 5175 2381 5247 obligatus
2416 5195 2432 5232 :
2464 5176 2590 5233 istis
2615 5185 2796 5233 autem
2854 5178 3070 5234 debitor
3101 5180 3217 5249 ipse
3250 5178 3601 5249 obligaberis,
3629 5191 3685 5235 et

2099 5270 2258 5341 quasi
2277 5269 2654 5327 benefactores
2686 5272 2990 5327 reverentia
3018 5274 3254 5342 quadam
3279 5272 3526 5328 illiberali
3556 5288 3685 5343 pro-

2100 5363 2369 5434 sequeris.
2421 5362 2569 5420 Veiis
2609 5379 2739 5436 ergo
2787 5366 2969 5435 potius
2999 5380 3193 5421 omnes
3244 5364 3499 5422 homines
3530 5366 3675 5420 obli-

2098 5468 2228 5523 gare
2274 5453 2370 5509 tibi
2407 5453 2714 5519 beneficiis,
2765 5456 2881 5525 ipse
2925 5463 3110 5511 autem
3174 5454 3375 5510 nemini
3444 5454 3679 5523 obligari

2099 5544 2207 5599 nisi
2248 5546 2341 5599 uni
2399 5554 2454 5602 et
2494 5546 2599 5602 soli
2650 5546 2779 5603 Deo.
2820 5548 2935 5602 Hoc
2979 5548 3127 5602 enim
3192 5546 3439 5618 profecto
3493 5550 3671 5619 magis

2096 5653 2398 5709 congruum
2443 5649 2528 5696 est
2582 5657 2848 5712 generoso
2892 5650 2947 5698 ct
2983 5643 3271 5713 magnifico
3327 5642 3670 5711 imperatori.

2096 5726 2320 5801 Largire
2344 5732 2509 5801 igitur
2531 5733 2865 5803 pclt‘nl‘bus,
2898 5742 3062 5803 atquc
3091 5734 3227 5789 istos
3266 5735 3629 5803 complectere
3659 5750 3675 5788 :

2096 5836 2191 5879 eos
2258 5831 2442 5879 autem
2492 5826 2584 5896 qui
2654 5825 2750 5882 tibi
2800 5824 3031 5881 offerent
3064 5826 3237 5897 magis
3278 5826 3539 5897 reproba.
3603 5825 3676 5881 lis
