4098 6292
461 332 518 373 τι
1791 325 2079 386 PROLEG

2055 323 2364 384 ΞΟΜΕΝΑ.
3605 333 3673 375 ιιι

465 431 612 485 enim
648 430 751 487 hoc
770 433 1109 504 propositum
1137 444 1239 497 est.
1267 441 1325 489 ut
1355 451 1382 488 a
1407 443 1459 489 te
1488 452 1709 490 munera
1743 436 2012 499 auferunt,
2046 445 2083 500 Α

2055 445 2087 500 Α
2119 432 2277 502 χάριν
2317 432 2723 496 ἀνταποδοῦναι,
2756 435 2802 486 εἰ
2857 433 2956 502 μὲν
3008 435 3238 506 ἔχουσιν,
3297 437 3673 506 ἀνθρωπίνην,

470 523 578 577 illis
607 534 782 579 autem
817 538 980 579 omne
1010 525 1244 580 stuilium
1274 530 1394 586 erit.
1420 535 1475 580 ut
1499 527 1722 593 gratiam
1752 525 1844 578 tibi
1888 525 2033 578 refe-

1931 525 2033 578 afe-
2139 524 2188 576 εἰ
2223 523 2278 576 δὲ
2308 522 2381 592 μὴ
2412 522 2612 593 ἔχουσι,
2649 526 3052 581 πολλαπλασίαν
3086 529 3233 599 παρὰ
3270 528 3364 583 τοῦ
3394 529 3549 583 Θεοῦ.

474 625 618 677 rant.
658 617 970 673 humanitus
1025 617 1243 687 quidem
1291 617 1338 674 si
1378 618 1636 674 solvendo
1667 626 1868 683 erunt;
1906 616 1995 671 sin
2034 617 2238 682 secus,l
2270 616 2622 684 multiplicem
2671 633 2700 670 a
2738 618 2846 672 Deo
2882 618 2979 673 tibi
3022 621 3270 688 precibus
3300 621 3674 692 impetrautes-

1033 735 1104 790 De
1137 735 1426 791 nobilitate.
1448 741 1452 746 ’

2660 737 2792 804 Περὶ
2819 739 3140 807 εὐγενείας.

545 827 823 882 Summam
873 830 1122 894 injuniam
1181 829 1428 898 corporis
1487 828 1753 884 nobilitati
1789 829 1921 885 facit
1967 831 2014 885 is

2203 828 2442 897 Ὑδρίζει
2473 829 2568 900 τὴν
2605 829 2696 882 τοῦ
2727 829 2973 898 σώματος
3014 830 3290 898 εὐγένειαν
3344 831 3604 902 ἐσχάτως,
3651 836 3683 888 ὸ

473 920 565 988 qui
596 919 758 974 animi
789 921 1124 976 nobilitatem
1184 925 1423 995 negligit.
1454 924 1532 979 Tu
1551 942 1682 997 ergo
1712 930 1870 998 regia:
1897 943 2020 983 cor-

2125 920 2221 990 τὴν
2239 921 2338 990 τῆς
2369 920 2542 990 ψυχῆς
2577 921 2853 989 εὐγένειαν
2885 919 2958 990 μὴ
3006 921 3360 991 κεκτημένος.
3391 924 3500 978 Καὶ
3520 925 3683 988 αὐτὸς

477 1009 624 1079 poris
654 1010 923 1065 nobilitati
955 1027 1115 1081 quam
1151 1015 1314 1070 babes
1348 1015 1436 1070 fac
1466 1026 1521 1070 ut
1561 1019 1727 1074 animi
1759 1019 2017 1074 nobilita-

2125 1007 2218 1065 οὖν
2250 1012 2345 1066 σὺν
2374 1013 2439 1081 τῇ
2472 1011 2566 1064 τοῦ
2603 1010 2852 1080 σώματος
2890 1012 3137 1082 βασιλικῇ
3166 1013 3432 1084 εὐγενείᾳ,
3479 1017 3682 1085 κτῆσαι

474 1107 605 1163 tem,
635 1116 755 1170 qua
785 1118 993 1156 summa
1023 1112 1126 1169 est,
1160 1107 1453 1178 adiungas;
1489 1109 1576 1164 illa
1605 1108 1750 1166 enim
1776 1127 1804 1166 a
1829 1121 2020 1167 natura

2128 1104 2222 1156 καὶ
2250 1104 2348 1164 τὴν
2407 1105 2504 1173 τῆς
2539 1101 2716 1172 ψυχῆς
2781 1103 3083 1172 ἀκροτάτην
3130 1104 3441 1170 εὐγένειαν
3501 1107 3682 1176 ἐκείνη

475 1199 530 1243 et
565 1191 687 1247 sine
720 1192 945 1262 praemio
975 1195 1228 1252 habetur.
1270 1198 1384 1254 haec
1407 1216 1535 1255 vero
1580 1217 1609 1254 a
1641 1202 1939 1269 voluntate,
1970 1211 2024 1258 et

2129 1193 2227 1260 μὲν
2243 1191 2349 1262 γάρ
2381 1195 2496 1245 ἐστι
2526 1192 2727 1262 φυσικὴ
2760 1195 2852 1246 καὶ
2878 1193 3124 1262 ἄμισθος.
3165 1193 3305 1268 αὕτη
3336 1196 3390 1249 δὲ
3423 1213 3685 1267 προαιρε-

476 1281 775 1336 mereedem
804 1282 1145 1352 conjunctam
1170 1287 1348 1343 habet.
1371 1287 1588 1344 Honora
1605 1306 1740 1360 ergo
1760 1287 2025 1359 et’lauda,

2130 1283 2258 1354 τικὴ
2341 1285 2432 1337 καὶ
2489 1283 2773 1353 ἔμμισθος.
2826 1285 2934 1338 Καὶ
2988 1286 3121 1355 τίμα
3190 1287 3288 1356 μὲν
3339 1288 3434 1343 καὶ
3488 1290 3687 1344 ἀποδέ-

478 1387 588 1427 non
616 1387 734 1434 eos.
767 1374 864 1444 qui
894 1389 1123 1444 corpore
1150 1386 1282 1430 sunt
1332 1380 1563 1444 nobiles,
1589 1376 1696 1436 sed'
1721 1383 1902 1452 potius
1932 1398 2027 1438 eos

2126 1389 2219 1441 χου
2249 1372 2322 1442 μὴ
2354 1372 2478 1436 τοὺς
2504 1441 2506 1443 γ
2531 1375 2765 1440 εὐγενεῖς
2795 1373 2871 1443 τῷ
2906 1373 3308 1444 «(spumam
3363 1377 3489 1438 τοὺς
3524 1393 3688 1446 κεχα-

476 1464 570 1533 qui
607 1473 736 1518 sunt
787 1467 966 1520 animo
1012 1467 1178 1522 variis
1230 1468 1522 1525 virtutibus
1575 1482 1786 1528 ornato.
1839 1471 2027 1542 Neque

2133 1462 2417 1530 ρισμένους
2464 1460 2541 1532 τῷ
2594 1464 2882 1532 πνεύματι.
2922 1463 2997 1517 Οὐ
3056 1465 3163 1536 7&9
3208 1467 3406 1537 ὁμοίως
3464 1473 3573 1532 τοῖς
3601 1471 3691 1524 ἀλ·

479 1557 629 1610 enim
688 1556 850 1611 debet
911 1559 1070 1612 homo
1109 1557 1230 1613 sola
1259 1561 1508 1629 corporis
1536 1562 1844 1630 nobilitate,
1886 1565 2030 1619 sicut

2184 1569 2242 1616 »ις
2265 1552 2422 1618 ζώοις
2475 1553 2567 1608 καὶ
2609 1555 2639 1607 ὁ
2682 1555 2966 1626 ἄνθρωπος
3033 1557 3235 1627 ὀφείλει
3292 1561 3502 1631 γυμνὴν
3545 1560 3690 1632 ἔχειν
3797 1591 3802 1596 -

481 1654 673 1699 caetera
706 1646 978 1710 animalia,
1000 1633 1124 1703 esse
1151 1657 1460 1704 contentus.
1508 1649 1641 1704 Nam
1673 1654 1796 1721 equi
1832 1652 2031 1708 nobili-

2132 1643 2230 1714 τὴν
2258 1645 2351 1697 τοῦ
2381 1645 2630 1716 σώματος
2656 1647 3158 1716 εὕγένεισ.ν.”ῐππου
3187 1648 3284 1719 μὲν
3312 1651 3418 1721 γὰρ
3447 1652 3691 1720 εὐγένεια

482 1744 569 1791 tas
594 1745 678 1791 est
705 1745 765 1791 ut
817 1739 888 1792 sit
917 1737 1067 1793 ferox
1114 1748 1274 1810 atque
1323 1738 1640 1808 interritus;
1673 1743 1825 1799 canis
1856 1752 1910 1797 ut
1960 1745 2038 1798 la-
2068 1732 2100 1787 Β

2073 1732 2106 1787 Β
2135 1735 2193 1786 τὺ
2220 1735 2446 1806 σοϐαρόν
2475 1753 2532 1790 τε
2565 1737 2659 1790 καλ⁸
2710 1738 2968 1799 εὐσταθές
2987 1755 3005 1771 ο
3037 1740 3190 1804 κυνὸς
3225 1741 3282 1794 δὲ
3315 1739 3374 1794 τὸ
3405 1741 3691 1796 ὑλακτικὸν

482 1831 658 1879 trator
692 1839 816 1879 acer
845 1825 898 1880 in
926 1828 1314 1898 persequendis
1347 1828 1500 1897 feris,
1521 1831 1660 1884 etde
1686 1834 1899 1889 caeteris
1920 1834 2037 1888 ani-

2134 1844 2192 1878 τε
2227 1827 2320 1879 καὶ
2366 1828 2737 1895 κυνηγετικὸν,
2771 1829 2866 1882 καὶ
2901 1829 3010 1882 τῶν
3042 1830 3217 1884 ἄλλων
3264 1830 3419 1896 ζώων
3456 1831 3653 1903 ὁμοίως
3674 1848 3690 1862 ·

488 1919 764 1974 mantibus
794 1919 1045 1976 similiter
1079 1942 1096 1979 :
1130 1922 1364 1980 bominis
1393 1939 1544 1989 vero,
1579 1933 1636 1978 ut
1665 1926 1904 1979 animum
1941 1925 2038 1980 ba-

2137 1915 2423 1989 ἀνθρώπου
2463 1918 2542 1981 δὲ,
2571 1918 2633 1972 τὺ
2660 1919 2760 1989 τὴν
2813 1921 2989 1991 ψυχὴν
3025 1921 3168 1991 ἔχειν
3215 1923 3492 1987 παντοίαις
3535 1941 3693 1977 κεκο-

489 2011 610 2064 heat
664 2009 810 2065 omni
840 2010 1097 2067 virtutum
1151 2029 1348 2083 genere
1375 2023 1716 2072 exornatum.
1775 2014 2038 2085 Corporis

2138 2009 2422 2080 σμημένην
2451 2011 2694 2081 ἀρεταῖς.
2735 2011 2854 2065 Τῶν
2887 2012 2986 2081 μὲν
3013 2013 3120 2082 γὰρ
3137 2015 3444 2083 σωμάτωνό
3470 2016 3692 2084 κόσμος,

488 2108 715 2156 ornatus
773 2110 858 2158 est
887 2103 1081 2171 forma,
1143 2114 1196 2161 et
1247 2107 1434 2172 robur,
1466 2115 1520 2161 et
1567 2106 1709 2160 bona
1745 2105 2037 2162 valetudo:

2139 2097 2332 2160 κᾶλλος
2363 2099 2455 2151 καὶ
2503 2098 2659 2171 ῥώμη
2687 2101 2781 2152 καὶ
2836 2100 3051 2165 εὐεξία·
3085 2101 3192 2156 τῶν
3237 2103 3296 2157 δὲ
3350 2102 3555 2174 ψυχῶν,
3608 2104 3694 2157 λό-

489 2191 655 2246 animi
711 2201 890 2249 autem
926 2198 1266 2266 generositas
1336 2197 1388 2252 in
1441 2197 1621 2252 verbis
1667 2198 2038 2268 moribusque,

2140 2205 2233 2257 7o;
2265 2188 2362 2242 καὶ
2383 2190 2584 2257 τρόπος
2611 2189 2835 2258 ἀγαθὸς,
2889 2192 2982 2244 καὶ
3011 2189 3117 2245 τιῖιν
3145 2193 3355 2264 ἀρετῶν
3403 2196 3435 2266 ἡ
3479 2195 3697 2249 τελείω-

491 2296 554 2338 ac
584 2282 842 2339 virtutum
871 2286 1113 2341 omnium
1145 2285 1475 2357 perfectione
1503 2288 1769 2343 consistit.
2142 2296 2246 2343 σις-

1080 2396 1156 2450 De
1186 2398 1457 2465 patientia.
2672 2400 2698 2450 1

2672 2396 2806 2466 Περὶ
2838 2399 3164 2467 ὑπομονῆς.

563 2475 847 2558 Nunquam
875 2489 926 2544 in
955 2505 1014 2544 re
1040 2490 1170 2554 ulla,
1208 2491 1276 2543 nui
1309 2489 1402 2553 ﬁli,
1433 2493 1691 2543 adversus
1718 2486 1880 2541 Deum
1939 2489 2044 2542 ira-
2150 2557 2155 2562 η

2150 2557 2155 2562 η
2215 2489 2498 2557 Μηδέποτε
2530 2489 2664 2561 πρὸς
2683 2489 2814 2544 Θεὸν
2834 2491 3238 2563 ἀγανακτήσῃς,
3270 2492 3476 2558 τέκνον,
3530 2494 3589 2547 ὲν
3608 2494 3695 2548 οὐ·

496 2583 671 2640 scaris
703 2601 717 2636 :
752 2583 801 2636 id
835 2585 975 2638 enim
1003 2599 1370 2655 saepenumero
1407 2583 1569 2636 animi
1601 2581 1813 2637 exilitas
1837 2579 2046 2636 edicere

2145 2579 2284 2634 δενί’
2329 2581 2486 2635 τοῦτο
2535 2583 2643 2652 γὰρ
2669 2581 2924 2644 πολλάκις
2949 2579 3150 2653 οἷδενὴ
3189 2585 3525 2656 μικροψυχία
3572 2603 3696 2654 γιν-

499 2672 641 2727 solet
681 2688 696 2725 :
750 2673 841 2728 sed
890 2691 1046 2744 aequo
1097 2670 1278 2730 animo
1307 2690 1467 2732 casus
1493 2689 1679 2728 omnes
1703 2671 1960 2741 perferto,
1993 2678 2049 2728 et

2145 2675 2242 2746 νᾷν
2261 2689 2276 2703 ⁸
2303 2675 2418 2728 ἀλλ’
2435 2675 2764 2746 εὐχαρίστως
2788 2675 3001 2731 ἅπαντα
3020 2676 3174 2748 δέχου
3194 2678 3262 2731 τά
3284 2679 3699 2748 περιπίπτοντα,

501 2763 620 2818 sine
655 2767 1002 2821 cunctatione
1055 2768 1160 2820 ulla
1212 2767 1590 2834 obtemperate
1651 2764 1901 2821 omnibus
1931 2777 2050 2833 quae

2149 2767 2242 2820 καὶ
2273 2769 2436 2819 πᾶσιν
2468 2766 2599 2819 ἕπου
2647 2767 3048 2833 ἀνενδοιάστως,
3099 2763 3181 2830 οἷς
3209 2769 3276 2822 ἂν
3339 2769 3461 2840 θέλῃ
3514 2772 3542 2825 ὁ
3569 2771 3699 2833 Θεὸς

500 2847 602 2908 tibi
648 2855 789 2910 Deus
835 2857 1118 2928 obtingere
1160 2859 1423 2925 voluerit;
1470 2859 1514 2914 si
1554 2858 1807 2928 gaudere,
1842 2856 2049 2927 gaude;

2149 2857 2400 2928 γενέσθαι
2450 2858 2578 2929 περὶ
2616 2864 2706 2912 σε’
2737 2856 2802 2914 ἂν
2830 2859 3060 2930 χαίρειν,
3095 2862 3250 2932 χαῖρε
3274 2877 3289 2894 ο
3325 2859 3390 2916 ἂν
3420 2862 3701 2917 λυπεῖσθαι

502 2945 548 3001 si
578 2959 839 3008 maerere,
886 2961 1082 3011 tutere;
1119 2949 1163 3003 si
1194 2949 1426 3003 secunda
1463 2950 1539 3002 uti
1583 2949 1819 3010 fortuna,
1852 2957 2003 3002 utere
2033 2965 2049 3002 :

2149 2951 2356 3006 λυποῦ·
2399 2950 2465 3004 ἂν
2515 2951 2826 3020 εὐημερεῖν,
2858 2950 3150 3022 εὐημέρειο
3194 2951 3261 3006 ἂν
3297 2951 3459 3006 πάλιν
3509 2953 3702 3007 δυστυ-

503 3035 549 3090 si
593 3035 849 3102 adversa,
903 3050 1099 3108 patere.
1163 3040 1427 3096 Ouiui‘ius
1475 3040 1626 3103 cede,
1672 3040 1928 3095 omnibus
1954 3053 2048 3094 ac-
2075 3088 2118 3113 η

2086 3088 2118 3113 τ,
2154 3043 2288 3110 χεῖν,
2333 3039 2603 3109 δυστύχει.
2651 3040 2818 3092 Πᾶσιν
2845 3035 2980 3103 εἷκε,
3027 3042 3190 3094 πᾶσιν
3225 3042 3456 3113 ἀρέσκου
3478 3043 3704 3113 ’μόνης

503 3126 722 3196 quiesce
762 3146 777 3183 :
813 3143 841 3180 a
888 3139 1106 3198 peccato
1150 3129 1412 3185 duntaxat
1472 3133 1685 3187 abstine
1739 3131 1878 3186 :boc
1901 3131 2044 3185 enim
2073 3088 2119 3151 Ο

2090 3088 2634 3195 3δῖτίῆς-ἀιῖαπῖριτίας
3021 3088 3382 3201 ταυϋτιγνψῗίάρ
3429 3148 3489 3184 σε

506 3236 670 3276 unum
727 3231 813 3280 est
870 3223 1014 3292 quod
1069 3239 1342 3295 nunquam
1398 3235 1448 3280 te
1477 3225 2044 3294 admittereoportet:

2149 3218 2532 3289 καταδέχεσθαι
2549 3219 2608 3272 οὐ
2627 3221 2730 3290 χρή
2743 3241 2752 3250 ·
2766 3219 2886 3274 οὐδὲ
2903 3222 3012 3291 7&9
3034 3221 3098 3274 ὲκ
3113 3221 3270 3289 Θεοῦ,
3287 3223 3402 3277 ἀλλ’
3427 3225 3484 3288 ἐξ
3500 3226 3706 3295 ἀπροσ-

506 3315 760 3383 quoniam
797 3329 862 3369 ex
914 3314 1024 3370 Deo
1050 3330 1154 3370 non
1184 3329 1289 3384 est,
1320 3318 1429 3372 imo
1461 3333 1527 3372 ex
1581 3317 2051 3374 inconsiderantia

2150 3310 2299 3375 εξίας
2341 3310 2678 3378 ἐπιγίνεσθαι
2725 3309 2902 3365 εῖωθε.
2937 3312 3088 3382 Mnes
3116 3309 3208 3366 οὖν
3254 3314 3495 3384 εὐτυχῶν
3538 3317 3709 3385 ἐπαρ-

509 3403 630 3458 fere
662 3402 811 3458 nasci
834 3405 991 3458 solet.
1027 3404 1212 3475 Neque
1237 3423 1365 3474 ergo
1392 3408 1650 3465 secundis
1690 3409 1851 3464 rebus
1877 3408 2051 3464 extol-
2088 3434 2091 3438 «

2151 3401 2272 3471 θῇς,
2303 3402 2437 3474 μήτε
2471 3401 2599 3470 γοῦν
2631 3402 2903 3472 δυστυχῶν
2932 3403 3336 3478 ὐπεραλγήσῃς.
3367 3404 3430 3458 El.
3480 3406 3580 3476 μὲν
3604 3407 3711 3477 γὰρ

509 3496 640 3558 lere,
695 3510 866 3567 neque
911 3497 1150 3554 adversis
1183 3500 1499 3571 deprimere.
1540 3502 1598 3556 Si
1629 3503 1771 3558 enim
1807 3503 1860 3556 in
1906 3501 2054 3556 omni

2159 3490 2524 3564 μακροθύμως
2578 3493 2758 3561 φέρων
2798 3493 2891 3546 ἐπὶ
2938 3495 3103 3548 πᾶσιν
3141 3494 3553 3567 εὐχαριστήσεις
3601 3501 3711 3562 τοῖς

513 3602 696 3641 rerum
731 3588 1024 3646 acerbitate
1046 3589 1257 3647 fortiter
1289 3591 1509 3648 ferenda
1543 3593 1707 3648 animi
1750 3594 2056 3664 aequitatem

2155 3585 2417 3655 ἀνιαροῖς,
2446 3586 2648 3639 καὶτὸν
2667 3587 2768 3655 τῆς
2797 3585 3068 3657 ὑπομονῆς
3091 3584 3309 3650 πάντως
3343 3586 3593 3661 ἀπολήψῃ
3622 3607 3712 3660 μι·

510 3678 840 3747 ostenderis,
903 3682 1174 3752 patientiae
1234 3687 1532 3742 mercedem
1585 3701 1614 3740 a
1644 3685 1754 3742 Deo
1797 3685 1937 3742 feres
1968 3704 1982 3740 :
2011 3685 2058 3742 si

2159 3675 2319 3729 σθὸν·
2352 3675 2401 3728 εί
2429 3675 2487 3730 δὲ
2517 3674 2744 3729 σεαυτὸν
2767 3673 3003 3747 τρύχων,
3056 3676 3354 3749 εναντιὼσῃ
3391 3680 3456 3748 τῇ
3490 3679 3617 3747 περὶ
3655 3678 3715 3731 σὲ

514 3786 644 3826 vero
675 3785 909 3827 maerore
962 3783 1015 3828 te
1057 3776 1352 3833 conﬁciens
1389 3776 1478 3833 Dei
1516 3777 1745 3833 consilio
1775 3792 1838 3833 ac
1865 3778 2059 3833 volun-

2159 3767 2253 3819 τοῦ
2305 3765 2439 3819 Θεοῦ
2472 3765 2772 3837 οἰκονομίᾳ,
2806 3766 2903 3818 καὶ
2945 3765 3092 3820 ἄκων
3121 3766 3331 3831 πάθοις,
3376 3769 3444 3838 τῇ
3495 3767 3718 3839 προνοίᾳ

505 3864 611 3917 tati
665 3865 733 3918 de
813 3873 866 3920 te
925 3879 1222 3934 repugnare
1286 3865 1542 3929 volueris,
1617 3865 1815 3920 invitus
1885 3871 2059 3918 tamen

2161 3857 2478 3928 φερόμενος,
2517 3859 2611 3910 καὶ
2671 3857 2821 3911 οὐδὲν
2879 3856 2980 3926 μὲν
3030 3858 3469 3930 προσωφελήσεις
3502 3860 3717 3924 σαυτὸν,

515 3952 760 4020 patieris,
811 3970 932 4025 quae
977 3955 1068 4009 Dei
1110 3954 1444 4024 providentia
1496 3955 1563 4009 de
1607 3963 1657 4009 te
1697 3954 1975 4018 statuerit,
2010 3961 2065 4007 et

2166 3948 2364 4018 μᾶλλον
2389 3950 2446 4003 δὲ
2475 3949 2566 4004 καὶ⁵
2592 3948 2682 4003 τὸν
2703 3949 2801 4019 τῆς
2836 3946 3112 4032 ὑπομονῆς
3158 3947 3585 4019 προσαπολέσεις
3633 3966 3723 4020 μι-

514 4046 788 4114 patientia:
813 4047 1094 4115 praemium
1123 4048 1282 4104 simul
1315 4048 1553 4103 amittes.
2166 4040 2309 4094 σοόν.

1093 4159 1169 4214 De
1195 4158 1508 4214 eruditione.

2716 4156 2855 4226 Περὶ
2881 4156 3168 4220 παιδείας.

587 4248 836 4318 Cogitare
867 4268 974 4306 non
1009 4253 1184 4308 solum
1235 4251 1301 4307 de
1329 4253 1466 4313 suis.
1500 4252 1591 4307 sed
1624 4251 1785 4306 etiam
1826 4250 1894 4306 de
1937 4251 2070 4305 sub-

2239 4247 2667 4302 Βασιλικώτατόν
2698 4251 2846 4302 ἐστιν
2902 4248 3060 4317 ἔργον
3098 4245 3172 4318 μὴ
3221 4243 3378 4316 μόνον
3426 4241 3494 4298 τὰ
3533 4239 3725 4296 ἑαυτοῦ

517 4339 756 4394 diturum
788 4342 950 4396 rebus
971 4340 1280 4395 sollicitudo
1301 4350 1384 4395 est
1412 4356 1536 4411 tege
1589 4339 1908 4410 dignissima
1939 4356 1952 4392 :
1981 4356 2070 4396 ne-

2168 4337 2261 4390 τδν
2290 4336 2509 4407 βασιλέα
2536 4341 2779 4402 σκοπεῖν,
2815 4337 2951 4392 ἀλλὰ
2979 4337 3071 4392 καὶ
3106 4337 3173 4390 τὰ
3197 4337 3301 4388 τῶν
3333 4333 3587 4403 ὑπηκόων
3620 4333 3731 4385 ἑπι-

515 4445 628 4498 que
654 4430 798 4485 enim
850 4432 986 4486 satis
1011 4438 1094 4486 est
1119 4431 1318 4486 bonum
1367 4438 1423 4484 te
1445 4438 1702 4500 praestare
1735 4428 1803 4481 iis
1837 4429 1929 4496 qui
1965 4437 2070 4482 tuae
2101 4433 2133 4488 1]

2113 4433 2144 4488 ι)
2175 4429 2418 4480 σκοπεῖν.
2470 4427 2541 4480 Οὐ
2569 4426 2677 4498 γάρ
2705 4427 2868 4497 ἀρκεῖ
2906 4427 2965 4480 τὸ
3000 4425 3190 4479 ἑαυτὸν
3223 4423 3424 4490 ἀγαθον
3473 4420 3731 4492 παρέχειν

512 4522 718 4576 Δίιίοιιὶ
763 4523 991 4592 subjecti
1049 4530 1198 4588 sunt,
1242 4523 1334 4578 sed
1401 4529 1456 4576 ct
1500 4522 1699 4576 liberos
1763 4519 2068 4588 relinquere

2173 4519 2283 4580 τοῖς
2315 4518 2416 4570 ὑπὸ
2441 4520 2617 4588 χεῖρα,
2641 4518 2775 4572 ἀλλὰ
2801 4517 2894 4572 καὶ
2912 4516 3012 4586 τῆς
3050 4516 3182 4579 ίδίας
3212 4513 3412 4585 ἀρετῆς
3456 4513 3578 4576 τοὺς
3606 4514 3732 4565 παῖ-

517 4623 756 4683 oportet,
794 4616 885 4684 qui
916 4616 1068 4685 quasi
1093 4614 1226 4670 vim
1253 4612 1754 4682 virtutisimagiaes
1775 4610 1884 4664 sint
1912 4617 2069 4664 riete-

2174 4609 2266 4672 δας
2305 4609 2730 4680 καταλιμκπάνειν
2753 4609 3195 4677 είκόνας.Ὦσπερ
3218 4605 3326 4676 7&9
3349 4603 3584 4672 ἀγαθοὺς
3608 4604 3731 4657 παῖ-

522 4708 627 4760 ris.
669 4705 1137 4770 Quemadmodum
1159 4704 1253 4775 qui
1286 4704 1488 4759 liberos
1515 4702 1679 4773 probe
1712 4700 1969 4765 instituit,
2007 4700 2072 4755 de

2176 4699 2269 4763 δας
2330 4702 2630 4771 ὲκτρέφων,
2682 4702 2903 4755 ἃπασαν
2947 4699 3047 4770 τὴν
3093 4696 3367 4767 βασιλείαν
3420 4694 3736 4766 εὐεργετεῖ,

522 4797 785 4853 universo
835 4812 1001 4867 regno
1059 4799 1196 4853 bene
1254 4803 1525 4859 meretur,
1561 4796 1633 4850 ita
1666 4794 1758 4863 qui
1792 4809 1886 4849 eos
1934 4793 2073 4848 male

2178 4791 2349 4855 οὔτως
2382 4793 2411 4844 δ
2438 4794 2704 4863 πονηροὺς
2742 4792 2833 4846 καὶ
2866 4789 3218 4852 ἀπαιδεύτους
3244 4786 3369 4848 ὲῶν,
3398 4785 3612 4839 ἃπασαν
3642 4785 3739 4854 τὴν

533 4900 794 4957 moratos,
821 4906 885 4945 ac
915 4892 1077 4945 nullis
1101 4890 1295 4946 litteris
1332 4890 1576 4944 excultos
1607 4887 1882 4956 relinquit,
1909 4894 2073 4940 totam

2183 4883 2456 4936 πολιτείαν
2488 4883 2680 4938 ἀδικεῖ.
2716 4882 2904 4936 Πείθου
2936 4878 3050 4947 οὖν,
3072 4883 3281 4945 τέκνον,
3315 4883 3426 4941 τοῖς
3460 4879 3740 4948 πατρικοῖς

529 4983 922 5054 rempublicam
981 4983 1214 5050 graviter
1257 4982 1422 5037 lzedit.
1457 4980 1625 5036 Obedi
1665 4994 1814 5050 ergo,
1849 4979 1943 5040 fili,
1981 4992 2076 5048 pa-

2190 4989 2289 5039 μου
2324 4973 2521 5040 λόγοις,
2553 4973 2639 5026 ἴνα
2666 4973 2758 5025 καὶ
2787 4971 3011 5026 σεαυτὸν
3035 4971 3341 5043 ῶφελήσῃς,
3382 4970 3476 5023 καὶ
3507 4969 3605 5037 τὴν
3641 4967 3742 5037 βα-

531 5073 708 5129 ternis
765 5073 1254 5135 admonitionibus,
1308 5081 1368 5126 ut
1415 5079 1467 5126 et
1514 5071 1612 5124 tibi
1639 5070 1753 5139 ipse
1786 5071 1982 5138 prosis.
2025 5074 2080 5122 et

2188 5063 2390 5116 σιλείαν
2423 5064 2710 5135 εὐοδώσῃς,
2743 5065 2836 5117 καὶ
2863 5065 2984 5134 ἐμοὶ
3014 5063 3171 5134 χάριν
3227 5062 3327 5132 τῆς
3378 5059 3623 5124 παιδείας
3650 5059 3754 5128 τὴν

541 5179 764 5235 regnum
810 5171 959 5218 recte
990 5162 1309 5228 tnodereris,
1343 5169 1398 5216 et
1429 5162 1558 5215 mibi
1590 5158 1946 5215 institutionis
1976 5166 2081 5209 tua:

1280 5178 1309 5228 ι,
1343 5169 1398 5216 et
1429 5162 1558 5215 mibi
1590 5158 1946 5215 institutionis
1976 5166 2081 5209 tua:
2190 5155 2397 5224 ἀγαθὴν
2435 5156 2652 5225 μνήμην
2682 5156 2898 5228 χαρίσῃ.

536 5256 799 5328 gratiam,
821 5255 1014 5311 bonam
1050 5254 1298 5309 videlicet
1323 5252 1558 5308 nominis
1613 5251 1926 5307 memoriam
1957 5264 2079 5319 pcr—

539 5349 744 5405 solvas.

1084 5461 1160 5517 De
1196 5460 1384 5530 lingua:
1407 5475 1563 5514 noxa.
2686 5441 2702 5491 Ι

2686 5435 2818 5503 Περὶ
2838 5430 3277 5502 γλωσσαλγίας.

612 5544 807 5599 Omnia
839 5543 986 5607 audi,
1010 5515 1157 5598 et
1185 5515 1438 5597 ouiiiibus
1464 5543 1612 5597 disce
1644 5559 1655 5595 :
1691 5553 1746 5598 at
1772 5543 2024 5613 qtiazdum
2056 5560 2123 5602 et

2271 5539 2466 5590 Ἀκουε
2499 5533 2691 5595 πάντα,
2727 5529 2822 5583 καί
2851 5528 2999 5598 πσρά
3043 5525 3257 5578 πάντων
3296 5518 3567 5613 μάνθανεδ
3604 5515 3750 5613 *ἀλλὰ

543 5641 613 5694 iis
639 5637 869 5708 rejicies,
905 5633 1152 5710 quaedam
1183 5650 1315 5690 vero
1349 5636 1600 5690 admittes
1627 5677 1641 5702 ,
1681 5651 1876 5707 nempe
1908 5652 1969 5691 ea
2000 5655 2124 5708 qua:

2201 5632 2264 5683 τὰ
2298 5629 2395 5698 μὲν
2428 5623 2712 5692 ἀποδέχου,
2749 5627 2817 5673 τὰ
2844 5620 2900 5672 δὲ
2957 5615 3321 5687 ἀποστρέφου,
3368 5611 3461 5663 καὶ
3491 5606 3751 5714 ἀποδέχου

539 5733 639 5789 tibi
673 5732 796 5789 usui
829 5741 989 5798 atque
1019 5732 1211 5788 bouori
1242 5749 1363 5791 esse
1392 5742 1618 5800 queunt,
1656 5750 1718 5789 ac
1752 5733 1859 5791 tuis
1888 5733 2123 5790 subditis

2208 5723 2303 5792 μὲν
2327 5723 2425 5775 ὃσα
2453 5737 2528 5772 σοι
2561 5717 2748 5787 ὄφελος
2782 5715 2873 5768 καὶ
2910 5710 3071 5782 τιμὴν
3111 5705 3496 5777 περιποιεῖται,
3527 5701 3617 5754 καὶ
3643 5701 3753 5761 τοῖς
