4124 6320
422 388 517 430 LIII

1137 385 1417 446 BASILII
1456 386 1612 448 IMP.
1649 389 2093 453 PAR/ENESIS
2135 395 2236 457 AD
2267 399 2575 460 LEONEM
2618 403 2913 467 FILIUM.
3588 424 3681 468 l.:v

422 491 682 562 ὑπηκόοις
710 492 865 547 οὐδὲν
903 494 1224 565 λυμαίνεται
1244 516 1259 529 θ
1283 498 1632 569 ἀποστρέφου
1663 500 1742 570 δὲ,
1770 503 1873 556 ὅσα
1905 507 1992 557 καὶ

2104 509 2329 566 minimc
2367 513 2560 568 obesse
2614 530 2847 585 possunt

420 584 543 649 τοὺς
591 585 868 657 ὑπηκόους
926 587 1140 656 βλάψει,
1207 591 1302 643 καί⁵
1355 589 1415 642 σὲ
1476 591 1641 662 μηδὲν
1712 593 2004 665 ὠφελήσει.

419 677 643 731 Γλῶσσα
670 678 780 750 γὰρ
810 678 980 743 δολία,
1022 683 1118 734 ἐὰν
1143 682 1242 755 ἔχῃ
1275 684 1367 737 τὸν
1407 688 1748 759 συνεργάτην
1774 690 2009 760 δυνάμε-

419 786 527 837 νον,
553 770 763 824 πολλῶν
796 773 982 826 κακῶν
1015 775 1162 827 αἰτία
1206 778 1372 851 ἑαυτῇ
1406 796 1467 832 τε
1516 782 1749 846 καὶτοῖς
1803 784 1992 855 ἑπομέ-

2109 782 2212 838 sibi
2242 792 2295 838 et
2320 788 2682 842 sectatoribus
2714 790 2833 845 suis
2858 792 3087 845 multum
3120 794 3313 849 all'eret
3338 770 3676 854 detrimenti.

417 880 551 926 νοις,
578 865 870 937 γενήσεται
896 882 911 896 ·
942 868 1118 939 στόμα
1146 870 1201 922 δὲ
1228 869 1480 944 εὔφημον
1511 875 1609 928 σὺν
1643 876 1873 949 ἀληθείᾳ
1890 878 1992 931 δια-

2107 872 2183 929 Os
2216 884 2397 929 autem
2423 877 2889 948 sinccrnm,quod
2922 881 2996 935 nil
3030 883 3134 936 nisi
3168 899 3357 939 verum
3391 887 3678 957 proloqui-

419 955 731 1025 λεγόμενον,
789 960 961 1014 πολλά
998 962 1126 1027 τούς
1188 982 1248 1017 τε
1283 966 1698 1037 ἀκροωμένους,
1763 972 1858 1025 καὶ
1914 971 1992 1025 τοι

2107 976 2217 1033 tur,
2247 979 2302 1021 et
2327 967 2611 1024 dominum
2669 987 2852 1036 suum,
2911 983 2967 1028 et
3005 989 3100 1028 eos
3129 976 3223 1044 qui
3266 955 3416 1031 illum
3446 955 3679 1036 audiunt

420 1050 756 1119 κεκτημένον
804 1051 1032 1122 ὀνίνησι.
1074 1054 1211 1108 Θέλε
1264 1052 1360 1109 οὖν
1414 1059 1489 1129 μὴ
1516 1061 1629 1123 τοῖς
1664 1064 1858 1126 κακοῖς
1880 1064 1992 1133 χαί-

2098 1059 2254 1126 juvat
2282 1060 2599 1130 plurimum.
2629 1063 2786 1121 Malis
2808 1081 2940 1136 ergo
2970 1083 3036 1121 ne
3076 1069 3340 1138 gaudeas,
3378 1070 3475 1127 sed
3505 1070 3678 1129 bonos

421 1158 560 1210 ρειν,
585 1143 722 1196 ἀλλά
746 1146 870 1207 τοὺς
895 1146 1130 1214 ἀγαθοὺς
1150 1149 1538 1219 ἀποδέχεσθαι·
1577 1153 1671 1205 καὶ
1700 1155 1992 1223 εἰρηνεύειν

2103 1166 2325 1206 assume
2352 1172 2365 1205 :
2394 1169 2581 1222 pacem
2607 1155 2750 1210 inter
2779 1159 3009 1227 populos
3035 1160 3176 1224 fove,
3228 1177 3405 1232 neque
3440 1178 3537 1219 eos
3587 1164 3678 1219 in-

422 1236 522 1303 μὲν
547 1236 608 1288 τδ
631 1237 889 1307 ὑπήκοον,
909 1238 1043 1293 ἀλλὰ
1073 1239 1147 1310 μὴ
1163 1241 1283 1295 κατ’
1299 1241 1542 1313 ἀλλήλων
1559 1244 1879 1315 ὀτρύνεσθαι
1905 1262 1919 1275 ο
1938 1241 1992 1301 οὑ

2106 1249 2193 1294 ter
2222 1258 2281 1296 se
2330 1245 2666 1301 committas.
2703 1244 2805 1301 Ubi
2846 1247 2991 1302 enim
3038 1248 3165 1305 lites
3212 1258 3422 1305 suntet
3459 1269 3674 1321 pugnae,

2897 537 2910 573 :
2976 521 3141 590 rcjice
3174 532 3357 578 autem
3388 540 3449 579 ea
3484 542 3604 596 qua:
3626 531 3681 581 et

2111 600 2389 671 subjectos
2414 604 2707 669 laedunt,ct
2739 609 2834 664 tibi
2866 610 3268 681 niiiilprosunt.
3302 612 3512 686 Lingua
3533 618 3677 671 enim

2110 692 2483 759 fraudulenta,
2510 699 2553 751 si
2579 708 2847 768 potentem
2872 703 3178 770 adiutorem
3212 714 3371 761 nacta
3399 706 3592 775 fuerit,
3623 717 3679 765 et

418 1326 527 1399 γάρ
577 1328 745 1399 μάχαι
788 1331 883 1382 καλ⁸
927 1329 1123 1401 ἔριδες,
1156 1332 1365 1388 ἐκεῖθεν
1409 1335 1743 1405 μακρύνεται
1769 1340 1797 1391 ὁ
1832 1339 1998 1404 Θεόςο

415 1412 479 1474 οὗ
502 1418 558 1471 δὲ
577 1420 767 1490 εἰρήνη
795 1423 889 1474 καὶ
909 1422 1122 1492 ἀγάπη,
1144 1426 1235 1478 καὶ
1252 1426 1493 1496 ὁμόνοια,
1518 1428 1737 1493 καὶτοῖς
1751 1432 1999 1502 εἰρηνεύ-

416 1532 589 1580 ουσιν,
613 1516 861 1568 εὑϊλατον
888 1518 981 1570 καὶ
1011 1517 1177 1583 ἐγγὺς
1198 1518 1257 1571 τὸ
1280 1518 1434 1571 Θεῖον
1469 1524 1729 1593 παριστᾷ,
1763 1525 1857 1577 καὶ
1885 1528 1997 1590 τοῖς

418 1610 776 1679 εἰρηνοποιοίς
799 1609 897 1680 τὴν
931 1610 1203 1663 υἱοθεσίαν
1226 1611 1320 1663 τοῦ
1347 1611 1483 1665 Θεοῦ
1517 1612 1787 1685 προξενεῖ.

857 1700 997 1769 Περὶ
1035 1702 1261 1770 ἀγαθοῦ
1300 1704 1545 1771 τρόπου.

490 1792 757 1860 Στέφανον
798 1792 1077 1863 βασιλείας
1121 1795 1219 1866 τὴν
1269 1796 1481 1867 ἀγαθὴν
1524 1796 1706 1869 ὁρίζου
1747 1799 1993 1872 συνείδη-

2104 1334 2293 1402 procul
2347 1335 2503 1389 abest
2578 1336 2724 1407 Deus
2760 1352 2773 1390 :
2809 1338 2896 1392 ubi
2922 1353 3051 1395 vero
3078 1356 3204 1410 pax,
3234 1349 3288 1396 et
3318 1342 3586 1409 charitas,
3622 1354 3675 1399 et

2101 1428 2419 1493 concordia,
2441 1429 2681 1498 paciﬁcis
2707 1447 2765 1486 se
2785 1442 3108 1502 praesentem
3126 1442 3181 1489 et
3208 1434 3503 1504 pr0pitium
3523 1438 3677 1494 exhi-

2100 1516 2191 1571 bet
2225 1526 2279 1572 et
2306 1518 2618 1588 adoptionis
2653 1521 2705 1576 in
2732 1522 2873 1578 filios
2899 1521 2995 1578 Dei
3028 1524 3240 1595 copiam
3270 1525 3351 1583 eis
3384 1528 3534 1584 facit.

2614 1693 2691 1748 De
2717 1697 2863 1751 bonis
2902 1697 3157 1753 moribus.

2170 1781 2546 1838 Lectissimam
2604 1801 2729 1863 esse
2780 1789 2933 1859 regni
2998 1790 3073 1843 tui
3138 1805 3399 1847 coronam
3443 1795 3675 1851 statuito

417 1901 504 1938 σιν
528 1926 541 1950 ,
570 1884 638 1937 δι’
667 1880 735 1957 ἧς
764 1886 1061 1956 κοσμήσεις
1092 1888 1316 1942 σεαυτὸν
1351 1887 1549 1958 μᾶλλον
1582 1890 1612 1960 ἢ
1642 1894 1752 1955 τοῖς
1784 1893 1992 1965 μυρίοις

2105 1874 2300 1930 bonam
2329 1878 2748 1945 conscientiam,
2785 1892 2891 1948 qua
2932 1890 2982 1936 te
3017 1885 3191 1953 magis
3245 1886 3551 1959 meliusque
3572 1904 3671 1945 ex-

415 1976 596 2039 ἆλλοις
626 1976 1170 2049 ὲγκαλλωπίσμασιν.·
1200 1980 1256 2032 Ὀ
1286 1982 1393 2051 γὰρ
1432 1982 1657 2047 πλοῦτος
1684 1984 1909 2039 ἄπιστόν
1941 2004 1994 2038 τι

416 2067 605 2136 χρῆμα
644 2068 737 2121 καὶ
766 2067 1040 2122 εὐόλισθον
1060 2087 1074 2099 ⁹
1101 2073 1133 2142 ἡ
1163 2071 1223 2124 δὲ
1253 2071 1401 2137 δόξα,
1435 2077 1769 2145 παρέρχεται
1791 2094 1804 2108 ’
1849 2078 1911 2131 τὸ
1939 2080 1995 2131 δὲ

417 2161 619 2229 κράτος
661 2162 990 2233 ἀπέρχεται’
1020 2165 1112 2219 καὶ
1141 2166 1196 2217 αί
1231 2166 1412 2235 ἡδοναὶ
1456 2167 1797 2240 διαρρέουσι·
1835 2171 1993 2240 μόνος

413 2255 469 2306 δὲ
497 2258 538 2306 ό.
556 2254 757 2322 ἀγαθὸς
804 2256 1009 2326 τρόπος
1058 2258 1138 2321 είς
1190 2258 1394 2321 αἰῶνας
1440 2262 1993 2333 συμπαρεκτείνεται,

416 2345 512 2397 καὶ
558 2346 829 2401 ἀθάνατόν
856 2364 915 2421 σε
950 2349 1169 2418 ποιήσει
1200 2352 1269 2421 τῇ
1306 2351 1515 2422 μνήμῃ,
1551 2352 1996 2427 ἀλεξιφάρμακον

414 2438 604 2512 ὥσπερ
629 2442 728 2512 τὴν
760 2442 860 2513 σὴν
887 2443 1090 2514 ἀρετὴν
1114 2446 1225 2507 τοῖς
1259 2445 1395 2515 μετὰ
1426 2449 1484 2497 σὲ
1506 2447 1881 2517 χαριζόμενος,
1900 2449 1997 2503 καὶ

415 2535 623 2597 πάντας
673 2536 765 2588 καὶ
815 2537 1105 2602 ἐπαινέτας
1128 2575 1143 2602 ,
1175 2539 1267 2592 καὶ
1302 2540 1546 2611 μιμητὰς
1572 2543 1673 2611 τῆς
1704 2540 1803 2610 σῆς
1850 2540 1997 2595 πολι-

412 2628 565 2693 τείας
600 2628 943 2702 ποιούμενος.

695 2806 836 2876 Περὶ
868 2809 977 2862 τοῦ
1016 2808 1256 2878 κρατεῖν
1293 2808 1412 2863 τῶν
1446 2809 1704 2877 ⁸ιἰδονιὶἱνν.

486 2896 648 2963 Ἴσθι,
677 2897 868 2952 τέκνον
894 2899 1028 2970 ὲμδν
1047 2938 1063 2963 ,
1094 2899 1169 2963 ὡς
1201 2902 1323 2955 τότε
1356 2918 1416 2954 σε
1446 2904 1585 2956 κατὰ
1612 2902 1709 2975 τὴν
1734 2904 1992 2974 ἀλήθειαν

413 2990 639 3062 βασιλέα
662 2993 959 3063 όρίσονται,
998 2993 1125 3047 ὅταν
1155 2992 1230 3065 μὴ
1264 2995 1427 3065 μόνον
1449 2993 1556 3049 τῶν
1576 2995 1831 3065 ὑπηκόων
1856 3014 1993 3065 κρα-

411 3087 531 3155 τῇς,
553 3084 689 3139 ἀλλὰ
719 3084 814 3140 καὶ
847 3085 956 3139 τῶν
982 3086 1185 3157 ἡδονῶν
1209 3086 1441 3141 ἀπασῶν
1474 3090 1800 3160 ὲπικρατῇς.
1813 3091 1993 3144 Ἔστω

412 3175 521 3244 γάρ
546 3190 629 3229 σοι
650 3175 935 3244 στέφανος,
958 3177 1058 3249 τῆς
1084 3177 1362 3246 βασιλείας
1388 3178 1656 3248 σύμόολον
1674 3198 1688 3211 ο
1716 3179 1832 3233 ἀλλ’
1851 3181 1992 3233 ἔστω

412 3270 507 3322 καὶ
558 3267 875 3340 δικαιοσύνη
924 3270 1003 3341 τῷ
1050 3273 1338 3342 πράγματι
1370 3272 1701 3343 σύνδρομος’
1734 3273 1992 3344 πορφύρα

407 3360 465 3414 δέ
497 3376 557 3413 σε
587 3362 873 3433 κοσμήσει,
904 3361 999 3415 ὲάν
1031 3364 1062 3431 ὴ
1095 3362 1421 3434 σωφροσύνη
1454 3365 1627 3436 ταύτῃ
1658 3365 1994 3436 συνεπανθή-

354 3474 357 3477 ί
412 3468 526 3505 σει·
558 3454 651 3507 καὶ
682 3454 791 3507 τῶν
819 3455 996 3509 ποδῶν
1025 3472 1085 3508 σε
1124 3458 1183 3509 τό
1211 3458 1441 3529 ἐρυθρὸν
1468 3458 1689 3529 τιμήσει
1714 3459 1990 3530 ὑπόδημα,

410 3548 508 3600 ἐὰν
570 3548 755 3612 αὑτοῖς
802 3550 900 3620 τὴν
949 3551 1125 3619 φλόγα
1189 3550 1285 3605 τοῦ
1343 3551 1514 3619 τύφου
1578 3554 1990 3625 καταπατήσῃς.

424 3640 638 3694 Ἐκεῖνα
676 3644 774 3713 μὲν
805 3644 910 3713 γὰρ
943 3645 1279 3714 πρόσκαιρόν
1312 3662 1394 3697 σοι
1430 3644 1526 3714 τὴν
1578 3643 1856 3713 βασιλείαν
1890 3666 1991 3717 χα-

411 3733 735 3806 ρακτηρίζει
761 3752 779 3779 ’ν
808 3736 979 3790 ταῦτα
1010 3739 1181 3792 δὲκαὶ
1212 3741 1310 3809 τῆς
1338 3741 1558 3794 αἰωνίου
1598 3738 1873 3803 κολάσεως
1905 3742 1994 3812 ῥύ-

412 3844 589 3894 σεται,
625 3828 721 3882 καὶ
742 3829 843 3900 τὴν
872 3830 1139 3885 ἀθάνατόν
1174 3849 1256 3884 σοι
1293 3832 1545 3901 προξενεῖ
1571 3833 1867 3905 βασιλείαν.

874 3923 1014 3991 Περὶ
1053 3926 1239 3993 λόγου
1278 3926 1531 3981 τελείου.

480 4013 656 4083 Λόγου
688 4014 781 4068 τοῦ
811 4015 1150 4070 τελειοτάτου
1180 4016 1400 4071 πάντων
1430 4018 1489 4071 ὲν
1516 4018 1825 4090 ἀνθρώποις
1871 4019 1990 4072 λίαν

411 4108 703 4178 ὶπιμελοῦ·
743 4108 810 4161 δι’
850 4108 1013 4161 αὑτοῦ
1041 4109 1147 4177 γάρ
1178 4110 1209 4181 ἠ
1243 4108 1482 4178 ἐπίγειος
1515 4110 1763 4181 βασιλεία
1789 4110 1991 4176 ἐξεικο-

410 4198 545 4264 νίζει
576 4200 673 4272 τὴν
701 4202 1024 4272 ἐπουράνιον
1050 4202 1223 4267 τάξιν,
1246 4204 1342 4255 καὶ
1375 4204 1639 4275 ἁρμονίαν
1658 4221 1671 4235 ’
1700 4205 1861 4273 λόγος.
1882 4206 1991 4275 γὰρ

411 4289 731 4361 ἡγεμονεύει
784 4291 890 4343 τῶν
924 4291 1278 4361 ἀνθρωπίνων
1325 4292 1687 4363 πραγμάτων,
1719 4286 1780 4346 οὗ
1832 4309 1989 4363 περι-

411 4380 718 4451 αιρεθέντος
750 4384 1227 4452 συμπεριαιρεῖται
1262 4383 1327 4435 τά
1355 4383 1618 4453 ἡμέτερα.
1652 4384 1867 4453 Κτῆσαι
1896 4379 1990 4436 οὖν

411 4475 507 4527 τοῦ
552 4474 712 4541 λόγου
760 4474 820 4526 τὸ
852 4475 1060 4545 χρῆμα,
1097 4475 1172 4545 μὴ
1203 4475 1398 4541 ἐνδεὲς,
1429 4476 1565 4531 ἀλλά
1596 4477 1820 4532 τέλειον.
1856 4478 1990 4531 Οὐδὲ

2099 1968 2325 2023 ornabis
2353 1985 2516 2039 quam
2572 1974 2853 2028 sexcentis
2902 1975 3025 2030 aliis
3056 1980 3417 2035 ornamentis.
3461 1979 3673 2037 Divitiae

2096 2062 2240 2113 cnim
2268 2061 2434 2116 infida
2462 2065 2707 2133 ψιίηιίξιιιι
2738 2082 2825 2121 res
2854 2076 2959 2131 est,
2978 2079 3031 2123 et
3055 2085 3174 2139 qua.
3200 2070 3357 2127 facile
3386 2071 3667 2129 dilabitur.

2097 2151 2283 2205 Gloria
2310 2157 2610 2221 evanescit,
2640 2156 2809 2211 robur
2846 2164 3137 2215 marcescit
3163 2178 3179 2227 ;
3240 2164 3545 2236 voluptates
3566 2165 3673 2221 dif-

2098 2245 2312 2300 ﬂuunt:
2352 2248 2465 2303 sola
2499 2249 2812 2306 innocentia
2866 2252 3102 2323 bonique
3162 2272 3340 2313 mores
3383 2259 3438 2313 in
3472 2260 3688 2331 multas

2096 2346 2286 2394 tetates
2315 2342 2741 2409 protenduntur,
2770 2359 2835 2400 ac
2860 2354 3009 2400 tuum
3032 2364 3229 2403 nomen
3273 2350 3669 2407 immortalitati

2096 2432 2581 2500 conuncndabunt,
2611 2439 2980 2507 virtutemque
3014 2450 3162 2495 tuam
3198 2443 3354 2512 quasi
3403 2444 3668 2500 adversus

2098 2521 2239 2576 mala
2270 2526 2449 2579 omnia
2480 2526 2835 2596 pharniacuin
2867 2532 3103 2600 posteris
3151 2532 3470 2590 imitandam
3500 2535 3685 2595 reliu',

2096 2630 2252 2684 ques,
2302 2630 2505 2686 eosque
2530 2626 2583 2673 et
2608 2619 2918 2677 laudatores
2984 2630 3039 2678 et
3075 2623 3373 2691 imitatores
3424 2632 3531 2682 tua:
3568 2626 3666 2683 ad-

2096 2706 2523 2765 ministrationis
2552 2711 2800 2769 habebis.

2448 2800 2526 2855 De
2560 2804 2914 2871 voluptatibus
2952 2806 3289 2874 superandis.

2168 2893 2342 2959 Scito,
2362 2893 2430 2947 ιιιί
2454 2894 2548 2958 lili,
2568 2911 2755 2950 verum
2778 2905 2829 2953 te
2854 2912 3034 2968 regem
3062 2898 3667 2971 hominesjudicaturos

2094 3000 2219 3039 cum
2252 3003 2361 3040 non
2407 2989 2583 3042 solum
2637 2989 2888 3047 subditos
2924 2991 2979 3046 in
3016 3007 3179 3047 manu
3211 2992 3468 3062 habebis,
3511 2997 3607 3052 sed
3632 3011 3665 3052 a

2096 3081 2466 3151 voluptatibus
2488 3082 2651 3137 etiam
2688 3083 2946 3139 omnibus
2996 3086 3352 3158 temperabis.
3399 3087 3482 3144 Sit
3535 3103 3668 3160 ergo

2096 3175 2193 3228 tibi
2225 3190 2427 3229 corona
2464 3190 2562 3245 pro
2586 3175 2743 3246 signo
2767 3176 3005 3246 imperii,
3032 3177 3129 3232 sed
3167 3194 3393 3233 corona:
3450 3195 3667 3251 semper

2094 3267 2348 3334 adjuncta
2381 3268 2455 3322 sit
2508 3283 2695 3323 comes
2744 3268 2976 3339 iustitia.
3037 3270 3282 3343 Purpura
3312 3273 3531 3344 quidem
3566 3274 3664 3330 tibi

2092 3366 2422 3413 ornamento
2454 3354 2592 3425 erit,
2653 3361 2700 3416 si
2755 3362 3122 3432 temperantia
3168 3363 3312 3418 illam
3356 3365 3661 3421 comitetur.

2092 3449 2274 3507 Calcei
2323 3452 2477 3507 rubri
2538 3454 2796 3510 decenter
2831 3455 2996 3526 pedes
3041 3464 3167 3513 tuos
3200 3460 3500 3523 ornabunt,
3538 3459 3582 3514 si
3610 3459 3663 3513 in

2094 3544 2230 3615 ipsis
2258 3547 2528 3616 superbiae
2553 3545 2755 3602 fastum
2790 3548 3165 3619 proculcabis.
3207 3548 3302 3605 llla
3342 3551 3488 3605 enim
3523 3551 3667 3621 peri-

2094 3638 2201 3691 turi
2222 3637 2435 3707 impcrii
2458 3637 2552 3693 tibi
2587 3650 2713 3695 nota
2745 3651 2908 3695 erunt
2936 3656 3000 3696 ac
3028 3642 3243 3712 signum
3279 3644 3421 3698 :ista
3452 3658 3577 3698 vero
3597 3645 3667 3698 ab

2091 3738 2297 3785 aeterno
2330 3732 2603 3802 supplicio
2629 3732 3073 3797 tevindicabunt,
3095 3743 3148 3791 et
3170 3735 3461 3791 immortali
3498 3750 3665 3806 regno

2092 3824 2399 3881 donabunt.
2766 3891 2772 3899 υ

2433 3917 2508 3973 De
2539 3917 2771 3986 perfecta
2796 3918 3001 3972 dicendi
3031 3917 3307 3987 (uanitate.

2164 4009 2545 4081 Eloquentiam
2597 4027 2781 4068 rerum
2834 4012 3084 4067 omnium
3140 4012 3502 4066 humanarum
3539 4027 3666 4083 per.

2092 4104 2451 4162 fectissimam
2474 4105 2766 4177 diligenter
2798 4122 3033 4161 exerce:
3068 4122 3167 4176 per
3201 4121 3323 4161 eam
3374 4107 3519 4161 enim
3559 4115 3666 4160 ter.

2092 4197 2209 4251 reni
2233 4196 2381 4267 regni
2400 4196 2738 4267 principatus
2755 4196 2921 4252 refert
2937 4196 3341 4267 quodammodo
3360 4195 3665 4251 cmlestium

2091 4306 2272 4344 rerum
2327 4289 2574 4345 ordinem
2616 4299 2671 4345 et
2726 4289 3159 4344 convenientiam
3211 4307 3225 4342 :
3273 4289 3451 4344 oratio
3501 4288 3666 4343 rebus

2090 4382 2345 4436 omnibus
2378 4381 2630 4437 humanis
2659 4392 2879 4452 praeest,
2911 4396 3073 4452 quam
3103 4381 3148 4436 si
3183 4380 3364 4447 tollas,
3421 4380 3584 4435 simul
3612 4389 3666 4436 et

2089 4476 2272 4529 omnia
2329 4483 2516 4529 nostra
2576 4475 2754 4530 tollas.
2797 4472 2872 4527 Da
2914 4488 3046 4544 ergo
3108 4488 3334 4545 operam
3368 4483 3425 4529 ut
3459 4474 3553 4529 tibi
3584 4473 3667 4527 di-

411 4566 522 4638 γὰρ
550 4564 857 4640 κυσερνήτῃ
888 4568 1203 4621 πιστευτέον
1246 4568 1337 4620 τοῦ
1388 4568 1632 4637 σκάφους
1678 4569 1776 4640 τὴν
1816 4587 1989 4638 σωτη-

2095 4570 2252 4627 cendi
2309 4570 2619 4625 facultatem
2649 4586 2829 4641 pares,
2859 4587 2967 4625 non
2999 4585 3119 4626 eam
3160 4570 3381 4641 quidem
3412 4584 3661 4625 mancam

414 4661 558 4729 ρίαν,
593 4661 642 4713 εί
688 4661 760 4731 μὴ
810 4646 1289 4733 καλῶς’κυόερνᾷν
1338 4662 1717 4726 ἐξεπίσταται⁸
1750 4662 1874 4716 οὔτε
1929 4664 1987 4717 δὲ

412 4755 621 4823 βασιλεῖ
668 4754 1063 4822 βασιλικώτατα
1112 4757 1352 4825 κρατεῖν,
1385 4757 1433 4808 εί
1468 4757 1541 4826 μὴ
1574 4756 1665 4808 τοῦ
1700 4756 1858 4826 λόγου
1888 4757 1989 4827 τὴν

407 4848 642 4919 ἄσκησιν
667 4848 763 4901 τοῦ
796 4847 1249 4919 πρακτικωτάτου
1280 4847 1632 4918 διεξέρχεται.
1666 4849 1853 4902 Λέοντι
1888 4849 1988 4918 μὲν

410 4942 519 5013 γὰρ
554 4943 614 4996 τὸ
644 4943 869 5013 ἀρχικὸν
896 4943 953 4995 ἐν
982 4941 1210 5013 θηρίοις,
1244 4940 1319 5004 ὼς
1363 4943 1391 4995 ὁ
1436 4942 1622 5010 λόγος,
1651 4943 1684 5014 ή
1716 4940 1946 5011 δύναμις
1970 4956 1985 4969 ·

408 5037 554 5107 ἀετῷ
592 5038 648 5092 δὲ
690 5040 749 5091 ὲν
792 5040 1081 5101 πετεινοῖς,
1114 5037 1173 5089 τὸ
1202 5037 1459 5106 ὑψιπετὲς
1503 5038 1595 5090 καὶ
1624 5037 1949 5107 δραστήριον
1970 5050 1986 5066 ⁸

408 5132 683 5204 ἀνθρώπῳ
708 5132 763 5185 δὲ
792 5131 931 5187 κατὰ
958 5133 1061 5201 γῆν
1101 5132 1129 5184 ὁ
1165 5129 1322 5200 λόγος
1358 5131 1456 5204 τὴν
1486 5130 1732 5199 ἐξουσίαν
1764 5129 1988 5201 χαρίζε-

409 5243 523 5279 ται.

788 5406 924 5474 Περὶ
966 5406 1072 5460 τοῦ
1105 5406 1192 5476 μὴ
1232 5406 1602 5475 ἐπαίρεσθαι.

484 5502 604 5558 Ἐπὶ
654 5502 831 5566 νίκαις
877 5498 1210 5554 ὑπεναντίων
1255 5498 1524 5569 μηδέποτε
1554 5497 1824 5569 ὲπαρθῇς,
1858 5498 1992 5569 μηδὲ

410 5594 505 5649 ἐπὶ
536 5594 812 5666 πολεμίων
841 5596 1145 5667 συμφοραῖς
1174 5594 1458 5665 γαυρίαμα
1486 5592 1680 5663 κτήσῃ,
1710 5591 1845 5662 μηδὲ
1869 5592 1988 5645 ἐπι-

410 5692 585 5760 χαρῇς
640 5688 735 5741 ἐπὶ
788 5686 993 5741 πτώσει
1055 5687 1267 5759 ἐχθρῶν
1324 5702 1442 5751 σου,
1501 5685 1636 5757 μηδὲ
1692 5684 1993 5754 ὲγγελάσῃς

408 5780 699 5851 δυστυχίαν
748 5780 935 5852 ἐτέρου
964 5818 980 5846 ,
1020 5779 1156 5850 μηδὲ
1204 5778 1577 5851 ἑπικροτήσῃς
1627 5778 1714 5830 ἐπ’
1747 5776 1993 5848 ἀπωλείᾳ

410 5874 734 5951 ἀνθρώπου*
770 5875 921 5948 κοινὴ
953 5873 1060 5946 γάρ
1087 5876 1118 5947 η
1153 5873 1315 5948 φύσις
1341 5914 1355 5941 ,
1392 5874 1484 5930 καὶ
1514 5873 1574 5924 τὸ
1604 5871 1796 5942 μέλλον
1825 5872 1991 5943 ἀόρα-

2094 4672 2188 4720 aut
2225 4664 2573 4729 ditninutam,
2615 4664 2710 4720 sed
2733 4662 3050 4734 perfectam.
3083 4662 3268 4734 Neque
3291 4664 3436 4719 enim
3468 4664 3666 4733 guber.

2094 4758 2272 4812 natori
2314 4755 2513 4828 navigii
2544 4756 2695 4812 salus
2735 4757 3118 4823 committitur,
3142 4756 3250 4812 nisi
3292 4758 3428 4813 bene
3465 4757 3665 4827 guber-

2095 4867 2226 4905 nare
2250 4849 2505 4905 didicerit
2552 4866 2567 4904 :
2599 4864 2775 4921 neque
2835 4851 2944 4921 regi
2978 4849 3209 4920 imperio
3238 4850 3389 4920 regio
3420 4850 3519 4913 uti,
3558 4848 3664 4904 nisi

2096 4945 2406 5000 facultatem
2438 4942 2651 4999 dicendi
2675 4944 2741 4999 ad
2777 4959 2863 4998 res
2888 4944 3157 5015 gerendas
3197 4943 3656 4999 accommodatis-

2096 5037 2288 5093 simam
2306 5035 2593 5106 diligenter
2609 5035 3111 5091 exercuerit.Leoni
3137 5035 3405 5105 siquidem
3436 5050 3663 5106 regnum

2095 5132 2149 5185 in
2180 5130 2387 5185 bestias
2426 5129 2520 5184 dat
2577 5128 2743 5182 robur
2765 5128 2932 5182 animi
2960 5136 3014 5183 et
3050 5128 3301 5199 corporis
3334 5145 3348 5183 :
3385 5128 3581 5199 aquilae
3605 5127 3659 5181 iu

2093 5241 2221 5280 aves
2256 5221 2751 5278 volatussublimis
2801 5232 2852 5276 et
2886 5222 3040 5277 velox
3072 5240 3084 5277 :
3116 5222 3319 5277 homini
3351 5232 3531 5278 autem
3567 5239 3661 5278 su-

2096 5334 2191 5389 per
2214 5326 2414 5373 terram
2454 5316 2741 5387 imperium
2783 5316 2878 5369 dat
2896 5316 3095 5370 oratio.

2551 5406 2672 5462 Non
2702 5423 2814 5462 esse
2844 5406 3204 5477 gloriandum.

2166 5500 2394 5571 Pmpter
2446 5502 2673 5557 relatam
2700 5500 2767 5555 de
2803 5501 3054 5555 hostibus
3116 5500 3403 5554 victoriam
3458 5499 3660 5572 gaudio

2097 5610 2165 5650 ne
2218 5594 2481 5657 eﬂ‘craris,
2526 5608 2626 5648 nec
2667 5592 3105 5647 adversariorum
3143 5590 3547 5647 calamitatibus
3579 5591 3661 5644 in-

2096 5689 2290 5755 sultes,
2345 5702 2521 5757 neque
2546 5687 2615 5741 oh
2649 5687 2865 5740 ruinam
2932 5686 3278 5740 inimicorum
3315 5684 3529 5745 lzeteris,
3560 5698 3661 5739 nec

2096 5780 2322 5837 alterius
2374 5779 2648 5835 miseriam
2705 5778 2902 5843 rideas,
2953 5793 3052 5833 nec
3106 5777 3177 5833 ob
3216 5776 3381 5833 ullius
3429 5775 3664 5831 hominis

2097 5872 2380 5929 interitum
2417 5872 2669 5928 manibus
2704 5871 2932 5943 plaudas
2963 5887 2976 5928 :
3004 5880 3199 5927 natura
3225 5870 3369 5927 enim
3414 5884 3658 5926 comatu-
