4098 6292
479 385 549 429 ιν
1831 363 2050 423 PROL]

2153 362 2242 421 3M
2255 359 2421 420 ENA.
3647 368 3729 409 l.\‘l

479 486 570 542 nis
599 496 683 542 est
711 483 987 550 omnibus,
1019 494 1067 539 et
1099 478 1343 539 futurum
1407 479 1677 558 provideri
1715 477 1922 547 nequit.
1954 475 2050 530 Re-

2162 491 2252 527 τον
2270 489 2284 504 ο
2315 474 2417 542 ὅρα
2445 466 2538 526 οὖν
2564 471 2689 535 τοὺς
2723 472 2830 542 πρὸ
2858 471 2977 536 σοῦ,
3001 473 3093 526 καὶ
3117 473 3235 526 τότε
3263 472 3483 544 μαθήσῃ
3505 470 3572 526 τὰ
3598 473 3737 542 μετὰ

477 577 770 633 miniscere
784 592 974 630 eorum
1003 591 1124 646 qua:
1155 584 1283 630 ante
1299 582 1353 629 te
1381 563 1621 636 fuerunt,
1646 577 1839 641 etquae
1862 577 2050 639 postea

2157 568 2239 621 σέ.
2275 566 2454 620 Πολλὰ
2481 564 2589 638 γὰρ
2619 559 2761 619 οἶδεν
2787 565 2816 618 ὁ
2847 564 2961 634 βίος
2990 567 3295 637 πράγματα
3335 566 3609 637 ἀμείϐειν,
3640 568 3736 620 καὶ

476 671 728 725 evenient
787 670 1094 740 intelliges,
1159 685 1370 741 magna:
1420 669 1565 722 enim
1608 681 1674 721 ac
1700 664 1885 719 multa:
1925 670 2050 719 sunt

2153 658 2263 711 τῶν
2293 657 2671 728 παρελθόντων
2701 655 2771 709 τὰ
2799 657 2948 726 πάθη
2997 660 3108 720 τοῖς
3144 656 3240 712 νῦν
3264 656 3531 728 παροῦσιν
3557 658 3736 730 (map-

477 758 603 814 vita:
644 759 810 828 hujus
841 759 1274 821 vicissitudines,
1313 771 1377 811 ac
1406 755 1803 828 prwteritorum
1866 767 2054 806 recor-

473 851 625 906 datio
665 850 1028 922 praesentibus
1079 850 1414 904 documento
1463 863 1586 903 esse
1645 845 1828 901 debet.
1870 842 1950 898 Ne
2002 850 2056 898 te

473 939 691 1005 eﬂ'eras,
747 940 928 1005 aiunt,
964 956 1035 996 ne
1058 949 1211 995 tanto
1269 938 1598 1010 profundius
1640 936 1950 1007 dejiciaris;
1978 949 2048 988 ne

474 1043 662 1102 partas
687 1032 786 1087 tibi
814 1032 1074 1088 victorias
1099 1031 1335 1093 ascribe.
1371 1045 1440 1085 ne
1471 1044 1712 1101 unquam
1769 1027 2048 1082 fortunam

472 1123 780 1192 esperlaris
836 1124 1121 1180 adversam
1154 1141 1171 1178 :
1203 1123 1296 1179 sed
1342 1123 1574 1178 aliorum
1643 1120 2055 1176 calamitatibus

474 1211 843 1285 illacrymare,
871 1218 1037 1282 atque
1093 1211 1379 1266 hominum
1417 1207 1663 1265 miseriis
1694 1208 2053 1274 condolesce,

476 1307 642 1361 homo
666 1306 782 1376 ipse
828 1319 950 1359 cum
987 1305 1108 1361 sis:
1140 1304 1404 1360 festorum
1436 1304 1790 1359 celebritates
1833 1311 2057 1374 propter

472 1399 663 1469 partas
696 1397 957 1454 victorias
1008 1397 1109 1452 soli
1170 1395 1278 1452 Deo
1335 1404 1523 1467 gratus
1577 1406 1838 1468 acceptas
1887 1395 2052 1462 refer,

473 1497 534 1542 ut
563 1497 618 1543 et
651 1488 706 1542 in
739 1485 1001 1542 secundis
1042 1487 1209 1541 rebus
1233 1496 1286 1540 te
1314 1486 1666 1550 submittens,
1695 1498 1749 1542 et
1781 1487 1835 1540 in
1863 1487 2054 1540 adver~

473 1581 551 1638 sis
584 1580 826 1652 erigens,
858 1594 1140 1650 nunquam
1165 1588 1221 1634 te
1244 1580 1522 1634 hominem
1540 1594 1667 1634 esse
1684 1579 2052 1635 obliviscaris.

969 1670 1046 1726 De
1076 1671 1254 1726 studio
1277 1670 1599 1726 litterarum.

544 1764 624 1818 Ad
652 1778 830 1820 mores
851 1772 975 1818 tuos
1001 1764 1148 1818 omni
1173 1779 1237 1819 ex
1272 1771 1427 1834 parte
1448 1763 1781 1820 excolendos
1806 1772 2053 1820 veterum

2164 765 2246 818 χει
2269 745 2608 802 διδασκαλία.
2633 747 2724 816 Μὴ
2743 746 2836 801 οὖν
2869 748 3010 818 μέγα
3037 747 3304 820 ὲπαρθῇς,
3330 749 3518 820 φησὶν,
3549 750 3636 804 ῐνα
3661 749 3738 821 μὴ

2158 841 2343 912 μεῖζον
2397 841 2602 913 πέσῃς,
2662 840 2776 894 ἀλλ’
2811 839 2932 894 οὐδὲ
2983 840 3094 894 τῶν
3155 840 3604 912 κατορθουμένων
3657 859 3740 897 σοι

2155 933 2432 1002 τροπαίων
2462 932 2632 1005 μηδὲν
2659 933 2799 998 ὅλως
2834 932 2964 988 ῐδιον
2984 932 3199 1006 λογίσῃ,
3227 932 3326 987 καὶ
3354 931 3611 988 οὐδέποτε
3637 933 3739 990 τῶν

2156 1025 2501 1079 ἁπευκταίων
2555 1025 2903 1097 πειραθήσῃι
2939 1024 3081 1079 Ἀλλ’
3123 1026 3420 1097 ἑπιδάκρυε
3471 1026 3572 1098 μὲν
3618 1031 3740 1093 ταῖς

2154 1118 2465 1189 ἀλλοτρίαις
2511 1119 2838 1190 συμφοραῖς,
2867 1116 3146 1189 συμπάθει
3189 1117 3247 1171 δὲ
3300 1120 3600 1190 πάσχουσιν
3645 1122 3743 1174 ἀνι

2156 1207 2417 1280 θρώποις,
2445 1208 2733 1282 ἄνθρωπος
2756 1198 2857 1263 ’ὢν
2907 1209 3004 1264 καὶ
3053 1192 3246 1274 αὐτός’
3281 1209 3381 1274 τὰς
3411 1211 3468 1264 δὲ
3500 1211 3594 1265 ἐπὶ
3621 1215 3742 1276 ταῖς

2155 1299 2336 1364 νίκαις
2384 1300 2742 1372 πανηγύρεις,
2771 1300 3020 1356 ἀνατίθει
3070 1299 3218 1372 μόνῳ
3258 1301 3338 1372 τῷ
3367 1301 3488 1372 Θεῷ
3517 1305 3737 1374 εὐχαρί-

2158 1412 2321 1458 στως,
2355 1393 2443 1448 ἵνα
2473 1395 2569 1448 καὶ
2617 1396 2674 1449 ὲν
2728 1397 2851 1458 ταῖς
2905 1394 3187 1466 εὐτυχίαις
3231 1393 3531 1464 δυστυχῶν,
3558 1397 3652 1449 καὶ
3683 1397 3740 1448 ἐν

2154 1489 2274 1549 ταῖς
2301 1485 2617 1558 δυστυχίαις
2641 1486 2903 1559 εὐτυχῶν,
2925 1486 2987 1542 τὸ
3016 1487 3302 1560 ἄνθρωπος
3333 1481 3472 1542 εῖναι
3500 1484 3578 1556 μὴ
3606 1489 3742 1541 ἀπο-

2155 1577 2339 1648 λέσῃς.

2508 1669 2650 1741 Περὶ
2689 1659 3085 1741 ἀναγνώσεως
3121 1670 3383 1741 γραφῶν.

2232 1760 2353 1816 Ἵνα
2402 1761 2461 1816 δέ
2515 1779 2609 1816 σου
2657 1761 2719 1816 τὸ
2760 1756 2893 1834 ἦθος
2935 1762 3022 1816 διὰ
3062 1763 3281 1817 πάντων
3328 1763 3634 1836 κοσμήσῃς,
3663 1763 3739 1838 μὴ

471 1856 778 1928 sapientum
849 1857 1149 1912 sententias
1209 1856 1555 1911 continenter
1611 1859 1848 1912 evolve:
1887 1859 2050 1936 multa

2158 1853 2410 1908 κιτόκνει
2458 1855 2559 1919 τὰς
2603 1853 2712 1909 τῶν
2760 1854 3006 1910 παλαιῶν
3053 1853 3424 1929 διεξέρχεσθαι
3471 1854 3734 1926 γνώμαςο

469 1949 616 2003 enim
671 1948 726 2003 in
761 1948 871 2002 illis
929 1957 1194 2018 praecepta
1244 1948 1531 2003 utilissima
1577 1950 1816 2018 reperies
1846 1993 1861 2015 ,
1919 1966 2056 2020 prm-

470 2041 659 2098 sertim
723 2042 780 2096 in
849 2041 1106 2110 operibus
1173 2041 1480 2097 Salomonis
1551 2050 1714 2112 atque
1777 2041 2052 2098 Isocratis.

471 2134 626 2190 Adde
653 2135 816 2190 etiam
846 2133 890 2190 si
918 2134 998 2189 vis
1023 2133 1150 2189 Jesu
1183 2134 1275 2187 filii
1297 2133 1488 2189 Sirach
1519 2133 1846 2189 documenta
1893 2145 2056 2205 atque

471 2225 772 2288 cons_ilia,e
803 2224 1004 2294 quibus
1036 2225 1268 2278 multum
1300 2225 1483 2280 civilis
1517 2235 1568 2280 et
1608 2225 1770 2296 regia:
1809 2227 2053 2296 pruden-

468 2317 560 2371 tiae
582 2316 802 2372 haurire
836 2317 1060 2387 poteris.
1123 2317 1331 2372 Caetera
1386 2318 1550 2372 etiam
1589 2317 1853 2374 divinitus
1885 2319 2055 2390 inspi-

469 2423 607 2466 rata:
639 2411 942 2481 Scriptura:
975 2411 1194 2465 oracula
1245 2413 1482 2479 perlecta
1525 2410 1621 2465 tibi
1670 2426 1792 2466 esse
1816 2421 2050 2482 oportet,

469 2511 531 2558 ut
561 2519 686 2558 cum
718 2502 989 2574 sapientia
1026 2512 1441 2560 consummatus
1494 2502 1686 2570 fueris,
1729 2521 1816 2559 rue
1843 2519 2048 2575 regem,

467 2605 678 2672 patrem
710 2610 777 2652 ac
804 2602 1196 2666 praeceptorem
1238 2601 1419 2664 tuum,
1505 2594 1690 2650 laetitia
1753 2595 2051 2668 perfundas

469 2704 535 2744 ac
571 2697 798 2746 cretei-os
832 2689 996 2744 etiam
1030 2691 1147 2757 ipse
1179 2687 1460 2744 exhortari
1486 2703 1551 2744 ac
1583 2688 1785 2744 docere
1809 2689 1992 2760 possis
2026 2706 2041 2744 :

466 2787 524 2834 et
539 2781 703 2836 homo
748 2793 874 2834 cum
910 2780 990 2835 sis
1013 2779 1174 2834 linem
1205 2778 1306 2835 tibi
1338 2780 1721 2850 praescriptum
1749 2795 1895 2845 esse,
1928 2794 2047 2836 me-

469 2871 579 2927 lius
606 2872 920 2944 intelligas;
948 2886 1012 2927 ac
1040 2873 1257 2928 nullum
1311 2871 1592 2928 hominem
1648 2886 1772 2927 esse
1795 2872 2043 2942 peccati,

466 2965 676 3022 nullum
733 2967 928 3022 mortis
980 2973 1316 3036 expertem;
1354 2964 1566 3019 nullum
1615 2965 1710 3035 qui
1741 2979 1851 3019 non
1896 2963 2047 3036 judi-

466 3059 677 3111 candus
708 3057 779 3112 sit
811 3057 880 3112 de
908 3056 1167 3112 omnibus
1218 3071 1342 3127 quae
1375 3055 1433 3111 in
1462 3055 1574 3114 vita
1632 3056 1892 3126 gesserit,
1925 3055 2046 3110 nul-

466 3149 582 3205 lum
614 3149 708 3219 qui
733 3149 801 3206 de
833 3148 1028 3205 mortis
1062 3164 1174 3205 suae
1201 3148 1436 3205 termino
1457 3145 1660 3219 aliquid
1698 3147 1832 3203 certi
1883 3147 2041 3204 sciat.

2159 1945 2332 2000 πολλὰ
2359 1949 2468 2016 γὰρ
2494 1949 2551 2001 ὲν
2580 1948 2769 2012 αὑταῖς
2792 1947 3046 2020 εὑρήσεις
3067 1949 3135 2003 τὰ
3159 1949 3436 2022 χρήσιμα·
3461 1949 3557 2002 καὶ
3578 1947 3737 2013 πλέον

2159 2039 2474 2094 πάντωντά
2504 2057 2564 2092 τε
2613 2039 3007 2109 Σολομὼντεια,
3058 2032 3129 2094 τᾶ
3172 2057 3232 2095 τε
3263 2042 3618 2109 Ἰσοκράτεια.
3673 2041 3736 2095 Et

2158 2129 2339 2200 βούλει
2386 2132 2481 2185 καὶ
2509 2131 2580 2184 τὰ
2606 2131 2702 2185 τοῦ
2738 2131 2917 2203 Ἰησοῦ
2947 2133 3040 2187 τοῦ
3069 2135 3240 2206 Σιρὰχ
3276 2133 3567 2205 διαμλέτα
3613 2133 3736 2205 βου-

2156 2221 2405 2292 λεύματα
2453 2223 2548 2278 καὶ
2593 2224 2920 2293 διδάγματα,
2948 2225 3024 2292 ὡς
3053 2227 3263 2280 ἐκεῖθεν
3308 2227 3404 2281 καὶ
3448 2227 3734 2291 πολιτικὰς

2156 2317 2250 2370 καὶ
2304 2315 2589 2388 βασιλικὰς
2639 2316 2840 2388 ἀρετὰς
2887 2318 3184 2389 δυνάμενος
3235 2317 3617 2385 ἀναλέξασθαι.
3655 2319 3735 2372 Τὰ

2153 2407 2264 2477 γὰρ
2314 2407 2450 2462 ἄλλα
2479 2408 2658 2462 πάντα
2705 2409 2804 2477 τῆς
2838 2408 3201 2463 θεοπνεύστου
3234 2409 3459 2481 Γραφῆς
3489 2410 3734 2481 σωτήρια

2152 2500 2308 2568 λόγια
2336 2501 2801 2556 συναναπνέεσθαί
2846 2519 2930 2555 σοι
2970 2502 3188 2567 πάντως
3215 2502 3547 2572 ἐπάναγκες.
3567 2503 3734 2558 Ἐπὰν

2148 2592 2206 2647 δὲ
2231 2592 2433 2657 τέλειος
2460 2593 2593 2667 γένῃ
2620 2593 2719 2666 τὴν
2746 2595 3026 2666 φρόνησιν,
3056 2595 3201 2666 κάμὲ
3229 2595 3322 2650 τὸν
3353 2595 3576 2667 βασιλέα
3595 2637 3610 2662 ,
3639 2596 3735 2652 καὶ

2151 2687 2383 2757 πατέρα,
2424 2688 2520 2741 καὶ
2565 2688 2860 2760 παιδευτὴν
2899 2689 3220 2762 εὐφρανεῖς,
3265 2689 3362 2744 καλ¹
3407 2689 3584 2756 αὖτδςγ
3609 2690 3734 2745 τότε

2148 2779 2417 2833 νουθετεῖν
2469 2779 2689 2852 ἑτέρους
2739 2780 3056 2855 ἁξιωθήσῃο
3088 2783 3184 2838 καὶ
3226 2782 3289 2838 τὸ
3330 2784 3530 2838 οἰκεῖον
3573 2783 3731 2849 τέλος

2146 2871 2433 2945 ἄνθρωπος
2460 2871 2557 2938 ὢν,
2590 2873 2793 2944 μᾶλλον
2833 2873 3135 2950 ὲπιγνὼσῃ,
3180 2875 3262 2930 ὅτι
3316 2877 3487 2940 οὐδεὶς
3516 2876 3732 2948 ἀνθρώο

2146 2980 2265 3018 πων
2306 2965 2710 3038 ἀναμάρτητος,
2738 2967 2915 3032 οὐδεὶς
2967 2967 3273 3034 ἀνθρώπων
3323 2968 3610 3034 ἀθάνατος,
3640 2969 3733 3022 οὓς

2144 3056 2256 3122 δεὶς
2286 3056 2592 3128 ἀνθρώπων
2618 3058 2716 3131 τὴν
2731 3059 2839 3114 τῶν
2864 3059 3210 3132 βεὸιωμένων
3237 3061 3732 3134 διαφιύξεταινιιρί-

2151 3165 2236 3202 σιν
2255 3189 2272 3215 ,
2299 3150 2473 3217 οὐδεὶς
2509 3151 2813 3224 ἀνθρώπων
2837 3149 2947 3208 οἶδε
2975 3153 3070 3208 τοῦ
3097 3152 3215 3224 βίου
3239 3155 3302 3212 τὸ
3325 3154 3520 3223 ἄδηλον
3548 3154 3726 3219 τέλος.

2072 3199 2120 3259 ο

477 3340 3700 3384 W

1833 3512 2367 3593 MONITUM.

1340 3685 1502 3760 (Aug.
1526 3686 1656 3743 ΜΑι.
1681 3687 1881 3760 Script.
1905 3699 2066 3746 vetet.
2083 3707 2204 3755 nov,
2224 3692 2351 3748 coll.
2377 3699 2418 3749 t.
2449 3691 2515 3762 11,
2543 3709 2669 3766 pag.
2709 3694 2863 3768 679.)

535 3995 671 4050 Cum
729 3995 785 4051 in
835 3994 1117 4055 Vaticanis
1184 3999 1462 4056 codicibus
1533 4003 1755 4073 politica
1820 4004 2024 4077 scripta
2089 4008 2438 4078 vestigarent,
2502 4009 2686 4066 Basilii
2738 4025 2953 4083 quoque
2999 4011 3343 4082 imperatoris
3413 4013 3590 4073 editas
3650 4015 3718 4070 ad

480 4087 649 4142 filium
680 4089 1084 4148 admonitiones
1121 4092 1453 4161 leCIitabam,
1488 4096 1556 4151 ab
1599 4097 1796 4168 iisque,
1831 4099 1884 4153 in
1923 4115 2031 4155 uno
2074 4101 2265 4156 saltem
2307 4103 2521 4170 codice,
2591 4113 2757 4173 caput
2801 4120 2957 4171 mn,
3015 4105 3159 4176 quod
3235 4111 3320 4162 est
3360 4107 3428 4162 de
3477 4109 3721 4178 pecuniae

464 4187 808 4251 contemptu,
880 4181 1075 4238 abesse
1118 4184 1390 4242 videbam.
1445 4185 1647 4244 Verum
1735 4191 1876 4245 idem
1938 4191 2108 4247 codex
2152 4196 2472 4263 praedictum
2507 4196 2778 4253 defectum
2809 4213 2932 4253 cum
2961 4198 3147 4253 fenore
3173 4198 3724 4255 resarciebatz-nam-

461 4290 569 4345 que
600 4276 652 4330 in
684 4275 1118 4334 admonitionum
1150 4281 1366 4337 illarum
1391 4284 1834 4355 pervulgatarum
1863 4287 2032 4353 calce,
2075 4290 2183 4344 alia
2240 4292 2634 4350 subtexehatur
2676 4294 2921 4367 ejusdem
2983 4295 3169 4355 Basilii
3237 4298 3305 4354 ad
3357 4301 3605 4356 eumdem
3651 4301 3717 4355 ﬂ-

461 4369 595 4425 lium
630 4370 954 4443 admonitio,
983 4388 1105 4446 quae
1127 4375 1180 4432 in
1215 4377 1572 4450 editionibus,
1602 4390 1868 4452 quantum
1899 4383 2048 4450 vidi,
2072 4384 2441 4446 desideratur.
