4098 6292
344 299 443 346 LVII

912 294 1196 357 BASlLlI
1228 296 1384 359 IMP.
1429 299 1876 400 PARIENESIS
1906 302 2206 364 ALTERA
2235 304 2338 364 AD
2374 304 2683 365 LEONEM
2713 306 3010 369 FILIUM.

3476 321 3604 364 ινιιι

349 446 3609 496 W

1148 836 1971 962 ΒΑΣΙΛΕΙΟΥ
2060 842 2808 967 ΒΑΣΙΛΕΩΣ

1596 1071 1820 1126 ΕΤΕΡΛ
1863 1074 2278 1128 ΠΛΡΔΙΝΕΣῘΣ

805 1250 977 1350 ΕΙΣ
1051 1251 1275 1336 ΤΟΝ
1347 1249 1724 1338 ΑΥΤΟΥ
1797 1250 2072 1338 ΥΙΟΝ
2137 1251 2597 1342 ΛΕΟΝΤΑ
2671 1253 3165 1346 ΒΑΣΙΛΕΑ.

1942 1483 2007 1497 ..-

1203 1660 1720 1779 BASILII
1785 1664 2760 1782 IMPERATOBIS

1565 1899 1871 1961 ALTERA
1908 1900 2403 1962 ΕΧΗΟΒΤΛΤΙΟ

597 2073 749 2164 ΑΙ)
850 2075 1289 2166 FILIUM
1391 2075 1716 2168 SUUM
1827 2071 2324 2167 LEONEM
2424 2076 3356 2170 IMPERATOREM.

409 2415 479 2471 Ἡ
521 2414 647 2470 θεία
696 2415 794 2472 καὶ
827 2417 1072 2488 παναγία
1105 2417 1277 2490 Τρίας
1324 2420 1360 2490 ἠ
1407 2419 1818 2492 παντοδύναμος
1845 2423 1940 2476 καί¹
1965 2424 1994 2484 ,Α

2114 2422 2305 2478 Divina
2339 2434 2393 2477 et
2415 2424 2763 2478 sanctissima
2795 2424 2907 2477 Tri:
2936 2432 3062 2487 itas.
3094 2441 3218 2496 quae
3251 2435 3335 2480 est
3368 2426 3630 2498 omnipo-

331 2508 600 2576 ζωοποιδς
626 2508 927 2579 άγαθότης,
970 2513 1005 2581 ή
1034 2512 1093 2564 ὲν
1115 2511 1300 2582 τρισὶν
1350 2512 1718 2567 ὑποστάσεσιν
1746 2516 1943 2585 ὁμοθυ-

331 2604 458 2669 σίως
497 2601 861 2676 δοξαζομένη,
911 2604 975 2658 τὸ
1009 2603 1354 2677 ὑπερϐάλλον
1385 2605 1652 2674 ἐπιδεῖξαι
1681 2607 1943 2679 βουλομέ-

332 2714 394 2767 νη
447 2698 564 2770 τῆς
595 2696 810 2762 οἰκείας
847 2697 1206 2767 ἀγαθότητος,
1233 2699 1328 2754 καὶ
1370 2699 1429 2753 ἔν
1479 2701 1615 2754 πᾶσι
1671 2702 1770 2772 μὲν
1830 2705 1943 2768 τοῖς

329 2786 474 2857 οὖσι,
507 2791 894 2864 κατεξαίρετον
917 2792 975 2846 δὲ
993 2791 1089 2845 τοῦ
1119 2791 1408 2864 ἀνθρώπου
1437 2793 1694 2863 πρόνοιαν
1755 2793 1944 2848 ποιού-

334 2885 497 2956 μὲνη,
533 2887 654 2939 κατ’
687 2885 875 2940 εἰκόνα
912 2885 1052 2940 ἰδίαν
1073 2885 1135 2939 τὸ
1164 2885 1351 2956 νοερὸν
1378 2885 1572 2941 τούτου
1593 2887 1938 2960 δημιουργή-

333 2992 501 3040 σασα,
533 2976 662 3049 δόξῃ
684 2993 747 3030 τε
775 2975 872 3031 καὶ
898 2979 1031 3048 τιμῇ
1086 2975 1504 3047 στεφανώσασα,
1557 2978 1752 3048 σοφίαν
1793 2978 1945 3050 αὐτῷ

332 3070 676 3141 ἐδωρήσατο,
698 3069 769 3124 δι’
789 3064 858 3141 ἦς
872 3071 1016 3124 κατὰ
1043 3069 1106 3124 τδ
1150 3069 1370 3126 δυνατὸν
1389 3071 1523 3124 Θεὸν
1548 3071 1816 3141 γνωρίσαι
1850 3071 1946 3124 δυο

331 3161 592 3231 νάμενος,
622 3159 836 3225 δοξάζοι
885 3160 976 3216 διὰ
1025 3160 1228 3224 παντὸς
1263 3159 1356 3214 τὸν
1398 3161 1505 3214 τῶν
1539 3161 1796 3215 ἁπάντων
1824 3161 1943 3216 κτί-

333 3272 469 3326 στην
500 3270 518 3287 ο
576 3255 610 3324 ἡ
657 3254 822 3323 σοφία
859 3254 1038 3308 τοίνυν
1083 3254 1147 3308 ἐκ
1177 3252 1280 3323 τῆς
1304 3252 1475 3324 αὐτῆς
1530 3253 1946 3326 μεγαλειότητος

329 3348 443 3412 τοῖς
505 3347 818 3420 ἀνθρώποις
868 3331 1106 3410 δοθεῖσα,
1167 3346 1450 3418 προδήλως
1507 3346 1600 3400 καὶ
1671 3347 1810 3418 καλὴ
1852 3348 1947 3403 καὶ

331 3438 548 3513 τερπνὴ
568 3440 643 3503 ὡς
687 3437 822 3492 Θεοῦ
851 3438 1028 3509 δῶρον
1057 3437 1390 3510 καθέστηκε.
1421 3439 1534 3493 Καὶ
1563 3440 1627 3494 σὺ
1680 3438 1794 3505 οὖν,
1856 3439 1946 3492 τὲ·-

331 3553 461 3592 κνον
488 3535 628 3606 ἐμὸν
671 3534 1064 3604 θεοφύλακτον,
1117 3534 1279 3606 σοφίᾳ
1333 3533 1736 3605 ἐκτρεφόμενος
1786 3533 1947 3603 γενοῦ

332 3629 631 3702 φιλόςοφος
665 3629 746 3700 (‘2)
781 3630 845 3683 ὲκ
874 3628 968 3682 τοῦ
1000 3629 1092 3681 τὸν
1123 3627 1258 3681 Θεὸν
1287 3625 1578 3697 φοϐεῖσθαι
1613 3644 1627 3658 ·
1668 3625 1812 3698 ἀρχὴ
1839 3626 1948 3699 γάρ

2047 2526 2165 2571 lens
2214 2515 2611 2586 vivificansque
2667 2516 2909 2583 bonitas,
2947 2517 3123 2577 tribus
3177 2519 3629 2574 consubstantia-

2044 2607 2191 2663 libus
2236 2609 2290 2663 in
2341 2608 2594 2678 personis
2633 2608 2974 2669 honoranda,
3009 2609 3138 2662 dum
3173 2627 3441 2666 summam
3469 2626 3627 2666 suam

2048 2700 2437 2771 benignitatem
2491 2702 2654 2770 gestit
2709 2702 3113 2767 demonstrare,
3164 2716 3327 2773 atque
3381 2706 3629 2759 omnium

2047 2809 2252 2858 rerum,
2277 2791 2369 2846 sed
2397 2794 2631 2847 hominis
2659 2794 2954 2863 przccipue,
2994 2811 3184 2849 curam
3223 2811 3335 2865 pne
3364 2813 3421 2850 se
3453 2795 3626 2861 ferre;

2047 2883 2210 2953 hujus
2242 2883 2459 2954 quidem
2491 2885 2728 2939 animam
2769 2883 2834 2938 ad
2859 2876 3154 2956 imaginem
3181 2885 3270 2940 sui
3304 2887 3536 2949 creavit,
3575 2896 3632 2942 et

2047 2975 2222 3046 gloria
2247 2989 2412 3046 atque
2444 2975 2652 3030 honore
2678 2975 2984 3041 exornavit,
3007 2975 3447 3047 sapientiamque
3479 2977 3628 3032 indi-

2047 3071 2128 3126 dit
2161 3070 2368 3141 ;cujus
2403 3083 2507 3140 ope
2542 3068 2732 3134 Deum,
2769 3077 3043 3138 quatenus
3070 3067 3185 3123 lieri
3231 3078 3428 3139 potest,
3462 3083 3633 3139 agno-

2047 3173 2247 3231 sceret,
2281 3174 2603 3232 naturteque
2652 3160 2922 3216 universae
2958 3160 3298 3216 conditorem
3347 3175 3630 3232 nunquam

2047 3273 2155 3315 non
2189 3257 2506 3313 honorat-et.
2559 3252 2747 3324 Itaque
2798 3253 3072 3324 sapientia
3110 3267 3177 3307 ex
3203 3250 3392 3308 eodeu
3439 3268 3634 3322 super—

2048 3366 2132 3406 na:
2162 3349 2512 3405 liberalitatis
2574 3346 2727 3402 fonte
2754 3346 3065 3413 dimanans,
3103 3345 3223 3401 sine
3245 3344 3414 3400 dub'o
3447 3355 3501 3400 et
3533 3347 3633 3400 de-

2048 3458 2177 3498 cora
2212 3450 2298 3499 est
2336 3449 2390 3498 et
2425 3439 2697 3512 jucunda,
2732 3439 2988 3494 videlicet
3018 3438 3145 3510 quia
3176 3437 3376 3493 donum
3406 3435 3497 3492 Dei
3524 3446 3633 3495 est.

2049 3535 2132 3591 Tu
2168 3549 2394 3606 quoque
2420 3534 2607 3605 igitur,
2637 3531 2711 3587 illi
2746 3531 2820 3586 mi
2848 3530 2959 3600 (cui
2998 3530 3140 3586 Dens
3173 3530 3380 3585 utinam
3415 3546 3635 3600 semper

2052 3627 2319 3699 faveatl),
2352 3627 2636 3696 sapientia:
2671 3625 2812 3680 lacte
2839 3624 3105 3690 nutritus,
3154 3623 3538 3694 philosophum
3581 3632 3636 3679 te

333 3723 538 3791 σοφίας
557 3720 724 3790 φόϐος
757 3719 969 3792 Κυρίου
1003 3736 1017 3750 ο
1069 3717 1292 3783 σύνεσις
1322 3719 1377 3773 δὲ
1408 3719 1610 3790 ἀγαθὴ,
1664 3719 1797 3772 πᾶσι
1838 3721 1950 3783 τοῖς
1980 3787 1994 3792 _

2053 3723 2297 3781 timendo
2329 3721 2499 3777 Deum
2525 3722 2782 3792 proﬁtere
2812 3737 2827 3773 :
2863 3719 3080 3774 initium
3106 3717 3311 3790 quippe
3352 3717 3636 3787 sapientia:

331 3787 590 3868 ποιοῦσιν
620 3812 814 3883 αὐτήν.
850 3787 1083 3878 ⁷Ἀγάττα
1116 3809 1296 3864 τοίνυν
1319 3810 1413 3863 τὸν
1460 3787 1669 3882 Κύριον
1734 3809 1791 3876 ἐξ
1820 3807 1947 3880 ὅλης
1980 3787 1994 3844 1

2052 3816 2216 3872 timor
2267 3813 2482 3870 Domini
2507 3787 2542 3882 ς-
2593 3821 2739 3868 recte
2792 3821 2970 3866 autem
3035 3787 3260 3879 sapiunt
3316 3807 3637 3879 quicunque

329 3905 517 3976 ψυχῆς
534 3907 631 3959 καὶ
661 3903 892 3975 καρδίας
923 3921 1019 3957 σου
1045 3902 1142 3958 καί
1166 3901 1318 3974 αὐτῷ
1344 3901 1598 3974 λάτρευε,
1646 3901 1744 3956 καὶ
1781 3901 1946 3957 αὐτὸν

335 4002 508 4072 μόνον
529 3997 718 4064 δόξαζε
744 3998 1089 4068 Δημιουργδν
1136 3994 1369 4066 οὐρανοῦ
1403 3996 1496 4050 καὶ
1542 3997 1648 4066 γῆς
1701 3994 1798 4050 καί
1857 3995 1948 4049 θα.

331 4089 572 4162 λάσσης,
601 4091 907 4159 πάντωντε
932 4087 1147 4160 ὁρατῶν
1175 4087 1272 4140 καὶ
1301 4085 1572 4158 ἀοράτων,
1607 4085 1668 4150 ὃς
1706 4083 1799 4139 καί
1848 4101 1946 4154 γε·

331 4183 565 4255 νήσεταί
592 4198 676 4234 σοι
711 4179 904 4251 βοηθὸς
930 4182 988 4234 ἐν
1005 4180 1204 4242 πάσαις
1237 4179 1358 4241 ταῖς
1393 4176 1628 4249 ⁴ἡμέραις
1655 4175 1755 4247 τῆς
1777 4192 1946 4247 προσ.

333 4276 538 4347 καίρου
589 4271 754 4344 τῆσδε
789 4270 939 4342 ζωῆς
974 4287 1091 4336 σου,
1119 4271 1215 4325 καὶ
1259 4270 1317 4322 ὲν
1342 4268 1503 4322 αἰῶνι
1528 4266 1608 4339 τῷ
1657 4266 1941 4339 μέλλοντι·

335 4366 604 4438 σχόλασον
630 4367 696 4436 τῇ
730 4363 1059 4435 θεοδιδάκτῳ
1091 4361 1254 4434 σοφίᾳ
1283 4361 1363 4433 (3)
1392 4376 1406 4388 '
1446 4360 1646 4432 ἀρίστη
1698 4359 1807 4431 γὰρ
1849 4359 1944 4428 ἥδε

335 4460 686 4530 ὑπάρχουσα,
705 4457 828 4512 δυσί
854 4457 1082 4530 τρόποις
1104 4457 1163 4511 ὲν
1192 4454 1270 4528 τῷ
1318 4453 1594 4527 ἀνθρώπῳ
1654 4453 1943 4525 θεωρεῖταί

333 4570 396 4606 τε
434 4553 532 4606 καὶ
566 4549 918 4622 γνωρίζεται,
949 4549 1232 4604 τουτέστιν
1263 4550 1323 4602 ὲν
1355 4547 1535 4617 λόγοις
1567 4547 1663 4601 καῖ.
1713 4549 1771 4601 ὲν
1810 4549 1940 4617 ἀρεο

336 4647 486 4709 ταῖς.
529 4643 682 4698 Αὐτὰ
707 4643 777 4698 τὰ
807 4642 946 4714 βάθη
979 4641 1089 4696 τῶν
1118 4641 1460 4714 πραγμάτων
1512 4639 1760 4710 ἐναργῶς
1803 4639 1912 4693 ἀπο

335 4735 685 4800 δεικνύουσα,
713 4736 810 4789 καὶ
840 4737 899 4788 ὲν
923 4736 1095 4804 σεμνῇ
1122 4733 1370 4805 διαγωγῇ
1403 4730 1499 4786 καὶ
1526 4731 1710 4803 ἔργοις
1755 4732 1943 4800 ἁγνοῖς

338 4831 439 4884 καὶ
488 4828 836 4898 θεαρέστοις·
886 4827 955 4881 δι’
982 4821 1059 4882 ῶν
1100 4824 1326 4881 δύναταί
1357 4842 1440 4889 τις
1467 4824 1646 4880 πάντα
1679 4826 1943 4896 πράττειν

339 4922 645 4997 ἁρμοδίως,
675 4921 818 4976 ὥστε
847 4922 941 4977 καὶ
967 4920 1098 4974 Θεὸν
1125 4918 1473 4993 θεραπεύειν,
1500 4919 1598 4973 καὶ
1633 4917 1943 4990 ἀνθρώποις

343 5019 523 5087 μέγας
568 5016 664 5070 καὶ
709 5014 918 5080 ἔνδοξος
961 5011 1403 5070 ἀναδείκνυσθαι.
1455 5011 1605 5081 Τίμα
1654 5012 1819 5083 ίερεῖς
1849 5010 1943 5064 καί⁵

2049 3910 2198 3967 illam
2249 3915 2526 3965 exercent.
2577 3905 2718 3977 Ergo
2748 3903 3034 3959 Dominum
3088 3911 3203 3956 toto
3247 3916 3313 3955 ex
3363 3900 3550 3955 animo
3581 3910 3638 3954 et

2047 4003 2215 4061 corde
2276 4016 2422 4068 ama,
2485 4001 2672 4070 illique
2713 3999 2924 4055 cultum
2956 3995 3153 4052 exhibe
3179 4010 3196 4049 :
3222 4005 3386 4067 atque
3420 4003 3478 4049 ut
3500 3995 3627 4050 uni.

2047 4112 2172 4153 cum
2207 4095 2359 4159 caeli,
2413 4101 2574 4148 terra?
2609 4095 2888 4161 marisque
2918 4087 3218 4142 visibilium
3245 4085 3635 4142 invisibilium-

2045 4203 2154 4260 que
2180 4185 2536 4243 Conditorem
2570 4184 2802 4248 honoua,
2845 4181 2938 4251 qui
2988 4179 3231 4235 vicissim
3280 4177 3377 4232 tibi
3427 4177 3635 4235 tumin

2046 4283 2194 4339 omni
2218 4282 2319 4336 hac
2349 4280 2636 4350 temporali
2660 4280 2790 4344 vita,
2830 4285 2944 4332 tum
2977 4275 3031 4331 iu
3061 4274 3246 4329 laturo
3268 4273 3468 4329 szeculo
3497 4271 3636 4328 favi-

2049 4386 2138 4431 tor
2173 4374 2302 4431 erit.
2336 4373 2522 4429 Sacrae
2569 4370 2871 4443 praesertim
2921 4369 3189 4424 doc-trime
3239 4365 3481 4421 studium
3531 4365 3638 4418 im-

2047 4467 2224 4540 pende
2249 4482 2268 4530 ;
2302 4465 2443 4521 hanc
2471 4464 2618 4519 enim
2655 4470 2711 4518 ct
2734 4477 2847 4533 prae
2874 4458 3091 4514 caeteris
3121 4466 3176 4512 et
3214 4454 3507 4528 dupliciter
3533 4456 3637 4508 hu-

2046 4557 2179 4612 mini
2235 4572 2360 4613 esse
2429 4556 2615 4610 utilem
2673 4560 3018 4624 compertum
3083 4556 3191 4611 est,
3246 4546 3374 4618 quia
3425 4545 3640 4600 scilicet

2045 4667 2169 4706 eum
2197 4650 2400 4705 litteris
2450 4649 2613 4705 simul
2658 4657 2712 4702 et
2757 4646 3059 4702 virtutibus
3089 4642 3334 4699 instruit.
3388 4638 3522 4694 Nam
3551 4653 3638 4694 re-

2045 4756 2167 4796 rum
2196 4741 2270 4796 illi
2308 4749 2560 4795 naturam
2591 4738 2834 4793 intimam
2867 4735 3162 4807 perspicue
3201 4735 3442 4796 revelat,
3485 4748 3637 4788 enm-

2045 4837 2284 4906 ilemque
2312 4837 2544 4889 honesta
2569 4833 2702 4897 vita,
2721 4831 2878 4902 puris
2910 4829 3130 4901 Deoque
3153 4829 3325 4901 gratis
3352 4826 3635 4899 operibus,

2044 4928 2330 4982 ﬂorentem
2371 4925 2534 4982 eﬂicit
2569 4943 2584 4981 :
2617 4941 2682 4979 ex
2723 4938 2833 4995 quo
2893 4921 3272 4993 consequitur,
3329 4928 3389 4974 ut
3441 4929 3639 4975 cuncta

2045 5025 2192 5071 recte
2249 5016 2318 5070 ab
2375 5015 2596 5068 homine
2647 5012 2814 5077 (iant,
2883 5011 2991 5067 Deo
3041 5010 3226 5065 cultus
3288 5009 3635 5073 exhibeatur,

343 5107 680 5181 πρεσϐύτας,
717 5107 970 5178 καθάπερ
995 5107 1196 5176 γονεῖς,
1230 5106 1381 5169 ὅπως
1410 5104 1508 5159 καί
1533 5105 1697 5168 αὐτὸς
1747 5103 1934 5157 κελεύ-
1961 5141 1994 5200 c

2046 5108 2269 5179 ipseque
2305 5122 2533 5176 magnus
2561 5108 2704 5160 inter
2735 5104 2886 5160 cives
2915 5119 3048 5160 suos
3079 5112 3132 5157 et
3171 5104 3472 5174 praeclarus
3499 5118 3630 5157 eva-

345 5220 435 5256 σει
463 5199 598 5255 Θεοῦ
631 5200 871 5273 τιμηθῇς
905 5201 972 5255 ἐκ
1001 5199 1208 5254 παίδων
1252 5196 1364 5253 τῶν
1390 5198 1608 5251 οἰκείων
1643 5197 1739 5251 καὶ
1773 5196 1931 5249 ἀλλο-

342 5294 536 5366 τρίων.
570 5290 818 5363 Πτωχοῖς
845 5293 942 5347 καὶ
977 5291 1183 5346 ἑνδεέσι
1210 5292 1305 5346 καί
1349 5293 1408 5345 ὲν
1453 5290 1721 5357 ἀνάγκαις
1752 5289 1934 5360 ὑπάρ-

345 5403 501 5456 χουσι
531 5385 818 5459 μεταδίδου
848 5385 1146 5458 προθύμως
1171 5403 1188 5420 ·
1223 5384 1512 5455 γινώσκων
1544 5384 1628 5438 ὅτι
1661 5384 1727 5438 δι’
1756 5384 1938 5437 αὐτῶν

2036 5202 2148 5256 dat.
2189 5204 2407 5256 Honora
2436 5200 2751 5255 sacerdotes
2777 5207 2830 5255 et
2858 5214 3043 5266 senes,
3075 5209 3365 5267 parentum
3429 5197 3633 5261 instar,

2039 5303 2100 5347 ut
2135 5305 2189 5346 tu
2233 5294 2476 5348 vicissim
2517 5291 2780 5347 honorem
2839 5306 2869 5345 a
2918 5290 3028 5346 Deo
3073 5289 3372 5359 liberisque
3428 5289 3539 5343 tuis
3586 5293 3641 5342 et

2043 5387 2237 5444 alienis
2267 5386 2649 5457 consequaris.
2711 5384 2999 5456 lnopibus,
3043 5382 3410 5448 calamitosis,
3449 5389 3502 5437 et
3545 5395 3641 5435 ne-

1886 5521 2120 5583 NOTE.

419 5637 492 5711 (2)
535 5637 771 5711 scilicet
804 5633 1131 5711 _Phi1030phl
1179 5653 1274 5711 seu
1338 5635 1615 5711 Sapientis
1665 5651 1933 5708 agnomen

347 5708 532 5836 mpm
584 5710 707 5770 Leo
764 5708 970 5766 virtute
1016 5723 1116 5766 sua
1172 5709 1540 5782 doctrinaque
1594 5721 1935 5764 consecutus

2119 5640 2196 5714 (3)
2256 5641 2461 5699 Revera
2513 5640 2716 5714 Leonis
2760 5638 3040 5710 Sapientis
3085 5637 3290 5712 scripta
3341 5633 3528 5694 multis
3567 5634 3642 5693 'in

2047 5713 2387 5785 argumentis
2415 5713 2591 5771 sacris
2632 5721 2939 5770 versantur.
