4098 6292
427 282 522 326 IJX

1776 259 2007 323 PROLE

2114 258 2357 320 lMENA.
3625 260 3688 305 ιιι
3798 329 3802 331 Α

424 390 683 443 cessitate
713 383 916 456 pressis
946 382 1198 437 alacriter
1235 378 1468 447 largire;
1504 386 1763 447 reputans
1789 376 2000 431 scilicet

2114 373 2360 439 δανείζων
2404 373 2562 446 Θεῷ,
2618 373 2938 447 παρ”αὐτοῦ
2990 372 3245 445 ἀπολήψῃ
3297 373 3366 427 τὰ
3423 370 3683 443 μείζονα⁶

424 486 477 533 te
512 477 797 549 pecuniam
836 474 977 546 apud
1014 472 1177 529 Deum
1228 474 1281 525 in
1316 470 1505 525 fenore
1544 483 1769 539 ponere,
1807 485 1836 521 a
1882 484 1994 539 quo

2114 467 2501 537 ἀγαθοποιῆσαι
2536 468 2876 538 βουλόμενος,
2912 468 2987 539 μὴ
3040 466 3277 539 ὑπέρθον
3323 467 3403 529 είς
3449 463 3678 535 αῦριον·

426 570 686 639 majorem
718 575 921 623 sortem
953 564 1279 635 reportabis.
1316 561 1646 618 Beneﬁcium
1689 575 1757 615 ne
1791 561 1843 614 in
1880 575 1999 613 cra.

423 659 626 714 stinum
675 658 896 713 dichras
945 673 959 710 :
1012 654 1236 718 Nescis,
1286 653 1472 716 enim,
1527 650 1701 721 inquit
1750 650 1993 705 divinum

424 750 721 820 Scriptum,
745 747 871 818 quid
903 748 1137 801 ειαειίιια
1162 746 1273 799 dies
1305 747 1483 798 latura
1516 745 1606 798 sit.
1644 744 1777 799 Esto
1817 744 2000 797 animo

425 852 590 913 atque
614 855 779 912 opera
814 840 1046 895 liberali.
1082 822 1355 907 Quidquid
1388 833 1536 889 enim
1573 834 1626 887 in
1663 842 1806 887 terra
1854 832 2001 888 seri-

423 942 532 1001 tur,
586 933 787 990 ibidem
816 932 1164 988 succrescit:
1217 932 1331 987 sola
1358 930 1703 1001 eleemosyna
1746 936 1831 985 est
1875 941 1998 997 qua:

424 1022 576 1079 humi
631 1032 770 1090 sata,
821 1024 875 1079 in
911 1022 1068 1079 caelis
1127 1012 1488 1094 centuplicem
1546 1022 1784 1075 fructum
1838 1018 1999 1089 parit.

426 1114 566 1188 Erga
617 1118 789 1172 bonos
819 1123 939 1171 esto
989 1114 1158 1181 mitis,
1194 1116 1457 1171 adversus
1488 1129 1686 1187 pravos
1734 1127 1999 1173 severus;

428 1208 664 1264 bimulus
718 1207 1068 1276 hominibus,
1117 1206 1488 1270 voluptatibus
1536 1216 1812 1262 austeros.
1865 1206 2001 1260 Cum

334 1350 337 1354 .
423 1303 632 1359 sanctis
671 1303 801 1357 viris
836 1318 1095 1369 versare;
1131 1301 1405 1373 improbos
1439 1299 1564 1371 iuge
1593 1310 1646 1355 et
1669 1300 1938 1355 detestare
1974 1317 1988 1353 :

425 1388 785 1460 Corrumpunt
818 1391 980 1457 enim,
1032 1399 1088 1445 ut
1116 1389 1191 1444 ait
1248 1387 1549 1462 Scriptura,
1600 1389 1759 1443 bonos
1820 1405 1992 1443 mores

423 1480 689 1553 rolloquia
712 1494 895 1549 prava.
934 1480 1126 1551 lniquo
1169 1478 1375 1533 homini
1416 1492 1485 1534 ne
1509 1477 1813 1534 blandiaris
1841 1494 1856 1542 ;
1886 1480 1994 1531 imo

428 1588 560 1627 vero
590 1588 714 1629 eum
738 1580 1084 1628 commoneto
1114 1588 1126 1624 :
1154 1586 1278 1628 nam
1303 1572 1348 1629 si
1380 1573 1695 1643 resipuorit,
1720 1574 1856 1629 bene
1879 1581 1996 1637 est;

431 1663 517 1718 sin
555 1663 820 1734 propositi
877 1670 1039 1719 tenax
1086 1663 1269 1727 fuerit,
1308 1663 1560 1719 acerbius
1612 1678 1737 1719 eum
1772 1664 2002 1737 corrige.

2109 562 2191 614 Οὐ
2243 560 2349 631 γὰρ
2406 556 2593 626 οἶδας,
2647 561 2803 631 φησὶ,
2833 560 2890 613 τί
2940 560 3170 625 τέξεται
3209 561 3248 627 ἠ
3282 558 3538 612 ἐπιοῦσα
3588 557 3687 627 (4).

2123 645 2526 727 Ἐλεημοσύνην
2574 657 2761 725 άγάπα
2804 656 2898 709 καὶ
2924 658 3125 726 ταύτην
3151 653 3380 727 ἐργάζου
3401 671 3415 684 ο
3453 655 3561 707 πᾶν
3579 652 3693 723 γάρ

2108 746 2168 798 τὸ
2198 748 2293 799 ἐπὶ
2321 746 2425 815 γῆς
2457 744 2846 817 σπειρόμενον,
2883 747 2976 798 ἐπὶ
3004 745 3105 813 γῆς
3136 744 3231 796 καὶ
3266 742 3459 811 φύεται
3485 758 3499 772 ·
3538 741 3693 800 ἐλεη-

2110 838 2315 912 μοσρνη
2339 838 2395 892 δὲ
2428 839 2562 909 μόνη
2594 836 2685 890 ἐπὶ
2712 837 2813 906 γῆς
2837 836 2935 906 μὲν
2960 836 3339 906 σπείρεται,ἔν
3368 834 3615 905 οὐρανοῖς
3638 832 3695 885 δὲ

2116 930 2644 995 ἐκατονταπλασίους
2694 930 2940 1000 καρποὺς
2963 928 3274 982 ἀποδίδωσι.
3299 925 3461 981 Γενοῦ
3482 928 3696 997 ἑκάστῳ

2108 1022 2269 1095 ﬁmo;
2320 1022 2504 1086 καλῶς
2552 1022 2825 1093 ἀγομένῳ,
2857 1020 2934 1092 τῷ
2985 1019 3260 1076 ἀδικοῦντι
3306 1020 3363 1075 δι
3417 1020 3647 1089 σοϐαρός
3676 1036 3688 1049 ·

2108 1107 2311 1180 γλωὲὺς
2359 1115 2470 1175 τοῖς
2501 1110 2829 1181 ἀνθρώποις,
2866 1112 2987 1175 ταῖς
3029 1110 3245 1180 ἡδοναῖς
3298 1110 3343 1163 δ’
3396 1110 3693 1181 αὐστηρός.

2109 1207 2265 1261 Μετὰ
2312 1205 2475 1259 ὁσίων
2522 1205 2730 1271 ἀνδρῶν
2771 1203 3114 1274 ἀναστρέφου
3136 1219 3151 1234 ·
3182 1203 3473 1275 στρεϐλοὺς
3511 1203 3556 1256 δ’
3589 1205 3697 1258 άπ-

2108 1299 2324 1351 αναίνου
2351 1300 2445 1352 καὶ
2472 1296 2837 1368 ἀποστρέφου·
2859 1294 3178 1364 φθείρουσι
3205 1295 3336 1366 γὰρ,
3368 1296 3555 1364 φησὶν,
3582 1293 3697 1365 ἤθη

2109 1390 2343 1460 χρηστὰ
2374 1390 2603 1459 ὁμιλίαι
2631 1386 2812 1441 κακαί
2855 1387 2954 1459 (5).
3002 1386 3198 1458 Ἀδίκῳ
3229 1386 3304 1458 μὴ
3354 1384 3701 1460 παραχώρει,

2109 1484 2244 1538 ἀλλὰ
2290 1481 2481 1536 τοῦτον
2526 1480 2801 1536 νουθέτειο
2846 1480 2952 1533 κᾶν
3000 1479 3099 1550 μὲν
3152 1479 3480 1551 ἐπιστρέψῃ,
3521 1478 3585 1534 εὖ
3632 1479 3700 1534 ἃν

2111 1575 2259 1647 ἔχοι·
2295 1576 2362 1630 ἂν
2383 1574 2428 1629 δ’
2448 1572 2706 1647 ἐπιμένῃ,
2731 1572 2797 1628 αὖ
2807 1571 3150 1642 στηροτέρως
3171 1570 3362 1626 τοῦτον
3384 1571 3696 1644 ἐπίστρεφε.

2109 1668 2267 1726 Οῦτω
2311 1668 2418 1742 γάρ
2465 1668 2740 1740 πράττων,
2779 1666 2873 1719 καὶ
2919 1663 3040 1736 Θεῷ
3086 1665 3187 1737 μὲν
3238 1664 3530 1738 εὐάρεστος
3578 1663 3698 1735 εστι,

428 1753 522 1812 Sic
561 1758 704 1813 enim
746 1764 799 1812 et
832 1764 1039 1828 gratam
1085 1754 1195 1811 Deo
1251 1772 1364 1811 rem
1423 1755 1611 1825 iacies,
1644 1765 1699 1812 et
1734 1757 2007 1813 hominem

2114 1767 2363 1820 κάκεῖνον
2410 1763 2471 1816 ὲν
2523 1760 2689 1832 κημῷ
2735 1757 2943 1827 άγξεις,
2997 1758 3090 1812 καὶ
3132 1756 3423 1828 γνωρίζειν
3471 1754 3701 1821 διδάξεις

427 1848 580 1902 illum
638 1847 880 1924 capistro
939 1848 1102 1903 veluti
1157 1847 1465 1921 astu-iuges,
1522 1857 1686 1919 atque
1728 1850 1793 1903 ad
1844 1849 2010 1905 Deum

427 1941 867 2011 cognoscendum
896 1940 1210 2012 compelles.
1249 1939 1359 1997 Etsi
1412 1941 1559 1997 enim
1596 1941 1877 2011 paulisper
1912 1942 2012 1994 do-

432 2029 584 2097 lebit,
645 2040 805 2101 teque
851 2031 1053 2095 oderit,
1104 2029 1302 2087 deinde
1359 2042 1539 2086 tamen
1605 2040 1845 2086 aeternus
1905 2026 2011 2086 tibi

432 2122 643 2178 amicus
700 2124 824 2179 erit.
882 2120 1181 2179 Veritatem
1245 2138 1367 2179 ama
1434 2132 1488 2180 et
1546 2134 1801 2182 sectator.
1867 2123 2013 2179 Deus

430 2210 635 2283 quippe
667 2213 871 2269 veritas
904 2221 1010 2270 est.
1048 2212 1342 2274 Meittiendi
1397 2215 1617 2272 nescius
1645 2216 1722 2271 sis
1750 2233 1769 2282 ;
1818 2231 2015 2287 parens

431 2305 576 2358 enim
617 2305 885 2373 mendacii
917 2305 1190 2364 diabolus.
1229 2306 1285 2361 In
1332 2306 1512 2366 sacris
1545 2309 1906 2366 concionibus
1934 2310 2011 2364 si-

435 2397 660 2453 lentium
708 2407 949 2467 servato,
994 2398 1123 2454 dum
1169 2397 1263 2456 Dei
1322 2414 1605 2457 sermones
1652 2400 1810 2457 audis
1838 2420 1850 2458 :
1878 2402 2011 2472 quin

436 2492 573 2547 adeo
603 2490 768 2546 Deum
818 2501 999 2547 inc-nte
1047 2499 1139 2546 tua
1175 2507 1271 2563 per
1326 2495 1497 2549 otium
1536 2495 1768 2550 revolvo.
1805 2496 1943 2551 Cum
1982 2510 2013 2551 a

435 2586 769 2655 qnotidianis
792 2588 941 2641 curis
960 2586 1196 2650 vacabis,
1218 2600 1287 2640 ne
1304 2587 1380 2641 sis
1412 2587 1558 2644 iners
1586 2604 1600 2650 ;
1636 2590 1835 2643 etenim
1872 2589 2017 2645 iuer-

436 2674 512 2734 tia
578 2680 890 2735 morbosum
930 2682 1171 2734 animum
1218 2695 1527 2751 corpusque
1581 2681 1733 2736 facit.
1802 2681 2013 2739 Divinis

441 2772 601 2827 libris
632 2786 851 2842 operam
878 2772 981 2839 da;
1026 2788 1213 2842 pacem
1269 2773 1465 2844 dilige;
1508 2773 1763 2830 scandala
1812 2774 2012 2830 devita.

450 2861 647 2919 Uxoris
674 2874 780 2920 tua:
820 2866 1083 2921 societate
1137 2865 1410 2936 gaudeas;
1444 2865 1634 2923 alienae
1686 2882 1756 2923 ne
1794 2870 2013 2924 oculum

436 2957 656 3028 quidem
689 2956 965 3013 intendas.
1013 2957 1199 3014 Fastui
1244 2958 1483 3031 denique
1521 2973 1782 3031 venaeque
1830 2960 2017 3032 gloria:

436 3065 507 3107 ne
540 3051 618 3107 sis
645 3052 936 3107 olmoxius.
959 3051 1140 3108 Patris
1168 3051 1246 3106 tui
1278 3052 1483 3109 monita
1508 3053 1798 3124 diligenter
1827 3063 2015 3109 custo—

437 3143 513 3197 di.
546 3142 716 3201 Nemo
746 3144 892 3199 enim
931 3144 1013 3200 sic
1057 3145 1262 3217 absque
1321 3145 1519 3201 invidia
1564 3147 1741 3210 docet,
1776 3156 1834 3203 ut
1862 3160 2014 3220 pater

438 3235 632 3290 ﬁlium.
662 3234 728 3290 Et
762 3235 876 3291 ﬁeri
901 3237 1119 3307 quidem
1148 3246 1330 3308 potest
1362 3244 1420 3291 ut
1463 3236 1722 3311 magister
1746 3239 2015 3310 discipulo

439 3327 700 3394 invideat,
757 3344 787 3384 a
846 3345 956 3400 quo
1008 3330 1149 3385 forte
1190 3340 1534 3402 superetur:
1577 3349 1774 3406 parens
1834 3341 2015 3390 autem

440 3436 634 3491 magna
666 3422 837 3492 gloria
863 3431 1108 3493 augetur,
1128 3424 1174 3478 si
1191 3440 1313 3480 eum
1334 3424 1475 3481 illius
1499 3442 1634 3484 suus
1652 3436 1890 3499 superet,
1910 3425 2019 3482 imo

439 3528 570 3569 vero
586 3514 853 3569 matimns
875 3515 1017 3571 inter
1034 3517 1280 3573 homines
1298 3519 1513 3578 evadat.
1537 3517 2021 3574 Admonitionibus

440 3606 614 3677 patris
636 3608 715 3663 tui
748 3608 831 3664 fac
846 3611 1149 3677 auscultes,
1185 3626 1361 3681 neque
1392 3611 1707 3667 indecoram
1735 3614 1899 3666 vitam
1930 3612 2017 3667 in-

443 3700 659 3758 stituas.
691 3700 928 3758 Omnino
953 3720 1069 3761 mos
1100 3688 1230 3761 tuus
1261 3714 1315 3761 et
1353 3720 1536 3762 sermo
1559 3716 1611 3761 et
1641 3706 1900 3777 cogitatio
1926 3707 2014 3762 ho-

443 3803 655 3852 nestate
682 3808 1036 3853 exornentur.
1352 3784 1353 3787 η

2110 1858 2265 1914 Θεόν.
2296 1858 2395 1911 Ἂν
2418 1854 2528 1927 γάρ
2572 1854 2668 1908 καὶ
2701 1851 2837 1925 πρὸς
2871 1852 3068 1922 μικρὸν
3097 1849 3330 1921 ὀδυνηθῇ
3364 1849 3460 1903 καὶ
3492 1850 3720 1920 μισήσῃ·

2113 1969 2195 2017 σε,
2232 1949 2349 2004 ἀλλ’
2376 1943 2471 2005 οὖν
2518 1947 2700 2001 ἔσεται
2754 1947 2890 2017 μετὰ
2936 1944 3113 1999 ταῦτα
3163 1943 3393 2013 ἀγαπῶν
3419 1959 3479 1996 σε
3506 1942 3586 2007 είς
3609 1941 3703 1995 τὸν

2113 2042 2286 2099 αίῶνα
2302 2060 2316 2075 ⁶
2351 2039 2612 2111 ἀλήθειαν
2634 2040 2826 2109 ἀγάπα
2851 2037 2947 2093 καὶ
2972 2037 3170 2108 κτῆσαι
3204 2035 3409 2107 ταύτην
3427 2053 3441 2069 ·
3474 2034 3704 2106 ἀλήθεια

2112 2134 2223 2208 γάρ
2263 2136 2292 2187 ὁ
2321 2133 2486 2196 Θεός·
2518 2129 2712 2201 ψεῦδος
2748 2129 2806 2183 δὲ
2856 2129 2930 2201 μὴ
2975 2127 3284 2201 γνωρίσῃς·
3334 2125 3562 2196 ψεύδους
3593 2123 3705 2195 γὰρ

2119 2227 2299 2299 πατὴρ
2340 2228 2368 2280 ὁ
2406 2224 2667 2289 διάϐολος.
2717 2221 2807 2277 Ἐν
2834 2220 3152 2293 ἐκκλησίαις
3183 2219 3411 2291 ἡσυχίαν
3442 2219 3567 2289 άγε,
3592 2217 3703 2272 τῶν

2106 2320 2204 2376 ¹’τοῦ
2249 2320 2385 2374 Θεοῦ
2433 2319 2606 2389 λόγων
2654 2317 2888 2383 ἁκούων,
2922 2315 3017 2368 καὶ
3050 2315 3187 2385 πρὸς
3218 2314 3383 2367 αὑτὸν
3421 2314 3481 2367 ὲν
3522 2314 3706 2367 άνέσει

2112 2415 2202 2468 τὸν
2231 2412 2356 2467 νοῦν
2390 2429 2485 2466 σου
2522 2409 2877 2481 ποιούμενος·
2907 2409 3037 2464 ὅταν
3089 2410 3155 2462 ὲκ
3206 2406 3314 2462 τῶν
3364 2405 3705 2477 συνεχουσῶν

2113 2507 2403 2579 ὴρεμήσῃς
2454 2504 2775 2576 φροντίδων,
2823 2502 2899 2575 μὴ
2949 2502 3119 2573 ἀργὸς
3171 2501 3337 2573 μένε·
3382 2498 3550 2573 άργία
3596 2497 3705 2569 γάρ

2116 2602 2267 2655 νόσον
2295 2600 2471 2671 ψυχῆς
2494 2600 2667 2653 τίκτει
2700 2598 2796 2652 καὶ
2830 2597 3104 2668 σώματος.
3135 2594 3265 2659 Ταῖς
3299 2594 3474 2659 θείαις
3501 2592 3703 2664 βίὸλοις

2118 2692 2407 2765 ὲνασχολοῦ
2432 2711 2446 2725 ο
2482 2694 2705 2763 εἰρήνην
2735 2690 2926 2761 ἀγάπα
2949 2707 2961 2720 ’
3016 2689 3291 2743 σκάνδαλα
3332 2686 3701 2759 ἀποστρέφου.

2130 2788 2360 2843 Γυναικὶ
2388 2787 2547 2859 μέλος
2584 2785 2689 2857 ἰδίᾳ
2714 2784 2895 2854 γενοῦ,
2924 2783 3181 2855 ἀλλοτρίᾳ
3197 2782 3252 2837 δὲ
3282 2782 3407 2853 μηδ’
3440 2778 3705 2851 ὀφθαλμῷ

2118 2881 2508 2953 προσεγγίσῃς.
2551 2879 2730 2948 Τύφον
2756 2879 2851 2931 καὶ
2882 2875 3183 2943 κενοδοξίαν
3229 2874 3304 2947 μὴ
3352 2875 3558 2945 κτήσῃο
3609 2871 3703 2925 τοῦ

2122 2974 2327 3046 πατρός
2376 2990 2470 3026 σου
2505 2971 2631 3033 τοὺς
2663 2971 2855 3039 λόγους
2901 2968 3158 3039 ἀσφαλῶς
3209 2967 3443 3038 φύλαττε
3471 2983 3483 2995 ·
3530 2965 3706 3029 οὐδεὶς

2118 3066 2224 3139 γὰρ
2256 3064 2502 3135 ἀφθόνως
2526 3062 2785 3127 διδάσκει,
2812 3062 2887 3127 ὡς
2920 3062 2949 3115 ό
2976 3061 3181 3132 πατὴρ,
3198 3059 3384 3113 τέκνον
3404 3075 3418 3089 ·
3455 3059 3708 3113 διδάσκα-

2119 3162 2206 3223 λος
2226 3161 2354 3232 γὰρ,
2372 3158 2446 3223 ὡς
2470 3156 2637 3223 εἰκὸς,
2672 3156 2856 3228 φθονεῖ
2881 3154 3097 3226 μαθητῇ
3127 3151 3404 3223 γενομένῳ
3435 3152 3576 3223 ὑπὲρ
3604 3151 3705 3207 αὐε-

2113 3254 2232 3309 τόν’
2266 3251 2450 3321 πατὴρ
2498 3248 2553 3301 δὲ
2610 3246 2854 3319 μεγάλην
2889 3245 3003 3316 ἔχει
3046 3243 3224 3311 δόξαν,
3258 3243 3463 3297 ὁπόταν
3513 3242 3600 3316 ῐδῃ
3643 3241 3706 3295 τδ

2120 3341 2314 3399 ἑαυτοῦ
2346 3340 2536 3395 τέκνον
2564 3339 2625 3394 οὐ
2657 3338 2817 3411 μόνον
2845 3336 2985 3409 ὑπὲρ
3014 3336 3210 3401 αὑτὸν,
3239 3336 3377 3390 ἀλλὰ
3423 3337 3515 3389 καὶ
3565 3332 3707 3404 ὑπὲρ

2118 3434 2349 3489 ἱκαστον
2380 3431 2489 3486 τῶν
2518 3428 2824 3502 ἀνθρώπων
2872 3430 3089 3484 πάντων
3141 3428 3450 3498 γενόμενον.
3499 3425 3706 3481 Nouo:-

2126 3529 2248 3583 σεαν
2300 3526 2505 3599 πατρός
2556 3544 2649 3579 σου
2701 3525 2887 3587 άκουε,
2914 3523 3009 3578 καὶ
3049 3523 3305 3595 άσέμνοις
3352 3522 3574 3593 τρόποις
3628 3520 3707 3593 μὴ
3819 3515 3827 3522 ’

2125 3619 2491 3687 ἐξακολούθει.
2546 3618 2714 3673 Παντὶ
2759 3616 2817 3671 δὲ
2864 3616 3054 3691 τρόπῳ
3103 3612 3559 3687 κατακοσμείσθω
3607 3629 3704 3668 σου

2121 3715 2218 3770 καὶ
2245 3709 2375 3786 ἦθος
2405 3715 2499 3767 καὶ
2523 3711 2681 3781 λόγος
2715 3711 2810 3765 καὶ
2840 3711 3043 3783 νόημα.

1940 3968 2172 4027 NOTAE.

516 4082 591 4155 (ι)
627 4078 786 4141 l'rov.
818 4100 987 4152 xxv",
1016 4085 1068 4139 1.

2198 4082 2275 4157 (Ei)
2307 4082 2322 4137 Ι
2358 4080 2609 4138 Corinth.
2637 4096 2727 4148 xv,
2748 4082 2839 4136 53.
