4124 6320
235 315 3492 371 W

867 551 1576 710 LEONlS
1687 554 2868 714 PHILOSOPHI

1078 895 1660 1020 OPERUM
1720 901 2075 1018 PARS
2154 903 2647 1020 PRIMA.

1813 1152 1890 1172 -'§

785 1312 1466 1431 OPERA
1613 1315 2977 1438 THEOLOGICA.

1822 1557 1894 1576 ﬂ

1031 1692 1600 1788 HOMILUE
1704 1701 1857 1792 ΕΤ
1957 1703 2729 1800 PANEGYRICI.

1814 1930 1887 1946 “

847 2060 1070 2118 ΑυΓοΣ
1107 2059 1192 2120 A'.
1332 2137 1335 2139 _

220 2175 320 2241 Ε’ίς
345 2172 463 2250 τὴν
488 2175 558 2250 ἐκ
585 2177 985 2250 στειρωτικῶν
1007 2181 1288 2250 λαγόνων
1307 2178 1673 2247 ἀνθήσασαν
1691 2192 1812 2250 de»:

291 2245 863 2322 {viperea-(laritath
889 2245 1108 2320 γονὴν,
1123 2249 1239 2321 τὴν
1274 2245 1671 2322 ἁειπάρθενον
1699 2248 1834 2305 τοῦ·

291 2317 440 2371 Θεοῦ
470 2315 733 2386 Μητέρα.

2546 2065 2805 2126 ORATIO
2846 2069 2887 2125 Ι.

1921 2181 1988 2239 In
2031 2185 2265 2240 humano
2310 2185 2486 2256 generi
2527 2183 2819 2238 salutarem
2861 2184 3058 2251 prolem
3100 2201 3302 2256 semper
3343 2185 3507 2256 uirgi-

1989 2272 2130 2322 nem,
2157 2273 2220 2310 ac
2250 2254 2342 2311 Dei
2367 2255 2710 2327 Gertitricent,
2742 2271 2808 2310 ex
2831 2256 3101 2311 sterilibus
3129 2254 3324 2311 lumbis
3352 2254 3508 2327 ﬂoris

1987 2327 2164 2383 instar
2196 2336 2500 2382 nasceniem
2525 2324 2625 2400 (1).

1461 2440 1750 2514 (ϐοιεεπη
1793 2444 2016 2500 Auctar.
2053 2445 2161 2502 col.
2189 2445 2377 2517 1606.)
2487 2508 2490 2510 γ

287 2548 448 2615 Αὕτη
497 2547 535 2613 ἡ
585 2550 779 2620 ἡμέρα
823 2553 1048 2621 Κυρίου
1095 2567 1113 2586 ⁸
1144 2554 1652 2629 ἁγαλλιασώμεθα
1716 2562 1875 2627 real}

2000 2561 2133 2618 Haec
2161 2562 2275 2619 dies
2317 2562 2574 2629 Domini;
2603 2563 2928 2619 exsultemus
2953 2571 3002 2617 et
3028 2563 3269 2618 laetemur
3299 2563 3352 2618 in
3375 2580 3439 2618 ea
3467 2544 3506 2622 ⁸.

217 2641 652 2710 εὐφρανθῶμεν
702 2643 773 2695 ἐν
817 2642 994 2713 αὐτῇ.
1055 2647 1177 2719 Χρὴ
1228 2649 1337 2722 γὰρ
1393 2651 1488 2705 τοῦ
1538 2646 1814 2724 βασιλείου

220 2733 461 2805 ᾅσματος
497 2737 564 2805 τῇ
615 2734 856 2790 Βασιλίδι
889 2738 981 2792 τὸν
1028 2739 1250 2796 ἔπαινον
1313 2747 1812 2817 προοιμιάσασθαιο

220 2826 279 2879 οὺ
307 2825 394 2880 διὰ
425 2825 590 2879 τοῦτο
627 2827 786 2898 μόνον
815 2827 898 2882 ὅτι
927 2829 1146 2894 Βασιλὶς
1180 2835 1214 2904 ἡ
1248 2835 1667 2910 εὖφημουμένη,
1699 2839 1816 2893 ἀλλ’

221 2917 300 2970 ὅτι
333 2920 429 2972 καὶ
458 2921 562 2989 τῆς
593 2920 807 2974 ἐκείνου
851 2923 1124 2994 προῆλθεν
1153 2924 1354 2996 ὀσφύος
1376 2943 1389 2958 ’
1424 2929 1490 2981 δι’
1518 2931 1705 3002 ἓτερον
1734 2930 1812 2996 δὲ,

223 3011 304 3066 ὅτι
331 3013 426 3066 καὶ
455 3012 561 3082 τῆς
585 3016 917 3086 προγονικῆς
943 3019 1250 3090 κατηφείας
1272 3020 1369 3075 νῦν
1395 3025 1529 3094 ἡμῖν
1558 3024 1657 3095 τῆς
1679 3043 1817 3079 παν-

223 3104 410 3169 τελοῦς
464 3106 817 3177 ἀπαλλαγῆς,
861 3110 1120 3183 ἐνέχυρον
1153 3113 1379 3180 δίδοται,
1439 3115 1548 3170 τῶν
1592 3118 1818 3171 εῦὸίνων

225 3197 439 3252 κόλπων
483 3201 746 3274 Ἰωακεὶμ
784 3203 881 3256 καὶ
907 3205 1132 3277 Ἀννης,
1162 3207 1352 3279 ὥσπερ
1382 3208 1445 3262 ἔκ
1485 3226 1650 3264 τινων
1680 3226 1818 3281 προ-

222 3292 381 3364 αχθὲν
412 3293 709 3366 θησαυρῶν
734 3312 748 3326 ⁸
786 3286 1003 3351 κόλπων
1028 3299 1273 3364 ἐκείνων,
1311 3301 1359 3355 οἳ
1414 3304 1544 3374 πρὶν
1585 3305 1686 3373 μὲν
1720 3304 1818 3374 τῆς

225 3381 448 3450 ἁγονίας
480 3386 613 3455 παρ’
639 3384 933 3456 ὁμοφύλοις
959 3387 1154 3460 ἔφερον
1189 3387 1258 3442 τὰ
1284 3389 1462 3462 ὀνείδη
1486 3410 1503 3426 ο
1537 3390 1633 3446 νῦν
1657 3392 1702 3447 δ’
1736 3394 1819 3458 είς

223 3476 320 3546 τὴν
340 3477 676 3549 οἰκουμένην
709 3481 807 3550 τῆς
849 3481 1100 3550 εὐγονίας
1136 3483 1236 3555 τὴν
1268 3485 1424 3552 δόξαν
1467 3486 1816 3560 ὲπλήθυνανο

222 3570 279 3636 ἐξ
307 3567 381 3626 ὧν
421 3573 524 3643 τῆς
581 3573 891 3646 ἐλευθερίας
923 3576 1014 3629 τὸν
1061 3577 1228 3648 τόμον
1253 3578 1280 3631 ὁ
1335 3578 1592 3648 βασιλεὺς
1637 3572 1841 3635 διατίέ

223 3660 413 3732 θησιν·
460 3664 531 3716 δι’
559 3657 620 3718 οὗ
660 3665 760 3736 τῆς
801 3665 1159 3740 πολυχρονίου
1197 3668 1444 3736 δουλείας
1474 3671 1574 3743 την
1607 3672 1815 3728 ἀπολύ-

222 3772 422 3826 τρωσιν
456 3757 821 3828 ἀποκηρύξει.

291 3846 404 3900 Νῦν
431 3848 697 3921 προοίμια
726 3848 806 3920 τῷ
835 3850 1029 3924 κόσμῳ
1055 3852 1364 3926 ἐγνωρίσθη
1393 3856 1569 3926 χαρᾶς
1592 3871 1605 3886 ’
1639 3857 1812 3930 ἐφάνη

223 3937 329 4011 γὰρ
384 3940 454 3994 δι’
486 3935 556 4012 ἦς
600 3941 1021 4012 ἀναιρεθήσεται
1061 3943 1254 4016 ἡάρά.
1306 3945 1448 4017 Ἤδη
1485 3945 1597 4000 τῶν
1637 3947 1816 4003 πόνων

225 4034 316 4086 καὶ
347 4033 458 4087 τῶν
496 4032 715 4104 μόχθων
744 4029 826 4098 οἷς
854 4035 1250 4107 ἑκτρυχόμενοι
1287 4038 1355 4106 τῇ
1390 4037 1604 4109 ἀκάνθῃ
1633 4037 1817 4093 διετα-

223 4123 638 4196 λαιπωροῦμεν,
670 4127 1031 4199 προεμηνύθη
1093 4129 1434 4192 ἀνάπαυσις*
1483 4130 1818 4201 παρεγένετο

224 4218 332 4290 γὰρ
358 4219 418 4284 ἐξ
441 4214 514 4292 ἦς
547 4221 575 4272 ὁ
607 4221 884 4291 πάνσοφος
913 4221 1162 4293 γεωργὸς
1199 4221 1476 4293 παρέσται
1506 4224 1660 4295 ἡμῖν.
1699 4223 1816 4277 Νῦν

223 4308 315 4362 τοῦ
348 4311 591 4380 μεγάλου
647 4312 951 4382 μυστηρίου
1014 4313 1226 4382 ἐγγίζει
1272 4314 1307 4383 ἡ
1354 4314 1682 4387 φανέρωσις,
1722 4317 1817 4369 καὶ

223 4399 321 4470 τῆς
361 4399 502 4455 Θεοῦ
542 4401 680 4474 πρὸς
702 4403 1027 4476 ἀνθρώπους
1075 4403 1544 4473 συγκαταϐάσεως
1575 4405 1752 4479 ἀρχὴν
1780 4408 1815 4478 ὴ

224 4495 509 4569 οἰκονομία
532 4497 824 4569 λαμὸἀνει.
849 4500 956 4554 Τοῦ
981 4500 1092 4572 γὰρ
1116 4501 1392 4572 ἀμήτορος
1430 4501 1537 4573 πρὸ
1560 4501 1775 4555 αἰώνων
1797 4543 1813 4566 ,

225 4590 310 4647 ἐπ’
340 4593 589 4664 ἐσχάτων
616 4593 672 4647 δὲ
694 4594 802 4648 τῶν
841 4593 1068 4668 ἡμερῶν
1107 4594 1382 4664 ἀπάτορος
1414 4593 1548 4647 Υίοῦ
1575 4594 1610 4665 ἡ
1652 4592 1845 4648 ἀναν--

223 4683 345 4757 δρος
370 4685 570 4757 ἐτέχθη
599 4687 784 4759 μήτηρ
806 4704 821 4718 ο
855 4687 950 4740 καὶ
973 4686 1070 4741 τοῦ
1103 4685 1396 4758 τρέφοντος
1417 4687 1599 4739 πᾶσαν
1621 4685 1813 4756 πνοὴν,

223 4778 258 4848 ἡ
283 4778 486 4849 τροφὸς
547 4777 848 4848 τιθηνεῖται
871 4792 885 4808 ⁶
923 4778 1018 4832 καὶ
1055 4779 1083 4833 ὁ
1132 4779 1364 4849 νυμφὼν
1399 4776 1496 4832 τοῦ
1527 4775 1816 4847 ἀγαπητοῦ

224 4871 318 4923 καί
342 4869 690 4940 Μονογενοῦς
739 4871 1110 4943 ὲτοιμάζεται.
1168 4872 1329 4942 Ἀρτι
1392 4869 1482 4924 διὰ
1531 4868 1816 4939 σπλάγχνα

223 4959 411 5024 ἐλέους
442 4962 472 5014 ὁ
508 4959 895 5032 φιλάνθρωπος
922 4965 1021 5032 τῆς
1048 4962 1260 5024 οἰκείας
1285 4960 1468 5034 χειρὸς
1498 4960 1557 5013 τὺ
1586 4960 1818 5029 πλάσμα

228 5053 430 5122 μηκέτι
478 5053 662 5124 φέρων
704 5054 836 5124 ὁρᾷν
882 5052 1333 5124 τυραννούμενον,
1371 5052 1470 5120 τὴν
1508 5054 1722 5124 μήτραν
1750 5053 1816 5123 ἢν

224 5145 524 5216 ὑπερφυῶς
553 5147 789 5217 οἰκήσει,
808 5147 872 5201 ὲκ
900 5147 1120 5217 στείρας
1145 5148 1376 5218 προάγει
1407 5146 1637 5217 μήτρας.
1666 5144 1815 5197 Ἔδει

226 5234 332 5307 γὰρ
383 5235 572 5307 θαῦμα
625 5236 906 5308 θαύματος
955 5236 1376 5310 προτελείσθαι·
1428 5234 1523 5290 τοῦ
1567 5233 1817 5308 μείζονος

298 5421 313 5450 ¹
351 5415 503 5476 Psal.
529 5433 665 5487 xvu,
707 5416 804 5474 24.

1923 2650 2118 2726 Opera:
2147 2655 2293 2710 enim
2351 2655 2589 2726 prctium
2623 2663 2728 2720 est,
2764 2663 2823 2708 ut
2855 2669 2885 2709 a
2924 2655 3090 2725 regali
3125 2657 3364 2724 cantico,
3399 2656 3510 2711 lie-

1927 2747 2070 2817 ginae
2106 2748 2322 2803 laudem
2365 2748 2687 2804 inchoemus
2719 2765 2733 2802 :
2763 2763 2871 2803 non
2908 2763 2973 2802 eo
2998 2749 3266 2804 duntaxat
3287 2750 3510 2806 nomine

1927 2841 2072 2910 quod
2107 2841 2314 2912 Regina
2355 2839 2430 2896 sit
2477 2856 2564 2905 ea,
2621 2855 2742 2910 qum
2776 2839 3070 2906 laudatur,
3107 2856 3296 2895 verum
3346 2841 3510 2896 etiam

1928 2932 2073 3002 quod
2109 2948 2175 2988 cx
2213 2933 2337 3001 ejus
2367 2931 2572 2988 lumbis
2604 2931 2867 3002 prodierit
2903 2947 2916 2985 :
2945 2935 3010 2985 ad
3037 2932 3153 2986 ham
3185 2947 3335 2994 vero,
3364 2932 3510 3000 quod

1921 3033 1978 3079 et
2025 3025 2208 3095 probri
2255 3024 2403 3081 illius
2451 3039 2482 3078 a
2533 3023 2837 3094 majoribus
2879 3023 3099 3089 invecti,
3144 3023 3319 3094 plena:
3363 3040 3511 3078 nunc

1927 3117 2271 3173 liberatiouis
2328 3117 2523 3187 pignus
2573 3116 2736 3171 nobis
2802 3115 2984 3181 detur,
3040 3130 3104 3169 ex
3162 3114 3409 3171 Joachim
3446 3132 3512 3171 ac

1922 3209 2094 3263 Annae
2146 3209 2377 3280 placidis
2417 3207 2837 3275 sinibus,vclut
2881 3223 2912 3262 e
2961 3207 3237 3263 thesauris
3278 3208 3512 3277 quibus-

1923 3300 2075 3366 dam,
2112 3302 2488 3369 productum:
2520 3300 2760 3365 sinibus,
2805 3302 3053 3370 inquam,
3095 3302 3248 3371 prius
3288 3303 3509 3371 quidem

1924 3392 2338 3449 infecunditatis
2370 3393 2575 3465 probra
2596 3393 2740 3464 apud
2777 3394 3010 3465 gentiles
3055 3408 3187 3447 suos
3223 3395 3511 3448 ret'creuti-

1924 3483 2051 3550 bus,
2074 3485 2281 3556 quique
2312 3499 2460 3540 nunc
2483 3486 2539 3539 in
2562 3486 2752 3540 orbem
2796 3485 3113 3541 universum
3159 3485 3510 3542 fecunditatis

1924 3576 2271 3632 adauxerunt
2302 3577 2577 3647 gloriam;
2621 3591 2689 3633 ex
2735 3577 2937 3647 quibus
2967 3593 3064 3632 rex
3114 3579 3511 3634 manumissio-

1923 3668 2010 3723 nis
2042 3675 2254 3723 tomum
2289 3668 2499 3734 condit,
2547 3682 2615 3723 ex
2656 3682 2769 3737 quo
2815 3667 3162 3724 liberationis
3189 3683 3218 3723 a
3249 3670 3510 3727 diuturna

1922 3760 2190 3816 servitute
2217 3761 2558 3818 sanctionem
2591 3760 2974 3832 divulgaturus
3006 3770 3112 3818 est.

1994 3850 2154 3908 Nunc
2192 3853 2397 3909 mundo
2432 3855 2792 3909 innotuerunt
2819 3853 3003 3926 gaudii
3047 3854 3510 3928 exordia,quippc

1920 3962 2044 4002 cum
2082 3946 2174 4000 illa
2213 3946 2554 4016 apparuerit,
2593 3962 2693 4017 per
2726 3962 2889 4017 quam
2939 3948 3254 4003 maledictio
3288 3958 3374 4004 est
3407 3965 3508 4003 au-

1921 4037 2169 4095 ferenda.
2217 4036 2490 4092 Laborum
2542 4037 2657 4106 jam
2717 4051 2781 4091 ac
2843 4037 3243 4103 moiesdarum,
3306 4040 3510 4109 quibus

1921 4130 2080 4201 spina
2138 4128 2396 4183 macerati
2451 4127 2641 4183 miseri
2693 4128 3012 4198 agebamus,
3060 4129 3391 4200 prmsignata
3425 4140 3512 4188 est

1919 4224 2142 4293 requies
2175 4239 2191 4287 ;
2227 4221 2498 4293 siquidem
2536 4222 2626 4276 illa
2672 4222 2916 4289 advenit,
2949 4239 3018 4278 cx
3059 4239 3168 4294 qua
3212 4227 3511 4296 sapientis-

1921 4313 2098 4368 simus
2122 4311 2214 4366 ille
2230 4311 2474 4382 agricola
2507 4311 2670 4366 nobis
2697 4309 2989 4368 adutl‘urus
3017 4323 3121 4368 est.
3149 4314 3306 4370 Nunc
3344 4330 3512 4386 prope

1922 4413 2006 4462 est
2030 4416 2089 4459 ut
2123 4406 2506 4460 manifestetur
2535 4419 2793 4476 magnum
2841 4416 3268 4474 sacramentum,
3304 4407 3513 4478 Deique

1922 4499 1976 4552 in
2007 4497 2260 4553 homines
2295 4496 2669 4553 inclinatiouis
2693 4497 3037 4568 dispensatio
3069 4499 3285 4553 initium
3321 4500 3507 4554 habet.

1921 4586 2046 4643 Filii
2080 4588 2228 4643 enim
2277 4596 2406 4643 ante
2452 4588 2653 4644 sacula
2709 4588 2922 4659 absque
2963 4596 3158 4654 matre,
3205 4589 3511 4661 diebusque

1923 4679 2248 4736 novissimis
2307 4678 2428 4735 sine
2483 4687 2640 4750 patre
2690 4679 2883 4750 geniti,
2915 4680 3018 4734 viri
3074 4681 3260 4736 nescia
3308 4697 3510 4752 parcns

1921 4783 2050 4829 nata
2085 4783 2169 4829 est
2191 4789 2207 4840 ;
2232 4771 2483 4843 ejusque,
2506 4774 2601 4843 qui
2635 4787 2852 4828 omnem
2885 4773 3139 4844 spiritum
3171 4774 3289 4839 alit,
3323 4774 3511 4829 nutrix

1924 4865 2198 4933 Iactatur;
2238 4880 2302 4920 ac
2333 4865 2520 4920 dilecti
2569 4863 2926 4935 etUuigeuiti
2959 4875 3185 4936 paratur
3211 4867 3508 4922 thalamus.

1924 4956 2084 5012 Nunc
2118 4957 2365 5014 clemens
2415 4957 2556 5013 Deus
2596 4968 2819 5028 propter
2848 4972 2962 5012 sua:
3003 4958 3401 5014 misericordiae
3431 4961 3511 5012 vi-

1922 5067 2104 5116 scera,
2136 5066 2246 5106 non
2279 5052 2424 5106 ultra
2452 5050 2634 5105 ferens
2655 5050 2974 5121 ﬁgmentum
3005 5050 3191 5106 videre
3222 5050 3510 5122 tyrannica

1929 5145 1979 5200 vi
2001 5159 2356 5215 oppressum,
2404 5145 2645 5208 vulvam,
2698 5158 2862 5214 quam
2913 5158 3083 5214 supra
3136 5152 3393 5198 naturam
3439 5147 3512 5199 sit

1929 5238 2363 5305 inhabitaturus,
2395 5253 2460 5294 ex
2484 5236 2660 5296 sterili
2698 5237 2859 5292 vulva
2902 5236 3180 5308 producit.
3211 5236 3510 5310 Oportebat

1765 5511 1998 5570 NOTAE.

294 5607 372 5679 (1)
401 5607 561 5665 Nunc
586 5609 824 5682 primum
848 5607 954 5682 edo
975 5605 1658 5682 ecodiceeminentissimi
1688 5607 1991 5664 cardinalis
2059 5605 2346 5676 Mazarini,
2407 5623 2472 5665 ex
2527 5623 2639 5682 quo
2686 5609 2854 5666 etiam
2922 5624 3162 5682 sequens
3233 5608 3508 5680 exscripta

227 5677 361 5751 fuit,
385 5682 566 5752 dignae
587 5677 759 5734 ambae
784 5678 985 5734 Leonis
1017 5680 1105 5732 illa
1143 5679 1200 5733 in
1225 5678 1452 5734 Mariam
1485 5679 1709 5749 pietate.

481 5776 757 5836 PATROL.
793 5775 918 5836 Gn.
976 5771 1140 5836 C‘l'Il

3149 5773 3181 5836 1
