4124 6320
172 381 205 444 5
1024 380 1307 446 ORATIO
1341 382 1391 445 Ῑ.
1420 406 1488 418 -
1521 380 1605 445 IN
1636 378 1706 444 B.
1745 377 2011 442 MARI/E
2051 378 2593 446 NATIVITATEM.
3417 379 3452 442 6

177 493 263 547 καὶ
284 492 598 566 προσευχῆς
623 492 717 549 καὶ
740 492 1078 565 συντριμμοῦ
1101 493 1329 566 καρδίας
1357 492 1758 563 πεποιημένην,

1868 492 2027 547 terim
2068 491 2144 547 illi
2174 490 2390 547 meliori
2428 491 2547 561 spei
2586 488 2831 546 animant
2861 487 3206 556 adhibentes,
3243 489 3450 548 scalam

175 586 266 639 καὶ
317 586 457 658 πρὸς
490 587 583 640 τὸν
630 587 848 656 Πατέρα
880 585 991 641 τῶν
1037 585 1340 656 οἰκτιρμῶν
1384 581 1765 639 άνίασινοκαὶ

1872 583 2022 639 illam
2054 585 2109 638 in
2139 584 2339 640 ctelnm
2390 599 2567 654 usque
2609 590 2927 653 protensam
2964 584 3212 653 erigunt,
3242 582 3454 654 jejunio

174 681 346 752 τούτῳ
378 681 520 753 μετὰ
542 682 791 751 κραυγῆς
816 682 1065 752 ἰσχυρᾶς,
1084 682 1180 735 καὶ
1201 679 1331 751 πρὶν
1355 679 1546 750 βοῆσαι
1567 676 1752 741 εἰδότι,

174 773 283 829 τῶν
330 792 393 828 τε
439 773 764 845 ὀνειδισμῶν
803 774 902 839 τὰς
935 773 1116 845 βολὰς,
1139 773 1232 828 καὶ
1264 769 1326 826 τὸ
1354 771 1519 840 ἄλγος
1549 769 1642 824 καὶ
1671 769 1769 842 τὴν

173 865 367 938 ὀδύνην
412 866 598 921 αὐτῶν
653 866 1049 937 ἐμφανίζουσιο
1083 863 1177 919 καὶ
1221 864 1371 918 λύειν
1416 862 1516 935 μὲν
1569 862 1669 935 τὴν
1708 860 1771 927 ἐξ

173 958 481 1030 ἀνθρώπων
540 960 784 1030 χαλεπὴν
813 959 1073 1029 νέμεσιν,
1117 958 1265 1012 λύειν
1308 958 1369 1011 δὲ
1426 957 1522 1011 καὶ
1549 956 1671 1028 τὴν,
1705 957 1754 1010 εἰ

176 1054 370 1124 μηδεὶς
393 1052 552 1117 ἄλλος
584 1052 947 1126 ἐπέπληττεν,
975 1051 1350 1123 ὲπιφυομένην
1381 1049 1595 1104 οἴκοθεν
1627 1065 1752 1102 στε-

173 1147 445 1218 νοχωρίαν
473 1147 723 1219 ᾐτοῦντο.

1867 681 1922 730 et
1951 675 2224 742 oratione,
2244 690 2308 730 ac
2333 675 2573 731 contrito
2594 679 2946 732 constantem
2967 674 3157 740 corde,
3188 691 3364 747 eaque
3387 679 3455 732 ad

1849 768 2379 825 misericordiarnm
2418 767 2636 824 Patrem
2672 767 2980 824 ascendunt
3013 783 3026 822 :
3055 777 3222 840 atque
3259 770 3308 825 ei
3341 769 3456 826 cla-

1869 875 2022 918 more
2047 861 2249 926 valido,
2276 860 2369 930 qui
2412 869 2540 915 ante
2561 859 2728 914 etiam
2766 860 3063 915 clamorem
3101 869 3314 925 noscet,
3357 874 3458 931 0pc

1867 956 2095 1027 probria
2141 954 2344 1026 quibus
2404 961 2822 1024 appeterentur,
2866 953 3222 1025 ipsorumque
3283 955 3454 1009 animi

1867 1049 2180 1120 angustiam
2205 1058 2370 1118 atque
2401 1046 2670 1111 dolorem,
2705 1047 2988 1102 declarant
3023 1063 3037 1103 :
3079 1062 3143 1104 ac
3181 1056 3297 1102 tum
3332 1049 3457 1118 qui-

1867 1141 1991 1197 dem
2031 1139 2321 1194 hominum
2360 1153 2582 1208 gravem
2639 1137 2789 1193 illam“
2841 1137 3296 1208 indignationem,
3339 1146 3455 1192 tum

173 1257 310 1296 vero
343 1241 786 1310 ipsum,tametsi
817 1257 978 1297 nemo
1005 1241 1146 1297 alius
1187 1243 1518 1311 increparet,
1562 1239 1631 1294 ab
1663 1237 1913 1309 ipsismet
1966 1241 2288 1290 nascentem
2369 1246 2630 1305 angorem
2708 1244 2774 1286 ac
2827 1232 3148 1288 mtestitiam
3243 1232 3461 1289 solvere

174 1334 444 1404 ﬂagitant.

261 1430 479 1484 Ἀκούει
516 1431 562 1484 δ’
590 1428 619 1484 ὀ
645 1429 757 1484 τῶν
785 1426 1107 1501 ῠαυμασίων
1137 1433 1269 1496 Θεὸς
1310 1433 1410 1504 τῆς
1457 1426 1566 1485 τῶν
1595 1431 1764 1500 θερα-

173 1523 389 1575 πόντων
415 1522 676 1591 δεήσεως,
711 1521 808 1574 καὶ
852 1521 1020 1586 νεύει,
1054 1524 1148 1578 καὶ
1197 1523 1450 1591 δίδωσιν,
1501 1522 1624 1575 ἀντὶ
1663 1521 1767 1588 τῆς

171 1614 550 1685 προσενέξεως
578 1615 688 1668 τῶν
725 1616 977 1687 ὀδυρμῶν
1006 1615 1101 1670 καὶ
1137 1618 1195 1670 ὲν
1229 1616 1360 1686 εὐχῇ
1411 1615 1764 1687 προσεδρίας,

171 1709 352 1781 δῶρον
387 1710 602 1774 ἐλπίδος
627 1713 876 1780 κρεῖττον
895 1727 908 1741 ⁸
936 1709 1131 1782 δῶρον,
1154 1704 1266 1762 οἷον
1294 1709 1470 1772 οὐδεὶς
1489 1709 1548 1774 ἐξ
1570 1707 1768 1773 αίῶνος

171 1797 332 1874 ὤφθη
362 1803 565 1858 λαδὼν.
597 1803 791 1858 Δίδωσι
839 1803 950 1874 γὰρ
989 1803 1228 1874 καρπὸν,
1256 1801 1317 1866 δς
1346 1803 1408 1855 οὐ
1465 1803 1625 1873 μόνον
1668 1802 1767 1871 τὴν

1944 1419 2179 1476 Exaudit
2208 1433 2339 1474 vero
2375 1417 2706 1473 mirabilinm
2751 1414 2895 1472 Deus
2923 1415 3228 1471 orationem
3264 1430 3460 1470 servo-

1872 1530 1995 1570 rum
2028 1528 2277 1578 suorum,
2307 1511 2610 1581 annnitqne
2640 1525 2704 1565 ac
2756 1511 2969 1572 tribuit,
3007 1523 3106 1580 pro
3136 1510 3338 1565 oblatis
3367 1526 3462 1580 ge-

1875 1608 2120 1672 mitibus,
2158 1621 2221 1660 ae
2253 1620 2341 1668 ea,
2374 1620 2538 1676 quam
2589 1604 2644 1659 in
2671 1604 2925 1660 oratione
2954 1603 3341 1659 exbibuissent
3370 1617 3462 1658 σε*

1874 1700 2157 1763 siduitate,
2205 1713 2406 1754 munus
2448 1713 2602 1768 spem
2648 1712 2870 1753 omnem
2930 1698 3160 1752 vincens
3201 1715 3216 1752 :
3257 1713 3462 1753 munus

1873 1796 2036 1866 quale
2063 1806 2224 1849 nemo
2257 1807 2286 1847 a
2310 1792 2512 1849 saeculo
2539 1791 2694 1847 visus
2730 1798 2816 1847 est
2847 1791 3144 1861 accepisse.
3176 1789 3278 1845 Dat
3306 1806 3464 1845 nam-

171 1899 475 1970 φέρουσαν,
499 1898 638 1952 ἀλλὰ
670 1900 765 1953 καὶ
791 1897 890 1967 τὴν
942 1897 1182 1969 ἀρχαίαν
1226 1897 1322 1950 τοῦ
1369 1893 1562 1965 γένους
1594 1896 1765 1949 ἀπαλ-

1875 1904 1982 1958 que
2012 1887 2272 1952 fructum,
2304 1888 2397 1957 qui
2427 1885 2622 1941 nedum
2653 1886 2826 1956 ipsam
2852 1901 2974 1955 quae
3004 1883 3236 1956 profert,
3271 1901 3461 1941 verum

169 1993 362 2048 λάττει
394 1994 722 2065 προμήτορα
755 1990 866 2046 τῶν
895 1991 1238 2063 ὀνειδισμῶν.
1257 1990 1368 2044 Καὶ
1389 1991 1546 2062 φέρει
1576 1991 1768 2062 χερσὶν

169 2087 208 2157 ἡ
249 2085 427 2141 Ἄννα·
473 2086 709 2148 παιδίον,
759 2085 788 2139 ὃ
841 2085 932 2139 τὸν
981 2085 1374 2156 δωρησάμενον
1423 2084 1515 2138 τὸν
1561 2083 1768 2152 ταύτης

172 2180 340 2234 τόκον
397 2178 501 2248 τῆς
551 2177 988 2249 γεννησαμένης,
1025 2173 1112 2232 οἷα
1148 2179 1212 2250 δὴ
1257 2180 1417 2232 τόκον
1463 2177 1662 2230 οἰκεῖον
1710 2177 1769 2231 ὲν

173 2275 338 2345 χερσὶ
380 2273 663 2344 βαστάσει.
701 2273 943 2337 Παιδίον,
978 2273 1005 2326 δ
1042 2273 1149 2326 τὸν
1191 2272 1291 2326 ἐπὶ
1325 2270 1569 2326 πάντων
1619 2271 1770 2326 Θεὸν

173 2366 470 2434 παιδοποιὴ
482 2383 581 2418 σει.
616 2365 776 2438 Φέρει
805 2354 1033 2434 βλαστὸν
1056 2365 1089 2436 ἡ
1117 2364 1370 2435 ἄκαρπος
1398 2363 1599 2429 δόξασα
1629 2363 1769 2428 τέως

177 2461 368 2530 μήτρα
402 2458 502 2529 τῆς
531 2460 752 2528 Ἀννης,
781 2450 850 2533 ἦς
873 2457 970 2512 τοῦ
1002 2458 1198 2523 δένθους
1241 2459 1275 2528 ἡ
1314 2451 1513 2512 εὐωδία
1548 2456 1768 2529 μυρίσει

173 2548 250 2602 τὰ
275 2550 514 2621 πέρατα.
537 2549 870 2620 Προέρχεται
886 2549 1073 2604 πυλῶν
1093 2550 1500 2620 κεκλεισμένων
1518 2549 1768 2620 ἀτεκνίᾳ,

175 2645 209 2714 ἡ
249 2642 664 2714 ἑσφραγισμένη
702 2642 846 2713 πύλη
894 2647 962 2715 τῇ
1008 2643 1301 2715 παρθενίᾳ,
1348 2644 1444 2708 καὶ
1497 2641 1643 2712 μόνῳ
1693 2640 1770 2712 τῷ

177 2736 396 2805 βασιλεί
421 2735 558 2807 πρὸς
587 2735 758 2792 δίοδον
791 2736 1104 2808 τηρουμένη
1127 2753 1140 2766 ·
1171 2730 1241 2808 ἧς
1283 2732 1564 2807 προελθὼν
1591 2736 1770 2808 ἀβρή⁶

175 2847 287 2894 τως
335 2830 432 2883 καὶ
473 2830 792 2902 ὑπερφυῶς,
838 2831 977 2904 πρὸς
1023 2826 1220 2885 ἐαυτὸν
1269 2828 1590 2900 ἐπιστρέψει
1641 2828 1768 2892 τοὺς

175 2921 373 2985 κακῶς
401 2919 843 2986 άπονεύσαντας.

246 3194 427 3249 Πάλαι
480 3192 611 3263 μὲν,
644 3192 944 3264 Ἰωακεὶμ,
987 3187 1446 3262 ὲσκυθρώπαζεςο
1497 3193 1559 3247 οὐ
1608 3193 1770 3262 μόνον

168 3287 395 3342 οἴκοθεν
417 3287 578 3341 τοῦτο
617 3286 928 3357 ὑπομένων,
951 3281 1035 3347 οἷς
1083 3303 1144 3339 τε
1192 3287 1293 3358 τὴν
1326 3287 1526 3339 Ἄνναν
1564 3285 1768 3356 ἐώρας,

171 3381 346 3450 γονῆς
369 3377 708 3452 ἀποροῦσαν,
741 3379 837 3432 καὶ
875 3379 965 3434 διὰ
993 3379 1154 3434 τοῦτο
1199 3379 1428 3446 στυγνὸν
1474 3378 1629 3448 δμμα
1674 3379 1768 3431 καὶ

168 3471 426 3540 κατηφὴς
458 3470 734 3540 φέρουσαν
753 3486 768 3500 ο
797 3466 879 3532 οἷς
899 3487 960 3523 τε
987 3470 1101 3524 οὐδ’
1140 3471 1303 3534 αὐτὸς
1346 3467 1492 3540 εἶχες
1522 3473 1579 3524 ἐν
1611 3471 1769 3544 χερσὶ

170 3563 376 3637 φέρειν
419 3563 533 3618 τῶν
560 3564 739 3619 πόνων
788 3562 1082 3634 γεώργιον.
1114 3565 1180 3616 Τί
1210 3565 1256 3618 δ’
1298 3564 1366 3618 ἂν
1404 3563 1548 3617 οὕτω
1593 3565 1767 3633 γλυκὺ

165 3658 360 3732 θέαμα
395 3660 509 3722 τοῖς
535 3659 904 3728 κοινωνήσασι
926 3659 1146 3727 γάμων,
1171 3658 1246 3720 ὡς
1281 3660 1314 3728 ἡ
1346 3659 1410 3712 ἐκ
1441 3657 1768 3728 σπλάγχνων

165 3752 284 3823 Qui)
315 3751 525 3821 γένοιτι.
550 3750 747 3815 ram
763 3752 857 3805 καὶ
881 3750 1001 3813 ταῖς
1025 3750 1225 3815 ἔξωθεν
1251 3750 1576 3815 ἐπιπλήξεσι
1606 3751 1768 3804 πλέον

161 3845 270 3915 τῆς
311 3843 618 3914 κατηφείας
645 3842 678 3914 ἠ
709 3841 906 3913 ὀμίχλη
954 3842 1201 3912 συνεῖχεν
1221 3857 1235 3870 ·
1268 3837 1335 3896 δι’
1362 3835 1437 3897 ὧν
1463 3844 1522 3897 τὸ
1561 3844 1768 3915 ἄσπερο
1793 3912 1795 3914 η

165 3953 273 4007 μον
309 3937 408 3990 καὶ
429 3935 656 3990 ἄτεκνον
683 3936 730 3988 oi.
763 3934 1105 4003 συμφυλέται
1134 3931 1410 3997 ὠνείδιζον
1431 3951 1446 3966 ο
1486 3934 1602 3988 ἀλλ’
1634 3937 1766 4006 ὁρᾷς

158 4031 295 4101 ἄρτι
350 4027 622 4098 φαιδρῶς,
671 4027 908 4097 φαιδρὰν
963 4026 1073 4080 τῶν
1124 4027 1235 4080 σῶν
1287 4029 1622 4099 σπερμάτων
1665 4027 1767 4098 τὴν

158 4124 480 4194 γεωργίαν,
523 4121 592 4176 δι’
621 4116 691 4195 ἧς
733 4121 768 4192 ή
816 4121 1096 4190 κατήφεια
1133 4121 1354 4175 πάντων
1378 4120 1611 4192 ὴλάσθαι
1653 4121 1766 4175 τῶν

156 4212 497 4282 ὀφθαλμῶν.
563 4213 727 4283 Ὁρᾷς
784 4211 911 4281 άρτι
959 4212 1063 4284 τὴν
1117 4214 1320 4267 Ἀνναν
1372 4215 1596 4284 σεμνὴν,
1678 4231 1767 4267 σε-

161 4301 323 4372 μνῶς
359 4301 456 4354 ἐπὶ
514 4299 593 4370 τῷ
628 4301 826 4372 καρπῷ
851 4300 952 4370 τῆς
995 4300 1205 4366 κοιλίας
1253 4300 1759 4374 καλλωπιζομένην.

168 4394 456 4468 ᾘσχύνου
498 4391 667 4448 πάλαι
697 4395 981 4466 άνάστομα
1029 4393 1143 4450 τῶν
1171 4395 1450 4465 ὁμογενῶν
1501 4394 1761 4466 θρυλλου-

157 4489 346 4559 μένης
395 4487 500 4556 τῆς
547 4489 838 4551 ἀτεκνίας·
873 4487 1008 4542 ἀλλὰ
1055 4487 1150 4542 νῦν
1200 4488 1444 4553 ἁπάσαις
1486 4487 1761 4558 γλώσσαις

151 4581 408 4652 τερπνὸν
441 4580 707 4650 ὑπάρχεις
732 4578 984 4647 ἄκουσμα
1011 4580 1106 4632 καὶ
1138 4579 1406 4650 διήγημα,
1438 4579 1761 4652 περιλαλού-

1870 1983 2033 2037 etiam
2067 1990 2306 2035 veterem
2347 1980 2493 2034 illam
2523 1980 2741 2050 generis
2781 1979 3012 2048 primam
3054 1983 3360 2050 parentem,
3392 1979 3464 2033 ab

1869 2072 2174 2144 opprobrio
2237 2072 2437 2128 liberet
2486 2089 2501 2127 :
2554 2079 2845 2143 portatque
2904 2073 3161 2129 manibus
3223 2074 3460 2144 puellam

1868 2168 2049 2233 Anna,
2083 2182 2205 2237 quae
2253 2166 2457 2237 ipsum,
2500 2165 2593 2236 qui
2643 2166 2966 2236 parentibus
2995 2165 3220 2221 donavit
3247 2173 3308 2220 ut
3339 2181 3461 2221 eam

1869 2267 2150 2331 parerent,
2191 2259 2246 2312 in
2286 2257 2544 2314 manibus
2589 2259 2730 2328 ipsa,
2785 2265 2973 2329 utpote
3019 2259 3300 2328 propriam
3329 2273 3460 2328 pro-

1870 2355 1999 2415 lem,
2049 2363 2334 2424 portatura
2389 2359 2557 2409 esset.
2620 2350 2904 2417 Puellam,
2962 2352 3206 2422 inquam,
3256 2353 3459 2423 ipsum,

1869 2445 1962 2514 qui
2004 2452 2084 2499 est
2129 2456 2290 2513 super
2342 2443 2546 2505 omnia,
2596 2440 2804 2496 Deum'
2850 2441 3183 2511 genituram.
3215 2439 3461 2497 Germen

1869 2537 2082 2609 profert
2117 2538 2388 2592 hactenus
2438 2536 2645 2591 sterilis
2692 2535 3007 2590 existimata
3055 2537 3229 2591 Anna:
3273 2538 3457 2602 vulva,

1869 2630 2030 2700 cujus
2053 2629 2207 2686 libris
2254 2643 2426 2684 suave
2465 2627 2720 2699 fragrans
2766 2627 2904 2684 odor
2939 2629 3092 2684 orbis
3133 2637 3297 2686 terrae
3328 2630 3464 2688 ﬁnes

1869 2725 2200 2796 perﬂaturus
2229 2728 2334 2778 est.
2380 2721 2644 2777 Procedit
2670 2720 2877 2778 clausis
2924 2722 3219 2779 sterilitate
3284 2723 3463 2796 portis

1868 2817 2160 2888 obsignata
2190 2816 2280 2870 illa
2311 2814 2629 2886 virginitate
2656 2815 3064 2885 porta,soiique
3083 2817 3194 2886 regi
3220 2811 3460 2884 servata,

1871 2919 1930 2967 nt
1977 2925 2077 2980 per
2105 2924 2227 2964 eam
2271 2906 2601 2972 transeat‘;
2638 2919 2703 2960 ex
2736 2922 2842 2976 qua
2889 2903 3149 2961 ineffabili
3194 2907 3462 2980 planeque

1871 3002 2108 3059 mirabili
2141 3001 2352 3056 ratione
2383 3000 2710 3070 procedens,
2741 3013 2836 3053 eos
2863 3001 2955 3069 qui
2992 3001 3132 3056 male
3163 3003 3460 3058 aberrare-

1869 3104 1997 3152 rant
2030 3110 2096 3151 ac
2128 3095 2560 3158 dcclinaverant,
2589 3093 2655 3147 ad
2681 3108 2741 3149 se
2772 3099 3074 3148 convertet.

1938 3187 2080 3244 Olim
2131 3187 2351 3257 quidem
2413 3193 2632 3251 moesto,
2663 3182 2934 3250 Joacltim,
2969 3187 3123 3241 vultu
3153 3201 3319 3244 eras:
3349 3205 3461 3246 non

1798 3278 1837 3333 C
1873 3284 1926 3340 id
1953 3291 2164 3337 tantum
2203 3297 2231 3336 a
2260 3289 2313 3336 te
2335 3281 2456 3352 ipso
2491 3280 2823 3349 perpetiens,
2853 3294 2918 3333 ac
2942 3287 3059 3336 tum
3085 3280 3214 3352 quia
3244 3283 3462 3339 Annam

1871 3377 2026 3447 prole
2072 3375 2426 3436 destitutam.
2473 3373 2709 3442 ideoque
2763 3374 3030 3429 tetricoso
3081 3388 3147 3430 ac
3192 3376 3462 3448 depresso

1871 3467 2096 3522 tristitia
2141 3467 2292 3521 vultu
2333 3465 2581 3530 videres;
2635 3473 2754 3520 tum
2787 3467 2914 3537 quia
2966 3482 3067 3523 nec
3104 3469 3222 3539 ipse
3265 3485 3461 3540 pos-es

1871 3561 2122 3615 laborum
2170 3558 2388 3612 fructus
2433 3558 2486 3611 in
2533 3560 2792 3615 manibus
2823 3557 2987 3615 ferre.
3032 3560 3176 3627 Quid
3220 3576 3462 3632 namque

1870 3651 2188 3707 eonnubiali
2205 3650 2693 3718 soeietatejunctis
2718 3652 2785 3706 ad
2811 3653 3190 3724 spectaculum
3213 3653 3457 3724 dulcius,

1869 3760 2034 3815 qnam
2093 3755 2153 3798 nt
2196 3752 2418 3798 enatum
2466 3758 2532 3798 ex
2574 3759 2636 3798 se
2681 3744 2906 3799 videant
2955 3747 3222 3816 germen?
3266 3764 3459 3803 verum

1867 3840 2033 3894 etiam
2074 3837 2142 3893 ab
2177 3839 2455 3892 extraneis
2485 3837 2901 3910 increpantibus
2931 3841 3151 3908 gravior
3177 3841 3458 3898 maestitiae

1867 3935 2037 3988 animi
2077 3933 2253 4004 caligo
2277 3932 2610 4003 occupabat,
2641 3934 2787 4005 quod
2820 3935 3052 4004 gentiles
3082 3935 3161 3990 tui
3192 3945 3458 4008 tanquam

1867 4027 2109 4084 sterilem
2142 4040 2208 4081 ac
2240 4027 2436 4082 orbum
2481 4028 2635 4099 prole
2674 4029 2892 4098 probris
2923 4036 3280 4100 appeterent:
3311 4047 3460 4087 nunc

1869 4121 2152 4176 enimvero
2181 4120 2321 4176 lzetis
2348 4120 2585 4190 gaudiis,
2621 4122 2802 4176 laetum
2837 4121 2911 4176 tui
2939 4122 3167 4179 seminis
3198 4131 3456 4195 aspectas

1867 4212 2128 4278 fructum,
2159 4229 2272 4284 quo
2300 4213 2526 4269 tristitia
2553 4229 2870 4286 moerorque
2893 4216 2960 4270 ab
2988 4218 3236 4273 omnium
3261 4217 3454 4290 depul-

1865 4319 1962 4361 sus
1988 4312 2074 4360 est
2102 4305 2296 4362 oculis.
2325 4303 2488 4361 Vides
2511 4305 2672 4361 modo
2702 4306 3073 4362 venerabilem
3101 4309 3341 4374 Annam,
3366 4311 3454 4366 sui

1865 4398 2048 4453 fructu
2099 4397 2238 4452 uteri
2284 4397 2548 4466 praeclare
2597 4398 2970 4454 ltonestatam.
3025 4397 3275 4456 Pudebat
3319 4401 3453 4457 olim

1863 4492 2175 4549 sterilitatis
2209 4492 2496 4561 gentilium
2533 4498 2753 4546 tuorum
2780 4493 3059 4548 communi
3095 4509 3192 4550 ore
3209 4494 3451 4566 jactataz;

1867 4596 1920 4640 at
1958 4593 2105 4640 nunc
2128 4585 2374 4641 omnium
2400 4598 2496 4640 ore
2525 4583 2706 4640 dulcis
2735 4586 2961 4642 exsistis
2991 4587 3200 4643 auditio
3231 4605 3297 4645 ac
3324 4604 3454 4644 nar-

155 4676 343 4748 μένης
386 4674 488 4741 τῆς
549 4673 825 4737 ἀτεκνίας.
855 4673 962 4726 Καὶ
989 4673 1158 4729 πάλαι
1195 4673 1316 4744 μὲν,
1347 4674 1421 4737 ὡς
1450 4651 1627 4740 εἰκὸς,
1668 4674 1761 4727 καὶ

1869 4678 2044 4741 ratio,
2093 4678 2212 4747 ipsa
2257 4676 2552 4733 sterilitate
2597 4679 2803 4748 ubique
2850 4679 3147 4735 celebrata.
3197 4681 3276 4736 Ac
3320 4684 3452 4738 olim

147 4768 342 4838 αὐτὴν
370 4767 710 4820 ὑπεστέλλου
742 4767 844 4838 τὴν
875 4765 934 4832 ἐξ
970 4766 1148 4830 οἰκίας
1183 4765 1429 4836 πρόοδον,
1469 4768 1570 4821 καὶ
1604 4767 1765 4837 μόνον

1866 4773 2110 4842 quidem,
2153 4770 2347 4826 ut’veri
2387 4774 2514 4841 quis
2545 4774 2728 4841 Specie
2755 4773 3053 4838 existimet,
3082 4773 3248 4828 etiam
3287 4773 3454 4830 domo

146 4860 404 4931 ὀφθῆναι
437 4859 919 4931 διευλαϐούμενος·
945 4859 1040 4912 νῦν
1069 4859 1126 4912 δὲ
1162 4859 1382 4930 σύμπας
1406 4862 1433 4914 ὁ
1464 4859 1572 4913 τῶν
1597 4859 1765 4929 ἁγίων

1866 4865 2166 4936 procedere
2222 4863 2524 4929 verebaris,
2584 4874 2836 4921 metuens
2894 4866 2994 4932 rel
3027 4866 3195 4921 etiam
3238 4867 3452 4934 videri;

145 4957 350 5029 χορὸς,
394 4954 488 5008 καὶ
517 4953 627 5006 τῶν
656 4953 904 5023 ἀγγέλων
941 4954 991 5007 οἱ
1021 4953 1207 5024 δῆμοι,
1231 4953 1305 5017 ὡς
1334 4955 1503 5026 πατρὶ
1537 4955 1762 5024 Μητρὸς

1866 4973 2013 5015 nunc
2039 4963 2224 5012 autem
2258 4959 2555 5013 universus
2579 4968 2899 5015 sanctorum
2932 4953 3161 5026 eliorns,
3195 4976 3261 5017 ac
3288 4970 3454 5034 ange-

143 5047 295 5104 Θεοῦ
351 5045 858 5118 συνευφρανόμενοί
905 5061 986 5099 σοι
1033 5044 1502 5116 περιχορεύουσιν.
1539 5045 1762 5114 Ἐγένου

1866 5053 2039 5108 lorum
2072 5051 2556 5124 populi,tanquam
2587 5052 2677 5107 Dei
2700 5052 2890 5108 Matris
2913 5053 3123 5123 parenti
3155 5067 3455 5124 congratu-

142 5145 358 5199 τέκνου
393 5140 603 5210 πατὴρ,
642 5139 765 5213 ﬁco
789 5139 948 5210 χρέος
989 5139 1260 5193 ἀποδώσει
1305 5138 1384 5210 τῷ
1416 5138 1755 5210 προπάτορι,

114 5238 292 5306 ,ὅπερ
327 5236 402 5286 ἐκ
441 5231 681 5302 πλευρᾶς
731 5233 809 5294 είς
855 5231 1144 5285 διάπλασιν
1197 5230 1398 5302 ἔχρησε
1431 5234 1496 5303 τῇ
1540 5231 1760 5303 προμῆ-

142 5347 298 5399 τορι.
339 5325 638 5396 Πληρὼσει
665 5325 825 5379 τοῦτο
851 5328 982 5383 ἄνευ
1019 5327 1228 5396 σπορᾶς
1251 5327 1360 5379 τῶν
1387 5327 1558 5398 αὐτῆς
1589 5327 1756 5397 αἱμά-

140 5441 260 5478 των
294 5421 492 5495 σάρκα
521 5419 842 5483 δανείζουσα
879 5418 957 5488 τῷ
991 5419 1098 5489 νέῳ
1139 5418 1330 5490 Ἀδὰμ.
1369 5419 1466 5472 καὶ
1513 5417 1608 5472 τοῦ
1653 5437 1758 5472 πα-

139 5513 309 5570 λαιοῦ
378 5511 766 5582 πλαστουργῷ.
819 5510 1154 5583 Ἐσράδυνας
1215 5511 1484 5583 κληθῆναι
1536 5513 1757 5584 πατήρο

141 5613 268 5668 ἀλλ’
333 5608 492 5678 ἔχεις
537 5609 596 5662 ὲν
642 5608 885 5682 πατράσι
939 5609 1007 5662 τά
1063 5608 1360 5682 πρεσῦεἴαο
1405 5607 1522 5663 ἀλλ’
1573 5607 1759 5673 ἔτεκες

141 5703 384 5779 μητέρα
437 5700 547 5756 τοῦ·
570 5700 788 5757 πάντων
835 5701 1068 5774 Πατρός.
1122 5702 1307 5758 Τίκτει
1350 5705 1444 5759 καὶ
1509 5702 1761 5777 ’Λϐλραάμ

215 5891 240 5925 ⁸
270 5887 452 5947 Rom.
498 5886 680 5961 11,..5.
753 5884 1000 5944 ‘Ezccb.
1041 5900 1188 5958 xuv,
1230 5889 1279 5944 l.

1867 5144 2066 5212 iantes,
2091 5147 2230 5204 [artis
2256 5147 2698 5217 circumcingunt
2722 5145 2960 5202 choreis.
2991 5140 3195 5203 Factus
3233 5160 3294 5203 es
3332 5147 3455 5203 tiliae

1865 5249 2042 5308 pater,
2079 5254 2201 5310 qua:
2247 5240 2439 5310 primo‘
2479 5238 2689 5308 parenti
2735 5235 2986 5293 debittim‘
3035 5237 3315 5293 redditura
3347 5249 3452 5304 est;

1865 5329 2013 5401 quod
2051 5330 2309 5385 nimirum
2347 5331 2537 5402 primae
2581 5329 2950 5386 commodavit
2992 5329 3230 5399 parenti,
3266 5337 3325 5385 ut
3360 5331 3454 5386 illa

1866 5441 1934 5481 ex
1979 5424 2099 5495 ejus
2150 5425 2322 5480 latere
2367 5420 2726 5480 l'or'titaretur.
2781 5422 2953 5479 Porro
3001 5423 3116 5478 rem
3171 5423 3454 5494 praestabit

1866 5518 2019 5572 nullo
2052 5518 2264 5574 semine
2303 5533 2368 5574 ex
2412 5518 2528 5574 suis
2554 5515 2920 5589 sanguinibus
2958 5532 3102 5573 novo
3129 5518 3262 5574 Atla:
3295 5517 3451 5574 fene-

1863 5623 1994 5664 rans
2025 5623 2244 5663 carnem
2271 5650 2285 5675 ,
2339 5624 2403 5664 ac
2453 5623 2565 5680 quo
2615 5609 2878 5680 antiquus
2930 5609 3022 5665 ille
3051 5609 3308 5665 conditus
3340 5619 3450 5666 est.

1863 5699 2044 5759 Tarde
2064 5714 2216 5774 pater
2247 5703 2553 5776 appellatus
2579 5713 2675 5772 es‘;
2707 5710 2763 5759 at
2785 5705 2991 5777 primas
3014 5702 3242 5761 honoris
3266 5712 3450 5776 partes
