4098 6292
630 381 664 442 7
1862 374 2144 436 LEONIS
2176 374 2639 437 PHILOSOPIII
3877 378 3913 442 8

630 487 798 543 habes
829 486 973 541 inter
1014 490 1241 555 patres:
1286 491 1341 539 at
1380 483 1762 539 universorum
1796 483 1976 539 Patris
2013 487 2204 554 genui-

2322 487 2403 557 Βψὲ
2453 491 2551 560 τῆς
2589 487 2806 558 ἡλικίας
2859 487 3006 559 παρ’,
3039 487 3228 540 ἐλπίδα
3280 486 3372 541 τὸν
3414 485 3755 558 κληρονόμον
3797 489 3912 542 τῶν

633 578 703 631 sti
737 586 987 631 matrem.
1017 574 1291 630 Abraham
1319 590 1537 645 quoque
1567 583 1825 644 provecta
1850 575 1961 646 jam
1997 586 2154 632 aetate
2177 577 2220 645 ',

628 681 821 724 contra
844 684 994 739 spem
1026 668 1298 724 bazredem
1330 668 1503 740 gignit
1529 668 1984 738 promissionum,
2016 685 2083 724 ex
2109 686 2220 740 quo

628 747 776 818 velut
805 762 999 827 stellae,
1035 776 1100 816 ac
1131 761 1275 817 sicut
1300 775 1466 816 arena
1499 761 1667 817 maris
1695 770 1924 833 augetur
1957 764 2240 833 populus,‘

628 869 936 924 magnaque
975 859 1127 923 parte
1160 862 1324 909 terrae
1355 852 1642 923 imperium
1674 854 1977 923 protrahit;
2006 869 2218 917 verum,

629 945 762 1016 quid
793 947 896 1000 hoc
918 947 985 998 ad
1016 954 1173 1000 tuum
1205 946 1466 1017 partum?
1495 945 1630 1000 Eam
1664 947 1809 1001 enim
1840 947 2128 1019 peperisti,
2151 961 2221 1002 ex

635 1052 746 1109 qua
776 1052 888 1092 non
918 1038 1095 1092 solum
1134 1039 1320 1109 populi
1365 1038 1796 1095 immortalitatis
1831 1050 1988 1111 partu
2016 1057 2223 1113 augen-

629 1140 742 1195 tur,
788 1138 885 1184 aut
930 1139 1128 1184 terram
1185 1130 1573 1201 possidendam
1623 1131 1940 1202 accipiunt;
1980 1133 2076 1188 sed
2108 1147 2217 1204 qua

629 1223 757 1279 creti
795 1223 1000 1277 adeunt
1035 1222 1436 1287 haereditatem,
1467 1223 1646 1279 ctiecti
1687 1214 1782 1279 filii
1816 1224 2115 1281 Altissimi.

701 1316 947 1388 Agedum
975 1331 1125 1382 vero,
1149 1324 1207 1370 tu
1236 1317 1367 1371 mihi
1398 1317 1610 1370 Annam
1644 1333 1804 1386 voca,
1830 1317 2219 1389 priorumque,

627 1410 866 1463 lamenta
907 1406 1278 1472 canticorum,
1324 1421 1446 1476 quae
1492 1406 1582 1460 illa
1629 1406 1742 1462 Deo
1773 1407 2020 1463 solitaria
2053 1422 2222 1462 cane—

625 1498 741 1563 bat,
774 1499 920 1552 velut
950 1498 1121 1568 lyram
1147 1498 1443 1567 quamdam
1475 1497 1764 1552 harmonia
1796 1499 2124 1554 concinnam
2156 1497 2213 1552 in

627 1587 797 1643 fausti
826 1586 1035 1641 ominis
1061 1585 1434 1640 laudationem
1467 1594 1875 1653 convertentes,
1903 1587 2222 1658 personanti

628 1675 762 1731 mihi
811 1682 1058 1731 vestrum
1118 1675 1386 1747 inclytum
1443 1687 1699 1746 partum,
1753 1679 1963 1733 auxilio
2009 1679 2220 1735 adeste.

629 1767 884 1824 Vestrum
941 1784 1178 1839 namque
1236 1776 1360 1836 est,
1413 1779 1474 1824 ut
1518 1778 1574 1826 et
1630 1771 1895 1843 condigni
1943 1771 2221 1828 sermonis

2322 579 2668 648 ἐπαγγελιῶν
2687 596 2700 609 ·
2726 579 2784 642 ἐξ
2809 572 2868 632 οὗ
2889 578 2963 642 ὡς
2995 579 3062 632 τὰ
3094 579 3269 649 ἄστρα
3296 577 3389 631 τοῦ
3418 578 3673 650 οὐρανοῦ,
3708 580 3805 633 καὶ
3833 581 3910 645 ὼς

2319 675 2354 744 ἡ
2387 673 2572 742 ἄμμος
2621 672 2720 742 τῆς
2771 671 3049 740 θαλάσσης
3088 669 3420 740 πληθύνεται
3475 671 3624 736 λαὸς,
3666 673 3761 725 καὶ
3807 673 3916 742 γῆς

2323 761 2618 816 πολλοστοῦ
2650 762 2895 833 κυριεύει
2921 762 3121 833 μέρους
3138 778 3150 791 ·
3182 762 3320 818 ἀλλὰ
3343 762 3395 816 τί
3414 764 3571 817 τοῦτο
3595 766 3734 838 πρὸς
3755 766 3919 819 τόκον

2319 853 2413 907 τὸν
2446 853 2538 905 σόν
2569 869 2584 919 ;
2614 851 2841 915 ’Έτεκες
2869 854 2999 921 γάρ,
3026 851 3087 912 ἐξ
3133 847 3201 923 ἧς
3233 853 3294 905 οὐ
3332 853 3492 924 μόνον
3549 855 3668 909 λαοὶ
3730 857 3920 909 ὠδῖσιν

2321 941 2634 1013 ἀφθαρσίας
2687 941 3072 1012 πληθύνονται,
3134 942 3256 995 οὐδὲ
3289 943 3422 1014 γῆς
3475 945 3694 1016 ἁπάσης
3738 947 3916 1000 κατά-

2324 1053 2530 1108 σχεσιν,
2559 1033 2674 1098 ἀλλ’
2696 1034 2933 1106 οὐρανοῦ
2979 1033 3350 1108 κληρονομίαν
3379 1035 3776 1108 λαμϐάνουσιν,
3809 1041 3920 1093 uici

2332 1129 2589 1200 Ὑψίστου
2614 1127 2914 1200 γινόμενοι.

2395 1309 2533 1377 Ἀγε
2563 1308 2628 1380 δή
2665 1325 2756 1380 μοι
2824 1307 2980 1363 κάλει
3035 1308 3135 1382 τὴν
3179 1309 3402 1376 Ἄνναν,
3435 1309 3530 1363 καὶ
3582 1309 3692 1362 τῶν
3743 1310 3920 1364 πάλαι

2322 1400 2542 1474 θρήνων
2580 1384 2668 1454 τά
2711 1399 2954 1472 ᾄσματα,
2990 1400 3027 1455 ἃ
3072 1402 3218 1456 κατὰ
3270 1402 3442 1474 μόνας
3505 1403 3704 1473 ἔπῇδεν
3769 1404 3916 1472 Θεῷ,

2322 1494 2513 1567 ὥσπερ
2533 1494 2657 1548 τινὰ
2693 1493 2867 1564 λύραν
2902 1494 3244 1566 εὐάρμοστον
3294 1494 3658 1550 ἀνακινοῦσαν
3697 1496 3781 1559 είς
3827 1495 3919 1550 εὐ-

2323 1589 2541 1662 φημίαν
2577 1588 2998 1661 μεταϐαλόντες,
3037 1588 3391 1661 περιηχοῦντί
3425 1606 3519 1659 μοι
3546 1590 3647 1662 τὴν
3667 1589 3919 1660 ἀοίδιμον

2321 1683 2479 1756 ὑμῶν
2515 1681 2754 1754 λοχείαν,
2808 1682 3238 1750 συνεφάπτεσθε.
3277 1681 3575 1755 ’Υμὲτερον
3624 1683 3733 1754 γάρ
3762 1683 3918 1735 ἐστιν

2323 1777 2579 1845 εὐπορεῖν
2606 1775 3026 1846 παρασκευάσαι
3056 1775 3152 1829 καὶ
3173 1774 3332 1845 λόγον
3353 1775 3526 1840 ἄξιον,
3549 1769 3625 1829 ὧν
3641 1773 3915 1846 ὲμαιεύθη

635 1861 852 1932 copiam
899 1860 1138 1928 faciatis,
1167 1878 1198 1918 e
1230 1864 1432 1933 quibus
1463 1862 1668 1919 editum
1702 1873 1787 1921 est
1814 1865 2222 1922 sanctissimum

2324 1869 2388 1924 τὸ
2423 1867 2689 1937 πανάγιον
2712 1867 2979 1938 γέννημα.
3016 1865 3154 1940 Φέρε
3183 1868 3286 1939 τῆς
3327 1867 3537 1931 κοιλίας
3565 1866 3658 1920 τὸν
3693 1866 3914 1935 καρπὸν

631 1961 875 2027 germen.
904 1955 1150 2026 Agedum
1184 1957 1326 2012 uteri
1354 1956 1591 2012 fructum
1628 1959 1881 2026 ostende,
1917 1975 2039 2031 qua:
2069 1960 2222 2031 abje-

630 2047 771 2103 ceris
811 2047 1166 2117 ignominiam
1213 2057 1487 2113 veterem,
1522 2051 1728 2121 quibus
1769 2067 1916 2108 nunc
1963 2053 2018 2108 in
2046 2052 2222 2124 gloria

630 2137 821 2206 gestis.
875 2133 1022 2191 Uteri
1065 2135 1362 2192 infecunda
1406 2138 1569 2194 tellus
1619 2139 1674 2194 in
1715 2138 1949 2196 fertilem
2022 2156 2215 2214 agrum

629 2229 871 2284 transiit.
916 2227 1164 2284 Tristitia
1209 2229 1309 2285 tibi
1350 2232 1406 2285 in
1447 2233 1708 2302 gaudium
1754 2237 1960 2300 cessit,
2006 2237 2221 2305 qualia

629 2321 835 2378 saeculo
873 2321 1056 2376 nullus
1093 2322 1412 2379 exsultavit.
1445 2323 1524 2377 Ex
1589 2325 1675 2380 bis
1714 2327 1932 2397 probris
1972 2329 2218 2385 indisso-

633 2415 817 2470 lubilis
851 2413 1040 2486 gloria:
1069 2429 1272 2470 corona
1307 2415 1464 2486 plexa
1501 2418 1626 2474 fuit.
1659 2416 1903 2476 Tardum
1943 2420 2228 2495 fuitgeni-g

631 2509 740 2563 tale
766 2522 1010 2579 germen,
1044 2515 1099 2562 at
1127 2515 1336 2564 natura:
1371 2510 1540 2564 totius
1565 2527 1788 2582 germen
1815 2514 1992 2584 gloria
2017 2518 2232 2575 obscu-,

630 2601 792 2654 ravit.
824 2598 1005 2655 Defuit
1032 2615 1163 2655 arvo
1199 2599 1335 2667 llos,
1365 2611 1422 2656 at
1460 2604 1782 2659 universum
1819 2610 2008 2662 orbem
2041 2622 2222 2663 messe

629 2691 895 2762 implevit.
943 2690 1190 2763 Lugebas
1227 2692 1481 2749 orbitatis
1527 2709 1657 2766 ergo
1699 2696 1957 2754 lacessita
2009 2714 2213 2770 oppro-

629 2786 801 2853 briis;
830 2793 886 2839 at
927 2800 1048 2855 qua:
1088 2800 1330 2855 unquam
1381 2785 1462 2842 sic
1508 2788 1676 2858 proba
1734 2791 2024 2863 amplaque
2070 2793 2232 2863 prole

628 2877 897 2933 delectata
922 2876 1062 2932 fuit?
1091 2876 1334 2932 Puellam
1379 2880 1578 2945 nutris,
1611 2880 1770 2950 cujus
1801 2896 1968 2952 opera
1999 2885 2223 2939 univer-

629 2986 726 3026 sus
745 2970 982 3026 mundus
999 2969 1444 3036 laetitiadivitias
1461 2971 1702 3027 habebit.
1719 2971 1918 3029 Matres
1934 2974 2223 3032 universas

630 3077 990 3135 supergressa
1020 3078 1102 3118 es.

702 3154 855 3210 Parit
899 3171 1120 3227 quoque
1163 3156 1266 3211 alia
1307 3158 1556 3228 quaedam
1602 3159 1760 3213 Anna
1785 3160 1828 3228 ⁸,
1857 3174 1979 3215 cum
2018 3169 2073 3215 et
2099 3160 2215 3231 ipsa

629 3249 899 3304 orationis
925 3237 1127 3305 munus
1157 3250 1326 3304 tilium
1357 3251 1704 3322 accepisset;
1741 3269 1931 3309 verum
1968 3268 2214 3320 servum,

631 3359 820 3398 verum
841 3343 1516 3414 ministrum,’quanquam
1541 3344 1587 3399 is
1623 3345 1939 3416 prOphetica
1958 3347 2222 3404 unctione

631 3436 920 3502 crxcelluit;
967 3443 1023 3489 tu
1058 3451 1185 3491 vero
1229 3436 1353 3491 οωΙί
1397 3452 1463 3493 ac
1505 3443 1666 3493 terrae
1711 3439 1972 3509 Reginam
2024 3441 2217 3510 paris:

632 3544 774 3595 eam,
811 3529 1054 3599 inquam,
1088 3543 1250 3599 quam
1285 3528 1522 3584 canticis
1545 3529 1791 3586 celebrat
1817 3532 1997 3586 omnis
2022 3541 2220 3586 natura

634 3623 911 3693 particeps
933 3622 1168 3678 rationis
1197 3640 1211 3676 :
1245 3622 1364 3678 sola
1397 3623 1544 3692 paris
1573 3621 1664 3677 Dei
1690 3621 1954 3690 Matrem;
1985 3626 2102 3678 sola
2127 3623 2223 3678 Dei

633 3715 754 3770 avia
782 3715 1022 3770 exsistis.
1047 3713 1091 3768 0
1118 3714 1332 3769 beatqu
1365 3723 1578 3785 partum
1605 3716 1617 3768 !
1648 3713 1692 3771 0
1724 3715 1961 3778 lumbos,
1985 3730 2220 3784 quorum

634 3805 1011 3860 habitaculum
1038 3805 1202 3876 elegit
1228 3803 1395 3871 Deus,
1417 3819 1544 3859 cum
1575 3804 1629 3858 in
1658 3805 1818 3860 nobis
1851 3804 2102 3859 habitare
2128 3819 2222 3859 vo-

632 3899 862 3955 luisset!
895 3897 939 3954 Ο
964 3898 1405 3966 conceptionem,
1443 3906 1794 3969 partumque,
1831 3912 1895 3952 ac
1928 3895 2218 3962 infantem,

635 3992 837 4064 quibus
862 3993 1131 4049 exitiosus
1161 3992 1369 4062 peccati
1397 3999 1588 4063 partus
1613 3992 1879 4064 elanguit,
1910 3992 2222 4061 salutisque

634 4085 805 4139 multa
819 4085 1007 4155 proles
1025 4084 1288 4140 innotuit.
1309 4082 1352 4139 Ο
1377 4082 1669 4150 infantem,
1694 4099 1789 4152 per
1809 4098 1976 4154 quam
2000 4089 2128 4138 natu
2140 4098 2219 4150 ra,

634 4193 759 4250 quae
781 4178 1002 4233 malitia:
1020 4193 1084 4232 ac
1106 4177 1428 4233 vitiositatis
1453 4177 1799 4247 turpitudine
1825 4185 2218 4243 consenuerat,

635 4285 842 4326 novum
879 4269 1069 4324 induta
1106 4269 1361 4325 decorem
1392 4269 1657 4339 praeclare
1687 4267 2023 4323 exornatur!
2062 4264 2107 4321 Ο
2139 4266 2224 4320 in-

637 4365 864 4432 fantem,
894 4380 989 4434 per
1017 4379 1183 4437 quam
1227 4365 1352 4418 vitae
1397 4364 1650 4434 pauperis
1683 4378 1898 4433 pannos
1935 4369 2221 4426 exuentes,

635 4456 867 4528 primam
908 4457 1056 4511 illam
1102 4456 1299 4511 stolam
1345 4456 1628 4512 induimus
1665 4455 1867 4510 divinae
1898 4453 2213 4526 dignitatis,

2321 1961 2654 2025 ὲπιδείκνυε,
2702 1953 2784 2023 οἷς
2809 1959 2906 2014 νῦν
2952 1958 3041 2014 ἐπ’
3069 1960 3284 2030 εὐδοξίᾳ
3311 1959 3510 2032 κομᾷς,
3543 1958 3644 2030 τὴν
3671 1957 3912 2012 παλαιὰν

2319 2052 2538 2119 ἀδοξίαν
2593 2051 2931 2122 ἀποθεμένη.
3002 2049 3318 2105 Μετέὸαλεν
3353 2050 3436 2115 είς
3485 2048 3748 2122 εὐφορίαν
3811 2050 3926 2120 τῆς.

2318 2145 2513 2219 νηδύος
2547 2144 2811 2218 ἠάφορος
2837 2143 3012 2215 χώρα.
3057 2143 3335 2214 Ἐστράφη
3388 2159 3472 2196 σοι
3516 2144 3596 2205 εἰς
3647 2140 3810 2212 χαρὰι
3872 2142 3908 2212 ἡ

2318 2239 2488 2311 λύπη,
2527 2240 2648 2294 οἵαν
2683 2238 2863 2302 οὐδεὶς
2893 2237 2954 2305 ἐξ
2983 2235 3182 2300 αἰῶνος
3227 2235 3622 2306 ἠγαλλιάσατο.
3663 2234 3908 2305 Ἐπλάκη

2319 2330 2430 2385 τῶν
2478 2327 2806 2400 ὀνειδισμῶν
2844 2327 3070 2382 ἐκείνων
3134 2325 3417 2390 ἀδιάλυτος
3448 2324 3715 2396 εὐφημία.
3755 2323 3914 2394 Ὀψί-

2315 2441 2476 2496 γονος
2495 2426 2529 2496 ἡ
2555 2423 2710 2495 γονὴ,
2740 2421 3167 2493 ἀλλ’,ὐπερῆρεν
3193 2419 3376 2484 πάσας
3418 2418 3638 2490 φύσεως
3681 2419 3781 2482 τὰς
3815 2434 3916 2486 το-Δ

2319 2521 2438 2586 νάς.
2475 2521 2808 2592 ’Υστέρησεν
2856 2520 2939 2582 είς
2985 2519 3273 2590 ἄνθησινὴ
3323 2516 3555 2591 ἄρουρα,
3592 2515 3708 2570 ἀλλ’
3741 2515 3913 2587 ἐπλή-

2325 2631 2466 2687 ρωσε
2494 2615 2595 2685 τῆς
2623 2613 2738 2667 ἅλω
2761 2613 2861 2683 τὴν
2899 2611 3248 2683 οἰκουμένην.
3287 2609 3539 2681 Ὀδύρους
3565 2611 3736 2672 ἄπαις
3763 2608 3912 2662 ὀνει-

2319 2706 2574 2780 διζομένη
2595 2723 2610 2738 ·
2645 2705 2741 2760 καὶ
2786 2705 2874 2769 τίς
2921 2704 3064 2759 οὕτω
3092 2705 3235 2777 ἥσθη
3265 2702 3465 2768 εὔπαις
3515 2703 3860 2773 γεγενημένη
3894 2719 3915 2770 ;

2319 2797 2557 2869 Τρέφεις
2597 2797 2831 2862 παιδίον,
2865 2797 2932 2850 δι’
2965 2791 3033 2868 ἧς
3066 2795 3094 2848 ὁ
3128 2795 3335 2864 κόσμος
3365 2793 3660 2867 πλουτήσει
3684 2794 3786 2866 τὴν
3818 2794 3913 2849 εὐ·

2322 2891 2619 2963 φροσύνην.
2645 2889 2932 2962 Παρῆλθες
2954 2890 3136 2953 πάσας
3172 2888 3440 2959 μητέρας.

2396 3158 2584 3214 Τίκτει
2613 3159 2707 3213 καὶ
2739 3157 2875 3228 άλλη
2895 3173 2982 3222 τις
3013 3157 3205 3223 Ἄννα,
3248 3157 3420 3229 δῶρον
3475 3157 3642 3229 εὐχῆς
3669 3155 3916 3212 λαϐοῦσα

2243 3216 2288 3279 C
2323 3253 2414 3308 τὸν
2442 3253 2599 3307 τόκον
2635 3253 2730 3306 καὶ
2755 3216 2918 3322 αὕτη,
2951 3216 3089 3306 άλλὰ
3121 3216 3341 3317 δούλον,
3379 3251 3516 3306 ἀλλὰ
3540 3216 3876 3322 ’λειτουργὸν
3895 3266 3916 3286 ο

2325 3347 2373 3400 εί
2394 3347 2490 3400 καὶ
2521 3343 2844 3416 προφητικῷ
2873 3342 3172 3414 διέπρεπεν
3198 3344 3497 3414 χρίσματι·
3532 3344 3598 3398 σύ
3627 3343 3683 3397 δὲ
3705 3343 3918 3407 τίκτεσς

2322 3437 2421 3509 τὴν
2439 3435 2672 3506 οὐρανοῦ
2713 3437 2808 3489 καὶ
2831 3435 2934 3504 γῆς
2960 3434 3218 3490 Βασιλίδα
3237 3452 3252 3468 ο
3292 3436 3394 3507 τὴν
3416 3434 3569 3505 παρὰ
3599 3435 3782 3506 πάσης
3825 3435 3918 3488 λο-

2323 3529 2487 3600 γικῆς
2514 3528 2729 3599 φύσεως
2765 3526 3114 3600 ὑμνουμένην
3136 3544 3151 3559 ο
3187 3527 3326 3598 μόνη
3381 3527 3589 3593 τίκτεις
3612 3528 3750 3582 Θεοῦ
3783 3529 3929 3599 Μηον

2323 3623 2493 3694 τέρα·
2534 3618 3066 3692 μόνηχρηματίζεις
3087 3621 3391 3692 προμήτωρ
3427 3619 3586 3675 Θεοῦ.
3627 3621 3693 3674 Ὠ
3728 3637 3916 3691 μακα-

2329 3715 2458 3785 ρίων
2483 3714 2689 3768 ὠδίνων
2712 3714 2726 3768 1
2753 3713 2817 3766 Ὠ
2844 3713 3110 3782 λαγόνων,
3139 3698 3216 3767 ὧν
3238 3715 3660 3784 κατοικητήριον
3695 3715 3753 3766 ὲν
3787 3715 3918 3785 ἡμῖν

2326 3806 2604 3877 σκηνῶσαι
2650 3803 2932 3876 βουληθεὶς
2960 3806 2991 3857 ό
3015 3804 3148 3868 Θεὸς
3185 3804 3508 3870 ὲξελέξατοί
3545 3806 3610 3858 Ὢ
3640 3805 3907 3877 σύλληψις

2323 3901 2420 3952 καὶ
2444 3897 2603 3961 τόκος
2627 3895 2723 3951 καὶ
2754 3896 2977 3969 βρέφος,
2998 3895 3065 3949 δι’
3093 3888 3170 3950 ὧν
3189 3896 3218 3948 ό
3239 3896 3339 3967 τῆς
3358 3896 3633 3968 ἁμαρτίας
3665 3897 3916 3971 ὀλέθριος

2325 3991 2455 4055 ὠδὶς
2487 3989 2786 4061 ἀπήμϐλω,
2807 3990 2902 4043 καὶ
2925 3989 3021 4058 τῆς
3056 3988 3332 4060 σωτηρίας
3363 3989 3396 4061 ἡ
3424 3990 3719 4058 πολυγονία
3745 3992 3920 4061 ὲγνωο

2328 4084 2525 4158 ρίσθηι
2559 4083 2624 4135 Ὢ
2653 4081 2873 4153 βρέφος,
2908 4080 2975 4134 δι’
3011 4074 3081 4150 ἧς
3103 4081 3136 4150 ἡ
3157 4080 3592 4152 καταγηράσασα
3620 4081 3700 4151 τῷ
3736 4082 3919 4153 σῐσχει

2322 4173 2425 4244 τῆς
2472 4172 2674 4236 κακίας
2725 4173 2910 4240 φύσις,
2952 4170 3143 4226 καινὸν
3200 4171 3550 4242 ἀλλαξαμένη
3581 4171 3782 4236 κάλλος
3825 4174 3919 4238 ἐξ·

2325 4266 2625 4337 ωραῒσατο.
2661 4265 2728 4318 Ὢ
2762 4264 2966 4338 βρέφος
2991 4263 3057 4319 δι’
3092 4258 3160 4336 ἦς
3214 4265 3312 4335 τῆς
3344 4265 3608 4335 πενιχρᾶς
3655 4264 3803 4334 ζωῆς
3847 4265 3922 4318 τὰ

2327 4362 2507 4432 ῥάκκη
2556 4359 2986 4430 ἀποδυσάμενοι,
3029 4357 3127 4429 τὴν
3169 4357 3396 4428 πρώτην
3449 4356 3642 4430 στολὴν
3698 4357 3924 4429 ἐκείνην

2326 4451 2422 4507 τοῦ
2449 4452 2596 4506 θείου
2632 4449 2946 4520 ἀξιώματος
2974 4447 3383 4520 ὲνεδυσάμεθα·
3407 4449 3491 4506 ,δι’
3516 4443 3586 4521 ἦς
3615 4450 3752 4520 ἡμῖν
3780 4466 3926 4504 κατ-

636 4564 734 4618 per
762 4563 928 4618 quam
961 4547 1105 4604 Deus
1141 4547 1304 4604 nobis
1337 4548 1750 4612 reconciliatus,
1783 4547 1837 4602 in
1869 4547 2220 4617 incompara-

2327 4547 2538 4618 ηλλάγη
2589 4544 2745 4610 Θεδς,
2777 4545 2859 4607 εἰς
2903 4545 3226 4598 ἀνείκαστον
3275 4542 3625 4614 διαλυθείσης
3660 4543 3923 4616 στοργήν,

636 4641 800 4696 bilem
835 4641 1047 4712 paterni
1079 4641 1285 4696 amoris
1327 4639 1793 4696 necessitudinem
1823 4638 2077 4695 dissolvit
2108 4638 2217 4693 ini-

635 4731 902 4798 micitias,
943 4745 1080 4803 quas
1116 4732 1167 4788 ei
1210 4731 1341 4787 facti
1378 4733 1585 4797 hostes,
1614 4732 2101 4788 constitueramus.
2145 4729 2223 4787 Te

635 4841 876 4896 namque
904 4823 1050 4882 Deus
1079 4841 1142 4881 ac
1166 4825 1333 4882 Pater
1367 4825 1657 4897 Uuigenito
1713 4824 1986 4896 Sponsam
2038 4824 2224 4898 elegit,

637 4933 849 4988 proque
878 4918 1188 4972 futurarum
1212 4917 1524 4972 arrbabone
1547 4917 1892 4987 nuptiarum,
1915 4925 1973 4970 ut
1991 4925 2247 4989 cognato_

637 5013 880 5062 humano
896 5009 1080 5080 generi
1105 5008 1511 5072 reconcilietur,
1537 5007 1822 5075 concedit;
1846 5023 2025 5079 neque
2046 5008 2246 5069 solum,

638 5100 957 5156 inimicitias
987 5101 1224 5171 perimit,
1258 5110 1356 5156 aut
1383 5100 1550 5155 debiti
1581 5100 1774 5156 tribuit
1804 5100 2220 5156 remissionem:

634 5190 724 5247 vel
745 5191 929 5257 etiam,
960 5189 1109 5268 quod
1133 5191 1425 5247 adversum
1463 5206 1566 5247 nos
1600 5190 1706 5262 ipsi
1738 5190 2068 5259 scripsimus
2103 5183 2225 5244 chi?

638 5283 990 5354 rographum,
1025 5284 1352 5353 disrumpit;
1393 5298 1583 5337 verum
1616 5283 1783 5337 etiam
1815 5281 2096 5352 Unigeniti
2130 5297 2224 5337 co-

637 5375 885 5432 lueredes
909 5375 1070 5442 facit;
1102 5389 1338 5446 eumque
1368 5374 1550 5452 ipsum
1577 5374 1719 5429 bello
1751 5373 1910 5429 nobis
1935 5373 2220 5444 suppetias

635 5466 844 5535 mittit,
892 5473 953 5520 ut
983 5481 1083 5536 pro
1127 5465 1291 5521 nobis
1334 5463 1541 5536 pariter
1579 5463 1798 5520 labores
1841 5463 2113 5530 desudet,
2157 5477 2223 5520 ac

637 5559 854 5615 hostem
889 5557 1212 5614 ulciscatur.

708 5651 1021 5714 Enimvero,
1045 5664 1265 5728 ptenam
1286 5663 1434 5706 nunc
1453 5648 1562 5714 lue,
1588 5663 1622 5703 ο
1646 5646 1864 5704 malitiae
1892 5649 2112 5721 sapiens
2135 5666 2228 5732 ar-

638 5742 793 5808 tifex,
826 5742 951 5799 dolo
981 5741 1265 5813 plenarum
1289 5755 1478 5797 earum
1505 5739 1878 5807 molitionum,
1903 5742 2106 5813 quibus
2130 5757 2228 5801 su-

707 5885 729 5916 ⁸
758 5882 896 5938 Cen.
935 5897 1085 5950 xvm,
1125 5881 1186 5937 tl
1232 5895 1389 5952 seqq.
1465 5878 1536 5935 ⁸1
1574 5878 1707 5953 Reg.
1740 5897 1780 5950 ι,
1810 5879 1900 5938 20.

2322 4643 2423 4713 τῆς
2465 4640 2532 4712 ἢν
2569 4639 2732 4710 ἡμεῖς
2793 4636 3272 4708 ἑκπολεμωθέντες
3324 4635 3474 4705 αὐτῷ
3523 4635 3727 4707 ἔχθραν
3781 4653 3916 4689 συν-

2324 4731 2697 4806 εστησὰμεθα.
2718 4730 3030 4796 Ἐξελέξατο
3059 4732 3166 4802 γάρ
3197 4747 3256 4785 σε
3287 4733 3367 4793 είς
3390 4730 3630 4800 Νύμφην
3646 4727 3724 4800 τῷ
3739 4729 3927 4783 Μονο-

2328 4824 2483 4892 γενεῖ
2512 4824 2540 4874 ό
2569 4820 2701 4887 Θεὸς
2731 4821 2826 4874 καὶ
2850 4820 3064 4892 Πατὴρ,
3087 4821 3182 4874 καὶ
3207 4819 3424 4873 δίδωσιν
3456 4820 3578 4873 ἀντὶ
3630 4819 3950 4890 μνήστρων,

2328 4915 2428 4984 τὴν
2454 4914 2591 4985 πρὸς
2620 4913 2682 4967 τὸ
2719 4912 2984 4982 συγγενὲς
3011 4912 3391 4983 καταλλαγήν⁸
3426 4911 3523 4966 καὶ
3574 4910 3676 4966 οὐκ
3705 4911 3930 4984 ἀναιρεῖ

2335 5007 2496 5078 μόνον
2521 5007 2621 5077 τὴν
2648 5006 2871 5078 ἔχθραν,
2897 5006 3025 5073 ,οὐδὲ
3055 5005 3153 5077 τὴν
3181 5005 3376 5074 ἄφεσιν
3413 5003 3599 5058 δίδωσι
3625 5004 3720 5059 τοῦ
3746 5004 3923 5078 ὀφλή-

2338 5115 2508 5169 ματος
2533 5137 2547 5162 ,
2580 5097 2690 5150 οὐδ’
2726 5097 2793 5169 ἢν
2837 5097 2961 5151 καθ’
2988 5097 3168 5151 αὐτῶν
3215 5097 3768 5170 ὲχειρογραφήσαμεν
3805 5097 3944 5154 διαο.

2333 5187 2506 5259 σχίζει
2537 5188 2785 5258 γραφήν
2823 5186 2962 5242 ἀλλὰ
3008 5187 3107 5241 καὶ
3154 5187 3634 5258 συγκληρονόμους
3663 5186 3757 5241 τοῦ
3783 5188 3927 5258 ἀγα-

2331 5279 2503 5349 πητοῦ
2533 5283 2768 5334 ποιεῖται
2797 5298 2811 5312 ο
2844 5281 2936 5333 καὶ
2963 5279 3152 5333 τοῦτον
3198 5283 3280 5343 εἰς
3308 5280 3402 5335 τὸν
3446 5278 3756 5351 καθ’,ήμῶν
3782 5279 3923 5334 ἀπο-

2329 5371 2537 5425 στέλλει
2579 5372 2842 5444 πόλεμον,
2878 5373 3274 5442 ωνδιενεγκεῖν
3320 5371 3437 5427 ἀνθ’
3458 5370 3619 5446 ἡμῶν
3653 5371 3782 5437 τοὺς
3824 5373 3928 5427 πό-

2329 5482 2475 5532 νους,
2509 5465 2716 5520 καὶτὸν
2753 5465 2997 5537 δυσμενῆ
3023 5464 3472 5538 τιμωρήσασθαι.

2415 5649 2576 5707 am
2605 5649 2904 5705 καθίστασο
2924 5650 3042 5720 νῦν,
3066 5649 3296 5720 σοφιστά
3324 5648 3424 5721 τῆς
3442 5650 3662 5717 κακίας,
3692 5650 3773 5716 είς
3799 5668 3931 5706 ποι-

2332 5742 2430 5817 νην
2455 5742 2564 5813 τῷν
2596 5743 2831 5813 δολερῶν
2861 5741 3088 5800 ἐκείνων
3117 5741 3475 5816 σκεμμάτων,
3501 5735 3582 5806 οἷς
3609 5743 3678 5814 τῇ
3705 5740 3955 5815 ψιθύρῳ.
