4124 6320
263 331 298 392 9
1143 340 1427 402 ORATIO
1452 345 1502 403 l.
1532 348 1706 407 -.IN
1749 347 1811 406 Β.
1849 348 1853 404 Ῑ

1958 345 2110 405 RI/E
2148 344 2688 406 NA'l’lVITATEM'.
3471 334 3538 399 10

271 434 501 513 γλώσσῃ
529 440 657 505 τοὺς
693 442 860 511 ἐμοὺς
894 444 1196 515 ἐξειργάσω
1229 449 1580 521 προπάτορας
1605 468 1619 484 ·
1653 451 1853 520 μᾶλλον

1958 469 2191 509 surrone
2239 455 2420 524 lingua
2462 467 2612 507 meos
2653 447 3030 521 progenitores
3073 444 3214 500 male
3255 442 3537 499 habuisti:

269 529 350 592 δὶ.
384 531 454 585 δι’
482 526 561 586 ὧν
594 532 718 588 καθ’
747 534 874 605 ὅλης
904 539 1003 607 τῆς
1040 538 1255 606 φύσεως
1287 540 1562 610 ὲτεχνάσω
1603 543 1696 595 τὸν
1735 543 1848 596 δλει-

269 622 422 689 θρον.
463 624 541 678 Ού
570 626 679 696 γάρ
721 625 799 680 ἔτι
828 626 1052 692 ἀλύπως
1094 629 1230 699 ἔχων
1255 633 1438 695 ἀπίοις
1461 671 1476 696 ,
1508 633 1629 686 οὐδὲ
1655 634 1746 686 ἐπὶ
1786 636 1853 705 τῇ

271 715 440 788 χλεύῃ
464 718 878 790 σεμνυνόμενος.
914 721 1054 792 Ἤδη
1070 724 1200 793 γὰρ,
1233 724 1334 795 ⁴ἤδη
1388 741 1471 779 σοι
1498 725 1590 779 ἐπὶ
1622 725 1721 798 τὴν
1751 743 1852 780 κα-

273 809 588 878 κομήχανον
639 811 1008 882 κεφαλὴν,τδ
1053 815 1174 867 καθ’
1203 816 1362 885 ἡμῶν
1413 816 1711 886 ἐνσκήπτει
1753 835 1854 871 καο

275 897 836 972 κοῦργονοἘγεννήθη
870 905 934 974 τῇ
983 902 1098 976 Εὕα
1148 904 1380 971 παιδίον,
1423 900 1576 961 διὀὒ
1638 908 1853 978 ἐκείνης

273 988 631 1045 ἀνακαλεῖται
665 993 763 1061 μὲν
793 994 826 1063 ἡ
851 988 1011 1065 ἧττα,
1044 996 1140 1048 καὶ
1172 995 1233 1048 τὸ
1263 995 1586 1069 σκυθρωπὸν
1613 1000 1692 1062 εἰς
1721 1012 1852 1069 φαιό

271 1081 508 1152 δρὸτητα
547 1089 890 1154 μεταχωρεῖ·
927 1087 988 1140 σὲ
1013 1087 1058 1140 δ’
1091 1087 1479 1160 ἀπαράκλητος
1519 1085 1662 1162 ἦττα
1690 1103 1849 1163 περι-ί

271 1178 516 1246 στοιχιεῖ,
541 1178 635 1230 καὶ
673 1177 864 1248 βαθεῖα
930 1181 1246 1252 στυγνότης.
1297 1182 1647 1256 Ἐγεωργήθη
1672 1186 1850 1256 παρά-

268 1262 469 1334 δεισος,
512 1268 572 1333 ἐξ
606 1264 676 1342 ἧς
734 1271 1137 1345 ἀναϐλαστήσει
1186 1274 1353 1343 φυτὸν
1406 1275 1694 1342 ἀθάνατον,
1747 1278 1846 1342 τὰς

269 1355 453 1426 κῆρας
481 1358 574 1412 τοῦ
617 1363 784 1430 φυτοῦ
825 1364 1061 1430 διαλύον,
1093 1357 1156 1420 οὗ
1195 1367 1294 1437 τὴν
1319 1366 1508 1435 γεῦσιν
1553 1366 1848 1439 προεξένηο

269 1462 373 1513 σας
395 1462 414 1481 ⁸
447 1451 543 1506 καὶ
582 1453 674 1506 τὸν
701 1455 760 1520 ἑξ
804 1457 1019 1530 ἀπάτης
1043 1457 1419 1529 παραδοθέντα
1443 1459 1676 1529 θανάτῳ,
1707 1459 1843 1530 πρὸς

265 1539 572 1598 ἀθανασίαν
597 1546 1002 1619 ἀνακτώμενον.
1035 1550 1224 1622 κλοπῇ
1256 1551 1351 1605 καὶ
1380 1552 1565 1622 ψεύδει
1605 1553 1707 1623 τὴν
1740 1571 1848 1624 μη-

265 1633 403 1701 τέρα
428 1638 618 1701 κακοῖς
653 1639 1004 1710 περιέϐαλεςο
1033 1643 1255 1713 ὲκδέχου
1300 1643 1494 1714 μικρὸν
1524 1644 1648 1698 ὅσον
1687 1645 1843 1699 οὔπω

264 1725 370 1793 τῆς
400 1726 500 1796 σῆς
527 1733 945 1803 κακομηχανίας
984 1734 1054 1789 τά
1100 1735 1375 1806 έπίχειρα,
1408 1736 1443 1790 ἃ
1477 1752 1558 1789 σοι
1595 1753 1841 1807 παραγε-

263 1795 493 1885 νήσεται
512 1817 608 1871 τοῦ
628 1795 817 1875 τέκνῦυ
845 1795 981 1893 πρδς
1001 1823 1093 1878 τὸν
1121 1795 1461 1895 πανάμωμον
1493 1825 1651 1879 τόκον
1680 1795 1846 1896 ἧκον-
1873 1795 1922 1856 Β

264 1925 382 1971 τος.
429 1912 586 1982 Ἀρτι
607 1913 899 1986 θεούμενον
934 1916 1041 1989 ὄψῃ
1073 1917 1152 1991 τῷ
1180 1917 1316 1982 ὄντι,
1344 1919 1403 1971 ὃν
1444 1919 1610 1972 πάλαι
1660 1920 1848 1991 πλάνῳ

266 2001 523 2069 θεώσεως
569 2005 859 2078 ὑποσχέσει
884 2051 899 2076 ,
943 2009 1094 2075 θείας
1157 2011 1446 2075 συνουσίας
1506 2013 1848 2082 κατέστησας

268 2094 565 2167 ὑπερόριον
584 2115 601 2130 ·
635 2102 731 2154 καὶ
753 2100 846 2154 τὸν
867 2102 928 2167 ἐξ
957 2102 1134 2173 ἀρχῆς
1175 2105 1469 2158 ὲντακέντα
1503 2121 1584 2158 σοι
1630 2104 1847 2175 φθόνον,

265 2187 366 2240 τοῦ
416 2189 538 2244 καθ’
582 2182 643 2244 οῦ
698 2193 884 2247 τοῦτον
939 2193 1153 2262 ῶδινας,
1194 2197 1296 2266 τῆς
1332 2196 1431 2267 σῆς
1477 2197 1850 2262 ἐπιϐαίνοντος

266 2281 538 2354 κεφαλῆς,
571 2283 712 2350 ἔξεις
744 2286 1003 2342 ἐπιπλέον
1031 2305 1090 2342 σε
1119 2287 1442 2343 διεσθίοντα.

354 2592 588 2648 Ὑπέρου
614 2595 811 2650 θέωσιν
841 2596 921 2669 τῷ
951 2599 1182 2670 γυναίῳ,
1212 2601 1309 2655 καὶ
1339 2600 1442 2673 τῆς
1473 2601 1682 2656 ἀλύπου
1706 2590 1853 2676 ζωῆς

266 2686 615 2753 ἀνασπάσας,
651 2689 832 2760 λύπης
881 2690 1188 2763 ἀνάμεστον
1240 2693 1386 2765 ζωὴν
1436 2695 1758 2766 προξενεῒς⁶
1790 2698 1852 2751 ού

274 2776 438 2845 μόνον
481 2774 563 2842 οἷς
614 2778 771 2835 ἄλλαι
809 2783 1000 2851 μυρίαι
1023 2786 1192 2854 κῆρες
1238 2785 1332 2839 τὸν
1364 2785 1480 2857 βίον
1516 2789 1854 2864 περιστοιχίὲ

274 2867 498 2933 ζουσιψ
539 2870 675 2924 ἀλλά
704 2873 798 2926 καὶ
831 2871 891 2938 ἐξ
911 2868 992 2931 ὧν
1024 2875 1191 2947 ἐχρῆν
1223 2877 1480 2933 ὑπόθεσιν
1516 2879 1854 2953 εὐφροσύνης

272 2955 415 3013 εἶναι
448 2960 738 3030 ἀνθρώπου
789 2965 927 3037 πρὸς
953 2967 1069 3038 φῶς
1117 2967 1354 3034 ἐξιόντος
1403 2969 1514 3024 τῶν
1565 2972 1856 3028 σκοτεινῶν

271 3049 384 3104 τῶν
405 3052 919 3126 ἐγκάτωνηχωρίων,
947 3057 1524 3132 καὶ.τοῦτο.δὴλύπῃς
1560 3061 1734 3117 αἴτιον
1765 3081 1858 3120 τε-

1964 547 2073 598 imo
2119 544 2320 613 quibus
2372 543 2635 598 adversus
2681 550 2931 595 naturam
2987 537 3298 591 universam
3347 533 3540 590 interi-

1962 647 2074 691 tum
2107 637 2460 692 machinatus
2485 650 2568 689 es.
2592 633 2702 688 Nec
2726 634 2868 688 enim
2893 631 3071 686 adhuc
3095 644 3127 684 a
3151 627 3377 683 tristitia
3401 627 3540 683 liber

1961 729 2138 784 abibis
2161 770 2174 792 ,
2205 744 2382 799 neque
2409 736 2470 783 ut
2491 725 2884 783 subsannando
2908 723 3183 793 glorieris.
3210 718 3332 775 Jam
3366 721 3538 786 enim,

1953 821 2068 892 jam
2108 821 2204 875 tibi
2243 820 2298 874 in
2343 818 2653 873 malelicum
2691 823 2887 886 caput,
2926 812 3072 884 quod
3114 812 3403 866 adversum
3437 823 3540 867 nos

1956 912 2276 984 excogitasti
2297 910 2628 966 maleﬁcium
2654 909 2907 963 vertitur.
2926 905 3064 960 Nata
3081 911 3164 960 est
3184 903 3311 958 Eva:
3335 903 3534 972 puella,

1952 1019 2050 1076 per
2078 1019 2242 1075 quam
2265 1003 2384 1074 ejus
2414 1003 2638 1074 quidem
2665 1003 3012 1056 instauratur
3033 998 3212 1062 ruina,
3242 994 3536 1050 maestitia-

1951 1112 2058 1168 que
2106 1096 2160 1151 in
2189 1097 2432 1151 laetitiam
2457 1095 2652 1150 transit
2685 1112 2698 1149 :
2755 1101 2807 1148 te
2835 1107 2963 1146 vero
2987 1085 3400 1144 inconsolabilis
3422 1085 3533 1140 cir-

1948 1189 2252 1247 cumstabit-
2277 1204 2474 1252 casus,
2522 1201 2586 1242 ac
2624 1183 2934 1256 profundus
2965 1195 3194 1235 mceror.
3228 1179 3424 1233 Cultus
3451 1186 3537 1231 est

1952 1284 2269 1356 paradisus.
2315 1297 2382 1337 ex
2428 1295 2538 1351 quo
2588 1275 2920 1333 immortalis
2969 1270 3299 1344 germinabit
3329 1269 3534 1324 arbor:

1946 1355 2166 1444 quaque
2211 1369 2425 1425 arboris
2454 1367 2776 1438 dispereant
2807 1372 3012 1418 mortes
3031 1402 3044 1428 ,
3071 1360 3230 1429 cujus
3252 1355 3537 1429 gustandas

1947 1441 2140 1518 auctor
2173 1459 2322 1514 fuisti
2343 1476 2358 1526 ;
2383 1473 2515 1529 qua,
2542 1460 2796 1526 inquam,
2831 1453 2902 1521 is,
2930 1454 3024 1522 qui
3054 1465 3244 1507 errore
3277 1441 3538 1517 deceptus

1945 1554 2109 1609 morti
2136 1552 2367 1607 traditus
2398 1549 2595 1614 fuerat,
2621 1549 2686 1604 ad
2717 1545 3185 1602 immortalitatem
3218 1547 3541 1619 reparetur-p

1945 1644 2171 1701 Furtivo
2202 1643 2560 1712 mendacique
2591 1655 2824 1696 susurro
2889 1645 3119 1693 matrem
3153 1634 3316 1691 malis
3343 1632 3532 1702 impli—

1949 1741 2116 1806 casti;
2176 1736 2445 1791 modicum
2483 1732 2884 1804 aliquantulum
2935 1727 3160 1801 maligni
3211 1727 3286 1782 tui
3311 1725 3531 1782 consilii

1949 1831 2251 1888 mercedem
2281 1837 2554 1898 exspecta,
2595 1840 2761 1894 quam
2799 1822 3176 1892 consequeris,
3205 1836 3327 1875 cum
3365 1817 3533 1874 Filius

1951 1919 2464 1978 immaculatissimo
2515 1926 2678 1988 partu
2730 1916 2785 1971 in
2832 1916 3008 1970 lucem
3063 1913 3256 1969 exibit.
3309 1910 3537 1972 Videbis

1951 2014 2118 2071 modo
2159 2028 2345 2070 revera
2388 2012 2593 2066 deitate
2622 2011 2886 2064 donatum
2918 2021 3042 2061 eum
3071 2020 3231 2074 quem
3271 2003 3398 2058 olim
3431 2003 3534 2056 im-

1952 2114 2178 2178 pos‘tura
2204 2104 2426 2160 deitatis
2453 2101 2825 2172 promissione
2850 2097 3138 2164 deludens,
3165 2112 3194 2151 a
3223 2094 3408 2151 divina
3439 2109 3536 2148 ex;

1949 2207 2154 2255 torrem
2204 2193 2598 2254 consuetudine
2670 2189 2946 2245 eﬂ‘ecisti:
2996 2202 3236 2257 eumque
3287 2186 3532 2251 livorem,

1944 2305 2060 2362 quo
2097 2305 2127 2344 a
2163 2287 2432 2360 principio
2465 2282 2794 2340 contabuisti
2822 2321 2838 2348 ,
2883 2281 3036 2352 ipso,
3077 2277 3338 2334 adversus
3371 2292 3534 2348 quem

1955 2383 2256 2454 parturisti,
2281 2389 2430 2434 tuum
2469 2378 2717 2433 calcante
2759 2382 2953 2446 caput,
2995 2369 3248 2444 ampliori
3290 2377 3343 2426 te
3396 2377 3545 2426 testu.

1952 2473 2330 2529 comedentem
2363 2467 2613 2524 habebis.

2025 2609 2288 2666 Deitatem
2317 2604 2654 2665 muliercula:
2688 2603 3014 2677 suggessisti
3035 2603 3081 2670 ',
3110 2611 3272 2673 atque
3303 2616 3333 2656 δ
3360 2602 3473 2657 vita
3499 2613 3535 2656 ει

1954 2701 2191 2756 tristitiis
2221 2698 2389 2752 libera
2419 2696 2764 2761 abstrahens,
2787 2695 2953 2750 vitam
2998 2694 3310 2763 importasti
3361 2691 3534 2748 tristi-

1953 2792 2047 2848 tiis
2067 2791 2282 2862 plenam
2303 2805 2328 2856 ;,
2347 2787 2550 2845 nedum
2582 2801 2692 2858 qua
2724 2788 3011 2843 innumera
3038 2787 3145 2841 alia
3170 2787 3313 2842 mala
3337 2786 3535 2841 huma-

1954 2880 2097 2938 nam
2128 2883 2490 2938 circumstant
2537 2880 2706 2936 vitam
2735 2922 2752 2948 ,
2787 2895 2979 2937 verum
3019 2879 3183 2934 etiam
3220 2879 3366 2948 quod
3398 2876 3535 2932 illud

1955 2976 2138 3045 ipsum
2168 2975 2314 3044 quod
2353 2973 2412 3028 in
2439 2972 2644 3028 laetitia:
2675 2978 3057 3042 argumentum
3089 2971 3288 3025 cedere
3314 2977 3535 3040 oporte.

1957 3065 2080 3133 bat,
2111 3055 2348 3122 exeunte
2377 3065 2599 3121 homine
2638 3064 2695 3120 in
2743 3061 2884 3119 lucis
2917 3077 3081 3117 auras
3110 3076 3140 3116 a
3172 3061 3534 3117 tenebricosis

273 3145 636 3214 κτηνάμενος.
674 3148 763 3203 Ἐν
789 3149 1122 3222 γάρλύπαις
1152 3151 1466 3227 τίκτειντῇ
1494 3154 1690 3231 βαρείᾳ
1727 3157 1851 3214 καθ’

1955 3159 2224 3214 viscerum
2259 3158 2494 3221 sinibus,
2522 3155 2761 3212 tristitia:
2805 3153 3054 3211 eﬂ'eceris
3093 3167 3337 3210 causam.
3368 3152 3532 3208 Gravi

272 3237 307 3305 ἡ
317 3236 435 3305 μῶν
466 3238 742 3308 ἀποφάσει
795 3242 1140 3314 προσέκειτο.
1180 3244 1343 3302 Ἀλλά
1381 3245 1476 3302 νῦν
1511 3249 1669 3313 τόκος
1695 3252 1859 3321 ἐμαι-

1954 3267 2189 3322 namque
2218 3252 2294 3307 illi
2325 3250 2614 3306 adversum
2648 3263 2749 3304 nos
2779 3248 3068 3304 sententiae
3110 3255 3303 3318 partus
3331 3244 3385 3300 in
3427 3245 3536 3299 tri-

273 3327 410 3396 εύθη
440 3331 542 3399 τῆς
571 3331 822 3404 λυπηρᾶς
840 3335 1071 3407 ικρατῶν
1097 3337 1456 3407 ἀποφάσεως,
1475 3341 1572 3395 καὶ
1601 3341 1701 3414 τὴν
1721 3360 1853 3415 χαρ-

1955 3344 2121 3400 stitiis
2140 3343 2432 3414 adjunctus
2453 3351 2571 3398 erat
2593 3339 2637 3396 ⁸.
2667 3338 2823 3394 Nunc
2851 3339 3133 3396 enimvero
3159 3345 3316 3409 partu
3340 3335 3531 3393 editur

279 3421 450 3494 μονὴν
466 3427 579 3488 τοῖς
619 3425 822 3498 πέρασι
867 3431 1170 3501 μνώμενος.
1200 3433 1506 3504 Διέσφηλας
1543 3424 1635 3489 τον
1663 3441 1853 3509 γενάρ-

1957 3453 2023 3494 ac
2058 3437 2357 3506 suscipitur
2385 3435 2600 3505 proles,
2646 3432 2997 3488 tristitiarum
3045 3431 3369 3486 sententiam
3399 3427 3528 3482 vin-

275 3529 383 3583 χην
432 3514 688 3579 σκελίσας
718 3520 947 3590 γυναίῳ,
978 3523 1072 3575 καὶ
1112 3524 1205 3578 τὸν
1252 3525 1574 3596 φθοροποιὸν
1608 3529 1708 3598 τῆς
1761 3530 1853 3599 σῆς

1958 3545 2119 3595 cens,
2176 3527 2470 3602 gaudiique
2517 3527 2742 3597 pignora
2791 3525 2943 3580 orbis
3002 3530 3272 3579 terrarum
3333 3519 3532 3576 finibus

276 3606 590 3678 συμϐουλῆς
627 3611 783 3680 λόγον
816 3615 908 3667 ἐπὶ
953 3616 1109 3687 κακῷ
1139 3617 1219 3688 τῷ
1250 3619 1401 3688 σφῶν
1433 3619 1663 3685 ἔπεισας
1708 3622 1853 3687 δέξα-

1962 3621 2230 3692 praebens.
2265 3617 2523 3674 Fefellisti
2556 3616 2772 3685 generis
2803 3623 3117 3685 parentem,
3151 3628 3216 3667 ac
3253 3628 3348 3682 per
3375 3611 3533 3667 femi.

276 3698 403 3751 σθαι
429 3714 444 3730 ⁶
481 3701 673 3774 ἐτέχθη
724 3705 938 3759 παιδίον
988 3709 1119 3778 ἡμῖν
1155 3712 1255 3780 τῆς
1285 3711 1454 3781 αὐτῆς
1506 3713 1607 3781 μὲν
1641 3716 1706 3784 τῇ
1739 3712 1853 3784 Εὗᾳ

1962 3726 2086 3766 nam
2113 3708 2498 3786 supplantasti,
2530 3710 2718 3777 tuique
2748 3707 2963 3763 consilii
2996 3705 3290 3760 exitiosum
3319 3717 3532 3758 sermo-

278 3788 532 3895 πλάσεως
558 3833 573 3858 ,
604 3795 696 3848 τοῦ
727 3797 1040 3883 σφάλματος
1080 3800 1126 3853 δ’
1151 3801 1380 3874 αύτῆςὴ
1409 3804 1730 3874 ἀνόρθωσις,
1759 3787 1853 3859 καί

1961 3820 2085 3860 nem
2109 3805 2337 3864 insuam
2365 3804 2604 3876 ipsorum
2635 3803 2931 3872 perniciem
2987 3801 3269 3874 suscipere
3301 3794 3536 3869 persua-'

276 3884 551 3986 :ﬁchcni)
583 3887 803 3986 ἀφορμὴ
833 3891 1187 3964 πτερνίσεως,
1223 3889 1304 3956 οἷς
1333 3895 1425 3948 τὸν
1466 3896 1727 3960 ζωοποιὺν
1755 3897 1852 3956 τοῦ

1958 3897 2076 3953 sisti
2111 3913 2130 3951 :
2174 3905 2230 3951 at
2268 3897 2428 3951 nobis
2467 3907 2595 3951 nata
2634 3907 2718 3953 est
2753 3897 2930 3966 puclla
2969 3912 3034 3950 ex
3079 3892 3268 3949 eodem
3310 3890 3531 3959 quidem

275 3975 415 4028 Θεοῦ
436 3977 608 4047 Λόγον
637 3980 889 4054 ἀρρήτως
943 3985 1038 4038 καὶ
1067 3985 1204 4056 ὑπὲρ
1235 3985 1363 4041 νοῦν
1391 3987 1724 4054 ὑποδέξεται.

1957 3999 2122 4059 atque
2149 3989 2259 4045 Eva
2293 3989 2581 4060 ﬁgmento;
2611 4005 2731 4060 quae
2758 3997 2938 4044 tamen
2973 3987 3116 4042 Evae
3145 3982 3454 4041 emendatio
3474 3982 3532 4036 iit

279 4079 345 4119 ac
377 4079 544 4123 causa
585 4080 642 4124 ut
681 4073 798 4142 ipse
836 4075 1240 4146 supplanteris,
1283 4094 1391 4150 qua
1437 4080 1716 4137 viviﬁcum
1757 4081 1854 4140 Dei
1884 4082 2207 4141 Sermonem
2264 4081 2520 4138 ineﬂ‘abili
2607 4096 2670 4137 ac
2748 4079 2943 4149 majori
2999 4078 3242 4154 cogitatu
3320 4074 3532 4130 ratione

277 4171 606 4213 susceptura
638 4173 743 4213 est-

313 4173 606 4229 usceptura
638 4173 743 4222 est.

304 4316 306 4318 ν
355 4297 576 4363 Ἄκουε,
607 4298 804 4370 γηραιὲ
858 4304 1185 4374 προπάτορ,
1239 4304 1334 4360 καὶ
1383 4309 1521 4380 πρὸς
1568 4309 1853 4380 ἀμείνονας

2033 4307 2198 4376 Audi,
2244 4322 2409 4365 senex
2458 4310 2791 4379 progenitor,
2835 4308 3002 4377 inque
3053 4320 3204 4375 spem
3252 4305 3531 4361 meliorem

278 4391 507 4455 ἐλπίδας
549 4393 814 4462 μετάθουο
855 4396 916 4448 ού
949 4397 1055 4466 γάρ
1101 4398 1184 4452 ἔτι
1225 4399 1528 4471 ἀϐοήθητος
1579 4404 1638 4455 ἐν
1681 4404 1853 4473 (iliis;

1962 4397 2356 4455 transferaris:
2401 4399 2691 4468 necvcnim
2739 4397 2851 4467 jam
2904 4395 3108 4451 auxilio
3150 4395 3444 4452 destitutus
3475 4395 3532 4451 in

279 4484 378 4538 καὶ
400 4489 731 4558 στενοχωρίᾳ
756 4486 1054 4562 διαγενήσῃ
1071 4508 1085 4523 ·
1117 4491 1320 4564 ἀπέστη
1357 4495 1465 4564 γὰρ
1492 4495 1560 4547 δι’
1583 4491 1649 4567 ἧς
1671 4497 1697 4547 ὁ
1725 4514 1853 4565 κρα-

1964 4488 2257 4543 alﬂictioue
2281 4501 2345 4543 ac
2368 4488 2622 4557 angustia
2646 4503 2772 4557 ages
2798 4505 2811 4540 :
2847 4489 3050 4558 quippe
3079 4487 3226 4541 venit
3252 4500 3347 4553 per
3367 4499 3532 4556 quam

277 4577 433 4640 ταιδς
457 4579 514 4632 ὲν
542 4578 714 4648 ἰσχύει
750 4579 944 4651 βοηθὸν
991 4583 1294 4648 ὲξαπλώσει
1323 4589 1502 4657 χεῖρα,
1527 4589 1622 4641 καί
1639 4590 1736 4658 τῆς
1765 4606 1859 4643 τα-

279 4669 590 4742 λαιπωρίας
633 4671 912 4743 ἐξαγάγοι.
946 4676 1143 4730 Οὐκέτι
1177 4678 1324 4749 ὴδιά
1375 4679 1629 4750 βρώσεως
1672 4682 1849 4736 ἔπινε-

283 4762 497 4833 μομένη
529 4763 705 4835 φθορά
753 4766 814 4820 τὸ
863 4767 984 4821 κατ’
1013 4770 1198 4824 εἰκόνα
1239 4770 1332 4825 τοῦ
1361 4772 1596 4828 πλάστου
1630 4774 1856 4846 πλάσμα

279 4854 588 4925 λωϐήσεται
611 4873 626 4886 ·
675 4859 706 4910 ὀ
747 4858 856 4929 γάρ
895 4861 1234 4932 Δημιουργδς
1270 4862 1491 4927 οἰκείοις
1526 4865 1856 4936 σπλάγχνοις

279 4948 476 5001 ἑαυτὸν
535 4951 947 5019 παρακαλέσας,
981 4952 1042 5005 τὸ
1092 4952 1247 5020 ἅγιον
1306 4955 1472 5009 αὑτοῦ
1512 4955 1855 5028 ὑπεστήσατο

281 5039 588 5110 σκήνωμα·
637 5041 733 5094 καί⁵
793 5042 932 5112 μετά
977 5042 1085 5097 τῶν
1135 5044 1534 5100 κατοικούντων
1569 5048 1625 5100 ἐν
1678 5048 1857 5120 φθορᾷ

276 5131 509 5202 γνώμην
528 5133 734 5187 τίθεται
761 5137 1291 5207 συναναστραφῆναι,
1320 5137 1406 5192 ἵνα
1431 5139 1695 5212 διαμείψῃ
1721 5142 1858 5211 πρὸς

278 5223 610 5296 ἀφθαρσίαν.
647 5224 1027 5295 ’Δλαλάξωμεν
1057 5224 1134 5296 τῷ
1167 5226 1308 5297 Θεῷ,
1343 5229 1426 5282 ὄτι
1466 5230 1564 5300 τῆς
1593 5231 1857 5302 πολυχρο-

276 5317 396 5372 νίου
426 5315 738 5387 τυραννίδος
764 5317 798 5387 ἠ
829 5315 1072 5388 βαρύτης
1102 5319 1274 5389 ἀρχὴν
1321 5319 1586 5390 λαμϐάνει
1608 5322 1701 5376 τοῦ
1734 5323 1856 5376 ὲλα-

279 5407 619 5478 φρύνεσθαιο
654 5407 855 5478 μᾶλλον
901 5409 948 5461 δ’
974 5409 1001 5462 ό
1049 5409 1362 5481 ἀποστάτης
1407 5414 1487 5474 εἰς
1532 5415 1713 5483 φυγὴν
1753 5414 1849 5484 τὴν

276 5495 462 5562 δίωξιν
500 5496 818 5564 ἐναλλάξας,
850 5499 1126 5570 ἀναχωρεῖ
1149 5499 1429 5571 τύραννος,
1466 5502 1721 5570 ὀφθέντος
1753 5504 1848 5558 τοῦ

279 5585 563 5659 βασιλικοῦ
586 5589 885 5660 σκήπτρου.
908 5589 1100 5644 Οὐκέτι
1129 5589 1312 5662 χώραν
1334 5591 1524 5661 ἐφόδου
1547 5592 1668 5648 καθ’
1694 5595 1851 5667 ἡμῶν

353 5763 533 5821 'Gcn.
579 5782 638 5821 Ill
680 5767 731 5822 5.
807 5767 827 5798 '
857 5766 988 5824 ibid.
1050 5767 1134 5824 16.
1212 5769 1231 5800 ⁹
1261 5768 1393 5825 Luc.
1449 5783 1486 5836 1,
1519 5769 1610 5827 69.

1963 4580 2121 4635 fortis
2147 4581 2238 4634 ille
2261 4580 2315 4634 in
2341 4582 2542 4635 virtute
2564 4580 2960 4635 auxiliatricem
2985 4579 3263 4647 eXplicans
3287 4593 3530 4643 manum,

1954 4686 1985 4726 a
2025 4673 2247 4729 miseria
2287 4670 2487 4727 educat
2527 4686 2592 4727 ac
2638 4672 2849 4727 liberet.
2900 4670 3018 4726 Non
3050 4672 3188 4725 ultra
3220 4685 3314 4740 per
3345 4684 3530 4725 escam

1953 4763 2257 4834 depascens
2304 4765 2620 4835 corruptio,
2683 4764 2828 4836 quod
2872 4763 2940 4818 ad
2994 4763 3198 4821 iictoris
3243 4763 3531 4831 imaginem

1954 4857 2270 4929 ﬁgmentum
2295 4857 2574 4913 conditum
2600 4865 2702 4918 est.
2727 4857 2915 4913 laedet.
2955 4856 3221 4912 Conditor
3245 4855 3391 4910 enim
3413 4856 3533 4912 suis

1951 4951 2067 5021 ipse
2090 4950 2396 5007 visceribus
2425 4961 2771 5022 provocatus,
2793 4948 3083 5006 consilium
3107 4948 3230 5014 init,
3252 4947 3529 5002 decernit-

1959 5058 2067 5112 que
2089 5058 2213 5100 cum
2237 5046 2588 5116 corruptione
2613 5043 2842 5108 versari,
2863 5058 2971 5114 quo
2989 5043 3041 5097 in
3061 5041 3527 5111 incorruptionem

1959 5144 2276 5190 commutet.
2293 5134 2596 5193 Jubilemus
2617 5137 2747 5201 Deo,
2771 5134 2914 5206 quod
2939 5136 3210 5191 diuturnae
3229 5131 3529 5208 tyrannidis

1958 5241 2123 5297 grave
2167 5241 2310 5285 onus
2346 5228 2461 5284 leve
2496 5227 2611 5283 fieri
2642 5229 2888 5299 incipiat.
2919 5225 3032 5282 lino
3065 5235 3309 5297 apostata
3341 5234 3530 5294 tyran-

1958 5334 2090 5384 nus,
2113 5334 2214 5392 pro
2246 5334 2315 5376 eo
2352 5328 2410 5375 ut
2455 5328 2836 5391 persequatur,
2877 5317 3054 5388 fugam
3096 5317 3274 5371 iniens
3299 5313 3528 5375 recedit.

1959 5413 2051 5466 ubi
2077 5411 2260 5483 regale
2286 5411 2577 5484 conspexit
2607 5422 2901 5480 sceptrum.
2927 5408 3046 5463 Non
3077 5407 3311 5477 amplius
3334 5403 3528 5459 adver-

1957 5519 2078 5560 sum
2121 5518 2222 5559 nos
2255 5504 2545 5560 invadendi
2585 5503 2763 5558 locum
2800 5501 3076 5560 inveniet:
3119 5499 3348 5572 erigitur
3378 5498 3526 5551 enim

1960 5596 2119 5654 nobis
2157 5611 2329 5654 cornu
2371 5598 2625 5669 potentia:
2654 5595 2722 5654 de
2766 5593 2926 5652 domo
2960 5591 3124 5648 David
3146 5592 3189 5660 ’ς
3217 5604 3410 5655 cornu,
3444 5587 3525 5643 in-
