4098 6292
280 342 343 408 13
1049 355 1333 417 ORATIO
1371 355 1454 420 ll.
1493 381 1560 392 κ·-
1601 353 1687 416 IN
1723 357 1789 417 B.
1829 354 2095 417 MARI/E
2132 356 2866 423 PRJ‘ESENTATIONEM.
3509 355 3574 421 ιι

273 466 326 519 τ’
345 482 371 523 ς
400 462 696 533 ἡμετερας
723 465 980 536 ἐσχατιᾶς
1011 464 1310 537 ὡσφράνθη
1337 466 1398 520 τὸ
1430 466 1646 537 ἱμάτιον
1667 466 1764 536 τῆς
1791 466 1863 518 εὐ-

1986 466 2040 518 in
2076 467 2378 522 thalamum
2419 468 2611 524 venit?
2656 467 2919 536 Quaenam
2951 468 3076 536 ista,
3115 470 3276 541 cuj-us
3304 470 3356 526 in
3389 471 3575 529 humi-

270 555 434 619 ωδξας
468 555 586 610 τῶν
620 558 838 628 ἀρετῶν
866 558 964 627 τῆς
999 557 1215 628 στολῆς,
1247 560 1274 610 ὁ
1303 557 1518 629 ἀπείρῳ
1548 555 1671 626 ὓψει
1703 555 1876 627 ὑπερ-

269 646 682 718 αναίεθηκὼω
740 649 836 714 Τίς
883 647 1022 720 αῦτη
1067 651 1101 720 ἠ
1148 648 1364 720 ἀληθῶς
1391 649 1500 703 τῶν
1531 649 1878 715 τιμιωτάτων

269 741 537 812 ampli);
588 745 754 815 Ἀρτι
803 743 914 815 γὰρ
964 745 996 814 ή
1045 745 1133 798 διὰ
1182 745 1428 816 κατάραν
1483 729 1875 818 ἀκανθοφόροςο

267 835 404 904 πρὸς
460 835 525 889 τὸ
588 838 826 910 εὔφορον
880 837 1280 909 μεταϐαλοῦσα,
1333 840 1427 893 καὶ
1477 841 1690 912 καρπὸν
1722 843 1878 910 ἐνεγ-

266 929 458 995 κοῦσα,
489 931 557 985 οὐ
589 931 737 986 κατὰ
764 933 864 1004 τὴν
891 932 1098 1004 συνήθη
1129 932 1377 1004 πικρίαν,
1407 933 1543 987 ἀλλὰ
1562 933 1875 1005 γλυκασμδν

266 1022 527 1091 εὐλογίας
567 1024 931 1095 ἐμφαίνοντα,
966 1026 1044 1088 ὡς
1089 1024 1310 1096 ἔντιμον
1351 1027 1610 1099 ἀπαρχὴν
1654 1029 1875 1099 εὐχαρι-

267 1116 472 1170 στοῦσα
506 1117 593 1188 τῷ
624 1117 936 1191 καρποδότῃ
983 1120 1162 1188 φέρει.
1209 1117 1359 1193 Αὕτη
1409 1120 1684 1193 άληθῶςή
1733 1139 1876 1191 νυμ-

263 1209 431 1280 φικὴν
463 1211 936 1267 καταπλουτοῦσα
970 1213 1306 1283 εὐπρέπειαν
1338 1214 1433 1266 καὶ
1464 1214 1599 1282 πρὸς
1633 1214 1875 1286 Νύμφην

257 1303 352 1357 τοῦ
380 1306 741 1376 Μονογενοῦς
769 1307 1145 1378 ὲξειλεγμένη.
1181 1307 1280 1361 Διὰ
1307 1307 1466 1361 τοῦτο
1493 1306 1586 1361 καὶ
1621 1307 1757 1380 πρὸς
1783 1308 1875 1363 τὸν

261 1397 408 1452 θεῖον
439 1400 726 1471 νυμφῶνα
769 1401 911 1472 μετὰ
945 1401 1235 1472 Θειότητος
1273 1403 1529 1473 ὲνδημεί·
1577 1403 1610 1474 ή
1642 1403 1699 1456 δὲ
1733 1403 1874 1476 καλὴ

256 1488 368 1543 τῶν
415 1493 692 1547 νεανίδων
733 1493 962 1565 χορεία’
1014 1493 1174 1547 τοῦτο
1211 1494 1329 1566 μὲν,
1372 1495 1754 1565 προπομπεύει
1787 1513 1872 1550 τι-

258 1582 474 1654 μῶσα·Δ
530 1583 698 1639 τοῦτο
750 1585 809 1638 δὲ
850 1581 942 1639 οἶα
990 1586 1249 1658 παρθένοι
1299 1589 1368 1660 τῇ
1424 1587 1686 1660 Παρθένῳ
1739 1605 1872 1644 συν-

255 1675 511 1748 ήδονται.

325 1860 395 1914 Τί
425 1859 489 1915 δὲ
528 1863 732 1934 ἡμεῖς
762 1857 893 1935 Ἃρ·
918 1857 1012 1919 οῦν
1043 1865 1234 1935 μόναις
1271 1863 1590 1937 παρήσομεν
1612 1865 1735 1929 ταῖς
1764 1881 1870 1920 κα-

252 1952 383 2016 λαῖξ
412 1956 638 2010 νεάνισι
685 1957 784 2026 τῆς
827 1956 972 2032 οὕτω
1018 1957 1171 2020 θείας
1223 1961 1582 2030 κατατρυφᾷν
1633 1958 1869 2028 ἡδονῆςς

227 2042 373 2099 ὀὐδὲ
412 2048 546 2113 ἐξὸν
573 2050 705 2119 ἡμῖν
737 2050 1149 2120 συμμετασχεῖν
1183 2050 1282 2118 τῆς
1308 2048 1548 2121 χορείας,
1577 2049 1699 2103 οὐδὲ
1730 2051 1869 2104 ἀπο-

251 2136 448 2193 λαύειν
504 2140 614 2210 τῆς
664 2139 1048 2213 εὐφροσύνης;
1117 2140 1186 2195 Ἢ
1235 2139 1720 2211 συνεπιληψὸμεθα
1774 2141 1869 2194 καὶ

259 2231 742 2304 συνδιαπλέξομεν
765 2230 864 2306 τὴν
885 2233 1187 2304 εὐφημίαν,
1221 2232 1317 2285 καὶ
1341 2233 1440 2304 τῆς
1463 2235 1617 2304 ἱερᾶς
1644 2231 1868 2304 πορείας

256 2327 810 2399 συμμετασχήσομεν
849 2365 868 2392 ,
928 2327 1147 2396 ἐκείνην
1206 2342 1265 2378 τε
1316 2319 1397 2390 οἷς
1432 2325 1868 2398 ηλειτουργοῦμεν

253 2417 561 2488 τιμῶντες,
585 2419 678 2472 καὶ
704 2420 836 2490 ἡμῖν
855 2419 1040 2481 αὐτοῖς
1063 2419 1452 2490 χαριούμενοι;
1485 2420 1737 2474 Μάλιστα
1766 2421 1866 2491 μὲν

251 2513 360 2584 γὰρ
393 2511 556 2565 ὅσιον
583 2513 652 2584 τῇ
689 2511 951 2583 Παρθένῳ
981 2511 1049 2565 τὰ
1078 2513 1161 2576 είς
1194 2511 1360 2585 τιμὴν
1404 2512 1708 2566 συντελεῖν·
1744 2518 1793 2568 εί
1818 2512 1865 2568 δ’

252 2608 358 2676 ἄρα
383 2624 448 2660 τι
473 2607 568 2660 καὶ
588 2608 723 2678 ἡμῖν
755 2607 1014 2677 μετέσται
1042 2604 1202 2677 δόξης
1235 2602 1318 2670 οἷς
1347 2606 1532 2678 ἐκείνη
1557 2605 1862 2677 δοξάζεται,

254 2701 350 2754 καὶ
367 2699 542 2755 τοῦτο
563 2701 620 2756 δὲ
646 2700 986 2766 σκοποῦντας
1007 2718 1023 2732 ·
1063 2700 1489 2772 συναπαρτίζειν
1511 2703 1611 2770 τὴν
1637 2704 1862 2775 χορείαν

255 2792 348 2844 καὶ
394 2792 500 2846 τὸν
550 2791 790 2858 ἔπαινον,
844 2791 1086 2862 εὐλογον.
1137 2792 1365 2856 Πάντως
1398 2792 1455 2846 δὲ
1486 2793 1585 2847 οὐκ
1625 2794 1861 2870 ἀκερδὴς

255 2885 392 2954 ἡμῖν
423 2884 586 2940 ἔσται
626 2886 660 2957 ἡ
696 2885 1073 2958 ἐπιχείρησις*
1116 2884 1233 2940 ἀλλ’
1259 2881 1342 2945 οἷς
1371 2884 1549 2960 ταύτῃ
1579 2886 1740 2959 δόξης
1774 2889 1864 2941 εὐ-

258 2983 524 3052 πορήσει,
559 2981 657 3036 καὶ
685 2980 822 3053 πρὸς
849 2983 996 3053 ἡμᾶς
1029 2983 1101 3034 τὰ
1143 2980 1357 3036 ἐκεῖθεν
1404 2980 1578 3052 σεμνὰ
1605 2981 1858 3052 διακομι-

259 3071 550 3144 σθήσεται.
600 3067 697 3136 Οἷς
742 3070 885 3142 αὕτη
909 3073 984 3137 ὡς
1018 3070 1317 3143 πολύτιμον
1342 3071 1518 3142 δῶρον
1550 3072 1856 3142 ἐκλέγεται,

257 3165 355 3236 τῆς
383 3164 480 3222 ἐπ’
511 3165 649 3238 αὐτῇ
678 3161 1053 3238 κερδανοῦμεν
1081 3164 1415 3236 φιλοτιμίας.
1440 3161 1734 3258 Ἀλλὰῌποῦ
1766 3183 1855 3237 μοι
1887 3197 1932 3258 c

257 3252 333 3316 ὧν
364 3259 432 3314 τὺ
467 3258 767 3331 πολύτιμον
815 3259 1018 3332 εὑρέθη
1065 3258 1280 3332 δῶρον;
1337 3258 1448 3312 Ποῦ
1480 3258 1562 3326 δὲ,
1592 3253 1668 3314 ὧν
1701 3262 1733 3334 ἡ
1766 3279 1863 3333 με..

258 3351 400 3424 γάλη
423 3350 566 3423 αῦτη
596 3351 861 3424 εὐκληρία
888 3367 909 3417 ;
934 3350 1128 3416 Καλῶς
1155 3351 1265 3423 γὰρ
1295 3352 1408 3422 ἔχει
1439 3352 1686 3424 πρώτους
1721 3354 1869 3409 ἐκεί-

259 3463 369 3512 νοις
424 3446 845 3517 περιτυχόντας,
881 3445 1024 3500 οὕτω
1070 3448 1138 3518 τῇ
1203 3444 1433 3516 θυγατρὶ
1478 3448 1866 3517 συνευφραίνε-

263 3541 413 3596 σθαι.
472 3540 627 3611 ’Δμα
676 3539 733 3592 δὲ
767 3541 863 3592 καὶ
899 3539 1031 3609 παρ’
1059 3536 1243 3592 αὐτῶν
1271 3538 1417 3602 εἰκὸς
1459 3538 1723 3609 ἐκμαθεῖν
1761 3540 1861 3613 τῆς

260 3633 550 3706 χαρμονῆς
579 3631 679 3706 τὴν
707 3633 986 3690 ὑπόθεσιν.

329 3814 472 3885 Φέρε
500 3812 587 3884 δὴ,
621 3814 669 3866 οξ
699 3814 799 3884 τὴν
829 3813 998 3886 καλὴν
1028 3814 1193 3869 ὠδῖνα
1229 3803 1435 3888 ταύτην
1465 3818 1778 3890 λυσάμενοι,
1809 3823 1866 3875 οῖ

259 3908 408 3971 τινές
432 3905 565 3960 ποτέ
594 3907 741 3971 ἔστε,
772 3906 1064 3971 κοινωνοὺς
1094 3908 1240 3978 ἡμᾶς
1269 3908 1368 3978 τῆς
1399 3910 1739 3983 εὐφροσύνης
1766 3915 1861 3968 καὶ

259 4001 360 4072 τῆς
388 4001 482 4053 ἐπὶ
506 3999 589 4070 τῷ
613 3998 887 4069 θυγατρίῳ
913 4000 1274 4071 χοροστασίαις
1303 4001 1507 4070 ἄγοιτε.
1535 4002 1600 4056 Τί
1621 4004 1712 4072 δέ;
1736 4006 1860 4062 Τῶν

257 4090 472 4144 ὠδίνων
497 4090 990 4160 εὐχαριστήσοντες
1020 4089 1214 4145 ἄπιτε·
1245 4092 1421 4146 ταῦτα
1444 4092 1511 4165 δὴ
1529 4095 1598 4150 τὰ
1629 4098 1855 4171 συνήθη,

261 4185 356 4238 καὶ
384 4183 486 4256 τὴν
517 4183 795 4256 θυγατέρα
825 4185 945 4247 ταῖς
982 4185 1156 4258 ἱεραῖς
1184 4186 1428 4251 τελεταῖς
1458 4184 1546 4242 οἷα
1575 4189 1639 4262 δὴ
1673 4209 1857 4265 σφρα-

259 4279 407 4346 γῖσιν
440 4274 996 4352 ¹ὲτιισημαινούμενοι
1028 4290 1042 4306 ⁸
1099 4272 1168 4349 ἧς
1222 4280 1324 4350 τὴν
1381 4279 1618 4350 βλάστην
1670 4287 1859 4357 εὐχαῖς

257 4369 693 4441 ἑγεωργήσατε,
726 4370 932 4441 ταύτης
987 4370 1084 4443 τὴν
1139 4372 1368 4444 αὔξησιν
1423 4376 1519 4430 καὶ
1579 4379 1858 4434 τελείωσιν

1985 558 2137 612 litate
2186 559 2386 615 intimae
2431 568 2637 616 nostrae
2675 560 3026 632 ahjectionis,
3061 577 3228 618 suave
3270 565 3573 633 fragrantis

1983 650 2249 705 virtutum
2306 652 2463 708 stola:
2529 651 2914 708 imlnnte'utmn
2969 643 3234 708 odoratus
3301 660 3423 722 est,
3482 655 3582 724 qui-

1982 744 2252 800 imtnensa
2302 746 2557 802 celsitate
2589 745 2863 802 universis
2895 745 3100 802 eminet
3129 746 3154 799 ?
3194 745 3456 812 Quaenam
3495 747 3578 802 ire

1981 850 2109 890 rere
2141 835 2668 906 pretiosissimarum
2704 852 2888 892 rerum
2930 837 3187 907 primitiae
3214 838 3238 891 ?
3263 835 3387 892 Jatn
3423 837 3572 894 enim

1977 947 2100 1002 qua:
2133 941 2357 1004 propter
2383 933 2538 989 diras
2570 931 2856 1004 spinarum
2893 932 3046 988 ferax
3078 939 3218 999 erat,
3253 933 3309 988 in
3355 931 3575 1004 frugum

1979 1021 2217 1080 feracem
2261 1036 2550 1090 conversa,
2601 1024 2842 1079 fructum
2889 1025 3129 1089 editum,
3185 1040 3292 1081 non
3331 1025 3424 1096 qui
3474 1039 3577 1095 pro

1979 1132 2130 1173 more
2171 1117 2434 1173 acerbum
2466 1119 2696 1189 aliquid,
2737 1119 2831 1175 scd
2864 1118 2959 1191 qui
2991 1117 3399 1175 benedictionis
3423 1119 3566 1174 'dnl-

1976 1223 2158 1265 corem
2195 1210 2473 1276 exhibeat,
2517 1219 2576 1266 ut
2621 1211 2857 1282 pretiosa
2908 1211 3275 1283 primitiarum
3321 1227 3574 1276 munera,

1976 1303 2283 1371 gratiarum
2353 1303 2592 1361 actionis
2651 1312 3051 1372 monumento,
3104 1303 3325 1376 frugum
3391 1305 3571 1362 datori

1975 1403 2294 1465 praesentat.
2327 1393 2456 1452 Haec
2489 1413 2622 1454 vere
2653 1396 2866 1469 Sponsa
2909 1399 3111 1456 decore
3137 1401 3289 1457 uberi
3319 1403 3571 1473 praedita,

1975 1489 2143 1559 inque
2175 1487 2456 1561 Unigeniti
2513 1489 2785 1562 Sponsam
2817 1493 3016 1549 electa.
3064 1493 3278 1549 Idcirco
3307 1494 3473 1549 etiam
3512 1494 3568 1550 in

1973 1578 2162 1636 divino
2218 1581 2458 1637 thalamo
2509 1597 2636 1636 cum
2695 1581 2906 1638 Deitate
2942 1595 3189 1638 moratur
3233 1600 3248 1638 :
3307 1583 3568 1654 praeclara

1971 1681 2155 1729 autem
2188 1673 2611 1744 juveneularum
2647 1674 2876 1739 chorea,
2910 1691 3018 1745 qua
3056 1689 3254 1745 pompa
3284 1675 3567 1732 deducens

1971 1763 2237 1836 honorat;
2261 1783 2366 1838 qua
2393 1777 2654 1839 tanquam
2680 1769 2942 1838 virgines,
2960 1767 3167 1839 Virgini
3194 1769 3564 1838 congaudent.

1913 1844 1957 1900 Β
2053 1859 2196 1927 Quid
2233 1877 2333 1918 nos
2385 1862 2568 1917 vero?
2610 1861 2843 1917 Solasne
2877 1876 3009 1934 ergo
3039 1862 3335 1933 praeclaras
3371 1861 3570 1933 juven-

1974 1957 2132 2010 cuias
2170 1951 2360 2007 divina
2392 1952 2533 2009 adeo
2561 1950 2816 2008 deliciari
2845 1951 3128 2024 voluptate
3160 1953 3408 2013 sinemus
3434 1957 3459 2011 2
3500 1971 3568 2013 ac

1972 2060 2097 2102 cum
2138 2047 2296 2122 liccat
2337 2046 2555 2101 chorea
2589 2045 2890 2117 participes
2926 2061 3074 2115 esse,
3125 2063 3195 2103 ne
3241 2048 3566 2106 curabimus

1970 2137 2193 2208 quidem
2238 2136 2427 2193 laetitia
2460 2136 2667 2206 perfrui
2695 2137 2817 2192 ?An
2847 2139 3162 2208 conjunctis
3204 2141 3404 2198 studiis
3441 2142 3566 2197 lau-

1971 2229 2248 2284 dationem
2312 2229 2518 2300 pariter
2573 2239 2955 2296 contexemns,
3023 2246 3090 2287 ac
3137 2232 3283 2288 sacri
3349 2233 3567 2292 itineris

1970 2323 2302 2380 accedemus
2348 2323 2508 2390 socii,
2578 2332 2694 2378 tum
2747 2323 2895 2378 illam
2934 2324 3139 2395 quibus
3183 2325 3563 2398 obsequimur,

1969 2417 2309 2472 honorantes
2355 2457 2373 2483 ,
2414 2423 2531 2471 tum
2591 2415 2695 2487 ipsi
2744 2418 2907 2474 nobis
2959 2418 3306 2490 indulgentes
3346 2420 3370 2474 ?
3417 2421 3565 2476 Sane

1969 2510 2187 2581 quidem
2211 2525 2477 2583 perquam
2525 2510 2738 2582 justum
2775 2523 3159 2583 sanctumque,
3192 2519 3252 2567 ut
3281 2528 3403 2584 qua:
3432 2523 3566 2570 sunt

1967 2604 2036 2659 ad
2084 2605 2372 2671 honorem,
2425 2602 2638 2677 Virgini
2690 2605 3070 2675 persolramus
3101 2623 3115 2659 :
3150 2607 3284 2676 quin
3330 2609 3378 2661 si
3426 2605 3563 2678 quid

1965 2697 2134 2752 etiam
2178 2696 2358 2762 nobis,
2391 2697 2596 2766 quibus
2637 2698 2728 2752 illa
2765 2698 3043 2763 laudatur,
3082 2700 3269 2770 gloria:
3312 2699 3561 2764 accedat,

1967 2788 2021 2843 id
2069 2802 2290 2862 quoque
2334 2796 2652 2860 spectantes
2714 2791 2918 2861 pariter
2945 2794 3200 2848 choream
3241 2793 3464 2866 explere
3496 2807 3564 2849 ac

1966 2885 2207 2952 laudem,
2249 2882 2307 2940 id
2347 2901 2482 2943 vero
2517 2875 2723 2942 rationi
2758 2898 3192 2946 consentaneum
3240 2899 3348 2947 est.
3406 2890 3560 2946 Haud

1967 2980 2129 3049 plane
2174 2986 2414 3036 conatus
2443 2979 2603 3035 cedet
2649 2979 2903 3036 inutilis:
2961 2981 3092 3046 imo,
3127 2996 3235 3053 qua
3271 2982 3561 3039 commode

1964 3086 2084 3126 eam
2113 3071 2386 3136 laudabit,
2419 3070 2485 3125 ad
2520 3085 2621 3127 nos
2653 3071 2784 3125 inde
2827 3073 3053 3141 prmmia
3085 3073 3307 3129 referet.
3344 3072 3559 3140 Quibus

1970 3167 2061 3221 illa
2090 3175 2147 3221 ut
2175 3165 2400 3222 maximi
2443 3165 2606 3237 pretii
2659 3165 2862 3220 donum
2904 3166 3157 3236 eligitur,
3192 3167 3468 3222 ambitiosi
3500 3167 3557 3221 in

1969 3272 2090 3314 eam
2143 3258 2328 3314 cultus
2375 3259 2554 3314 nostri
2592 3259 2745 3312 lucra
2789 3273 3214 3329 consequemur.
3265 3257 3560 3315 Enimvero

1967 3351 2191 3406 ubinam
2229 3366 2464 3423 quorum
2497 3351 2703 3406 donum
2748 3349 2850 3404 hcc
2879 3351 3341 3422 pretiosissimum
3373 3352 3559 3407 inven-

1965 3448 2083 3497 tum
2113 3440 2248 3497 est?
2280 3439 2516 3497 Ubinam
2549 3456 2680 3498 vero
2706 3456 2941 3513 quorum
2976 3457 3174 3514 magna
3214 3443 3330 3498 hate
3370 3445 3555 3500 excel-

1964 3535 2180 3591 lentia?
2210 3536 2477 3592 Praaclare
2511 3552 2752 3608 namque
2783 3537 3061 3600 habuerit,
3095 3545 3153 3592 ut
3193 3539 3428 3608 primum
3457 3554 3554 3595 eos

1962 3629 2215 3697 allocuti,
2244 3631 2326 3686 sic
2351 3631 2477 3685 filiae
2507 3631 2866 3687 collaatemur.
2901 3634 3043 3700 Quin
3075 3641 3128 3689 et
3151 3635 3222 3689 ab
3256 3634 3336 3690 eis
3367 3649 3550 3706 opera:

1961 3725 2200 3796 pretium
2232 3725 2415 3796 gaudii
2445 3741 2670 3782 causam
2705 3726 3018 3782 ediscamus

2033 3819 2192 3890 Agite
2211 3835 2362 3891 ergo,
2403 3821 2725 3891 quicunque
2753 3818 2974 3875 tandem
3010 3820 3241 3890 hujusce
3273 3821 3551 3891 pra-clarae

1960 3916 2130 3987 prolis
2153 3924 2406 3986 parentes
2429 3915 2704 3985 estis,ejus
2728 3930 2829 3968 nos
2859 3911 3055 3969 laetitia:
3075 3930 3138 3970 ac
3161 3915 3396 3980 choreze,
3426 3929 3547 3985 qua:

1959 4009 2015 4065 in
2067 4010 2178 4065 filia
2237 4010 2438 4081 agitur,
2471 4008 2652 4064 socios
2700 4008 2982 4063 adhibere.
3010 4007 3154 4074 Quid
3203 4008 3393 4064 vero?
3441 4007 3549 4063 Pro

1960 4104 2106 4161 felici
2160 4115 2319 4176 partu
2353 4103 2562 4174 gratias
2587 4102 2826 4157 habituri
2853 4101 3078 4173 pergitis
3102 4120 3117 4170 ;
3139 4117 3258 4172 qum
3280 4101 3546 4159 nimirum

1959 4214 2079 4255 mos
2140 4199 2305 4254 habet
2365 4197 2666 4267 praestituri
2714 4237 2730 4261 ,
2793 4196 3081 4268 sacrisque
3137 4196 3545 4253 initiationibus

1959 4303 2219 4365 tanquam
2265 4291 2565 4364 signaculis
2605 4292 2770 4346 tiliam
2824 4291 3217 4362 obsignaturi;
3269 4300 3328 4346 ut
3381 4293 3542 4362 cujus

1958 4403 2178 4460 germen
2216 4387 2472 4458 precibus
2510 4385 2855 4451 excoluistis,
2889 4401 3009 4442 eam
3043 4387 3297 4457 precibus
3331 4403 3540 4460 angen-

259 4464 499 4525 ἐκείναις
557 4462 1084 4530 καταπιστεύοντες’
1129 4464 1263 4537 ἧδι⁹
1298 4461 1372 4521 ὧν
1425 4469 1577 4523 αὐτοὶ
1608 4471 1668 4525 τὸ
1720 4471 1860 4530 εἶναι

1965 4481 2089 4538 dam
2120 4496 2184 4535 ac
2209 4479 2698 4536 consummandam
2720 4478 2962 4536 credatis
2993 4498 3006 4534 :
3041 4487 3133 4534 ant
3166 4468 3362 4550 quibus
3387 4497 3539 4536 rom-

258 4556 495 4626 πατέρες
518 4555 840 4628 ἐκτήσασθε,
875 4558 964 4611 τὸν
987 4557 1254 4613 δεδωκότα
1291 4561 1365 4624 ὡς
1395 4561 1617 4617 δυνατὸν
1655 4568 1859 4638 ἀμυνό-

260 4667 433 4720 μενοι,
483 4649 562 4720 τῷ
593 4649 804 4703 ἐκείνου
837 4649 972 4723 οἴκῳ
1014 4650 1124 4706 τῶν
1165 4655 1299 4721 παρ’
1352 4656 1481 4726 ὑμῖν
1529 4659 1732 4728 τιμίων
1776 4665 1857 4729 είς

256 4746 494 4817 κτῆσινει
525 4745 834 4816 προσάγετε
853 4763 867 4777 ·
909 4747 941 4816 ἢ
977 4748 1370 4822 μεγαλοψύχως
1399 4752 1492 4806 τὸν
1529 4748 1724 4830 εὐγενῆ
1755 4762 1847 4816 τό-

256 4855 351 4891 κον
377 4837 696 4908 ἁφιεροῦτε,
726 4839 846 4891 ὅλον
866 4840 1019 4909 ὑμῶν
1049 4841 1128 4914 τῷ
1158 4845 1469 4916 καρποδότῃ
1499 4849 1850 4921 χαριζόμενοι

259 4931 314 4984 τὺ
341 4931 634 5002 γεώργιον.
690 4932 860 4987 Τοῦτο
888 4931 944 4987 δὲ
989 4934 1096 5006 ἄρα
1141 4937 1324 4992 δίδωσι
1354 4946 1636 4996 κατανοεῖν
1671 4947 1702 5014 ἡ
1738 4947 1844 5001 τῶν

220 5024 541 5112 λπαθὸντων
580 5027 918 5098 προαίρεσις.
953 5029 1136 5084 Ἐοικε
1180 5030 1237 5085 δὲ
1275 5028 1368 5086 οὖν
1409 5036 1618 5105 μεγάλα
1657 5039 1778 5092 τινὰ
1809 5042 1844 5112 ἡ

234 5116 577 5188 ’προσένεξις
620 5123 1139 5192 πραγματεύεσθαιο
1179 5126 1273 5180 καὶ
1306 5126 1407 5198 τὴν
1447 5131 1842 5205 περιεσομένην

257 5211 320 5263 ἐκ
364 5211 570 5283 ταύτης
631 5214 965 5287 φαιδρότητα
1025 5217 1096 5271 τὰ
1164 5217 1258 5273 νῦν
1320 5221 1513 5291 μηνύει
1559 5224 1840 5296 γινόμενα.

268 5304 428 5360 Ἀλλὰ
455 5306 564 5378 γὰρ
598 5307 858 5380 Ἰωακεὶμ
887 5310 980 5366 καὶ
1011 5311 1198 5379 Ἀννα,
1243 5313 1346 5366 ποῦ
1391 5313 1489 5387 τὴν
1519 5316 1844 5391 θαυμαστὴν

260 5398 550 5469 ιύκληρίαν
602 5401 767 5473 μέχρι
814 5402 906 5457 τοῦ
961 5403 1057 5456 νῦν
1097 5405 1540 5479 κατεκρύπτετε;
1590 5412 1698 5465 Ποῦ
1741 5412 1842 5484 τήν

261 5488 401 5545 θείαν
454 5493 620 5548 ὠδῖνα
675 5495 991 5568 ἐπισχόντες
1037 5497 1386 5567 ἐλανθάνετες
1441 5503 1562 5569 Πῶς
1597 5504 1642 5559 δ’
1669 5505 1842 5571 οὕτως

261 5587 593 5661 σκυθρωπῶν
631 5591 699 5644 ἐκ
757 5591 970 5648 κόλπων
1012 5595 1044 5666 ἡ
1084 5594 1363 5669 ἀμύθητος
1411 5597 1715 5672 φαιδρότης
1753 5599 1841 5668 ἐξ·

1957 4571 2196 4644 parastis
2219 4581 2278 4626 ut
2303 4580 2556 4643 parentes
2585 4572 2803 4639 essetis,
2828 4572 2897 4628 iis
2925 4588 3023 4643 pro
3051 4573 3193 4628 virili
3213 4574 3536 4630 beneficium

1954 4666 2156 4734 datori,
2180 4674 2500 4737 pensantes,
2531 4669 2652 4737 ejus
2681 4668 2863 4724 domui
2897 4668 3133 4738 pretiosa
3171 4679 3373 4730 vestra.
3407 4672 3535 4740 qui-

1951 4762 2054 4818 bus
2095 4761 2415 4817 exsolvatur
2469 4761 2738 4828 debitum,
2795 4760 3051 4818 offertis:
3113 4765 3197 4818 vel
3246 4764 3537 4835 magnifico

1949 4859 2173 4921 pectore
2212 4852 2506 4923 ingenuam
2539 4853 2872 4909 consecratis
2916 4855 3149 4924 prolem,
3186 4865 3354 4910 totum
3386 4857 3535 4926 quod

1955 4953 2137 5002 vestro
2161 4960 2292 5017 agro
2333 4945 2610 5002 succrevit
2654 4945 2892 5019 frugum,
2933 4949 3150 5020 frugum
3187 4949 3363 5005 datori
3396 4966 3537 5020 prte-

1955 5038 2164 5095 bentes.
2211 5037 2324 5094 lloc
2355 5039 2640 5095 enimvero
2685 5040 3096 5112 intelligendum
3145 5047 3407 5115 suggerit,
3442 5061 3533 5102 eo-

1953 5150 2072 5190 rum
2095 5134 2350 5190 voluntas
2374 5135 2466 5206 qui
2495 5133 2576 5190 sic
2600 5134 2784 5191 allecti
2816 5135 3060 5193 fuerunt.
3091 5137 3263 5193 i‘orro
3303 5139 3418 5196 visa
3448 5151 3534 5197 est

1951 5244 2146 5300 magna
2197 5229 2446 5299 quedam
2505 5229 2775 5302 negotiari
2833 5245 2898 5286 ac
2958 5242 3219 5303 pra-stare
3276 5233 3524 5303 oblatio;

1946 5321 2298 5392 futuramque
2344 5335 2410 5375 ex
2463 5321 2553 5375 illa
2609 5321 2874 5389 laetitiam,
2908 5340 3031 5394 quae
3061 5341 3206 5380 nunc
3239 5335 3530 5396 geruntur,

1945 5415 2276 5488 significant.
2300 5412 2502 5469 Verum
2541 5432 2637 5470 vos
2663 5414 2912 5471 Joachim
2959 5426 3014 5475 et
3051 5419 3228 5480 Atina.
3266 5422 3356 5475 ubi
3391 5422 3524 5478 hac-

1943 5518 2104 5564 tenus
2175 5509 2479 5565 mirabilcm
2550 5511 2862 5566 felicitatem
2925 5513 3298 5573 abscondistis
3346 5515 3368 5571 ?
3420 5513 3522 5573 Ubi

1942 5600 2188 5658 divinum
2214 5602 2556 5666 continentes
2596 5613 2814 5677 partum
2841 5605 3136 5666 dciituistis
3161 5607 3315 5677 ?Qua
3340 5619 3522 5667 autem

1564 5775 1799 5837 γΑιιιΑι
1831 5777 2248 5840 LECTIONES.

311 5871 339 5904 ⁸
359 5858 486 5936 ιε’εῆ
520 5861 765 5920 ἔκτισιν.
