4098 6292
306 356 365 422 17
1057 362 1342 426 ORATIO
1381 365 1668 445 IL—IIN
1705 366 1771 427 B.
1809 367 2076 432 MARL‘E
2114 370 2845 435 PR/ESENTATIONEM.
3533 374 3598 442 18

305 467 541 541 θρώπων
575 469 760 542 φύσις,
793 469 862 524 ἶν’
891 469 1114 543 ἔχοιμεν
1133 472 1253 544 Θεῷ
1280 473 1598 546 βουληθέντι
1629 474 1816 530 λαϐεῖν
1839 475 1899 541 te

2024 485 2151 533 aute
2197 480 2378 550 excipi
2437 480 2748 545 videantur,
2798 480 3164 552 habeantque,
3223 497 3365 555 quos
3411 499 3599 542 amore

306 565 479 637 ἡμῶν,
511 565 590 638 μὴ
619 566 840 638 ἀπόρως
875 569 1017 638 πρὸς
1043 566 1279 639 δωρεάν.

2022 581 2443 640 prosequuntur,
2481 586 2591 641 quo
2620 572 2950 644 glorientur,
2983 583 3246 645 tanquam
3288 576 3494 648 aliquid
3530 592 3598 633 ex

306 663 545 734 propriis
586 663 862 718 dederint.
905 662 1189 734 Ejusmodi
1256 663 1465 736 aliquid
1531 665 1762 720 molitur
1832 664 2112 734 benignus
2171 665 2266 721 ille
2325 680 2391 722 ac
2442 669 2710 735 clemens,
2790 667 3120 738 videturque
3168 668 3405 737 puellam
3463 669 3600 726 dare

306 755 552 813 Joachim
585 771 651 813 ac
693 759 909 826 Annae;
955 765 1013 814 at
1040 759 1243 831 accipit
1278 775 1449 833 genus
1479 759 1661 831 ipsum
1699 761 2030 825 humanum,
2058 771 2117 815 ut
2183 775 2295 817 non
2321 761 2488 829 desit,
2523 761 2671 832 quod
2733 760 2848 818 Deo
2896 760 3105 818 volenti
3151 777 3186 818 a
3232 761 3398 820 nobis
3455 764 3602 821 acci-

307 867 456 923 pere,
499 851 698 907 demus
727 867 953 910 munus.

392 945 534 1000 Ἀλλ’
569 945 616 999 ὣ
641 946 740 1018 τήν
775 945 1038 1002 πλουσίαν
1065 946 1272 1020 ταύτην
1299 947 1512 1022 δωρεὰν
1541 948 1772 1022 διαπορθ
1783 946 1908 1018 μεύ-

2078 943 2172 1009 At,
2213 957 2247 998 ο
2281 957 2411 1007 vos,
2460 941 2558 1014 qui
2585 956 2793 998 munus
2844 940 2952 998 hoc
2999 935 3496 1014 locupletissimum
3532 941 3603 998 ad

308 1057 506 1105 σαντες
553 1039 690 1111 πρὸς
727 1041 901 1110 ἡμᾶς,
946 1041 996 1095 οί
1031 1040 1112 1113 τῷ
1161 1039 1396 1110 πρώτως
1448 1043 1542 1096 καὶ
1585 1043 1770 1095 λαϐεῖν
1810 1041 1908 1096 καὶ

2022 1052 2108 1094 tos
2137 1037 2463 1100 devexistis,
2505 1036 2597 1107 qui
2631 1044 2689 1091 et
2721 1050 2786 1091 ea
2810 1033 3015 1107 gratia,
3041 1047 3211 1114 quam
3249 1034 3413 1106 primi
3444 1051 3606 1093 acce-

308 1129 496 1186 δοῦναι
517 1131 737 1186 πάντων
755 1129 1126 1203 εὐπορώτεροι
1147 1130 1507 1203 γεγενημένοι
1525 1136 1537 1185 ε
1561 1134 1622 1185 Ὢ
1643 1132 1907 1203 ταμιείων

2022 1131 2171 1188 )istis
2248 1130 2630 1201 dedistisque,
2685 1128 2965 1186 universis
3018 1129 3416 1202 locupletiores
3465 1129 3604 1185 facti

309 1222 510 1278 όλϐίων
557 1223 620 1290 ἐξ
669 1217 748 1280 ὧν
791 1224 1197 1298 προελήλυθενι
1231 1227 1299 1280 Ὢ
1343 1229 1635 1298 μακαρίων
1661 1226 1903 1283 ώδίνωνί

2022 1223 2184 1280 istis!
2228 1222 2274 1278 Ο
2312 1223 2532 1278 beatum
2583 1222 2868 1289 aerarium,
2911 1236 2976 1279 ex
3018 1238 3134 1296 quo
3175 1222 3311 1280 illud
3345 1223 3551 1296 prodiit
3584 1223 3603 1280 ι

312 1317 376 1370 Ὠ
405 1317 624 1390 λοχείας
653 1317 934 1390 ὐψιτόκου,
971 1321 1154 1374 πᾶσαν
1191 1318 1667 1392 ἀποκρυψαμένης
1707 1321 1907 1374 εὐπαι-

2022 1314 2057 1372 D
2108 1316 2326 1371 beatum
2389 1315 2654 1386 partum!
2711 1313 2757 1371 0
2802 1313 3018 1370 tardam
3076 1314 3226 1372 fetus
3281 1316 3604 1383 editionem,

309 1413 464 1468 δίανῐ
521 1413 588 1467 Ὢ
635 1414 846 1482 παιδὸς,
900 1417 937 1487 ή
984 1414 1084 1485 τὴν
1137 1414 1352 1486 μητέρα
1394 1415 1497 1486 τῆς
1549 1413 1908 1486 πολυχρονίου

2022 1407 2329 1462 universam
2360 1404 2551 1475 amplae
2581 1404 2877 1475 probatque
2908 1403 3120 1460 sobolis
3147 1404 3384 1477 gloriam
3411 1405 3609 1461 obscu-

309 1505 538 1577 όφειλῆς
585 1507 886 1572 ἀπολύσει,
938 1509 1037 1564 καὶ
1084 1506 1180 1562 τοῦ
1221 1505 1426 1578 γονέως
1471 1508 1572 1578 τὴν
1627 1507 1910 1579 γύμνωσιν

2022 1508 2224 1556 rautem
2259 1500 2274 1552 ί
2309 1498 2355 1554 Ο
2392 1498 2654 1569 puellam,
2684 1513 2808 1568 qua:
2841 1505 3078 1554 matrem
3106 1498 3279 1553 veteri
3306 1497 3400 1554 illo
3418 1497 3609 1556 debito

311 1598 657 1671 περιστελεῇ
710 1601 770 1654 ἐν
800 1599 881 1673 τῷ
903 1599 1172 1665 δανείζειν
1197 1602 1298 1673 τῆς
1341 1602 1546 1674 σαρκὸς
1577 1603 1670 1656 τὸν
1701 1585 1912 1672 χιτῶνα

2022 1594 2290 1657 absolvet,
2357 1595 2715 1663 parentisque
2769 1592 2991 1662 obteget
3062 1591 3372 1648 nuditatem
3423 1608 3444 1662 ;
3496 1608 3606 1665 qua

311 1692 391 1764 τῷ
426 1693 825 1764 πλαστουργῷο
873 1689 943 1766 ἦς
971 1696 1031 1750 ἐν
1059 1685 1468 1767 τῷλαμϐάνειν
1502 1695 1665 1767 πῆξιν
1699 1694 1777 1767 τῷ
1805 1695 1912 1764 νέῳ

2022 1689 2191 1743 lictori
2232 1688 2424 1742 carnis
2458 1685 2705 1741 tunicam
2748 1682 3172 1741 commodatura
3201 1694 3288 1742 est
3325 1702 3342 1753 ;
3387 1700 3450 1742 ex
3499 1701 3609 1758 qua

328 1786 502 1858 Ἀδὰμ
518 1786 549 1840 ὁ
572 1785 824 1852 παλαιὸς,
850 1764 915 1842 τό
942 1790 1008 1842 ἐκ
1033 1764 1136 1861 τῆς
1162 1764 1402 1862 πλευρᾶς
1425 1764 1690 1846 ἀπολάϐοι
1713 1764 1905 1860 χρέοςε

2022 1782 2148 1837 dum
2178 1795 2356 1835 novus
2389 1779 2564 1834 Adam
2591 1786 2941 1850 compactum
2979 1779 3217 1852 accipiet
3249 1768 3475 1851 corpus,
3507 1796 3610 1841 an:

318 1879 383 1931 Ὠ
421 1879 622 1951 κόρης,
667 1874 736 1954 ἧς
780 1881 810 1934 ό
861 1881 1119 1954 ὑπεράνω
1161 1881 1275 1937 τῶν
1321 1882 1570 1954 οὐρανῶν
1610 1883 1910 1952 ὀφθήσεται

2022 1873 2206 1943 liquus
2257 1873 2348 1927 ille
2425 1884 2593 1928 costze
2644 1870 2890 1927 debitum
2946 1872 3200 1942 recipiet.
3256 1870 3301 1928 Ο
3345 1872 3609 1942 puellam,

315 1973 592 2042 ὲραστήςί
653 1974 716 2028 Ὢ
760 1974 828 2029 δι’
871 1969 940 2048 ἦς
975 1974 1231 2046 ὁμιλήσει
1260 1975 1393 2041 Θεὸς
1421 1975 1582 2042 φύσει
1613 1979 1679 2048 τῇ
1711 1974 1906 2048 χοῖκῇί

316 2065 380 2119 Ὦ
407 2065 479 2120 δι’
509 2060 577 2139 ἧς
603 2069 740 2138 ἡμῖν
769 2069 1259 2142 περιποιηθήσεται
1287 2069 1346 2123 τὸ
1372 2070 1612 2140 ἀξίωμα,
1643 2070 1783 2141 ὅπερ
1809 2069 1913 2124 οὐκ

315 2159 374 2212 ὲν
430 2159 612 2231 καιρῷ
660 2161 962 2231 λαμϐάνειν
1003 2161 1389 2232 βουληθέντες,
1441 2161 1552 2216 τῶν
1597 2161 1912 2234 προσόντων

314 2250 741 2324 ἑζημιώθημενί
790 2252 933 2308 ’Δλλ’
962 2254 1206 2326 ἐπίωμεν
1233 2255 1313 2326 τῷ
1347 2255 1564 2328 παλαιῷ
1595 2258 1691 2311 καὶ
1719 2255 1912 2328 ἀψύχῳ

315 2343 450 2415 ναῷ,
483 2346 578 2400 τὸν
605 2346 725 2400 νέον
761 2348 858 2402 καὶ
884 2345 1130 2419 ἔμψυχον
1172 2345 1608 2418 καθιερώσοντες
1636 2347 1716 2420 τῷ
1747 2348 1910 2420 ίερῷ’

315 2440 726 2506 κατοικίζοντες
748 2442 940 2512 χωρίῳ
963 2441 1025 2496 τὸ
1048 2441 1269 2515 χωρίον,
1298 2444 1358 2497 ἓν
1387 2435 1434 2513 ᾧ
1460 2445 1780 2515 κατοικήσει
1799 2443 1912 2500 πᾶν

313 2533 375 2586 τὸ
406 2533 686 2605 πλήρωμα
718 2535 821 2603 τῆς
850 2534 1103 2605 θεότητος
1122 2551 1140 2569 ο
1189 2535 1268 2608 τῷ
1304 2535 1448 2607 ἁγίῳ
1502 2533 1822 2608 σκηνώματι
1849 2535 1914 2590 τὸ

319 2625 588 2697 σκήνωμα
624 2625 730 2697 τῆς
774 2627 934 2698 δόξης
983 2627 1380 2693 συνάπτοντες*
1431 2628 1525 2684 τὸν
1575 2627 1764 2700 θρόνον
1812 2626 1912 2685 τοῦ

319 2718 592 2790 βασιλέως
643 2722 756 2784 τοῖς
789 2721 1115 2794 ἀνακτόροις
1146 2719 1520 2786 ἀποτιθέντες.
1551 2723 1916 2795 Συναπίωμεν

320 2813 438 2874 ταῖς
472 2811 791 2883 παρθένοις,
829 2813 930 2884 τὴν
969 2813 1335 2883 ἀειπάρθενον
1368 2814 1506 2888 πρὸς
1538 2812 1638 2887 τὴν
1664 2813 1912 2870 παστάδα

319 2903 697 2974 πεμπούσαις.
724 2906 802 2976 Τῇ
831 2910 984 2980 κοινῇ
1007 2906 1100 2961 τοῦ
1123 2907 1313 2976 γένους
1343 2909 1503 2979 τιμῇ,
1534 2908 1690 2978 κοινῆ
1721 2908 1917 2979 συστή-

322 3011 506 3064 σωμεν
530 2998 630 3068 τὴν
663 2998 831 3069 τιμήν
853 3015 868 3030 ο
915 3000 984 3070 τῇ
1020 3002 1178 3069 κοινῇ
1209 2999 1304 3056 τοῦ
1358 3001 1552 3068 γένους
1594 2999 1911 3070 ἀγαλλιάσει

321 3084 475 3193 κοινῆ
501 3084 605 3155 τὴν
628 3087 850 3191 χορείαν
875 3086 1058 3193 κροτῶ
1068 3105 1168 3160 μεν
1185 3102 1200 3119 ο
1235 3088 1393 3163 κοινῆ
1417 3089 1519 3161 τῆς
1542 3090 1703 3164 ήμῶν
1734 3108 1912 3164 σωτη-
1936 3133 1983 3193 c

325 3175 445 3249 ρίας
475 3177 905 3251 προσκιρτῶμεν
933 3179 1034 3252 τῆς
1062 3180 1323 3240 κιϐωτοῦ.

391 3458 532 3527 ’Δγε
552 3456 617 3530 δή
643 3475 756 3529 μοι,
776 3458 960 3526 Δαϐὶδ,
988 3458 1099 3514 τῶν
1129 3459 1236 3513 σῶν
1270 3460 1663 3532 σκιρτημάτων
1692 3465 1916 3534 χρῆσον.

322 3551 394 3605 Σὺ
413 3551 525 3626 γάρ
548 3551 617 3605 ἂν
646 3551 868 3623 ἄριστος
893 3553 1012 3624 εῐης
1036 3553 1381 3625 χοραστάτης
1400 3569 1416 3584 ο
1451 3554 1687 3626 μάλιστα
1717 3557 1815 3626 μὲν
1841 3555 1919 3626 τῷ

322 3644 381 3712 ἐξ
407 3644 645 3717 αἵματος
671 3641 813 3714 εἶναι
840 3644 938 3717 τὴν
965 3645 1288 3718 τιμωμένην
1312 3662 1330 3678 ’
1381 3646 1552 3701 πάλαι
1589 3647 1641 3699 δ’·
1682 3647 1777 3702 οῦν
1815 3650 1921 3703 κάν

322 3738 401 3809 τῷ
428 3737 590 3811 τύπῳ
615 3738 685 3793 τὰ
714 3740 1070 3812 σκιρτήματα
1105 3739 1433 3812 μελετήσας,
1465 3741 1562 3795 καὶ
1587 3741 1837 3814 προᾲσας
1858 3742 1921 3798 τὸ

324 3827 503 3903 ᾆσμα,
554 3831 585 3886 ό
631 3834 714 3899 είς
759 3832 828 3888 τὰ
877 3832 1127 3904 παρόντα
1178 3834 1510 3890 συνετίθετο.
1559 3834 1677 3888 Νῦν
1708 3835 1817 3905 γὰρ
1853 3836 1921 3908 ἢν

322 3923 565 3988 όξυωπεῖ
607 3923 850 3986 διανοίας
899 3923 1110 3998 ὄμματι
1161 3923 1447 3996 θυγατέρα
1478 3924 1838 3996 προέδλεπες,
1881 3919 1918 4002 ᾖ

322 4017 417 4070 καὶ
436 4015 716 4090 πατρικὴν
740 4015 1276 4090 ὲδίδουςέξσήγησιν,
1295 4015 1445 4070 οἴκου
1467 4015 1727 4088 πατρῴου
1749 4017 1920 4090 λήθην

321 4107 532 4175 λαϐεῖν,
567 4109 634 4162 ὲκ
661 4108 761 4180 τῆς
791 4108 889 4179 σῆς
923 4108 1126 4180 ὀσφύος
1155 4107 1479 4181 ἐφανερώθη
1517 4109 1670 4182 ἡμῖν.
1711 4109 1828 4165 Νῦν
1855 4111 1921 4183 δὴ

321 4203 413 4257 τὸν
453 4202 768 4273 κροσσωτὸν
815 4201 1021 4274 χιτῶνα
1071 4201 1458 4275 στολισαμὲνη,
1509 4202 1590 4267 είς
1623 4203 1920 4275 ἐπιθυμίαν

321 4293 416 4350 τοῦ
447 4293 683 4360 κάλλους
713 4293 806 4348 τὸν
840 4294 1068 4365 βασιλέα
1096 4296 1192 4351 καὶ
1220 4297 1461 4369 Χριστὸν
1499 4295 1770 4352 εἰλκυσεν.
1817 4300 1920 4354 Διὰ

324 4387 482 4441 τοῦτο
529 4381 620 4441 οἷα
669 4387 913 4443 Βασιλίδι
949 4389 1224 4458 νεάνιδες,
1270 4389 1380 4462 πρὸ
1415 4389 1712 4462 προσώπου
1749 4391 1921 4464 αὐτῆς

2018 1966 2178 2037 cujus
2222 1965 2292 2029 is,
2316 1966 2409 2036 qui
2443 1973 2527 2020 est
2563 1979 2732 2034 supra
2760 1965 2957 2030 caelos,
3001 1979 3062 2020 se
3089 1973 3390 2019 amatorem
3417 1973 3610 2019 osten-

2015 2058 2108 2115 det
2137 2059 2150 2114 ι
2185 2056 2230 2112 0
2267 2073 2363 2129 per
2402 2072 2566 2127 quam
2599 2055 2767 2124 Deus,
2803 2072 2929 2111 cum
2963 2066 3162 2113 natura
3205 2057 3437 2128 pulvere
3475 2072 3612 2112 cou-

2017 2159 2222 2216 stante,
2257 2132 2718 2207 consuetudinem
2748 2148 3046 2208 habiturus
3072 2151 3199 2206 est!
3231 2149 3276 2204 0
3310 2165 3408 2221 per
3443 2164 3612 2221 quam

2018 2245 2177 2300 nobis
2202 2259 2495 2300 accessura
2529 2250 2617 2299 est
2644 2242 2912 2314 dignitas,
2940 2259 3106 2314 quam
3134 2258 3262 2300 cum
3297 2243 3612 2316 importune

2017 2348 2420 2412 captassemus,
2476 2354 2669 2396 eorum
2720 2355 2845 2411 qua:
2897 2339 3287 2412 suppetebant,
3333 2339 3610 2410 iacturam

2018 2433 2252 2490 fecimus
2298 2435 2312 2480 l
2364 2433 2567 2489 Eamus
2593 2447 2748 2498 vero,
2783 2432 2956 2488 veteri
3004 2447 3074 2488 ac
3115 2431 3352 2488 inanimi
3383 2431 3612 2502 templo,

2019 2529 2284 2600 templum
2325 2542 2530 2585 norum
2567 2542 2634 2585 ac
2678 2525 2987 2584 animatum
3030 2524 3344 2583 dedieaturi
3385 2543 3404 2594 ;
3453 2539 3613 2581 sacro

2017 2622 2164 2691 loco,
2234 2624 2417 2679 locum
2479 2621 2782 2688 inducturi,
2819 2620 2876 2677 in
2933 2634 3046 2691 quo
3107 2619 3182 2675 sit
3239 2617 3614 2674 inbabitatura

2019 2713 2311 2786 plenitudo
2339 2722 2454 2768 tota
2485 2709 2792 2768 divinitatis
2825 2727 2842 2778 ;
2887 2724 3049 2765 sacro
3076 2706 3436 2764 tabernaculo
3492 2705 3606 2776 glo-

2022 2806 2118 2863 rite
2172 2805 2591 2863 tabernaculum
2647 2802 2962 2874 adjuncturi
3004 2819 3020 2856 :
3066 2799 3235 2872 Regis
3298 2798 3502 2856 solium
3555 2796 3615 2852 in

2019 2901 2284 2975 palatium
2313 2899 2544 2955 illaturi.
2587 2896 2705 2952 Una
2745 2895 3010 2953 sociabus
3046 2893 3382 2964 virginibus,
3416 2905 3613 2964 perpe-

2018 3000 2174 3051 tuam
2223 2995 2278 3049 in
2310 2993 2614 3049 thalamum
2662 2989 3070 3046 deducentibus
3113 2985 3420 3061 Virginem,
3454 2986 3620 3041 abea-

2019 3105 2166 3146 mus.
2215 3086 2505 3144 Communi
2559 3084 2778 3157 generis
2824 3083 3048 3149 honori,
3099 3080 3381 3138 comtnuni
3427 3077 3617 3136 studio

2023 3186 2294 3243 honorem
2349 3179 2710 3234 adhibeamus
2751 3193 2766 3243 ;
2804 3173 3084 3232 communi
3134 3173 3350 3244 generis
3379 3170 3626 3227 exsulta-

2026 3277 2184 3344 tioni,
2207 3272 2488 3332 communi
2521 3271 2717 3342 plausu
2737 3270 2994 3325 choreum
3030 3266 3371 3338 celebremus
3407 3281 3422 3332 ;
3462 3278 3619 3318 cont—

2025 3365 2177 3423 muni
2237 3363 2424 3420 ltetitia
2458 3372 2661 3417 nostrae
2688 3361 2886 3416 salutis
2919 3374 3064 3414 arca:
3097 3350 3506 3429 praesultemus.

2096 3458 2211 3528 Age
2255 3468 2387 3510 vero
2416 3469 2562 3508 nunc
2609 3451 2767 3517 mihi,
2804 3451 2996 3516 David,
3029 3450 3140 3504 tuis
3180 3458 3335 3503 utere
3359 3445 3617 3501 saltibus.

2025 3543 2151 3626 ipse
2201 3564 2441 3621 namque
2491 3548 2735 3620 optimus
2782 3547 3000 3601 choreae
3048 3558 3252 3614 praeses
3297 3541 3434 3606 eris,
3469 3537 3620 3610 quod

2027 3645 2265 3703 maxime
2303 3657 2466 3715 quam
2499 3641 2710 3696 honore
2744 3638 3166 3710 prosequimur,
3189 3651 3254 3690 ex
3285 3645 3379 3690 tuo
3405 3641 3523 3690 sata
3548 3632 3622 3689 sit

2027 3759 2228 3816 genere
2259 3763 2272 3800 :
2301 3759 2366 3800 ac
2403 3757 2532 3799 cum
2585 3741 2716 3797 olim
2741 3738 2856 3811 jam
2900 3736 2986 3792 vel
3022 3737 3078 3791 in
3113 3735 3286 3808 ligura
3320 3729 3619 3785 meditatus

2028 3838 2108 3895 sis
2164 3839 2542 3900 saltationem,
2601 3848 2669 3889 ac
2720 3830 3002 3890 canticum
3060 3823 3620 3902 praecinueris,quod

2029 3938 2412 3996 argumentum
2442 3941 2683 4000 praesens
2705 3923 3059 3996 respiciebat.
3086 3920 3244 3976 Nunc
3276 3920 3421 3976 enim
3451 3933 3618 3990 quam

2030 4033 2196 4079 acuto
2229 4022 2432 4078 mentis
2483 4020 2648 4077 oculo
2693 4018 2859 4074 tiliam
2897 4013 3324 4088 praevidebas",
3357 4027 3418 4068 ac
3452 4025 3619 4082 quam

2029 4126 2254 4188 paterae
2303 4115 2564 4178 docebas,
2602 4120 2662 4166 ut
2717 4119 3000 4181 paternam
3057 4106 3474 4163 oblivisceretur
3520 4102 3624 4157 do-

2029 4222 2202 4271 mum,
2225 4221 2293 4260 cx
2325 4205 2434 4260 tuis
2465 4211 2586 4260 orta
2615 4202 2820 4257 lumbis
2847 4200 3126 4256 declarata
3153 4198 3262 4253 est.
3297 4195 3456 4250 Nunc
3480 4195 3620 4250 stola

2029 4312 2196 4352 aurea
2257 4294 2457 4352 decore
2515 4294 2739 4355 amicta,
2776 4292 2834 4347 in
2877 4291 2967 4348 sui
2994 4289 3356 4359 cupiditatem
3404 4285 3623 4342 decoris

2030 4388 2232 4461 Regem
2295 4403 2362 4443 ac
2390 4387 2678 4444 Christum
2709 4383 3002 4456 pertraxit.
3055 4381 3268 4437 Idcirco
3301 4379 3623 4434 adolescen-

328 4481 746 4553 θεραπευτικῶς
775 4481 1207 4537 λιτανεύσουσιν.
1253 4483 1426 4555 Δεῦρο
1458 4483 1523 4555 δὴ
1553 4483 1680 4538 ὁποι
1708 4485 1827 4539 ποτ’
1855 4483 1918 4539 ἂν

2030 4485 2157 4539 tutae
2199 4492 2462 4556 tanquam
2505 4481 2795 4552 Reginam.
2829 4489 2960 4534 ante
2992 4477 3116 4548 ejus
3163 4475 3375 4532 vultum
3424 4473 3625 4530 devoto

323 4567 412 4648 ᾖς,
444 4573 586 4642 πρὸς
615 4573 687 4628 τὰ
711 4572 806 4628 νῦν
838 4575 1150 4648 παραγενοῦ
1183 4573 1511 4646 τελούμενα.
1545 4575 1659 4648 Τῆς
1690 4578 1789 4650 σῆς
1813 4577 1918 4649 γὰρ

2030 4577 2303 4647 obsequio
2350 4574 2831 4644 deprecabuntur.
2875 4569 3013 4627 Veni
3061 4571 3249 4642 itaque
3289 4578 3624 4638 quocunque

323 4667 592 4723 εὐτάκτου
610 4666 832 4740 χορείας
856 4670 989 4740 ἡμῖν
1014 4668 1120 4734 δεῖ,
1141 4669 1239 4723 καὶ
1261 4667 1356 4723 τοῦ
1387 4671 1764 4745 σκιρτήματος
1782 4688 1794 4702 ·
1826 4672 1918 4727 καὶ

2027 4669 2253 4724 tandem
2279 4668 2514 4725 exsistas
2542 4667 2688 4731 loco,
2715 4675 2882 4735 atque
2909 4664 3240 4733 sacris,quze
3263 4666 3624 4732 peraguntur,

324 4759 361 4814 ἃ
389 4759 684 4833 προλαϐὼν
723 4762 946 4833 ἑπῇδες,
985 4761 1164 4817 ταῦτα
1197 4763 1294 4818 καὶ
1335 4762 1432 4818 νῦν
1464 4763 1609 4836 ᾄδων
1641 4765 1708 4820 τὰ
1735 4766 1918 4822 εἰκότα

2030 4767 2355 4833 praesentem
2393 4767 2448 4814 te
2491 4757 2714 4816 exhibe.
2746 4754 2866 4812 Tua
2925 4770 3166 4827 namque
3193 4768 3421 4825 egemus
3474 4765 3626 4806 com-

325 4852 746 4926 λειτούργησον.
786 4856 954 4927 Ὁρᾷς
975 4856 1090 4927 γὰρ
1123 4854 1222 4927 τήν
1250 4855 1348 4927 σὴν
1375 4856 1654 4928 θυγατέρα
1682 4857 1918 4913 λιτανεύ-

2029 4856 2208 4925 posita
2283 4852 2488 4908 chorea
2531 4859 2586 4906 et
2641 4849 2937 4906 saltatione
2985 4862 3005 4903 :
3057 4863 3123 4904 ac
3171 4861 3297 4918 quae
3354 4853 3626 4917 occupato

328 4945 531 5018 σμένην
553 4949 612 5000 ὲν
642 4947 982 5019 πράγμασιν,
1009 4941 1045 5024 ᾖ
1073 4950 1234 5021 μόνος
1273 4951 1337 5004 ὲν
1362 4951 1567 5024 θεωρίᾳ
1596 4951 1918 5019 ἐλιτὰνευες.

2024 4945 2307 5010 cecinisti,
2327 4960 2396 5001 ea
2424 4959 2575 5000 nunc
2604 4943 2890 5006 accinens,
2914 4954 3223 5012 congruum
3254 4937 3622 4994 ministerium

337 5037 509 5110 Ὂρᾷς
557 5039 659 5108 τήν
688 5040 748 5107 ἐξ
778 5039 981 5110 ὀσφύος
1012 5058 1107 5095 σου
1137 5041 1372 5098 κιϐωτὸν
1411 5043 1510 5097 τοῦ
1556 5045 1918 5114 άγιάσματος,

2025 5038 2218 5111 imple.
2265 5034 2434 5094 Vides
2479 5037 2612 5094 enin
2663 5045 2814 5091 tuam
2851 5033 3049 5099 ﬁliam,
3080 5043 3142 5088 ut
3166 5032 3349 5102 reipsa
3380 5046 3500 5086 eam
3528 5031 3624 5087 de-

331 5133 409 5194 είς
437 5131 627 5202 κοινὴν
650 5133 1021 5204 ἀνισταμένην
1049 5133 1159 5188 τῶν
1183 5137 1573 5205 πεπονηκότων
1595 5137 1918 5192 ἀνάπαυσιν.

2025 5145 2344 5210 precentur,
2375 5150 2545 5207 quam
2573 5133 2726 5189 solus
2761 5132 3000 5205 mystico
3036 5130 3323 5185 intellectu
3378 5144 3444 5183 ac
3473 5143 3625 5182 con-

341 5223 504 5296 Ὁρᾷς
534 5225 593 5278 τὸ
619 5222 907 5295 ἱερώτατον
944 5226 1372 5300 καθιερούμενον
1405 5229 1737 5302 ἱλαστήριον.
1767 5230 1918 5301 Λέγω

2028 5229 2388 5304 temptatione
2439 5227 2775 5302 deprecatus
2827 5240 2908 5282 es.
2956 5223 3122 5280 Vides
3176 5238 3241 5278 ex
3288 5220 3398 5276 tuis
3448 5230 3623 5273 ortam

337 5316 436 5388 μέν
463 5332 477 5347 ·
535 5315 744 5388 μᾶλλον
785 5317 865 5385 δὲ,
917 5319 1044 5391 λέγε
1074 5320 1271 5387 αὐτός’
1325 5321 1794 5397 παραχωροῦμεν,
1826 5324 1918 5396 οὐχ

2030 5322 2236 5382 lutnbis
2258 5336 2444 5378 arcam
2463 5317 2948 5386 sanctiﬁcationis,
2973 5317 3028 5374 in
3060 5329 3411 5374 communem
3431 5327 3626 5370 eorum

405 5448 449 5482 η
480 5447 632 5508 Psal.
665 5464 820 5519 ιιιν,
848 5449 944 5510 ιι.

1872 5542 2109 5606 ΝΟΤιΕ.

337 5637 546 5720 amicos
571 5636 854 5720 'divites,_
880 5638 1219 5720 pauperibus
1260 5637 1458 5720 amicis
1508 5636 1835 5720 retundere,
1865 5650 1928 5698 ut
2033 5657 2157 5720 quae
2181 5641 2284 5714 ipsi
2317 5658 2418 5720 nos
2440 5651 2633 5714 postea
2653 5640 3008 5720 _otl'eramus’;
3068 5655 3170 5699 nec
3211 5639 3438 5720 amicus
3471 5640 3632 5720 dives

337 5724 439 5786 qua
468 5711 548 5766 illi
576 5709 1038 5786 insumpsissent.
1074 5709 1147 5766 iis
1175 5711 1509 5786 tractandis.
1560 5712 1760 5786 verum
1805 5729 1923 5786 nte-
2036 5709 2219 5786 factas
2242 5715 2404 5770 amici
2438 5709 2699 5786 pauperis
2730 5709 3006 5786 expensas
3051 5722 3378 5786 exspectare
3407 5713 3627 5786 debeat,

339 5780 442 5859 [ius
500 5781 771 5859 quadrat,
823 5779 885 5859 τὸ
934 5781 1343 5859 προκαταϐολή.
1401 5781 1519 5859 Non
1547 5782 1698 5859 enim
1737 5799 1837 5840 nos
1860 5784 1918 5859 in

2030 5784 2127 5859 sed
2158 5779 2478 5859 occupate:
2524 5779 2704 5858 eoque
2765 5779 2973 5841 iticlino
3034 5792 3093 5841 ut
3124 5779 3197 5842 sit
3234 5782 3625 5857 προκαταϐάλ-

339 5851 500 5911 Deum
521 5851 755 5928 priores
787 5852 994 5923 aliquid
1025 5851 1389 5921 contulimus,
1425 5853 1518 5916 sed
1547 5854 1662 5926 ipse
1687 5856 1921 5912 contulit
2030 5856 2203 5913 λουσι.
