4098 6292
502 344 572 415 19
1738 354 2022 419 LEONIS
2060 353 2529 420 PHILOSOPIII
3712 364 3790 432 eo

495 459 593 529 qui
662 456 851 517 laboro
898 472 1224 532 premuntur
1254 502 1271 529 ,

496 548 665 610 Vides
697 558 1138 612 sacratissimum
1173 558 1346 614 dicari
1398 560 1868 630 propitiatorium.
1919 560 2089 633 Equi-

1351 473 1739 535 exsurgcntem
1807 467 2077 538 requiem.

2187 467 2263 534 ὡς
2297 468 2512 541 βασιλεῖ
2541 484 2557 499 ο
2612 468 2800 525 τούτου
2831 469 2942 542 γὰρ
2970 471 3190 542 μέτεστι
3220 471 3317 528 καὶ
3349 473 3514 546 ἡμῖν’
3561 471 3682 530 ἀλλ’
3708 478 3791 545 ὡς

2197 564 2369 637 πατρὶ
2399 565 2496 635 τῆς
2529 563 2739 629 παιδός.

493 648 619 704 dem
654 647 783 704 dico
814 665 830 715 ;
867 651 1054 721 potius
1084 662 1270 707 autem
1309 652 1465 709 dicas
1490 655 1626 725 ipse.
1659 654 1947 723 Cedimus,
1979 672 2088 714 non
2133 665 2395 730 tanquam
2455 658 2568 731 regi
2606 675 2621 725 ;
2664 657 2873 731 quippe
2902 659 3064 732 cujus
3111 676 3213 718 nec
3273 662 3379 737 ipsi
3448 663 3790 723 excellentia

491 753 744 798 exsortes
771 743 948 799 simus
981 761 997 799 :
1045 743 1141 800 sed
1179 753 1440 815 tanquam
1474 746 1617 818 patri
1654 748 1872 819 puella.

563 841 730 904 Audi,
759 841 899 911 ﬁlia,
928 847 979 894 et
1010 839 1211 894 inclina
1233 856 1418 895 aurem
1448 850 1615 897 tuam.
1637 841 1766 897 Sola
1800 842 1868 897 ab
1883 850 2091 897 teterno

490 936 664 991 electa
688 952 749 993 es
803 936 858 990 in
890 949 1154 1006 sponsam
1182 933 1452 991 Altissimi
1479 954 1492 989 :
1517 935 1633 990 sola
1673 936 1814 1005 ejus,
1842 935 1936 1005 qui
1965 937 2089 989 uni—

492 1044 651 1087 tersa
687 1031 869 1100 implet
893 1072 909 1096 ,
928 1031 1109 1091 locus
1136 1042 1312 1099 capax
1338 1030 1583 1085 exsistis.
1624 1029 1788 1097 Audi,
1811 1029 1952 1101 ﬁlia.
1986 1029 2089 1084 Pa-

2266 842 2585 907 ¹Ἄκουσον,
2627 841 2917 911 θύγατερ,
2968 842 3068 897 καὶ
3112 843 3330 899 κλῖνον
3375 844 3445 901 τὸ
3490 841 3602 915 οὖς
3642 863 3787 908 aov-

2198 935 2354 1005 Μόνη
2408 933 2469 1000 ἐξ
2518 934 2717 999 αίῶνος
2765 935 2851 1001 είς
2890 934 3112 1009 νύμφην
3140 936 3429 1010 ἑξελέχθης
3485 929 3787 1014 Ὑψίστουο

2195 1032 2332 1103 μόνη
2363 1030 2460 1087 τοῦ
2488 1031 2828 1105 πληροῦντος
2855 1032 2925 1088 τὰ
2956 1034 3137 1089 πάντα
3164 1038 3528 1108 χρηματίζεις
3561 1040 3794 1113 χωρίον.

500 1132 716 1180 lernam
793 1123 1122 1179 obliviscere
1176 1122 1400 1177 domum
1455 1131 1511 1179 et
1560 1124 1881 1195 pupulum:
1936 1123 2133 1197 fuisti‘

494 1231 735 1286 namque
762 1216 817 1271 in
854 1226 1085 1271 matrem
1118 1216 1188 1271 ab
1216 1230 1283 1271 eo
1325 1225 1636 1286 assumpta,
1665 1217 1760 1288 qui
1800 1217 1957 1275 sedet
1986 1233 2089 1274 su-

491 1327 592 1382 per
631 1310 951 1366 Cheruhim.
1002 1309 1152 1366 Vade
1200 1310 1254 1365 in
1311 1311 1577 1382 templum
1612 1322 1865 1368 sanctum
1893 1354 1909 1380 ,
1958 1327 2084 1384 qua:

2187 1309 2431 1382 ελήφοης
2462 1310 2986 1381 καθημένῳ,’ᾼπιθι
3019 1312 3101 1376 είς
3126 1313 3255 1367 ναὸν
3281 1313 3461 1384 ἅγιον.
3486 1314 3612 1378 ναὸς
3643 1316 3785 1370 Θεοῦ

495 1402 590 1459 Dei
630 1402 891 1473 templum
921 1402 1179 1459 exsistas.
1210 1405 1373 1471 Audi,
1406 1406 1546 1474 ﬁlia,
1577 1419 1625 1461 et
1655 1406 1961 1465 obliviscere
1978 1423 2080 1478 po-

2187 1402 2620 1478 χρηματίζουσα.
2665 1404 2983 1473 Ἄκουσον,
3009 1406 3299 1476 θύγατερ,
3339 1407 3441 1461 καὶ
3488 1406 3786 1465 ἐπιλάθου

432 1529 435 1533 -
490 1498 678 1568 pulum
711 1507 901 1562 tuum;
929 1495 1350 1554 innumerabilis
1377 1500 1523 1554 enim
1553 1502 1847 1556 multitudo
1868 1518 2084 1572 eorum,

2187 1498 2289 1551 τοῦ
2330 1496 2488 1553 λαοῦ
2534 1512 2657 1553 σου
2680 1512 2698 1530 ⁸
2739 1496 2983 1570 πλήθους
3013 1498 3125 1569 γὰρ
3154 1498 3532 1571 ἀναριθμήτου
3575 1498 3685 1555 τῶν
3722 1502 3784 1556 ὲν

490 1592 586 1662 qui
610 1591 664 1646 in
694 1592 858 1652 caelo,
886 1604 951 1643 ac
973 1592 1067 1661 qui
1099 1598 1230 1646 sunt
1262 1592 1316 1646 in
1347 1599 1518 1659 terra,
1545 1592 1830 1649 Dominam
1859 1603 1912 1652 te
1932 1596 2073 1652 obti-

2187 1588 2399 1663 οὐρανῷ
2443 1590 2540 1645 καὶ
2571 1592 2643 1662 γῇ
2664 1629 2680 1655 ,
2718 1590 2817 1663 τὴν
2868 1591 3201 1645 Δεσποτείαν
3251 1591 3472 1667 season
3516 1592 3782 1665 λαχοῦσα.

494 1684 727 1738 uehunt.
750 1681 940 1739 Multa:
965 1683 1096 1752 ﬁlia:
1117 1684 1353 1753 fecerunt
1374 1686 1625 1741 virtutem
1646 1686 1726 1754 l‘;
1750 1689 1936 1744 multa:
1964 1688 2088 1744 illia

2187 1683 2418 1741 Πολλοί
2453 1683 2776 1754 θυγατέρες
2799 1683 3104 1753 ἐποίησαν
3132 1683 3396 1756 δύναμιν
3416 1700 3432 1721 ο
3471 1685 3671 1741 πολλαὶ
3692 1686 3786 1743 δό-

491 1778 720 1848 gloriam
741 1776 951 1849 adeptae
965 1787 1118 1844 sunt,
1138 1780 1323 1834 multae
1335 1795 1455 1834 com
1464 1795 1527 1850 pa
1536 1795 1594 1835 ra
1603 1792 1798 1836 verunt
1816 1782 2081 1838 honesta-

2187 1778 2284 1846 ξαν
2341 1776 2765 1849 ὲκληρώσαντον
2828 1776 3024 1833 πολλαὶ
3088 1777 3400 1851 σεμνότητα
3458 1778 3753 1852 περιεποιή

492 1876 601 1923 tem
627 1886 641 1935 ;
686 1884 864 1923 verum
897 1869 1095 1924 emines
1133 1870 1415 1936 universis,
1444 1886 1622 1925 verum
1653 1886 1997 1943 supergressa
2026 1889 2083 1930 ea

2191 1886 2355 1925 σαντο
2377 1910 2393 1935 ,
2427 1869 2565 1925 ἀλλ’
2595 1868 2948 1939 ὺπέρκεισαι
2977 1869 3223 1939 πασῶν,
3256 1868 3399 1926 ἀλλ’
3438 1871 3785 1941 tiaram/pet;-

494 1958 675 2029 gloria
721 1975 786 2016 ac
811 1960 1119 2031 majestate,
1148 1978 1340 2017 verum
1371 1963 1659 2020 honestate
1690 1966 1904 2019 cunctis
1932 1982 2082 2038 pra:-

2187 1961 2317 2037 δόξῃ
2351 1962 2447 2017 καὶ
2490 1961 2897 2033 μεγαλειότητι,
2921 1961 3061 2018 ἀλλὰ
3093 1963 3286 2017 πασῶν
3308 1964 3607 2036 ὑπερήκεις
3641 1981 3782 2037 σεμ-

2193 1128 2521 1192 Ἀκουσον,
2554 1126 2838 1195 θύγατερ
2866 1126 3016 1181 οἴκου
3043 1127 3300 1200 πατρῴου
3359 1132 3452 1184 καὶ
3485 1130 3621 1186 λαοῦ
3660 1134 3791 1187 ἑπι-

2189 1217 2354 1273 λάθου
2381 1235 2393 1249 ·
2445 1219 2525 1282 είς
2555 1215 2706 1273 οἷκον
2764 1216 2878 1290 γὰρ
2904 1216 2983 1288 τῷ
3004 1219 3109 1271 ’ἐπὶ
3148 1218 3257 1274 τῶν
3302 1220 3585 1293 Χερουϐὶμ
3615 1240 3791 1295 προσο
3902 1277 3913 1289 ,

489 2052 668 2110 cellis.
693 2054 893 2119 llasce,
936 2053 1125 2122 David,
1160 2056 1283 2112 ﬁliae
1308 2066 1416 2113 tua;
1449 2074 1692 2129 pangens
1724 2060 1936 2125 laudes,
1968 2078 2087 2117 me-

489 2161 617 2203 cum
672 2148 881 2219 pariter
925 2150 1203 2210 canticum
1248 2149 1393 2206 ede:
1447 2167 1511 2207 ac
1560 2152 1700 2208 festa
1750 2152 1873 2209 luce
1919 2154 2086 2211 simul

492 2242 714 2297 iruere:
741 2242 873 2314 quin
904 2243 1196 2313 praecipua:
1246 2251 1355 2299 tuae
1392 2253 1524 2300 sunt
1552 2254 1755 2316 partes.
1786 2246 1922 2302 Nam
1953 2249 2082 2305 olim

491 2336 736 2407 quidem,
765 2352 891 2391 cum
935 2336 1049 2392 Deo
1079 2340 1343 2408 templum
1375 2341 1587 2410 erigere
1619 2340 1999 2398 desiderasses
2016 2343 2084 2408 ”,

429 2503 433 2508 ν
491 2445 603 2485 non
646 2429 747 2486 fuit
784 2445 1115 2487 concessqu
1146 2441 1203 2487 ut
1240 2432 1410 2487 animi
1449 2442 1633 2486 votum
1667 2434 1718 2487 in
1747 2433 1911 2489 linem
1958 2451 2083 2505 per-

490 2523 776 2581 duceres:
821 2538 973 2581 nunc
1019 2532 1202 2581 autem
1252 2525 1407 2582 cretis
1458 2526 1640 2596 potius
1680 2526 1780 2582 tibi
1818 2528 2085 2599 templum

491 2620 793 2675 excitatum
833 2626 958 2685 est,
1000 2620 1149 2691 quod
1199 2634 1303 2676 nec
1346 2620 1648 2689 victimas,
1698 2638 1798 2678 nec
1829 2622 2083 2681 nidorem

490 2712 811 2769 necessaria
849 2712 1069 2769 habeat.
1091 2712 1212 2768 Jam
1240 2712 1388 2769 enim
1418 2729 1611 2771 eorum
1655 2715 1906 2771 imminet
1932 2717 2095 2783 linis,

489 2807 702 2865 cmlesti
732 2804 1034 2869 Pontilice,
1065 2806 1210 2877 quod
1243 2822 1305 2861 et
1339 2812 1392 2861 te
1433 2807 1739 2877 assumpsit
1763 2848 1777 2871 ,
1820 2808 2084 2880 templum

492 2900 894 2958 sanctiﬁcante.
917 2899 1117 2957 Verum
1144 2900 1262 2956 haec
1300 2916 1404 2957 suo
1436 2911 1728 2959 recurrent
1757 2904 1912 2972 loco;
1944 2918 2090 2960 nunc

490 3010 623 3051 vero
651 2994 719 3050 iis
750 2994 1155 3059 ministremus,
1192 3009 1315 3065 quae
1340 3003 1702 3067 peraguntur.
1737 3009 1802 3051 ac
1830 3012 1956 3067 qua:
1990 2996 2089 3056 de-

490 3088 737 3160 precatio
775 3086 1038 3144 continua
1075 3087 1239 3143 habet
1262 3088 1431 3155 serie,
1463 3099 1883 3147 connectamus.

2184 2055 2391 2126 νότητι.
2424 2053 2613 2111 Ταῦτά
2645 2072 2758 2125 μοι,
2797 2054 2984 2121 Δασὶδ,
3015 2056 3115 2128 τὴν
3165 2058 3267 2131 σὴν
3310 2058 3551 2113 ὶπαινῶν
3582 2057 3783 2130 παῖδα,

2150 2200 2154 2204 Α
2188 2148 2527 2222 συνεργάζου
2554 2150 2647 2205 τον
2681 2147 2871 2222 ὕμνον,
2903 2150 3002 2204 καὶ
3026 2150 3133 2221 τῆς
3161 2151 3356 2223 ἐορτῆς
3392 2152 3737 2208 συναπόλαυε
3762 2168 3780 2183 ·

2188 2244 2394 2314 μᾶλλον
2419 2242 2501 2309 δὲ,
2532 2242 2618 2298 σοὶ
2644 2242 2738 2298 τοῦ
2771 2242 3022 2308 πλείονος
3054 2243 3301 2314 μέτεστι.
3332 2243 3512 2300 Πάλαι
3543 2245 3644 2316 μὲν
3670 2245 3783 2320 γὰρ

2186 2334 2591 2407 ἐπιθυμήσαντι
2642 2351 2724 2390 σοι
2772 2334 2902 2391 ναὸν
2942 2336 3183 2409 ἐγείρειν
3230 2336 3383 2409 Θιῷ,
3414 2338 3516 2393 οὐκ
3560 2339 3786 2408 ἐγένετο

2156 2425 2327 2499 ,πρὸς
2361 2425 2536 2497 πέρας
2579 2424 2799 2498 ἐξήκειν
2848 2426 2910 2481 τὸ
2947 2427 3278 2500 ὲπιθύμιον·
3317 2428 3415 2484 νῦν
3453 2430 3512 2485 δέ
3545 2446 3630 2485 σοι
3671 2430 3787 2486 τῶν

2186 2521 2435 2594 οὐρανῶν
2468 2522 2714 2594 ἀμείνων
2757 2523 2969 2596 ἠγέρθη
3000 2524 3128 2592 ναός
3148 2540 3162 2557 ο
3220 2525 3348 2591 ναὸς
3389 2526 3454 2582 οὐ
3499 2527 3785 2600 θυμάτων,

2184 2615 2307 2670 οὐδὲ
2345 2615 2539 2688 κνίσης
2585 2615 2863 2688 δεόμενος.
2898 2617 3039 2691 Ἤδη
3074 2619 3188 2691 γὰρ
3236 2619 3446 2675 τούτων
3479 2621 3787 2692 προκόπτει

2184 2708 2250 2766 τὸ
2290 2709 2467 2778 τέλος,
2496 2710 2594 2765 τοῦ
2617 2710 2874 2783 οὐρανίου
2916 2709 3248 2786 Ἀρχιερέως
3291 2712 3388 2769 τὸν
3424 2715 3491 2769 ἐκ
3518 2713 3617 2771 σοῦ
3652 2705 3809 2771 ναὸν

2188 2799 2535 2870 ἁγιάζοντος.
2577 2800 2740 2856 Ἀλλὰ
2768 2802 2942 2857 ταῦτα
2966 2803 3067 2873 μὲν
3119 2805 3200 2869 είς
3230 2804 3363 2860 ἴδιον
3384 2805 3580 2879 καιρὸν
3606 2807 3788 2862 ἅπαν.

2183 2894 2413 2964 τήσεται
2433 2909 2453 2925 ’
2490 2894 2592 2950 νῦν
2619 2895 2678 2950 δὲ
2704 2896 2818 2962 τοῖς
2846 2896 3197 2968 τελουμένοις
3218 2895 3653 2971 λειτουργῶμεν,
3684 2899 3787 2956 καὶ

2185 2985 2256 3042 τὰ
2293 2986 2492 3061 συνεχῆ
2520 2990 2592 3062 τῇ
2617 2987 2864 3063 λιτανείᾳ
2889 2990 3326 3065 προσάπτωμεν.

560 3179 680 3237 Non
716 3182 1010 3252 alienatur
1052 3182 1278 3254 virgines
1310 3181 1391 3251 ὀ,
1435 3198 1559 3254 quae
1610 3184 1920 3243 accinant:
1977 3184 2084 3243 hoc

2262 3170 2381 3226 Οὐκ
2436 3170 2962 3242 ἀπενεχθήσονται
3035 3172 3325 3243 παρθένοι
3381 3176 3785 3251 προσᾴδοντεςο

484 3274 639 3333 enim
670 3275 799 3333 olim
831 3275 1116 3331 contuitus
1143 3275 1360 3345 psalmo
1398 3275 1546 3331 edito
1573 3278 1913 3346 praecinuisti
1943 3298 1955 3334 :
1991 3280 2088 3337 sed

490 3385 621 3426 ecce
656 3368 901 3440 virgines
935 3368 1148 3425 circum
1182 3369 1417 3423 choreas
1441 3368 1494 3423 iu
1519 3370 1895 3426 exsultatione
1917 3389 2087 3443 agen-

493 3474 610 3532 tes,
640 3463 789 3520 velut
847 3463 1048 3533 reginae
1084 3472 1331 3532 praeeunt
1376 3462 1432 3517 iu
1486 3461 1646 3532 Regis
1688 3464 1909 3519 abeunti
1949 3474 2094 3521 tem-

491 3558 665 3624 plum.
696 3554 837 3612 Ecce
871 3564 923 3611 te
955 3564 1014 3610 ut
1052 3556 1457 3610 immaculatam
1488 3555 1805 3621 victimam,
1846 3558 1911 3612 ad
1941 3558 2091 3613 divi-

493 3668 625 3709 num
659 3650 946 3707 adducunt
978 3651 1305 3706 thalamum.
1361 3650 1502 3707 Ecce
1547 3659 1602 3706 te
1635 3652 1835 3707 divium
1867 3655 2089 3723 planta-

490 3748 660 3804 tionis
689 3746 953 3812 radicem,
972 3762 1040 3801 ex
1072 3761 1179 3817 qua
1206 3746 1622 3815 germinaturus
1644 3746 1717 3801 sit
1748 3762 1958 3813 ramus,
1984 3747 2090 3803 sub

492 3836 655 3905 cujus
686 3835 877 3891 umbra
905 3834 1254 3906 requiesceut
1276 3834 1613 3901 tinesterrze,
1638 3836 1692 3890 in
1717 3836 1908 3908 gloria:
1928 3846 2090 3908 prato

493 3938 817 3989 conserunt.
848 3929 989 3989 Ecce
1025 3938 1078 3985 tc
1108 3928 1327 4000 generis
1356 3929 1620 3998 gaudium
1655 3929 1877 3986 choreis
1911 3929 2087 3987 unde-

495 4040 732 4098 quaque-
767 4024 1057 4094 cingentes
1086 4062 1100 4088 ,
1140 4022 1193 4076 in
1227 4022 1408 4077 locum
1443 4022 1716 4078 inducunt
1763 4026 2089 4081 exsultatio-

494 4121 603 4175 nis.
641 4117 709 4173 Et
734 4115 957 4190 quidem
994 4116 1268 4172 hactenus
1298 4115 1375 4171 tui
1409 4124 1541 4170 sunt
1586 4116 1811 4172 exordia
1858 4117 2083 4188 gaudii:

495 4215 649 4274 brevi
684 4222 843 4286 post,
867 4211 1187 4267 absolutius
1229 4209 1492 4280 gaudium
1539 4221 1667 4266 tuus
1721 4212 1819 4268 tibi
1852 4212 2089 4283 perferet

494 4309 779 4384 pronuhus
803 4350 817 4372 ,
870 4305 1097 4377 quando
1128 4304 1225 4360 tibi
1273 4304 1452 4375 gratia
1492 4303 1667 4375 plenre
1698 4305 1956 4376 gaudium
1990 4322 2087 4364 ve-

494 4406 613 4462 niet
660 4404 1130 4465 auunntiaturus;
1183 4398 1406 4470 quando
1445 4397 1571 4453 laeto
1616 4396 1910 4470 faustoque
1940 4417 2085 4456 nun-

2190 3266 2352 3340 τοῦτο
2381 3265 2491 3339 γὰρ
2538 3266 2709 3322 πάλαι
2739 3266 3080 3338 προέψαλλες
3111 3268 3334 3342 θεωρῶν
3358 3288 3371 3302 ·
3406 3272 3524 3327 ἀλλ’
3557 3273 3669 3328 ἰδού
3719 3290 3784 3329 σι

2193 3358 2454 3429 παρθένοι
2478 3362 2537 3413 ὲν
2564 3357 2886 3427 ἀγαλλιάσει
2917 3362 3373 3434 περιχορεύουσαι
3396 3362 3484 3419 οἷα
3509 3364 3785 3437 βασιλίδος

2189 3453 2271 3517 είς
2298 3452 2425 3506 ναὸν
2451 3452 2728 3520 Βασιλέως
2757 3455 3029 3528 ἀπιούσης
3062 3459 3414 3529 προάγουσιν.
3446 3460 3575 3516 Ἰδού
3606 3478 3666 3519 σε
3704 3462 3788 3528 ὡς
3872 3523 3880 3531 ,

2190 3548 2418 3605 ἄσπιλον
2453 3548 2621 3621 ἱερὸν,
2660 3549 2740 3614 είς
2772 3548 2867 3603 τὸν
2913 3548 3057 3605 θεῖον
3092 3551 3466 3624 προσφέρουσι
3510 3536 3780 3627 θάλαμον.

2204 3640 2336 3696 Ἰδού
2384 3660 2444 3697 σε
2472 3644 2574 3715 τὴν
2607 3642 2870 3711 θεόφυτον
2904 3645 3063 3715 ῥίζαν
3104 3640 3175 3718 ἦς
3210 3647 3611 3717 ἀναϐλαστήσιι
3647 3649 3786 3707 κλά-

2189 3735 2300 3802 δος,
2340 3730 2402 3792 οὗ
2432 3736 2539 3791 ὑπὸ
2587 3736 2687 3808 τὴν
2716 3737 2878 3792 σκιὰν
2904 3738 2974 3793 τὰ
3025 3740 3240 3811 πέρατα
3281 3742 3682 3813 ἀναπαύσεται,
3721 3745 3784 3802 ἐν

2188 3828 2269 3903 τῷ
2291 3832 2394 3902 τῆς
2432 3827 2851 3900 δόξηςλειμῶνι
2878 3830 3372 3901 καταφυτεύουσιν.
3424 3835 3554 3890 ’ἰδού
3592 3853 3653 3891 σε
3679 3836 3783 3910 τὴν

2190 3926 2367 3998 χαρὰν
2396 3927 2491 3981 τοῦ
2518 3926 2710 3995 γένους
2737 3926 3215 3999 περιχορεύουσαι,
3248 3933 3329 3994 εἰς
3360 3934 3454 3989 τὸν
3483 3933 3584 4005 τῆς
3607 3936 3783 4004 ἀγαλ-

2189 4017 2426 4084 λιάσεως
2463 4018 2628 4073 τόπον
2682 4019 3005 4085 οἰκίζουσιν.
3041 4020 3228 4077 Ταῦτα
3267 4025 3367 4095 μὲν
3395 4025 3491 4081 ἐπὶ
3519 4028 3617 4082 τοῦ
3638 4046 3785 4102 παρ-

2190 4113 2346 4178 όντος
2403 4112 2503 4184 τῆς
2536 4113 2639 4184 σῆς
2669 4114 2932 4187 προοίμια
2963 4117 3139 4187 χαρᾶς
3164 4134 3180 4148 ο
3216 4118 3411 4191 μικρὸν
3442 4120 3500 4176 δὲ
3526 4120 3782 4197 ὕστερον,

2188 4206 2498 4279 τελεώτερα
2526 4224 2610 4261 σοι
2643 4208 2715 4262 τὰ
2745 4207 3070 4281 χαρμόσυνα
3098 4213 3302 4283 κομιεῖ,
3334 4215 3364 4268 ό
3396 4212 3488 4279 σὸς
3520 4216 3579 4285 ἐξ
3610 4217 3783 4291 οὖρα-

2190 4300 2283 4354 νοῦ
2316 4300 2691 4371 νυμφοστόλος
2718 4316 2735 4331 ο
2755 4301 2989 4357 ’ἐπειδάν
3023 4320 3107 4357 σοι
3132 4306 3200 4377 τῇ
3228 4309 3647 4383 κεχαριτωμένη
3682 4312 3783 4384 τὴν

2189 4393 2366 4465 χαρὰν
2398 4394 2519 4465 ἥξει
2549 4392 2774 4466 μηνύων
2797 4412 2813 4427 ο
2845 4394 3068 4450 ἐπειδάν
3102 4413 3187 4450 σοι
3218 4400 3358 4470 μετὰ
3395 4400 3487 4454 σού
3519 4397 3661 4457 εἶναι
3687 4404 3785 4459 τδν

496 4501 573 4555 tio
622 4508 806 4555 tecum
842 4512 968 4553 eum
1020 4509 1145 4549 esse
1177 4493 1326 4548 dicet
1349 4532 1365 4553 ,
1398 4492 1490 4563 qui
1520 4492 1724 4564 ubique
1754 4495 1943 4550 adest:
1994 4494 2085 4549 ille

2195 4485 2475 4560 πανταχοῦ
2497 4490 2742 4561 παρόντα
2762 4488 3179 4559 εὐαγγελίσεται
3198 4505 3213 4520 ⁸
3238 4510 3301 4546 νυ
3308 4492 3610 4565 uecordia;
3634 4497 3788 4551 ἐκεῖ-

495 4595 762 4665 inquam,
808 4589 1134 4664 pruuubus,
1176 4587 1272 4659 qui
1327 4586 1591 4641 abstruso
1633 4587 1714 4642 illi
1762 4588 2086 4645 ministrans

2189 4601 2301 4648 νος,
2323 4583 2383 4647 ὃς
2410 4582 2489 4655 τῷ
2520 4585 2827 4655 ἀποκρύφῳ
2851 4582 3119 4640 διακονῶν
3150 4587 3455 4659 μυστηρίῳ,
3482 4588 3583 4660 τὴν
3608 4588 3784 4646 ἄσιτος

497 4688 791 4762 mysterio,
834 4699 1057 4755 germen
1106 4682 1205 4737 tibi
1255 4681 1471 4751 absque
1510 4681 1724 4738 semine
1771 4684 2084 4749 uuutiabit;

495 4783 589 4851 qui
615 4780 739 4835 Filii
768 4780 887 4834 sine
914 4786 1089 4849 patre,
1123 4773 1627 4845 universorumque
1653 4776 1923 4844 parentis,
1961 4791 2088 4847 par-

495 4882 613 4930 tum
645 4881 913 4942 occupato
940 4869 1221 4940 praeconio
1250 4862 1628 4936 signiﬁcabit:
1658 4863 1807 4933 Filii,
1831 4866 2084 4937 inquam,

496 4968 591 5040 qui
624 4982 772 5022 nunc
796 4966 943 5021 velut
970 4970 1277 5018 aromatum
1294 4959 1727 5015 suaveolentiam
1753 4962 2081 5027 concilians,

498 5065 687 5129 postea
718 5055 829 5111 tuis
859 5070 921 5108 ex
960 5053 1162 5108 lumbis
1196 5053 1493 5123 prodiens,
1529 5053 1795 5123 unguenti
1832 5052 2085 5124 fragran-

497 5151 629 5206 tiam
660 5148 714 5203 in
745 5148 935 5215 orbem
978 5149 1297 5203 universum
1324 5144 1596 5202 (lill’undet
1631 5164 1644 5200 :
1690 5145 1786 5215 qui
1814 5161 1962 5201 nunc
1995 5159 2085 5201 sa-

498 5257 655 5300 crum
683 5240 870 5297 liorem
908 5242 961 5294 in
991 5256 1090 5295 sua
1121 5238 1394 5310 recipiens
1424 5240 1610 5303 domo,
1633 5237 1865 5309 posthac
1895 5238 1965 5295 ab
1996 5241 2087 5294 iu-

498 5344 650 5392 tacto
677 5347 772 5392 tuo
804 5342 963 5389 utero
989 5332 1287 5389 elllorebit.

572 5428 665 5496 At,
694 5428 881 5500 Virgo,
903 5438 1107 5484 nostrae
1120 5425 1376 5498 gloriatio
1400 5424 1597 5479 salutis
1622 5466 1636 5491 ,
1654 5439 1776 5495 quae
1801 5431 1853 5479 et
1871 5438 2087 5507 sacram

506 5523 586 5582 sis
640 5523 837 5578 sortita
887 5522 1348 5592 generationem,
1403 5517 1790 5587 sacratiusque
1847 5518 2090 5575 enutrita

504 5614 679 5671 fueris
706 5627 770 5668 ac
798 5613 1047 5668 instituta
1074 5625 1090 5678 ;
1139 5610 1191 5666 in
1227 5622 1334 5679 qua
1362 5607 1477 5678 spei
1511 5615 1712 5661 nostra:
1732 5605 1870 5662 ﬁxas
1892 5609 2093 5664 ancho-

509 5723 598 5765 ras
620 5706 908 5772 babemus,
945 5714 1059 5761 tum
1095 5718 1219 5776 ego,
1250 5713 1366 5757 tum
1398 5714 1557 5771 quem
1588 5700 1921 5770 pascendum
1953 5717 2091 5757 cou-

582 5887 627 5921 "
656 5886 817 5946 Prov.
847 5900 1000 5951 xxix,
1023 5884 1115 5949 29.
1157 5902 1268 5951 sec.
1306 5883 1470 5948 LXX.

2189 4678 2280 4751 ρόν
2304 4694 2383 4731 σοι
2410 4676 2643 4748 βλάστην
2671 4676 2973 4746 ἀπαγγελεῖ
2996 4694 3011 4709 ·
3043 4677 3102 4742 ὃς
3124 4679 3219 4733 τοῦ
3249 4668 3526 4753 ἀπάτορος
3556 4683 3781 4751 Παιδὸς,

2185 4772 2283 4826 καὶ
2310 4772 2515 4841 γονέως
2543 4771 2652 4823 τῶν
2687 4769 2848 4835 ὅλων,
2881 4770 2972 4825 τὸν
3000 4773 3161 4827 τόκον
3196 4775 3642 4847 προανακηρύξει
3666 4793 3681 4809 ο
3720 4778 3783 4844 ὃς

2182 4864 2279 4921 νῦν
2314 4864 2506 4935 ὥσπερ
2540 4864 2849 4938 ἀρωμάτων
2871 4865 3127 4938 εὐοδμίαν
3161 4867 3609 4939 οἰκειωσάμενος,
3642 4886 3779 4941 μετ-

2187 4958 2383 5015 έπειτα
2443 4958 2554 5013 τῶν
2602 4958 2714 5013 σῶν
2746 4955 2956 5030 προῖὼν
2988 4958 3253 5028 λαγόνων,
3286 4962 3369 5025 είς
3391 4961 3492 5032 τὴν
3520 4961 3778 5033 οἰκουμέ-

2190 5067 2289 5121 νην
2315 5049 2413 5122 τὴν
2445 5048 2723 5121 μυρωδίαν
2750 5048 2990 5120 διαχεεῑ·
3024 5049 3083 5114 ὃς
3115 5048 3211 5103 νῦν
3238 5048 3300 5103 τδ
3330 5049 3475 5120 ἱερὸν
3506 5048 3667 5113 ἄνθος
3698 5050 3780 5113 εἰς

2188 5145 2284 5198 τὸν
2317 5142 2511 5198 ἑαυτοῦ
2543 5142 2942 5214 ἀποδεχόμενος
2975 5136 3145 5209 οἶκον,
3174 5144 3318 5214 μετὰ
3343 5142 3523 5199 ταῦτα
3548 5143 3647 5215 τῆς
3679 5144 3779 5217 σῆς

2190 5236 2473 5305 ὰνεπάφου
2507 5234 2733 5305 ἀνθήσει
2767 5233 2998 5299 κοιλίας.

2267 5420 2451 5487 Ἀλλὰ,
2471 5418 2739 5489 Παρθένε,
2773 5419 2874 5491 τῆς
2897 5419 3060 5492 ἡμῶν
3084 5422 3359 5495 σωτηρίας
3385 5421 3447 5477 τὸ
3472 5422 3740 5495 καύχημα
3761 5435 3781 5452 ⁸

2185 5515 2219 5579 ἡ
2248 5514 2489 5586 λαχοῦσα
2518 5515 2618 5587 μὲν
2646 5513 2746 5586 τὴν
2779 5514 2996 5585 γένεσιν
3027 5514 3182 5587 ἱεράν
3205 5533 3219 5546 ι
3247 5515 3545 5590 ίερωτέρας
3565 5516 3624 5572 δὲ
3646 5518 3783 5572 dva-

2193 5608 2441 5681 θρέψεως
2472 5609 2567 5663 καὶ
2593 5608 2821 5679 ἀγωγῆς
2840 5624 2857 5641 ·
2890 5607 2976 5680 ἐφ’
3022 5601 3194 5683 ᾖτῶν
3227 5612 3513 5684 ἡμετέρων
3552 5600 3796 5674 ἐλπίδων

2194 5703 2296 5767 τὰς
2344 5700 2593 5775 ἀγκύρας
2638 5701 2934 5778 ἀνέχομεν,
2987 5701 3102 5774 ἐγώ
3152 5720 3214 5761 τε
3252 5704 3352 5761 καὶ
3382 5704 3417 5761 ὃ
3471 5706 3785 5780 ποιμαίνειν

1571 5886 1610 5919 ιθ
1641 5885 1680 5941 ll
1708 5883 1843 5954 Reg.
1878 5901 1973 5951 vn,
2001 5883 2054 5941 ἢ.
2131 5885 2180 5921 ’⁸
2209 5883 2356 5944 Psal.
2388 5900 2506 5954 11v,
2550 5882 2637 5942 16.
