4124 6320
413 353 482 420 El
1142 364 1424 425 ORATIO
1451 365 1564 424 III.
1600 390 1669 402 -
1710 366 1794 426 IN
1839 367 1899 427 Β.
1932 367 2197 430 MARL‘E
2251 366 2964 429 ANNUNTIATIONEM.
3621 360 3696 428 22

411 473 622 537 ἔδωκας
661 472 934 544 ποίμνιον,
964 471 1106 527 δίδου
1149 476 1247 546 μὲν
1273 475 1423 544 ἡμᾶς
1463 476 1560 546 τῆς
1593 477 1871 550 ἀμαρτίας
1898 479 1993 533 τοῦ

2098 479 2382 536 credidisti
2416 493 2658 550 gregem,
2688 485 2887 548 praesta
2921 475 3103 538 nobis,
3139 484 3198 530 ut
3228 475 3440 545 peccati
3475 482 3692 532 tumen-

412 564 677 628 κλύδωνος
729 567 1034 636 περιεῖναι·
1069 566 1218 635 δοίης
1268 568 1326 621 δὲ
1370 568 1600 638 καὶτῆς
1644 569 1753 624 τῶν
1787 571 1997 643 ἐχθρῶν

409 658 724 726 τρικυμίας,
752 657 855 729 ὅση
885 675 943 712 τε
961 657 1300 728 ἀλλοφύλων,
1331 661 1424 714 καὶ
1445 662 1552 732 ὅση
1582 661 1692 715 τῶν
1715 663 1997 733 ὁμογενῶν

408 753 770 808 ἐπανίσταται
797 769 812 784 ·
849 753 944 808 καὶ
972 753 1072 826 τὴν
1103 753 1204 826 σὴν
1237 756 1580 826 προστασίαν
1607 751 1697 812 οἷα
1730 757 1996 828 πηδάλιον

407 847 543 918 ἡμῖν
567 847 848 914 ἐπιδοῦσα,
873 847 1122 914 ἅπαντας
1147 849 1244 904 καὶ
1273 849 1744 921 κυϐερνωμὲνους,
1777 850 1871 904 καὶ
1901 850 1995 906 τὸν

406 935 450 1008 ᾧ
481 939 580 1012 τὴν
629 940 963 1013 κυδέρνησιν
994 942 1356 1014 ἑνεχείρισας,
1393 943 1473 1007 εἰς
1503 943 1596 996 τὸν
1623 943 1877 1014 ἀκύμονα
1915 943 1998 1000 λι-

409 1034 547 1105 μένα
569 1032 664 1090 τοῦ
694 1034 827 1090 Υίοῦ
873 1053 969 1089 σου
1005 1035 1344 1108 καθόρμισον
1373 1051 1388 1066 ·
1422 1036 1551 1090 ἔνθα
1590 1038 1743 1091 πᾶσα
1771 1038 1999 1110 φαιδρό·

405 1143 526 1197 της,
552 1127 646 1180 καὶ
667 1128 1012 1201 χαρμοσύνη,
1036 1128 1131 1183 καὶ
1155 1129 1341 1194 ἄνεσις
1364 1148 1378 1160 ·
1407 1128 1536 1184 ἔνθα
1559 1130 1780 1185 πάντων
1806 1132 1999 1203 ἑορταο

405 1215 608 1282 ζόντων
635 1219 662 1270 δ
683 1215 836 1291 ἦχος,
863 1221 959 1275 καὶ¹
983 1221 1203 1276 πάντων
1224 1222 1670 1294 εὐφραινομένων
1695 1225 1952 1277 κατοικία
1977 1238 1995 1255 °

404 1310 462 1364 ὲν
491 1313 712 1385 Χριστῷ
754 1312 931 1384 ’1ησοῦ
958 1312 1034 1385 τῷ
1064 1315 1254 1386 Κυρίῳ
1281 1315 1459 1385 ἡμῶν,
1487 1307 1530 1384 ᾧ
1555 1315 1654 1368 σὺν
1681 1313 1759 1386 τῷ
1791 1315 1991 1385 Πατρὶ,

404 1404 520 1474 ἅμα
548 1403 627 1476 τῷ
658 1404 798 1476 ἁγίῳ
831 1407 1133 1479 Πνεύματι,
1158 1407 1307 1474 δόξα,
1329 1407 1552 1478 κράτος,
1575 1407 1734 1481 τιμὴ,
1772 1405 1868 1463 νῦν
1897 1407 1994 1462 καὶ

402 1496 484 1560 είς
509 1497 637 1562 τοὺς
670 1497 874 1564 αἰῶνας
903 1498 1011 1554 τῶν
1042 1497 1278 1555 αἰώνων.
1334 1499 1527 1572 ⁹Δμήν.

1039 1637 1259 1692 ΛΟΓΟΣ
1291 1636 1366 1693 Γ.

400 1765 507 1832 Elg-
539 1766 646 1820 τὸν
660 1767 1324 1844 -Εὑιιγγελισμὸγηὸτε
1344 1769 1554 1844 *χαρὰν
1589 1773 1992 1844 εὐηγγελίσθη

646 1840 990 1910 Παρθένος,
1028 1838 1128 1893 καὶ
1173 1840 1210 1908 ἡ
1252 1840 1368 1908 ἀρὰ
1405 1838 1729 1912 κατελύθη.

2107 580 2192 627 tes
2221 586 2550 642 superemus
2581 569 2817 634 ﬂuctus;
2865 579 3064 638 prmSla
3094 583 3246 633 vero,
3282 578 3338 623 nt
3362 579 3413 623 et
3448 569 3691 626 hostium

2107 665 2377 735 procellas
2408 661 2782 727 eludamus,si
2813 667 3071 730 quietum
3100 661 3379 716 extraneis
3416 662 3692 729 hostibus,

2104 767 2218 814 tum
2246 756 2569 813 domesticis
2595 754 2950 819 excitantur;
2986 761 3136 806 tuam
3170 753 3569 822 protectionem
3604 770 3695 824 gu-

2101 849 2388 905 bernaculi
2437 848 3051 917 instar-praetendens,
3106 845 3398 901 universos
3440 853 3556 900 tum
3596 848 3692 918 qui

2099 943 2501 1014 gubernantur,
2522 951 2636 998 tum
2661 945 2840 1016 ipsum
2867 947 2956 1001 cui
2987 946 3314 1004 commisisti
3350 946 3694 1018 gubernandi

2098 1045 2282 1108 partes
2302 1076 2316 1100 ,
2346 1036 2402 1090 in
2433 1037 2790 1107 tranquillum
2856 1035 2977 1093 Filii
3011 1039 3086 1094 tui
3120 1048 3336 1110 portum
3378 1037 3652 1093 subducas
3675 1079 3693 1102 ,

2100 1130 2191 1187 ubi
2221 1130 2410 1185 laetitia
2454 1130 2670 1194 omnis,
2711 1133 3085 1204 gaudiumque
3112 1173 3127 1196 ,
3183 1147 3246 1186 ac
3278 1129 3563 1198 remissio;
3600 1129 3693 1184 ubi

2099 1225 2346 1282 omnium
2379 1223 2719 1296 epulantium
2751 1212 3332 1296 sonus,.omuiumque
3375 1225 3681 1279 laetantium

2104 1317 2368 1372 habitatio
2396 1333 2406 1366 :
2432 1318 2486 1371 in
2518 1316 2740 1371 Christo
2768 1316 2896 1373 Jesu
2932 1317 3164 1372 Domino
3192 1326 3410 1381 nostro,
3448 1316 3537 1372 cui
3568 1331 3694 1369 cum

2099 1407 2284 1472 Patre,
2319 1424 2539 1477 unaque
2572 1409 2785 1478 Spiritu
2823 1422 3036 1476 saneto,
3071 1409 3267 1479 gloria,
3307 1418 3568 1479 potestas,
3594 1409 3683 1462 hu-

2101 1518 2225 1569 nur,
2263 1517 2410 1558 nunc
2433 1511 2484 1558 et
2520 1502 2575 1558 in
2610 1503 2812 1558 saacula
2849 1504 3204 1558 saeculorum.
3240 1501 3444 1558 Arnen.

2693 1639 2954 1696 ORATIO
3016 1639 3106 1695 Ill.

2107 1773 2174 1830 In
2205 1775 2681 1828 Annuntiationem
2707 1818 2720 1838 ,
2762 1776 2975 1846 quando
3021 1776 3178 1846 Virgo
3226 1775 3465 1847 {austum
3510 1778 3694 1848 gaudii

2177 1848 2416 1900 nuntium
2447 1853 2665 1917 accepit,
2701 1864 2764 1904 ac
2794 1849 3097 1902 maledictio
3121 1849 3384 1903 dissoluta
3407 1859 3486 1904 est
3509 1849 3609 1920 (5).

1657 1959 1964 2031 (Couasris.
1993 1959 2033 2014 1.
2071 1975 2122 2016 c.
2151 1976 2205 2031 p.
2236 1959 2424 2030 l652.)

478 2072 540 2127 '0
561 2069 670 2126 τῶν
698 2071 1048 2144 παρθενικῶν
1069 2073 1318 2143 λαγόνων
1337 2075 1627 2142 ἀνατείλας
1648 2077 1838 2141 Ἥλιος
1858 2079 1996 2150 Χρι-
2029 2085 2072 2141 Β

397 2166 524 2232 στδς
561 2169 590 2222 δ
616 2165 783 2232 Θεὸς,
823 2167 917 2220 καὶ
947 2168 1189 2242 σήμερον
1217 2169 1280 2222 τὸ
1320 2171 1590 2243 ἡμέτερον
1618 2171 1722 2243 τῆς
1763 2173 1993 2244 καρδίας

394 2259 708 2331 διαλάμψας
735 2258 960 2333 χωρίον,
989 2255 1080 2315 οἷά
1108 2279 1228 2316 τινα
1257 2262 1394 2336 ἄνθη
1429 2265 1557 2330 τοὺς
1586 2265 1781 2334 λόγους
1805 2265 1991 2321 δίδωσι

396 2357 587 2426 φέρειν
610 2355 740 2426 ὑμῖν
764 2355 813 2407 ⁸.
847 2354 956 2408 Καί
991 2372 1103 2426 μοι,
1131 2355 1384 2429 καθάπερ
1407 2357 1691 2429 παλάμας,
1714 2359 1815 2424 τάς
1849 2375 1989 2429 καρ-

394 2448 534 2513 δίας,
569 2448 636 2503 ἂν
663 2449 771 2518 ἄρα
796 2465 849 2501 τι
875 2449 1151 2520 χρήσιμον
1174 2447 1387 2521 δρῴητε
1410 2449 1839 2522 ἀπανθιζόμενοι
1873 2452 1985 2506 δια·

396 2541 650 2596 πλώσατε
674 2559 688 2574 ·
723 2540 846 2614 Θεῷ
875 2543 976 2614 τὴν
1009 2542 1171 2614 χάριν
1203 2544 1593 2616 ἀντιφέροντες
1613 2586 1631 2612 ,
1657 2547 1794 2618 ’παρ’
1830 2537 1892 2599 οὗ
1922 2545 1992 2601 τὰ

394 2635 662 2690 κάλλιστα
685 2638 839 2708 κοινῇ
864 2635 1160 2708 τρυγῶμεν
1183 2653 1201 2668 ο
1223 2635 1382 2691 τοῦτο
1405 2638 1503 2708 μὲν
1523 2637 1800 2706 ἑλομένοις
1823 2641 1990 2710 τιμᾷν

393 2731 496 2802 τὴν
521 2730 832 2805 πανήγυριν
851 2747 866 2761 ’
887 2730 1044 2784 τοῦτο
1065 2729 1109 2784 δ’
1132 2730 1551 2802 ἀφοσιουμένοις
1570 2730 1664 2784 τὸν
1687 2730 1823 2802 πρὸς
1847 2730 1991 2803 ὑμᾶς

395 2823 686 2894 ἐγκάρδιον
706 2824 809 2894 τῆς
858 2823 1243 2895 πνευματικῆς
1293 2823 1516 2895 ἀγάπης
1558 2821 1757 2892 ἔρωτα.
1823 2822 1992 2878 Ἀλλά

393 2910 556 2984 δεῦρό
587 2928 698 2985 μοι,
727 2911 1026 2990 δημαγωγὲ
1050 2912 1162 2967 τῶν
1193 2914 1310 2970 ἄνω
1342 2913 1555 2987 δήμων,
1573 2913 1672 2979 τὰς
1704 2915 1990 2987 οὐρανίους

394 3005 590 3077 ἀψίδας
604 3006 941 3077 καταλιπὼν,
959 3008 1029 3081 τῇ
1056 3008 1318 3080 Παρθένῳ
1334 3007 1746 3081 λειτούργησον.
1770 3008 1991 3076 Ἔξεστί

396 3114 481 3153 σοι
503 3100 613 3175 γάρ
638 3099 734 3155 καὶ
753 3097 850 3154 νῦν
873 3099 976 3155 οὐκ
1001 3101 1083 3163 είς
1106 3099 1364 3171 Ναζαρὲτ
1391 3100 1675 3154 ἐπιστάντι
1713 3098 1992 3171 Ἰουδαῖκῷ

393 3192 605 3267 χωρίῳ,
639 3192 756 3248 ἀλλ’
807 3193 884 3259 ὡς
930 3193 1152 3266 ἀληθῶς
1181 3195 1241 3248 ὲν
1284 3197 1352 3264 τῇ
1390 3193 1546 3249 πόλει
1588 3193 1683 3249 τοῦ
1716 3191 1990 3259 Βασιλέως

395 3285 627 3358 Κυρίου,
658 3286 721 3342 τὸ
765 3286 913 3342 θεῖον
949 3287 1117 3342 αὐτοῦ
1149 3289 1249 3358 τῆς
1285 3287 1446 3359 δόξης
1484 3288 1787 3358 ἀνάκτορον
1818 3303 1991 3341 κατα-

397 3380 616 3450 στέφειν
643 3383 766 3446 ταῖς
793 3381 1116 3454 εὐφημίαις.
1156 3382 1396 3453 Πάρεστί
1428 3398 1511 3435 σοι
1543 3379 1635 3434 καὶ
1660 3381 1756 3436 νῦν
1786 3383 1851 3453 τῇ
1879 3396 1992 3435 πα-

2174 2075 2275 2146 Qui
2308 2094 2372 2134 ex
2406 2075 2671 2148 virgineis
2716 2076 2809 2131 Sol
2840 2077 3148 2134 visceribus
3189 2078 3398 2141 oriens,
3430 2078 3689 2136 Christus

2101 2173 2266 2235 Deus,
2295 2171 2568 2242 hodieque
2599 2171 2773 2225 nostri
2834 2171 3024 2227 cordis
3059 2171 3339 2242 regionem
3369 2173 3694 2238 illustravit,

2098 2265 2258 2338 quasi
2293 2263 2461 2320 ﬂores
2491 2265 2781 2334 quosdam,
2825 2263 3144 2317 orationem
3173 2262 3426 2334 proferre
3456 2265 3693 2334 tribuit;

2097 2360 2374 2430 velimque
2422 2366 2477 2413 ut
2522 2374 2620 2414 vos
2690 2365 2913 2429 pectora
2960 2360 3137 2412 instar
3171 2372 3437 2412 manuum
3481 2359 3547 2414 ad
3595 2360 3696 2415 de-

2097 2451 2431 2523 cerpcndum
2468 2450 2788 2521 eXpIicetis,
2840 2448 3055 2521 siquid
3114 2449 3460 2505 conducibile
3522 2465 3686 2522 aspe-

2104 2546 2218 2600 ctui
2258 2555 2556 2612 occurrat;
2590 2544 2702 2600 Deo
2739 2542 2982 2598 vicissim
3002 2542 3208 2612 gratias
3236 2550 3483 2611 agentes,
3522 2558 3550 2596 ιι
3583 2558 3693 2614 quo

2101 2637 2474 2710 pulcherrima
2504 2652 2732 2708 quicque
2761 2635 3044 2690 communi
3092 2650 3260 2690 usura
3303 2635 3692 2706 decerpimus:

2099 2729 2315 2793 tribuit,
2347 2728 2597 2801 inquam,
2637 2742 2743 2799 qua
2788 2736 2848 2781 ut
2878 2727 3285 2782 solemnitatem
3325 2727 3538 2783 honore
3567 2743 3695 2799 pro-

2049 2851 2053 2856 τ
2097 2838 2438 2894 sequamur,
2469 2837 2578 2892 qua
2613 2828 2675 2876 ut
2711 2819 2979 2892 spiritalis
3029 2820 3344 2876 dilectionis
3369 2861 3382 2882 ,
3417 2823 3592 2877 nostri
3629 2821 3687 2880 in

2097 2931 2196 2971 vos
2217 2956 2233 2981 ,
2263 2915 2415 2970 cordi
2458 2915 2717 2971 luereutis
2745 2915 2975 2979 amoris,
3004 2914 3253 2969 debitum
3286 2916 3692 2984 persolvamus.

2097 3009 2299 3066 Verum
2348 3009 2958 3079 adesto,supernorum
3008 3009 3337 3079 populorum
3396 3008 3592 3062 ductor
3623 3022 3692 3065 ac

2096 3105 2396 3177 princeps;
2445 3102 2768 3175 relictisque
2813 3101 3136 3158 cmlestibus
3193 3101 3424 3169 axibus,
3479 3099 3693 3175 Virgini

2099 3178 2468 3253 ministerium
2510 3195 2784 3268 impende.
2821 3193 2959 3248 Nam
3009 3202 3062 3248 ct
3093 3193 3254 3246 modo
3283 3193 3381 3248 tibi
3427 3193 3594 3259 licet,
3631 3203 3692 3248 ut

2099 3307 2206 3347 non
2249 3291 2302 3346 in
2349 3289 2661 3357 Nazareth,
2709 3287 2995 3356 Judaicam
3048 3285 3267 3342 delatus
3299 3287 3682 3356 provinciam,

2097 3384 2192 3439 sed
2227 3391 2284 3438 ut
2314 3385 2558 3452 prol'ecto
2592 3382 2647 3436 in
2681 3381 2843 3452 Regis
2885 3377 3102 3434 Domini
3184 3377 3502 3446 civitatem,
3547 3378 3691 3434 divi-

396 3473 550 3529 στάδι
579 3474 674 3528 τοῦ
706 3476 1048 3545 Μονογενοῦς
1090 3476 1435 3547 προσφωνεῖν
1482 3475 1582 3546 τὴν
1625 3474 1835 3546 χαρὰν,
1883 3475 1984 3545 ἢν,

2095 3494 2222 3532 num
2255 3476 2374 3545 ejus
2404 3475 2594 3546 gloria:
2625 3477 2887 3544 templum
2949 3470 3144 3525 faustis
3198 3471 3693 3530 acclamationibus

396 3566 564 3622 πάλαι
591 3569 732 3640 αὐτῇ
763 3569 1291 3640 εὐαγγελιζόμενος)
1328 3567 1530 3640 μᾶλλον
1567 3569 1646 3631 δὲ,
1675 3567 1745 3621 δι’
1769 3566 1988 3638 ἐκείνης

394 3660 582 3734 ἁπάσῃ
611 3664 677 3734 τῇ
702 3663 1022 3738 οίκουμένῃ,
1051 3662 1312 3732 ὲῦόησας.
1339 3662 1456 3716 Νῦν
1489 3661 1726 3733 μάλιστα
1754 3660 1988 3731 διαπρύ-

395 3769 510 3805 σιον
531 3752 608 3821 τῇ
633 3750 1080 3824 κεχαριτωμὲνῃ
1113 3754 1174 3809 τὸ
1203 3753 1401 3823 Χαῖρε,
1429 3753 1574 3818 είπὲ,
1603 3753 1672 3806 δι’
1699 3748 1770 3823 ἦς
1804 3755 1831 3807 ὁ
1855 3753 1988 3816 Θεὸς

395 3844 492 3897 καὶ
524 3843 734 3916 Πατὴρ,
768 3845 804 3898 ὃ.
831 3847 936 3916 πρὸ
963 3846 1072 3900 τῶν
1095 3846 1309 3900 αἰώνων
1341 3844 1694 3916 βεϐούλευται
1712 3885 1726 3909 ,
1759 3844 1856 3916 τὴν
1879 3842 1988 3898 τῶν

394 3935 702 4008 ἀνθρώπων
725 3937 1076 4010 καταλλαγὴν
1094 3977 1112 4004 ,
1135 3937 1403 4010 ἐπιδημίᾳ
1423 3937 1516 3992 τοῦ
1539 3937 1828 4009 ἀγαπητοῦ
1854 3931 1998 3992 Υἱοῦ

361 4031 454 4084 ιν
481 4030 623 4102 ἁγίῳ
660 4031 940 4113 Πνεύματι
993 4031 1366 4104 ἐξεπλήρωσε.
1409 4032 1580 4086 Πάλαι
1622 4031 1732 4102 γὰρ
1789 4031 1887 4101 μὲν
1919 4030 1987 4085 δι’

395 4121 634 4190 ὐποιῖκίας
673 4121 844 4175 ὄντων
869 4125 933 4194 τῇ
966 4122 1229 4194 Παρθένῳ
1257 4123 1368 4177 τῶν
1400 4123 1737 4194 εὐαγγελίων
1779 4123 1984 4195 (παρά-

388 4213 518 4280 δοξα
545 4212 654 4282 γάρ
679 4215 830 4286 παρὰ
856 4216 1036 4270 πάντα
1061 4215 1218 4284 λόγον
1246 4216 1409 4287 ἐῴκει
1431 4217 1529 4288 τῆς
1559 4215 1809 4286 φύσεως)
1836 4216 1987 4280 εἰκός

395 4323 456 4360 σε
498 4306 619 4377 μεθ’
650 4307 951 4378 ὑποστολῆς
985 4309 1049 4362 τδ
1079 4310 1256 4379 Χαῖρε
1285 4310 1416 4383 βοᾷν
1438 4325 1456 4343 ι
1481 4308 1579 4363 νῦν
1611 4309 1688 4374 δὲ,
1721 4309 1819 4379 τὴν
1846 4310 1988 4380 παῤ-

391 4399 588 4470 ρησίαν
617 4399 772 4454 οὐδὲν
798 4401 1195 4473 ὑποτέμνεται.
1225 4401 1437 4456 Οὐκοῦν
1466 4401 1526 4456 οὐ
1559 4398 1983 4472 προπαράξεις,

388 4494 512 4548 οὐδὲ
570 4492 878 4566 θαμϐήσεις
927 4499 994 4568 τῇ
1047 4497 1208 4568 λαλιᾷ
1256 4496 1356 4568 τὴν
1391 4497 1712 4569 Παρθένον,
1743 4495 1836 4550 ἐπὶ
1875 4495 1985 4550 τῶν

389 4588 740 4660 πραγμάτων
774 4590 844 4644 τὰ
882 4590 949 4644 σά
994 4590 1292 4660 εὐαγγέλια
1330 4590 1672 4662 καθορῶσαν.
1711 4589 1985 4660 Πρόσελθε

2088 3585 2154 3626 ac
2191 3569 2446 3624 laudibus
2491 3584 2748 3623 corones.
2788 3567 3112 3637 Promptum
3146 3574 3262 3629 est,
3297 3573 3354 3619 ut
3383 3583 3532 3621 nunc
3556 3582 3690 3637 quo-

2089 3678 2195 3736 que
2229 3660 2508 3730 Unigeniti
2547 3661 2789 3713 thalamo
2815 3659 3092 3713 acclames
3115 3658 3263 3728 quod
3298 3657 3346 3712 ei
3381 3657 3511 3712 olim
3541 3675 3682 3713 nun-

2089 3754 2240 3810 tiasti
2264 3795 2280 3817 ,
2311 3753 2398 3807 vel
2452 3751 2637 3823 potius
2668 3767 2762 3822 per
2793 3766 2914 3806 eam
2968 3751 3229 3806 universo
3259 3759 3531 3804 terrarum
3568 3751 3689 3805 orbi

2091 3846 2426 3902 inclamasti.
2452 3845 2608 3900 Nunc
2638 3845 2874 3898 maxime
2938 3844 3087 3898 clara
3130 3858 3191 3898 ac
3225 3844 3547 3912 penetrabili
3588 3858 3688 3897 vo-

2087 3958 2149 3998 ce
2172 3982 2188 4008 ,
2220 3942 2268 3998 ei
2293 3942 2460 3996 dicito
2493 3941 2620 4005 Ave,
2650 3954 2770 4008 quae
2790 3939 3006 3996 exsistit
3043 3938 3386 4008 gratiaplena
3413 3938 3555 4003 ²¹ο”,
3594 3950 3691 4008 per

2087 4051 2254 4104 quam
2305 4033 2448 4088 Deus
2495 4047 2558 4088 ac
2589 4031 2749 4086 Pater
2776 4071 2790 4092 .
2831 4045 2953 4100 quae
2985 4031 3202 4086 szeeulis
3233 4031 3496 4084 anteriori
3541 4046 3680 4086 con-

2087 4127 2216 4182 silio
2268 4134 2586 4187 statuerat,
2630 4122 2910 4178 hominum
2965 4124 3221 4177 videlicet
3273 4123 3688 4177 recenciliatio-

2089 4234 2234 4282 nem,
2259 4219 2494 4273 adventu
2528 4217 2847 4272 cliarissimi
2883 4216 3004 4270 Filii
3035 4217 3143 4280 sui,
3166 4218 3218 4270 in
3253 4215 3460 4285 Spiritu
3490 4227 3685 4270 sancto

2087 4310 2426 4380 aditnplevit.
2479 4307 2621 4363 Olim
2677 4307 2901 4378 quidem
2959 4323 3083 4361 cum
3147 4307 3364 4361 faustus
3411 4307 3683 4376 ejusmodi

2090 4403 2316 4457 nuntius
2353 4398 2562 4468 Virgini
2594 4409 2897 4469 suspectus
2930 4407 3118 4460 esset;
3150 4413 3324 4451 novus
3355 4401 3580 4468 quippe,
3619 4413 3683 4452 ac

2088 4503 2282 4550 contra
2306 4501 2522 4547 natura:
2544 4501 2713 4546 totam
2752 4493 3045 4551 rationem.
3071 4491 3396 4556 videbatur;
3430 4492 3685 4558 decebat,

2089 4596 2283 4644 utnon
2319 4587 2442 4644 sine
2477 4585 2778 4641 formidine
2814 4589 2916 4640 Ave
2965 4583 3098 4639 illud
3135 4585 3498 4640 inclamares:
3536 4581 3685 4641 nunc

386 4682 486 4735 καὶ
525 4681 778 4752 φθέγξαι,
823 4683 947 4755 οὐχὶ
975 4686 1046 4737 τά
1075 4684 1282 4738 παλαιά
1317 4685 1501 4737 ἐκεῖνα
1533 4699 1550 4714 °
1584 4683 1884 4750 Συλλήψῃ
1917 4681 1989 4734 ἐν

2095 4692 2273 4738 autem
2321 4681 2461 4737 nihil
2507 4689 2591 4736 est
2624 4681 2769 4751 quod
2823 4680 3132 4735 libertatem
3187 4679 3472 4752 impediat.
3523 4680 3680 4735 "and

385 4773 625 4842 γαστρί,
657 4774 759 4829 καὶ
812 4774 955 4844 τέξῃ
985 4776 1151 4830 vidi“
1185 4774 1344 4846 ἐξέϐη
1377 4775 1485 4846 γάρ
1511 4786 1527 4806 ⁰
1567 4773 1784 4841 ἀλλὰ,τί
1803 4791 1817 4841 ;
1857 4774 1988 4826 Συν-

2095 4777 2283 4845 itaque
2331 4774 2512 4830 denuo
2543 4771 2824 4843 Virginem
2870 4771 3143 4833 turbabis,
3171 4786 3271 4827 nec
3305 4772 3356 4850 in
3394 4779 3679 4842 stuporem

386 4823 584 4928 21:16:;
609 4823 667 4917 ἓν
698 4823 910 4937 γαστρί
924 4823 1018 4920 ἱτὸν
1065 4823 1479 4938 ἐπειλημμένον
1503 4823 1759 4920 ἁπάντων
1779 4823 1817 4897 ’1
1842 4866 1984 4936 ἐχώ-

2095 4823 2281 4845 .--τη
2337 4823 2507 4830 ην---
2874 4823 2991 4827 ,νη
3176 4823 3266 4827 η--
3305 4823 3352 4850 εγ
3396 4823 3414 4826 -
3474 4823 3512 4842 τ

2095 4885 2153 4924 ex
2199 4883 2452 4926 sermone
2478 4867 2782 4936 conjicies,
2827 4867 3029 4937 quippe
3059 4879 3185 4920 cum
3217 4874 3410 4921 cernat
3457 4882 3518 4922 ea
3553 4881 3677 4937 quas

386 4970 593 5026 ρησας,
623 4955 683 5012 ὃν
726 4957 891 5022 κῦτος
919 4959 1168 5031 οὐρανῶν
1197 4961 1258 5014 οὐ
1286 4963 1459 5031 χωρεῖ
1482 4976 1496 4991 ·
1542 4961 1876 5024 ἐϐάστασας,
1917 4953 1980 5014 οὗ

2095 4960 2379 5024 nuntiasti,
2401 4959 2512 5030 jam
2541 4959 2722 5031 reipsa
2766 4974 2890 5014 esse
2919 4958 3214 5026 completa.
3264 4958 3479 5013 Accede
3507 4975 3570 5014 ac
3603 4960 3682 5013 lo-

383 5044 565 5100 πάντα
595 5047 927 5117 βαστάζεται
962 5051 1040 5123 τῷ
1067 5053 1320 5124 νεύματι.
1358 5054 1586 5118 Ἒτεκες
1618 5056 1703 5107 ἐπ’
1733 5055 1978 5124 ἐσχάτων

2095 5069 2277 5124 quere,
2305 5067 2415 5107 non
2453 5053 2541 5106 illa
2575 5061 2797 5108 vetera:
2836 5051 3111 5119 Concipies
3136 5052 3191 5105 in
3220 5062 3389 5116 utero,
3430 5061 3480 5106 et
3503 5054 3677 5120 paries

380 5137 495 5191 τῶν
543 5141 806 5214 ἡμερῶν,
855 5143 914 5198 ὃν
947 5145 1055 5216 πρὸ
1099 5146 1314 5202 αἰώνων
1351 5146 1645 5220 ἐγέννησεν
1681 5150 1709 5203 ὁ
1758 5149 1971 5220 Πατήρ.

2095 5148 2256 5204 lilium
2286 5148 2370 5204 "2
2417 5127 2532 5202 haec
2576 5145 2724 5201 enim
2789 5145 2903 5216 jam
2943 5152 3245 5200 evenerunt
3280 5144 3454 5214 :quid
3507 5146 3678 5215 ergo?

460 5276 582 5310 ’Μ’
603 5277 739 5339 Luc.
772 5297 814 5349 ι,
841 5282 934 5341 28.
1010 5284 1056 5318 ⁸⁸
1086 5285 1196 5343 ibid
1230 5285 1324 5342 51.

1673 5402 1909 5461 ῗᾹΠΙΑΞ
1950 5401 2247 5460 LECTlUN
2257 5399 2360 5458 ES.

444 5498 483 5589 τ’
513 5490 600 5553 ’θ’
627 5497 783 5572 ἡμῖν’
1899 5567 2129 5626 now.

456 5671 538 5743 (5)
560 5667 1134 5743 EdideratGretserus
1155 5669 1448 5743 septimam
1476 5682 1492 5720 :
1524 5665 1688 5722 malui
1713 5682 1822 5743 ego
1841 5667 1960 5723 edi.
2063 5668 2355 5743 imperium
2405 5666 2755 5743 istaorasse.
2797 5665 3042 5722 Paucula
3075 5674 3205 5743 sunt
3232 5663 3286 5743 in
3309 5661 3514 5743 quibus
3549 5676 3659 5716 non

381 5735 570 5800 tarum
597 5743 670 5799 ab
692 5745 813 5812 ipso
835 5741 1067 5814 primam
1092 5735 1294 5814 novum
1312 5739 1496 5805 edere,
1517 5755 1678 5808 quem
1705 5735 1955 5794 ordinem
2065 5735 2269 5810 placuit
2302 5739 2540 5814 Gretscri
2571 5742 2775 5814 versio,
2841 5753 3154 5811 quanquam
3180 5735 3397 5814 fuit_vir
3419 5735 3617 5814 doctus
3645 5747 3661 5797 ;

386 5829 575 5872 rerum
605 5805 725 5886 ipsa
751 5805 926 5886 series
954 5812 1170 5886 videtur
1198 5811 1438 5886 exigere,
1463 5805 1694 5880 excepta
1740 5819 1955 5886 tempu-
2064 5805 2187 5881 quze
2221 5820 2315 5886 tu,
2335 5812 2530 5885 lector,
2557 5805 2769 5870 collata
2794 5805 3092 5885 utri-usque
3153 5807 3415 5867 versione
3461 5805 3662 5863 melius

383 5901 509 5948 rum
544 5879 792 5954 ratione;
837 5885 1111 5959 signiﬁcat
1143 5879 1424 5941 enim’Leo
1453 5879 1649 5940 recens
1697 5879 1955 5957 adeptum
2063 5879 2373 5940 censueris.
