4124 6320
474 342 548 405 23
1700 340 1979 403 LEONIS
2011 341 2476 404 PHILOSOPHI
3658 339 3730 403 24

473 454 790 526 Concepisti
829 453 884 510 in
918 461 1096 520 utero,
1129 467 1193 509 ac
1214 469 1337 508 eum
1367 453 1648 528 complexa
1673 471 1756 519 es,
1783 458 1875 526 qui
1909 473 2057 512 com-

2179 461 2424 530 Ιρόσθες,
2457 462 2506 514 εί
2547 458 2752 530 βούλει,
2779 476 2878 531 την
2914 458 3202 532 ἐπαινέτην
3231 457 3324 512 τοῦ
3365 457 3584 527 γυναίου
3618 463 3736 528 φωε-

478 547 738 619 plectitur
759 546 943 601 omnia
970 563 987 600 :
1020 560 1216 615 capere
1257 546 1628 614 licuit,‘quem
1662 548 1787 603 coeli
1815 549 2054 604 latitudo

2179 555 2272 624 r'pr
2303 553 2582 621 Μακαρία
2609 552 2649 618 ’ἡ
2696 553 2897 607 κοιλία
2922 567 3060 608 σου.
3096 553 3306 614 Ὄντως
3336 549 3445 622 γὰρ
3489 547 3738 620 μακαρία

478 656 585 694 non
617 638 811 708 capit:
838 682 841 683 ν
867 653 991 693 eum
1031 638 1262 707 portasti
1286 677 1302 701 ,
1333 637 1497 706 cujus
1528 641 1711 694 omnia
1764 649 1897 695 nutu
1929 655 2059 709 por-

471 736 684 782 tantur.
707 726 976 797 Peperisti
1010 726 1327 783 novissimis
1350 730 1689 797 temporibus
1719 745 1867 795 enm,
1894 745 2054 800 quem

479 829 607 875 ante
645 820 845 874 saecula
884 820 1050 874 Pater
1083 817 1296 890 genuit.
1347 818 1500 873 Adde
1530 860 1546 882 ,
1596 822 1641 877 si
1685 820 1855 886 libet,
1887 837 2061 877 enco-

479 907 788 965 mlasticam
831 925 1048 980 quoque
1088 910 1237 964 illam
1291 911 1537 966 mulieris
1577 925 1812 965 vocem:
1863 911 2062 967 Beatus

480 1010 655 1056 venter
687 1012 808 1056 tuus
835 1001 904 1056 ³⁸.
960 999 1100 1058 Vere
1151 1001 1298 1057 enim
1341 1001 1534 1058 beatus
1573 1001 1665 1073 qui
1716 1018 1840 1057 eum
1905 1012 2065 1074 partu

479 1093 714 1149 ediderit
742 1093 837 1162 qui
886 1093 1059 1150 verbo
1098 1094 1273 1150 edidit
1321 1098 1622 1153 universa:
1655 1095 1750 1165 qui
1781 1098 2061 1152 caelestem

482 1185 634 1240 illum
671 1201 865 1254 panem
916 1187 1180 1254 miscuit;
1220 1187 1380 1256 cujus
1415 1202 1612 1257 opera,
1654 1188 1936 1242 decretum
1967 1202 2064 1243 ex-

484 1280 592 1334 silii
621 1280 888 1335 adversus
920 1280 1305 1335 inobedientia:
1335 1295 1459 1342 reos
1490 1281 1864 1350 conscriptum
1888 1319 1907 1345 ,
1928 1280 2065 1335 abo-

482 1371 639 1426 litum
663 1381 789 1438 est;
835 1375 1150 1440 scitumque
1188 1372 1395 1426 factum
1421 1413 1440 1439 ,
1474 1373 1623 1442 quod
1654 1373 1718 1427 ad
1747 1374 2062 1442 primmvam

483 1465 718 1535 patriam
764 1465 1078 1522 revertendi
1135 1465 1371 1521 facultas
1411 1463 1829 1520 concederetur.
1877 1462 2067 1534 Neque

2154 644 2189 715 ἡ
2216 641 2453 696 τεκοῦσα
2479 643 2570 696 τὸν
2595 643 2933 697 ἀποτεκόντα
2958 641 3027 696 τὰ
3055 641 3238 697 πάντα
3264 641 3341 712 τῷ
3371 641 3513 711 λόγῳ
3538 654 3552 669 ·
3582 641 3617 711 ἡ
3645 637 3741 693 τὸν

2153 732 2406 803 οὐράνιον
2448 733 2611 805 ἄρτον
2637 734 2928 804 φυράσασα
2951 750 2966 766 ο
3006 734 3075 788 δι’
3104 730 3174 808 ἦς
3219 735 3254 805 ἡ
3316 734 3604 805 ὑπερόριος
3636 733 3743 788 ἁπ-

2156 824 2410 894 ἡλειπται
2448 827 2634 896 γραφὴ
2682 827 2798 890 τοῖς
2816 828 2880 880 ἐκ
2918 827 3202 898 παρακοῆς
3253 824 3602 889 καταδίκοις,
3645 821 3742 876 καὶ

2168 915 2330 970 πάλιν
2356 917 2453 986 τῆς
2497 915 2732 986 ἀρχαίας
2765 917 3061 972 ἐπιϐαίνειν
3095 915 3355 986 πατρίδος
3380 913 3596 985 ἐγράφη
3634 911 3744 984 ψῆο

2169 1025 2289 1078 (ρος.
2347 1008 2480 1062 Οὐδὲ
2517 1008 2676 1062 τοῦτο
2726 1010 2892 1080 ἐρεῖς,
2947 1010 3008 1061 τὸ
3054 1011 3205 1062 ποῖον
3249 1008 3335 1062 ὃτι
3394 1006 3646 1070 καλέσεις
3681 1004 3744 1059 se

2168 1101 2342 1173 δνομα
2379 1100 2544 1155 αὑτοῦ
2563 1117 2579 1132 ο
2611 1100 2724 1154 ἀλλ’
2755 1100 2928 1164 είποις
2959 1101 3059 1155 ἄν·
3091 1101 3199 1154 Ἴδε
3231 1116 3313 1154 σοι
3344 1099 3413 1154 τὰ
3447 1095 3743 1167 εὐαγγέλια

2170 1189 2251 1255 οἷς
2281 1193 2446 1247 πάλαι
2481 1192 2867 1264 ἡμφισϐήτεις,
2905 1192 3009 1246 ἀνὰ
3037 1193 3218 1246 πᾶσαν
3241 1190 3338 1264 τὴν
3368 1193 3472 1262 γῆν
3501 1187 3744 1258 μεγαλὑὲ

2170 1301 2344 1340 νεται.
2387 1284 2618 1355 Σωτῆρα
2666 1284 2774 1355 γὰρ
2821 1283 3030 1338 τδν’σὸν
3075 1284 3205 1338 Υἱδν
3255 1275 3433 1338 πάντα
3469 1282 3746 1351 καυχᾶται

2174 1375 2584 1445 ἐπικεκλημένοι
2617 1375 2682 1429 τὰ
2713 1374 2947 1446 πέρατα,
2972 1375 3030 1446 ὲν
3057 1373 3208 1445 αὐτῷ
3240 1374 3400 1446 μόνον
3430 1372 3528 1444 τὴν
3567 1387 3745 1442 σωτη-

2176 1466 2296 1535 ρίαν
2321 1465 2618 1536 εὐράμενα.

484 1555 616 1609 illud
667 1557 944 1626 proferes,
979 1559 1254 1626 quodnam
1279 1558 1400 1628 ejus
1439 1558 1518 1612 sis
1543 1565 1798 1612 vocatura
1833 1572 2074 1624 nomen;
2113 1558 2206 1612 sed
2247 1557 2430 1612 dices:
2466 1556 2606 1611 Ecce
2657 1558 2857 1627 reipsa,
2888 1556 2955 1612 de
2975 1557 3179 1628 quibus
3247 1556 3378 1611 olim
3435 1557 3746 1623 dubitabas,

485 1649 666 1706 fausta
714 1649 904 1702 nuntia
924 1688 940 1710 ,
969 1657 1084 1702 toto
1110 1648 1256 1702 clare
1281 1647 1628 1704 celebrantur
1655 1647 1810 1704 orbe.
1847 1645 2066 1706 Omnes
2097 1648 2244 1705 enim
2277 1649 2411 1704 lines
2444 1661 2600 1704 terra:
2630 1649 2937 1719 gloriantur
2967 1650 3046 1705 tui
3079 1648 3204 1706 Filii
3267 1651 3638 1720 invocatione,
3690 1655 3747 1708 in

484 1760 598 1815 quo
636 1743 754 1797 solo
776 1744 1036 1796 invenere
1068 1741 1326 1795 salutem.

559 1836 769 1905 Ergone
796 1834 1050 1888 thronum
1097 1832 1264 1889 David
1298 1834 1642 1905 proparentis
1685 1836 1887 1893 tacitus
1919 1850 2059 1908 ρεαδ·
2087 1842 2134 1896 Β

485 1927 676 1982 teribis
702 1967 718 1994 ,
751 1939 818 1978 an
868 1925 951 1978 vel
996 1923 1052 1978 in
1092 1924 1285 1994 primis
1320 1925 1442 1994 ejus
1487 1925 1656 1981 facies
1692 1925 2068 1982 mentionem?

485 2018 714 2084 Cernis,
741 2018 911 2087 Virgo
934 2057 949 2080 ,
981 2032 1103 2085 quae
1147 2017 1246 2072 tibi
1291 2018 1421 2072 olim
1455 2018 1809 2072 nuntiabam?
1836 2003 2085 2083 Cernis,

486 2118 686 2180 quanta
715 2112 884 2180 gloria
909 2108 1081 2164 Filius
1115 2119 1240 2166 tuus
1267 2120 1553 2180 paternum
1603 2109 1802 2164 solium
1843 2109 2069 2164 teneat?

487 2201 607 2259 Non
648 2204 794 2258 enim
846 2211 1058 2257 tantum
1116 2217 1280 2257 unam
1343 2203 1628 2260 nationem
1697 2201 1906 2257 ditione
1974 2219 2071 2258 re-

488 2297 610 2367 git,
680 2311 860 2365 neque
917 2310 1081 2349 unam
1166 2294 1500 2366 provinciam
1587 2294 1802 2365 exiguis
1883 2297 2075 2352 termi-

489 2391 578 2446 nis
610 2389 1121 2460 circnmscriptam;
1169 2389 1262 2445 sed
1311 2389 1515 2459 pariter
1557 2388 1616 2443 in
1682 2389 1871 2445 omnia
1904 2391 2071 2446 caele-

490 2481 941 2548 stia,terrestria,
973 2490 1028 2536 et
1052 2480 1225 2535 infera
1253 2481 1682 2537 dominationem
1715 2481 1900 2538 habet.
1926 2481 2069 2549 Quid

490 2570 699 2641 igitur?
731 2572 812 2625 An
853 2571 1032 2627 adhuc
1055 2613 1070 2639 ,
1103 2586 1136 2627 ο
1165 2572 1408 2628 caelestis
1444 2587 1644 2642 ιιι-ποθ,
1685 2583 1836 2629 tuam
1876 2575 2066 2631 nobis-

491 2677 617 2718 cum
646 2663 1015 2717 laudationem
1043 2663 1386 2735 conjunges?
1408 2680 1475 2718 an
1499 2675 1558 2719 ut
1586 2681 1694 2719 non
1724 2666 1950 2735 ignarus
1972 2682 2070 2723 e0-

491 2770 636 2818 rum,
662 2753 862 2823 quibus
889 2755 1161 2825 praeconia
1193 2763 1283 2809 tua
1335 2755 1494 2823 longe
1528 2757 1888 2813 excellentius
1911 2774 2073 2813 exub-

492 2860 614 2910 ncs,
640 2852 748 2898 tam
776 2847 1025 2915 grandia,
1060 2847 1452 2902 communione
1485 2857 1687 2903 nostra:
1718 2849 2068 2915 humilitatis,

493 2952 840 3008 nequaquam
868 2937 1101 3007 deprimi
1132 2938 1404 3008 patieris?
1433 2937 1600 2994 Planc
1634 2939 1782 2994 enim
1814 2941 1918 2995 alia
1941 2956 2076 3011 pro-

496 3027 939 3098 feres,quaequc
987 3030 1129 3084 haud
1183 3029 1344 3084 facile
1379 3028 1434 3083 in
1492 3029 1909 3100 intelligentiam
1972 3046 2077 3086 no-

2235 1829 2359 1901 'Ap'
2391 1823 2484 1882 οὖν
2517 1825 2658 1906 eum;
2684 1825 2773 1880 τὸν
2801 1825 2991 1896 θρόνον
3030 1824 3194 1879 Δαδὶδ
3223 1823 3318 1880 τοῦ
3363 1826 3746 1898 προπάτορος,

2167 1922 2203 1994 ἢ
2230 1921 2446 1977 πάντων
2487 1917 2722 1987 μάλιστα
2753 1914 2912 1970 τοῦτο
2949 1917 3129 1988 ὲρεῖςς
3176 1917 3376 1987 Ὁρᾷς,
3411 1918 3677 1990 Παρθένε,
3714 1919 3749 1974 ἃ.

2168 2013 2336 2068 πάλαι
2377 2012 2612 2083 ἐμήνυον
2639 2025 2656 2075 ;
2716 2008 2902 2082 Ὁρᾷς,
2933 2009 3051 2080 μεθ’
3079 2010 3212 2080 ὅσης
3239 2009 3400 2079 δόξης
3445 2012 3473 2064 ό
3505 2011 3596 2074 σὸς
3624 2011 3750 2075 Υἱὸς

2167 2106 2245 2177 τῷ
2291 2103 2542 2175 πατρικῷ
2572 2100 2749 2175 θρόνῳ
2777 2101 3044 2172 κάθηταις
3079 2100 3192 2154 Οὐκ
3235 2100 3423 2164 ἔθνους
3458 2103 3597 2167 ἑνὸς,
3627 2101 3752 2160 οὐδὲ

2167 2202 2272 2270 γῆς
2302 2195 2717 2269 εὐπεριορίστου
2739 2211 2755 2226 °
2790 2177 2906 2249 ἀλλ’
2931 2195 3066 2266 ὁμοῦ
3100 2195 3431 2267 συμπάντων
3460 2193 3748 2266 οὐρανίων,

2168 2292 2263 2346 καὶ
2282 2290 2562 2359 ἐπιγείων,
2588 2288 2682 2342 καὶ
2713 2288 3083 2358 καταχθονίων
3106 2287 3204 2360 τὴν
3226 2289 3452 2360 κυρείαν
3477 2286 3639 2358 ἔχων.
3684 2288 3753 2341 Τί

2168 2383 2297 2452 οὖν;
2333 2385 2455 2438 Ἔτι
2483 2384 2581 2437 σὺν
2609 2383 2740 2452 ἡμῖν
2780 2380 3035 2444 εἰσοίσεις
3070 2381 3168 2453 τὴν
3197 2368 3495 2452 εὐφημίαν,
3523 2384 3552 2434 δ
3582 2381 3751 2451 οὐρά-

2166 2498 2284 2548 νιος
2325 2477 2736 2551 ⁸ιτανηγυριστὴς
2757 2519 2771 2544 ,
2799 2477 2832 2548 ἡ
2870 2477 2966 2532 ἅτε
2993 2475 3170 2541 εἰδὼς,
3195 2471 3278 2540 οἷς
3307 2475 3487 2547 πολλῷ
3530 2476 3753 2546 ἄμεινον

2169 2575 2271 2648 τὴν
2307 2573 2406 2645 σὴν
2439 2572 2745 2643 πανήγυριν
2791 2568 3076 2640 σεμνύνεις
3099 2609 3116 2634 ,
3151 2569 3252 2623 οὐκ
3288 2570 3456 2641 ἀνέχῃ
3482 2569 3550 2623 τὰ
3585 2567 3652 2623 σὰ
3683 2570 3751 2638 τῇ

2170 2667 2419 2738 ἡμετέρᾳ
2445 2659 2833 2718 ταπεινοῦσθαι
2861 2663 3154 2733 κοινωνίῃ
3190 2661 3384 2726 Είποις
3418 2663 3526 2734 γὰρ
3558 2662 3622 2716 ἂν
3655 2661 3752 2716 καὶ

2171 2758 2288 2816 ἄλλ’
2317 2758 2474 2822 ἅττα,
2504 2755 2542 2810 ἃ
2580 2754 2695 2828 ’μὲν
2727 2754 2868 2825 πρὸς
2908 2753 3007 2826 τὴν
3047 2754 3321 2827 ἡμετέραν
3364 2753 3634 2820 διάνοιαν,
3664 2748 3753 2807 οἷα

2173 2853 2240 2924 δὴ
2285 2853 2388 2926 τῆς
2418 2850 2656 2922 γεώδους
2700 2849 2930 2921 ὁμίχλης
2964 2847 3402 2918 ἐπιπροσθούσης
3425 2887 3442 2911 ,
3469 2847 3531 2900 οὐ
3573 2847 3756 2918 ῥᾴδιον

2175 2947 2501 3018 φαίνεσθαισ
2559 2944 2626 2998 ob
2683 2944 2730 2999 δ’
2788 2940 3211 3013 ἀπηλλαγμένος
3264 2941 3464 3010 γνόφου
3516 2940 3754 3004 παντός·

2179 3037 2382 3111 μᾶλλον
2421 3037 2468 3092 δ’
2499 3036 2609 3092 ἀπὸ
2631 3033 2726 3089 τοῦ
2749 3035 2965 3106 πρώτου
2995 3031 3172 3103 φωτὸς
3198 3031 3470 3106 μηδεμιᾶς
3494 3031 3596 3104 τὴν
3623 3029 3759 3102 μέθ-

495 3127 692 3184 stram,
721 3127 938 3174 terrena
973 3120 1235 3174 nimirum
1272 3119 1506 3190 caligine
1532 3118 1948 3186 circumfusam,
1977 3134 2076 3174 ca-

2179 3129 2290 3197 εξιν
2336 3126 2768 3199 διατειχιζούσης
2809 3123 3042 3187 ὑλώδους
3087 3123 3402 3188 συστάσεως
3475 3121 3763 3196 έκλαμπό-

496 3211 665 3266 dant:
699 3221 754 3266 at
790 3222 846 3266 tu
909 3213 1174 3268 omnibus
1216 3211 1459 3270 tenebris
1487 3212 1722 3278 solutus,
1751 3219 1805 3267 et
1839 3226 1871 3266 a
1901 3214 2078 3282 primo

2184 3240 2363 3294 μενος,
2397 3223 2459 3275 οὑ
2489 3220 2743 3294 χαλεπῶς
2773 3219 3032 3290 καθορᾷς.
3083 3218 3244 3274 Ἀλλὰ
3279 3215 3356 3290 τῷ
3397 3217 3499 3289 μὲν
3531 3213 3762 3287 ἀρχηγῷ

498 3305 857 3360 collustratus
891 3304 1116 3370 lumine,
1149 3320 1178 3358 a
1211 3306 1371 3375 cujus
1397 3304 1818 3376 participatione
1848 3307 1999 3362 nulla
2030 3313 2084 3363 te

500 3397 800 3451 materialis
836 3397 1116 3452 concretio
1161 3405 1349 3462 arcet,
1407 3397 1522 3453 lucc
1573 3396 1735 3453 facile
1780 3385 2081 3454 conlueris.

504 3488 707 3544 Verum
736 3531 752 3556 ,
806 3491 1111 3561 principem
1165 3492 1483 3560 angelorum
1512 3531 1526 3557 ,
1577 3505 1642 3545 eo
1697 3506 1807 3562 quo
1850 3489 2086 3546 voluerit

501 3580 698 3645 modo,
735 3581 1103 3637 laudationem
1154 3581 1446 3638 instituere
1490 3584 1764 3640 sinamus.
1807 3581 1920 3639 Nos
1953 3597 2085 3639 vero

503 3674 674 3743 quid?
720 3673 860 3728 Num
903 3675 995 3729 hic
1046 3673 1271 3747 gradqu
1314 3673 1577 3745 figemus,
1621 3675 1809 3745 illique
1840 3675 1980 3740 soli,
2009 3673 2083 3730 ob

502 3769 877 3838 praestantiam
911 3767 1198 3838 dignitatis
1227 3784 1332 3837 qua
1375 3782 1476 3823 nos
1509 3769 1798 3839 praecellit,
1827 3769 2082 3824 commit-

505 3869 706 3920 temus.
739 3869 797 3914 ut
834 3857 1096 3930 Reginam
1149 3869 1336 3914 nostra
1371 3876 1436 3915 ex
1486 3862 1655 3931 stirpe
1687 3871 1864 3916 ortam
1901 3860 2082 3917 laudi-

504 3951 610 4006 bus
643 3951 1004 4007 cohonestet?
1033 3952 1112 4006 An
1133 3959 1186 4007 et
1216 3960 1612 4022 nos,quantum
1627 3953 1845 4022 assequi
1869 3951 2088 4031 licebit,

505 4058 601 4099 ora
621 4045 674 4098 in
697 4042 886 4099 laudes
914 4044 1225 4100 solvamus?
1252 4043 1513 4116 Equidem
1532 4045 1606 4099 ita
1629 4059 1848 4101 censeo.
1875 4043 2083 4111 Quam-

507 4141 596 4194 vis
625 4139 771 4208 euim
812 4139 906 4194 ille
965 4138 1146 4195 laudis
1207 4141 1450 4195 texendae
1476 4139 1692 4195 doctior
1739 4138 1939 4195 artifex
1973 4145 2084 4206 est,

508 4231 642 4286 nihil
666 4239 848 4287 tamen
887 4229 1096 4302 Regina
1118 4231 1298 4287 minus
1317 4232 1492 4288 libens
1511 4232 1579 4288 ab
1602 4232 1669 4288 iis
1687 4233 1938 4303 accipiet,
1956 4247 2082 4304 quo-

2180 3316 2289 3370 τῶν
2320 3315 2587 3384 ἀγγέλων,
2608 3315 2756 3379 ὅπως
2784 3315 2848 3368 ἂν
2865 3313 3125 3384 βούλοιτο,
3150 3312 3271 3366 καθ’
3297 3311 3460 3366 αὑτὸν
3480 3308 3760 3364 διαθέσθαι

2181 3405 2279 3480 τὴν
2322 3406 2600 3477 εὐφημίαν
2644 3407 2988 3477 παρήσομεν.
3037 3405 3231 3474 Ἡμεῖς
3268 3403 3326 3458 δὲ
3378 3403 3466 3470 τίς
3505 3396 3634 3472 ’Ἆρ’
3675 3401 3764 3454 ἐν-

2180 3501 2356 3555 ταῦθα
2401 3499 2782 3570 καταλύσομεν
2817 3498 3012 3570 ἐκείνῳ
3048 3498 3192 3570 μόνῳ
3235 3495 3625 3557 καταλιπόντες
3646 3532 3664 3553 ,
3692 3490 3764 3546 δι’

2182 3596 2250 3667 ἡν
2294 3591 2404 3664 ἔχει
2447 3593 2587 3664 πρὸς
2625 3591 2773 3664 ἡμᾶς
2806 3590 3146 3662 ὑπερϐολὴν,
3195 3589 3296 3660 τὴν
3341 3591 3406 3643 ὲκ
3441 3586 3537 3641 τοῦ
3572 3585 3768 3655 γένους
3867 3655 3872 3658 _

2189 3685 2436 3758 βασιλίδα
2459 3684 2740 3756 γεραίρειν
2760 3723 2775 3750 ,
2799 3681 2833 3754 ἡ
2862 3683 2960 3739 καὶ
2984 3683 3145 3752 ἡμεῖς
3165 3683 3290 3737 ὅσον
3313 3681 3532 3751 ἐφικτὸν
3559 3679 3658 3732 οὑκ
3686 3679 3768 3742 είς

2188 3776 2432 3848 ἀφωνίαν
2461 3771 2941 3846 περιστησόμεθας
2967 3771 3183 3838 Ἔγωγε
3199 3768 3356 3823 τοῦτό
3381 3785 3543 3838 φημι.
3570 3767 3633 3819 Εἰ
3656 3762 3766 3834 γὰρ

2191 3867 2286 3922 καὶ
2315 3867 2540 3937 ἄμεινον
2573 3864 2736 3929 αὐτὸς
2759 3861 3108 3927 διασκευάζει
3136 3860 3235 3932 τὴν
3264 3859 3560 3931 εὐφημίαν,
3585 3856 3699 3911 ἀλλ’
3727 3856 3764 3927 ἡ

2189 3977 2253 4028 γε
2287 3959 2507 4022 Βασιλις
2535 3957 2644 4010 τῶν
2675 3953 2954 4026 συγγενῶν
2979 3953 3431 4024 οὑκ,ἀηδέστερον
3452 3948 3647 4016 δέξαιτ’
3679 3948 3766 4003 ἄν.

2194 4053 2403 4106 Ἷσασιν
2452 4051 2488 4106 ἃ
2531 4051 2716 4120 λέγω,
2765 4051 2884 4106 ὅσοι
2924 4046 2994 4104 τὰ
3033 4041 3270 4117 συγγενῆ
3310 4043 3509 4116 φίλιρα
3551 4040 3769 4112 καθαρὰ

2190 4143 2608 4217 περισώζουσιν.

508 4337 629 4378 rum
647 4323 966 4392 cognatione
999 4323 1215 4394 gaudet_
1246 4322 1462 4380 Norunt
1484 4339 1606 4394 quae
1635 4324 1781 4390 dico,
1813 4331 2081 4395 quotquot
2101 4322 2444 4392 cognationis
2465 4334 2704 4375 amorem
2728 4318 2997 4374 illibatum
3029 4318 3408 4387 integrumque
3427 4309 3773 4370 custodiunt.

579 4414 721 4486 Ergo
749 4424 804 4469 ct
828 4429 930 4470 nos
967 4416 1212 4486 virgineo
1241 4416 1482 4471 thalamo
1507 4417 1850 4488 hymenaeum
1878 4417 2082 4472 decan-

510 4516 708 4564 tcmus.
743 4507 912 4564 Porro
948 4511 1089 4566 nihil
1128 4512 1383 4582 prohibet
1415 4519 1475 4566 ut
1511 4529 1579 4568 ne
1609 4512 1872 4585 hymenaei
1913 4512 2079 4568 totius

2260 4413 2470 4468 Οὐκοῦν
2498 4414 2600 4469 καὶ
2624 4413 2788 4482 ἡμεῖς
2819 4409 2900 4479 τῷ
2936 4408 3188 4480 νυμφῶνι
3223 4407 3364 4463 κατὰ
3393 4405 3486 4459 τὸν
3512 4403 3771 4474 ὑμέναιον

2187 4506 2424 4578 ᾄδωμεν.
2455 4503 2622 4559 Οὐδὲν
2647 4503 2707 4558 δὲ
2735 4500 2934 4557 κωλὺει
2959 4495 3049 4556 οἷά
3073 4517 3196 4555 τινα
3225 4497 3470 4570 κορυφὴν
3492 4496 3599 4550 τῶν
3629 4496 3769 4567 ὑμε·

509 4599 660 4654 velut
692 4610 857 4671 caput
887 4602 1160 4672 quoddam
1198 4618 1385 4658 vocem
1422 4604 1600 4674 angeli
1627 4583 1956 4660 statuamus.
1977 4600 2078 4657 Νοε

2189 4597 2354 4651 ναίων
2384 4596 2574 4650 θέσθαι
2597 4594 2699 4665 τὴν
2727 4594 2822 4649 τοῦ
2851 4593 3085 4664 ἀγγέλου
3115 4593 3319 4662 φωνήν.
3343 4590 3476 4644 Οὐδὲ
3508 4588 3618 4660 γὰρ
3643 4588 3771 4659 περὶ

511 4709 619 4761 quc
648 4695 793 4749 enim
841 4696 910 4750 ob
939 4696 992 4750 id
1028 4697 1189 4773 nobis
1250 4695 1469 4752 Gabriel
1502 4698 1649 4752 litem
1701 4696 1970 4762 intendet,
2011 4699 2088 4751 si-

513 4787 734 4856 quidem
785 4789 876 4842 ille
923 4804 954 4843 a
989 4788 1211 4860 Reginae
1267 4805 1389 4846 eam
1441 4799 1726 4861 acceperat
1777 4789 1955 4857 Filio,
1994 4790 2088 4861 qui

514 4879 634 4948 ipse
679 4877 906 4947 junctus
951 4880 1108 4935 nobis
1149 4891 1233 4935 est
1265 4881 1633 4950 cognatione:
1675 4895 1739 4935 ac
1772 4895 1837 4935 eo
1865 4894 2081 4950 accepc.

514 4976 600 5023 rat
630 4969 755 5034 fine,
782 4978 841 5023 ut
867 4971 1074 5026 nostris
1113 4986 1234 5026 eam
1272 4973 1498 5027 auribus
1526 4972 1854 5028 succineret.
1893 4971 2094 5026 Accla-

515 5075 730 5117 mcutus
759 5063 924 5133 igitur
951 5062 1056 5117 Ave
1079 5106 1096 5130 ,
1133 5063 1210 5118 illi
1274 5065 1556 5135 gratiose;
1598 5079 1696 5134 per
1741 5075 1790 5121 te
1829 5064 2092 5120 Dominus

516 5155 825 5210 nobiscum.
884 5154 1171 5212 Paululum
1239 5158 1522 5211 immutata
1587 5173 1721 5212 voce
1792 5157 2092 5212 clamemus

515 5245 661 5307 Ave;
691 5253 770 5309 tu,
807 5244 1053 5316 inquam,
1093 5263 1216 5318 quae
1242 5256 1502 5318 tanquam
1531 5247 1702 5302 lilium
1741 5249 1788 5280 "
1816 5248 1873 5302 iu
1911 5247 2092 5304 medio

517 5340 898 5395 confusissimi
945 5357 1010 5397 ac
1052 5342 1519 5412 pcrturbatissimi
1579 5344 1831 5397 humanae
1879 5350 2096 5397 natura:

521 5433 841 5502 passionum
893 5435 1008 5506 agri
1056 5435 1391 5502 effloruisti;
1436 5436 1788 5506 quamobrem
1818 5450 1910 5491 rex
1939 5451 1968 5489 a
1995 5450 2095 5491 sua

520 5522 880 5588 celsitudine,
916 5525 1052 5580 nihil
1102 5527 1219 5596 ipse
1267 5527 1811 5595 dctrimcntipassus
1858 5525 2091 5582 descen-

521 5611 688 5678 dens,
730 5630 851 5667 cum
898 5617 1185 5687 terrigenis
1223 5616 1519 5684 habitavit;
1559 5631 1683 5673 cum
1724 5633 1792 5672 ex
1837 5626 1931 5672 tua
1986 5616 2091 5673 sibi

598 5789 640 5818 ἰ
674 5786 802 5844 Luc.
840 5808 896 5853 ιι,
927 5791 1016 5846 27.
1099 5793 1140 5827 ⁸⁵
1187 5792 1341 5850 Cant.
1403 5810 1462 5860 ιιι,
1515 5795 1570 5852 ε’..

2185 4689 2392 4755 ταύτης
2425 4688 2559 4758 ἡμῖν
2588 4685 2833 4759 Γαϐριὴλ
2882 4683 3327 4754 ἀμφισϐητήσει,
3361 4682 3443 4733 ὅτι
3489 4680 3582 4733 καὶ
3619 4679 3770 4749 παρὰ

2187 4780 2283 4836 τοῦ
2319 4778 2516 4843 Ilum;
2547 4779 2647 4847 τῆς
2690 4777 2968 4840 Βασιλίδος
3011 4776 3180 4845 αὐτὴν
3218 4775 3464 4838 ὲδέςατοο
3505 4769 3772 4840 συγγενὴς

2188 4872 2234 4928 δ’
2264 4873 2426 4936 αὐτὸς
2453 4872 2588 4942 ἡμῖν
2610 4887 2626 4901 ο
2657 4870 2754 4924 καὶ
2782 4867 2922 4925 ὥστε
2953 4869 3091 4938 πρὸς
3124 4867 3270 4937 ἡμᾶς
3307 4863 3624 4935 ὑπηχῆσαι,
3657 4861 3769 4914 ἐδέο

2193 4967 2342 5033 ξατο.
2364 4965 2540 5034 Χαῖρε
2562 4961 2853 5035 τοιγαροῦν
2871 4963 2936 5033 τῇ
2972 4958 3385 5030 κεχαριτωμένη
3413 4956 3624 5028 βοῶμεν
3645 4973 3659 4988 ·
3685 4954 3774 5010 διὰ

2197 5058 2292 5110 σοῦ
2332 5059 2361 5110 ὁ
2386 5057 2591 5128 Κύριος
2625 5053 2743 5126 μεθ’
2767 5050 3148 5124 ἡμῶν.Βραχὺ
3183 5049 3280 5120 τὴν
3311 5048 3492 5120 φωνὴν
3528 5046 3773 5103 ὑπαλλὰ-

2199 5150 2408 5217 ξαντες,
2444 5148 2622 5218 Χαῖρε
2643 5146 2875 5218 βοῶμεν,
2898 5147 2933 5215 ἡ
2962 5143 3152 5212 ὥσπερ
3179 5141 3364 5212 κρίνον
3397 5141 3455 5194 ὲν
3491 5139 3642 5209 μέσῳ
3677 5134 3772 5191 τοῦ

2198 5240 2610 5320 πολυσυγχὺτου
2643 5238 2752 5294 τῶν
2803 5236 2992 5292 παθῶν
3033 5233 3236 5306 χωρίου
3283 5233 3382 5302 τῆς
3425 5229 3775 5302 ἀνθρωπίνης

2199 5335 2416 5406 φύσεως
2446 5333 2943 5403 ἀναϐλαστῆσασα,
2979 5329 3074 5382 καὶ
3102 5327 3190 5380 διὰ
3229 5325 3388 5379 τοῦτο
3428 5323 3523 5378 τοὺ
3569 5321 3774 5378 οἰκείου

2201 5426 2369 5497 ὕψους
2413 5423 2702 5487 ἀκενώτως
2753 5423 2782 5475 ὁ
2830 5419 3084 5491 βασιλεὺς
3133 5416 3450 5480 κατελθὼν,
3499 5412 3636 5485 μετά
3664 5410 3774 5466 τῶν

2199 5521 2353 5576 κάτω
2392 5516 2746 5589 συνῴκησεν⁸
2805 5515 2871 5568 ὲκ
2902 5511 3002 5584 τῆς
3054 5511 3153 5582 σῆς
3207 5508 3436 5572 εὐωδίας
3484 5505 3578 5566 τὸν
3627 5497 3777 5558 οἷκον

2200 5615 2515 5689 πηξάμενος
2544 5609 2743 5682 ἑαυτῷ.
2779 5609 2984 5678 Χαῖρε,
3035 5607 3130 5661 τὸν
3182 5604 3434 5676 οὐράνιον
3466 5602 3600 5676 ἡμῖν
3643 5601 3777 5657 ἀνα-
