4098 6292
390 388 459 457 25
1147 393 1435 458 ORATIO
1469 395 1587 458 ΙΙΙ.
1608 421 1665 433 -ο
1703 394 1780 457 ΙΝ
1805 396 1872 458 Β.
1905 396 1976 458 Μ.

2079 394 2170 456 [1E
2203 391 2921 458 ANNUNTIATIONEM.
3610 388 3682 453 26

390 507 637 575 πτύξασα
667 511 1040 583 μαργαρίτην,
1063 503 1204 565 δι’οῦ
1234 509 1333 582 τῆς
1360 509 1694 584 προγονικῆς
1717 500 1976 582 πτωχείας

2095 508 2469 566 suaveolentia
2515 508 2737 564 domum
2775 504 3200 562 construxisset.
3250 504 3376 572 Ave,
3407 519 3529 575 qua
3560 521 3678 561 cte-

388 600 806 672 ἀπηλλάγημεν.
839 602 1036 673 Χαῖρε,
1068 604 1136 657 δι’
1163 597 1232 676 ἧς
1262 605 1342 669 είς
1373 604 1657 673 ἀμείνονος
1682 606 1981 659 ἀνανέωσιν

389 692 593 764 κόσμου
618 693 712 748 τοῦ
739 692 934 759 γένους
955 695 1432 765 κατακλυζομένου
1462 695 1686 766 σπέρμα
1707 695 1982 766 σωτηρίας

387 784 704 857 διετηρήθη.
747 785 943 856 Χαῖρε,
981 786 1195 857 ῥάϐδος,
1242 782 1312 858 ἧς
1366 786 1768 858 ἐπειλημμένος
1797 788 1825 839 ὁ
1857 784 1980 841 δεύ-

387 890 547 946 τερος
588 875 831 945 Μωσῆς,
874 875 1072 946 μᾶλλον
1100 875 1156 928 δὲ
1187 873 1284 928 τοῦ
1327 874 1557 929 παλαιοῦ
1606 874 1979 947 πρεσϐύτερος

390 965 484 1020 καὶ
519 967 810 1035 δεσπότης,
858 967 1067 1036 βυθίζει
1120 967 1218 1036 μὲν
1269 968 1395 1032 τοὺς
1431 965 1760 1034 διώκοντας,
1815 967 1977 1032 σώζει

388 1059 444 1114 δὲ
473 1061 604 1124 τοὺς
629 1059 708 1132 τῷ
741 1059 900 1130 πηλῷ
934 1061 1029 1115 καὶ
1080 1059 1285 1132 πλίνθῳ
1329 1060 1427 1132 τῆς
1470 1059 1748 1131 ἁμαρτίας
1785 1076 1980 1130 τετρυ-

387 1152 691 1224 χωμένους.
713 1151 912 1223 Χαῖρε,
934 1152 1250 1224 παράδεισε,
1271 1144 1332 1206 οὗ
1347 1152 1425 1224 τῷ
1437 1152 1636 1225 καρπῷ
1655 1153 1978 1224 τραφέντες,

385 1246 477 1299 τὸν
511 1245 858 1316 προσφυέντα
885 1247 1020 1318 ἡμῖν
1065 1246 1390 1318 φθοροποιὸν
1431 1246 1508 1299 ἱὸν
1557 1244 1975 1315 ἀνεπτύσαμεν,

388 1336 526 1406 πρὸς
569 1335 814 1406 ἀνθηρὰν
862 1335 920 1388 δὲ
960 1336 1055 1388 καὶ
1089 1337 1287 1407 ἀγήρω
1322 1334 1464 1388 ίδέαν
1509 1333 1976 1404 μετεποιήθημεν.

386 1425 718 1499 Βουληθείης
749 1427 816 1481 ἂν
848 1428 978 1498 ἡμῖν
1006 1427 1344 1498 ἐπιτρέπειν,
1370 1425 1570 1497 άμωμε
1607 1422 1836 1494 Νύμφη,
1868 1421 1979 1475 τῶν

387 1519 497 1572 σῶν
538 1521 860 1593 μνήστρων,
897 1519 934 1575 ά
980 1521 1009 1573 ό
1046 1519 1235 1591 Πατὴρ
1265 1519 1354 1574 διὰ
1399 1518 1507 1572 τῶν
1557 1515 1855 1588 ὑποφητῶν
1884 1515 1978 1571 τοῦ

387 1609 702 1681 Πνεύματος
747 1612 1074 1682 ἐχαρίσατο,
1122 1611 1204 1675 είς
1252 1609 1518 1682 ἐργασίαν
1549 1610 1650 1680 τῆς
1701 1607 1980 1679 εὐφημίας

383 1701 652 1767 λαϐόντας
693 1702 1114 1775 ἀποχρήσασθαι
1141 1721 1157 1770 ;
1191 1702 1301 1756 Καὶ
1330 1702 1498 1768 ἔστιν,
1541 1702 1637 1755 καὶ
1668 1700 1976 1772 ἐπιτρέπει.

383 1797 579 1866 Χαῖρε,
611 1795 700 1850 διὰ
727 1795 888 1850 τοῦτο
913 1796 1151 1868 βοῶμεν,
1181 1789 1226 1849 ὧ
1255 1794 1408 1867 βάτε,
1440 1795 1508 1849 δι’
1547 1790 1615 1868 ἧς
1657 1795 1718 1848 τὸ
1747 1795 1981 1865 ὕπερον-

2085 601 2276 656 lestem
2310 598 2663 669 margaritam
2693 598 2855 654 nobis
2884 595 3192 662 reclusisti,
3218 609 3328 666 qua
3375 611 3569 651 sumus
3610 595 3682 650 ab

2083 692 2230 748 avita
2273 698 2515 762 egestate
2548 690 2784 744 liberati.
2819 693 2941 751 Ave,
2973 703 3071 758 per
3099 703 3263 758 quam
3290 731 3307 756 ,
3333 687 3404 743 ad
3435 689 3680 744 melioris

2084 783 2273 838 mundi
2299 781 2737 854 reparationem,
2767 779 3012 834 humano
3029 779 3214 850 generi
3262 780 3428 834 undis
3457 780 3676 842 obruto,

2082 892 2272 933 semen
2316 876 2515 932 salutis
2561 883 2948 930 conservatum
2998 873 3123 929 fuit.
3167 874 3314 940 Are,
3347 874 3498 945 virga
3524 914 3538 938 ,
3571 890 3678 940 qua

2083 977 2368 1038 assumpta
2397 1007 2412 1029 ,
2451 965 2731 1022 secundus
2762 963 2946 1021 Moses
2970 1005 2987 1030 ,
3035 980 3128 1020 seu
3161 965 3346 1035 potius
3375 965 3542 1018 veteri
3583 955 3678 1018 illo

2083 1062 2296 1126 senior,
2324 1058 2725 1129 Dominusque,
2759 1072 2884 1112 cum
2916 1065 3300 1126 persecutores
3333 1057 3632 1128 submergit
3661 1096 3676 1119 ,

2084 1163 2199 1208 tum
2235 1166 2333 1207 eos
2377 1150 2576 1216 salvat,
2609 1163 2748 1219 quos
2779 1148 2932 1203 labor
2961 1148 3060 1202 luti
3118 1156 3174 1201 et
3201 1147 3432 1202 laterum
3468 1150 3677 1219 peccati

2081 1247 2389 1301 attriverat.
2421 1244 2552 1307 Ave,
2591 1241 2850 1313 paradise
2871 1278 2888 1307 ,
2919 1241 3083 1311 cujus
3114 1240 3209 1294 alti
3250 1239 3431 1294 [ructu
3451 1281 3466 1305 ,
3504 1239 3677 1294 adna-

2082 1345 2189 1391 tam
2241 1335 2493 1391 letbaletn
2546 1334 2854 1403 rubiginem
2913 1332 3351 1403 abjeclmus,.et
3416 1331 3489 1388 ad
3520 1330 3676 1387 ﬂori-

2087 1430 2223 1496 damj
2258 1427 2510 1498 seniique
2553 1435 2831 1496 expertem
2904 1425 3138 1479 formam
3187 1421 3424 1478 traducti
3462 1438 3674 1478 smnus.

2080 1522 2315 1579 Libetne
2370 1520 2700 1592 permittas,
2733 1534 2765 1573 ο
2818 1517 3173 1573 immaculata
3215 1515 3469 1586 Sponsa,
3521 1523 3580 1570 ut
3608 1517 3677 1570 ad

2081 1611 2418 1686 perte‘xenda
2448 1620 2540 1667 tua
2571 1611 2851 1684 praeconia
2882 1609 2951 1665 iis
2980 1602 3306 1674 abutamiir,
3340 1623 3461 1680 quae
3489 1606 3674 1672 Pater,

2080 1707 2231 1762 velut
2289 1705 2604 1773 nuptiarum
2665 1711 2886 1760 tuarum
2934 1702 3328 1768 arrhabonem,
3395 1717 3491 1773 per
3545 1702 3676 1772 Spi-

2082 1799 2228 1853 ritus
2267 1799 2449 1853 sancti
2480 1798 2812 1867 interpretes
2847 1810 2912 1851 ac
2947 1795 3346 1859 internuntios,
3403 1793 3676 1850 donavit?

384 1889 569 1960 ράνιον
599 1887 852 1960 ἐδηλοῦτο
885 1891 1208 1960 μυστήριον,
1251 1888 1446 1960 ὅτιπερ
1475 1887 1536 1942 τὸ
1582 1888 1846 1941 άοτεκτον
1874 1885 1976 1957 τῆς

2079 1889 2233 1946 Licet
2261 1889 2468 1959 utique,
2501 1891 2898 1960 permittitque.
2932 1887 3115 1953 Salve,
3155 1887 3321 1958 igitur
3348 1887 3672 1950 clamemus,

382 1982 650 2052 Θεότητος
694 1981 804 2053 πῦρ
843 1980 945 2050 τῆς
987 1980 1508 2053 ἀνθρωπίνηςῦλης
1549 1979 1976 2052 ἐπειλημμένον,

382 2073 474 2128 τοῦ
510 2072 611 2145 μὲν
640 2074 818 2142 φωτὸς
857 2074 1042 2145 ἐνήσει
1079 2074 1178 2142 τὴν
1225 2075 1460 2145 μετοχὴν
1485 2090 1500 2104 υ
1537 2073 1597 2126 οὐ
1649 2071 1974 2142 καταφλέξει

381 2164 460 2231 δὲ,
483 2165 595 2218 οὐδ’
622 2165 845 2236 άφανιεῖ
868 2163 1372 2237 περιδεδραγμένην
1398 2165 1496 2236 τὴν
1535 2165 1698 2236 φύσιν
1722 2166 1820 2235 τῆς
1848 2163 1978 2218 Θεό-

380 2275 542 2327 τητος
576 2259 644 2328 τῇ
677 2257 859 2328 φλογί.
892 2256 1090 2328 Χαῖρε,
1120 2257 1335 2327 λυχνία,
1371 2256 1430 2322 ἐξ
1455 2253 1520 2330 ἧς
1550 2258 1609 2311 τὸ
1635 2258 1977 2328 ἀπαύγασμα

380 2350 474 2404 τοῦ
511 2351 730 2422 Πατρὸς
774 2349 1032 2422 λάμψαν,
1076 2351 1470 2422 ἁνιερούμενον
1511 2349 1605 2404 τὸν
1643 2350 1847 2421 κόσμον
1897 2352 1977 2414 εἰς

382 2445 507 2498 ναὸν
552 2442 634 2517 τῷ
687 2443 1018 2516 Γεννήτορι,
1072 2445 1268 2514 φέγγει
1311 2443 1410 2515 τῆς
1460 2442 1659 2497 ἑαυτοῦ
1701 2443 1978 2514 κατελάμ-

382 2551 552 2603 πρυνε
601 2532 975 2602 ἐπιγνώσεως.
1009 2534 1203 2603 Χαῖρε,
1239 2534 1535 2609 ἀκρότομε,
1583 2532 1643 2596 ἐξ
1687 2527 1755 2604 ἧς
1803 2535 1830 2586 ὁ
1859 2550 1976 2602 χει-

385 2629 631 2700 μάρρους
659 2629 757 2698 τῆς
795 2626 942 2699 ζωῆς
975 2626 1308 2692 ἀναϐλύσας,
1334 2627 1463 2690 τοὺς
1493 2628 1617 2680 ὅσον
1650 2625 1805 2681 οὔπω
1835 2627 1977 2696 δίψει

383 2719 658 2792 σωτηρίας
691 2718 1047 2790 τεθνήξεσθαι
1079 2717 1395 2788 μέλλοντας,
1429 2719 1490 2771 οὺ
1536 2718 1698 2787 μόνον
1737 2721 1801 2790 τῇ
1833 2719 1978 2789 ζωη-

384 2812 535 2884 φόρῳ
583 2815 740 2866 πόσει
785 2810 1146 2879 ἀνεδιώσατο,
1189 2811 1329 2865 ἀλλὰ
1369 2811 1466 2866 καὶ
1494 2814 1674 2865 πάντα
1717 2811 1887 2884 ῥύπον
1916 2812 1977 2865 ὃν

381 2905 445 2957 ἐκ
472 2905 703 2974 πορείας
731 2904 842 2957 τῶν
870 2903 1060 2958 παθῶν
1098 2903 1560 2975 προσετρίψαντο,
1597 2903 1797 2958 ἔδωκεν
1839 2905 1977 2959 άπο-

381 2997 700 3053 λούσασθαι.
751 2998 947 3068 Χαῖρε,
991 2998 1188 3066 νεφέλη
1213 3037 1228 3062 ,
1255 2992 1344 3075 ἰῆς
1379 2998 1669 3061 ἀνατείλας
1708 2999 1736 3050 ό
1761 3001 1859 3069 τῆς
1891 2997 1975 3051 δι-

383 3094 682 3160 καιοσύνης
717 3090 892 3162 ἥλιος,
932 3091 1033 3162 τῆς
1062 3091 1318 3155 ἀπιστίας
1355 3091 1448 3145 τὸν
1477 3091 1640 3161 ζόφον
1671 3093 1752 3155 είς
1795 3094 1976 3146 πάντα

382 3184 686 3255 κεχυμένον
708 3182 777 3236 τὰ
809 3185 1044 3256 πέρατα,
1079 3181 1397 3255 ἐξηφάνισε,
1426 3183 1542 3253 φῶς
1576 3183 1828 3253 ἀνασχὼν
1857 3183 1976 3237 θεο-

380 3277 641 3348 γνωσίας,
669 3271 752 3340 οἷς
781 3278 860 3339 εἰς
887 3276 1174 3348 ἀντίληψιν
1205 3275 1352 3330 θείου
1389 3277 1568 3346 φωτὸς
1601 3277 1663 3330 τὸ
1689 3277 1841 3348 ὄμμα
1869 3277 1971 3330 οὐκ

379 3370 583 3424 ἀτονεῖ.
629 3368 752 3422 Ἐτι
794 3366 894 3440 μὲν
925 3363 1018 3421 οῦν
1049 3386 1129 3422 σοι
1173 3371 1239 3440 τῇ
1274 3369 1440 3438 όσφῦι
1474 3369 1899 3441 θαλαμευομένῃ
1944 3370 1973 3422 ὁ

381 3461 466 3516 σοὶ
499 3459 632 3515 ἐϐόα
686 3461 1012 3531 προπάτωρο
1043 3463 1370 3524 Ἄκουσον,
1399 3463 1677 3532 θύγατερ,
1717 3459 1816 3515 καὶ
1860 3461 1972 3527 ἴδε,

379 3554 479 3610 καὶ
515 3552 735 3609 κλῖνον
761 3553 830 3608 τὸ
869 3550 979 3622 οὖς
1012 3571 1152 3621 σου,
1195 3557 1294 3611 καὶ
1333 3555 1625 3611 ἐπιλάθου
1665 3555 1772 3609 τοῦ
1821 3554 1975 3610 λαοῦ

379 3661 533 3714 σου,
566 3646 668 3702 καὶ
709 3647 818 3702 τοῦ
868 3649 1040 3703 οἴκου
1089 3649 1199 3703 τοῦ
1242 3648 1466 3718 πατρός
1499 3665 1637 3703 σου.
1697 3649 1978 3712 Ἤκουσας

379 3739 573 3815 ὅντως,
618 3739 654 3810 ἡ
714 3737 852 3810 σοφὴ
889 3739 1158 3812 θυγάτηρ,
1210 3741 1304 3794 τοῦ
1341 3739 1828 3810 παρεγγέλματος,
1884 3741 1977 3793 καὶ

381 3829 649 3885 ἐπελάθου
692 3830 789 3884 τοῦ
823 3831 952 3883 λαοῦ
987 3848 1113 3897 σου,
1160 3830 1256 3884 καὶ
1283 3831 1511 3902 κλήρου,
1545 3830 1641 3884 κα)⁸
1685 3831 1836 3883 οἴκου
1869 3847 1975 3884 πα-

378 3920 588 3993 τρῴου·
635 3922 840 3994 κλήρου
882 3923 1114 3989 ἐκείνου,
1153 3923 1213 3978 ὃν
1266 3925 1299 3995 ἡ
1348 3926 1653 3996 προμήτωρ
1698 3921 1833 3986 Εὕα,
1867 3923 1974 3994 ὅλῳ

2079 1998 2114 2038 o
2171 1983 2402 2048 rube“,
2457 1995 2555 2053 per
2610 1995 2773 2050 quem
2833 1979 2992 2034 caelis
3058 1978 3226 2035 altius
3286 1977 3676 2034 declarabatur

2079 2073 2407 2146 mysterium
2459 2088 2474 2127 :
2533 2081 2592 2127 ut
2637 2066 2898 2126 nimirum
2945 2070 3309 2142 importabilis
3347 2069 3439 2126 ille
3488 2069 3674 2125 Deita-

2077 2166 2150 2220 tis
2210 2164 2376 2235 ignis,
2431 2162 2777 2233 apprehensa
2842 2161 3082 2217 humana
3137 2161 3391 2226 materia,
3444 2161 3672 2216 luminis

2079 2259 2298 2330 quidem
2353 2257 2798 2312 communionem
2862 2261 3012 2310 esset
3094 2254 3470 2318 immissurus,
3511 2251 3668 2308 haud

2077 2361 2261 2408 tamen
2295 2351 2710 2412 combusturus,
2739 2354 2942 2418 autque
2971 2354 3359 2416 assumpturus
3393 2354 3671 2409 naturam,

2076 2459 2242 2515 quam
2303 2442 2664 2512 corripuisset
2729 2440 2960 2495 Deitatis
3017 2437 3259 2495 ﬂamma.
3315 2437 3500 2504 Salve,
3534 2452 3670 2494 cano

2079 2536 2389 2600 delubrum,
2448 2549 2514 2588 ex
2573 2547 2686 2603 quo
2741 2530 2923 2587 Patris
2978 2529 3244 2602 splendor
3317 2530 3668 2596 eluccscens,

2080 2630 2346 2683 mundum
2401 2624 2651 2680 Genitori
2694 2623 2750 2678 in
2783 2624 3050 2691 templum
3100 2621 3382 2688 dedicans,
3415 2623 3670 2679 eumdem

2077 2736 2193 2776 suae
2222 2720 2551 2790 c0gnitionis
2584 2717 2792 2772 lumine
2845 2716 3212 2772 collustravit.
3262 2713 3442 2781 Salve,
3472 2715 3671 2771 duris-

2078 2810 2216 2866 sima
2271 2817 2447 2880 petra,
2487 2823 2557 2862 ex
2597 2823 2704 2878 qua
2761 2807 2890 2862 vitae
2941 2814 3159 2861 torrens
3192 2818 3420 2861 exortus
3452 2806 3516 2871 ’⁷,
3547 2822 3667 2872 eos,

2079 2905 2176 2973 qui
2238 2902 2466 2973 jatnjam
2523 2901 2615 2956 siti
2643 2914 2827 2956 rerum
2876 2899 2943 2953 ad
2998 2900 3232 2954 salutem
3277 2900 3670 2968 pertinentium

2078 2996 2334 3051 morituri
2391 3001 2572 3059 erant,
2601 2993 2800 3050 nedum
2838 2991 2992 3047 vitali
3047 2992 3318 3047 recreavit
3367 3000 3522 3061 potu,
3570 2991 3670 3047 sed

2077 3095 2132 3143 et
2175 3103 2370 3142 omnes
2430 3087 2641 3152 sordes,
2668 3099 2810 3156 quas
2839 3099 2871 3139 a
2903 3085 3163 3139 vitiorum
3219 3082 3304 3138 via
3360 3084 3670 3138 contraxis-

2078 3191 2223 3248 sent,
2267 3180 2412 3236 ablui
2466 3178 2761 3237 concessit.
2810 3175 2994 3245 Salve,
3039 3177 3232 3244 nubes,
3295 3192 3360 3232 ex
3424 3192 3530 3246 qua
3585 3176 3676 3247 ju-

2084 3276 2250 3332 stitiat
2326 3275 2420 3331 Sol
2492 3274 2795 3339 exsistens,
2861 3271 3202 3326 inﬁdelitatis
3255 3271 3546 3341 caliginem
3611 3271 3668 3326 in

2069 3382 2262 3422 omnes
2317 3373 2475 3421 terra:
2528 3364 2664 3421 lines
2708 3363 2981 3426 diﬂ'usam,
3030 3363 3285 3432 disiecit;
3331 3363 3547 3418 sublato
3585 3362 3670 3416 di-

2083 3460 2225 3515 vinae
2254 3459 2594 3531 cognitionis
2626 3458 2834 3513 lumine
2892 3456 2981 3517 iis,
3014 3457 3218 3526 quibus
3271 3456 3412 3510 oculi
3463 3455 3529 3509 ad
3581 3455 3670 3510 di-

2076 3554 2271 3608 vinum
2332 3555 2516 3607 lumen
2574 3548 2940 3606 hauriendum
2996 3565 3106 3605 non
3155 3548 3474 3604 caecutiunt.
3532 3545 3668 3603 Cum

2077 3647 2226 3702 enim
2279 3646 2464 3700 adhuc
2500 3646 2552 3700 in
2588 3645 2790 3699 lumbis
2838 3644 3082 3714 paternis
3118 3643 3513 3707 continereris,
3542 3648 3670 3698 tuus

2086 3739 2186 3796 tibi
2241 3740 2517 3796 clamabat
2567 3738 2919 3810 progenitor:
2979 3739 3142 3802 Audi,
3174 3737 3314 3807 ﬁlia,
3360 3747 3412 3792 et
3443 3737 3578 3803 vide,
3616 3746 3670 3791 et

2076 3834 2273 3889 inclina
2306 3849 2496 3888 aurem
2543 3841 2732 3895 tuam;
2768 3841 2816 3886 et
2847 3831 3154 3887 obliviscere
3205 3830 3457 3900 populum
3496 3841 3666 3896 tuum,

2074 3937 2122 3982 et
2184 3926 2404 3979 domum
2458 3925 2630 3994 patris
2691 3925 2771 3978 tui
2801 3923 2875 3978 ".
2905 3922 3075 3979 Plane
3129 3923 3414 3988 audivisti,
3449 3922 3668 3994 sapiens

379 4013 457 4085 τῷ
487 4015 639 4082 γένει
691 4014 960 4086 διένειμε,
992 4015 1094 4088 ,τὸν
1155 4017 1350 4087 μυρίον
1394 4014 1506 4068 τῶν
1551 4014 1740 4068 παθῶν
1774 4014 1972 4085 φόρτον

2079 4020 2205 4083 lilia,
2239 4018 2773 4084 comtnonitionem,_
2809 4033 2979 4088 esque
3028 4017 3196 4072 oblita
3227 4016 3411 4088 pepuli
3466 4016 3564 4080 tui,
3602 4029 3668 4069 ac

381 4102 849 4176 κληροδοτήσασα.
892 4104 1059 4158 Οὐδὲν
1091 4106 1297 4160 τούτων
1340 4106 1402 4159 οὐ
1444 4104 1541 4177 μὲν
1585 4102 1680 4160 οὖν
1714 4106 1792 4170 είς
1823 4104 1971 4160 οἶκον

2082 4111 2437 4177 luereditatis,
2500 4112 2807 4179 domusque
2859 4120 3133 4181 patet-nat:
3192 4106 3669 4168 baereditatis.in-

379 4194 593 4265 ήγάγου
625 4197 718 4249 τὸν
753 4197 866 4250 σόν.
890 4196 990 4250 Διά
1010 4197 1169 4250 τοῦτο
1193 4199 1220 4251 ὁ
1251 4199 1513 4262 Βασιλεὺς
1541 4198 1759 4270 ἠγάσθη
1790 4201 1972 4271 σετῆς

2079 4219 2268 4273 quam,
2325 4201 2472 4257 illius
2549 4216 2614 4256 ac
2668 4204 2858 4266 sortis,
2925 4216 3089 4272 quam
3145 4199 3485 4271 progenitrix
3553 4199 3664 4253 Eva

379 4286 621 4358 ψυχικῆς
649 4288 1004 4362 εὐπρεπείας,
1035 4295 1130 4347 καὶ
1161 4291 1398 4364 Νύμφην
1431 4292 1734 4358 ἐξελέξατο.

2079 4294 2264 4365 generi
2327 4294 2585 4348 universo
2633 4293 2954 4362 distribuit;
3011 4291 3397 4348 innumerabili
3449 4291 3665 4361 passio-

381 4393 511 4434 num
571 4395 638 4436 ac
697 4381 1054 4441 aﬂ'ectionum
1121 4387 1342 4442 cumulo
1402 4387 1550 4442 velut
1621 4385 1968 4441 hat-reditario
2007 4387 2130 4458 jure
2187 4387 2402 4442 relicto.
2431 4389 2499 4440 At
2557 4387 2694 4442 nihil
2760 4389 2957 4442 horum
3009 4394 3159 4441 tuam
3211 4386 3268 4441 in
3312 4387 3534 4440 domum
3581 4384 3666 4440 iu-

381 4475 602 4538 tulisti:
665 4489 954 4550 propterea
1013 4479 1156 4549 Rex,
1200 4485 1367 4536 tuam
1434 4483 1600 4535 animi
1664 4480 2132 4552 pulchritudinem
2195 4482 2524 4548 admiratus,
2555 4495 2606 4539 te
2637 4483 2742 4539 sibi
2791 4483 2848 4538 in
2892 4481 3163 4552 Sponsam
3195 4480 3417 4552 delegit.

448 4667 549 4724 Διά
575 4662 736 4721 τοῦτό
766 4679 849 4716 σοι
876 4659 972 4714 νῦν
1004 4655 1093 4714 οἷα
1119 4659 1361 4714 Βασιλίδι
1397 4659 1844 4735 λειτουργοῦμεν,
1878 4663 1970 4716 καὶ

2147 4661 2224 4715 Ea
2278 4661 2346 4717 de
2402 4676 2566 4717 causa
2622 4678 2770 4717 nunc
2816 4663 2915 4718 tibi
2970 4673 3229 4736 tanquam
3271 4662 3495 4736 Regina:
3557 4663 3662 4718 mi-

381 4761 458 4834 τῷ
477 4755 760 4831 προσώπῳ
794 4770 890 4807 σου
916 4752 1270 4821 λιτανεύομεν
1291 4792 1306 4819 ,
1337 4751 1438 4822 τὴν
1475 4754 1574 4824 σὴν
1611 4753 1768 4818 δόξαν
1798 4771 1970 4807 κατα-

2079 4755 2399 4819 nistrzunus,
2435 4763 2641 4826 tuoque
2673 4758 2845 4809 vultui
2891 4757 3288 4827 supplicamus,
3326 4766 3433 4811 tua;
3474 4757 3663 4827 gloria

382 4850 794 4921 πλουτούμενοι.
849 4843 982 4899 Ἰδού
1029 4861 1091 4898 σε
1131 4846 1305 4899 πᾶσαι
1335 4846 1544 4914 γενεαὶ,
1575 4847 1719 4901 κατὰ
1740 4845 1838 4917 τὴν
1871 4846 1968 4917 σὴν

2079 4847 2298 4903 divitias
2354 4849 2570 4905 abunde
2631 4851 2940 4905 consecuti.
3003 4851 3146 4907 Ecce
3179 4865 3372 4905 omnes
3427 4866 3664 4922 genera-

380 4941 865 5019 προαναφώνησιν,
899 4936 1318 5008 μακαρίζουσιν.
1395 4937 1656 5007 Ἐποίησε
1721 4940 1830 5009 γάρ
1886 4955 1970 4991 σοι

2079 4942 2276 5006 tiones,
2311 4950 2368 4996 ut
2402 4941 2702 5009 praedixisti
2728 4945 2793 5009 ",
2831 4953 2882 4999 te
2912 4945 3126 4998 beatam
3179 4943 3503 5013 praedicant.
3558 4941 3662 4998 Fe-

383 5037 652 5112 μεγαλεῖα
689 5033 719 5087 ό
756 5030 1017 5097 δυνατὸς,
1052 5031 1116 5083 ἐκ
1146 5029 1240 5082 σοῦ
1282 5027 1358 5092 ὡς
1409 5033 1467 5083 ἐν
1503 5031 1968 5101 παραπετάσματι

2079 5034 2148 5089 cit
2203 5033 2348 5088 enim
2385 5034 2481 5089 tibi
2514 5049 2708 5106 magna
2763 5035 2855 5104 qui
2902 5042 3094 5105 potens
3130 5044 3235 5099 est,
3270 5049 3337 5089 ex
3391 5043 3443 5088 te
3470 5048 3660 5100 carne,

377 5134 442 5204 τῇ
467 5129 636 5202 σαρκὶ
666 5121 967 5196 προελθὼν,
1004 5121 1099 5175 καὶ
1151 5120 1396 5175 καθελὼν
1427 5121 1694 5186 δυνάστας
1717 5163 1732 5189 ,
1764 5125 1856 5177 καὶ
1879 5123 1973 5182 ἀν.

2079 5128 2234 5199 quasi
2277 5126 2397 5183 velo
2446 5136 2622 5183 tectus
2681 5128 2965 5199 prodiens.
3024 5127 3417 5196 deponensque
3471 5134 3663 5197 poten-

375 5220 602 5291 υψώσας
632 5217 762 5280 τοὺς
800 5211 1116 5276 ταπεινούς.
1169 5211 1428 5282 Ἐποίησέ
1463 5230 1546 5266 σοι
1581 5213 1976 5283 μεγαλεῖα,ούκ

2079 5227 2182 5288 tes,
2247 5231 2413 5290 atque
2455 5221 2706 5276 exultans
2775 5220 3030 5276 humiles.
3083 5219 3237 5274 Fecit
3295 5220 3391 5275 tibi
3443 5235 3660 5291 magna,

378 5315 436 5368 ἐν
480 5310 703 5381 γενεαῖς
751 5307 910 5379 μόνον
954 5303 1262 5376 ἀνθρώπων
1283 5345 1300 5370 ,
1330 5305 1469 5359 ἀλλὰ
1505 5306 1602 5359 καὶ
1640 5307 1699 5360 ἐν
1725 5309 1976 5378 οὐρανοῖς

2079 5309 2276 5362 nedum
2332 5310 2386 5363 in
2437 5310 2890 5381 generationibus
2957 5310 3263 5374 hominum,
3322 5308 3418 5365 sed
3478 5319 3532 5365 et
3605 5311 3660 5365 in

377 5403 475 5477 τὴν
506 5405 612 5474 σὴν
654 5400 814 5465 δόξαν
841 5394 1259 5469 ἀναστηλώσας.
1301 5397 1442 5468 Ἤδη
1476 5399 1584 5470 γάρ
1619 5399 1720 5471 ἢδη
1762 5400 1857 5454 καὶ
1886 5401 1975 5472 δή·

2079 5399 2228 5455 cmlis
2252 5399 2440 5468 gloriae
2487 5410 2596 5454 tute
2650 5401 2869 5454 titulum
2924 5401 3163 5472 erigens.
3202 5399 3322 5455 Jam
3356 5401 3660 5472 cnim,jam

383 5515 503 5569 μοις
550 5492 806 5565 ἀγγέλων
861 5489 1168 5563 ἐπέραστόν
1227 5490 1346 5544 ἐστι
1404 5491 1488 5545 σοὶ
1534 5495 1836 5563 προσάγειν
1871 5492 1971 5565 τὴν

2079 5493 2392 5563 angelorum
2454 5493 2589 5565 ipsis
2643 5494 2863 5565 populis
2919 5495 3079 5551 dulce
3132 5505 3239 5560 est,
3278 5507 3336 5550 ut
3390 5496 3489 5550 tibi
3525 5495 3660 5551 olfe-

381 5590 587 5644 αῖνεσιν
609 5602 625 5618 ο
655 5585 753 5640 καὶ
783 5582 1150 5655 μακαρίζουσι
1190 5599 1249 5636 σε
1275 5582 1353 5647 ὡς
1395 5583 1671 5648 Βασιλέως
1698 5585 1928 5657 Μητέρα
1946 5625 1963 5652 ,

2079 5594 2203 5640 rant
2259 5584 2502 5650 laudem,
2566 5593 2734 5655 atque
2795 5594 2856 5639 ut
2911 5586 3072 5657 Regis
3135 5586 3383 5651 Matrem,
3446 5586 3662 5642 beatam

380 5679 442 5736 τδ
486 5679 574 5734 σοὶ
622 5677 965 5749 λειτουργεῖν
995 5673 1120 5730 ἀντὶ⁹
1150 5674 1354 5740 παντὸς
1392 5674 1706 5748 τιθέμενοι,
1739 5675 1816 5742 ὠς
1862 5676 1967 5748 τῆς

2079 5679 2414 5750 praedicant;
2469 5678 2721 5750 nihilque
2793 5687 2977 5750 potius
3023 5681 3223 5739 habent
3275 5696 3438 5754 quam
3472 5687 3531 5736 ut
3561 5678 3660 5735 tibi

471 5860 520 5897 “
569 5857 747 5918 Exod.
795 5872 878 5929 ιιι,
931 5854 988 5913 2.
1077 5857 1122 5891 ’τ
1184 5857 1355 5916 Exod.
1394 5873 1526 5924 xvu,
1567 5858 1619 5915 5.
1655 5816 1657 5819 γ
1694 5856 1912 5917 “Psal.
1955 5873 2099 5928 xuv,
2154 5861 2212 5918 ‘2.

2313 5863 2358 5895 ’θ
2392 5860 2525 5919 Luc.
2582 5875 2642 5932 ιι,
2668 5859 2736 5918 48
2782 5878 2936 5935 seqq.
