4124 6320
419 395 490 459 27
1398 438 1401 439 κ
1474 402 1479 406 ’
1662 396 1941 458 LEONIS
1970 394 2440 458 PHILOSOPHI
3636 377 3709 442 28

421 508 766 573 inserviant,
820 511 916 567 cui
972 511 1277 581 impensum
1352 507 1678 579 obsequium
1732 510 1799 563 ad
1851 508 2020 564 lilium

2139 513 2225 582 τῆς
2273 507 2573 580 θεραπείας
2614 499 3001 569 διαδαινοὺσης
3038 497 3173 568 πρὸς
3210 496 3301 550 τὸν
3341 494 3493 551 Υίόν.
3542 495 3711 549 Εὐλο-

423 601 664 656 trausire
722 613 1068 675 compertum
1111 602 1367 656 habeant.
1430 599 1770 654 Benedicunt
1816 608 1870 654 te
1918 613 2015 654 so-

424 693 533 748 lam
574 691 953 761 benedictam,
1016 694 1180 764 cujus
1226 692 1377 747 dulei
1441 701 1603 762 partu
1662 705 1890 746 amarus
1934 691 2019 745 in-

426 782 757 843 obedientiae
819 796 1014 859 partus
1068 787 1307 842 abolitus
1368 796 1493 852 est,
1535 798 1729 854 nempe
1792 782 2019 838 maledi-

432 878 572 935 ctio.
606 880 946 936 Benedicunt
978 889 1054 945 te,
1086 888 1277 949 utpote
1312 878 1595 933 hominum
1627 876 2019 941 amantissimi,

431 977 527 1044 qui
593 974 874 1029 hominem
920 974 1164 1035 videant,
1224 972 1417 1027 h-aude
1467 985 1497 1025 a
1539 968 1895 1025 beatitudinis
1930 968 2019 1023 illa

434 1068 769 1123 sublimitate
818 1065 1111 1132 deiectum,
1163 1065 1365 1119 nedum
1399 1064 1464 1119 ad
1494 1064 1741 1121 eamdem
1797 1074 2024 1116 revoca-

438 1168 578 1223 tum,
630 1158 727 1214 sed
758 1165 813 1212 et
836 1157 1029 1211 divino
1084 1157 1227 1211 solio
1249 1156 1538 1211 donatum.
1598 1152 1665 1209 Ut
1714 1152 1846 1221 quid
1891 1165 2024 1206 vero

437 1254 564 1323 quis
612 1261 719 1306 tua:
762 1261 993 1305 conetur
1050 1251 1237 1319 gloria:
1298 1247 1733 1320 magnitudinem
1805 1242 2025 1298 metiri?

439 1345 682 1400 Facilius
736 1344 984 1397 arbitror
1048 1342 1173 1395 coeli
1227 1340 1435 1399 sidera.
1479 1354 1643 1408 quam
1713 1351 1833 1390 eam
1897 1349 2025 1389 ora-

441 1440 595 1492 tione
647 1435 965 1506 complecti.
1012 1433 1103 1499 At,
1153 1449 1185 1487 ο
1234 1434 1387 1500 virgo
1425 1440 1479 1486 et
1532 1439 1729 1496 mater,
1778 1443 1903 1499 qua:
1938 1442 2026 1481 so-

440 1531 492 1584 la
549 1529 871 1585 cmlestibus
932 1526 1035 1581 ‘his
1098 1525 1297 1595 Opibus
1353 1523 1569 1589 afﬂuis;
1621 1537 1744 1593 quae
1795 1521 2025 1574 dicenda

442 1621 790 1694 suggessisti,
825 1600 888 1675 ea
941 1630 997 1673 et
1054 1617 1315 1672 diximus.
1375 1616 1520 1671 Nihil
1590 1617 1738 1671 enim
1806 1628 2024 1677 meum;

440 1715 537 1770 sed
587 1721 643 1767 et
700 1713 908 1782 lingua,
964 1718 1019 1765 et
1065 1711 1265 1773 oratio,
1314 1718 1369 1765 et
1414 1723 1664 1776 regnum,
1696 1722 1762 1761 ac
1802 1706 1849 1761 si
1893 1705 2026 1777 quid

442 1804 586 1859 aliud
617 1810 720 1867 est,
755 1804 807 1858 id
840 1815 1004 1856 omne
1037 1807 1146 1855 tua:
1176 1815 1321 1855 cura:
1348 1813 1411 1852 ac
1448 1798 1847 1853 benevolentiae
1896 1812 2020 1849 mu-

2116 604 2274 675 τοῦσί
2312 620 2373 656 σε
2402 602 2500 674 τὴν
2531 600 2698 671 μόνην
2725 598 2921 667 εὐλογη
2932 596 3119 666 μένην,
3147 585 3215 665 ῆς
3241 592 3319 662 τῷ
3348 591 3544 659 γλυκεῖ
3563 590 3710 661 τόκῳ

2118 697 2147 746 ὁ
2201 692 2403 764 πικρὸς
2456 691 2557 761 τῆς
2608 688 2894 759 παρακοῆς
2942 683 3220 755 ἠφανίσθη
3268 682 3461 747 τόκος,
3495 683 3529 753 ή
3575 681 3709 751 ἀρά.

2122 786 2416 856 Εὑλογοῦσί
2456 800 2515 839 σε
2548 778 2637 837 οἶα
2676 782 2743 853 δὴ
2796 778 3207 851 φιλάνθρωποι,
3252 776 3344 829 τὸν
3378 775 3439 840 ἐξ
3492 773 3710 844 ἀπάτης

2122 880 2503 934 καταπεσόντα
2532 878 2824 949 ἄνθρωπον
2845 874 2939 929 τοῦ
2959 873 3059 943 τῆς
3086 869 3494 942 μακαριότητος
3517 868 3710 936 ὕψους,

2121 973 2183 1026 οὗ
2214 972 2373 1043 μόνον
2396 972 2531 1041 πρὸς
2554 970 2723 1041 αὐτὴν
2750 966 3029 1021 ἀναϐάντα
3058 965 3220 1017 πάλιν
3246 1002 3261 1026 ,
3292 962 3427 1015 ἀλλά
3446 959 3523 1031 τῷ
3543 955 3711 1027 θεῖκῷ

2124 1070 2299 1141 θρόνῳ
2327 1067 2636 1138 καθήμενον
2655 1063 3026 1132 καθορῶντες.
3061 1063 3170 1116 Καὶ
3192 1057 3246 1112 τί
3278 1057 3342 1110 ἄν
3373 1075 3456 1120 τις
3486 1054 3585 1126 τὴν
3613 1051 3714 1123 σὴν

2123 1164 2282 1230 δόξαν
2331 1159 2673 1231 ἐπιχειροίη,
2723 1158 2824 1226 ὅση
2882 1173 2966 1217 τις
3002 1153 3368 1223 ἁναμετρεῖνς
3423 1150 3550 1220 ρᾷον
3603 1145 3716 1218 γὰρ

2124 1252 2277 1326 οἶμαι
2319 1254 2550 1326 οὐρανοῦ
2613 1254 2821 1323 ἄστρα,
2873 1250 2907 1320 ῆ
2966 1248 3170 1317 ταύτην
3221 1245 3366 1313 λόγῳ
3416 1240 3713 1296 διαλαϐεῖν.

2139 1348 2305 1413 Ἀλλ’,
2336 1341 2381 1401 ὣ
2430 1346 2671 1416 παρθένε
2730 1343 2824 1397 καὶ
2882 1344 3077 1413 μῆτερ,
3113 1341 3146 1409 ἡ
3183 1338 3320 1407 μόνη
3364 1336 3433 1389 τὰ
3464 1331 3717 1405 ὑπερφυῆ

2126 1439 2297 1495 ταῦτα
2338 1439 2723 1509 πλουτήσασα,
2764 1436 2799 1491 ἃ
2846 1434 3123 1505 παρέσχες
3164 1428 3482 1499 ὑπηχῆσαι,
3518 1427 3613 1479 καὶ⁵
3652 1423 3719 1495 δὴ

2128 1534 2345 1606 εἴρηται
2377 1534 2530 1604 ἡμῖν.
2581 1530 2750 1584 Οὐδὲν
2792 1529 2902 1598 γὰρ
2938 1529 3104 1595 ἐμόν’
3151 1524 3288 1576 ἀλλὰ
3334 1520 3431 1574 καὶ
3461 1518 3715 1588 γλῶσσα,

2128 1624 2224 1679 καὶ
2253 1623 2519 1695 βασιλεία,
2553 1620 2648 1675 καὶ
2679 1621 2788 1672 πᾶν
2816 1618 2866 1670 εἴ
2890 1634 2943 1669 τι
2971 1614 3122 1675 ἄλλο,
3151 1613 3251 1681 τῆς
3284 1611 3383 1681 σῆς
3408 1612 3524 1662 ἐστι
3548 1607 3720 1677 δῶρον

2130 1715 2478 1787 κηδεμονίας.
2512 1714 2603 1767 Διὸ
2634 1712 2700 1783 δὴ
2726 1705 3222 1780 προσοικειουμὲνη
3256 1703 3325 1757 τὰ
3361 1702 3449 1767 σα,
3485 1699 3582 1754 νῦν
3621 1701 3722 1770 μὲν

2131 1811 2273 1865 δίδου
2306 1810 2368 1862 τὸ
2400 1808 2490 1861 σὺν
2524 1805 2776 1876 ποίμνιον
2808 1802 2901 1856 ἐπὶ
2933 1802 3103 1871 νομὰς
3133 1796 3378 1852 εὐθύνειν
3408 1796 3506 1865 τῆς
3540 1809 3723 1863 σωτη-

442 1914 549 1954 nus
593 1896 756 1952 duco.
816 1894 999 1962 Quare
1057 1904 1147 1949 tua
1216 1894 1312 1947 tibi
1361 1893 1668 1955 vindicatis,
1706 1906 1856 1946 nunc
1901 1891 2025 1959 qui-

2139 1902 2291 1976 ρίας,
2335 1899 2461 1972 μηδ’
2507 1896 2741 1968 ἀπειρίᾳ
2784 1893 3151 1965 ποιμαντικῆς
3201 1889 3551 1958 eme-11';qu
3591 1887 3725 1955 ὁρᾷς

442 1989 568 2047 deut
624 1989 846 2060 largire,
877 1995 937 2042 ut
970 2000 1190 2058 gregem
1253 1994 1407 2040 tuum
1462 1984 1529 2038 ad
1577 1984 1778 2039 salutis
1811 1998 2017 2055 pascua

443 2082 712 2153 dirigam:
756 2094 826 2134 ne
854 2078 1075 2134 inscitia
1105 2078 1351 2131 tnuneris
1381 2077 1599 2147 regendi
1650 2075 1825 2145 (vides
1880 2076 2054 2141 enim.

444 2173 744 2245 quantulus
790 2187 892 2242 ego
940 2172 1068 2240 sint)
1101 2173 1268 2226 noxia
1322 2171 1501 2241 aliqua
1562 2170 1675 2225 fera
1721 2171 1775 2225 in
1801 2184 2021 2241 gregem

445 2266 678 2331 insiliat,
716 2280 893 2335 neque
932 2265 1026 2319 ulli
1074 2280 1138 2319 ex
1187 2265 1345 2327 meis,
1372 2263 1453 2319 vel
1504 2264 1614 2319 tuis
1670 2265 1854 2334 potius
1902 2277 2027 2333 gre-

445 2358 662 2431 galibus
698 2358 875 2412 ullum
898 2358 1094 2412 animae
1128 2357 1429 2427 periculum
1462 2356 1710 2422 accidat;
1747 2355 1841 2410 sed
1873 2369 2025 2410 mine

447 2452 691 2522 quidem,
740 2460 855 2504 tum
898 2464 1101 2504 novum
1136 2464 1223 2504 me
1272 2460 1571 2519 pastorem,
1628 2457 1740 2502 tum
1790 2462 2033 2517 gregem,

446 2544 725 2600 universis
776 2542 999 2599 insidiis
1047 2542 1365 2613 superiores
1415 2541 1828 2612 gubernaveris,
1862 2554 2038 2610 exque

449 2636 656 2692 mundo
686 2637 790 2691 hoc
831 2637 1130 2708 migrantes
1170 2637 1236 2690 ad
1268 2634 1701 2690 immortalitatis
1730 2633 1854 2688 illas
1888 2648 2037 2687 tuan-

450 2734 639 2787 sioues
684 2730 931 2794 duxeris,
978 2737 1119 2785 utet
1150 2729 1261 2784 illic
1295 2728 1405 2783 tuis
1446 2726 1699 2781 fruamur
1741 2726 2036 2797 praesidiis,

451 2824 627 2895 gratia
646 2838 711 2877 ac
727 2823 1065 2878 humanitate
1083 2822 1427 2892 primogeniti
1457 2818 1579 2875 Filii
1604 2821 1679 2873 tui
1706 2819 1915 2875 Domini
1940 2836 2041 2875 nu-

450 2915 552 2972 stri
580 2914 735 2984 θείου,
764 2915 852 2971 cui
877 2914 1055 2986 gloria
1086 2916 1139 2968 in
1168 2914 1365 2970 smcula
1399 2914 1745 2969 saeculorum.
1782 2915 1977 2969 Amen.

1046 3026 1308 3084 ORATIO
1358 3026 1446 3083 Π.

2133 1970 2243 2067 λίάρ
2284 1970 2409 2058 ὅσος
2453 1992 2605 2062 ἐγώο
2653 1988 2993 2059 ὲπιπηδῆσαι
3038 1984 3251 2056 γένοιτό
3315 1997 3424 2035 τινι
3470 1970 3759 2050 λυμεῶνα

2137 2087 2302 2159 θηρί’
2343 2084 2480 2155 μηδέ
2526 2100 2631 2137 τινι
2681 2081 2791 2134 τῶν
2824 2078 3009 2151 ἐμῶν,
3073 2076 3275 2147 μᾶλλον
3310 2073 3408 2132 δὶα,
3455 2071 3566 2124 τῶν
3616 2068 3726 2123 σῶν

2138 2154 2473 2251 θρεμμάτων
2522 2179 2621 2248 τῆς
2667 2173 2844 2245 ψυχῆς
2897 2169 3213 2238 ἀπαντῆσαι
3261 2166 3544 2219 κίνδυνον·
3591 2154 3730 2217 ἀλλὰ

2132 2274 2230 2328 νῦν
2268 2272 2365 2343 μὲν
2396 2269 2670 2337 διεξάγοις
2713 2269 2816 2338 ἐμέ
2856 2283 2917 2319 τε
2952 2264 3041 2318 τὸν
3073 2264 3193 2317 νέον
3232 2260 3503 2330 ποιμένα,
3535 2257 3633 2312 καὶ
3669 2253 3732 2310 τὸ

2135 2366 2385 2433 ποίμνιον
2415 2364 2597 2430 πάσης
2624 2357 2921 2427 ἐπιϐουλῆς
2950 2354 3259 2425 ἀνωτέρους
3282 2368 3296 2380 ·
3332 2350 3489 2417 ἄγοις
3514 2349 3573 2403 δὲ
3634 2348 3731 2401 καὶ

2136 2457 2274 2528 πρὸς
2303 2456 2403 2518 τὰς
2440 2452 2652 2507 ἐκεῖθεν
2679 2451 2779 2522 τῆς
2810 2448 3082 2510 ἀπαθείας
3117 2445 3284 2517 μονὰς
3316 2442 3568 2496 ἐντεῦθεν
3594 2444 3733 2494 ἀπο-

2138 2553 2514 2622 χωρήσαντας,
2549 2545 2637 2601 ῖνα
2669 2561 2765 2599 σου
2796 2544 2961 2598 κάκεῖ
2986 2542 3086 2612 τῆς
3118 2537 3456 2609 προστασίας
3488 2534 3733 2590 ἀπολαύ-

2146 2654 2363 2709 σωμεν,
2422 2637 2611 2707 χάριτι
2663 2635 2761 2690 καὶ
2808 2628 3195 2709 φιλανθρωπίᾳ
3243 2626 3341 2681 τοῦ
3384 2628 3733 2698 πρωτοτόκου

2147 2706 2279 2779 Υίοῦ
2306 2741 2400 2777 σου
2425 2706 2521 2776 τοῦ
2553 2724 2761 2795 Κυρίου
2786 2706 2945 2794 ἡμῶν
2976 2717 3179 2792 Ἰησοῦ,
3206 2710 3252 2788 ᾧ
3274 2718 3310 2791 η
3338 2716 3467 2787 δόξα
3492 2719 3577 2782 εἰς
3607 2716 3737 2781 τοὺς

2147 2816 2352 2881 αἰῶνας
2383 2815 2493 2872 τῶν
2529 2817 2762 2872 αἰώνων.
2814 2815 3014 2888 Ἀμήν.

2772 3028 2995 3085 ΛΟΓΟΣ
3030 3026 3105 3085 Δ’.

452 3144 681 3213 Quando
746 3145 1060 3199 intemerata
1128 3144 1360 3198 invectus
1409 3141 1585 3206 nube,
1618 3142 1871 3197 senilibus
1924 3159 2035 3195 ma-

2142 3142 2274 3197 ’Ὀτε
2300 3142 2571 3213 νεφέλης
2602 3140 2907 3213 ἀκρᾶν-του
2928 3141 3380 3213 ἐποχούμενος,
3415 3139 3739 3213 πρεσϐυτι-

524 3219 699 3281 m’bus,
753 3215 939 3286 gloriae
979 3215 1074 3269 Sal
1121 3214 1175 3267 iu
1234 3215 1486 3286 tentplunt
1543 3215 1824 3268 umbratile
1886 3229 2034 3267 cum~

522 3284 769 3359 migrans
819 3286 1085 3357 ingressus
1118 3295 1195 3339 est
1226 3284 1330 3355 (6).

2215 3212 2349 3271 καὶς
2381 3209 2612 3282 χερσὶν,
2645 3209 2734 3279 εἷς
2756 3212 2984 3279 σκιώδη
3042 3209 3192 3267 »λαιίὼ
3214 3209 3736 3281 μετοικισὰμενος,

2168 3312 2171 3315 λ
2231 3288 2264 3337 ὀ
2286 3282 2396 3352 τῆς
2433 3284 2617 3352 δόξης
2645 3282 3049 3352 εἰσελήλυθεν
3076 3282 3275 3353 ἣλιος.

1654 3396 1965 3470 (Cone-eris.
2002 3396 2106 3452 loc.
2141 3399 2234 3452 cit.
2266 3412 2319 3469 p.
2356 3393 2543 3471 £659.)

524 3514 733 3579 Christi
793 3513 1094 3570 solemnem
1153 3511 1493 3569 honoramus
1544 3512 1712 3579 diem,
1758 3516 1853 3584 qui
1914 3514 2036 3568 uni—

452 3610 633 3666 versis
690 3607 831 3663 bene
873 3605 1134 3659 honorari
1179 3614 1375 3659 auctor
1408 3605 1530 3663 fuit.
1581 3607 1803 3661 Sacram
1829 3606 2036 3662 Christi

456 3701 833 3759 celebritatem
877 3700 1117 3771 agimus,
1169 3714 1266 3768 per
1302 3714 1463 3768 quem
1517 3699 1764 3771 profanis
1815 3701 2039 3755 celebri-

455 3795 666 3850 tatibus
713 3792 1028 3858 exstinctis,
1085 3798 1292 3846 exortae
1358 3803 1487 3847 sunt
1532 3808 1705 3848 sacra:
1755 3794 2040 3849 celebrita-

456 3898 563 3943 tes.
615 3885 823 3939 Esorto
887 3882 1096 3938 lmuine
1145 3884 1198 3937 in
1264 3883 1549 3953 spelunca,
1603 3895 2045 3957 prazsentemquc

458 3978 618 4036 ltoJie
671 3976 813 4032 lucis
872 3974 1044 4030 radiis
1092 3975 1403 4031 illustrante
1463 3977 1628 4043 diem,
1684 3980 2044 4034 collactemur.

455 4073 673 4128 Rursus
710 4070 857 4126 enim
912 4069 961 4125 is
1016 4068 1179 4139 cujus
1224 4069 1512 4137 benelicio,
1544 4072 1636 4141 qui
1693 4073 1748 4128 in
1813 4074 2047 4127 tribula-

456 4167 626 4222 tionis
682 4163 922 4221 tenebris
977 4162 1330 4229 sedebamus,
1393 4165 1785 4221 essultationis
1830 4167 2050 4237 aspexi-

2222 3515 2462 3586 Χριστοῦ
2495 3515 2688 3589 ἑορτὴν
2716 3516 2989 3588 τιμῶμεν,
3037 3514 3129 3571 τοῦ
3160 3514 3340 3578 καλῶς
3368 3516 3539 3571 ἅπασι
3567 3516 3739 3585 τιμᾶ.

2149 3604 2272 3658 σθαι
2321 3604 2720 3675 διαιτήσαντος.
2778 3605 3017 3677 Χριστοῦ
3087 3607 3240 3677 ίεράν
3286 3603 3551 3675 τελοῦμεν
3597 3620 3739 3658 παν-

2145 3695 2365 3767 ήγυριν,
2388 3696 2453 3749 δι’
2472 3690 2532 3749 οὗ
2555 3696 2969 3767 ἀπεσϐέσθησαν
3000 3696 3204 3768 ἀνίεροι
3227 3697 3457 3759 τελεταὶ,
3480 3694 3575 3750 καὶ
3602 3712 3739 3750 πανς

2143 3795 2373 3866 ηγύρεις
2412 3793 2630 3865 ἀνίσχον
2674 3796 2731 3847 αἱ
2795 3794 2962 3865 ἱεραί.
3002 3792 3108 3846 Τοῦ
3153 3797 3210 3847 ἐν
3266 3792 3518 3864 σπηλαίῳ
3560 3792 3741 3861 φωτὸς

2147 3887 2528 3950 ἀνατείλαντος
2550 3927 2563 3949 ,
2603 3887 2696 3941 καὶ
2725 3884 2823 3941 νῦν
2859 3885 2957 3957 τὴν
2992 3885 3274 3956 παροῦσαν
3316 3886 3532 3957 ἡμέραν
3572 3901 3740 3939 κατα-

2151 3980 2567 4051 πυρσεύσαντος
2590 4022 2607 4047 ,
2641 3979 3089 4050 φαιδρυνώμεθα.
3130 3979 3299 4034 Πάλιν
3330 3980 3470 4050 γὰρ,
3507 3981 3535 4033 ὁ
3575 3978 3642 4032 δι’
3673 3970 3735 4032 οὗ

2150 4074 2202 4126 οί
2232 4075 2288 4127 ἐν
2326 4074 2560 4145 θλίψεως
2605 4074 2908 4144 καθήμενοι
2949 4070 3163 4136 σκότει,
3200 4073 3317 4142 (pri);
3358 4071 3737 4141 amnium;

2155 4166 2389 4239 εἴδομεν,
2437 4166 2640 4237 ἑορτῶν
2670 4168 2879 4237 ἀνίσχει
2924 4167 3279 4237 φαιδρότηταο
3311 4165 3414 4221 οὐκ
3450 4166 3558 4220 ἀπὸ
3597 4183 3738 4237 σπη-

458 4275 584 4314 tuus
638 4257 845 4323 lumen,
893 4259 1027 4310 laeta
1086 4253 1403 4313 festivitatis
1438 4256 1843 4328 jucunditatem
1902 4276 2035 4332 prau-

2143 4258 2297 4313 λαίου
2343 4259 2665 4330 ἐκλάμπων,
2705 4258 2821 4313 ἀλλ’
2859 4255 2948 4314 οἵα
2994 4261 3226 4333 νεφέλῃ,
3278 4260 3539 4335 Παρθένῳ
3567 4261 3737 4333 μητρὶ

457 4350 638 4406 tendit
682 4366 837 4404 :non
887 4349 963 4404 ita
1016 4357 1076 4401 ut
1114 4363 1145 4401 e
1196 4348 1458 4418 spelunca
1505 4351 1779 4421 eﬂ'ulgeat,
1834 4354 1929 4408 sed
1986 4364 2048 4408 ut

457 4452 721 4514 tanquam
771 4442 939 4504 nube,
988 4438 1214 4511 Virgine
1273 4451 1447 4497 matre
1516 4446 1770 4513 vehatur,
1830 4461 1893 4500 ac
1948 4461 2047 4516 pa-

2145 4352 2529 4423 ἐποχούμενος·
2566 4352 2702 4404 ἀλλὰ
2730 4354 2865 4423 πρὸς
2902 4349 3053 4406 οἷκον
3088 4352 3420 4409 εἰσελαύνων
3456 4352 3734 4423 πατρῷον.

2146 4446 2417 4516 Πρότερον
2461 4446 2491 4498 ὁ
2520 4445 2627 4515 γῆν
2668 4444 2768 4517 τὴν
2809 4444 3102 4517 ἀνθρώπου
3138 4448 3356 4517 μητέρα
3402 4446 3480 4517 τῷ
3526 4446 3737 4517 ῥήματι

460 4545 676 4593 ternam
736 4533 1080 4604 ingrediatur
1128 4533 1371 4589 domum.
1433 4533 1536 4602 Qui
1594 4537 1748 4607 prius
1806 4537 2035 4595 hominis

2145 4533 2531 4600 ἀποτετοκὼς,
2583 4537 2798 4607 μητέρα
2847 4536 3029 4607 ἐαυτῷ
3077 4540 3488 4607 ποιησάμενος,
3534 4539 3738 4608 νόμους

462 4634 697 4683 matrem
744 4634 949 4680 terram
980 4624 1151 4679 verbo
1182 4624 1470 4690 edidisset,
1514 4625 1617 4681 sibi
1666 4627 1784 4694 ipse
1816 4637 2035 4682 matrem

2153 4628 2496 4699 ἐκαινοτόμει
2535 4628 2783 4699 φύσεως,
2821 4632 3034 4701 μήτρας
3083 4630 3201 4685 ἀνθ’
3245 4625 3319 4683 ὧν
3362 4632 3606 4703 ἀσπόρου
3624 4672 3647 4697 ,.
3677 4631 3740 4686 τὸ

462 4720 754 4786 condens,
799 4729 1007 4774 natura:
1056 4716 1337 4773 innovavit
1386 4719 1563 4788 leges;
1615 4734 1731 4790 qua
1788 4720 2047 4775 nimirum

462 4813 678 4868 ratione
739 4812 1011 4884 processit
1066 4826 1099 4865 e
1160 4812 1344 4877 vulva,
1409 4811 1558 4865 nulla
1611 4820 1857 4868 semente
1917 4815 2049 4880 leta,

462 4906 611 4980 quod
661 4907 921 4962 abhorret
959 4922 988 4959 a
1019 4905 1168 4975 lege:
1228 4919 1373 4959 nunc
1430 4914 1613 4960 autem
1661 4921 1759 4977 pro
1806 4922 2055 4963 commu-

463 5002 553 5058 nis
600 5001 815 5057 ratione
843 5001 975 5070 legis
1009 5014 1197 5054 eorum
1230 5014 1463 5068 quorum
1497 5015 1561 5055 ex
1597 5001 1807 5056 semine
1835 5016 2053 5057 carnem

465 5093 786 5163 assumpsit,
854 5090 949 5160 qui
993 5088 1166 5156 legem
1213 5090 1267 5141 in
1310 5100 1493 5142 monte
1547 5088 1679 5143 Sina
1714 5090 2049 5159 Scripsisset,

466 5196 729 5257 tanquam
762 5184 898 5255 legis
923 5199 1069 5247 rens,
1103 5182 1238 5253 legis
1273 5182 1723 5237 constitutionem
1758 5184 2049 5251 adimplet:

466 5281 605 5349 ipse,
663 5279 911 5348 inquam,
972 5276 1147 5347 gloria
1195 5274 1381 5339 Israel,
1416 5289 1481 5327 ac
1542 5276 1726 5330 lumen
1779 5278 2050 5344 gentium.

467 5373 673 5437 Gentes
722 5373 1011 5437 universae,
1067 5369 1322 5434 laudate;
1356 5383 1489 5423 ecce
1531 5369 1677 5422 enim
1730 5367 1874 5425 Deus
1920 5384 2057 5439 puer

470 5464 657 5523 factus
695 5473 804 5535 est,
837 5480 903 5519 ac
930 5464 1035 5521 sub
1083 5464 1204 5535 lege
1255 5461 1414 5531 vivit,
1445 5470 1503 5515 ut
1534 5468 1649 5516 tum
1706 5460 1775 5516 iis
1822 5463 1917 5534 qui
1950 5464 2055 5519 sub

2149 4721 2244 4774 τοῦ
2280 4722 2445 4788 νόμου
2477 4721 2780 4792 ἀλλότριον,
2806 4722 3163 4793 προελήλυθε·
3201 4724 3296 4777 νῦν
3324 4724 3379 4778 δὲ
3411 4725 3553 4778 κατὰ
3575 4725 3740 4795 νόμον

2151 4812 2349 4878 κοινὸν,
2382 4809 2457 4866 ὧν
2496 4815 2558 4867 ἐκ
2587 4815 2680 4869 τοῦ
2715 4816 3031 4886 σπέρματος
3079 4817 3263 4887 σάρκα
3308 4816 3666 4887 προσέλαϐεν,
3710 4818 3743 4871 ὁ

2151 4903 2340 4958 τοῦτον
2362 4908 2419 4960 ἐν
2448 4906 2645 4977 Σιναίῳ
2666 4906 2909 4976 γράψας,
2936 4906 3187 4975 ὡφείλων
3208 4908 3379 4978 αὐτῷ,
3404 4908 3501 4979 τὴν
3529 4909 3740 4964 ἐκείνου

2152 4997 2398 5062 διάταξιν
2432 4999 2716 5068 ἐκπληροῖ·
2754 5001 2786 5070 ἠ
2824 4999 2947 5064 δόξα
2981 5000 3075 5053 τοῦ
3123 4999 3361 5072 Ἰσραὴλ,
3396 5002 3457 5055 τὸ
3484 5001 3604 5071 φῶς
3633 5003 3743 5057 τῶν

2157 5090 2345 5145 ἐθνῶν.
2372 5092 2557 5145 Πάντα
2592 5092 2659 5146 τὰ
2685 5092 2835 5163 ἔθνη,
2870 5093 3146 5146 αἰνιέσατε⁹
3184 5094 3294 5149 ἰδοὺ
3325 5094 3433 5167 γὰρ
3459 5095 3589 5159 Θεὸς
3614 5113 3744 5149 παι-

2154 5185 2267 5238 δίον
2306 5186 2557 5253 ἐγένετο,
2602 5187 2695 5241 καὶ
2735 5186 3089 5240 πολιτεύεται
3132 5187 3240 5241 ὑπ’)
3288 5189 3475 5257 νόμον,
3515 5188 3602 5241 ἵνα
3647 5190 3745 5245 καὶ

2155 5281 2266 5342 τοῖς
2297 5280 2353 5332 ἐν
2397 5278 2548 5349 νόμῳ
2585 5278 2849 5351 βοηθήσῃ,
2880 5281 2944 5331 τὸ
2975 5280 3224 5333 ἐλλεῖπον
3257 5282 3454 5351 ἐκείνῳ
3489 5282 3740 5353 ἀναπληε

2159 5369 2291 5441 ρῶν,
2336 5372 2430 5423 καὶ
2474 5374 2587 5434 τοῖς
2637 5373 2853 5442 ἀνόμως
2902 5372 3081 5427 ἔθνεσι
3126 5373 3603 5445 πολιτευομένοις-ι,
3650 5373 3744 5431 τὸν

2160 5464 2390 5518 πλοῦτον
2424 5465 2670 5537 γνωρίσῃ
2694 5470 2793 5537 τῆς
2827 5466 3038 5530 οἰκείας
3065 5466 3461 5539 χρηστότητοςσ

1982 5611 2220 5669 ΝΟΤιΕ.

540 5730 616 5804 (6)
647 5729 926 5804 Habemus
974 5744 1040 5784 ex
1090 5727 1238 5804 regia
1303 5742 1435 5804 gaza
1499 5726 1994 5804 luculentissimam
2024 5771 2040 5796 ,

468 5800 668 5927 partim
702 5803 975 5864 festivam,
1000 5803 1197 5871 partim
1232 5800 1578 5871 polemicam,
1602 5815 1666 5855 ac
1694 5816 1801 5869 qua
1833 5802 1954 5855 Filii
1980 5817 2043 5856 ac

522 5874 635 5927 erbi
662 5874 1003 5927 divinitatem
1027 5873 1080 5927 in
1116 5872 1445 5927 humilitate-
1478 5887 1583 5927 qua
1620 5886 1679 5927 se
1708 5872 1810 5927 lcai
1853 5871 2041 5927 subie-

522 5874 635 5931 crbi
662 5874 1003 5931 divinitatem
1027 5873 1080 5927 in
1116 5872 1445 5942 humilitate,
1478 5887 1583 5941 qua
1620 5872 1810 5942 selegi
1853 5871 2041 5942 subje-

2151 5731 2250 5807 cit,
2305 5733 2579 5807 praecipue
2613 5734 2878 5791 vindicet.
2931 5736 3083 5807 Opus
3151 5746 3303 5791 certe
3377 5736 3633 5805 elegans,
3677 5752 3744 5793 at:

2153 5805 2668 5931 Bitigt‘tilgguumquc
2717 5818 2776 5864 ut
2830 5805 3050 5866 tandem
3115 5808 3411 5881 aliquando
3462 5808 3609 5884 jar-is
3631 5823 3741 5880 ptt-
