4124 6320
342 365 417 430 29
1188 361 1472 422 ORATIO
1499 363 1598 422 IV.
1631 385 1699 396 ’-
1734 359 1813 420 ΙΝ
1857 360 1956 420 CH

2060 361 2167 423 3T1
2205 361 2725 427 ΝΑΤΝΙΤΑΤΕΜ
2777 368 2827 429 Ι.
3575 368 3643 432 30

347 476 485 547 lege,
538 475 858 540 auxilictur.
899 473 1207 546 adimplens
1262 474 1400 547 legis
1453 474 1752 540 delectum,
1816 482 1931 528 tum
1988 475 2244 544 gentibus
2307 477 2428 534 sine
2469 480 2587 552 lege
2645 481 2981 548 viventibus,
3034 481 3300 538 bonitatis
3342 500 3457 541 suae
3507 486 3638 541 divi-

346 570 457 625 tias
497 568 769 624 ostendat.

430 664 649 732 Ἐπειδὴ
679 663 790 734 γὰρ
821 663 849 714 ό
880 659 1132 731 δακτύλῳ
1164 657 1302 714 Θεοῦ
1341 659 1579 731 γραφεὶς
1617 658 1816 729 νόμος,
1848 659 1946 728 οὐχ

2119 657 2257 725 Quia
2297 659 2441 715 enim
2487 659 2583 716 Dei
2631 661 2805 734 digito
2855 663 3059 734 scripta
3131 665 3216 721 lex
3301 666 3456 723 haud
3509 672 3646 727 satis

349 750 459 820 οἷός
493 773 554 809 τε
584 752 654 828 ἦν
681 755 1071 825 διασοϐηθέντα
1100 755 1195 806 τὸν
1237 753 1519 823 λογισμὸν,
1550 755 1613 807 ὲκ
1646 751 1741 806 τοῦ
1780 751 1941 824 πρώ-

348 865 457 911 τως
497 848 666 917 σκαιᾷ
727 848 1013 917 είσηγήσει
1060 847 1514 917 παρατρέψαντος
1547 845 1730 910 αὐτὸν,
1768 846 1860 899 ἐπὶ
1887 845 1948 897 τὸ

351 939 570 1011 σῶφρον
600 941 933 1009 ἀνενεγκεῖν,
969 940 1076 992 οὐδ’
1107 938 1298 1010 ὥσπερ
1331 939 1567 1009 ὄργανον
1610 938 1709 1008 τῆς
1740 937 1948 998 οἰκείας

349 1034 641 1105 ὲξεστηκὸς
671 1033 938 1106 ἁρμονίας
972 1033 1111 1105 πρὸς
1139 1034 1232 1086 τὸν
1268 1033 1464 1086 ἑαυτοῦ
1498 1032 1736 1101 φθόγγον
1769 1031 1945 1102 ἁρμό-

352 1144 466 1181 σαι’
498 1125 610 1179 οὐδ’
639 1120 700 1180 εὖ
739 1125 983 1179 τίθεσθαι
1016 1125 1084 1178 τὰ
1122 1127 1302 1178 οἰκεῖα
1332 1125 1560 1189 διδάξας
1597 1123 1735 1177 ἀλλά
1762 1122 1946 1193 χειρό-

349 1241 456 1278 νων
489 1223 795 1294 ὑποθήκαις
822 1221 892 1276 τά
923 1221 1265 1292 προλαϐόντα
1293 1219 1716 1292 ηὑξάνετο,.οὐκ
1747 1221 1942 1290 ἀρκουο

353 1317 533 1387 μένων
560 1316 717 1386 ἡμῶν
743 1315 820 1384 τῷ
848 1306 1160 1385 τολμήματι
1186 1316 1284 1385 τῆς
1308 1316 1596 1385 παρακοῆς
1622 1307 1643 1377 ,’
1664 1313 1781 1366 ἀλλ’
1808 1309 1946 1382 όμεῦ

349 1412 416 1479 τῇ
449 1407 634 1478 ἐντολῇ
669 1409 762 1462 καὶ
791 1409 883 1461 τὸν
909 1408 1187 1479 Δεσπότην
1242 1407 1596 1476 διωσαμένων
1625 1423 1639 1436 ·
1678 1407 1773 1460 καὶ
1810 1404 1947 1458 καθ-

353 1502 498 1572 άπερ
522 1501 705 1555 πώλου
734 1501 824 1554 τὸν
850 1500 1064 1572 χαλινὸν
1087 1499 1525 1563 ἐκδακόντος,καὶ
1545 1494 1948 1567 κατακρημνῶν

353 1593 632 1657 ἀπωλείας
654 1593 778 1647 ὅλου
807 1592 1026 1664 ῥυέντος
1061 1589 1153 1644 τοῦ
1182 1589 1299 1666 νοῦ·
1339 1591 1463 1643 ἐπεὶ
1491 1582 1585 1643 οὖν
1607 1590 1637 1642 ὁ
1659 1587 1780 1658 θείᾳ
1805 1585 1950 1656 χειρὶ

351 1687 586 1759 γραφεὶς
619 1685 782 1756 νόμος
823 1684 996 1747 οὕτως
1041 1683 1345 1754 ὡρμηκότα
1379 1682 1482 1736 οὐκ
1532 1678 1687 1750 εἶχεν
1717 1681 1945 1748 ἀναχαι-

351 1784 510 1847 τιείν,
546 1780 708 1839 αὐτὸς
736 1780 774 1830 ὁ.
797 1777 1123 1848 ὑπερούσιος
1153 1777 1349 1845 Λόγος,
1382 1776 1415 1846 ἡ
1451 1775 1670 1829 πάντων
1705 1770 1949 1825 ὑποστά-

352 1892 438 1939 τις
463 1873 643 1942 σοφία,
671 1875 730 1925 ὲν
759 1871 837 1943 τῷ
862 1873 1028 1940 πάχει
1059 1870 1155 1923 τοῦ
1187 1869 1526 1939 πλάσματος,
1558 1866 1636 1936 τῷ
1669 1865 1950 1933 πλάσματι

354 1967 554 2038 ὁμιλεῖ·
586 1967 682 2021 καὶ
712 1965 1052 2038 χρηματίζει
1078 1965 1241 2034 νόμος
1269 1963 1432 2023 αὐτὸς
1463 1961 1555 2015 καὶ
1589 1959 1913 2028 παραίνεσις
1932 1996 1947 2020 ,

354 2060 640 2114 δι”ὲαυτοῦ
675 2061 802 2121 τοὺς
832 2059 1104 2119 ἀτάκτους
1138 2054 1646 2124 ἐπανορθούμενος·
1685 2052 1780 2104 καὶ
1820 2051 1952 2120 opi-

353 2168 452 2206 ται
472 2149 748 2220 ἀλλοιωτῷ
778 2153 834 2202 ὲν
863 2149 993 2203 εἴδει
1033 2149 1060 2200 ὁ
1083 2146 1438 2208 ἀναλλοίωτος
1471 2143 1565 2197 τοῦ
1614 2144 1825 2214 Πατρός
1855 2160 1952 2212 χα-

357 2247 591 2317 ρακτήρ·
619 2244 720 2296 καὶ
754 2241 1036 2312 μεσιτεύει
1066 2239 1142 2310 τῷ
1178 2241 1351 2311 Πατρὶ
1383 2239 1480 2292 καὶ
1510 2239 1664 2308 ἡμῖν,
1697 2235 1950 2300 λυθέντος

357 2340 429 2394 ιν-
448 2340 521 2410 τῇ.
547 2338 713 2409 σαρκὶ
737 2335 929 2399 αὑτοῦ,
958 2338 1059 2407 τῆς
1121 2333 1322 2406 ἔχθρας
1346 2333 1440 2387 τοῦ
1474 2330 1948 2404 ἀντιφράγματος.

421 2600 522 2688 ~Mi)
569 2612 1013 2686 φρενοϐλαϐείτω
1063 2611 1339 2679 Ἰουδαῖος,
1378 2611 1516 2683 μηδὲ
1548 2610 1954 2682 παραπλησίως

357 2710 473 2773 τοῖς
505 2706 892 2778 νυκτονόμοις,
937 2705 1036 2776 τὴν
1077 2706 1296 2775 ἡμέραν
1344 2704 1796 2774 ἀποστρεφέσθωο
1835 2699 1951 2759 ἀλλ’

359 2801 656 2872 ὀφθαλμοῖς
684 2798 867 2870 φθόνῳ
915 2796 989 2869 μὴ
1019 2797 1565 2868 διαλελυμασμένοις,
1603 2796 1666 2850 τὸ
1695 2797 1950 2868 λαμπρὸν

359 2895 462 2964 τῆς
492 2892 639 2956 θείας
671 2892 1147 2963 ὲνανθρωπήσεως
1170 2930 1184 2952 ,
1218 2891 1284 2942 ἐκ
1309 2888 1420 2942 τῶν
1462 2889 1592 2959 παρ’
1635 2888 1799 2958 αὐτῷ
1831 2906 1952 2943 κει-

365 2987 555 3057 μένων.
569 2984 772 3054 ὁράτω.
797 2983 982 3054 Μηδὲν
997 2983 1097 3052 τὴν
1121 2981 1383 3054 ἀλήθειαν
1402 2981 1604 3052 Ἕλλην
1623 2981 1947 3050 διαγελάτω,

361 3078 500 3131 ὀμτάο.
519 3077 695 3130 simtu
717 3074 884 3146 αἴσχη
914 3071 1201 3138 θεοποιῶν,
1226 3072 1320 3125 καὶ
1346 3071 1552 3143 δήμους
1593 3071 1731 3125 θεῶν
1759 3073 1824 3124 ἐκ
1856 3087 1954 3124 πα-

364 3169 475 3224 θῶν
515 3168 696 3239 ἐαυτῷ
738 3164 1026 3222 συνιστῶν.
1077 3165 1241 3236 Ἡμῖν
1275 3164 1384 3236 γὰρ
1418 3159 1500 3228 εἷς
1529 3164 1689 3228 Θεός’
1726 3164 1950 3236 Πατὴρ,

365 3262 513 3326 Υἱὸς,
546 3262 642 3314 καὶ
681 3259 906 3330 Πνεῦμα
936 3257 1091 3326 ἀγιον
1117 3273 1131 3287 ·
1160 3261 1260 3326 οὐχ
1289 3256 1372 3309 ἑνὶ
1395 3255 1675 3327 προσώπῳ
1702 3255 1810 3308 τῶν
1838 3257 1956 3308 ὀνο-

368 3356 566 3428 μὰτων.
587 3353 858 3424 κειμένων
880 3365 894 3380 ·
924 3349 1063 3403 ἀλλά
1095 3350 1274 3419 τρισὶν
1315 3347 1634 3416 ἑνουμένοις-
1660 3348 1954 3418 ταυτότητι

367 3447 604 3518 φύσεως.
639 3444 939 3515 Οἰνμωζὲτω
976 3443 1085 3512 γὰρ
1109 3443 1136 3494 ὁ
1163 3441 1262 3508 τῆς
1285 3440 1586 3509 παρανοίας
1612 3438 1816 3508 ταύτης
1847 3455 1954 3492 πα-

1979 2194 2027 2254 Β

2054 759 2194 818 erat,
2226 761 2287 807 ut
2316 756 2694 823 perturbatam
2733 757 3000 813 rationem
3033 758 3156 830 ejus
3216 761 3361 816 malo
3416 773 3640 829 conatu,

2061 847 2153 916 qui
2214 847 2448 903 sinistra
2502 849 2740 918 primum
2797 853 3157 920 pervertissct
3211 855 3495 923 suasione,
3574 860 3640 911 ad

2050 936 2406 992 sobrietatem
2476 938 2788 1005 reduceret,
2855 949 2984 997 utve
3050 949 3316 1014 tanquam
3371 961 3642 1016 organum

2049 1031 2414 1085 consonantia
2466 1029 2676 1087 amissa
2727 1033 2793 1087 ad
2852 1037 3108 1105 praprios
3165 1037 3362 1092 iterum
3412 1055 3640 1111 compo-

2053 1131 2208 1177 neret
2239 1124 2456 1189 modos,
2528 1139 2594 1178 ac
2665 1138 2765 1180 sua
2820 1127 2989 1196 probe
3051 1127 3332 1184 moderari
3383 1132 3642 1188 doceret:

2050 1216 2318 1285 quinimo,
2351 1233 2472 1271 cum
2536 1221 2788 1290 peiorum
2848 1221 3270 1277 accessionibus
3323 1224 3506 1291 priora
3552 1227 3644 1280 in-

2050 1320 2388 1374 crescerent,
2439 1328 2539 1367 nec
2593 1314 2873 1368 sufﬁceret
2923 1316 3315 1372 inobedientia:
3378 1336 3648 1388 przesum-

2051 1406 2205 1474 ptio;
2250 1404 2344 1460 sed
2385 1405 2603 1462 abunde
2658 1423 2766 1461 una
2824 1423 2948 1462 cum
3010 1410 3290 1475 mandato,
3355 1413 3645 1469 Dominum

2051 1498 2228 1566 ipsum
2286 1500 2726 1568 repulissemus:
2768 1517 3035 1571 mensque
3086 1503 3216 1571 pulli
3271 1505 3448 1559 instar
3480 1508 3646 1562 adeso

2051 1591 2206 1646 freno
2253 1608 2495 1662 praeceps
2533 1602 2646 1648 tota
2683 1596 2736 1649 in
2792 1595 3078 1649 interitum
3115 1599 3459 1666 proruisset:
3495 1601 3644 1671 quia,

2049 1685 2298 1751 inquam,
2352 1685 2535 1738 divina
2581 1701 2740 1740 manu
2806 1689 3011 1759 scripta
3047 1689 3133 1744 lex
3188 1688 3269 1744 sic
3313 1692 3647 1761 praecipitem

2053 1774 2258 1829 factum
2306 1777 2548 1829 animum
2600 1777 2827 1832 minime
2861 1787 3076 1848 poterat
3128 1796 3409 1845 revocare,
3443 1799 3506 1836 ac
3556 1801 3648 1839 sc-

2051 1882 2150 1920 rus
2201 1866 2515 1934 inﬂet-tere,
2569 1865 2812 1922 Verbum
2849 1869 3027 1939 ipsum
3082 1874 3645 1940 supersuhstantiale,

2055 1961 2442 2015 universarum
2517 1960 2844 2030 productrix
2926 1964 3221 2032 sapientia,
3284 1967 3338 2020 in
3406 1967 3650 2038 figmenti

2053 2069 2246 2109 crasso
2304 2068 2556 2123 corpore,
2617 2055 2880 2125 ﬁgmento
2935 2061 3290 2124 consuescit;
3368 2060 3651 2131 litquelex

2057 2146 2174 2216 ipsa
2226 2161 2291 2200 ac
2323 2145 2647 2213 admonitio,
2708 2146 2889 2216 ipsum
2949 2163 3048 2219 per
3126 2166 3187 2205 se
3250 2151 3651 2223 incompositos

2054 2240 2396 2304 emendatis;
2442 2249 2606 2309 atque
2638 2240 2692 2294 in
2726 2241 2976 2296 mutabili
3013 2244 3256 2298 cernitur
3292 2246 3495 2315 specie,
3556 2247 3649 2316 qui

2053 2331 2234 2386 Patris
2267 2331 2500 2386 exsistat
2532 2331 2890 2389 immutabilis
2944 2332 3156 2404 ﬁgura;
3227 2334 3522 2406 ipsumque
3567 2338 3654 2391 in-

2055 2435 2136 2481 ter
2185 2440 2251 2479 ac
2282 2425 2569 2480 hominum
2625 2441 2798 2497 genus
2850 2437 3201 2494 sequestrum
3255 2429 3391 2498 agit,
3427 2429 3653 2485 solvens

2053 2517 2108 2571 in
2156 2531 2325 2570 carne
2382 2530 2480 2570 sua
2517 2515 2807 2570 adversam
2859 2515 3275 2570 inimicitiarum
3325 2517 3652 2572 maceriem.

2125 2603 2202 2659 Ne
2229 2603 2453 2661 Judtcus
2482 2604 2744 2666 insaniat,
2774 2615 2942 2659 autve
2969 2604 3113 2659 haud
3171 2621 3333 2661 secus
3363 2621 3428 2662 ac
3479 2608 3651 2674 ulula,

2053 2708 2149 2749 seu
2178 2694 2452 2764 ejusmodi
2483 2694 2634 2749 aliud
2665 2693 3018 2766 noctivagum
3053 2695 3280 2760 animal,
3316 2696 3459 2750 diem
3494 2712 3652 2752 aver-

2054 2793 2206 2840 setur
2230 2803 2244 2853 ;
2271 2787 2401 2855 quin
2419 2788 2601 2856 potius
2623 2785 2776 2839 nullo
2807 2787 2981 2841 oculis
3001 2784 3174 2839 livore
3196 2785 3434 2850 ohlzesis,
3456 2786 3655 2842 divin-.e

2053 2879 2456 2934 incarnationis
2518 2878 2866 2948 splendorem
2903 2893 2971 2934 ex
3036 2877 3106 2934 iis
3147 2878 3475 2950 conspiciat,
3532 2897 3656 2950 quae

2054 2981 2184 3029 sunt
2232 2973 2376 3044 apud
2441 2973 2644 3044 ipsum.
2708 2970 2856 3027 Nihil
2915 2971 3132 3043 gentilis
3175 2975 3460 3028 veritatem
3506 2972 3656 3028 deri-

2053 3066 2202 3132 deat,
2255 3065 2348 3137 qui
2394 3081 2491 3121 sua
2526 3066 2646 3137 ipse
2679 3065 2878 3136 probra
2913 3065 3118 3120 deitate
3167 3065 3337 3120 donet
3385 3066 3653 3120 deorum-

2055 3175 2161 3230 que
2225 3160 2455 3230 populos
2509 3174 2576 3215 ex
2649 3157 3002 3230 passionibus
3053 3159 3311 3230 vitiisque
3362 3159 3464 3215 sibi
3518 3174 3654 3214 con-

2057 3259 2267 3314 stituat.
2317 3256 2486 3312 Nobis
2518 3257 2664 3310 enim
2702 3272 2845 3312 unus
2880 3254 3022 3311 Deus
3071 3264 3192 3324 est;
3227 3256 3411 3323 Pater,
3452 3253 3652 3323 Filius,

2056 3361 2111 3408 et
2166 3349 2405 3422 Spiritus
2470 3359 2733 3415 sanctus;
2797 3363 2902 3401 non
2961 3349 3054 3413 ita,
3111 3357 3174 3404 ut
3256 3348 3352 3404 uni
3409 3365 3657 3420 personae

2059 3440 2318 3495 attributa
2351 3443 2462 3494 sint
2489 3441 2709 3493 nomina
2730 3479 2744 3503 ,
2776 3437 2872 3493 sed
2925 3446 2984 3492 ut
3013 3438 3195 3495 tribus
3237 3439 3486 3509 ejusdem
3519 3456 3657 3497 con-

365 3542 496 3613 τὴρ,
515 3542 614 3593 καὶ
639 3539 700 3592 τὸ
725 3537 783 3590 ἓν
811 3535 1057 3607 ἀμείσων
1075 3535 1195 3597 ταῖς
1218 3533 1447 3602 κλήσεσι
1475 3533 1790 3603 πρόσωπον·
1830 3533 1955 3602 μηδ’

2060 3533 2267 3604 junctis
2297 3534 2685 3587 communione
2734 3539 2964 3586 naturae.
3007 3530 3214 3603 Lugeat
3266 3535 3409 3590 enim
3467 3535 3657 3605 ejusce

273 3673 279 3680 -
367 3637 503 3693 αὐτὸ
543 3631 706 3688 τοῦτο
735 3631 912 3694 συνεὶς
947 3631 975 3684 ὁ
1022 3627 1428 3700 ὲμϐρόντητος,.
1462 3624 1546 3678 ὅτι
1593 3626 1658 3695 τῇ
1699 3626 1797 3696 μιᾷ
1830 3624 1966 3677 ὑπο-

372 3726 560 3782 στάσει
586 3725 1041 3796 φιλοτιμούμενος
1085 3723 1154 3774 τά
1192 3719 1433 3789 ὀνόματα
1456 3758 1470 3781 ,
1498 3719 1598 3771 οὐκ
1628 3717 1780 3772 εἴασε
1813 3717 1967 3787 λέγε-

371 3812 982 3875 σθωγὸῖὲικάλεσενοοὺᾶ
1008 3809 1465 3887 ὃηπροσσιγορεύει
1485 3809 1700 3862 κεῖσθαι
1724 3808 1963 3876 δίδωσιν,

371 3911 538 3982 εἴπερ
578 3907 800 3978 ἀληθῶς
828 3907 1020 3959 κεῖται
1050 3903 1121 3956 τὰ
1172 3902 1248 3973 μὴ
1299 3900 1554 3970 διαδοχὴν
1604 3900 1962 3969 προσιέμενα.

371 4002 500 4065 Πῶς
526 3994 619 4054 οὖν
648 3999 708 4053 τὸ
739 3997 797 4050 ἓν
820 3994 987 4049 αὑτοῦ
1020 3994 1314 4065 πρόσωπον
1340 3991 1600 4060 ὀνομάσει
1633 3991 1871 4060 Πατέρα,
1897 3991 1963 4062 τῇ

372 4093 506 4151 Ἠίδῦ
533 4088 876 4165 προσηγορίᾳ
907 4085 1123 4155 iusng
1148 4081 1537 4152 ὲξιστάμενονς
1566 4083 1652 4136 ἵνα
1677 4081 1772 4136 νῦν
1795 4083 1964 4148 ἐάσω,

371 4189 493 4253 πῶς
525 4187 666 4251 ὅλως
705 4183 898 4257 ῥηθείη
946 4178 1176 4250 Πατὴρ,
1216 4177 1250 4249 ἢ
1304 4176 1422 4239 πῶς
1467 4175 1596 4239 Υἱὸς
1645 4175 1962 4239 καλέσοιτο,

374 4283 453 4345 εις
481 4281 580 4352 τὴν
608 4273 871 4333 nemo
883 4289 1052 4346 ματος
1079 4269 1378 4342 μεθεστὼς.
1409 4261 1504 4331 Εἷς
1535 4266 1628 4320 οὖν
1651 4266 1782 4329 Θεὸς
1810 4265 1978 4337 ἡμῶν¹

374 4378 452 4432 εν.
477 4374 631 4448 τρισὶ
677 4369 996 4442 προσώποις
1017 4380 1043 4394 ⁶’
1065 4363 1188 4419 οὔτε
1217 4363 1306 4416 διὰ
1333 4362 1396 4414 τὸ
1437 4360 1662 4431 τρισσὸν
1684 4359 1965 4430 τμήμασιν

375 4464 700 4539 ἑτεῳφυέσιι
731 4459 1100 4531 μεριζομένης
1133 4457 1234 4526 τῆς
1265 4453 1474 4515 ἐνιαίας
1506 4452 1773 4520 Θεότητος
1796 4491 1810 4516 ,
1841 4450 1964 4504 οὔτε

373 4560 490 4616 τῶν
517 4554 823 4630 προσώπων
853 4551 944 4604 διὰ
979 4549 1051 4602 τὸ·
1081 4550 1283 4602 ὲνιαῖον
1317 4545 1700 4616 συγχεομένων
1728 4543 1826 4613 τῆς
1866 4541 1967 4612 φύ-

377 4663 539 4711 σεως·
575 4645 708 4701 ἀλλ’“
728 4644 820 4698 ἀεὶ
842 4640 951 4694 τῶν
983 4638 1152 4708 τριῶν
1192 4637 1381 4700 ὄντων,
1425 4637 1521 4690 καὶ
1550 4632 1674 4687 οὒτε
1709 4633 1801 4688 τοῦ
1833 4633 1965 4686 Υξοῦ

376 4741 444 4808 ἔξ·
468 4741 572 4794 οὐκ
593 4740 764 4802 ὄντας,
793 4734 919 4789 οὔτε
948 4733 1042 4786 τοῦ
1079 4731 1417 4800 Πνεύματος·
1444 4727 1532 4781 ἵνα
1557 4726 1633 4798 μὴ
1662 4725 1876 4790 ἐλλιπὲς
1905 4723 1966 4779 ὃν

374 4837 447 4890 τι·
465 4835 640 4897 Θεῖσν,
675 4830 901 4899 ὕστερον
929 4826 1070 4897 ὀφθῇ
1098 4824 1197 4896 τὴν
1224 4822 1432 4876 ἔνδειαν
1458 4819 1963 4890 ἀποθέμενονοτάλγ

2067 3629 2354 3682 dementiae
2421 3634 2608 3696 pater,
2660 3626 2866 3698 quique
2922 3641 3085 3680 unam
3120 3643 3411 3697 personam
3466 3633 3654 3702 appel-

2067 3716 2364 3770 lationibus
2392 3723 2727 3782 commutat;
2775 3730 2874 3769 tiec
2910 3715 3014 3770 hoc
3046 3715 3224 3785 ipsum
3259 3726 3454 3771 etnotae
3498 3736 3657 3775 men-

2067 3811 2139 3864 tis
2191 3809 2352 3863 homo
2384 3809 2660 3878 intelligit,
2693 3807 2838 3877 quod
2888 3808 2979 3861 nni
3028 3809 3310 3878 hypostasi
3362 3810 3658 3869 ambitiose

2068 3904 2286 3956 nomina
2322 3901 2544 3964 tribuat,
2575 3918 2640 3956 ne
2677 3901 2779 3956 hoc
2814 3899 3036 3971 quidem
3096 3903 3204 3956 dici
3244 3903 3450 3968 sinere,
3508 3906 3657 3976 quod

2068 3995 2395 4064 appellavit:
2445 4007 2546 4046 nec
2591 4007 2721 4046 vero
2777 3990 2926 4062 quod
2983 3995 3243 4062 appellat,
3323 3994 3540 4049 ﬁrmum
3594 4011 3660 4052 ac

2068 4099 2256 4139 ratunr
2314 4100 2436 4139 esse
2482 4084 2776 4139 concedit:
2855 4085 3078 4156 quando
3137 4087 3230 4139 illa
3304 4102 3430 4142 vere
3501 4087 3658 4143 ﬁrma

2072 4192 2298 4247 rataqne
2331 4188 2461 4233 sunt
2483 4194 2603 4249 quze
2641 4180 3053 4234 successionem
3087 4180 3513 4251 haudquaquam
3560 4180 3660 4233 ad-

2071 4274 2318 4326 mittunt.
2391 4270 2508 4337 Qua
2581 4286 2711 4340 ergo
2767 4273 2983 4327 ratione
3064 4287 3220 4328 suam
3283 4274 3426 4327 illam
3494 4290 3660 4329 unam

2071 4380 2360 4435 personam
2432 4362 2647 4417 Patrem
2706 4365 3026 4435 appellabit,
3082 4382 3206 4420 cum
3258 4367 3407 4420 illam
3474 4369 3662 4422 notio-

2070 4473 2188 4512 nem
2223 4456 2341 4510 Filii
2373 4458 2738 4527 appellatione
2771 4458 3023 4513 amittat?
3087 4456 3157 4513 Ut
3195 4476 3340 4513 nunc
3379 4460 3660 4528 omittam,

2069 4564 2174 4619 qua
2249 4564 2476 4618 prorsus
2549 4549 2763 4604 ratione
2841 4549 3007 4605 Pater
3093 4550 3350 4617 dicatur,
3411 4560 3503 4607 aut
3549 4569 3658 4623 qua

2068 4640 2373 4710 appelletur
2445 4639 2640 4707 Filius,
2705 4642 2799 4711 qui
2860 4642 2916 4696 in
2966 4641 3208 4712 Spiritus
3271 4644 3667 4717 commigrave-

2067 4735 2141 4788 rit
2199 4731 2671 4804 appellationem?
2733 4730 2889 4788 Unus
2947 4748 3078 4804 ergo
3133 4744 3217 4790 est
3278 4733 3421 4790 Deus
3473 4745 3664 4794 noster

2072 4825 2129 4880 in
2161 4825 2342 4881 tribus
2377 4825 2664 4897 personis;
2702 4841 2803 4881 nec
2834 4827 2999 4881 trium
3035 4827 3271 4891 ratione.
3335 4829 3540 4885 diversi
3567 4845 3667 4903 ge-

376 4929 516 4999 ὸμοῦ
542 4925 623 4997 τῷ
658 4896 822 4994 uiridi
845 4896 1042 4990 Ila-cpi,
1073 4916 1168 4971 καὶ
1201 4916 1310 4970 τῶν
1335 4913 1395 4979 ἐξ
1430 4913 1642 4967 ἐκείνου
1675 4913 1956 4966 συνόντων·

2072 4919 2222 4974 neris
2258 4919 2596 4976 sectionibus
2634 4920 2898 4989 singulari
2928 4921 3130 4976 deitate
3195 4922 3390 4988 divisa,
3430 4924 3526 4980 sed
3580 4924 3659 4980 ita

377 5019 596 5092 Ιιατρὸς
628 5018 727 5086 μὲν
768 5016 865 5070 καὶ
900 5011 1216 5083 Πνεύματος
1255 5011 1313 5063 ὲν
1357 5011 1423 5081 τῇ
1457 5008 1668 5061 ἑαυτῶν
1703 5007 1968 5077 διαμεμε-

377 5115 623 5184 νηκότων
652 5110 941 5181 ἁπλότητι.
970 5104 1104 5160 Υιοῦ
1141 5104 1219 5170 δὲ,
1247 5104 1312 5172 τῇ
1338 5101 1397 5168 ἐξ
1425 5099 1585 5172 ἡμῶν
1613 5097 1975 5169 συντεθειμέ--

378 5227 475 5263 νου
504 5205 832 5279 προσλήψει.

2075 5017 2137 5064 ut
2187 5019 2302 5066 trcs
2354 5026 2572 5081 semper
2625 5013 2918 5076 exsistant,
2977 5028 3040 5068 ac
3093 5029 3194 5068 nec
3240 5013 3414 5071 F.lius
3462 5033 3528 5071 ex
3580 5016 3667 5072 ni-

2077 5101 2192 5157 hilo
2246 5103 2337 5166 sit,
2409 5119 2512 5158 nec
2574 5103 2814 5172 Spiritus
2892 5114 3117 5159 sanctus
3167 5123 3179 5158 :
3253 5115 3311 5160 ut
3366 5123 3436 5162 ne
3482 5106 3668 5164 Deitas

2076 5210 2200 5250 cum
2227 5196 2380 5265 prius
2431 5194 2688 5249 deﬁciens
2757 5204 2905 5250 esset
2966 5199 3322 5264 postmodum
3393 5200 3666 5266 videatur,

380 5303 658 5359 delectum
715 5297 1028 5368 abiecisse:
1076 5292 1170 5350 sed
1222 5304 1332 5347 una
1373 5303 1498 5345 cum
1551 5301 1744 5352 causa,
1806 5285 1968 5340 Patre
2000 5288 2233 5351 scilicet,
2266 5288 2429 5343 simul
2485 5291 2752 5342 exsistant
2807 5289 2900 5358 qui
2957 5299 3085 5344 sunt
3147 5307 3212 5345 ex
3263 5291 3375 5357 illo,
3453 5299 3513 5345 ut
3585 5291 3670 5345 ni-

381 5396 683 5453 hilominus
717 5401 834 5448 tum
887 5390 1069 5453 Pater,
1097 5397 1214 5443 tum
1257 5385 1498 5456 Spiritus
1531 5395 1689 5437 suam
1720 5379 2051 5436 retinueritit
2092 5383 2538 5453 sitnplicitatem;
2613 5380 2778 5438 Filius
2843 5398 2994 5451 vero,
3044 5385 3229 5439 carnis
3314 5391 3517 5440 nostrae
3582 5398 3672 5439 as—

382 5489 699 5559 Sumptione
753 5486 935 5540 factus
994 5483 1064 5537 sit
1102 5478 1466 5548 compositus.

458 5580 606 5636 Ἔδει
645 5578 756 5649 γὰρ
793 5575 929 5630 Θεοῦ
963 5570 1318 5646 βουληθέντος
1356 5567 1446 5621 διὰ
1475 5563 1760 5634 σπλάγχνα
1790 5562 1978 5627 ἐλέους

386 5676 446 5730 ὲν
483 5671 723 5745 ἡμετέρᾳ
754 5669 936 5740 μορφῇ
963 5664 1064 5737 τὴν
1085 5661 1310 5733 λογικὴν
1331 5657 1492 5730 ἡμῶν
1519 5656 1801 5724 εὐγένειαν
1825 5653 1977 5726 διαρο

388 5770 610 5841 ρυεῖσαν
630 5765 765 5838 πρὸς
795 5763 988 5816 ἑαυτὸν
1026 5757 1328 5821 ἀνασῶσαι,
1362 5753 1492 5808 Υίὸν
1524 5748 1664 5805 εἶναι
1693 5751 1786 5802 τὸν
1819 5747 1980 5803 τοῦτο

387 5838 954 5935 πραγματευσόμενον
980 5868 996 5885 ·
1037 5852 1098 5908 οὐ
1146 5850 1307 5923 μόνον
1350 5848 1433 5902 ὃτι
1471 5846 1611 5914 ὅπερ
1637 5838 1708 5916 ἦν
1747 5841 1977 5910 ἀϊδίως,

2150 5558 2259 5614 Par
2317 5559 2464 5615 enim
2527 5567 2665 5623 erat,
2730 5568 2791 5613 ut
2837 5575 2962 5614 cum
3021 5561 3162 5615 Deus
3208 5575 3303 5630 per
3355 5561 3676 5620 misericor-

2083 5653 2187 5708 dia:
2209 5652 2420 5708 viscera
2451 5652 2776 5707 rationalem
2813 5664 3060 5707 nostram
3092 5653 3509 5724 ingenuitatem.
3547 5673 3671 5724 qua:

2080 5745 2135 5800 in
2184 5751 2379 5798 natura
2429 5754 2618 5798 nostra
2667 5743 3014 5811 dimuxisset,
3051 5746 3116 5799 ad
3169 5760 3229 5801 se
3273 5745 3390 5816 ipse
3417 5760 3676 5816 reparare

2083 5836 2391 5903 statuisset,
2426 5835 2479 5892 id
2517 5837 2719 5908 negotii
2745 5852 2842 5905 per
2868 5835 3067 5896 Fdium
3101 5845 3386 5910 gereretur
3420 5857 3434 5896 :
3465 5839 3666 5898 nedum
