4098 6292
466 334 533 402 31
1698 328 1978 391 LEONIS
2018 328 2489 391 PHILOSOPHI
3688 330 3765 393 32

467 464 533 507 ea
570 450 804 515 ratione,
853 445 984 519 quia
1034 442 1180 515 quod
1222 449 1426 499 aeterna
1478 448 1625 497 esset
1674 443 2055 512 generatione,

2172 439 2325 493 τοῦτο
2346 441 2443 492 καὶ
2468 438 2694 510 ὕστερον
2716 437 3094 511 χρηματίζων,
3121 438 3222 493 οὐκ
3254 438 3446 510 ἔμελλε
3475 439 3586 497 τῶν
3612 441 3766 497 ίδίων

468 538 820 612 postmodum
888 534 1143 598 audiens,
1206 547 1237 586 a
1288 532 1406 588 suis
1457 531 1578 603 ipse
1630 530 2059 602 haudquaquam

2172 531 2554 602 ὲκστήσεσθαι,
2598 532 2713 585 ἀλλ’
2744 533 2827 585 ὅτι
2856 532 2951 586 καὶ
2997 530 3172 600 Λόγου
3216 528 3284 604 ἦν
3325 532 3385 597 ἐξ
3433 533 3591 605 ἡμῶν
3652 535 3767 589 ἀπ-

471 643 809 687 excessurus
837 633 962 682 erat
989 666 1005 693 ,
1039 639 1230 681 verum
1275 623 1465 690 etiam,
1496 623 1623 694 quia
1670 622 1900 679 rationis
1935 630 2055 679 erat

2172 624 2499 679 εσκευάσθαι
2548 623 2649 696 τὴν
2707 624 2931 693 ἀλογίαν
2988 625 3167 695 οἰκείᾳ
3212 626 3637 698 προσομιλήσει.
3663 627 3767 683 Διὰ

472 732 592 779 uta
627 722 784 778 nobis
829 733 931 776 sua
974 716 1265 775 nobiscum
1310 714 1735 783 consuetudine,
1769 716 2060 771 irrationa-

471 817 552 873 les
600 814 829 870 allectus
876 826 1170 879 moresque
1212 808 1478 866 auferret.
1535 809 1751 865 Idcirco
1796 809 2063 865 Conditor

470 910 590 980 ipse
631 906 961 963 saeculorum
1016 903 1349 976 principium
1419 901 1623 959 sacculo
1657 901 1933 958 recentius
1963 917 2060 957 su-

471 1001 611 1068 mit;
661 1009 825 1071 partu
858 996 1027 1053 nullis
1071 995 1277 1051 infecto
1308 994 1586 1061 sordibus,
1616 1008 1799 1050 meum
1829 993 2065 1048 honorat

471 1104 729 1166 partum;
767 1108 854 1159 ac,
902 1090 1048 1161 quod
1080 1089 1370 1162 praesentis
1400 1089 1511 1145 diei
1545 1087 1830 1147 solemniis
1857 1089 2057 1159 agitur,

472 1203 641 1244 carne
683 1186 738 1241 in
787 1186 993 1257 templo
1047 1184 1301 1249 oﬂertur,
1336 1181 1450 1238 Deo
1479 1197 1589 1246 me,
1626 1197 1658 1237 a
1698 1180 1924 1253 profana
1957 1179 2063 1235 imr

474 1283 793 1354 mundaque
842 1282 896 1337 in
952 1280 1237 1351 impietate
1277 1276 1739 1341 conversatione,
1772 1275 2062 1331 vindicans

475 1390 841 1444 sacransque.
891 1373 953 1430 ld
999 1373 1162 1429 hodie
1228 1371 1340 1442 agit
1392 1369 1619 1441 provide
1652 1408 1669 1433 ,
1719 1367 1813 1441 qui
1886 1365 2063 1422 nostri

476 1483 647 1524 causa
696 1467 879 1523 factus
904 1476 989 1524 est
1022 1466 1225 1523 infans.
1268 1463 1394 1536 Hoc.
1418 1463 1738 1520 festivitatis
1785 1461 2066 1537 hodiernae

477 1569 864 1633 argumentum
891 1567 977 1617 est
1003 1575 1018 1614 :
1046 1573 1241 1630 nempe
1264 1557 1495 1613 infantis
1520 1556 1574 1611 in
1603 1555 1804 1625 templo
1835 1553 2061 1619 oblatio,

478 1654 570 1709 cui
622 1653 799 1725 igneis
848 1651 918 1708 ab
966 1651 1160 1721 oribus
1192 1648 1422 1705 oll‘ertur
1469 1645 1737 1702 laudatio.
1772 1644 1908 1711 Quis
1952 1657 2064 1698 non

478 1743 741 1798 horreat?
770 1740 907 1809 Quis
929 1756 1041 1796 non
1073 1738 1333 1811 stupeat?
1365 1737 1504 1803 Quis
1536 1753 1643 1793 non
1675 1737 1730 1792 in
1763 1736 2063 1808 gratiarum

479 1834 727 1890 solvatur
774 1834 1063 1890 actiones?
1112 1832 1216 1899 Qui
1266 1840 1326 1887 ut
1358 1831 1508 1889 Deus
1536 1830 1794 1886 universa
1827 1828 2064 1900 perlicit,

477 1928 790 1983 mortalium
815 1924 1147 1981 formatione
1173 1924 1229 1980 in
1255 1923 1579 1994 imperfecta
1605 1924 1853 1979 cernitur
1881 1929 2063 1979 aetate.

487 2016 595 2085 Qui
653 2016 906 2073 considet
948 2014 1138 2082 Patri,
1187 2016 1446 2071 manibus
1487 2022 1732 2086 gestetur
1779 2013 2064 2069 maternis.

478 2108 651 2180 Cujus
680 2110 849 2165 verbo
878 2118 1133 2165 vocatum
1159 2108 1344 2163 lumen
1381 2107 1607 2179 prodiit,
1635 2106 1691 2162 in
1717 2107 1843 2163 vitae
1865 2113 2080 2162 nostrae

480 2202 683 2258 nebula
706 2201 979 2274 procedit.
1014 2199 1159 2257 Caeci
1194 2201 1436 2272 gentium
1468 2200 1615 2256 oculi
1650 2201 1706 2255 in
1731 2208 1847 2255 atra
1871 2200 2065 2256 mortis

479 2302 645 2351 nocte
689 2294 1020 2361 sedentium,
1065 2292 1476 2360 illuminamini,
1509 2292 1603 2364 qui
1648 2292 1888 2349 lucidam
1940 2293 2068 2347 vitae

480 2386 628 2441 diem
660 2385 1039 2456 conspiciatis.
1069 2382 1283 2440 Excisa:
1312 2400 1550 2456 namque
1575 2390 1708 2441 sunt
1744 2384 2069 2456 ignorantiae

482 2478 751 2543 tenebrae,
797 2475 1003 2548 quibus
1048 2490 1079 2531 a
1121 2476 1233 2532 Deo
1272 2476 1498 2532 discreti
1561 2475 1899 2543 tenebamur,
1948 2477 2068 2549 ipso

483 2587 547 2629 se
572 2571 886 2628 inﬂectente
918 2586 1132 2626 summo
1166 2571 1676 2627 misericordiarum
1709 2569 1874 2627 Patre
1906 2582 2069 2643 atque

484 2664 594 2728 his,
641 2665 734 2735 qui
790 2664 1087 2721 interibant
1134 2665 1187 2719 in
1239 2665 1510 2732 tenebris,
1558 2680 1748 2721 verum
1803 2666 2071 2723 inferente

485 2752 691 2809 ltunen.
760 2753 950 2809 Soluta
1011 2755 1279 2811 moeStitia
1340 2768 1446 2823 est,
1502 2756 1731 2814 Deitatis
1780 2759 2072 2828 splendore

485 2846 650 2903 nobis
678 2844 997 2918 aﬂ'ulgente.
1022 2846 1257 2904 Videant
1288 2851 1550 2917 salutare,
1573 2850 1666 2920 qui
1696 2862 1917 2922 propter
1944 2868 2074 2922 pec-

487 2941 595 2996 cati
624 2940 1020 2996 obscuritatem
1046 2942 1310 3013 caligant.
1346 2941 1487 2998 Ecce
1510 2945 1656 2999 enim
1690 2944 1869 3013 puella
1903 2946 2085 3001 castis

485 3032 745 3088 manibus
810 3032 1092 3088 invectum
1145 3045 1392 3105 gestans,
1453 3036 1506 3090 in
1557 3036 1851 3093 umbratile
1904 3036 2074 3092 intrat

486 3124 776 3193 templum,
831 3138 943 3194 quo
992 3125 1341 3182 sacerdotum
1382 3126 1515 3180 illud
1568 3126 1824 3182 manibus
1856 3126 2073 3184 offerat.

486 3212 533 3270 Ο
565 3214 946 3270 inclinationis
981 3231 1322 3286 summaeque
1357 3216 1507 3272 illius
1556 3217 1912 3273 demissionis
1945 3218 2095 3274 alti-7

486 3306 773 3363 tudinem!
823 3307 929 3373 Qui
956 3307 1231 3363 Aaroncm
1276 3308 1553 3379 delegerat
1585 3310 1641 3363 in
1684 3309 2073 3377 ministerium,

485 3397 771 3469 priorique
800 3397 968 3468 Moysi
1009 3398 1189 3453 fuerat
1214 3398 1555 3467 collocutus;
1589 3413 1753 3470 quem
1781 3399 1945 3456 etiam
1974 3403 2096 3454 110--

486 3489 695 3543 dierum
718 3488 828 3544 diei
860 3490 1022 3545 docet
1054 3492 1338 3561 mysteria,
1364 3504 1471 3562 qua
1501 3490 1807 3562 posteriora
1831 3492 2071 3547 ostendit

487 3582 655 3649 (Deus
695 3597 935 3653 namque
972 3596 1129 3639 suam
1166 3584 1406 3654 posteris
1446 3585 1786 3656 temporibus
1816 3599 1941 3639 cum
1975 3585 2072 3639 lio-

486 3674 730 3729 minibus
774 3674 1012 3729 futuram
1068 3676 1524 3731 consuetudinem
1575 3677 1867 3748 aenigmate
1918 3677 2070 3735 desi-

2168 714 2327 769 τοῦτο
2356 718 2384 768 ὁ
2415 715 2542 778 τοὺς
2586 712 2793 777 αἰῶνας
2821 714 3233 785 δημιουργήσας
3253 755 3270 781 ,
3304 714 3481 787 ἀρχὴν
3524 734 3767 786 μεταγε-

2167 807 2432 878 νεστέραν
2459 806 2656 870 αἰῶνος
2683 805 2973 875 λαμϐάνειε
3006 806 3343 880 ἀρρυπάντῳ
3381 808 3637 875 ἀποτέξει
3664 812 3768 875 τὰς

2164 898 2305 971 ἐμὰς
2342 897 2540 963 ὠδῖνας
2564 898 2721 971 τιμᾷ’
2746 899 2862 965 καὶ,
2884 898 3054 952 τδνῢν
3075 899 3421 970 τελούμενον,
3442 901 3606 973 σαρκὶ
3630 918 3769 973 προ-

2164 991 2395 1063 φέρεται
2437 992 2592 1064 ίερῷ,
2620 991 2721 1063 ἐμὲ
2752 991 3073 1064 ἱεροποιῶν,
3106 992 3207 1064 τῆς
3235 992 3458 1065 ἀνιέρου
3490 992 3585 1047 καὶ
3614 994 3763 1047 ἀκα-

2165 1085 2363 1156 θάρτου
2386 1085 2445 1139 ὲν
2471 1085 2923 1157 ἀθεῖᾳζδιαγωγῆς
2947 1087 2959 1141 ι
2984 1083 3155 1139 Τοῦτο
3173 1086 3417 1157 σήμερον
3438 1084 3517 1156 τῷ
3534 1084 3769 1157 δι’ήμᾶς

2164 1178 2534 1249 οίκονομεῖται
2571 1179 2770 1250 νηπίῳ.
2820 1177 2994 1232 Τοῦτο
3038 1176 3396 1250 ἑορτάζομεν·
3438 1178 3763 1252 προσένεξιν

2167 1272 2246 1333 εἰς
2275 1270 2400 1325 ναὸν
2431 1269 2667 1342 βρέφους
2695 1310 2710 1335 ,
2735 1261 2781 1339 ᾧ
2824 1271 3068 1343 πυρίνων
3099 1270 3391 1343 στομάτων
3406 1272 3763 1342 προσάγεται

2166 1362 2522 1427 αίνεσις.κΤίς
2549 1362 2609 1417 οὺ
2642 1363 2857 1431 φρίττει
2893 1379 2908 1431 ;
2942 1362 3037 1427 Τίς
3082 1365 3182 1417 οὐκ
3228 1365 3634 1435 ἑκπλήττεται;
3666 1365 3768 1430 Τίς

2166 1456 2267 1509 οὐκ
2310 1455 2626 1527 εὐχαριστεῖ
2652 1454 2744 1522 ;'0
2775 1455 2845 1508 τὰ
2888 1454 3183 1527 σύμπαντα
3222 1457 3447 1511 τελειῶν
3485 1457 3559 1522 ὡς
3592 1457 3761 1527 Θεὸς,

2167 1550 2225 1605 ὲν
2275 1550 2501 1615 ἀτελοῦς
2550 1549 2765 1621 ἡλικίας
2807 1550 3005 1623 ὁρᾶται
3047 1551 3297 1622 γηγενῶν
3335 1552 3646 1608 διαπλάσει.
3703 1553 3766 1609 '0

2170 1641 2539 1715 συγκάθεδρος
2560 1641 2637 1713 τῷ
2661 1642 2860 1714 Πατρὶ,
2892 1644 3051 1714 χερσὶ
3078 1645 3407 1716 βαστάξεται
3435 1648 3761 1717 μητρικαῖς.

2169 1730 2244 1789 Οὗ
2273 1735 2482 1807 ῥήματι
2508 1735 2845 1806 καλούμενον
2872 1733 3110 1807 προῆλθε
3136 1734 3197 1790 τὸ
3226 1736 3364 1806 φῶς,
3385 1737 3445 1790 ὲν
3465 1739 3532 1809 τῇ
3561 1736 3765 1812 ὁμίχλῃ

2168 1827 2263 1883 τοῦ
2293 1826 2566 1900 ἡμετέρου
2599 1827 2714 1899 βίου
2748 1830 3101 1900 προέρχεται.
3140 1828 3440 1903 Ὀςρθαλμοὶ
3484 1830 3769 1903 ἀλαμπεῖς

2167 1921 2278 1975 τῶν
2325 1923 2384 1977 ὲν
2408 1923 2476 1994 τῇ
2529 1921 2763 1997 μελαίνῃ
2804 1921 2900 1977 τοῦ
2950 1922 3186 1978 θανάτου
3233 1923 3391 1977 νυκτὶ
3432 1924 3780 1996 καθημένων“

2170 2012 2364 2081 ἐθνῶν,
2399 2012 2733 2087 φωτίσθητε,
2775 2013 2875 2086 τὴν
2906 2013 3175 2087 φωτεινὴν
3219 2018 3321 2087 τῆς
3351 2015 3499 2089 ζωῆς
3542 2017 3771 2090 ἡμέραν·

2173 2107 2459 2180 θεώμενοι.
2501 2107 2746 2181 Ἐτμήθη
2793 2108 2902 2180 γὰρ
2949 2108 3050 2178 τῆς
3091 2109 3314 2178 ἀγνοίας
3361 2110 3423 2163 τδ
3472 2109 3688 2175 σκότος,

2168 2202 2304 2257 Θεοῦ
2342 2201 2677 2272 διιστάμενοι
2729 2199 3103 2272 κατειχόμεθα
3126 2216 3141 2231 ·
3172 2198 3597 2273 δυσωπήσαντος
3638 2203 3764 2257 ἑαυο

2169 2294 2263 2349 τὸν
2291 2293 2386 2348 τοῦ
2413 2294 2653 2365 μεγάλου
2687 2293 2798 2348 τῶν
2819 2292 3123 2364 οἰκτιρμῶν
3148 2293 3363 2365 Πατρὸς
3388 2334 3403 2360 ,
3445 2295 3679 2359 καὶτοῖς
3703 2298 3764 2351 ἐν

2170 2387 2319 2459 αὐτῷ
2350 2384 2745 2457 ἀπολλυμένοις
2769 2425 2784 2453 ,
2815 2384 2877 2439 τὸ
2909 2383 3164 2457 ἀληθινὸν
3209 2384 3325 2454 φῶς
3368 2385 3760 2454 ὲπιφάναντος.

2170 2482 2368 2553 Ἐλύθη
2403 2480 2464 2535 rb
2496 2479 2842 2552 σκυθρωπὸν,
2867 2478 2961 2534 τοῦ
3005 2479 3440 2549 ἁπαυγάσματος
3477 2481 3611 2550 ἡμῖν
3662 2481 3765 2551 τῆς

2171 2574 2436 2646 Θεότητος
2459 2570 2884 2643 ἐπιλάμψαντος.
2910 2570 3191 2625 Ἰδέτωσαν
3209 2570 3270 2625 rb
3298 2573 3582 2643 σωτήριον,
3601 2571 3651 2625 οί
3675 2570 3765 2625 διά

2170 2662 2271 2735 τὴν
2320 2662 2579 2735 ἀμαυρὰν
2635 2663 2865 2734 μύοντες
2898 2663 3212 2734 ἁμαρτίαν.
3282 2662 3413 2716 Ἰδοὺ
3461 2663 3571 2734 γὰρ
3624 2663 3771 2735 κόρην

2172 2757 2455 2830 παλάμαις
2485 2759 2676 2827 ἁγναῖς
2708 2757 3077 2828 ὲποχούμενον
3137 2758 3396 2828 ⁸λέρουσα,
3446 2758 3527 2819 είς
3560 2756 3763 2828 σκιώδη

2173 2851 2299 2907 ναὸν
2327 2851 2667 2919 εἰσελαύνει,
2710 2852 2898 2923 χερσὶν
2939 2852 3128 2920 ἱερέως
3180 2849 3338 2904 τοῦτο
3379 2849 3759 2921 προσάγουσα.

2174 2946 2240 2998 Ὢ
2278 2943 2442 3015 βάθος
2478 2942 2981 3014 συγκαταὸάσεωςι
3018 2943 3077 2997 '0
3114 2942 3252 3012 πρὸς
3294 2941 3641 3013 λειτουργίαν
3670 2940 3785 2996 τὸν·

2186 3035 2396 3108 ’Δαρὼν
2424 3035 2805 3107 ἐκλεξάμενος,
2832 3035 2925 3089 καὶ
2954 3034 3061 3105 πρδ
3086 3032 3279 3088 τούτου
3306 3032 3659 3105 προσομιλῶν
3683 3031 3767 3103 τῷ

2174 3129 2383 3183 Μωσεῖ·
2416 3121 2461 3197 ᾧ
2492 3129 2589 3183 καὶ
2617 3127 2686 3182 τὰ
2714 3128 2811 3182 νῦν
2842 3129 3122 3199 μυστήρια
3162 3129 3222 3181 ἑν
3258 3128 3326 3199 τῇ
3359 3128 3468 3180 τῶν
3497 3125 3765 3179 ὀπισθίων

2177 3222 2305 3292 μυεῖ
2338 3220 2685 3290 παραδείξει·
2716 3221 2819 3292 τὴν
2847 3220 2958 3291 γὰρ
3000 3222 3057 3274 ὲν
3100 3219 3279 3273 ὀπίσω
3310 3217 3503 3291 καιροῦ
3548 3216 3765 3289 ὁμιλίαν

2173 3311 2340 3368 αὑτοῦ
2380 3312 2689 3387 ἀνθρώποις
2731 3310 3128 3383 αἰνιγματίζων
3156 3310 3288 3374 Θεὸς
3310 3352 3326 3379 ,
3354 3311 3435 3382 τῷ
3468 3310 3768 3383 θεράποντι

2175 3404 2244 3459 τὰ
2274 3403 2500 3458 ὀπίσθια
2520 3404 2792 3458 δείκνυσιν
2810 3420 2825 3434 ·
2863 3404 2941 3466 ὡς
2966 3405 3250 3475 ἱερατικῆς
3275 3403 3495 3476 χρῄζων
3513 3403 3791 3472 εὐλογίας

2098 3527 2143 3587 c
2177 3495 2549 3569 προσφέρεται
2581 3497 2739 3569 ἱερεῖ.
2790 3495 2977 3561 οὕτως
3015 3496 3142 3567 ἐμοὶ
3178 3497 3479 3569 εὐδοκήσας
3510 3499 3766 3569 ἐπηνωρ-

2176 3587 2413 3643 θωκέναι
2449 3588 2511 3643 rb
2544 3590 2795 3660 πταῖσμα
2821 3626 2838 3653 ,
2869 3586 2900 3642 ὃ
2928 3589 3080 3660 νόμῳ
3117 3589 3504 3661 προσκρούσας
3533 3588 3767 3659 διεπρα-

2178 3677 2378 3751 timv-

487 3780 685 3836 gnans,
719 3764 912 3838 Moysi,
938 3765 1144 3821 famulo
1190 3783 1287 3823 suo
1319 3770 1620 3838 posteriora
1657 3768 1843 3825 videre
1891 3769 2145 3826 concedit
2177 3770 2293 3843 ")z
2356 3779 2620 3843 tanquam
2673 3770 3000 3829 sacerdotali
3057 3770 3308 3843 indigens
3356 3769 3760 3836 benedictione,

489 3858 766 3913 sacerdoti
815 3857 1077 3926 oﬁ‘ertur;
1130 3859 1413 3925 nimirum,
1457 3875 1525 3917 eo
1562 3861 1727 3918 modo
1754 3861 1946 3918 volens
2019 3865 2493 3935 reparare,lquod
2544 3864 2602 3921 in
2662 3865 2835 3938 legem
2901 3864 3207 3930 oﬂ‘endens,
3247 3864 3461 3921 crimen
3525 3864 3761 3922 commi-

488 3964 707 4005 snssem.

561 4041 823 4109 Quaenam
849 4050 1005 4098 tanta
1029 4044 1145 4099 haec
1182 4042 1518 4115 benignitas,
1541 4043 1949 4116 ineﬂ‘abilisque
1974 4046 2077 4102 mi-

490 4134 833 4191 sericordia?
868 4133 944 4190 Ex
978 4135 1164 4192 servili
1209 4150 1310 4204 ego
1352 4136 1692 4205 conditione,
1724 4137 2074 4194 dominorum

490 4227 738 4299 propriis
762 4228 1087 4284 honestatus
1120 4229 1447 4300 privilegiis,
1490 4245 1556 4285 ae
1605 4239 1865 4302 tanquam
1898 4231 2079 4288 domi-

491 4334 620 4385 nus,
663 4320 883 4390 meique
913 4319 1060 4391 juris
1119 4323 1332 4389 vivens,
1371 4337 1508 4377 mea:
1555 4327 1839 4379 custodem
1890 4324 2079 4395 gloria:

493 4410 667 4482 legem
711 4408 940 4482 repuli':
981 4412 1246 4469 Dominus
1298 4421 1506 4481 autem,
1561 4416 1907 4483 sempiterna
1953 4415 2081 4487 jure

492 4502 833 4560 hatreditatis
883 4503 1189 4559 dominium
1225 4506 1534 4575 possidens,
1575 4508 1701 4562 vita:
1744 4521 1869 4563 eum
1904 4510 2080 4567 servis

494 4594 816 4650 societatem
865 4597 1094 4653 minime
1122 4597 1345 4664 renuit;
1382 4606 1550 4668 atque
1585 4598 1722 4654 adeo
1771 4599 1878 4670 legi
1906 4601 2083 4657 servis

493 4685 620 4741 latae
659 4701 865 4741 morem
924 4688 1088 4758 gerit.
1146 4689 1421 4755 Quorsum
1468 4689 1521 4745 id
1564 4691 1740 4746 vero?
1789 4689 2080 4761 Nimirum,

497 4787 558 4832 ut
593 4776 725 4831 mihi
758 4778 1000 4848 przebeat
1033 4794 1146 4850 quo
1166 4795 1422 4836 excusem
1447 4779 1661 4837 ordinis
1688 4782 2080 4850 desertioncm,

2231 4046 2348 4111 ‹Τίς
2381 4048 2416 4119 ἡ
2444 4046 2852 4118 φιλανθρωπία,
2891 4046 2986 4103 καὶ
3010 4048 3039 4102 ό
3083 4044 3266 4113 οἶκτος
3309 4048 3340 4103 ὁ
3372 4046 3615 4118 ἄφατος;
3667 4050 3768 4106 Ἐκ

2177 4138 2377 4193 δούλων
2407 4136 2518 4207 ἐγὼ
2539 4137 2877 4202 δεσποτικοῖς
2898 4136 3154 4209 τιμηθεὶς
3191 4136 3527 4209 προνομίοις,
3544 4136 3651 4192 ’καὶ
3676 4132 3766 4193 οἷα

2175 4230 2442 4301 δεσπότης
2475 4230 2869 4302 διαιτώμενος,
2918 4230 3009 4285 τὸν
3043 4228 3261 4299 φύλακα
3294 4229 3394 4299 τῆς
3424 4229 3568 4301 ἐμῆς
3602 4230 3765 4302 δόξης

2177 4322 2460 4395 διωσάμην
2477 4322 2670 4394 νόμον.
2695 4322 2971 4391 Δεσπότης
2993 4320 3051 4375 δὲ
3072 4320 3243 4375 ἀΐδιον
3267 4319 3468 4392 κλῆρον
3497 4318 3638 4390 ἔχων
3666 4320 3766 4388 τὴν

2176 4415 2518 4480 δεσποτείαν,
2568 4416 2632 4469 οὐ
2668 4417 3017 4486 παραιτεῖται
3063 4414 3163 4486 τὴν
3212 4413 3354 4484 μετά
3394 4412 3596 4467 δούλων
3642 4429 3763 4467 συν-

2175 4506 2466 4581 διαίτησιν,
2500 4508 2594 4562 καὶ
2631 4506 2711 4578 τῷ
2741 4507 2979 4579 κειμένῳ
3000 4506 3209 4571 δούλοις
3228 4507 3316 4562 διὰ
3340 4506 3514 4562 ταῦτα
3538 4505 3768 4578 πειθαρ-

2178 4601 2265 4669 χεῖ
2289 4597 2583 4669 νόμῳ.⁹Ίνα
2607 4598 2661 4652 τί
2690 4598 2937 4669 γένηται;
2973 4600 3068 4652 "iv’
3094 4598 3218 4669 ἐμοὶ
3246 4599 3345 4669 τῆς
3374 4595 3602 4663 ἀταξίας
3628 4598 3766 4651 ἀπο-

2180 4690 2367 4760 λογίαν
2393 4691 2839 4763 παραστήσηται,
2863 4690 3075 4746 καὶτοῦ
3101 4691 3203 4761 τῆς
3228 4690 3492 4761 ἀνηκοΐας
3518 4689 3770 4764 ἀπολύσῃ

2184 4783 2550 4855 ἐγκλήματος,
2575 4782 2764 4857 ὥσπερ
2798 4784 3087 4849 ὑπόπλεως
3111 4784 3363 4858 φιλτρόου
3394 4782 3581 4855 πατὴρ
3606 4782 3767 4852 ἔκγο-

497 4882 745 4939 ωεαιηυθ
799 4868 1188 4926 inobedientia:
1238 4872 1451 4927 crimen
1490 4871 1665 4927 diluat
1700 4888 1715 4926 :
1747 4889 1813 4928 ac
1852 4875 1897 4930 si
1926 4887 2073 4946 pater

2188 4893 2279 4930 νον
2317 4875 2615 4946 ἐπιτιμίοις
2642 4875 2785 4946 όρῶν
2814 4876 3196 4947 ὑποκείμενονο
3232 4869 3351 4930 εἶτα
3375 4875 3437 4930 τὸ
3464 4874 3636 4930 αίτιον
3666 4874 3770 4949 τῆς

499 4962 707 5018 amoris
731 4960 1040 5017 visceribus
1063 4963 1262 5033 plenus
1299 4979 1473 5034 paenae
1499 4964 1796 5021 obnoxium
1831 4974 2083 5037 nepotem

497 5045 702 5114 videat,
734 5054 963 5118 tumque
1007 5050 1140 5105 mali
1195 5065 1421 5107 causam
1478 5053 1532 5109 in
1580 5054 1751 5110 ﬁlium
1798 5056 1957 5128 longe
2000 5071 2092 5113 80--

501 5136 807 5207 lertiorem,
839 5140 1016 5211 ipsius
1044 5142 1363 5200 diluendum
1396 5159 1582 5216 Opere,
1608 5148 1879 5204 conferat.
1908 5148 2094 5216 Quod-

501 5245 629 5286 nam
662 5230 997 5289 horrendum
1041 5234 1148 5291 hoc
1179 5252 1343 5307 opus,
1390 5238 1779 5310 universisque
1825 5240 2096 5303 excellen-

500 5325 633 5388 tius,
679 5318 727 5382 si
779 5342 887 5397 qua
935 5327 1079 5385 Deus
1120 5340 1382 5401 operatus
1427 5332 1546 5387 estl

574 5416 722 5473 Sane
767 5416 987 5487 quidem
1050 5436 1313 5491 magnum
1368 5420 1498 5492 quid
1547 5430 1830 5479 extentum
1867 5426 2091 5495 ccelum,

501 5517 761 5580 terraque
812 5526 980 5581 super
1018 5512 1254 5569 nihilum
1297 5514 1561 5582 fundata,
1614 5531 1716 5572 nec
1752 5533 1862 5573 non
1905 5518 2088 5576 lumen

502 5600 673 5657 verbo
725 5602 1057 5675 obaudiens,
1113 5614 1175 5661 ut
1225 5608 1432 5666 mundo
1483 5617 1601 5668 toto
1634 5608 1744 5666 late
1789 5609 2086 5684 eﬂ‘ulgeat;

580 5780 626 5814 ”
661 5781 832 5839 Exod.
878 5801 1070 5851 xxxztt,
1109 5790 1159 5843 5.

2186 4965 2487 5030 κακώσεως
2528 4965 2611 5037 τῷ
2649 4967 2803 5022 παιδὶ
2835 4968 2979 5022 κατὰ
3025 4968 3162 5023 πολὺ
3208 4965 3549 5039 δεξιωτέρῳ,
3600 4964 3770 5043 αὐτῷ

2187 5057 2435 5115 διαλύσαι
2465 5057 2544 5130 τῷ
2578 5058 2746 5133 ἔργῳ.
2788 5059 2854 5115 Τί
2897 5061 2957 5115 τὸ
2989 5060 3220 5133 φρικτὸν
3262 5059 3423 5115 τοῦτο
3449 5059 3632 5133 ἔργον,
3676 5058 3771 5115 καὶ

2191 5150 2369 5205 πάντα
2400 5150 2698 5224 ὑπεραῖρον
2730 5153 2829 5207 ὅσα
2852 5151 2985 5220 Θεὸς
3014 5151 3344 5225 είργάσατοῐ

2260 5431 2421 5501 Μέγα
2455 5430 2554 5502 μὲν
2596 5425 2690 5486 οὗν
2729 5431 2957 5503 οὐρανὸς
2997 5430 3393 5501 ἐκτεινόμενοςο
3427 5429 3521 5483 καὶ
3567 5432 3638 5501 γῆ
3682 5429 3772 5483 ἐπ’

2187 5523 2401 5588 οὐδενὸς
2434 5524 2934 5596 ὑποστηριζομένη·
2968 5525 3061 5578 καὶ
3100 5522 3217 5593 φῶς
3246 5523 3537 5577 ὑπακούων
3564 5521 3642 5592 τῷ
3671 5523 3773 5593 ῥὴ⁴

2192 5634 2352 5690 ματι,
2399 5618 2538 5689 πρὸς
2576 5617 2697 5674 ὅλου
2745 5617 2953 5688 κόσμου
2997 5616 3263 5688 ἀγλαϊανι
3302 5616 3396 5671 καλΙ
3436 5613 3544 5689 πρὸ
3579 5612 3772 5669 τούτου
