4124 6320
356 374 428 440 33

1209 374 1494 439 ORATIO
1521 372 1620 441 IV.
1639 404 1707 416 --
1736 375 1820 441 IN
1859 379 1959 441 CH

2063 378 2172 462 3T1
2206 378 2727 441 NATIVITATEM
2760 378 2810 438 Ι.
3565 372 3633 439 34

359 484 514 541 actu
543 480 708 557 δῆμοι
730 485 1034 554 περιιόντες
1056 486 1137 549 είς
1166 486 1528 557 λειτουργίαν·
1566 488 1705 543 ἀλλὰ
1732 489 1865 552 Θεὸς
1893 488 1951 543 ὲν

2063 503 2228 558 eoque
2272 487 2425 558 prius
2458 487 2656 542 secreti
2686 501 2717 540 a
2750 486 2983 541 materia
3012 486 3219 557 populi,
3254 496 3455 558 ιιι-πετο
3486 492 3634 548 exsi-

363 579 550 650 μήτρα
569 575 917 648 χωρούμενος
931 577 1026 630 καὶ
1055 577 1447 649 πλαττόμενος,
1469 579 1655 649 μεῖζον
1673 579 1833 651 ἔργον
1852 578 1947 632 καὶ

362 669 825 739 θαυμαστότερονο
866 667 1023 720 τοῦτο
1052 667 1328 741 θειότερόν
1367 685 1427 723 τε
1464 671 1561 724 καὶ
1592 668 1943 741 ὑψηλότερον,

360 761 493 825 Θεὸς
524 759 591 815 δι’
626 763 771 832 ἡμᾶς
818 759 1069 834 θηλάζων
1097 761 1193 815 καὶ
1235 761 1396 834 χερσὶ
1426 762 1854 834 βασταζόμενος.
1883 762 1945 816 El

362 854 460 911 xci.
488 860 603 920 τοῖς
632 856 885 910 λαλοῦσιν
924 854 1140 909 ἀδικίαν
1170 856 1253 919 είς
1280 848 1435 926 ὕψος,
1470 855 1693 929 ἀφορμὴ
1720 855 1823 925 τῆς
1851 857 1946 911 τοῦ

363 938 703 1018 Μονογενοῦς
742 949 1051 1021 άθετήσεως
1089 945 1326 1018 γίνεται¹
1364 948 1553 1023 ὥσπερ
1586 950 1704 1004 δέον
1742 950 1809 1003 ὲκ
1835 951 1946 1003 τῶν

363 1042 663 1112 ἀμεινόνων
709 1041 908 1113 ἔργων,
953 1040 1310 1107 ὲξευτελίζειν
1350 1042 1443 1095 τὸν
1488 1042 1849 1112 ἐπιστήμονα·
1903 1040 1938 1112 ἢ

362 1133 455 1203 ἀφ’
496 1127 573 1187 ὢν
612 1145 720 1187 τινι
763 1132 824 1186 τὸ
868 1134 1166 1205 μαρτύριον
1198 1128 1297 1205 τῆς
1331 1135 1608 1205 ὑπεροχῆς
1643 1134 1745 1203 τῆς
1780 1133 1945 1190 δυνά-

367 1245 540 1299 μεως,
579 1227 791 1281 ἐκεῖθεν
830 1227 980 1298 αὐτῷ
1020 1227 1314 1299 πειρᾶσθαι
1346 1228 1408 1282 τὸ
1458 1228 1719 1299 κραταιὸν
1747 1226 1947 1283 καθαι-

364 1324 501 1392 ρεῖν.
534 1321 597 1373 Τί
626 1319 838 1390 λέγειςς
873 1319 1059 1390 ἐπειδή
1101 1333 1183 1373 σοι
1214 1321 1692 1392 κατορωρυγμένῳ
1725 1322 1784 1374 ὲν
1817 1322 1947 1375 σκό-

362 1432 448 1467 τει
479 1413 725 1483 ἐπεφάνη
763 1414 825 1466 τὺ
873 1412 991 1482 φῶς
1016 1455 1029 1477 ,
1064 1413 1353 1482 ἀτιμάζεις
1389 1412 1452 1467 τὸ
1485 1413 1633 1482 φῶς;
1672 1414 1893 1477 Καῖςδτι
1920 1414 1948 1468 ό

364 1507 631 1575 Βασιλεὺς
666 1506 848 1565 οἶκτον
884 1510 1067 1565 λαϐὼν
1100 1513 1200 1583 τῆς
1241 1513 1342 1586 σῆς
1387 1514 1765 1587 ταλαιπωρίας
1811 1515 1949 1588 πρὸς

365 1598 428 1650 σὲ
465 1599 860 1669 παραγίνεται,
896 1602 991 1654 καὶ
1020 1601 1117 1671 οὐχ
1149 1604 1320 1673 ἑτέρῳ
1359 1604 1664 1675 ἐπιτρέπει,
1699 1604 1948 1666 ἁλλ’ήαύ-

363 1688 456 1752 τός
487 1706 571 1742 σοι
601 1691 839 1745 διακονεῖ
868 1693 966 1763 τὴν
992 1694 1364 1765 χρηστότητα,
1408 1697 1473 1749 ἐκ
1501 1696 1601 1766 τῆς
1638 1696 1948 1767 ὑπερϐολῆς

363 1778 468 1882 τῆς
496 1781 847 1891 εύεργεσὶας,
879 1784 1017 1891 πρὸέ
1037 1784 1455 1891 ικαταφρόνησιν
1481 1786 1616 1859 ἔρχῃ
1655 1785 1759 1857 τῆς
1790 1787 1950 1858 δόξης
1984 1832 2027 1891 Β

363 1869 463 1924 τοῦ
488 1872 814 1943 εὐεργέτους
856 1873 949 1928 καὶ
973 1874 1063 1929 διὰ
1099 1874 1198 1947 τὴν
1228 1875 1367 1946 πρὸς
1395 1876 1455 1930 σὲ
1486 1877 1814 1933 ταπείνωσιν
1850 1879 1977 1932 οῐει.

365 1964 428 2017 τδ
459 1964 669 2019 ἐκείνου
700 1964 838 2037 ὕψος
866 1967 1200 2036 ταπεινοῦνς
1238 1971 1432 2024 Καίτοι
1463 1969 1553 2024 διὰ
1595 1973 1756 2025 τοῦτο
1790 1973 1973 2045 ἐχρῆν.

363 2055 431 2109 τὸ
467 2055 753 2127 μεγαλεῖον
777 2062 967 2133 τιμᾷνο
1001 2061 1066 2114 σὺ
1092 2061 1174 2126 δὲ,
1207 2062 1395 2135 ἐπειδὴ
1426 2062 1627 2134 βρέφος
1656 2065 1751 2119 καὶ
1782 2064 1959 2137 σπάρ-

365 2163 508 2217 γανα
536 2152 631 2205 καὶ
672 2152 861 2222 χεῖρας
892 2154 1261 2225 περιεπούσας
1282 2194 1296 2217 ,
1326 2157 1423 2209 καὶ
1453 2156 1522 2211 τὰ
1567 2156 1701 2212 ἄλλα
1730 2158 1834 2213 ὅσα
1864 2158 1955 2213 διὰ

368 2239 469 2311 τὴν
483 2241 583 2309 σὴν
610 2243 975 2312 οἰκονομεῖται
1003 2243 1300 2315 σωτηρίαν,
1332 2243 1573 2312 ἀκούεις,
1591 2246 1692 2317 τὴν
1709 2243 1952 2316 προαιώ-

368 2349 484 2388 νιον
535 2334 693 2402 δόξαν
733 2337 1058 2408 ἀποστερεῖς
1095 2338 1186 2391 τὸν
1217 2338 1421 2406 Λόγον·
1461 2338 1651 2410 ὥσπερ
1683 2340 1750 2394 ἂν
1779 2340 1827 2393 εί
1862 2341 1955 2395 καὶ

371 2426 465 2480 τὸν
498 2426 718 2498 βασιλέα
742 2468 757 2493 ,
791 2428 926 2482 διότι
957 2429 1117 2494 αὐτός
1158 2447 1242 2485 σοι
1278 2431 1675 2502 παραγεγονὼς
1699 2426 1802 2503 ἦρε
1830 2432 1958 2496 τοὺς

369 2520 474 2589 τῆς
500 2519 796 2585 κακώσεως
822 2522 1041 2589 πόνους,
1072 2522 1258 2594 ⁴ηξίους
1289 2526 1617 2596 ἀποστερεῖν
1642 2524 1737 2579 τοῦ
1773 2524 1957 2595 διαδή-

375 2629 583 2684 ματοςς
610 2615 692 2668 ὅτι
717 2613 806 2668 διὰ
834 2615 894 2669 σὲ
915 2615 1161 2681 κτίζεται
1194 2617 1400 2689 μητρὸς
1428 2618 1787 2689 χρηματίζων
1817 2619 1954 2685 υῑδςν

371 2708 463 2763 διὰ
489 2704 773 2779 τοῦτο’τῆς
796 2709 1071 2781 πατρικῆς
1102 2710 1333 2783 διαιρεῖς
1357 2711 1675 2781 συναφείας,
1699 2714 1793 2765 καὶ
1820 2712 1959 2781 μετὰ

371 2801 482 2855 τῶν
520 2803 839 2873 κτισμάτων
885 2803 1274 2876 συναριθμείς,
1329 2804 1424 2859 καὶ
1478 2804 1613 2875 μηδὲ
1657 2805 1758 2874 τῆς
1805 2805 1958 2859 κάτω

372 2893 682 2963 γεννήσεως
724 2895 840 2957 τοῖς
896 2893 1446 2966 πολυπραγμονοῦσιν
1491 2892 1657 2966 οὔσης
1708 2895 1953 2967 ληπτῆςς

373 2979 623 3052 ἧπλωται
654 2983 762 3054 γὰρ
789 2982 885 3035 καὶ
906 2981 1111 3053 ταύτης
1142 2983 1460 3049 ἁδιὲκὸατος
1490 2985 1685 3052 γνόφος
1714 2973 1959 3056 ἁποκρυο

374 3071 498 3145 ϐῆςο
532 3075 597 3127 σὺ
629 3073 718 3140 δὲ,
758 3074 951 3146 κόραις
971 3113 987 3140 ,
1017 3074 1046 3126 ὃ
1076 3076 1138 3145 δὴ
1160 3075 1379 3145 λέγεται
1404 3116 1419 3140 ,
1454 3076 1699 3130 ἀτενίσιν
1727 3075 1788 3142 ἐξ
1808 3077 1962 3131 ἀναιο

2051 588 2261 635 stentes
2316 579 2383 633 ad
2433 578 2799 633 ministerium
2847 595 2862 633 :
2907 577 3067 648 longe
3114 580 3398 636 enimvero
3450 582 3633 652 majus

2050 686 2214 743 Opus,
2257 687 2322 727 ac
2374 668 2638 743 majorem
2683 671 2890 726 habens
2917 671 3359 738 admirationem,
3396 683 3459 729 ut
3491 674 3631 731 Deus

2050 767 2105 822 in
2152 767 2312 823 vulva
2362 767 2616 837 capiatur
2665 778 2828 836 atque
2867 763 3183 821 formetur:
3221 766 3467 824 divinius
3528 766 3641 822 hoc

2049 876 2115 917 ac
2141 859 2455 926 sublimius,
2478 869 2539 915 ut
2567 859 2710 916 Deus
2755 858 2930 914 nostri
2956 872 3121 914 causa
3149 860 3359 916 lactens
3379 862 3636 927 exsistat,

2049 968 2115 1011 ac
2162 954 2420 1010 manibus
2449 960 2722 1025 portetur,
2754 966 3072 1024 quanquam
3114 952 3181 1008 iis
3208 952 3300 1023 qui
3337 954 3635 1023 loquuntur

2046 1047 2389 1117 iniquitatem
2420 1046 2463 1077 “
2484 1045 2536 1099 in
2556 1044 2773 1100 excelso
2817 1043 3061 1111 occasio,
3092 1051 3151 1098 ut
3181 1042 3459 1113 Unigeniti
3512 1044 3631 1113 gi~

2048 1140 2145 1196 rite
2180 1138 2503 1193 detrahant:
2527 1148 2781 1207 tanquam
2818 1137 3027 1207 peritus
3077 1135 3269 1189 artifex
3294 1136 3636 1205 spernendus

2050 1231 2126 1287 sit
2173 1231 2245 1287 ob
2300 1229 2649 1301 praeclariora
2681 1244 2885 1300 opera;
2929 1240 3022 1284 aut
3067 1229 3196 1283 inde
3220 1227 3532 1282 conandum
3566 1226 3639 1283 sit

2053 1332 2114 1378 ut
2144 1323 2452 1395 cujuspiam
2495 1322 2799 1392 potentiam
2831 1323 3211 1377 convellamus
3238 1318 3385 1374 unde
3431 1318 3640 1373 illi-ex-

2052 1414 2304 1470 cellentis
2339 1411 2598 1483 potentias
2642 1411 3018 1466 testimonium
3069 1410 3303 1465 accedit.
3342 1404 3488 1474 Quid
3520 1404 3640 1475 ais!

2052 1503 2198 1575 quod
2246 1500 2346 1555 tibi
2381 1500 2436 1555 in
2494 1500 2735 1554 tenebris
2770 1498 2972 1553 obruto
3011 1498 3196 1552 lumen
3232 1495 3520 1559 aﬂulserit,
3553 1494 3643 1548 lu-

2053 1611 2178 1651 men
2227 1592 2502 1649 inl‘amas?
2550 1592 2629 1646 Ac
2665 1593 2796 1661 quia
2824 1588 2940 1645 Rex
2972 1598 3081 1644 tua:
3118 1589 3379 1644 misertus
3408 1586 3643 1642 miseria:

2051 1700 2117 1741 ac
2162 1681 2498 1740 calamitatis
2529 1682 2596 1739 ad
2642 1689 2697 1737 te
2732 1682 2848 1753 ipse
2879 1680 3049 1744 venit,
3080 1694 3185 1735 nec
3238 1678 3512 1749 negotium
3550 1676 3643 1731 alii

2055 1777 2370 1843 committit,
2427 1777 2523 1831 sed
2568 1773 2673 1830 tibi
2731 1774 2849 1844 ipse
2882 1772 3188 1828 bonitatem
3235 1770 3538 1831 ministrat,
3576 1784 3643 1823 ex

2055 1862 2306 1920 beneﬁcii
2359 1875 2578 1929 summa
2628 1861 2970 1933 praestantia,
3007 1861 3061 1916 in
3114 1860 3236 1930 ejus
3265 1868 3642 1931 contemptum

2056 1954 2249 2027 gloria:
2292 1953 2572 2026 procedis,
2622 1952 2721 2024 qui
2772 1959 2827 2009 te
2873 1966 2942 2009 eo
3000 1950 3301 2024 impertit!
3350 1937 3644 2024 putasque,

2058 2047 2132 2102 ob
2170 2062 2291 2102 eam
2336 2046 2729 2108 humilitatem,
2764 2059 2871 2115 qua
2906 2059 2967 2101 se
2998 2044 3097 2099 tibi
3148 2043 3460 2109 inclinavit,
3494 2044 3646 2101 illius

2056 2138 2292 2209 deprimi
2327 2136 2761 2194 celsitudinem?
2803 2135 2983 2206 Atque
3016 2148 3081 2191 ea
3112 2137 3327 2191 ratione
3375 2135 3644 2201 majestas

2059 2231 2270 2287 honore
2309 2228 2587 2286 eﬂerenda
2633 2236 2756 2302 erat
2791 2244 2806 2283 :
2840 2236 2898 2283 tu
2953 2243 3103 2293 vero,
3172 2235 3464 2297 propterea
3514 2224 3645 2296 quia

2057 2322 2348 2389 infantem,
2402 2320 2733 2391 fasciasque,
2776 2334 2840 2375 ac
2874 2334 3073 2375 manus
3135 2319 3383 2374 foventes
3427 2316 3645 2384 audias,

2056 2417 2276 2475 saeculis
2330 2415 2700 2487 antiquiorem
2756 2413 2988 2485 gloriam
3024 2410 3204 2469 Verbo
3236 2398 3464 2477 adimis;
3498 2408 3646 2467 haud

2058 2525 2222 2569 secus
2271 2524 2336 2565 ac
2385 2509 2434 2564 si
2491 2522 2697 2577 regem,
2747 2504 2896 2577 quod
2957 2505 3075 2575 ipse
3128 2503 3197 2558 ad
3249 2512 3324 2568 te,
3360 2502 3647 2559 laboribus

2061 2606 2343 2661 levaturus
2368 2602 2570 2673 quibus
2602 2599 2922 2670 atlligereris
2955 2597 3289 2662 advenisset,
3337 2595 3651 2652 diademate

2061 2694 2299 2766 spoliare
2348 2692 2563 2748 velles?
2604 2690 2743 2756 Quia
2787 2689 2867 2744 tui
2899 2702 3031 2759 ergo
3074 2694 3319 2751 creatus,
3353 2685 3549 2740 matris
3579 2684 3648 2739 tl-

2064 2787 2173 2842 lius
2221 2783 2396 2850 audit,
2443 2781 2655 2837 idcirco
2687 2780 2809 2851 ejus
2843 2794 2968 2835 cum
3009 2774 3169 2832 Patre
3198 2774 3648 2847 conjunctionem

2060 2879 2298 2941 divellis,
2345 2888 2823 2945 connumerasque
2868 2872 3106 2939 creatis;
3152 2883 3277 2925 cum
3334 2876 3515 2923 tamen
3580 2881 3651 2922 ne

2065 2972 2183 3043 ipsa
2211 2969 2433 3042 quidem
2464 2969 2585 3040 ejus
2624 2968 2681 3023 in
2716 2965 2883 3022 terris
2920 2963 3210 3027 nativitas,
3244 2962 3485 3017 curiosis
3508 2974 3653 3015 como

2061 3065 2333 3136 prehensa
2389 3063 2505 3119 sit?
2553 3059 2687 3115 Nam
2741 3057 2874 3115 huic
2925 3071 3147 3127 quoque
3216 3052 3651 3125 impermeabilis

374 3162 526 3230 δείας
557 3164 628 3220 τὰ
656 3165 916 3222 ἐπέκεινα
951 3168 1060 3221 τῶν
1094 3166 1307 3222 αῖώνων
1342 3167 1821 3237 καταλαμϐάνεις,
1863 3169 1957 3225 καῖ

2063 3159 2262 3230 caligo,
2303 3170 2427 3226 quae
2475 3155 2548 3210 sit
2588 3152 2841 3215 latibulo,
2896 3149 3195 3221 superfusa
3223 3156 3349 3205 est:
3384 3157 3444 3203 tu
3495 3161 3649 3211 vero,

307 3270 311 3275 '
374 3256 681 3323 διατάττεις
706 3260 782 3324 ὠς
802 3260 836 3333 ἠ
857 3259 950 3312 σοῦ
980 3261 1183 3331 θεωρία
1202 3260 1452 3330 βούλεται
1475 3261 1555 3331 τῷ
1580 3262 1725 3334 Υίῷ;
1756 3262 1843 3327 Ὠς
1869 3280 1954 3316 τυ.

377 3352 512 3423 φλόν
551 3370 644 3407 σου
674 3352 739 3407 τι
776 3353 1056 3421 ὀξυωπὲς,
1088 3357 1184 3409 και
1219 3355 1427 3425 ἠλίθιον
1462 3355 1525 3409 τδ
1554 3340 1746 3426 σοφόνί
1801 3356 1962 3411 Ἀλλὰ

376 3447 489 3502 τῶν
531 3447 912 3518 φρενοϐλαὸὦν
950 3449 1049 3518 τῆς
1089 3448 1478 3520 παραπληξίας
1509 3449 1805 3521 ἀφέμενοι,
1852 3450 1962 3503 τῶν

380 3541 666 3611 παρόντων
692 3540 946 3612 ἐχώμεθα
966 3585 981 3609 ,
1013 3543 1108 3596 καὶ
1138 3542 1208 3596 τὰ
1248 3542 1603 3615 τῆς’ἠμέρας
1633 3542 1959 3615 θειάζωμεν,

382 3634 549 3705 ῖεροῖς
577 3632 880 3704 ὀφθαλμοῖς
920 3633 1056 3704 πρὸς
1088 3632 1217 3688 ναὸν
1250 3633 1527 3690 εἰσιοῦσαν
1569 3633 1833 3707 θεώμενοι
1865 3636 1964 3708 τὴν

380 3722 476 3779 τοῦ
508 3725 715 3795 κόσμου
749 3725 1119 3798 παράκλησιν.

460 4005 601 4076 Ἤδη
645 4005 745 4075 μὲν
794 4000 889 4059 οὖν
936 4005 1170 4074 πρόσθεν
1219 4007 1276 4060 ἐν
1323 4005 1571 4077 σπηλαίῳ
1618 4006 1963 4078 διαιτωμένῳ

382 4098 464 4169 τῷ
492 4098 749 4166 Βασιλεῖ,
781 4100 814 4171 ἡ
846 4101 911 4153 ὲκ
934 4098 1042 4153 τῶν
1061 4099 1173 4153 ἂνω
1203 4099 1488 4171 βασιλείων
1515 4100 1705 4170 ἐφοίτα
1732 4100 1961 4170 δορυφο-

388 4192 513 4262 ρία⁸
562 4191 804 4263 οὐράνιοι
858 4192 1022 4263 δῆμοι
1077 4191 1473 4265 προσᾴδοντεςο
1517 4191 1695 4264 ἀστὴρ
1751 4190 1964 4262 ὁδηγῶν

388 4281 659 4355 βασιλεῖς,
725 4283 821 4336 καὶ
862 4283 1207 4355 ἀνακειμένῳ
1261 4283 1319 4335 ὲν
1359 4282 1536 4354 φάτνῃ
1587 4281 1666 4353 τῷ
1716 4281 1967 4354 Δεσπότῃ

387 4374 826 4448 προσκυνοῦντας
880 4379 1213 4447 προσάγων
1276 4376 1373 4429 καὶ
1422 4376 1521 4446 τὴν
1577 4374 1851 4428 εὐτέλειαν
1925 4376 1961 4442 ἡ

385 4468 675 4525 δεσποτεία
722 4468 1075 4539 ἐδορυφόρει,
1127 4470 1422 4538 μηνύοντος
1480 4467 1572 4520 τοῦ
1612 4467 1756 4519 Θείου
1800 4466 1965 4522 πλού-

385 4575 482 4613 του
510 4560 610 4628 τὴν
639 4560 883 4612 ἑκούσιον
917 4556 1013 4612 τοῦ
1045 4556 1275 4627 άστὲγου
1298 4555 1440 4629 [καὶ]
1459 4555 1647 4609 ἀοίκου
1672 4552 1966 4625 πτωχείαν.

386 4636 515 4719 Πῶς
551 4654 607 4708 δὲ
640 4655 709 4708 τὰ
743 4654 1017 4724 παρόντας
1047 4653 1248 4723 Μήτηρ
1278 4654 1312 4725 ή
1341 4649 1717 4722 λοχευσαμὲνη
1744 4648 1804 4701 ού
1830 4645 1972 4700 κατὰ

390 4750 681 4821 μητέρας,
736 4748 901 4819 γονὴν
954 4746 1300 4817 πρωτότοκον
1359 4744 1556 4815 ἑαυτῆς
1610 4742 1798 4796 ἄπεισι
1848 4738 1972 4810 Θεῷ

387 4843 853 4916 παραστήσουσα⁶
896 4840 1096 4912 βρέφος
1130 4840 1189 4894 ὲν
1226 4837 1469 4893 εὐτελέσι
1502 4835 1835 4905 σπαργάνοις
1860 4832 1969 4887 τῶν

386 4938 637 5009 νομίμων
678 4940 862 5007 τυχεῖν
913 4934 1215 5006 προσφέρει
1263 4932 1342 5003 τῷ
1386 4932 1542 4998 ῖερεῖ·
1573 4927 1890 4998 ὑποδέχεται
1942 4924 1971 4977 ό

387 5030 590 5102 ἱερεύς.
633 5030 699 5083 Τί
736 5030 797 5083 τὸ
842 5029 1133 5093 ὲντεῦθενς
1176 5022 1560 5095 Ἀγκαλίξεται
1607 5021 1827 5092 βρέφος,
1875 5020 1971 5073 καὶ

389 5123 668 5193 Δεσπότην
698 5122 877 5193 ὑμνεῖ.
924 5121 1011 5186 Ὧς
1060 5122 1186 5191 ἄρτι
1237 5116 1375 5189 πρὸς
1413 5117 1626 5185 γένεσιν
1668 5111 1969 5184 παριοῦσαν

388 5213 493 5283 τῆς
522 5209 736 5282 φύσεως
784 5213 1019 5284 βλάστην
1064 5210 1334 5281 λαμϐάνει
1354 5250 1369 5272 ,
1402 5210 1496 5262 καὶ
1527 5206 1674 5276 ζωῆς
1705 5203 1966 5259 ἀπολελύ-

392 5306 522 5360 σθαι
555 5306 629 5368 ὡς
661 5305 905 5375 πλάστην
937 5307 1099 5358 αἰτεῖ.
1136 5302 1203 5357 Τί
1240 5302 1491 5374 φθέγγῃ;
1524 5300 1565 5354 Τ
1573 5300 1589 5352 ί
1619 5298 1862 5368 γέγονεν,
1897 5298 1972 5350 ῖε-

394 5403 515 5471 ρεῦ;
544 5398 618 5452 Οὔ
646 5417 708 5451 συ
720 5399 1017 5469 μῦαίνοντα
1042 5399 1155 5461 τοῖς
1181 5397 1478 5469 ὁρωμένοις
1509 5387 1708 5456 λαλεῖς.
1741 5392 1849 5447 Ποῦ
1877 5391 1975 5460 τῆς

388 5492 713 5556 δεσποτείας
737 5494 765 5546 ό
808 5491 1007 5560 ὄγκοςς
1041 5490 1148 5544 Ποῦ
1196 5489 1291 5543 τοῦ
1339 5488 1647 5559 ἀξιώματος
1677 5485 1747 5539 τὰ
1775 5483 1976 5555 γνωρί-

393 5602 616 5657 σματα;
659 5587 723 5641 Οῖ
767 5586 1055 5658 δορυφόροι
1086 5583 1145 5637 δὲ
1198 5580 1337 5649 ποῦς
1368 5581 1420 5635 oi
1461 5578 1879 5650 συντρέχοντες;
1927 5576 1979 5630 οῖ

390 5681 920 5753 προπομπεύοντεςς
971 5680 1022 5733 οἱ
1064 5677 1433 5750 ὲφεπόμενοις
1490 5675 1625 5746 ὁρᾷς
1684 5672 1786 5743 τὴν
1829 5668 1982 5724 εύτέο

462 5868 503 5901 ⁸⁸
554 5867 707 5923 Psal.
770 5880 942 5927 usu,
968 5862 1025 5917 8.

722 5964 992 6023 ΡΑτῐιοι..
1040 5957 1155 6016 Gn.
1203 5952 1386 6015 CVII.
1500 5997 1507 6000 «

2066 3254 2289 3308 intentis
2321 3249 2565 3321 pupillis,
2597 3254 2657 3303 ut
2684 3246 2791 3303 dici
2814 3245 2956 3303 solet
2979 3286 2996 3311 ,
3046 3258 3158 3315 prae
3192 3240 3550 3312 impudentia,
3586 3254 3653 3295 ea

2065 3359 2289 3415 quoque
2309 3359 2432 3412 qua:
2448 3340 2650 3397 saacula
2675 3336 3025 3403 antecedunt,
3051 3332 3474 3406 comprehendis
3489 3341 3654 3403 atque

2066 3438 2230 3506 Filio,
2278 3452 2441 3509 quem
2488 3436 2619 3493 velit
2663 3432 2979 3489 intellectus
3026 3440 3177 3496 tuus,
3219 3429 3468 3486 ordinem
3516 3442 3655 3499 prte-

2067 3532 2265 3590 scribis
2292 3530 2319 3586 ἳ
2372 3530 2546 3596 Quam
2593 3541 2735 3583 caeca
2771 3532 2867 3581 tua
2900 3523 2992 3579 iila
3025 3524 3174 3579 visus
3216 3520 3427 3578 acuties
3464 3536 3527 3576 ac
3558 3536 3653 3576 sa~

2068 3624 2275 3699 pientia
2329 3623 2536 3679 stulta!
2581 3619 2879 3675 Enimvero
2931 3616 3227 3671 stultorum
3285 3629 3387 3669 nos
3444 3614 3651 3668 omissa

2065 3720 2329 3783 amentia,
2349 3726 2672 3789 argumento
2702 3713 3043 3779 insistemus,
3072 3709 3290 3779 dieique
3313 3707 3653 3763 celebremus

2066 3814 2329 3887 mysteria
2385 3811 2559 3867 sacris
2621 3807 2795 3863 oculis
2829 3803 3227 3875 ingredientem
3276 3801 3329 3855 in
3387 3801 3650 3870 templum

2067 3913 2407 3978 spectantes,
2436 3901 2625 3959 mundi
2660 3897 3124 3955 consolationem.

2137 4000 2259 4056 Ja‘m
2292 4012 2425 4053 vero
2454 3997 2608 4065 prius
2639 3992 2820 4064 agenti
2875 3988 3009 4060 Regi
3048 3989 3103 4042 in
3142 3985 3429 4056 spelunca,
3468 3999 3496 4038 a
3527 3983 3653 4039 casti

2068 4089 2344 4159 regalibus
2395 4086 2619 4142 sedibus
2685 4083 3003 4139 satellitium
3071 4087 3319 4143 venerat,
3390 4077 3651 4133 nimirum

2070 4186 2388 4239 accinentcs
2436 4191 2802 4248 supernorum
2858 4174 3061 4229 civium
3094 4171 3318 4243 populi;
3372 4169 3528 4225 stella
3562 4184 3654 4225 re-

2070 4288 2197 4342 gum
2248 4266 2830 4336 ductrix,jacentique
2858 4264 2911 4318 in
2953 4261 3221 4333 prwsepio
3252 4259 3411 4332 Regi,
3448 4274 3655 4329 eosque

2072 4364 2397 4419 adoratores
2422 4361 2723 4417 admovens
2757 4372 2770 4407 :
2800 4372 2860 4411 ac
2889 4356 3227 4420 dominatus,
3263 4353 3527 4408 vilitatem
3558 4352 3656 4405 ob-

2074 4458 2267 4528 sequio
2299 4454 2516 4510 fovebat
2544 4492 2560 4517 ,
2594 4449 2971 4506 indicantibus
3010 4445 3236 4501 deitatis
3277 4445 3505 4509 divitiis,
3538 4444 3657 4513 ejus

2074 4557 2432 4617 spontaneum
2485 4549 2888 4614 paupertatem,
2924 4539 3015 4609 qui
3062 4538 3181 4592 sine
3216 4544 3362 4591 tecto
3396 4551 3461 4591 ac
3491 4536 3658 4601 domo

2069 4647 2211 4694 erat.
2259 4636 2378 4704 Qua
2429 4649 2559 4690 vero
2612 4632 2827 4687 ratione
2873 4630 3076 4685 habent
3113 4624 3447 4697 ρτωεοιιιίιιτ
3488 4625 3659 4686 Mater

2069 4734 2282 4803 utique,
2316 4730 2419 4784 alia
2457 4744 2521 4783 ac
2554 4736 2789 4782 matrum
2822 4723 3060 4787 ratione,
3089 4729 3349 4790 suscepta
3402 4719 3659 4791 editaque

2070 4828 2247 4898 prole,
2285 4821 2707 4896 primogenitum
2743 4818 2892 4872 illam
2946 4813 3059 4870 Deo
3094 4812 3340 4868 oblatum
3372 4812 3485 4867 abit
3518 4832 3531 4869 :
3572 4814 3660 4869 in-

2076 4921 2279 4976 fantem
2337 4915 2611 4973 sacerdoti
2661 4912 2821 4968 oﬂ‘ert
2877 4909 3079 4965 vilibus
3115 4908 3394 4963 obtectum
3433 4909 3654 4977 pannis,

2079 5005 2523 5086 utlegitimornm
2558 5025 2622 5065 ac
2645 5007 2836 5078 legalis
2857 5003 3260 5063 benedictionis
3290 5016 3513 5072 compos
3545 5001 3654 5056 ﬁat.

2080 5108 2323 5177 Suscipit
2370 5104 2647 5161 sacerdos.
2674 5100 2819 5169 Quid
2850 5113 2978 5154 vero
3006 5096 3165 5151 inde?
3195 5095 3252 5150 in
3277 5096 3433 5149 ulnas
3469 5111 3660 5149 susce-

2080 5218 2231 5280 ptum
2273 5205 2495 5275 stringit
2528 5201 2817 5265 infantem,
2854 5211 2917 5253 ac
2946 5196 3135 5251 laudat
3173 5193 3483 5249 Dominum.
3517 5195 3662 5248 Tan—

2076 5318 2243 5374 quam
2294 5314 2490 5355 recens
2537 5305 2886 5366 procreatum
2921 5290 3124 5359 accipit
3155 5296 3365 5343 natura;
3409 5303 3655 5358 germen.

2078 5404 2247 5465 utque
2287 5389 2480 5447 mundi
2513 5391 2780 5452 lictorem,
2808 5384 2928 5439 vitae
2961 5381 3279 5437 missionem
3307 5389 3478 5450 rogat.
3514 5380 3655 5444 Quid

2080 5482 2358 5556 loqueris?
2412 5481 2554 5549 Quid
2623 5481 2719 5539 ita,
2776 5474 3055 5540 sacerdos,
3111 5474 3313 5527 factum
3371 5473 3491 5525 est?
3539 5472 3657 5527 Non

2081 5577 2480 5649 congruuntiis
2499 5589 2619 5643 quae
2644 5576 2966 5633 cernuntur,
2999 5582 3119 5639 quae
3144 5565 3259 5634 ipse
3290 5566 3390 5618 ais.
3422 5565 3656 5620 Ubinam

2082 5668 2474 5729 dominationis
2532 5662 3028 5722 iustusidlbinam
3077 5658 3363 5730 dignitatis
3422 5658 3665 5715 indicia?

3258 5932 3297 5992 ἃ
