4098 6292
426 307 496 372 35
1649 304 1925 371 LEONIS
1957 307 2424 369 PHILOSOPHI
3330 270 3333 273 ’
3637 320 3709 382 35

427 419 660 478 Ubinam
700 421 1003 479 satellites?
1034 421 1268 481 Ubinam
1295 422 1389 500 qui
1439 421 1606 479 simul
1641 423 1970 494 gradiantur

2123 422 2279 477 λειαν
2308 424 2430 492 ὅση,
2464 423 2558 478 καὶ
2600 425 2884 497 Δεσπότην
2917 426 3137 495 καλεῖς;
3181 427 3376 501 νήπιον
3405 431 3529 503 ἄρτι
3558 451 3674 507 παρ
3694 465 3708 473 -

424 516 518 587 qui
548 522 792 586 praecant
817 531 831 581 ;
859 515 951 586 qui
984 515 1325 586 sequantur?
1363 514 1527 571 Vides
1562 524 1768 584 quanta
1808 515 1880 570 sit
1907 515 1998 571 ab-

2118 516 2270 570 ελθὸν
2318 518 2398 581 είς
2451 516 2564 588 βίον
2633 520 2891 591 κρατεῖς·
2949 521 3046 574 καὶ
3089 520 3238 592 ζωῆς
3286 523 3362 586 ὡς
3407 525 3704 595 κρατοῦντι

421 608 610 680 jectio,
649 604 1048 678 Dominumque
1077 605 1438 663 dicisiTenes
1474 606 1739 662 infantem
1769 607 1998 664 nudius‘

2110 613 2332 684 ῥήματα
2386 612 2635 686 φθέγγῃς
2695 615 2820 678 Πῶς
2861 617 2921 668 ὲν
2956 615 3102 669 οὕτω
3151 621 3428 688 πενιχροτς
3484 620 3701 689 μεγάλα

426 701 620 756 tertius
667 702 725 756 in
774 700 942 754 vitam
991 713 1367 770 progressum,
1405 698 1699 769 aflarisque
1740 710 1998 770 tanquam

2108 703 2516 775 προσαρμόζεις
2557 706 2650 759 καὶ
2678 706 3005 777 θαυμαστά;
3037 707 3133 762 καὶ
3171 708 3330 775 δόξαν
3346 711 3564 782 Ἰσραὴλ
3600 729 3702 766 κα-

429 793 553 848 vita:
593 793 886 848 habentem
921 791 1250 862 imperium?
1297 791 1585 857 Quomodo
1622 791 1677 846 in
1731 806 1998 862 propensa

2108 792 2217 858 λεῑς
2237 837 2251 859 ,
2282 796 2378 849 καὶ
2415 797 2529 865 φῶς
2557 796 2727 850 ἐθνῶν
2759 799 3225 870 προσαγορεύεις,
3262 802 3454 872 νήπιον
3495 803 3704 874 μητρὸς

425 880 563 934 adeo
603 889 942 951 paupertate,
976 893 1172 951 magna
1207 878 1563 950 mirandaque
1598 881 1872 945 conseris,
1912 897 1998 936 vo-

2113 886 2402 952 εὐτελοῦςς
2457 888 2592 942 ἀλλὰ
2634 889 2914 958 προστίθει
2968 893 3059 944 καὶ
3107 892 3177 946 τὰ
3245 892 3410 948 λοιπὰ
3460 896 3558 966 τῆς
3609 898 3704 949 εὑ-

425 972 858 1042 casquelsraelis
896 972 1142 1044 gloriam,
1169 983 1236 1026 ac
1257 971 1499 1043 gentium
1526 971 1770 1042 appellas
1802 972 1998 1038 lumen,

2111 981 2323 1048 φημίας
2384 978 2465 1050 τῷ
2513 980 2589 1044 ὡς
2647 981 2705 1033 ὲν
2773 983 3238 1054 παραπετάσματι
3301 985 3380 1055 τῷ
3444 989 3704 1060 ἡμετέρῳ

425 1064 775 1134 pauperculae
807 1065 998 1120 matris
1048 1064 1339 1135 puellum?
1386 1063 1654 1121 Caeterum
1697 1065 1838 1121 adde
1864 1081 1998 1135 quoe

2108 1073 2317 1143 σαρκίῳ
2362 1074 2725 1144 κρυπτομένῳ
2770 1077 2929 1146 φωτί.
2964 1077 3031 1130 Τί
3057 1076 3309 1145 τελέσει;
3357 1080 3410 1132 τί
3440 1097 3706 1152 πραγμα-

427 1158 698 1229 reliquum
729 1158 969 1213 laudatio
999 1157 1189 1223 habet,
1217 1173 1281 1211 ac
1313 1173 1477 1229 perge
1501 1158 1796 1214 celebrare
1821 1157 1998 1214 lumen

2108 1165 2392 1234 τεύσεται;
2425 1166 2492 1220 Ἣ
2524 1167 2688 1221 διπλᾶ
2729 1169 2934 1222 τελέσει
2963 1170 3030 1224 τὰ
3062 1169 3367 1243 πράγματα
3389 1215 3404 1240 ,
3451 1175 3558 1227 τῶν
3600 1174 3704 1246 μὲν

428 1259 614 1306 nostra
645 1251 983 1312 occultatum
1030 1265 1216 1315 carne,
1254 1260 1515 1320 tanquam
1561 1249 1698 1306 velo.
1730 1249 1998 1317 Quidnam

2114 1257 2405 1321 ἀνάστασις
2432 1258 2526 1312 ῶν·
2558 1259 2667 1313 τῶν
2695 1260 2772 1328 δὲ,
2801 1261 3025 1326 πτῶσις·
3057 1265 3086 1317 ὁ
3107 1264 3328 1328 διπλοῦς
3373 1282 3454 1319 σοι
3479 1266 3702 1338 ὁρώμε-

424 1341 592 1411 aget?
638 1340 778 1409 Quid
834 1341 1134 1397 molietur?
1181 1340 1348 1395 Plane
1404 1340 1543 1395 duas
1595 1356 1779 1395 rerum
1835 1339 1998 1396 faciet

2108 1364 2220 1412 νος,
2244 1350 2465 1421 γηραιέ·
2489 1352 2583 1404 καὶ
2611 1353 2736 1417 τοὺς
2768 1355 2869 1425 μὲν
2895 1355 3140 1428 ἐξεγερεῖ
3162 1339 3470 1425 καταϐεὸλη
3482 1359 3699 1428 μένους·

424 1442 623 1498 sortes,
644 1435 876 1488 aliorum
897 1434 1251 1498 resurrectio,
1271 1433 1503 1487 aliorum
1525 1433 1683 1487 ruina
1702 1433 1999 1501 exsistens;

422 1542 583 1598 quem
609 1541 777 1582 senex
807 1525 1040 1581 intueris
1072 1513 1368 1594 duplicem,
1406 1538 1470 1578 ac
1502 1524 1723 1594 quidem
1753 1523 1996 1594 dejectos

2105 1443 2232 1510 τοὺς
2272 1442 2328 1496 δὲ
2377 1443 2676 1497 καταϐαλεῖ
2707 1447 3078 1518 ἐπηρμένους·
3114 1449 3209 1503 καὶ
3240 1449 3490 1518 διαθήσει
3531 1449 3593 1504 εὖ
3629 1451 3700 1504 τὰ

2107 1531 2317 1602 βροτῶν
2369 1534 2476 1606 ἰδία
2525 1535 2790 1603 κακώσει,
2842 1539 2931 1592 ὅτε
2990 1541 3085 1593 καὶ
3141 1540 3345 1612 Μήτηρ
3395 1541 3429 1613 ἡ
3486 1541 3698 1614 παρθε-

423 1618 787 1675 exsuscitabit
843 1624 1009 1688 atque
1081 1616 1294 1687 eriget;
1329 1616 1505 1672 elatos
1554 1625 1740 1671 autem
1784 1617 1998 1688 dejiciel

2108 1622 2364 1691 νεύουσα,
2401 1625 2581 1696 λύπης
2605 1627 2854 1700 ῥομφαίᾳ
2891 1627 3227 1695 πεπλήξεται
3258 1631 3355 1700 τὴν
3389 1629 3590 1701 ψυχήν.

422 1721 586 1784 atque
607 1712 916 1782 deprimet;
950 1724 1160 1780 suaque
1193 1710 1312 1780 ipse
1337 1708 1632 1765 afﬂictione
1659 1725 1725 1764 ac
1755 1711 2002 1767 cruciatu
2037 1718 2348 1771 mortalium
2401 1733 2487 1774 res
2548 1729 2698 1776 statu
2785 1721 3001 1776 meliori
3089 1731 3413 1792 componet,
3474 1723 3695 1794 quando

421 1806 588 1862 etiam
645 1804 837 1859 matris
889 1801 1128 1874 Virginis
1182 1801 1446 1871 animam,
1494 1802 1736 1859 tristitiae
1781 1803 1997 1874 gladius
2032 1806 2213 1862 feriet.

491 1894 726 1951 Noverat
759 1894 902 1948 enim
940 1894 1031 1947 Dei
1075 1891 1389 1947 occisorum
1445 1893 1683 1961 facinus,
1710 1903 1879 1966 utque
1903 1911 2008 1950 οεο-
2034 1902 2082 1961 Β

421 1991 547 2046 dem
575 1988 850 2045 stillantes
885 2001 1080 2041 manus
1111 1989 1389 2042 armanda:
1425 1986 1478 2041 in
1511 2002 1634 2042 eum
1669 1986 1876 2052 forent,
1907 1989 2001 2059 qui

371 2064 373 2069 l
423 2086 676 2142 manibus
710 2090 1057 2156 gestaretur:
1086 2090 1146 2137 ut
1183 2084 1344 2138 modo
1376 2082 1594 2152 quidem
1625 2082 1678 2137 in
1709 2081 1905 2152 pannis
1937 2097 2001 2136 ac

421 2173 734 2245 cunabulis,
787 2177 976 2233 furens
1009 2175 1256 2233 Herodes
1286 2176 1355 2232 sit
1391 2181 1803 2247 persecuturus,
1827 2175 1999 2248 ,Εεν-

421 2277 1024 2347 ptusquesusceptura
1060 2270 1296 2340 hospitio
1325 2284 1472 2336 eum,
1508 2267 1600 2340 qui
1638 2267 1824 2324 violati
1855 2267 1999 2338 juris

421 2365 647 2437 hospitii
693 2376 911 2434 poenam
961 2375 1278 2432 reposcens,
1329 2359 1457 2414 olim
1518 2358 1811 2430 Egyptum
1858 2358 2001 2414 ceci-

421 2457 598 2513 disset
628 2471 643 2509 :
668 2464 727 2509 ttt
760 2452 996 2523 denique
1021 2450 1188 2522 gladii
1220 2451 1488 2505 infantum
1517 2451 1800 2521 tinganlur
1827 2449 1996 2516 caede,

420 2567 532 2623 qua
567 2547 798 2604 infantis
826 2545 1027 2603 caedem
1073 2546 1389 2603 molientur.
1429 2544 1534 2600 Par
1579 2560 1814 2617 namque
1858 2556 1997 2611 erat,

425 2653 486 2700 ut
515 2642 628 2698 Deo
662 2650 792 2697 nato
821 2642 876 2696 in
904 2647 1051 2695 terra
1083 2639 1442 2711 virginalibus
1491 2655 1556 2694 ex
1615 2639 1997 2711 sanguinibns,

421 2733 682 2792 βοείαιιεί
740 2734 795 2789 in
853 2732 1012 2788 caelis
1061 2730 1186 2787 fuso
1251 2731 1517 2804 sanguine
1569 2738 1929 2788 nascerentur
1973 2750 1986 2786 :

423 2827 685 2898 priorque
756 2824 851 2880 illa
902 2832 1037 2879 aetas
1089 2823 1356 2879 adventus
1413 2824 1687 2879 Dominici
1757 2824 1994 2880 fructum

421 2919 752 2991 perciperet,
790 2932 914 2989 qua
963 2913 1117 2987 prior
1148 2915 1449 2972 infantibus
1504 2930 1794 2972 accensum
1822 2915 1996 2972 vidis-

423 3019 540 3078 set;
593 3020 816 3080 tumque
868 3007 1146 3063 universis
1180 3005 1529 3062 commodum
1561 3005 1868 3071 accederet,
1901 3019 1998 3061 ne-

420 3115 548 3160 cato
597 3105 716 3172 ipso
768 3103 1013 3157 omnium
1047 3115 1214 3157 causa
1261 3099 1696 3171 regenerationis
1731 3115 1745 3154 :
1777 3098 1997 3172 quando

424 3210 657 3268 magnus
700 3195 790 3250 ille
818 3192 998 3250 Patris
1031 3191 1288 3259 Nuntius,
1343 3200 1565 3264 peracto
1611 3207 1778 3263 opere
1831 3192 1993 3262 cuius

424 3289 626 3344 missus
672 3295 757 3343 est
783 3291 1216 3351 consummatur,
1249 3284 1371 3340 coeli
1398 3285 1578 3339 sinum
1613 3282 1873 3340 omnibus
1903 3298 1999 3355 pa-

423 3383 558 3438 riter
579 3389 871 3452 aperturus
906 3385 1011 3434 est.

493 3471 571 3528 Ne
591 3472 789 3527 iterum
826 3477 1053 3540 pr0pter
1080 3467 1422 3534 missionem,
1461 3465 1736 3540 Unigeniti
1769 3467 1994 3539 gloriam

424 3565 750 3628 submittas,
784 3577 962 3633 neque
993 3561 1421 3617 dominationem
1451 3561 1505 3616 in
1537 3563 1855 3619 servitutem
1902 3563 1998 3617 de-

423 3660 634 3727 trahas,
675 3658 912 3713 alienum
955 3670 1078 3711 eum
1121 3655 1484 3726 p'onunlians
1531 3669 1560 3709 a
1591 3654 1997 3711 necessitudine

421 3766 532 3823 qua
577 3755 927 3823 generantetn
956 3745 1224 3817 contingit
1248 3743 1276 3812 ;'
1300 3746 1392 3800 sed
1429 3760 1554 3802 cum
1592 3746 1749 3800 audis
1774 3747 1996 3801 missio-

426 3862 570 3911 nem,
601 3844 721 3916 ejus
755 3842 908 3898 disce
934 3841 1028 3912 qui
1060 3841 1209 3896 misit
1247 3854 1372 3894 cum
1418 3854 1484 3893 eo
1531 3840 1622 3908 qui
1670 3839 1769 3893 fuit
1795 3839 1996 3894 missus

424 3941 479 3994 in
511 3938 770 4009 operibus
807 3934 1015 3990 sociam
1051 3931 1514 4002 dispeuSationem
1549 3941 1710 4002 atque
1737 3931 1905 3996 illius,
1937 3931 1991 3986 in

426 4030 496 4082 iis
551 4039 672 4096 quae
713 4021 951 4078 Verbum
1013 4022 1322 4091 negotiatur
1369 4035 1551 4091 parem
1599 4019 1987 4076 assistentiam.

422 4117 558 4172 Nam
609 4128 663 4172 tu
713 4129 931 4186 quoque
984 4128 1110 4169 cum
1165 4114 1386 4169 verbum
1438 4113 1655 4169 misisse
1707 4113 1829 4176 ais,
1885 4129 1990 4167 non

424 4210 624 4266 dividis
673 4207 806 4262 illud
840 4222 867 4261 a
906 4215 1088 4261 mente
1117 4215 1430 4277 generante,
1465 4221 1563 4260 nec
1598 4205 1780 4261 servili
1814 4205 1989 4274 ipsum

423 4302 612 4358 habitu
641 4300 822 4356 induis
853 4318 866 4355 :
909 4299 1004 4376 sed
1037 4307 1294 4368 tanquam
1329 4309 1508 4352 mente
1554 4311 1656 4351 una
1704 4305 1989 4366 praesente,

425 4410 490 4450 ac
531 4408 594 4449 ea
625 4409 745 4464 quae
794 4390 1030 4446 Verbum
1071 4391 1336 4461 disponit.
1385 4391 1592 4460 pariter
1638 4389 1990 4459 disponente,

424 4487 652 4542 missum
711 4485 882 4540 fuisse
931 4493 1083 4538 tuum
1128 4485 1356 4538 verbum
1408 4482 1512 4538 ais.
1564 4481 1686 4537 Haec
1725 4484 1988 4538 adversus

2185 1901 2335 1973 ᾜδει
2382 1903 2488 1975 γὰρ
2541 1904 2650 1958 τῶν
2705 1904 3004 1960 θεοκτόνων
3044 1907 3106 1960 τὸ
3150 1906 3445 1977 τόλμημα,
3481 1909 3578 1963 καί⁸
3623 1908 3700 1972 ὡς

2113 1996 2290 2064 χεῖρες
2319 1995 2728 2060 ἁποστάζουσαι
2766 1999 2949 2066 φόνου,
2994 2000 3138 2052 κατὰ
3180 1998 3274 2052 τοῦ
3304 1999 3495 2070 χερσὶν
3533 1999 3691 2071 όχου·

2114 2085 2277 2155 μένου
2319 2086 2775 2158 όπλισθήσογται·
2809 2089 2904 2142 νῦν
2937 2089 3035 2161 μὲν
3069 2090 3127 2142 ὲν
3167 2091 3504 2161 σπαργάνοις
3533 2094 3700 2147 αὑτὸν

2115 2177 2373 2251 μεμηνὼς
2418 2179 2667 2252 Ἡρώδης
2707 2181 2959 2249 διώξεται
2982 2221 2997 2248 ,
3033 2183 3129 2236 καλ⁸
3161 2182 3360 2250 ξενίσει
3397 2184 3696 2254 Αἴγυπτος,

2109 2270 2200 2324 τδν
2239 2271 2404 2325 πάλαι
2432 2271 2638 2344 ταύτην
2681 2272 2772 2326 διὰ
2803 2273 3131 2339 κακοξενίαν
3181 2275 3556 2346 μαστίξαντα·
3597 2279 3697 2330 καὶ

2111 2361 2414 2435 βαφήσεται
2443 2364 2570 2435 ξίφη
2602 2365 2742 2418 κατὰ
2775 2368 2992 2436 σφαγῆς
3031 2366 3267 2437 νηπίων,
3295 2366 3385 2420 διὰ
3419 2368 3517 2438 τὴν
3551 2386 3696 2438 σφας

2109 2454 2211 2527 γὴν
2241 2454 2333 2509 τοῦ
2366 2455 2585 2527 νηπίου.
2625 2455 2773 2510 Ἔδει
2805 2457 2915 2528 γὰρ
2947 2457 3086 2512 Θεοῦ
3114 2459 3181 2512 ὲκ
3218 2458 3569 2531 παρθενικῶν
3603 2464 3696 2516 αξ-

2111 2546 2295 2617 μάτων
2343 2547 2438 2599 ἐπὶ
2476 2548 2578 2618 γῆς
2617 2545 2942 2617 τεχθέντος,
2992 2547 3388 2621 συνηλικιώτας
3430 2552 3581 2623 αὑτῷ
3626 2549 3697 2606 δι’

2107 2638 2340 2709 αἵματος
2366 2639 2616 2710 οὐρανοῖς
2642 2640 3047 2712 ἀποτεχθῆναι·
3092 2643 3188 2698 καὶ
3221 2642 3498 2715 προτέραν
3542 2646 3697 2700 ὲκεί-

2115 2747 2211 2802 νην
2243 2730 2342 2801 τὴν
2385 2730 2604 2802 ἡλικίαν
2647 2732 2952 2787 ἀπόνασθαι
2980 2734 3080 2804 τῆς
3121 2735 3456 2805 Δεσποτικῆς
3488 2753 3696 2807 παρου-

2113 2823 2254 2889 σίας,
2282 2824 2316 2896 ἢ
2347 2823 2535 2878 τοῦτον
2560 2820 2674 2897 εἷχε
2700 2825 2894 2897 πρώτη
2919 2828 2976 2881 ὲν
2997 2829 3108 2891 τοῖς
3137 2826 3354 2897 νηπίοις
3387 2828 3690 2898 ὁρώμενον·

2112 2914 2337 2986 ὕστερον
2361 2916 2416 2968 δὲ
2449 2917 2614 2970 πᾶσιν
2645 2919 2675 2984 ἡ
2707 2918 2949 2987 ὠφέλεια
2977 2919 3121 2988 ἥξει,
3157 2920 3367 2974 ἐκείνου
3416 2919 3518 2990 τῆς
3555 2923 3694 2975 πάν·

2108 3025 2219 3063 των
2243 3007 2270 3047 ἀ
2299 3009 2712 3081 ἀναγεννήσεως
2743 3010 2844 3082 τὴν
2876 3013 3096 3083 σφαγὴν
3128 3012 3516 3083 ὑφισταμένου·
3548 3011 3637 3065 ὅτε
3666 3014 3697 3066 ὁ

2114 3100 2286 3173 μέγας
2313 3099 2406 3154 τοῦ
2434 3101 2648 3173 Πατρδς
2696 3103 3034 3165 Ἀπόστολος.
3069 3095 3131 3158 οὗ
3164 3102 3498 3158 ἀπέσταλται
3528 3103 3694 3176 ἔργου

2107 3192 2402 3266 τελειωτὴς
2451 3193 2817 3265 περαθέντος,
2869 3194 3006 3267 ὁμοῦ
3057 3197 3194 3249 πᾶσι
3239 3195 3364 3260 τοὺς
3399 3195 3694 3266 οὐρανίους

2109 3285 2344 3350 κόλπους
2384 3286 2739 3342 ὰναπετάσει.

2182 3466 2273 3536 Μὴ
2310 3465 2472 3520 πάλιν
2498 3465 2584 3519 διὰ
2607 3465 2710 3537 τὴν
2733 3465 3064 3540 ἀποστολὴν,
3091 3467 3190 3536 τὴν
3216 3464 3373 3532 δόξαν
3394 3464 3490 3520 τοῦ
3516 3465 3694 3522 Μονο-

2110 3560 2302 3628 γενοῦς
2353 3557 2727 3632 ὑποπτώσῃς·
2780 3559 2916 3630 μηδὲ
2951 3559 3050 3631 τὴν
3109 3559 3408 3631 κυριότητα
3455 3561 3536 3622 είς
3565 3559 3694 3614 δου-

2108 3653 2256 3708 λείαν
2299 3650 2704 3721 καταϐιθάσῃς,
2739 3651 3034 3722 ὰλλοτριῶν
3063 3651 3160 3723 τῆς
3196 3652 3334 3722 πρὸς
3364 3651 3456 3705 τὸν
3502 3667 3694 3721 γεγεν-

2101 3745 2303 3814 νηκότα
2333 3742 2686 3814 οίκειότητος·
2721 3743 2835 3797 ἀλλ’
2867 3742 3082 3797 ἀκούων
3128 3744 3462 3816 ἀποστολὴν,
3497 3743 3597 3818 τὴν
3625 3747 3688 3798 ὲν

2107 3838 2220 3898 τοῖς
2248 3834 2429 3906 ἔργοις
2457 3835 2548 3889 τοῦ
2581 3836 2979 3900 ἀποσταλέντος
3010 3837 3513 3910 συνδιοικονόμησιν
3547 3837 3693 3892 ἐκδι-

2113 3927 2314 3982 δάσκου
2342 3927 2436 3980 τοῦ
2467 3927 2870 3993 ἀπεσταλκότος
2893 3971 2908 3992 .
2946 3928 3042 3983 καὶ
3071 3930 3169 3999 τὴν
3201 3931 3288 3998 ἐφ’
3327 3924 3410 3994 οἷς
3443 3932 3471 3984 ό
3517 3929 3693 3999 Λόγος

2109 4020 2556 4093 πραγματεύεται
2605 4023 3026 4093 συμπαρουσίαν
3058 4023 3270 4076 ἐκείνου
3290 4038 3304 4052 ·
3338 4024 3462 4078 ἐπεὶ
3495 4024 3590 4077 καὶ
3619 4039 3691 4076 συ

2102 4114 2232 4167 ὅταν
2261 4115 2374 4182 φῇς·
2407 4112 2564 4180 λόγον
2596 4113 3032 4181 ἀπεσταλκέναι,
3056 4114 3118 4166 οὐ
3149 4115 3375 4181 διαιρεῖς
3399 4115 3562 4169 αὑτὸν
3590 4115 3687 4169 τοῦ

2104 4206 2425 4276 γεννήτορος
2447 4204 2560 4258 νοῦ·
2587 4205 2710 4258 οὐδὲ
2732 4205 2978 4260 δουλικὸν
2994 4207 3146 4277 αὐτῷ
3165 4224 3230 4259 πε
3242 4206 3452 4277 ριτίθης
3476 4207 3685 4277 σχῆμα·

2103 4300 2219 4352 ἀλλ’
2253 4299 2325 4361 ὡς
2359 4297 2452 4351 τοῦ
2490 4297 2582 4352 νοῦ
2624 4300 3040 4370 συμπαρόντος,
3074 4301 3169 4354 καὶ
3225 4301 3260 4353 ἃ
3305 4299 3612 4370 διατίθησιν
3653 4302 3691 4355 ὁ

2109 4391 2287 4459 Λόγος
2319 4390 2795 4462 συνδιατιθεμένου
2816 4434 2830 4456 ,
2867 4391 2964 4463 τὴν
2999 4391 3306 4463 ἀποστολὴν
3357 4392 3688 4462 γεγενῆσθαι

2102 4483 2178 4552 τῷ
2210 4482 2285 4554 σῷ
2317 4483 2457 4553 λόγῳ
2498 4483 2662 4554 ἐρεῖς.
2712 4483 2897 4537 Ταῦτα
2941 4483 3078 4551 πρὸς
3108 4484 3234 4548 τοὺς
3276 4483 3365 4536 διὰ
3391 4484 3452 4537 τὸ
3483 4479 3543 4538 εὖ
3580 4500 3688 4537 πε-

423 4590 520 4632 eos
540 4575 683 4630 dicta
705 4583 886 4639 sunto,
923 4572 1017 4643 qui
1050 4572 1299 4628 beneficii
1331 4575 1525 4637 vicem,
1555 4574 1802 4645 ingratos
1829 4587 1991 4645 atque

2108 4575 2350 4630 πονθέναι
2381 4573 2829 4644 κακογνώμονας.
2864 4576 2959 4629 καὶ
2991 4576 3115 4638 τοὺς
3144 4575 3232 4628 διὰ
3265 4575 3326 4629 τὸ
3353 4573 3689 4645 τετιμῆσθαι

423 4668 703 4740 improbos
742 4682 924 4722 mores
954 4667 1272 4732 ostendunt,
1324 4667 1527 4737 quique
1566 4667 1794 4733 idcirco,
1857 4669 1986 4738 quia

2108 4671 2181 4723 ιαί
2207 4667 2454 4737 ὑψῶσθαι
2487 4669 2552 4740 τῇ
2584 4666 2676 4721 τοῦ
2708 4668 2883 4736 Λόγου
2912 4667 3274 4732 ταπεινώσει,
3307 4667 3683 4738 ἀτιμάζοντας

425 4760 591 4817 Verbi
627 4761 931 4815 humilitate
977 4761 1228 4814 honorati
1263 4761 1374 4815 sint
1403 4776 1465 4816 ac
1512 4761 1758 4825 exaltati,
1810 4763 1988 4831 ipsum

2108 4761 2180 4814 τὸν
2207 4761 2571 4832 τετιμηκότα,
2608 4762 2703 4814 καὶ
2730 4760 2968 4832 ἀμοιὸὴν
2998 4759 3092 4814 τοῦ
3123 4760 3290 4829 ὕψους
3310 4801 3325 4825 ,
3362 4762 3460 4832 τὴν
3490 4760 3690 4814 ταπεί-

379 4898 384 4902 -
426 4873 459 4911 a
496 4871 605 4928 quo
651 4855 857 4908 honore
885 4851 1061 4907 affecti
1110 4863 1237 4907 sunt
1269 4852 1654 4917 dehonestant,
1705 4855 1994 4909 exultatio-

2108 4873 2261 4907 κωςιν
2290 4855 2729 4922 ἀντεισὰγοντας.
2768 4855 2928 4908 Ἀλλὰ
2958 4854 3094 4925 πρὸς
3123 4854 3213 4907 τὸν
3244 4855 3407 4922 σοφὴν
3439 4852 3686 4925 πρεσϐύ-

428 4949 623 5018 nisque
664 4943 994 5007 mercedem,
1029 4942 1268 4997 vicissim
1310 4940 1668 5012 abjectioncm
1706 4941 1994 4996 inducunt.

2108 4964 2197 5016 την
2223 4947 2508 5018 ἀπίωμεν·
2544 4946 2598 5010 ὃς
2641 4948 2697 4999 ὲν
2726 4946 2805 5016 τῷ
2839 4945 2992 5017 βάθει
3029 4948 3128 5018 τῆς
3160 4944 3545 5007 ταπεινώσεως
3566 4986 3585 5013 ,
3625 4946 3687 4999 τὸ

426 5038 738 5101 Enimvero,
799 5031 864 5087 ad
917 5048 1101 5087 senem
1142 5032 1294 5086 illum
1336 5033 1635 5102 sapientem
1683 5035 1992 5089 redeamus.

2108 5036 2230 5104 5,50;
2264 5031 2370 5089 εἶδε
2414 5036 2515 5106 τῆς
2550 5037 2945 5108 μεγαλωσύνης
2971 5054 2983 5068 ·
3039 5039 3134 5091 καὶ
3187 5039 3244 5090 ὲν
3290 5036 3368 5107 τῷ
3421 5037 3480 5102 ἐξ
3525 5036 3689 5106 ἡμῶν

430 5129 530 5184 Ubi
574 5130 756 5198 itaque
788 5127 842 5180 in
882 5125 1208 5194 abjectionis
1257 5124 1527 5194 profundo
1569 5126 1864 5196 majestatis
1898 5142 1995 5182 su-

2108 5129 2401 5202 5στρακίνῳ
2433 5132 2668 5201 πτυχίῳ,
2705 5132 2795 5183 τὸν
2830 5131 3174 5203 μαργαρίτην
3206 5124 3330 5202 εὗρε
3362 5130 3458 5201 τῆς
3487 5129 3681 5199 θεότη-

429 5223 744 5277 ldimitatem
798 5220 1032 5287 aspexit,
1069 5227 1231 5288 atque
1283 5220 1334 5271 in
1368 5230 1653 5291 assumpto
1716 5236 1781 5276 ex
1837 5220 1996 5276 nobis

2108 5243 2203 5289 τος.
2253 5217 2325 5278 Οὗ
2374 5224 2451 5295 τῷ
2480 5225 2669 5280 κάλλει
2706 5227 2803 5295 τὴν
2834 5223 3015 5296 ψυχὴν
3047 5223 3437 5292 ὁιαγανωθεὶς,
3469 5225 3573 5293 τὴν
3604 5223 3675 5277 ἱε-

426 5321 667 5371 testaceo
723 5313 946 5368 vasculo
993 5310 1300 5366 divinitatis
1348 5313 1698 5382 margaritam
1762 5313 1992 5378 invenit,

2108 5320 2318 5389 οολόγον
2371 5317 2624 5387 γλῶσσαν
2673 5321 2811 5371 κινεῖ
2857 5318 3289 5391 προθυμότερον·
3335 5316 3464 5387 παρ’
3496 5309 3556 5370 οὗ
3588 5317 3682 5370 καὶ

424 5407 544 5476 ejus
575 5405 981 5477 pulchritudine
1019 5403 1201 5457 animo
1236 5403 1558 5468 delectatus,
1593 5419 1746 5460 sacra
1779 5405 1993 5460 doctam

2108 5413 2328 5482 Ξιμοιὸὴν
2355 5417 2451 5484 τῆς
2486 5415 2542 5465 ὲν
2579 5413 2842 5481 ἀγκάλαις
2881 5411 3148 5482 ὑποδοχῆς
3186 5411 3284 5480 τὴν
3333 5411 3396 5463 ὲκ
3428 5409 3523 5464 τοῦ
3558 5409 3678 5478 βίου

425 5499 608 5562 verba,
640 5513 704 5552 ac
739 5495 1108 5567 propheticam
1151 5495 1387 5564 linguam
1424 5497 1748 5566 propensius
1777 5498 1944 5566 agitat
1973 5515 1986 5553 :

2108 5505 2306 5575 τορείαν
2337 5505 2541 5570 λαεὼν,
2574 5505 2760 5559 ἄπεισι
2805 5509 2916 5569 τοῖς
2954 5507 3013 5558 ὲν
3041 5504 3169 5576 ᾅδου
3216 5503 3535 5574 πενομένοις
3568 5544 3582 5565 ,
3617 5503 3682 5555 ὃν

425 5607 655 5662 cumque
703 5589 768 5645 ab
809 5604 874 5643 eo
905 5588 1277 5658 susceptionis
1329 5589 1383 5641 in
1421 5589 1578 5646 ulnas
1641 5592 1833 5654 vicem,
1885 5592 1988 5645 mi-

2108 5592 2186 5649 ἴδε
2220 5597 2448 5652 πλοῦτον
2493 5599 2832 5668 ἀναγγελεῖν·
2885 5591 2928 5666 ᾧ
2975 5597 3386 5669 προσεγγίσας,
3436 5596 3529 5648 καὶ
3578 5595 3681 5665 τὴν

1701 5703 1939 5762 VARUS
1981 5706 2396 5768 LECTIONES.

490 5777 516 5816 ἀ
549 5778 708 5834 λείπ.
747 5776 926 5847 χάριν,
969 5775 1050 5830 vel
1079 5774 1209 5846 quid
1231 5776 1432 5832 simile.
