4098 6292
180 371 242 437 3’.‘
1012 365 1299 429 ORATIO
1330 365 1427 426 IV.
1454 388 1521 400 -ο
1561 362 1644 423 ΙΝ
1685 361 1997 423 CHRISTI
2030 359 2557 422 NATIVITATEM
2598 357 2649 424 Ι.
3413 366 3484 436 33

184 485 251 538 ἐκ
275 481 374 552 τῆς
410 479 804 555 μαρανθείσης
837 477 1039 549 σαρκὸς
1062 473 1401 545 ἀποθέμενος
1430 473 1662 544 νάρκην,
1695 470 1789 524 καὶ

1903 469 2082 541 grandi
2137 484 2167 524 a
2206 471 2407 526 saeculo
2460 471 2677 527 veniam
2744 476 3071 548 accepisset,
3124 482 3237 538 abit
3281 483 3483 542 inferni

185 578 283 643 τὰς
305 577 601 649 αἰσθήσεις
623 573 900 645 ἅναθήλας
932 569 1012 641 τῷ
1043 567 1316 639 πνεύματι
1335 608 1352 634 ,
1383 566 1692 638 λειτουργεῖ
1715 564 1786 620 τὰ

187 671 288 726 τοῦ
310 667 659 740 Πνεύματος.

1895 564 2248 634 pauperibus,
2294 563 2396 618 visi
2430 562 2677 620 thesauri
2725 569 2979 623 nuntium
3017 575 3330 643 perlaturus
3365 595 3380 634 :
3413 572 3482 633 ad

1891 671 2056 728 quem
2085 669 2210 709 cum
2241 657 2593 725 accessisset,
2620 669 2966 716 contractum
2993 680 3056 718 ex
3103 680 3270 724 carne
3299 685 3482 726 emar-

191 775 414 823 cescent
461 774 748 836 torporem
787 761 1088 833 depelleus,
1119 773 1185 818 ac
1241 759 1504 818 sensibus
1581 770 1681 829 per
1710 754 1966 827 spiritum
2013 752 2380 819 revirescens,
2469 769 2592 824 quae
2638 766 2767 813 sunt
2845 758 3121 830 Spiritus,
3197 766 3481 826 ministra-

191 865 293 920 bit.

264 956 440 1011 Πάλαι
479 955 580 1027 μὲν
600 954 695 1009 οὖν
723 949 987 1025 σύμϐολα,
1013 950 1137 1022 ὄψει
1173 953 1512 1024 προφητικῇ,
1537 951 1791 1027 ἐδείκνυε

189 1049 261 1104 τὰ
300 1048 590 1118 γινόμενα.
644 1043 816 1108 Λαὸὶς
859 1039 931 1116 ἦν
979 1043 1076 1096 καὶ
1109 1041 1314 1111 ἄνθραξ
1366 1042 1429 1096 τὸ
1459 1026 1727 1115 ἀίῦιγμαδ
1761 1046 1794 1115 ἡ

194 1142 300 1215 μὲν
353 1140 688 1212 περιέχουσα
709 1154 724 1168 ’
776 1138 806 1191 δ
850 1135 907 1190 δὲ
937 1134 1048 1190 τῶν
1079 1135 1434 1206 ύποφητικῶν
1461 1134 1652 1208 ψαύων
1681 1155 1795 1208 χει-

191 1237 357 1299 λέων,
390 1235 487 1289 καὶ
531 1235 630 1302 τὴν
674 1229 1021 1302 προφητικὴν
1066 1228 1447 1301 ὲκπυρηνίζων
1488 1229 1792 1286 ἐπίπνοιαν.

202 1326 386 1382 Ταῦτα
409 1324 467 1379 δὲ
493 1325 602 1396 ἄρα
656 1317 724 1395 ἦν
750 1321 819 1375 τὰ
841 1321 936 1376 νῦν
973 1319 1301 1390 πράγματα,
1352 1322 1422 1376 τὰ
1451 1321 1621 1376 πάλαι
1656 1324 1792 1377 alvi-

201 1436 386 1489 (ματα
406 1435 421 1449 ·
460 1419 494 1489 ἡ
526 1412 868 1486 γαλουχοῦσα
895 1412 991 1468 καὶ
1030 1412 1437 1482 παρθενεύουσα
1461 1431 1477 1446 ο
1521 1417 1549 1468 ὁ
1583 1416 1793 1485 ἀπρόσ-

194 1530 308 1578 ιτος
347 1512 447 1566 καὶ
477 1508 678 1583 γρατού
687 1525 864 1580 μενος.
883 1507 1037 1578 Κόρη
1059 1506 1338 1578 κρατοῦσα
1366 1507 1615 1580 καθάπερ
1637 1508 1792 1574 λαϐὶς

196 1605 286 1658 τὸν
306 1602 564 1674 ἄνθρακα
587 1601 685 1671 τῆς
714 1599 1003 1671 Θεότητος,
1027 1593 1091 1654 οὗ
1127 1599 1223 1653 καὶ
1253 1601 1436 1672 χεῖρες
1459 1601 1554 1654 τοῦ
1604 1603 1792 1673 ἱερέως

194 1697 523 1767 ἁγιάζονται
564 1696 859 1767 ψαύουσαι,
881 1695 977 1748 καὶ
1007 1693 1181 1765 στόμα
1217 1693 1520 1766 πληροῦται
1569 1695 1789 1767 ὑποφη-

1964 954 2106 1011 Olim
2159 967 2293 1014 sane
2335 966 2557 1015 ostensa
2613 970 2741 1014 sunt
2773 961 3052 1031 prophetae
3091 967 3266 1025 oculis
3291 981 3480 1027 earum

1895 1064 2078 1103 rerum
2107 1052 2376 1123 symbola,
2417 1063 2540 1124 qua:
2563 1067 2832 1124 geruntur
2857 1055 2920 1109 ³¹.
2949 1055 3242 1128 Nimirum,
3266 1062 3483 1136 forceps

1895 1155 1960 1196 ac
2009 1142 2177 1198 carbo
2219 1145 2450 1216 aenigma
2483 1155 2661 1212 erant,
2700 1146 2791 1204 illa
2827 1149 3048 1220 quidem
3078 1155 3480 1226 complectens;

1895 1233 1986 1291 hic
2048 1250 2201 1300 vero,
2261 1238 2542 1308 propheta:
2593 1239 2926 1311 contingens
2984 1242 3150 1308 labia,
3201 1246 3482 1317 propheti-

1895 1338 2132 1402 cumqtte
2208 1329 2447 1386 amatum
2531 1331 2776 1390 eiiciens.
2858 1333 2984 1390 Haec
3063 1352 3229 1408 porro
3289 1349 3478 1408 erant,

1896 1437 2045 1478 nunc
2091 1430 2245 1494 gesta
2301 1437 2417 1492 res,
2469 1423 2678 1493 pridem
2720 1433 2901 1481 autem
2944 1427 3254 1500 aanigmata,
3286 1447 3480 1504 nempe

1896 1515 2107 1572 lactans
2143 1515 2337 1571 mulier
2359 1516 2653 1588 virgoque;
2682 1520 3023 1587 inaccessos,
3047 1524 3250 1595 quique
3269 1525 3475 1582 nihilo-

1898 1604 2079 1659 minus
2134 1613 2410 1659 teneatur.
2471 1605 2680 1673 Puella,
2733 1607 2954 1679 forcipis
3021 1610 3197 1666 instar
3251 1613 3476 1674 Deitatis

1897 1696 2196 1751 carbonem
2251 1703 2477 1764 tenens;
2531 1698 2688 1768 cujus
2737 1699 2901 1755 etiam
2964 1710 3111 1757 tactu
3172 1706 3479 1764 sacerdotis

200 1789 351 1853 τείας
370 1787 467 1843 τοῦ
495 1785 834 1859 Πνεύματοςο
857 1785 1094 1864 ἀγκιξλαι
1113 1784 1472 1855 περιέπουσαι
1500 1784 1703 1849 ὑλικαὶ,
1735 1785 1793 1839 ὃν

1903 1795 2295 1843 consecrentur
2320 1804 2541 1855 manus,
2575 1805 2750 1861 osque
2787 1793 3113 1862 prophetico
3151 1795 3348 1864 spiritu
3382 1798 3484 1852 ad-

197 1884 332 1956 δρᾷν
359 1882 422 1936 ού
443 1880 719 1953 τολμῶσιν
744 1878 894 1936 asto:
917 1859 1205 1949 ὀφθαλμοί·
1229 1876 1288 1941 ὃς
1302 1877 1363 1931 τδ
1385 1878 1651 1950 ἡμέτερον
1680 1878 1819 1953 ἔνυτ

198 1982 311 2044 λον,
334 1976 466 2046 περὶ
483 1974 499 2048 [
511 1974 647 2046 μετὰ
659 1971 703 2046 Ἰ]
730 1973 828 2044 τῆς
846 1970 1044 2026 ἑαυτοῦ
1061 1969 1266 2035 ὲνὼσας
1283 1970 1494 2037 οὐσίας,
1511 1971 1573 2024 τὸ
1595 1972 1793 2025 οἰκεῖον

199 2071 490 2134 Ξστεκτον,
511 2065 862 2139 τῷἡμετέρῳ
889 2062 1079 2118 ὑλώδει
1103 2062 1474 2135 βεὸαστάχθαι
1497 2066 1662 2120 ποιεῖ.
1685 2064 1794 2118 Καὶ

201 2165 492 2234 κρατεῖται
519 2163 616 2234 μὲν
635 2163 693 2215 ὲν
723 2158 1060 2230 σπαργάνοις
1077 2161 1090 2185 δ
1115 2156 1232 2210 λύει
1250 2156 1307 2209 δὲ
1331 2155 1440 2211 τῶν
1465 2157 1562 2224 τῆς
1591 2155 1795 2228 σαρκδς

200 2257 564 2330 σπαργάνων,
595 2253 685 2309 τὸν
716 2251 1051 2324 βαστάζοντα
1088 2249 1263 2321 ἱερέα,
1298 2249 1528 2318 ἐπείπερ
1561 2244 1669 2300 εῐδε
1704 2247 1799 2318 ρυ-

200 2353 317 2417 σοὶς
334 2349 643 2421 ὀφθαλμοῖς
667 2347 729 2401 τὸ
763 2344 1022 2416 νεοφανὲς
1058 2343 1325 2415 σωτήριον
1386 2342 1627 2416 Ἰσραήλ.
1672 2341 1793 2413 Χρὴ

199 2445 312 2516 γὰρ
346 2445 445 2498 καὶ
494 2443 610 2504 τοῖς
671 2438 824 2518 κάτω
860 2434 1210 2510 μεμηνύσθαι
1267 2436 1336 2490 τὰ
1374 2433 1489 2491 ἄνω
1516 2433 1797 2507 παράδοξα

201 2537 536 2610 πράγματα,
563 2532 658 2588 καὶ
685 2531 759 2596 ὼς
787 2531 881 2585 τοῦ
929 2530 1135 2602 κόσμου
1157 2527 1219 2583 τὸ
1245 2528 1514 2599 σωτήριον
1551 2527 1756 2597 ἐπέστη
1782 2540 1794 2553 ·

201 2628 498 2692 κάκείνους
519 2623 852 2698 ὲνηχηθῆναι
879 2622 957 2688 ὡς
981 2622 1160 2694 σάρκα
1182 2620 1314 2686 Θεὸς
1343 2621 1518 2692 φορεῖ,
1550 2623 1644 2674 καὶ
1668 2635 1795 2672 παι-

202 2724 314 2781 ζίον
343 2725 372 2778 ὁ
411 2720 743 2796 προαιώνιος
795 2718 990 2789 γέγονε
1011 2733 1026 2750 ·
1077 2717 1171 2772 καὶ
1196 2717 1225 2769 ὁ
1255 2715 1491 2788 τροφεὺς
1533 2713 1754 2786 θηλάζει
1778 2727 1792 2744 ο

203 2818 302 2873 καὶ
325 2816 404 2880 ὡς
433 2814 714 2869 ἐλεύσεται
741 2813 922 2867 πόνων
951 2812 1062 2877 τοῖς
1091 2808 1450 2882 ὀδυνωμένοις
1480 2807 1794 2879 ἀπαλλαγὴ,

205 2912 272 2982 τῇ
308 2909 527 2964 ἐκείνου
549 2905 658 2961 τῶν
698 2905 876 2960 πόνων
915 2904 1184 2976 ὑπομονῇ.
1233 2901 1333 2958 Διὰ
1378 2903 1538 2956 τουτο
1566 2901 1643 2974 μὴ
1668 2903 1798 2974 πρὶν

205 3001 593 3068 ἐξελεύσεσθαι
635 2999 745 3053 τῶν
778 2996 993 3068 δεσμῶν
1024 2995 1126 3067 τῆς
1157 2994 1360 3067 σαρκὸς
1389 2991 1614 3065 Συμεὼν
1665 3010 1801 3065 χρη-

1897 1881 2188 1951 impleatur
2238 1900 2249 1936 :
2289 1882 2432 1937 ulna:
2479 1884 2792 1940 materiales
2843 1900 2970 1940 eum
3024 1887 3278 1944 foventes
3319 1906 3482 1962 quem

1895 1974 2133 2030 absoluti
2186 1990 2217 2030 a
2252 1976 2481 2032 materia
2513 1977 2657 2032 oculi
2688 1978 3111 2051 iucorporeique
3140 1997 3252 2040 non
3280 1985 3486 2042 audent

1894 2065 2163 2137 aspicere,
2200 2082 2349 2137 eum,
2380 2070 2627 2140 inquam,
2654 2070 2748 2141 qui
2790 2087 2906 2128 suae
2935 2073 3260 2132 substantia:
3287 2078 3485 2134 unicus

1901 2167 2148 2216 nostram
2203 2162 2401 2216 molem
2447 2173 2609 2233 atque
2661 2163 2968 2230 materiam,
3001 2166 3148 2236 quod
3197 2169 3488 2240 majestate

1899 2251 2247 2323 importabile
2299 2254 2486 2322 habet,
2548 2254 2818 2310 materiali
2891 2265 3084 2314 nostro
3136 2273 3204 2315 ac
3255 2273 3487 2333 corpore

1900 2347 2105 2416 portari
2152 2347 2304 2403 facit.
2350 2349 2428 2403 Ac
2461 2347 2680 2420 quidem
2713 2349 3043 2422 astringitur
3074 2350 3288 2421 fasciis,
3323 2353 3488 2413 solvit

1899 2453 2030 2494 vero
2074 2448 2378 2511 gestantem
2414 2441 2764 2497 sacerdotem
2813 2457 2844 2498 a
2877 2446 3064 2502 carnis
3095 2445 3302 2512 fasciis.
3335 2461 3488 2520 post:-

1898 2544 2063 2599 quam
2098 2530 2192 2587 ille
2221 2531 2441 2604 rugosis
2474 2531 2651 2588 oculis
2684 2548 2880 2590 recens
2905 2543 3190 2593 ostensum
3235 2537 3490 2597 Salutare

1900 2621 2149 2679 vidisset.
2183 2621 2320 2678 Nam
2347 2631 2400 2679 et
2425 2625 2624 2697 positis
2649 2625 2702 2681 iu
2734 2626 2952 2684 inferno
2978 2631 3281 2688 nuntianda
3305 2647 3486 2699 erant,

1899 2730 2023 2787 quae
2059 2715 2220 2786 plena
2258 2715 2530 2771 miraculo
2561 2717 2614 2770 in
2662 2724 2807 2772 terra
2849 2721 3200 2789 gerebantur,
3232 2734 3398 2795 atque
3431 2724 3492 2782 ut

1900 2807 2092 2862 mundi
2116 2806 2368 2862 Salvator
2391 2807 2708 2865 advenisset
2737 2827 2750 2863 :
2789 2821 2848 2866 ut
2875 2819 2928 2867 et
2962 2812 3180 2869 illorum
3206 2815 3491 2874 insonaret

1899 2899 2150 2967 auribus,
2201 2897 2372 2957 Deum
2418 2909 2635 2973 gestare
2677 2917 2923 2972 carnem,
2967 2911 3133 2979 atque
3193 2922 3343 2977 eum,
3394 2913 3492 2982 qui

1899 2993 2117 3050 saeculis
2149 2994 2299 3050 esset
2332 2994 2633 3066 antiquior,
2679 3012 2913 3068 puerum
2962 3015 3084 3056 esse
3115 2999 3320 3058 factum
3362 3021 3377 3059 :
3410 3012 3490 3072 ut,

210 3096 526 3167 μτὶζεται,
559 3092 592 3164 η
621 3092 715 3146 τὸν
744 3089 1027 3162 λυτρωτὴν
1069 3087 1484 3161 παραγεγονότα
1517 3085 1794 3141 θεάσεται.

1903 3087 2152 3158 inquam,
2205 3087 2350 3144 altor
2399 3088 2516 3162 ipse
2547 3091 2767 3160 alatur;
2823 3102 2993 3164 utque
3049 3096 3120 3151 sit
3152 3105 3420 3155 venturus
3459 3111 3489 3154 a

207 3192 395 3260 ,Ἀδὰμ
424 3189 598 3258 ἀκοὴν
639 3184 980 3257 βεϐυσμένην
1007 3186 1072 3255 τῇ
1103 3181 1271 3257 λύπῃ,
1298 3178 1632 3252 χαρμοσύνῳ
1660 3176 1794 3248 φθέδ

207 3301 381 3356 τματι
431 3280 710 3347 διανοίξει,
759 3277 856 3333 καὶ
886 3277 1170 3347 παλάμαις
1191 3273 1422 3338 οἰκείαις
1447 3271 1669 3344 μηνύων
1695 3271 1789 3324 τὸν

205 3380 460 3448 πλάστην
495 3374 816 3446 φερόμενον,
842 3371 903 3438 ὲξ
949 3368 1317 3439 ἀπογνώσεως
1351 3365 1606 3420 εὐέλπιδα
1637 3365 1794 3434 ποιή-

208 3490 295 3526 σει
319 3470 414 3525 τδν
436 3470 690 3539 γέροντα.
724 3463 836 3520 Εὕα
867 3463 1115 3536 μαθοῦσα
1139 3460 1396 3530 γυναικὸς
1413 3456 1796 3528 ἀποκυηθέντα

205 3565 363 3626 Θεὸν,
400 3564 532 3636 ῥᾷον
567 3559 721 3615 ἔσται
757 3559 994 3629 διὰ-τὴν-
1021 3554 1147 3610 si"
1169 3553 1375 3609 ὠδίνων
1425 3552 1690 3624 κατάραν,
1722 3550 1791 3620 ἣν

207 3659 344 3729 hin,
355 3656 610 3728 ροδότησε
623 3655 742 3716 ταῖς
768 3651 828 3718 ἐξ
851 3649 1114 3720 αὐτῆς....
1135 3646 1340 3717 Μωσῆς
1366 3643 1676 3717 πληροῦντα
1707 3645 1794 3697 νό-

213 3769 315 3821 μον
346 3745 408 3805 οὗ
430 3746 712 3819 γραφέντα
735 3743 1020 3806 δακτύλοις
1044 3741 1280 3807 ἐδέξατο,
1314 3739 1409 3793 καὶ
1444 3738 1553 3792 τῶν
1584 3738 1642 3790 ὲν
1663 3737 1800 3809 πυρὶ

210 3834 480 3913 καὶβάτῳ
513 3837 857 3909 τεθεαμένων
909 3835 1009 3907 τὴν
1069 3833 1292 3888 ἔκϐασιν
1331 3833 1556 3889 εἵσεται.
1593 3831 1799 3894 Πάντες

209 3937 262 3991 et
290 3935 448 3990 κάτω
480 3929 967 4005 ἐσκυθρωπακότες
999 3926 1226 4000 φαιδρὸν
1257 3924 1602 3990 ὑποδέξονται
1628 3925 1800 3996 κήρυ⁹

210 4045 304 4087 πα.
333 4025 446 4083 Ἦν
495 4017 541 4082 δ⁴¹
570 4028 677 4098 ἄρα
728 4026 822 4080 κα)⁵
864 4023 1024 4077 τοῦτο
1076 4023 1175 4093 τῆς
1235 4019 1460 4092 ἀπείρου
1496 4018 1632 4073 Θεοῦ
1665 4018 1804 4088 πρὸς

211 4120 542 4192 ἀνθρώπους
599 4116 854 4190 στοργῆς,
894 4116 970 4186 μὴ
1031 4114 1191 4185 μόνον
1241 4112 1352 4174 τοῖς
1381 4114 1438 4165 ἐν
1481 4109 1656 4180 θλίψει
1705 4109 1799 4163 καὶ

215 4211 552 4285 στενοχωρίᾳ
608 4209 771 4264 αὐτὸν
827 4207 1052 4279 ἀφῖχθαι
1109 4205 1478 4277 παράκλησιν,
1529 4202 1665 4258 ἀλλὰ
1703 4204 1800 4256 καὶ

215 4305 708 4380 προμεμηνυκέναι
734 4303 796 4357 τὸ
822 4301 1168 4373 εὐεργέτημα
1189 4315 1201 4329 °
1241 4299 1306 4353 ἵν’
1332 4302 1390 4354 ὲν
1429 4299 1495 4370 τῇ
1521 4297 1629 4350 τῶν
1667 4314 1801 4368 χρη-

217 4401 362 4456 στῶν
396 4401 597 4465 ἐλπίδι,
633 4399 962 4468 κουφότερον
1065 4395 1126 4447 τὸ
1156 4393 1439 4448 ἐπίπονον·
1492 4393 1585 4446 καὶ
1616 4392 1802 4461 ὑφεῖτο

214 4491 393 4565 ἔαύτῃ
419 4490 612 4562 ῶσπερ
640 4490 818 4560 δρόσῳ
857 4491 889 4558 ἡ
920 4486 1053 4556 φλὸξ
1079 4485 1178 4557 τῆς
1201 4483 1517 4547 κακώσεως.

1908 3182 2191 3240 laboribus
2224 3197 2292 3239 ac
2326 3183 2612 3241 doloribus
2643 3186 2929 3254 liberator,
2961 3204 3068 3259 qua
3110 3191 3228 3262 ipse
3254 3192 3495 3249 sustine-

1908 3270 1988 3325 bit
2012 3271 2255 3330 labores.
2285 3269 2498 3330 Idcirco
2523 3273 2758 3347 Symeon
2784 3288 3105 3348 responsum
3136 3283 3354 3354 accipit,
3381 3299 3492 3338 non

1906 3377 1966 3418 se
2013 3362 2166 3434 prius
2212 3363 2602 3436 migraturum,
2660 3380 2725 3422 ac
2772 3381 2802 3421 a
2861 3370 3046 3426 carnis
3099 3372 3493 3430 absolvendum

1907 3455 2173 3520 vinculis,
2206 3471 2371 3528 quam
2407 3457 2589 3512 videat
2627 3458 2821 3516 adesse
2852 3459 3225 3520 Liberatorcm
3269 3466 3337 3521 ³³.
3382 3467 3495 3526 0b-

1909 3559 2121 3606 turatas
2169 3564 2281 3622 prae
2334 3551 2559 3607 tristitia
2612 3552 2807 3609 Adami
2871 3571 3055 3624 aures,
3103 3558 3264 3628 pleno
3309 3562 3494 3632 gaudii

1909 3660 2163 3700 sermone
2201 3646 2432 3715 aperiet,
2462 3645 2836 3722 nuntiansque
2874 3651 2992 3707 suis
3030 3667 3089 3707 se
3121 3654 3374 3711 manibus
3403 3672 3495 3727 ge-

1910 3743 2087 3794 stasse
2136 3738 2484 3805 Creatorem,
2519 3755 2616 3810 spe
2664 3739 2937 3797 defectum
2985 3759 3196 3814 senem,
3228 3762 3325 3818 spe
3350 3748 3492 3805 bona

1911 3833 2151 3902 augebit.
2204 3832 2435 3891 Discens
2485 3834 2594 3890 Eva
2650 3836 2907 3894 feminam
2959 3838 3130 3896 Deum
3193 3846 3493 3913 peperisse,

1911 3925 2090 3982 leuius
2120 3925 2257 3983 feret
2289 3938 2483 3999 partus
2527 3931 2992 3998 maledictionem,
3023 3948 3188 4003 quam
3235 3936 3341 3990 sibi
3378 3936 3494 4008 ipsa
3538 3962 3544 3967 -

1913 4020 2361 4089 praevaricatione
2395 4023 2614 4078 ascivit.
2660 4023 2907 4081 Audiens
2949 4024 3128 4082 Moses
3175 4026 3491 4097 implentem

1913 4109 2110 4185 legem.
2149 4114 2310 4184 cujus
2358 4115 2404 4170 is
2448 4115 2618 4187 digito
2654 4118 2916 4187 scriptam
2972 4116 3121 4172 illam
3168 4122 3492 4192 accepisset,

1911 4224 2100 4264 eorum
2147 4225 2366 4282 quoque
2414 4225 2537 4281 qua:
2595 4211 2646 4265 in
2692 4211 2803 4282 igni
2847 4226 2911 4266 ac
2971 4210 3109 4268 rubo
3161 4213 3374 4269 viderat
3423 4215 3491 4280 "',

1913 4311 2167 4357 eventum
2193 4311 2504 4373 pernoscet.
2532 4302 2782 4360 Universi
2810 4305 2862 4359 in
2890 4305 3104 4360 inferno
3130 4308 3310 4363 ιιιοεειιί
3330 4324 3498 4379 agen-

1913 4402 2018 4460 tes,
2068 4395 2250 4450 laztum
2301 4396 2606 4466 suscipient
2640 4409 2970 4468 praeconem.
3023 4398 3153 4454 Erat
3207 4415 3340 4457 sane
3392 4403 3497 4458 hoc

1836 4479 1881 4535 D
1907 4498 2126 4557 quoque
2151 4484 2350 4541 infiniti
2381 4501 2508 4558 erga
2538 4486 2837 4542 humanum
2867 4504 3041 4559 genus
3063 4488 3232 4544 divini
3263 4492 3492 4559 amoris,

212 4576 280 4644 ut
319 4586 528 4644 nedum
565 4584 779 4641 afflictis
813 4583 1118 4653 positisque
1193 4581 1245 4636 in
1299 4581 1552 4651 angustia
1624 4579 1940 4635 consolator
2001 4581 2306 4647 adveniret,
2351 4597 2537 4637 verum
2619 4584 2785 4637 etiam
2850 4599 2916 4639 eo
2971 4584 3218 4641 beneficii
3267 4586 3494 4642 utmtius

222 4682 444 4753 praeiret
482 4697 496 4732 :
535 4692 644 4748 quo
671 4677 934 4732 bonorum
967 4690 1085 4747 spe,
1111 4673 1284 4730 levior
1307 4673 1617 4729 silit-eretur
1658 4671 1833 4739 labor,
1874 4687 2048 4746 eoque
2080 4673 2230 4729 velut
2280 4689 2423 4738 rore,
2475 4671 2786 4730 amictionis
2832 4673 3048 4730 flauima
3097 4675 3331 4732 remissa
3389 4677 3496 4731 mi-

223 4782 456 4832 1881381³81
464 4802 489 4841 δ,

315 4865 448 4925 ANV
477 4868 507 4920 ὁ
535 4867 636 4936 μὲν
660 4870 726 4938 τῇ
760 4864 1080 4932 παλαιότητι
1110 4856 1434 4934 γεγηρακὼς
1483 4861 1684 4933 ἱερεὺς,
1734 4861 1813 4933 τῷ

219 4961 584 5035 πρεσσυτέρφ
616 4959 1019 5032 παραγεγονότι
1045 4957 1247 5028 νηπίῳ.
1274 4954 1533 5027 παλάμας
1567 4956 1811 5025 λειτουρι

219 5057 354 5127 τοὺς
384 5056 467 5118 εἰς
523 5053 788 5125 ὑποδοχὴν
830 5050 1218 5123 προσαγαγὼν,
1265 5049 1361 5105 καὶ
1387 5049 1486 5120 τὴν
1513 5049 1814 5121 μέλλουσαν

220 5148 444 5204 ἔσεσθαι
472 5146 843 5227 προῡμνηκὼς
869 5144 1164 5217 σωτηρίαν,
1186 5142 1296 5198 τῶν
1318 5142 1532 5214 δεσμῶν
1554 5143 1652 5213 τῆς
1678 5158 1813 5213 σαρ-

219 5243 320 5308 κὸς
373 5242 472 5313 τὴν
529 5240 706 5312 λύπην
737 5251 762 5279 ο
796 5237 1210 5310 ἀντιλαμϐάνει.
1249 5236 1314 5290 Τί
1359 5235 1416 5290 δὲ
1438 5237 1598 5308 ἡμεῖς
1636 5236 1684 5290 οἱ
1715 5235 1814 5306 τὴν

221 5336 568 5407 παλαιότητα
595 5333 926 5406 ἀποθέμενοι
953 5351 968 5400 ;
1001 5335 1064 5387 0i
1103 5330 1560 5402 ἀναγεννηθέντες
1591 5330 1677 5385 διὰ
1712 5329 1813 5398 τῆς

220 5431 531 5501 γεννήσεως
551 5447 564 5462 ·
589 5432 643 5485 oi
671 5427 1130 5502 προσενεχθέντες
1157 5425 1235 5497 τῷ
1259 5425 1432 5496 Πατρὶ
1457 5424 1543 5479 διὰ
1573 5423 1664 5494 τῆς
1690 5421 1814 5477 καθ’

220 5527 374 5598 ημᾶς
416 5524 762 5596 λειτουργίας
816 5523 910 5578 τοῦ
979 5521 1342 5594 ἠγαπημένον
1373 5519 1562 5583 παιδὸς
1608 5517 1812 5572 αὐτοῦ’

1990 4864 2258 4923 Caeterum
2279 4867 2433 4922 senio
2449 4867 2669 4938 quidem
2689 4876 2963 4922 vcteratus
2985 4865 3266 4932 sacerdos,
3289 4855 3493 4923 seniori

1919 4959 2233 5014 advenienti
2277 4959 2497 5025 infanti,
2535 4973 2730 5014 manus
2776 4957 3128 5026 suscipiendo
3159 4956 3497 5014 famulantes

1921 5048 2178 5114 oﬂ‘erens,
2204 5063 2268 5102 ac
2293 5047 2382 5102 ubi
2405 5033 2640 5102 ihturam
2665 5047 2896 5104 salutem
2944 5045 3227 5117 praemisso
3278 5049 3498 5104 cantico

1923 5143 2227 5208 laudasset,
2252 5140 2579 5199 solutionem
2605 5156 2633 5195 a
2657 5140 2841 5196 carnis
2868 5139 3106 5196 vinculis
3129 5139 3379 5194 mercede
3404 5155 3496 5194 re-

1923 5239 2075 5308 cipit.
2092 5235 2233 5304 Quid
2255 5251 2382 5294 vero
2400 5251 2502 5292 nos
2524 5237 2615 5305 qui
2644 5233 2998 5306 deposuimus
3017 5231 3497 5299 vetustatem?Qui

1918 5331 2203 5388 nativitate
2259 5327 2560 5400 regenerati
2606 5343 2820 5394 sumus,
2851 5328 2942 5400 qui
2987 5325 3134 5382 Patri
3171 5327 3360 5390 oblati,
3400 5342 3496 5395 per

1917 5421 2179 5496 unigeniti
2221 5420 2340 5476 Filii
2368 5419 2487 5491 ejus
2513 5421 2567 5476 in
2601 5434 2830 5491 corpore
2858 5419 3014 5475 nobis
3045 5417 3211 5476 simili
3239 5417 3495 5471 miuistcé

1924 5520 2090 5582 rium,
2122 5515 2401 5586 quodnam
2430 5514 2816 5583 ministerium,
2850 5513 3126 5584 quodnam
3173 5508 3497 5580 obsequium

304 5686 349 5721 "
395 5690 503 5744 lsa.
540 5701 619 5748 vt,
665 5683 688 5738 1
729 5696 882 5753 seqq.
927 5679 972 5714 ³³
1003 5679 1139 5736 Luc.
1173 5696 1235 5745 ιι,
1274 5677 1364 5733 26.
1447 5675 1491 5708 ³⁸
1527 5671 1700 5730 Exod.
1737 5687 1823 5737 lli,
1869 5670 1924 5727 '5.

1530 5790 1765 5847 VABIE
1791 5786 2195 5845 LECTIOMZS.

281 5893 307 5926 ο
327 5885 416 5940 Ia.
441 5885 634 5938 λύσιν.
