4098 6292
593 320 666 385 39
1822 319 2098 381 LEONIS
2136 317 2599 382 PHILOSOPHI
3786 310 3857 374 40

585 431 905 501 cultumque
918 426 1246 484 oneremus?
1263 425 1429 482 Plane
1453 435 1513 482 ut
1543 442 1642 482 nos
1664 426 1764 497 ipsi
1785 429 1832 484 ei
1858 428 2175 496 offeramus,

2290 431 2401 485 τίνα
2430 428 2795 500 λειτουργίαν,
2824 428 2946 480 τίνα
2978 425 3344 498 προσοίσομεν
3385 426 3709 497 θεραπείαν,
3741 428 3865 480 τινα

587 520 750 593 cujus
792 520 1086 576 oblationis
1130 534 1262 591 ergo
1312 527 1463 573 tanta
1495 519 1588 574 illa
1621 519 1924 577 exinanitio
1956 521 2061 576 fuit
2099 537 2163 578 ac

2290 523 2376 593 τὴν
2415 523 2448 595 ἡ
2458 521 2576 592 μῶν
2607 520 2786 574 αὐτῶν
2821 518 3209 590 προσαγωγὴν,
3230 517 3299 570 δι’
3322 518 3389 589 ἢν
3419 521 3455 589 ἠ
3487 517 3724 586 τοσαύτη
3770 516 3865 570 κέ-

590 613 896 679 inclinatio,
943 621 1006 667 ut
1041 611 1334 682 imaginem
1381 612 1648 681 integram
1707 627 2012 678 servemus,
2067 629 2167 670 nec

591 703 886 762 Dominicze
918 705 1146 775 picturae
1177 703 1476 759 obruamus
1510 702 1700 757 florem
1752 722 1767 758 :
1799 706 1930 776 quin
1980 707 2164 775 potius

589 807 648 852 ut
697 813 805 854 non
851 796 1195 852 defunctorie
1241 793 1362 851 eam
1397 794 1782 866 depurgemus,
1817 797 2168 868 pulchrisque

587 903 810 945 rursum
858 886 1139 942 coloribus
1172 900 1374 942 novum
1404 885 1452 941 ei
1487 883 1679 940 florem
1724 886 2010 943 addamus.
2039 886 2166 942 Eﬁi-

586 986 800 1041 eiamur
834 982 1088 1038 altissimi
1131 980 1311 1038 Patris
1371 983 1489 1048 lilii,
1539 991 1766 1055 pr0pter
1823 1000 1947 1040 eum
1979 987 2071 1058 qui
2101 1001 2165 1042 ex

587 1086 778 1133 nostra
813 1064 1056 1132 extrema
1087 1076 1297 1132 vilitate
1325 1086 1554 1132 matrem
1588 1077 1829 1148 agnovit.
1863 1077 2171 1134 Etliciamur

591 1167 684 1222 Dei
723 1168 981 1238 templum
1019 1185 1031 1221 :
1070 1167 1174 1222 hoc
1202 1167 1348 1222 enim
1389 1167 1484 1224 Dei
1517 1168 1582 1223 ad
1621 1169 1872 1226 homines
1903 1170 2170 1227 adventus

589 1260 1068 1328 complementum.
1113 1256 1226 1314 Nos
1268 1258 1418 1329 ipsos
1470 1274 1736 1317 ornemus
1774 1262 2039 1316 virtutum
2073 1277 2167 1318 or-

587 1350 860 1408 namentis
889 1357 1054 1421 atque
1082 1350 1326 1420 tropaeis,
1357 1351 1737 1422 latitantiaque
1768 1354 1968 1407 animis
2011 1354 2166 1410 vitio-

587 1459 712 1498 rum
749 1458 812 1499 ac
840 1442 1320 1515 perturbationum
1355 1443 1573 1513 reptilia
1608 1452 1722 1499 tota
1751 1444 1954 1500 virtute
1985 1460 2174 1515 perse.

587 1551 843 1609 quamur.
892 1535 1085 1592 Manus
1115 1548 1299 1594 castas
1327 1536 1646 1601 reddamus,
1685 1536 1915 1594 beneﬁci
1950 1538 2004 1594 in
2040 1554 2172 1594 eon—

588 1647 799 1696 scrvos,
845 1632 940 1701 qui
973 1646 1001 1685 a
1033 1633 1267 1687 Domino
1293 1631 1558 1702 praeclare
1590 1632 1858 1688 beneﬁcia
1886 1632 2169 1686 consecuti

590 1723 786 1779 simus.
832 1723 1231 1795 Benignitatem
1288 1738 1353 1778 ac
1400 1724 1745 1780 clementiam
1791 1723 2169 1786 exhibeamus,

2277 633 2439 678 νωτις
2459 616 2554 669 καὶ
2584 613 2992 683 συγκατάϐασις
3017 628 3032 643 ·
3076 612 3175 681 τὴν
3209 612 3542 682 συντήρησιν
3575 611 3676 682 τῆς
3705 612 3860 665 εἰκό-

2279 728 2388 776 νος,
2411 710 2505 764 uati
2529 709 2588 762 τὸ
2619 707 2696 779 μὴ
2722 706 3000 779 ωγχῶσαι
3033 706 3133 774 τῆς
3161 706 3495 776 Δεσποτικῆς
3539 705 3866 777 ζωγραφίας

2277 803 2336 855 τὸ
2362 802 2521 866 ἄνθος
2540 815 2555 832 ’
2588 802 2637 854 εί
2665 800 2710 852 δ’
2737 798 2849 865 οῦν,
2873 798 3009 853 ἀλλὰ
3039 797 3099 852 τὺ
3124 799 3199 868 μὴ
3229 799 3522 869 παρέργως
3557 798 3864 852 ἀνακαθαί-

2282 910 2414 964 ρειν,
2439 891 2532 946 καὶ
2563 892 2676 955 τοῖς
2706 891 2893 953 καλοῖς
2928 889 3091 943 πάλιν
3117 889 3290 962 αὐτὴν
3315 887 3688 959 περιανθίζειν
3719 887 3870 960 χρώ-

2280 1004 2430 1057 μασι.
2458 983 2749 1056 Γενώμεθα
2771 983 2984 1052 Πατρὺς
3017 981 3240 1054 ὑψίστου
3268 980 3397 1046 υἱοὶ,
3429 981 3515 1035 διὰ
3531 981 3622 1036 τὸν
3655 984 3722 1036 ὲκ
3763 981 3867 1051 τῆς

2279 1077 2557 1147 ἡμετέρας
2584 1076 2843 1146 ἐσχατιᾶς
2880 1074 3095 1145 μητέρα
3141 1071 3505 1142 γνωρίσαντα.
3566 1072 3871 1142 Γενώμεθα

2279 1170 2400 1233 ναὸς
2421 1170 2556 1222 Θεοῦ
2574 1185 2588 1196 ”
2618 1169 2774 1223 τοῦτο
2801 1167 2908 1238 γὰρ
2927 1167 3024 1238 τῆς
3052 1166 3189 1237 πρὸς
3223 1162 3541 1234 ἀνθρώπους
3565 1163 3867 1233 ἐπιδημίας

2279 1262 2417 1317 Θεοῦ
2445 1263 2478 1332 ἡ
2513 1261 2927 1332 συμπλήρωσις.
2953 1259 3336 1328 Κοσμὴσωμεν
3375 1257 3600 1316 ἑαυτοὺς
3646 1254 3868 1326 ἀρετῶν

2280 1355 2615 1425 ἀναθήμασι,
2648 1353 2829 1407 καὶτὰ
2855 1350 3239 1422 ὲμφωλεύοντα
3261 1349 3368 1402 τῶν
3402 1346 3589 1401 παθῶν
3630 1346 3867 1415 ἑρπετὰ,

2281 1448 2381 1519 ὅση
2410 1445 2638 1516 δύναμις
2666 1443 3035 1513 ἐκδιώκωμεν.
3067 1442 3399 1512 Ἀγνίσωμεν
3423 1441 3630 1510 χεῖρας,
3659 1437 3720 1492 εῦ
3746 1440 3869 1502 τοῖς

2282 1538 2591 1611 ὁμοδούλοις
2629 1536 2930 1600 ποιοῦντες,
2957 1537 3007 1588 οἱ
3028 1534 3088 1589 εῦ
3119 1535 3216 1588 καὶ
3253 1534 3436 1596 καλῶς
3464 1533 3615 1603 παρά
3647 1532 3741 1586 τοῦ
3767 1536 3870 1585 Δε-

2284 1632 2482 1686 σπότου
2523 1630 2812 1692 παθόντες.
2843 1627 3448 1698 Φιλανθρωπευώμεθα,
3473 1627 3524 1679 oi
3554 1626 3868 1701 φιλανθρωτ

2285 1724 2412 1786 πίας
2434 1723 2745 1793 ἠξιωμένοι.
2768 1721 2912 1792 Πρὸς
2930 1719 3159 1790 αὔξησιν
3180 1720 3281 1790 τῆς
3306 1720 3678 1789 πνευματικῆς
3701 1719 3871 1773 ἀνεω-

591 1818 685 1889 qui
722 1818 824 1888 ipsi
855 1781 1089 1888 benigne
1114 1817 1523 1886 clementerque
1557 1813 1822 1872 fuerimus
1851 1815 2044 1870 habiti.
2085 1781 2166 1870 Ad

2290 1781 2650 1886 μεν-ἡλίκίας.
2682 1781 2990 1882 αἰδούμενοι
3135 1814 3194 1866 ὲν
3238 1781 3416 1866 ἀτελεῖ
3445 1781 3646 1882 σαρκὸς
3672 1810 3870 1880 ἡλικίᾳ.

591 1918 942 1980 augmentum
984 1921 1407 1979 promoveamus
1455 1905 1761 1975 spiritualis
1822 1907 1999 1961 aetatis
2044 1920 2167 1959 eum

594 2002 837 2067 reveriti,
895 2001 991 2072 qui
1037 2001 1092 2055 in
1140 1999 1325 2055 carnis
1375 2005 1579 2053 nostra:
1635 1997 1950 2068 imperfecta
2013 2006 2172 2052 aetate

591 2103 848 2152 versatus
876 2104 958 2150 est
988 2105 1191 2151 nostrae
1225 2090 1660 2164 imperfectionis
1687 2107 1872 2147 causa.
1905 2089 2176 2146 Emunde—

591 2204 715 2244 mus
749 2187 859 2259 igni
895 2187 1074 2256 labia;
1129 2201 1255 2241 nam
1314 2197 1369 2241 et
1419 2185 1581 2241 nobis
1636 2185 2002 2255 expiatorium
2050 2184 2173 2239 licet

593 2281 887 2336 carbonem
919 2279 1263 2350 contingere.
1311 2277 1571 2344 Quiuimo
1613 2276 1814 2348 quibus
1866 2277 1986 2347 ejus
2015 2275 2175 2330 nobis

593 2374 667 2430 sit
710 2373 854 2428 facta
889 2371 1144 2437 facultas,
1204 2386 1272 2426 ne
1329 2370 1458 2425 inde
1513 2369 1859 2426 accedentem
1910 2369 2175 2425 emunda-

593 2469 802 2523 tioncm
835 2474 1276 2522 contemnamus.
1310 2461 1401 2518 Sic
1433 2462 1598 2528 sacri,
1632 2478 1754 2518 eum
1792 2461 2060 2517 adeuntes
2081 2460 2174 2530 qui

595 2559 759 2615 hodie
793 2557 1027 2613 oﬁ‘ertur
1055 2557 1109 2615 in
1159 2557 1380 2625 templo,
1415 2570 1523 2609 una
1555 2569 1680 2609 cum
1726 2553 1906 2609 vetula
1936 2568 2001 2608 ac
2029 2561 2176 2608 casta

595 2650 754 2705 Anna
783 2648 1028 2705 vicissim
1064 2647 1451 2704 conﬁtebimur
1485 2665 1498 2702 ε
1530 2661 1747 2717 semper
1773 2647 2036 2717 virginem
2068 2645 2179 2699 Ma-

597 2747 736 2795 trem
771 2739 1081 2803 aﬁ‘abimur,
1117 2753 1228 2793 non
1263 2754 1329 2796 ex
1377 2739 1448 2794 iis
1491 2753 1612 2809 quae
1657 2738 1943 2810 Synagoga
1983 2738 2036 2793 in
2059 2737 2178 2807 ejus

595 2831 1022 2905 primogenitum
1053 2829 1248 2885 Filium
1288 2831 1546 2884 molitura
1579 2839 1690 2897 est,
1719 2845 1897 2899 neque
1943 2829 1996 2885 id
2026 2843 2178 2895 vero,

599 2923 774 2980 Tuam
804 2924 1042 2977 animam
1083 2922 1428 2992 pertransibit
1477 2921 1692 2993 gladius
1744 2923 1811 2987 ³⁸,
1843 2921 1938 2978 sed
1983 2920 2050 2976 de
2086 2920 2177 2975 be-

598 3016 797 3071 neﬁcio
831 3013 978 3085 quod
1032 3012 1185 3068 orbis
1236 3013 1373 3067 ﬁnes
1397 3020 1846 3082 consequentur;
1885 3011 1952 3066 de
1979 3009 2179 3082 gaudio

593 3107 998 3178 colloquemur,
1038 3103 1197 3174 cujus
1256 3103 1482 3160 divitias
1525 3103 1706 3173 adepti
1757 3115 1976 3159 sumus.

671 3198 750 3254 Te
788 3198 1154 3253 castissimum
1189 3196 1477 3266 magniﬁce
1507 3195 1788 3252 efferimus
1815 3195 1949 3267 (non
1996 3194 2184 3250 incon-

602 3308 741 3364 gruo
785 3291 1084 3348 clamemus
1121 3291 1291 3347 vocis
1344 3291 1504 3362 sono)
1534 3307 1630 3362 per
1665 3306 1830 3362 quam
1866 3290 2188 3362 magniﬁcus

604 3386 809 3457 opifex,
839 3385 1136 3440 maximum
1180 3400 1406 3441 suorum
1438 3400 1687 3456 operum,
1721 3400 2046 3456 summeque
2067 3385 2191 3440 hor-

603 3476 837 3534 rendum
887 3475 1148 3548 perfecit;
1183 3493 1305 3547 quae
1371 3479 1747 3533 continentem
1798 3476 2006 3543 omnia,
2061 3477 2187 3533 sinu

606 3570 949 3626 continueris
979 3587 994 3623 :
1022 3584 1088 3626 ex
1117 3569 1280 3638 cujus
1330 3569 1600 3625 uberibus
1630 3570 1779 3626 altus
1815 3570 1906 3634 sit,
1942 3569 2033 3641 qui
2056 3571 2192 3625 'uni—

607 3659 786 3715 versis
844 3666 1076 3727 eterra,
1137 3675 1247 3730 quo
1299 3660 1518 3715 alantur
1573 3663 1859 3732 producit;
1912 3677 2034 3732 quae
2078 3663 2193 3717 sola

609 3753 897 3808 benedicta
939 3753 1018 3809 sis
1065 3753 1212 3809 inter
1264 3753 1546 3821 mulieres,
1605 3755 1975 3824 universeque
2007 3757 2190 3827 generi

609 3845 1048 3902 benedictionem
1077 3843 1401 3901 haereditate
1422 3847 1853 3917 comparaveris,
1883 3863 1945 3902 ae
1979 3849 2189 3902 tristem

613 3937 884 4008 majorum
956 3944 1157 3992 sortem
1209 3951 1238 3991 a
1289 3937 1449 3994 nobis
1517 3924 2091 3995 abstuleris.'Vetera
2141 3947 2195 3995 te

611 4032 900 4102 aenigmata
968 4029 1112 4085 felici
1192 4039 1352 4102 partu
1423 4040 1655 4087 matrem
1729 4032 2195 4102 prmsignarunt:

613 4138 814 4194 nempe
862 4123 1123 4188 thronus,
1158 4137 1223 4179 ac
1263 4122 1507 4194 forceps,
1554 4122 1862 4194 domusque
1889 4123 2046 4194 plena
2079 4124 2191 4196 glo-

615 4218 761 4274 rite:
813 4231 880 4271 ac
929 4215 975 4271 si
1019 4230 1128 4286 qua
1167 4215 1466 4287 ejusmodi,
1513 4216 1762 4272 videntes
1805 4217 1974 4280 oculi,
2006 4216 2194 4272 hacte-

618 4324 835 4379 nusque
885 4308 1134 4363 umbram
1185 4308 1497 4371 obtuentes,
1550 4316 1640 4362 tua
1669 4309 1926 4378 mysteria
1955 4321 2199 4365 contem-

618 4403 948 4473 plabantur:
973 4400 1120 4456 nunc
1151 4413 1329 4456 autem
1355 4416 1598 4472 praesens
1621 4402 1741 4472 ipsa
1763 4403 1906 4458 clare
1931 4403 2196 4466 ostendis,

2221 3113 2268 3176 C

2280 1907 2368 1962 διὰ
2395 1908 2495 1978 τὴν
2524 1905 2680 1976 ἡμῶν
2728 1907 3147 1977 χρηματίσαντα
3172 1906 3504 1965 τελειότητα.
3557 1902 3870 1974 Καθαρθῶο

2286 2019 2388 2072 μεν
2416 2000 2550 2071 πυρὶ
2577 2001 2646 2054 τὰ
2677 1999 2829 2070 χείλη
2848 2015 2863 2030 '
2898 1998 3015 2053 ἐστι
3045 1997 3154 2069 γὰρ
3192 2001 3286 2053 καὶ
3310 2001 3448 2068 ἡμῖν
3473 1998 3568 2052 τοῦ
3594 1995 3866 2066 καθαρτι-

2285 2091 2382 2146 κοῦ
2413 2090 2606 2162 ψαύειν
2656 2090 2947 2161 ἀνθρακοςο
3004 2089 3203 2162 μᾶλλον
3249 2089 3292 2142 δ’
3323 2082 3404 2152 οἷς
3457 2086 3737 2159 ὴξιώμεθα
3762 2087 3870 2157 τῆς

2285 2185 2451 2243 αὐτοῦ
2499 2186 2876 2253 ἀπολαύσεως,
2916 2185 2991 2256 μὴ
3020 2185 3119 2253 τῆς
3172 2182 3384 2237 ἐκεῖθεν
3428 2180 3870 2252 καταφρονῶμεν

2287 2279 2627 2351 καθάρσεως.
2646 2276 2802 2333 Οὕτω
2835 2276 3149 2348 προσιόντες
3181 2276 3316 2344 ίεροὶ
3333 2274 3411 2346 τῷ
3431 2275 3670 2346 σήμερον
3697 2287 3871 2343 προσ-

2287 2375 2541 2445 αγομὲνῳ
2576 2375 2634 2427 ὲν
2670 2373 2824 2444 ἱερῷ,
2875 2374 2942 2443 τῇ
2968 2369 3243 2441 γηραλαίᾳ
3302 2369 3397 2422 καὶ
3427 2369 3665 2437 σώφρονι
3697 2368 3870 2436 ’Λννῃ

2293 2464 2976 2536 συνανθομολογησόμεθα·
3008 2459 3495 2534 προσφθεγῷμεθα
3536 2463 3602 2531 τῇ
3631 2460 3871 2529 ἀειπαρ-

2291 2561 2430 2631 θένῳ
2452 2561 2658 2630 Μητρὶ,
2693 2560 2793 2612 οὐκ
2816 2549 2968 2623 ὲξῶν
2997 2555 3136 2610 κατά
3163 2554 3635 2624 τοῦπρωτοτόκου
3669 2550 3873 2633 Παιδὸς

2290 2653 2460 2724 αὐτῆς
2485 2652 2871 2720 παλαμήσεται
2914 2647 3209 2717 Συναγωγή
3229 2662 3244 2675 ⁸
3271 2644 3413 2713 οὐδὲ,
3440 2644 3560 2700 Σοῦ
3601 2643 3718 2708 τὴν
3743 2643 3873 2710 ψευ-

2247 2764 2250 2768 λ
2291 2743 2414 2814 χὴν
2461 2742 2832 2797 διελεύσεται
2861 2741 3157 2811 ῥομφαία·
3194 2738 3310 2792 ἀλλ’
3341 2728 3508 2808 ὲξῆς
3541 2731 3880 2805 κληρονομιῐ

2292 2836 2614 2908 εὐεργεσίας
2643 2835 2713 2889 τὰ
2738 2834 2977 2906 πέρατα.
3008 2834 3074 2887 ὲκ
3095 2831 3205 2887 τῶν
3230 2828 3591 2904 χαρμοσύνην
3623 2824 3876 2895 name.

2297 2928 2454 3000 μεθα,
2486 2925 2554 3001 ἧς
2581 2928 2678 2999 τὴν
2699 2927 2878 3000 χαράν
2899 2926 3336 2998 ἐπλουτήσαμεν.

2362 3207 2758 3279 Μεγαλύνομέν
2780 3223 2840 3260 σε
2864 3205 2964 3278 τὴν
2987 3204 3328 3275 πανάμωμον
3350 3199 3596 3274 (φθόγγῳ
3628 3198 3703 3271 μὴ
3737 3199 3876 3254 ἀνα-

2295 3303 2391 3375 ξίῳ
2435 3302 2740 3374 βοήσωμεν)
2791 3301 2859 3356 δι’
2886 3297 2954 3372 ἧς
2984 3299 3013 3353 ό
3053 3295 3422 3370 μεγαλουργὸς
3448 3293 3511 3349 τὸ
3547 3293 3736 3366 μεῖζον
3765 3295 3882 3348 τῶν

2294 3394 2471 3466 ἔργων
2515 3392 2680 3448 αὐτοῦ
2704 3393 2797 3446 καὶ
2827 3390 3056 3463 φρικτὸν
3083 3387 3373 3442 ὲτελέσατο
3392 3404 3409 3422 ο
3448 3387 3484 3459 ἢ
3510 3385 3769 3457 συνέσχες
3817 3386 3882 3438 ἐν

2295 3488 2518 3550 κόλποις
2555 3486 2646 3539 τον
2670 3483 2902 3554 συνοχέα
2925 3500 2940 3514 ο
2959 3475 3035 3555 ,ἦς
3065 3481 3328 3554 διετράφη
3378 3480 3568 3552 μαζῶν
3595 3519 3611 3548 ,
3647 3481 3676 3531 ὀ
3706 3480 3879 3532 πᾶσιν

2296 3579 2361 3632 ἐκ
2386 3577 2488 3647 γῆς
2540 3575 2961 3630 ἀναϐλαστάνων
3020 3574 3223 3644 τροφήν
3244 3589 3259 3606 ο
3307 3573 3342 3642 ἡ
3370 3567 3522 3643 μόνη
3545 3571 3604 3623 ὲν
3629 3568 3880 3636 γυναιξὶν

2295 3666 2659 3738 εὐλογημένη,
2718 3666 2812 3719 καὶ
2844 3664 2944 3735 τὴν
2968 3662 3219 3733 εὐλογίαν
3248 3663 3325 3734 τῷ
3352 3662 3498 3732 γένει
3545 3660 3882 3733 κληροδοτή-

2300 3777 2462 3826 σασα,
2489 3761 2588 3832 τῆς
2619 3759 2896 3833 στυγηρᾶς
2921 3758 3031 3813 τῶν
3066 3758 3344 3829 προγόνων
3395 3756 3762 3828 κληρονομίας
3789 3753 3881 3808 διὰ

2299 3852 2393 3907 σοῦ
2433 3854 2527 3921 ἀφ’
2554 3852 2710 3924 ἡμῶν
2747 3851 3024 3923 ἀρθείσης.
3058 3849 3368 3921 Αἰνίγματά
3401 3866 3460 3903 σε
3509 3848 3735 3914 παλαιὰ,
3779 3847 3885 3918 τὴν

2300 3943 2527 3998 εὐώδινα
2559 3943 2869 4016 προῖστόρει
2924 3941 3168 4014 μητέραο
3207 3940 3395 4012 θρόνος
3429 3941 3526 3995 καὶ
3565 3940 3753 4003 λασίς·
3783 3941 3882 3993 καὶ

2299 4034 2446 4102 οἶκος
2471 4037 2685 4110 πλήρης
2710 4035 2899 4107 δόξης·
2929 4035 3023 4091 καὶ
3046 4036 3146 4090 ὅσα
3172 4035 3327 4098 ἄλλα,
3354 4032 3621 4105 ὀφθαλμοὶ
3645 4033 3885 4104 ὁρῶντες

2305 4134 2427 4205 μὲν,
2452 4133 2590 4195 τέως
2621 4131 2677 4185 δὲ
2705 4129 2863 4184 σκιὰν
2885 4127 3140 4200 ὁρῶντες,
3184 4125 3533 4181 σοῦὲθεῶντο
3567 4128 3846 4196 μυστήρια
3863 4138 3882 4154 ⁸

2303 4224 2399 4279 νῦν
2425 4223 2481 4275 δὲ
2512 4220 2723 4292 τρανῶς
2763 4219 3037 4292 ὲμφανίζῃ
3067 4217 3206 4288 αὐτὴ
3230 4215 3523 4288 παριοῦσα,
3570 4215 3677 4268 τῶν
3717 4232 3886 4268 σκιω-

2303 4317 2408 4370 δῶν
2445 4313 2711 4386 ἀμειφθέν
2743 4311 2762 4352 ί
2796 4314 2932 4386 προς
2962 4313 3056 4384 τὴν
3089 4314 3146 4365 ἐν
3173 4312 3356 4382 χάριτι
3403 4308 3730 4382 τρανότητα.
3765 4308 3886 4363 Νῦν

2306 4426 2365 4463 σε
2387 4408 2669 4480 τηλαυγῶς
2701 4407 2792 4478 τὸν
2827 4404 3162 4478 Χερουὸικδν
3184 4445 3199 4470 ,
3234 4403 3432 4474 μᾶλλον
3453 4403 3531 4466 δὲ,
3555 4402 3888 4474 τιμιώτερον

623 4494 987 4550 commutatis
1036 4509 1158 4565 qua:
1189 4493 1508 4548 umbrarum
1557 4501 1735 4559 erant,
1784 4494 1838 4548 in
1889 4509 2007 4548 eam
2040 4493 2180 4548 clari

2305 4466 2491 4572 θρόνον
2789 4466 2994 4553 Νῦνισε
3023 4497 3121 4566 τὴν
3165 4466 3462 4566 πόρφυρον
3493 4466 3681 4548 λαϐίδα
3708 4466 3888 4549 κατα·-

621 4594 793 4642 tatem
830 4585 996 4656 quam
1035 4584 1207 4657 gratia
1247 4585 1432 4640 habet.
1463 4583 1622 4639 Nunc
1655 4593 1709 4640 te
1743 4587 2033 4656 perspicue
2061 4583 2202 4639 Che-

626 4679 877 4734 rubicum
896 4678 1178 4743 thronum,
1199 4679 1329 4748 quin
1353 4685 1408 4732 et
1426 4677 1518 4732 illo
1541 4678 1910 4749 augustiorem
1930 4677 2196 4734 videmus.

2315 4591 2685 4664 μανθάνομεν,
2718 4590 2812 4645 καὶ
2837 4590 2896 4643 τὸ
2919 4591 3125 4660 πλῆρες
3150 4588 3242 4648 τοῦ
3267 4587 3606 4664 ἀγιᾴσματος
3633 4578 3887 4656 τέμενος.

2321 4686 2408 4750 Ὦς
2435 4685 2543 4756 γὰρ
2585 4685 2759 4758 θρόνῳ
2789 4675 2858 4738 ὲν
2879 4684 2962 4736 σοὶ
3000 4683 3028 4734 ὁ
3059 4683 3339 4752 Δεσπότης
3378 4679 3758 4747 ἀνεπαύσατο,
3791 4681 3893 4734 καὶ

626 4767 786 4823 Nunc
839 4775 892 4824 te
931 4766 1198 4838 forcipem
1254 4767 1434 4836 ignem
1487 4767 1745 4823 ferentem
1800 4768 2084 4837 docemur,
2139 4783 2180 4823 at

2309 4776 2384 4840 ὼς
2409 4776 2584 4830 λαϐίδι
2618 4775 2943 4849 περιεσχέθη
2972 4777 3001 4830 ὁ
3022 4776 3282 4837 ἀστεκτος
3308 4789 3322 4803 °
3355 4773 3450 4828 καὶ
3474 4772 3608 4844 οῐκῳ
3637 4771 3892 4845 κεχώρη-

630 4861 928 4918 sanctitate
955 4859 1181 4930 plenum
1209 4859 1522 4915 delubrum.
1565 4859 1829 4918 Dominus
1874 4862 2017 4917 enim
2055 4861 2175 4917 velu

2310 4884 2399 4920 ται
2428 4869 2455 4920 ὁ
2484 4865 2735 4938 μηδαμοῦ
2765 4864 3033 4937 χωρητός.
3064 4863 3327 4936 Μακαρία
3357 4863 3494 4934 μόνη
3545 4865 3603 4918 ὲν
3636 4865 3892 4935 γυναιξὶν

629 4957 685 5009 in
734 4955 934 5008 throno
969 4953 1024 5007 in
1086 4960 1140 5007 te
1190 4953 1480 5022 requievit,
1508 4968 1743 5025 eumque
1772 4952 1997 5025 forcipis
2028 4954 2180 5010 insta]

2311 4959 2550 5030 ἀληθῶς,
2587 4960 2680 5013 καὶ
2706 4957 3009 5029 μεταδοῦσα
3037 4955 3139 5027 τῆς
3169 4956 3268 5026 σῆς
3294 4955 3591 5030 εύκληρίας
3633 4955 3766 5028 ἡμῖν
3794 4956 3893 5010 καλ

634 5047 918 5116 complexa
951 5060 1032 5110 es,
1064 5045 1158 5116 qui
1207 5045 1492 5116 majestate
1543 5045 1907 5117 importabilis
1948 5049 2165 5105 exsistit

2315 5051 2737 5122 μακαριότητος.

635 5160 698 5201 ac
748 5146 907 5198 doino
940 5142 1046 5198 fuit
1074 5152 1390 5211 contentus,
1417 5145 1510 5215 qui
1543 5149 1814 5216 nusquam
1845 5154 2025 5216 potest
2055 5148 2198 5217 capi.
2244 5147 2371 5202 Sola
2419 5157 2476 5202 tu
2529 5163 2655 5204 vere
2713 5147 2998 5203 benedicta
3048 5146 3191 5202 inter
3251 5145 3532 5210 mulieres,
3615 5159 3680 5200 ac
3764 5160 3895 5215 quae

635 5253 739 5294 nos
771 5237 957 5308 gloriae
987 5244 1092 5292 tuae
1145 5253 1209 5292 ac
1241 5237 1517 5297 felicitatis
1555 5241 1850 5311 participes
1884 5239 2100 5296 feceris.

710 5333 842 5397 Sed,
889 5349 921 5390 ο
959 5334 1122 5403 Virgo
1179 5343 1479 5405 materque,
1535 5335 1692 5406 cujus
1753 5353 1815 5392 ex
1873 5338 2208 5392 intemeratis

639 5428 998 5498 sanguiuibus
1027 5429 1371 5495 formatione,
1401 5430 1542 5486 velut
1580 5432 1632 5485 in
1670 5431 1833 5498 libro,
1873 5430 2046 5487 Verbo
2072 5446 2205 5485 con-

2401 5335 2564 5399 Ἂλλ’,
2594 5328 2637 5388 ὦ
2661 5333 2903 5406 Παρθένε
2933 5333 3028 5389 καὶ
3063 5332 3237 5404 μῆτερ
3261 5348 3271 5360 ·
3297 5326 3363 5403 ἦς
3385 5333 3448 5385 ὲκ
3476 5331 3581 5384 τῶν
3606 5331 3896 5402 ἀχρὰντων

2318 5428 2564 5498 αἱμάτων
2587 5429 2651 5496 τῇ
2680 5424 2962 5478 διαπλάσει
2987 5423 3177 5494 ὥσπερ
3199 5424 3256 5477 ὲν
3277 5423 3426 5496 τόμῳ
3446 5421 3524 5494 τῷ
3543 5423 3702 5494 Λόγῳ
3724 5439 3896 5494 προσ-

716 5595 760 5626 ³⁸
802 5594 933 5649 Luc.
969 5609 1029 5656 ιι,
1052 5592 1142 5646 '58.

1917 5685 2145 5743 θ’Αῆιῶ
2185 5681 2586 5741 LECTIONES.

719 5783 739 5821 ί
773 5781 862 5836 ίσ.
901 5777 1295 5849 ἀμειφθέντων.
