4124 6320
205 328 268 395 ιι
1017 338 1304 402 ORATIO
1329 340 1398 403 V.
1428 365 1500 379 --
1533 330 1617 414 IN
1654 339 1784 402 CH!

1889 340 1966 401 TI
2004 339 2520 406 NATlVlTATEM
2553 340 2640 402 II.
3397 335 3467 398 42

209 451 596 524 ιμιλήσαντες,
625 452 725 526 τὴν
760 451 986 524 ἀλογίαν
1028 442 1513 531 ἀπεσκευάσμεθα,
1543 462 1684 533 αὐτὴ
1712 462 1784 535 τῷ

1892 466 2235 527 suesccntes,
2254 458 2525 516 brutalem
2563 458 2868 530 abiecimus
2888 457 3078 521 vitam,
3110 463 3165 510 tu
3190 462 3296 510 tua:
3317 450 3462 525 proli

213 548 350 618 τόκῳ
385 564 478 601 σου
510 548 620 601 τῶν
640 548 927 619 ἡμετέρων
950 549 1126 620 λόγων
1152 551 1214 606 τδ
1241 551 1414 625 δῶρον
1443 552 1780 624 προσάγαγευ

215 642 427 708 ἀνάξιον
468 642 590 713 μὲν,
618 643 770 712 ὅμως
798 643 856 698 δὲ
886 643 949 697 τὸ
979 646 1219 716 σήμερον
1246 646 1620 718 οἰκονομηθὲν,
1642 645 1788 701 ὲκεί-

215 753 289 805 νῳ
317 732 546 804 τιμῶντι
581 750 672 803 μοι
697 735 1130 806 άπεργασμὲνον,
1167 735 1316 802 δέξαι
1354 737 1529 791 τοῦτο.
1560 739 1648 792 Σοὶ
1676 737 1784 810 γάρ

215 827 280 896 τῇ
311 826 433 894 ἐμοὶ
466 824 648 898 βοηθῷ
685 824 991 898 θαρρήσας,
1022 827 1358 900 ἀνεδεξάμην
1390 827 1479 882 τὸν
1514 829 1784 897 κάματον.

217 919 403 991 Ἤμην
439 922 464 962 ε
491 921 556 974 ἐκ
595 919 828 992 βρέφους
880 920 977 974 καὶ
1023 921 1104 986 εἰς
1150 922 1311 977 τοῦτο
1369 922 1564 995 μέτρον
1595 923 1787 996 ἥκοντι

214 1009 353 1081 βίου,
397 1009 689 1082 ἐπίκουρος
735 1011 923 1084 πάρει,
957 1014 1052 1069 καὶ
1075 1013 1282 1087 πάρεσό
1311 1027 1377 1085 γε
1407 1015 1496 1070 διὰ
1544 1016 1744 1079 παντός
1764 1033 1780 1049 ο

217 1102 350 1174 μηδὲ
383 1103 666 1177 μακρύνῃς
688 1105 786 1174 ἀφ’
806 1104 961 1178 ἡμῶν
985 1105 1085 1177 τὴν
1123 1106 1223 1178 σὴν
1255 1107 1622 1179 προστασίαν·
1666 1107 1784 1162 ἀλλ’

210 1185 300 1255 αἶς
330 1191 386 1258 ἐξ
410 1192 586 1264 ἀρχῆς
620 1196 902 1264 περιεῖπες
931 1194 1160 1266 πτέρυξι
1207 1196 1507 1265 σκέπουσα,
1556 1198 1782 1253 διατίθει

212 1280 349 1353 πρὸς
381 1281 444 1336 τὸ
484 1284 760 1354 συμφέρον
788 1285 881 1340 τὸν
913 1285 1028 1356 βίον
1049 1302 1064 1319 ο
1087 1287 1445 1342 συνδιὲπουσα
1472 1290 1538 1360 ἢν
1567 1288 1690 1341 ἔθου
1716 1291 1782 1360 τῇ

212 1373 278 1443 σῇ
315 1372 565 1442 μεσιτεεᾳ
597 1373 877 1443 βασιλειαν
904 1374 1130 1439 διέπειν.
1168 1376 1508 1447 φυλάττουσα
1560 1394 1657 1449 -μοι
1685 1377 1787 1449 τὴν

212 1462 459 1533 μεγάλην
491 1462 586 1516 τοῦ
629 1464 765 1518 Υἱοῦ
813 1481 908 1520 σου
943 1465 1338 1539 κληρονομίανο
1390 1468 1552 1522 τοῦτό
1602 1486 1692 1539 μοι
1724 1467 1785 1522 τδ

209 1555 428 1610 πάντων
457 1556 872 1628 προτιμώμενον
889 1575 906 1590 ο
931 1557 1227 1626 ἑξανύουσα
1254 1560 1347 1614 τοῦ
1373 1559 1782 1615 ὲκλεκτοῢολαοῦ

209 1663 326 1712 σου,
352 1646 447 1702 τοῦ
492 1647 650 1718 ἁγίου
695 1648 882 1714 ἔθνους
904 1649 1004 1724 την
1045 1650 1340 1722 σωτηρίαν.
1383 1651 1555 1717 ’Υπὲρ
1578 1652 1785 1706 τούτων

209 1739 405 1796 ιστασο
425 1741 859 1814 παραιτουμένη·
882 1743 978 1797 καὶ
995 1742 1070 1815 μὴ
1087 1741 1175 1795 διὰ
1199 1741 1261 1796 τὸ
1290 1741 1388 1814 ἐμὲ
1409 1740 1612 1811 δφλειν,
1639 1734 1786 1796 οὗτοι

1893 559 2144 604 nostrum
2199 547 2302 602 hoc
2367 547 2504 602 offer
2547 548 2839 604 verborum
2881 547 3084 601 donum
3123 562 3138 599 :
3177 558 3244 600 ac
3289 558 3468 613 quan-

1889 655 2052 712 quam
2082 639 2228 696 haud
2264 641 2400 696 satis
2430 639 2655 709 dignum
2680 680 2694 706 ,
2725 638 2858 693 mihi
2908 644 3088 692 tamen
3117 630 3472 706 bonore'pro.

1892 731 2164 802 sequenti,
2217 731 2359 801 quod
2389 731 2456 786 ab
2488 729 2581 785 illo
2609 729 2839 798 provide
2883 728 3046 784 hodie
3088 728 3466 798 dispensatum

1895 837 2004 892 est,
2058 826 2277 895 suscipe
2303 824 2662 880 elaboratum.
2693 821 2767 878 De
2802 829 2854 878 te
2881 821 3026 877 enim
3057 835 3175 874 mea
3201 819 3468 889 adiutrice

1897 929 2166 988 concepta
2220 917 2440 981 tiducia,
2487 915 2730 970 laborem
2777 912 3018 983 suscepi.
3050 912 3181 978 Quae
3212 927 3240 965 a
3275 926 3464 979 puero,

1895 1011 2064 1081 inque
2102 1009 2251 1064 hunc
2299 1007 2488 1064 adulto
2517 1007 2695 1065 atatis
2721 1005 2940 1061 modum
2968 1004 3282 1059 auxiliatrix
3311 1001 3466 1065 ades,

1895 1117 2100 1173 quaeso,
2148 1116 2363 1170 semper
2414 1101 2586 1167 adsis,
2643 1113 2814 1154 necve
2859 1111 2890 1150 a
2943 1095 3101 1152 nobis
3154 1093 3464 1166 praesidium

1893 1201 2047 1247 tuum
2071 1190 2453 1261 elongaveris:
2485 1188 2734 1259 quinimo
2770 1187 2971 1258 quibus
2994 1202 3023 1240 a
3065 1184 3336 1256 principio
3365 1184 3468 1240 alis

1898 1292 2198 1356 protegens
2227 1281 2437 1347 fovisti,
2467 1282 2636 1336 vitam
2682 1293 2951 1350 compone
2997 1291 3098 1348 pro
3126 1292 3191 1333 eo
3223 1291 3288 1331 ac
3318 1290 3469 1332 com-

1896 1378 2114 1432 modum
2149 1374 2258 1442 sit;
2298 1374 2577 1444 simulque
2603 1370 2723 1427 fove
2753 1369 2899 1440 quod
2927 1371 3032 1426 tuis
3059 1367 3468 1424 intercessioni-

1891 1470 1995 1530 bus
2044 1467 2333 1523 fovendum
2379 1465 2668 1536 imperium
2713 1454 2976 1526 Iundasti,
3031 1475 3279 1529 magnam
3316 1461 3466 1515 illam

1895 1558 2013 1614 Filii
2047 1559 2121 1614 tui
2165 1558 2297 1613 mihi
2357 1571 2587 1612 servans
2613 1555 2983 1611 haereditatem
3014 1572 3029 1608 :
3055 1553 3187 1609 mihi
3212 1553 3312 1607 hoc
3345 1552 3468 1606 uni-

1892 1651 2067 1707 versis
2117 1650 2365 1714 charius.
2407 1648 2596 1705 electae
2646 1646 2820 1716 plebis
2867 1654 2995 1710 tuae,
3046 1644 3286 1699 nationis
3319 1643 3467 1699 illius

1894 1749 2118 1809 sanctae,
2146 1741 2436 1812 perliciens
2466 1740 2722 1796 salutem.
2765 1736 2873 1792 Pro
2915 1736 3001 1792 his
3036 1745 3139 1802 sta,
3178 1749 3242 1790 ac
3275 1735 3468 1805 depre-

211 1831 348 1902 πρδς
371 1832 567 1902 πεῖραν
610 1831 905 1896 κακώσεως
931 1831 1161 1904 ἥκωσιν.
1213 1832 1398 1902 Ἔχεις
1426 1825 1505 1894 οἷς
1535 1832 1784 1901 δυσωπή-

1889 1849 2036 1897 care,
2085 1847 2191 1888 nec
2228 1833 2357 1902 quia
2393 1846 2523 1887 reus
2546 1845 2646 1901 ego
2680 1843 2745 1885 ac
2778 1829 2993 1884 debitor
3029 1828 3156 1892 sim,
3183 1826 3466 1880 calamita-

212 1939 345 1987 σεις.
385 1923 572 1994 Ἔχεις
599 1916 682 1987 οἷς
707 1922 938 1989 πείσεις,
968 1923 1068 1987 τὰς
1096 1924 1287 1994 χεῖρας
1326 1918 1416 1987 αἷς
1444 1922 1747 1987 ἐϐάστασας
1768 1939 1783 1954 ο

206 2012 333 2079 τοὺς
373 2013 613 2084 μαστοὺς
631 2009 713 2078 οἷς
736 2013 1030 2084 ἐθήλασας.
1057 2014 1138 2068 Τὰ
1164 2012 1273 2068 τῶν
1299 2013 1627 2084 σπαργάνων
1658 2013 1787 2067 ἀνά-

209 2121 442 2177 μνησον,
489 2106 590 2175 τῆς
639 2106 806 2177 ἄλλης
834 2109 898 2162 ὲκ
929 2106 1176 2178 βρέφους
1215 2107 1529 2178 ἀναγωγῆς,
1566 2108 1657 2160 τὸν
1697 2107 1788 2161 ἴνα

203 2197 332 2253 λαὸν
365 2199 444 2262 εἰς
492 2198 652 2265 δόξαν
704 2197 883 2270 ἐαυτῷ
937 2199 1367 2270 περιποιήσηται
1420 2197 1786 2268 νηπιάσαντα.

201 2289 331 2352 Τοῖς
381 2292 494 2354 σοτς
547 2289 616 2344 τὰ
661 2290 870 2345 ἔχεινου
928 2289 1231 2362 σύμμιξον,
1282 2289 1376 2343 τὸν
1430 2289 1787 2361 σταυρὸν,τδ

200 2375 382 2452 αἷμα,
429 2382 499 2436 τὰ
531 2382 846 2454 τραύματα,
874 2383 943 2437 δι’
976 2376 1052 2437 ὧν
1095 2381 1420 2454 σεσὼσμεθα
1443 2398 1460 2414 ο
1491 2383 1585 2435 καὶ
1628 2382 1788 2447 δοξα-

1883 1924 1956 1982 tis
1984 1923 2061 1978 illi
2100 1923 2403 1994 periculum
2459 1921 2713 1979 fecerint.
2767 1920 2948 1979 Habes
3009 1919 3208 1989 quibus
3249 1931 3466 1981 exores,

1886 2015 2055 2071 habes
2077 2015 2278 2086 quibus
2314 2013 2550 2071 suadeas
2582 2021 2748 2083 atque
2781 2011 3044 2082 impetres
3080 2027 3096 2064 :
3123 2023 3317 2079 nempe
3349 2023 3467 2061 ma.

1887 2121 1996 2162 nus
2057 2106 2261 2176 quibus
2317 2106 2572 2177 portasti,
2621 2104 2791 2160 ubera
2834 2103 3038 2173 quibus
3117 2099 3351 2157 lactasti.
3406 2097 3467 2155 ln

1885 2199 2208 2254 memoriam
2247 2213 2462 2269 pannos
2502 2211 2734 2262 revoca;
2776 2194 3008 2251 infantis
3047 2193 3211 2248 aliam
3266 2192 3468 2247 educa-

1885 2293 2091 2344 tionem
2141 2291 2214 2353 ei,
2268 2291 2360 2361 qui
2416 2297 2475 2345 ut
2521 2289 2782 2360 populum
2844 2286 2949 2344 sibi
3015 2291 3359 2355 compararet
3409 2284 3464 2337 in

1894 2382 2155 2454 gloriam,
2182 2382 2362 2438 factus
2385 2392 2469 2438 est
2503 2381 2708 2437 infans.
2731 2377 2866 2435 Tuis
2893 2380 3010 2449 ipsa
3026 2377 3324 2434 commisce
3345 2389 3468 2446 qua:

205 2473 362 2544 σθείη
384 2490 448 2543 γε
473 2477 502 2528 ὁ
535 2475 844 2546 περιούσιος
863 2475 1014 2540 λαδς,
1044 2474 1140 2529 καὶ
1180 2474 1276 2531 νῦν
1305 2475 1410 2546 τῆς
1447 2473 1582 2546 παρ’
1618 2470 1784 2527 αὐτοῦ

1889 2474 2028 2530 illius
2063 2483 2215 2539 sunt,
2265 2488 2488 2528 crucem
2526 2471 2760 2536 scilicet,
2789 2469 3116 2540 sanguinem
3147 2505 3164 2529 ,
3204 2465 3461 2526 vulnera,

199 2564 493 2624 ἀπολαύων
523 2567 875 2639 κηδεμονίας,
896 2562 944 2635 ᾧ
965 2570 999 2639 ἡ
1029 2566 1156 2632 δόξα
1195 2567 1290 2622 καὶ
1315 2566 1376 2622 τδ
1405 2565 1628 2638 κράτος,
1689 2565 1784 2621 νῦν

1889 2579 1977 2635 per
2001 2581 2124 2636 qua:
2169 2566 2401 2622 salutem
2434 2564 2615 2635 adepti
2642 2577 2835 2619 sumus
2863 2578 2878 2614 :
2910 2558 3464 2633 magniﬁcabiturque

199 2654 430 2724 καὶ-ἀεὶ,
455 2654 555 2711 καὶ
579 2656 662 2723 εις
684 2657 814 2723 τοὺς
837 2655 1042 2722 αἰῶνας
1069 2656 1180 2712 τῶν
1205 2654 1450 2714 αἰώνων..
1480 2655 1673 2729 Ἀμήν.

1886 2659 2186 2729 peculiaris
2215 2658 2471 2730 pepulus,
2509 2672 2656 2712 nunc
2682 2669 2899 2727 quoque
2925 2655 3048 2725 ejus
3077 2666 3211 2710 cura
3247 2649 3460 2706 fruens.

1885 2749 1994 2822 Ipsi
2037 2749 2211 2820 gloria
2239 2758 2302 2803 ac‘
2339 2755 2607 2819 potestas,
2639 2762 2784 2802 nunc
2810 2753 2866 2802 et
2897 2757 3134 2814 semper,
3174 2750 3230 2798 et
3265 2740 3321 2796 in
3360 2752 3462 2793 δίου

1883 2842 2008 2898 cula
2040 2841 2388 2898 saeculorum.
2444 2842 2638 2896 Arnen.

1650 2997 1910 3082 cauto
1950 2998 2040 3056 νο.

262 3118 332 3176 II
357 3115 560 3174 Christi
604 3116 957 3188 nativitatem,
993 3134 1087 3178 seu
1109 3120 1168 3176 in
1196 3119 1364 3190 ipsius
1390 3119 1594 3179 Christi
1648 3117 1798 3189 Regis
1820 3110 2007 3191 gloria:
2026 3137 2055 3176 ο
2080 3119 2242 3176 Porta
2267 3121 2549 3192 obsignata
2587 3113 2874 3192 egressum,
2915 3135 3186 3174 servorum
3208 3117 3377 3174 ocutis

379 3209 382 3212 '
1324 3193 1383 3249 in
1413 3193 1590 3262 forma
1617 3191 1756 3247 servi
1787 3193 2200 3261 sese/aﬂuenti;
2235 3193 2336 3263 (7).

1293 3334 1563 3393 (MARACCI
1623 3335 1816 3393 Leonis
1858 3335 2116 3405 Hariale,
2179 3352 2232 3406 p.
2294 3333 2412 3390 55.l

268 3471 370 3531 De!
400 3473 738 3532 nativitatem
766 3473 822 3530 in
853 3489 1020 3532 carne
1040 3475 1403 3538 celebramus,
1432 3475 1614 3533 omnis
1641 3489 1774 3532 con-
1801 3478 1844 3540 α
1878 3436 2282 3532 similitudinis.
2319 3473 2534 3544 Venite,
2559 3472 2895 3530 exsultemus
2911 3469 3166 3534 Domino,
3194 3470 3288 3541 qui
3320 3471 3466 3526 servi

191 3566 444 3624 celebret
471 3565 721 3638 spiritus.
763 3552 811 3622 Ε
844 3565 1060 3638 virgine
1090 3566 1448 3638 prodeuntem
1487 3567 1657 3625 Matre
1680 3569 1782 3624 ho-

1883 3568 2118 3625 formam
2169 3568 2490 3639 assumpsit.
2541 3576 2600 3621 ut
2659 3565 2971 3635 iacentibus
3019 3563 3075 3618 in
3128 3578 3367 3619 maerore
3410 3571 3468 3618 et

195 3671 468 3714 noramus
491 3669 642 3726 eum,
667 3657 762 3729 qui
787 3672 852 3714 ex
891 3657 1056 3713 Patre
1077 3667 1243 3717 natus
1280 3669 1367 3715 est
1411 3666 1538 3715 ante
1565 3658 1786 3716 Lueife-
1811 3655 1814 3658 “
1879 3658 2148 3731 angustiis
2165 3658 2380 3714 ali‘erret
2405 3656 2672 3713 laetitiam.
2691 3654 2916 3721 Adeste,
2934 3660 3206 3726 quotquot
3234 3655 3463 3720 caelum,

195 3764 322 3806 rum
349 3765 368 3815 ;
399 3750 602 3805 coelum
647 3757 704 3806 et
743 3756 890 3805 terra
931 3749 998 3805 ad
1039 3750 1140 3806 hoc
1175 3765 1234 3807 se
1267 3753 1600 3809 consocient.
1637 3753 1785 3810 Can-

195 3849 383 3900 temus
409 3857 522 3898 una
556 3857 691 3899 voce
719 3827 1023 3899 clamantes
1060 3860 1076 3897 :
1107 3842 1291 3899 Gloria
1317 3846 1369 3900 in
1403 3844 1623 3900 excelsis
1653 3846 1782 3910 Deo,

194 3945 246 3989 et
272 3935 332 3990 in
363 3944 510 3990 terra
539 3951 666 4006 pax,
693 3936 954 4007 quoniam
997 3936 1313 3993 Altissimus
1361 3937 1483 3994 imis
1528 3941 1582 3994 in
1629 3946 1783 3996 tene-

197 4026 317 4082 bris
353 4027 628 4097 jaeentein
681 4026 952 4094 visitans,
1003 4041 1033 4080 a
1087 4027 1173 4084 sui
1223 4029 1454 4085 orientis
1495 4030 1786 4086 altitudine

197 4131 382 4188 usque
408 4117 478 4174 ad
508 4117 661 4175 illum
690 4117 998 4185 descendit,
1028 4119 1289 4186 quoniam
1327 4122 1567 4192 seipsum
1618 4121 1783 4178 incli-

196 4211 374 4275 navit,
408 4215 471 4265 ut
499 4209 793 4280 depressos
831 4211 1047 4282 erigens
1072 4249 1090 4275 ,
1124 4211 1179 4265 in
1214 4226 1372 4268 suam
1418 4215 1672 4269 eveheret
1707 4214 1786 4269 al-

193 4301 516 4357 titudinem.
548 4300 594 4357 0
620 4305 966 4372 stupendam,
989 4311 1043 4358 et
1070 4319 1134 4359 ex
1163 4303 1313 4359 omni
1342 4305 1643 4361 aeternitate
1666 4321 1782 4361 rem

1886 3757 2156 3821 quotquot
2187 3756 2389 3802 terram
2415 3745 2677 3808 incolitis,
2703 3745 2980 3800 communi
3002 3744 3201 3814 gaudio
3217 3744 3470 3814 perLrua-

1891 3859 2034 3899 mur.
2061 3841 2366 3898 Jubilcmus
2394 3839 2704 3895 advenienti
2731 3836 3024 3903 Salvatori,
3045 3838 3140 3908 qui
3171 3836 3464 3892 miserrimi

1887 3942 2182 4008 pereuntes
2226 3932 2511 3996 Salvatore
2557 3928 2961 4000 indigebamus.
2993 3924 3112 3982 Jam
3141 3929 3288 3983 enim
3317 3928 3468 3986 illius

1889 4031 2149 4087 misertus
2169 4023 2448 4090 est‘Deus,
2473 4040 2634 4095 quem
2665 4023 2823 4079 initio
2845 4038 2944 4093 pro
2972 4036 3069 4079 sua
3094 4023 3338 4079 bonitate
3360 4026 3469 4078 im-

1889 4119 2162 4176 maculato
2190 4118 2364 4190 digito
2405 4113 2887 4171 formavit.-Venit
2942 4114 3037 4169 diu
3087 4114 3401 4170 extorribus
3433 4128 3466 4170 e

1884 4211 2064 4280 patria
2096 4209 2335 4264 reditum
2373 4206 2694 4277 largiturus,
2717 4205 2982 4276 absorpto
3010 4207 3470 4277 transgressionis

1887 4302 2116 4359 crimine
2172 4301 2229 4357 in
2287 4299 2589 4371 gratiarum
2637 4297 3022 4368 amplitudine.
3065 4295 3182 4353 Non
3232 4299 3466 4367 amplius

195 4395 436 4450 novam!
473 4393 580 4462 Qui
609 4395 809 4451 sarcula
848 4395 1112 4457 condidit.
1145 4396 1294 4452 ineo
1337 4399 1484 4467 quod
1529 4397 1788 4453 conditur
1883 4392 2019 4464 ligni
2051 4406 2178 4448 reus
2197 4405 2342 4458 sum,
2377 4388 2471 4460 qui
2501 4404 2652 4455 reus,
2674 4389 2940 4445 maloillo
2981 4387 3291 4458 degustato.
3312 4389 3466 4458 prius

195 4500 329 4542 esse
372 4485 590 4556 incipit.
616 4485 895 4558 Antiquus
942 4486 1156 4542 dierum
1190 4501 1461 4558 nuperum
1507 4502 1568 4543 se
1599 4495 1783 4543 osten-

196 4577 306 4635 dit.
346 4575 580 4634 Creator
602 4577 661 4633 in
688 4579 922 4635 materia
951 4587 1224 4636 creatura:
1259 4577 1552 4634 formatur.
1573 4561 1787 4636 Incom-

200 4668 490 4726 mutabilis
519 4668 691 4741 figura
717 4669 897 4727 Patris
925 4670 992 4725 ad
1016 4670 1310 4742 imaginem
1332 4671 1385 4726 in
1426 4673 1570 4726 mala
1602 4669 1785 4742 prola-

198 4775 361 4834 psam
391 4773 518 4819 sese
550 4761 815 4828 demittit,
847 4769 905 4818 ut
935 4763 1028 4817 illa
1061 4777 1256 4819 rursus
1286 4764 1515 4834 ﬁguram
1545 4774 1789 4820 resumat

1881 4500 2054 4542 cram.
2088 4483 2309 4540 biberat
2345 4484 2494 4539 enim
2550 4497 2651 4538 nos
2699 4471 2851 4537 reatu
2890 4483 3140 4548 Creator,
3185 4482 3467 4553 particeps

1888 4577 2187 4634 creationis
2216 4591 2349 4632 mea:
2393 4576 2618 4641 factus;
2658 4589 2758 4632 nec
2799 4576 2985 4632 infelix
3031 4590 3156 4633 esse
3200 4591 3368 4647 cogor
3395 4575 3468 4631 ob

1888 4669 2148 4724 damnum
2174 4682 2269 4740 per
2292 4667 2571 4722 mulierem
2601 4665 2829 4722 factum.

1962 4761 2161 4817 Mulier
2212 4761 2383 4826 enim.
2427 4759 2567 4815 lucri
2602 4759 2758 4831 origo
2800 4758 2904 4830 (8),
2928 4757 3097 4813 vitam
3122 4756 3256 4814 mihi
3280 4763 3464 4814 trans-

1477 4873 1568 4929 VA
1578 4873 1713 4931 BHE
1761 4871 2155 4931 LECTIONES.

271 4971 302 5013 ε
331 4965 464 5041 Leg.
494 4968 532 5041 ἡ
564 4967 714 5041 ὑμῖν.

1710 5058 1942 5116 NOTIE.

268 5154 342 5278 (2
366 5151 557 5236 Graece
581 5167 692 5208 non
716 5161 898 5210 exstat
925 5153 1215 5236 impressa:

285 5233 304 5278 ί
345 5223 609 5278 lﬂemam
643 5224 784 5278 hanc
811 5225 878 5278 de
893 5231 1051 5278 partu
1074 5223 1131 5277 Β.
1169 5223 1201 5278 ι

285 5221 367 5296 Π)
387 5223 609 5296 Regiam
643 5224 784 5296 hanc
811 5225 878 5288 de
893 5221 1051 5296 partu
1074 5223 1131 5296 Β.
1169 5221 1431 5296 Virginis,
1463 5236 1560 5278 seu
1582 5222 1651 5296 de
1681 5240 1778 5280 na-

195 5292 419 5353 tivitate
443 5292 753 5363 Dominis:
793 5292 951 5350 beata
986 5292 1208 5362 Virgine
1235 5292 1778 5363 orationemiquam

200 5367 261 5422 in
295 5364 632 5422 Bibliotheca
661 5362 923 5429 Mariana,
954 5363 1084 5421 dum
1119 5363 1225 5418 alia
1258 5363 1326 5417 de
1357 5362 1534 5434 Maria.
1554 5362 1780 5434 Deipara

198 5435 409 5492 Leonis
455 5449 622 5504 opera
672 5449 1048 5500 recenserem,
1091 5447 1156 5488 ex
1199 5433 1412 5504 incuria
1454 5433 1784 5496 enumerare

196 5507 407 5563 oblitus
435 5502 605 5574 sum),
636 5504 834 5558 habent
860 5504 1047 5574 graece
1064 5519 1163 5558 ms.
1197 5503 1298 5574 sub
1333 5502 1530 5557 Leonis
1552 5504 1784 5572 impera—

197 5578 342 5632 toris
369 5572 587 5631 n’omine
617 5576 838 5628 codices
859 5572 1131 5637 Vaticani,
1164 5582 1216 5627 et
1234 5573 1631 5634 Messancnscs,
1658 5590 1783 5628 nec-

196 5662 314 5703 non
353 5645 714 5715 perantiquus
752 5646 923 5701 codex
953 5645 1137 5699 Graece
1186 5658 1288 5715 ms.
1323 5647 1457 5715 clar_.
1494 5644 1595 5715 viri
1645 5643 1782 5697 Leo-

197 5717 291 5798 nis
335 5711 518 5798 Allatii
546 5711 785 5798 {Atque
819 5730 889 5798 ex
933 5713 1390 5798 interpretatione
1426 5711 1512 5798 .lo.
1547 5712 1783 5798 Matthmi

199 5783 517 5862 (ἔπιονὺὶἰὶ
560 5783 864 5844 lcoaiensis
879 5783 1121 5858 episcopi
1140 5796 1290 5840 nunc
1312 5783 1488 5853 primo
1511 5786 1779 5855 apparuit.

1803 5161 1857 5221 D
1953 5153 2031 5235 (8)
2057 5152 2252 5235 Mulier
2270 5151 2408 5235 enim
2427 5150 2563 5235 lirari
2590 5151 2757 5220 origo.
2788 5151 2851 5205 Et
2878 5165 3002 5235 vere
3030 5150 3087 5206 Β.
3112 5150 3274 5235 Virgo
3323 5152 3461 5209 lucri

1887 5221 2039 5294 origo
2074 5221 2691 5294 appellaturalLeone,
2736 5236 2859 5275 cum
2910 5222 3089 5294 longe_
3112 5221 3316 5293 maiora
3367 5239 3474 5293 per

1889 5290 2037 5348 illa'm
2067 5290 2231 5347 nobis
2264 5291 2466 5345 fuerint
2495 5293 2716 5354 collata,
2747 5306 3029 5360 quanrper
3055 5290 3217 5345 Evam
3253 5290 3456 5348 ablata.

1893 5364 2202 5433 Appellatur
2231 5362 2414 5433 etiam
2443 5360 2720 5433 ⁸ξῖἰηςο
2806 5362 2861 5412 Β.
2907 5359 3352 5433 Ρθιι·ογ1)ςιιιιί;ιιιὶ
3405 5364 3466 5418 in

1894 5429 2088 5488 llbiuil.
2132 5432 2198 5485 de
2230 5431 2406 5485 Nativ.
2440 5430 2496 5483 Β.
2533 5429 2682 5501 Virg.
2728 5431 2891 5500 Origo
2921 5431 3189 5500 principii,
3214 5437 3340 5502 quia
3373 5433 3464 5486 ille

1891 5521 1955 5557 ea:
1984 5520 2042 5556 ea
2074 5502 2265 5569 prodiit
2303 5519 2393 5568 per
2432 5502 2712 5553 matorium
2741 5502 2944 5565 carnis,
2975 5503 3063 5567 qui
3090 5515 3247 5570 caput
3277 5514 3380 5566 est,
3411 5516 3460 5555 et

1890 5577 2103 5627 initium
2151 5574 2378 5625 omnium
2425 5589 2596 5623 rerum
2634 5588 2722 5637 per
2765 5573 3049 5625 essentiam
3101 5575 3313 5624 deitalis
3347 5577 3458 5636 ;ub

1890 5646 2008 5698 All).
2027 5643 2223 5713 Magno
2247 5641 2413 5713 Super
2438 5641 2631 5713 Missus
2657 5643 2987 5713 euangeliis,
3011 5657 3131 5712 cap.
3157 5642 3462 5711 184.00'igo,

1890 5710 2145 5774 omnium,
2186 5712 2308 5780 quia
2345 5710 2522 5765 Mater
2573 5711 2689 5778 Dei,
2720 5710 2932 5778 quiest
2984 5710 3130 5781 origo
3178 5710 3411 5767 omnium
3439 5729 3460 5766 :

1888 5801 2005 5839 cum
2029 5783 2281 5853 quidquid
2320 5796 2414 5852 per
2447 5798 2500 5838 se
2532 5791 2610 5838 est
2647 5783 2794 5852 origo
2833 5797 3032 5852 cauere,
3061 5784 3130 5838 sit
3165 5784 3326 5839 etiam
3366 5799 3461 5852 per
