4098 6292
633 272 704 336 43
1877 271 2154 336 LEONIS
2193 272 2655 336 PIIILOSOPHI
3837 271 3905 334 LI

629 381 756 450 tulit
788 381 845 439 in
875 379 1212 438 felicitatem.
1260 379 1454 438 Mulier
1487 387 1700 444 sancta,
1744 387 1800 434 et
1837 395 1996 451 pura,
2046 379 2217 453 virgi-
2248 384 2292 441 Α
2324 380 2427 435 fert
2462 381 2699 451 Virginis
2751 387 2961 446 uterus.
2999 379 3379 452 formaturque
3427 380 3497 438 de
3542 380 3907 452 sanguinibus

628 475 747 540 peis
765 489 796 531 e
827 471 1188 546 sanguinibus
1213 469 1411 528 Filium
1436 486 1755 544 procreans,
1775 486 2004 544 egenum
2040 473 2211 527 Adam

628 565 953 630 sublevavit,
982 564 1387 636 opulentissimi
1416 563 1548 622 Adae
1588 581 1654 621 ex
1698 581 1764 621 ea
1800 565 1938 632 nati,
1968 581 2090 636 qua:
2116 580 2212 620 cx-

631 660 802 721 terius
828 660 1048 716 videtur
1079 659 1290 730 inopia,
1321 659 1467 731 quod
1491 660 1598 715 vile
1621 669 1703 716 est
1727 660 1832 718 sibi
1866 660 2127 722 unientis,
2160 665 2217 712 et

627 748 744 803 suis
767 749 964 817 opibus
1011 757 1383 819 paupertatem
1438 750 1722 820 erigentis.
1765 748 1899 804 Nam
1940 751 2068 821 quia
2103 750 2214 805 Deo

631 840 836 917 placuit
859 849 1042 896 notam
1089 841 1269 896 facere
1303 841 1736 898 misericordiam
1788 858 1970 907 suam,
2007 843 2216 898 bonita-

630 939 737 988 tem
770 931 910 986 hanc
941 931 1132 986 effudit
1151 932 1388 998 abunde,
1418 940 1478 988 ut
1501 933 1896 998 seostenderet
1916 949 2024 988 non
2053 937 2218 990 modo

629 1023 896 1078 malorum
922 1030 1234 1077 nostrorum
1262 1039 1428 1080 sensu
1459 1026 1685 1090 moveri,
1711 1025 1805 1082 sed
1825 1025 1988 1082 etiam
2017 1027 2072 1080 in
2108 1027 2206 1081 ha-

633 1111 748 1166 bitu
785 1115 1095 1183 peccatoris
1135 1114 1461 1180 demissum,
1499 1132 1610 1188 quo
1645 1117 1762 1173 suis
1795 1118 2090 1179 virtutibus
2131 1134 2218 1175 re-

632 1203 871 1266 medium
901 1207 1076 1271 errori
1123 1207 1369 1274 afferret,
1421 1216 1474 1263 et
1509 1210 1822 1265 innocentia
1873 1225 1973 1266 sua
2003 1219 2215 1268 reatum

628 1296 804 1366 culpae
847 1296 1080 1355 deleret.
1119 1299 1352 1371 Propter
1390 1304 1493 1357 hoc
1537 1303 1698 1358 vulva
1737 1304 1882 1373 capit
1923 1319 2070 1369 eum,
2123 1305 2216 1376 qui

629 1387 782 1445 nulla
831 1404 894 1448 re
931 1391 1172 1462 capitur,
1203 1403 1257 1448 et
1309 1394 1508 1463 pannis
1554 1394 1872 1460 involvitur,
1925 1399 2020 1467 qui
2066 1407 2214 1453 tactu

626 1480 767 1536 liber
795 1492 900 1548 est,
930 1492 985 1538 et
1011 1483 1154 1540 labe.
1186 1485 1436 1556 Deusque
1474 1500 1600 1542 cum
1654 1497 1876 1543 errante
1924 1496 1979 1543 et
2026 1490 2215 1545 exsule

627 1570 972 1629 familiariter
1014 1586 1288 1644 versatur,
1335 1585 1393 1632 ut
1435 1577 1661 1634 reducat
1707 1579 1774 1633 ad
1825 1594 1947 1643 sua,
1994 1595 2216 1636 causam

628 1665 731 1736 rite
758 1675 811 1721 et
843 1669 1060 1739 egregie
1088 1671 1448 1734 transferens,
1485 1688 1606 1742 quae
1657 1688 1742 1731 me
1770 1675 2008 1745 propriis
2058 1675 2208 1732 sedi-

627 1760 732 1816 bus
763 1761 943 1830 ejecit.
973 1761 1049 1816 Ne
1077 1769 1128 1817 te
1155 1761 1335 1834 jactes
1374 1763 1440 1826 de
1472 1765 1685 1834 fraude,
1707 1767 1801 1837 qui
1839 1782 1936 1838 per
1963 1782 2082 1824 eam
2119 1783 2214 1839 ge-

626 1869 732 1909 nus
763 1854 1061 1909 humanum
1107 1855 1414 1926 subjecisti,
1455 1858 1872 1930 subjectumque
1917 1860 2070 1915 illum
2112 1859 2210 1916 tibi

622 1945 932 2011 reddidisti,
963 1948 1056 2018 qui
1083 1948 1148 2002 ad
1186 1951 1522 2022 regnandum
1548 1961 1770 2008 creatus
1810 1960 1950 2009 erat.
1993 1951 2199 2009 Nobis-

621 2052 743 2092 cum
790 2040 933 2095 Deus
980 2058 994 2096 :
1043 2058 1166 2096 cum
1212 2058 1396 2100 rerum
1452 2046 1638 2116 egenis
1684 2045 1997 2108 auxiliator.
2075 2063 2201 2102 cum

623 2131 1012 2199 impotentibus
1063 2131 1254 2200 fortis,
1306 2151 1432 2191 cum
1484 2137 1723 2193 redactis
1771 2139 1824 2192 in
1887 2138 2204 2196 servitutem

623 2221 900 2289 liberator,
936 2240 1034 2289 per
1055 2243 1218 2294 quem
1251 2229 1414 2284 etiam
1451 2229 1542 2284 fiet
1588 2239 1646 2284 ut
1692 2229 1936 2286 nefarius
1982 2242 2211 2287 venator

622 2313 741 2385 loco
771 2316 1066 2372 multarum
1094 2330 1284 2374 contra
1319 2336 1420 2376 nos
1461 2321 1658 2377 virium
1690 2339 1804 2379 sua:
1830 2339 2048 2394 quoque
2106 2339 2205 2395 po-

621 2406 806 2462 tentia:
836 2407 1328 2478 faciatjacluram,
1365 2412 1494 2466 dum
1531 2413 1568 2467 ii
1599 2430 1739 2484 quos
1787 2417 1906 2486 ipse
1952 2431 2014 2471 se
2049 2429 2206 2470 com-

622 2500 1021 2568 prehensurum
1074 2511 1295 2573 potente
1343 2521 1506 2560 manu
1552 2506 1710 2577 quasi
1759 2506 1974 2571 nidum.
2007 2522 2204 2578 supero

619 2591 840 2649 ltissime
862 2594 1183 2664 iactaverat,
1214 2596 1489 2654 Creatoris
1525 2614 1688 2653 manu
1730 2599 2036 2656 liberantur
2061 2641 2077 2667 ,
2109 2602 2205 2672 qui

617 2699 766 2749 nunc
799 2687 983 2744 infans
1020 2691 1196 2754 visus,
1229 2698 1284 2746 et
1333 2707 1514 2760 pravae
1543 2691 1752 2763 aspidis
1784 2692 2051 2748 foramina
2079 2709 2208 2763 per-

615 2785 893 2833 scrutatus
915 2790 1019 2845 est,
1047 2782 1500 2853 mortiferumque
1538 2788 1782 2842 enecavit
1819 2787 2011 2854 fetum,
2041 2798 2097 2844 et
2121 2790 2204 2846 vi-

620 2877 728 2920 tam
766 2868 1022 2937 universo
1065 2873 1250 2927 attulit
1272 2877 1495 2931 mundo.
1533 2875 1777 2947 Scitote,
1823 2892 1987 2934 omne
2029 2895 2204 2949 genus

621 2957 924 3026 hominum,
958 2962 1124 3019 Deum
1163 2966 1437 3022 hominem
1471 2967 1704 3036 factum,
1733 2979 1792 3025 ut
1821 2971 1926 3026 sibi
1959 2986 2055 3027 eos
2089 2971 2204 3025 alli-

2321 473 2442 542 ejus
2470 471 2684 543 Opil‘ex.
2707 472 3056 544 Quanquam,
3087 483 3140 529 et
3173 475 3292 530 alia:
3314 490 3438 530 sese
3465 472 3907 542 oﬂ'erentcausa',

2328 564 2528 635 quibus
2559 563 2637 620 rei
2661 561 2826 634 hujus
2852 563 3223 618 consideratio
3257 580 3364 618 non
3395 561 3771 635 perfunctorie
3797 561 3906 617 fiet.

2322 659 2481 713 Nunc
2506 673 2634 714 vero
2663 657 2998 728 cognoscite,
3036 655 3148 726 imo
3182 670 3311 710 vero
3342 669 3745 727 cognoscamus
3773 651 3909 708 Ver-

2321 751 2450 808 bum
2483 751 2536 806 in
2569 749 2798 823 praesepi
2847 749 3164 804 animalium
3195 745 3408 819 jacens,
3448 749 3563 819 qui,
3595 763 3785 803 errore
3814 745 3910 802 ab—

2323 843 2563 898 ducente
2605 843 2673 898 de
2719 841 2950 896 rationis
2990 849 3160 908 statu,
3198 855 3229 896 a
3263 837 3356 894 Dei
3394 841 3712 912 cognitione
3751 841 3910 911 longe

2325 937 2640 990 aberamus.
2675 933 2848 989 Abeat
2892 949 3066 1000 error,
3107 933 3199 1005 qui
3251 933 3520 988 hactenus
3564 933 3842 988 hominem
3877 947 3908 987 a

2325 1040 2427 1082 suo
2452 1025 2752 1082 Conditore
2800 1025 3065 1096 sejunxit,
3103 1033 3158 1081 et
3206 1024 3468 1080 honorem
3509 1022 3793 1080 Creatoris
3849 1031 3909 1078 ut

2323 1114 2544 1173 offerret
2572 1123 2840 1175 creaturae
2873 1114 3191 1184 suasit.Qni
3218 1117 3285 1171 ab
3323 1131 3430 1172 uno
3464 1131 3594 1172 vero
3617 1114 3728 1172 Deo
3757 1131 3910 1171 crea-

2328 1217 2505 1263 turam
2542 1209 2891 1276 abstrahens,
2927 1207 3105 1264 turbis
3135 1207 3361 1264 deorum
3413 1207 3906 1279 subjicichat,cum

2327 1315 2432 1354 non
2451 1299 2613 1355 modo
2640 1300 2758 1355 alia:
2778 1310 3047 1356 creaturae
3071 1302 3123 1356 in
3150 1301 3390 1357 divinam
3420 1300 3740 1372 dignitatem
3771 1299 3910 1354 male

2329 1393 2397 1448 ab
2429 1392 2742 1448 hominibus
2773 1385 3157 1460 eveherentur,
3190 1394 3284 1452 sed
3321 1391 3396 1448 illi
3431 1393 3537 1450 sibi
3575 1394 3740 1450 etiam
3767 1392 3908 1449 diviv

2329 1485 2556 1540 nitatem
2597 1485 2924 1551 tribuerent,
2958 1496 3014 1542 et
3049 1486 3275 1557 proinde
3311 1494 3600 1542 sexcentos
3630 1486 3912 1556 confinge-

2330 1584 2451 1630 rent
2501 1575 2676 1641 deos,
2725 1586 2780 1630 et
2835 1591 2974 1648 quos
3027 1577 3222 1633 liberet
3269 1577 3553 1634 divinitate
3617 1577 3909 1632 donarent.

2324 1666 2490 1734 Quasi
2523 1675 2797 1739 oporteret
2831 1681 2938 1721 non
2989 1667 3149 1722 modo
3180 1683 3282 1724 nos
3310 1683 3340 1722 a
3373 1665 3484 1724 Deo
3513 1667 3705 1737 procul
3735 1681 3860 1723 esse
3886 1707 3903 1734 ,

2325 1779 2513 1819 verum
2573 1764 2736 1820 etiam
2803 1763 3087 1833 tyrannice
3151 1760 3322 1822 Deum
3369 1764 3700 1835 Opprimere.
3764 1763 3908 1819 Proh

2330 1854 2585 1926 nequitiae
2611 1854 3021 1911 institutorem!
3063 1854 3158 1911 Ille
3189 1855 3260 1911 ab
3295 1855 3453 1912 initio
3491 1855 3595 1912 hoc
3627 1857 3912 1927 excogita,—

2321 1944 2417 2008 vit,
2446 1953 2506 2000 ut
2531 1943 2730 2001 similis
2775 1944 3063 2000 Altissimo
3098 1944 3274 2001 fieret.
3328 1945 3425 2002 Ille
3469 1946 3770 2014 hominem,
3798 1946 3914 2005 cla-

2320 2054 2441 2094 rum
2471 2038 2668 2094 divinae
2695 2037 2934 2112 dexterae
2959 2039 3339 2104 simulacrum,
3358 2056 3466 2095 non
3499 2041 3677 2097 solum
3703 2041 3911 2096 amanti

2313 2129 2596 2191 inimicum
2627 2127 2864 2186 reddidit
2908 2145 3004 2200 per
3057 2131 3548 2202 transgressionem
3595 2131 3906 2202 praecepti,

2317 2223 2412 2281 sed
2437 2222 2514 2278 illi
2549 2223 2712 2279 etiam
2761 2223 3102 2279 constituens
3141 2222 3541 2292 adversarium,
3571 2223 3912 2295 imitatorem

2315 2317 2400 2379 sui
2435 2315 2583 2382 fecit,
2624 2314 2930 2382 suadendo,
2961 2323 3021 2371 ut
3051 2315 3292 2372 divinam
3330 2317 3436 2373 sibi
3465 2317 3786 2389 dignitatem
3815 2331 3910 2382 ar-

2317 2412 2539 2482 riperet.
2573 2408 2637 2465 Et
2668 2410 2756 2465 bic
2785 2409 3005 2481 quidem
3049 2410 3187 2467 deus
3227 2419 3369 2477 erat,
3410 2411 3540 2482 quia
3576 2410 3732 2482 gravi
3771 2423 3910 2467 usus

2320 2518 2506 2566 manu,
2538 2501 2849 2573 tyrannidis
2887 2502 2963 2566 vi,
3007 2501 3132 2577 aliis
3173 2501 3533 2559 excellentior
3563 2502 3761 2559 evasit.
3810 2500 3910 2557 Ille

2315 2609 2444 2652 vero
2490 2598 2652 2660 deus,
2701 2595 2848 2665 quod
2901 2604 3184 2662 cruentus,
3228 2594 3624 2666 hominumque
3664 2594 3911 2650 caedibus

2313 2691 2566 2760 insignis,
2606 2706 2767 2746 manu
2822 2691 2924 2747 sibi
2959 2693 3024 2744 ad
3055 2689 3391 2746 fundendum
3441 2692 3762 2759 sanguinem
3800 2705 3904 2760 pa.-

2313 2783 2533 2838 ratiore.
2567 2784 2719 2840 Alius
2744 2798 2964 2854 quoque
3008 2782 3168 2847 deus,
3191 2783 3335 2853 quod
3386 2783 3499 2838 acri
3550 2782 3715 2838 fuerit
3749 2782 3905 2853 inge-

2311 2876 2424 2942 nio,
2457 2883 2512 2932 et
2542 2884 2738 2935 auctor
2777 2875 3014 2946 alicujus
3063 2874 3272 2931 inventi
3310 2874 3734 2931 admirationem
3785 2889 3905 2930 me-

2313 2971 2508 3024 ruerit.
2545 2964 2859 3023 Honoretur
2897 2975 2952 3024 et
2999 2967 3341 3033 muliercula,
3379 2967 3525 3037 quod
3570 2967 3752 3024 crines
3777 2975 3908 3037 apte

616 3065 713 3117 pes
747 3051 972 3119 faceret,
1002 3055 1092 3124 qui
1129 3054 1199 3110 ab
1246 3056 1367 3126 ejus
1424 3057 1686 3116 affinitate
1725 3061 2086 3128 deciderant;
2142 3075 2198 3117 ut
2225 3057 2270 3126 C
2301 3070 2550 3131 comptos
2574 3062 2964 3132 contorqueat,
2991 3069 3047 3116 et
3091 3062 3219 3128 alia,
3253 3061 3403 3132 quod
3445 3061 3680 3134 eleganti
3715 3061 3905 3132 specie

615 3148 855 3206 humana
887 3164 1043 3207 mens
1072 3151 1140 3207 ad
1185 3153 1327 3208 mala
1365 3156 1646 3226 proclivis,
1675 3173 1855 3228 neque
1886 3174 1951 3216 eo
1991 3167 2206 3225 tantum

616 3240 761 3296 malo
792 3240 1074 3309 laborans,
1108 3244 1203 3299 sed
1251 3261 1354 3310 nec
1399 3245 1567 3304 etiam
1599 3248 1845 3306 sentiens
1877 3251 1943 3304 ad
1975 3254 2114 3308 mala
2147 3269 2208 3318 se

617 3329 765 3394 ferri,
793 3345 970 3401 neque
1001 3348 1059 3388 se
1084 3335 1360 3389 dominam
1396 3339 1658 3394 motionis
1685 3349 1954 3406 statuens.
1984 3343 2076 3398 sed
2113 3345 2203 3412 ha-

618 3423 788 3477 benas
828 3437 1022 3478 omnes
1061 3440 1283 3480 sursum
1334 3428 1638 3495 trahentes,
1689 3433 1997 3492 excutiens.
2035 3435 2206 3492 veluti

613 3529 756 3570 onus
787 3523 844 3569 et
872 3515 1090 3584 pondus
1139 3519 1401 3581 otiosum,
1448 3520 1831 3578 circumducta
1884 3537 1982 3592 per
2026 3525 2204 3582 malo-

613 3618 736 3660 rum
769 3617 996 3673 carnpos
1026 3619 1055 3659 a
1086 3620 1272 3672 carne,
1305 3607 1466 3676 cujus
1499 3608 1616 3678 ipsa
1641 3609 1803 3666 debet
1828 3625 1949 3668 esse
1971 3614 2198 3686 auriga;

614 3695 751 3758 haec,
780 3695 1030 3766 inquam,
1069 3713 1224 3755 mens
1255 3698 1458 3756 divinae
1492 3703 1658 3757 menti
1688 3704 1859 3770 unita,
1891 3713 1949 3760 ut
1976 3709 2203 3765 sentiret

614 3791 668 3841 in
723 3789 810 3842 illa
845 3804 968 3859 quae
1009 3804 1169 3859 passa
1220 3791 1476 3856 fuerit,ct
1520 3809 1618 3864 per
1647 3795 1811 3863 hujus
1839 3812 2048 3868 vocem,
2077 3815 2200 3870 qua:

611 3886 834 3946 prepter
871 3881 1230 3935 reverentiam
1260 3882 1612 3946 exaudiretur
1643 3901 1671 3938 a
1698 3883 1950 3954 Parente,
1965 3895 2018 3949 et
2045 3891 2200 3946 auxi-

612 3970 744 4023 lium
779 3969 979 4025 divinm
1009 3971 1269 4027 bonitatis
1308 3974 1672 4044 experiretur.
1709 3977 1773 4032 Et
1800 3996 1932 4036 sane
1973 3982 2196 4051 quidem

609 4059 731 4121 sine
760 4074 930 4117 carne
978 4063 1143 4118 etiam
1173 4063 1338 4121 facile
1363 4076 1483 4120 erat
1513 4070 1816 4125 constituto
1849 4073 1902 4127 in
1937 4075 2198 4145 periculis

609 4161 875 4222 praestare
918 4154 1207 4226 auxilium.
1256 4155 1395 4224 Quid
1451 4158 1597 4213 enim
1661 4159 1768 4216 Deo
1821 4154 2038 4221 volente
2087 4183 2194 4224 non

610 4240 704 4297 fiat
729 4244 754 4298 ?
779 4243 916 4310 Quia
939 4253 1122 4301 tamen
1160 4262 1301 4316 opus
1328 4257 1448 4302 erat
1475 4264 1599 4303 eum
1635 4252 1728 4320 qui
1775 4265 2114 4321 peccaverat,
2143 4267 2200 4314 et

607 4349 670 4394 se
706 4338 850 4405 quod
892 4348 1180 4406 peccasset
1217 4353 1538 4408 agnoscere,
1591 4343 1931 4414 vocibusque
1980 4348 2196 4405 miseri-

607 4427 856 4482 cordiam
910 4428 1334 4499 implorantibus
1383 4432 1604 4501 expiare
1663 4444 1992 4504 peccatum,
2049 4441 2192 4509 quod

605 4534 765 4586 utens
791 4521 1034 4574 humana
1075 4537 1182 4578 non
1230 4532 1466 4593 poterat,
1491 4533 1551 4579 ut
1579 4541 1700 4596 quae
1733 4527 1784 4582 in
1824 4529 2047 4602 pelagus
2077 4533 2201 4589 vitae

604 4612 820 4670 ratione
866 4615 1109 4671 carentis
1152 4617 1439 4672 submersa
1484 4628 1642 4682 erat:
1679 4621 1889 4678 idcirco
1927 4632 2040 4687 tota
2079 4627 2198 4696 ipsa

603 4704 788 4760 divina
830 4722 985 4762 mens
1035 4707 1184 4763 unita
1231 4710 1471 4764 extrahit
1526 4711 1672 4766 illam
1717 4712 1787 4769 de
1838 4714 2081 4774 absurdo
2122 4719 2197 4774 ir-

606 4798 896 4856 rationalis
958 4802 1082 4855 vitae
1142 4811 1331 4866 statu,
1392 4803 1891 4878 deprecantemque
1942 4825 2043 4881 pro
2102 4812 2192 4868 illa

605 4904 792 4945 vocem
853 4893 1133 4959 emittens,
1188 4910 1285 4964 per
1345 4895 1428 4950 sui
1495 4899 1853 4954 reverentiam
1899 4901 2067 4970 facit,
2126 4916 2185 4962 ut

605 4984 874 5038 malorum
913 4985 1074 5041 nobis
1096 4987 1267 5044 series
1319 4989 1374 5044 in
1421 5005 1588 5060 opera
1625 4993 2015 5050 misericordiae
2041 4998 2186 5056 desi-

604 5083 716 5144 nat.
751 5075 962 5133 Idcirco
1005 5078 1315 5139 Divinitatis
1349 5082 1518 5153 (reor)
1567 5084 1749 5156 ignem
1785 5085 2190 5166 intolerandum

2299 3153 2536 3211 lascivos
2582 3154 2866 3225 deceperit
2911 3161 2965 3210 et
3013 3156 3300 3211 attraxerit
3361 3165 3657 3221 amatores,
3697 3161 3754 3211 et
3799 3169 3906 3226 pro

2301 3246 2550 3301 mercede
2569 3247 2867 3302 meretricii
2907 3246 3258 3319 laseivizeque
3282 3249 3352 3304 ah
3397 3249 3462 3303 iis
3496 3248 3768 3319 acceperit
3793 3263 3898 3306 nus

2300 3339 2499 3395 morari
2531 3340 2674 3395 inter
2702 3337 2860 3396 deos.
2892 3341 3048 3396 Alius
3094 3342 3200 3396 alia
3232 3342 3448 3397 ratione
3475 3342 3530 3398 in
3556 3343 3784 3398 deorum
3817 3343 3902 3399 al-

2302 3432 2434 3489 bum
2487 3433 2802 3490 ascribitur.
2857 3433 2934 3489 Ita
2987 3433 3260 3498 Saturnus
3308 3437 3596 3508 tyrannica
3641 3451 3805 3493 manu
3843 3437 3898 3492 in

2301 3532 2512 3596 patrem
2547 3526 2864 3598 insurgens,
2897 3543 3004 3582 non
3043 3528 3207 3584 modo
3237 3525 3468 3586 n'udavit
3511 3532 3765 3602 imperio,
3798 3529 3898 3586 sed

2304 3617 2649 3675 naturalibus
2679 3633 2899 3690 quoque
2931 3619 3171 3687 orbavit,
3205 3635 3267 3675 ea
3292 3622 3617 3691 praecidens,
3641 3637 3739 3691 per
3773 3638 3900 3692 qua:

2296 3711 2354 3765 in
2386 3709 2564 3765 lucem
2595 3719 2681 3766 est
2720 3711 2935 3784 editus,
2959 3720 3017 3767 et
3047 3713 3277 3784 proinde
3309 3727 3340 3769 e
3373 3713 3594 3785 tyranni
3627 3714 3900 3783 dignitate

2297 3807 2350 3861 in
2391 3803 2478 3860 dei
2530 3805 2872 3874 majestatem
2929 3816 3152 3861 evectus
3197 3814 3304 3860 est.
3345 3805 3424 3861 Ita
3474 3819 3777 3877 prognatus
3814 3821 3886 3862 ex

2296 3912 2364 3953 eo
2405 3894 2640 3968 Iupiter,
2684 3898 2895 3967 paterni
2938 3898 3108 3954 animi
3149 3899 3343 3964 haeres,
3381 3899 3546 3955 simili
3595 3899 3759 3956 modo
3804 3902 3894 3957 dei

2299 4004 2499 4046 nomen
2545 3991 2778 4046 sortitus
2815 4001 2918 4050 est.
2949 3991 3017 4046 Et
3057 3990 3199 4049 Mars
3240 3993 3466 4062 pariter,
3491 3991 3638 4063 quod
3683 4000 3894 4047 morta-

2296 4083 2428 4138 l-ium
2459 4085 2659 4152 stragis
2685 4092 2898 4146 auctor,
2933 4083 2986 4139 in
3016 4083 3246 4140 deorum
3292 4084 3543 4145 ordinem
3577 4095 3893 4155 cooptatus.

2294 4174 2360 4229 Et
2399 4174 2726 4239 Mercurius,
2757 4175 2906 4245 quod
2940 4178 3156 4232 caeteris
3185 4176 3406 4234 dicendi
3456 4188 3576 4248 arte
3609 4179 3894 4248 praecelle-

2297 4276 2404 4332 ret,
2439 4268 2554 4338 ipse
2588 4282 2810 4338 quoque
2840 4268 3159 4324 numinibus
3190 4270 3433 4325 insertus
3461 4277 3564 4326 est.
3597 4269 3896 4342 Dionysius

2300 4373 2522 4429 quoque
2541 4358 2687 4429 quod
2726 4360 2871 4415 roris
2908 4374 3003 4416 cor
3023 4359 3358 4417 emollientis
3390 4360 3472 4433 (ut
3506 4361 3728 4433 gentilis
3761 4363 3896 4434 qui-

2299 4449 2421 4504 dam
2472 4450 2738 4520 sapientia
2768 4452 2952 4506 clarus
2985 4451 3144 4522 dixit)
3185 4452 3438 4509 inventor
3469 4455 3655 4516 fuerit.
3681 4455 3898 4530 divinis

2297 4542 2599 4598 honoribus
2631 4542 2834 4614 dignus
2881 4550 2965 4598 est
3004 4545 3245 4601 habitus.
3285 4545 3429 4602 Sane
3469 4547 3584 4602 haec
3610 4549 3895 4618 allegoriis

2292 4641 2583 4704 contegere
2609 4648 2677 4687 ne
2717 4644 2986 4690 conentur
3019 4634 3282 4706 gentiles.
3319 4635 3618 4693 Saturnum
3649 4639 3702 4694 in
3733 4639 3894 4695 Tem-

2292 4741 2395 4796 pus
2419 4725 2781 4798 excipientes,
2808 4733 2861 4782 et
2904 4724 3189 4784 fabulosus
3222 4743 3406 4784 rerum
3444 4729 3703 4800 praesides
3727 4729 3894 4786 indu-

2293 4828 2506 4883 centes,
2540 4819 2636 4890 qui
2678 4819 2796 4878 heri
2844 4827 2898 4874 et
2939 4835 3114 4890 nuper
3135 4837 3261 4877 cum
3296 4832 3485 4879 essent
3523 4823 3796 4902 homines,
3831 4826 3892 4887 in

2293 4915 2427 4969 deos
2464 4913 2884 4970 translati'suut
2920 4933 2933 4970 :
2969 4929 3095 4973 nam
3134 4914 3214 4970 sic
3241 4917 3407 4972 etiam
3447 4901 3683 4972 absurda
3719 4901 3892 4981 nimis

2290 5018 2419 5065 sunt
2449 5024 2571 5079 quae
2601 5007 2926 5064 afleruntur.
2958 5009 3209 5066 Attamen
3234 5011 3303 5067 ad
3336 5011 3452 5068 hac
3485 5014 3584 5080 illi,
3614 5023 3674 5070 ut
3709 5017 3892 5072 bone-

2302 5100 2498 5180 stiora,
2540 5114 2883 5171 nequaquam
2924 5100 3266 5174 confugiant,
3297 5107 3394 5164 sed
3422 5107 3544 5163 sine
3568 5116 3892 5192 tegumenlq

2117 5226 2352 5318 Num.

601 5348 655 5408 ξς
706 5331 1462 5408 at'igo,_et_ca_tt_ae_causali;
1505 5340 1574 5394 ab
1631 5343 1869 5401 Ecclesia
1911 5347 2095 5406 Graeca
2131 5350 2184 5408 in

603 5401 823 5456 Menazis
848 5402 936 5475 die
970 5405 1041 5457 27
1071 5403 1215 5465 Maii,
1253 5404 1414 5474 Origo
1447 5425 1688 5466 verarum
1721 5416 1908 5470 mundi
1928 5401 2182 5475 1ιὶὶὶιῆιὶ

603 5484 753 5553 tant;
789 5474 909 5553 a8,
959 5476 1250 5553 attaSIasio
1277 5479 1709 5553 archiepiscopo
1753 5487 2094 5547 Λιιιῑοςιιρηο
2126 5474 2180 5548 in

799 5542 832 5595 2
875 5542 1831 5627 deéttunntiationetOrigoprima
1871 5542 2181 5627 (mit—ima?)

711 5611 922 5688 Joanne
949 5614 1282 5688 Damasceno
1310 5618 1362 5671 in
1400 5611 1616 5677 thae'is
1657 5611 1966 5682 Crrccornnt
1999 5611 2181 5688 dic’Ig

601 5680 722 5740 Jan.
787 5684 946 5760 Oriqo
1004 5686 1234 5740 omnium
1281 5693 1681 5763 mttwuitalum;
1731 5680 2179 5763 alrlnttocwent-io

2290 5369 2426 5431 papa
2490 5351 2576 5422 111,
2639 5370 2807 5431 serm.
2836 5355 2894 5431 λε
2942 5357 3009 5431 de
3034 5358 3328 5431 Assumpt.
3368 5358 3532 5431 Origo
3580 5361 3797 5426 salutis,
3829 5371 3884 5419 ιι

2293 5428 2592 5503 virtutum,
2619 5426 3300 5503 a__Jaco_ho_de_Yoragine
3340 5426 3756 5503 archiepiscopo
3787 5431 3886 5500 Ia-

2294 5498 2491 5574 nuensi
2548 5498 2602 5551 in
2650 5497 2858 5574 Mariali
2893 5498 2954 5554 L.
3002 5499 3083 5574 Μἒ
3117 5497 3294 5556 δεῇ-ιη.
3323 5502 3394 5574 *2.
3447 5497 3607 5574 Origo
3639 5497 3881 5562 omnium

2284 5569 2654 5640 gratiarum;_
2676 5568 2914 5640 denique
2964 5585 2992 5625 a
3053 5569 3265 5627 Joanne
3323 5571 3452 5629 Pico
3503 5568 3879 5632 Carthusiano

2283 5637 2381 5692 lib.
2427 5653 2441 5691 ι
2505 5639 2562 5692 in
2615 5638 2775 5694 Cant.
2824 5637 2947 5696 can.
3017 5643 3070 5698 2.

2706 5647 2947 5717 nt._can.
3017 5643 3070 5698 2.
3131 5641 3293 5714 Origo
3343 5645 3598 5701 bonorum
3635 5649 3877 5704 omnium

2285 5709 2567 5783 mundique
2592 5709 2850 5781 melioris.
