4124 6320
358 317 430 384 45
1197 319 1480 383 ORATIO
1506 322 1574 383 V.
1602 345 1670 356 -
1711 320 1792 381 IN
1832 319 2141 382 CHRISTI
2177 318 2696 381 NATIVITATEM
2728 319 2810 381 ll.
3565 323 3637 385 46

357 426 632 499 allegoriae
667 427 810 484 nuda
848 441 973 485 esse
999 427 1318 500 permittant
1351 445 1365 482 :
1397 444 1428 484 a
1460 428 1810 485 thnicihus
1845 431 1956 498 pri-
1982 429 2032 489 A
2057 441 2180 482 nem
2214 440 2601 497 personarum,
2630 423 2918 482 distinctio
2950 441 3172 498 quoque
3201 437 3521 483 naturarum
3547 445 3631 486 se-

360 523 464 578 mis
495 521 553 593 (ii
595 521 739 576 enim
771 519 1034 586 Saturno,
1077 521 1236 576 uxori
1266 529 1321 576 et
1355 521 1579 591 reliquae
1603 518 1821 576 familiae
1847 535 1948 576 au-

357 621 544 669 ctores-
568 611 738 679 fuere,
791 619 851 666 ut
879 611 951 666 dii
982 611 1414 684 nominarentur)
1433 612 1714 667 veritatem
1730 611 1947 666 discen-

357 711 462 766 tes,
492 704 586 774 qui
619 718 681 758 ex
715 704 1034 758 hominibus
1069 703 1252 773 primi,
1286 703 1399 758 aris
1438 709 1493 758 et
1521 701 1809 758 sacrificiis
1847 702 1948 758 ho-

362 805 620 851 norantes
651 796 776 850 illos
810 796 921 850 vita
953 793 1194 858 functos,
1235 794 1473 864 posteris
1519 793 1826 866 exemplum
1856 810 1942 850 reo

367 887 653 958 liquerunt
687 889 898 945 cultum
943 888 1012 943 iis
1056 887 1382 957 insipienter
1410 886 1713 942 deferendi.
1744 885 1945 942 Eodem

361 978 526 1048 plane
555 979 717 1035 modo
736 990 792 1036 et
822 979 1066 1037 Minerva
1084 981 1333 1038 crinibus
1368 981 1505 1036 bene
1539 980 1815 1036 contortis
1850 981 1949 1034 ha-

359 1073 521 1128 betur
552 1069 652 1144 pro
666 1073 786 1139 dea,
813 1068 1128 1146 quanquam
1153 1073 1474 1145 parentibus
1500 1088 1607 1127 non
1633 1072 1949 1129 illustribus

359 1176 665 1237 prognata;
708 1167 836 1224 licet
869 1183 990 1223 eam
1035 1166 1263 1238 gentiles
1297 1181 1330 1223 θ
1355 1179 1572 1222 summo
1611 1165 1817 1222 vertice
1856 1180 1952 1223 or-

360 1269 471 1315 tam
499 1267 769 1316 asserant.
820 1259 886 1314 Et
918 1257 1102 1316 Venus
1146 1258 1267 1314 loco
1298 1257 1544 1313 muneris
1574 1255 1676 1311 dea
1723 1255 1826 1310 fuit
1855 1247 1949 1312 eo—

361 1367 484 1406 rum
525 1350 807 1422 suii‘ragiis
853 1353 946 1422 qui
979 1367 1104 1406 cum
1149 1366 1215 1405 ea
1255 1347 1536 1404 libidinem
1567 1346 1900 1402 exercebant
1936 1367 1952 1404 :

358 1451 414 1500 et
452 1452 628 1498 ratum
659 1443 895 1499 habetur
936 1443 1240 1509 decretum,
1281 1440 1411 1512 quia
1461 1438 1689 1495 lascivis
1716 1436 1952 1508 placuit,

359 1535 508 1591 Pana
531 1549 775 1606 quoque,
801 1536 1146 1606 cornigerum
1191 1535 1285 1603 qui
1315 1532 1526 1603 primus
1556 1529 1786 1590 ,ovilium
1832 1528 1940 1583 dux

361 1627 486 1692 fuit,
518 1628 774 1699 legesque
813 1627 1104 1698 pastoralis
1159 1641 1307 1680 cura:
1359 1621 1624 1684 ostendit,
1655 1634 1865 1676 necnon
1899 1632 1951 1678 et

359 1719 542 1791 Apim,
560 1729 616 1774 et
644 1718 783 1784 lbes,
810 1726 864 1773 et
893 1728 1122 1774 caeteras
1138 1716 1344 1773 bestias
1369 1713 1536 1771 coetui
1555 1714 1780 1766 deorum
1811 1711 1951 1768 asci-

2058 519 2272 589 quitur,
2312 517 2418 575 sibi
2451 533 2670 589 quoque
2694 518 3066 585 adinveniant,
3111 519 3242 590 quid
3277 521 3476 591 cuique
3506 520 3636 575 insit

2057 621 2290 676 natum,
2316 619 2375 664 ut
2405 610 2485 666 sic
2508 608 2836 666 Trinitatem
2868 603 3141 681 fugientes
3174 611 3418 667 eamdem
3445 610 3635 665 multi-

2058 705 2284 774 plicent.
2325 701 2483 768 Quod
2526 703 2572 758 si
2612 703 2776 758 etiam
2823 718 2945 774 quae
2969 705 3200 760 diversae
3244 711 3372 758 sunt
3399 712 3651 766 naturae,

2066 795 2268 850 habent
2299 793 2458 862 plane
2474 806 2584 863 quo
2600 791 3011 863 distinguantur
3031 810 3060 847 a
3089 808 3148 849 se
3169 793 3424 853 invicem.
3447 807 3651 846 amen-

2057 885 2149 940 tia:
2180 883 2275 939 Dei
2305 893 2558 938 naturam
2593 883 2847 940 librantis
2875 884 3004 951 erit,
3050 885 3184 940 illud
3226 901 3442 956 quoque
3478 885 3634 951 dare,

2058 991 2166 1047 quo
2211 989 2374 1030 unam
2418 974 2540 1045 ejus
2581 984 2834 1030 naturam
2869 977 2927 1031 in
2956 984 3068 1032 tres
3110 976 3449 1034 discernunt.
3497 975 3630 1032 Nam

2057 1066 2358 1138 ingenitum
2397 1077 2452 1120 et
2498 1066 2746 1136 genitum
2790 1081 2901 1123 non
2940 1077 3026 1123 est
3050 1081 3150 1122 cur
3198 1066 3267 1122 ad
3311 1076 3634 1123 naturarum

2057 1156 2467 1214 distinctionem
2533 1164 2848 1228 proponant
2889 1174 2908 1213 :
2949 1155 3394 1228 quandoquidem
3444 1157 3530 1212 vel
3577 1154 3633 1210 in

2058 1251 2195 1322 ipsis
2219 1249 2539 1320 compositis
2563 1288 2581 1315 ,
2609 1258 2665 1305 et
2692 1249 3017 1305 divisionem
3059 1249 3475 1306 admittentibus
3519 1249 3636 1304 haec

2063 1356 2171 1396 non
2211 1348 2342 1397 sunt
2373 1347 2604 1396 naturas
2634 1339 3025 1411 distinguentia
3047 1377 3063 1404 ,
3096 1354 3274 1410 neque
3316 1339 3372 1393 in
3412 1337 3643 1393 diversa.

2060 1437 2273 1494 secant,
2305 1430 2453 1500 quod
2481 1445 2648 1486 unum
2680 1439 2785 1486 est.

2134 1517 2335 1576 Verum
2365 1519 2443 1575 illi
2471 1529 2780 1590 nugentur;
2818 1535 2920 1576 nos
2951 1530 3132 1576 autem
3165 1518 3426 1574 adeamus
3469 1516 3635 1572 Beth-

2060 1613 2198 1670 leem
2232 1615 2413 1686 magni
2436 1613 2653 1670 consilii
2679 1612 2860 1670 Patris
2883 1613 3147 1684 Angelum
3177 1617 3363 1668 nostra
3380 1611 3632 1665 indutum

2064 1705 2239 1760 forma
2278 1704 2667 1776 conspecturi,
2711 1719 2873 1776 quem
2921 1718 2989 1759 ex
3030 1711 3185 1759 utero
3224 1702 3464 1774 genitum
3507 1709 3633 1756 ante

361 1781 552 1876 scunt,
582 1827 888 1879 eorumque
920 1811 1238 1882 religionem
1283 1809 1443 1880 quasi
1474 1809 1702 1865 deorum
1740 1805 1955 1876 magni-
1984 1781 2032 1841 Β
2059 1797 2372 1855 Luciferum
2401 1833 2416 1862 ,
2452 1811 2597 1852 nunc
2635 1796 2898 1853 misertus
2932 1797 3138 1860 nostri,
3180 1797 3248 1851 de
3274 1803 3444 1850 matre
3477 1793 3631 1848 nasci

364 1899 594 1956 farciunt.
622 1899 724 1957 Cui
754 1899 918 1968 signa
955 1899 1119 1954 etiam
1164 1899 1312 1962 data,
1359 1912 1524 1953 causa
1559 1898 1632 1953 oh
1663 1911 1825 1968 quam
1854 1895 1952 1950 de-

362 1987 474 2042 lata
513 1995 596 2043 est
631 1986 709 2042 illi
749 1987 1012 2057 dignitas,
1056 1984 1263 2051 fistula,
1321 1992 1376 2040 et
1438 1999 1636 2048 cornu,
1668 1992 1722 2040 et
1753 1982 1950 2054 pedum

363 2077 716 2148 caprinorum
768 2076 1023 2132 mistura.
1072 2074 1247 2132 Osiris
1289 2089 1508 2145 quoque
1560 2074 1751 2131 eodem
1793 2073 1951 2129 titulo

365 2165 437 2223 ab
463 2166 534 2221 iis
557 2166 926 2230 renuntiatur,
945 2163 1206 2235 quoniam
1230 2162 1527 2220 calliditate
1547 2178 1681 2218 usus
1696 2176 1825 2218 suos
1849 2161 1950 2218 sibi

367 2255 556 2311 hostes
583 2255 802 2324 subegit
834 2254 978 2319 telis,
1006 2269 1116 2309 non
1139 2261 1200 2309 ut
1225 2261 1402 2319 erant,
1422 2254 1508 2308 sui
1529 2255 1788 2324 speciem
1825 2251 1952 2308 oﬂ'e-

366 2347 638 2411 rentibus,
680 2347 776 2404 sed
804 2347 1087 2403 veritatem
1123 2347 1307 2417 aliqua
1333 2362 1400 2402 ex
1421 2357 1575 2418 parte
1614 2346 1945 2402 celantibus.

367 2438 531 2496 Unde
573 2439 780 2495 factum
831 2447 892 2494 ut
939 2438 1098 2494 facile
1137 2441 1282 2510 capti
1332 2441 1464 2507 sint,
1499 2441 1697 2510 quibus
1737 2438 1950 2493 insidiae

365 2539 576 2604 paratae
597 2521 756 2587 erant
785 2546 853 2587 eo
898 2531 1044 2602 quod
1078 2532 1262 2587 dolum
1302 2548 1410 2587 non
1452 2532 1829 2603 cognoverint,
1880 2531 1954 2585 si-

366 2623 533 2695 bique
581 2638 691 2679 non
760 2623 1156 2687 consuluerint,
1206 2623 1301 2679 sed
1356 2623 1414 2678 in
1465 2622 1766 2692 periculum
1814 2635 1939 2677 sese

365 2723 585 2775 temere
631 2713 988 2783 conjecerint.
1047 2713 1241 2769 Verum
1298 2714 1353 2767 in
1407 2713 1494 2768 his
1534 2711 1748 2783 quidem
1790 2711 1954 2767 homo

365 2804 600 2859 vanitati
631 2804 966 2862 inserviebat
990 2843 1017 2870 ν
1055 2819 1119 2860 ea
1153 2803 1398 2860 sentiens
1437 2818 1560 2879 quae
1582 2802 1662 2859 illi
1691 2817 1723 2858 a
1749 2803 1949 2888 quibus

367 2897 435 2952 in
453 2898 772 2956 servitutem
799 2895 1056 2952 redactus
1089 2903 1231 2951 erat.
1260 2894 1448 2968 Neque
1471 2895 1617 2950 enim
1645 2894 1762 2951 fieri
1792 2900 1948 2965 pote-

372 3001 461 3047 rat
491 2991 627 3061 quin
657 2991 728 3056 is,
751 2989 847 3059 qui
866 3003 1064 3046 verum
1095 2985 1267 3042 Deum
1303 2987 1672 3057 iguoraverat,
1690 2985 1767 3041 ita
1798 2993 1946 3043 esset

373 3081 629 3147 affectus,
671 3090 730 3136 ut
759 3080 864 3136 sibi
897 3081 1031 3136 deos
1059 3085 1296 3145 crearet,
1331 3092 1432 3134 nec
1457 3075 1620 3152 linem
1651 3077 1821 3132 ullum
1848 3078 1944 3132 ha—

372 3177 528 3240 beret
561 3190 672 3244 prae
701 3174 1012 3246 ignorantia
1032 3214 1049 3240 ,
1084 3173 1180 3229 sed
1213 3171 1282 3228 ad
1309 3170 1606 3237 deteriora,
1627 3170 1776 3226 velut
1802 3172 1947 3226 unda

371 3267 671 3334 deﬂueret,
719 3264 929 3322 eifusus
966 3265 1077 3336 jam
1122 3280 1154 3320 a
1205 3265 1317 3319 veri
1359 3261 1606 3318 Numinis
1647 3262 1948 3332 agnitione.

369 3357 643 3414 (laterum
718 3355 1150 3412 administrantis
1207 3356 1391 3411 omnia
1467 3352 1932 3423 praepotentisque

372 3449 471 3505 Dei
522 3463 720 3503 munus
767 3455 887 3503 erat
913 3487 930 3512 ,
963 3445 1032 3502 de
1086 3446 1264 3502 salute
1309 3444 1396 3500 sui
1438 3442 1641 3514 opificii
1686 3443 1948 3514 cogitare,

375 3542 594 3612 sibique
619 3539 722 3596 soli
760 3539 1174 3600 convenientem
1215 3537 1445 3609 gloriam
1477 3551 1584 3591 non
1615 3537 1952 3607 permittere,

378 3646 442 3691 ut
467 3635 589 3690 aliis
610 3634 971 3696 tribueretur,
1008 3632 1102 3687 sed
1131 3631 1235 3688 sibi
1261 3630 1482 3702 quidem
1503 3644 1830 3700 recuperare
1854 3630 1955 3684 ho-

375 3744 568 3784 norem
599 3768 615 3792 ,
655 3726 801 3782 ferre
843 3739 974 3781 vero
1002 3725 1169 3779 etiam
1205 3738 1362 3794 opem
1405 3722 1613 3792 jacenti
1640 3722 1695 3776 in
1726 3719 1957 3777 summis

374 3817 639 3882 miseriis,
668 3816 761 3887 qui
793 3822 854 3870 ut
885 3814 1042 3870 beate
1065 3813 1305 3878 viveret,
1335 3821 1556 3867 creatus
1584 3819 1723 3867 erat.

448 3924 726 3992 Quoniam
765 3923 932 3994 igitur
962 3923 1036 3976 ita
1074 3921 1384 3977 faciendum
1423 3928 1575 3984 erat,
1611 3920 1773 3976 datur
1798 3920 1957 3976 nobis

379 4015 524 4072 Puer
555 4015 864 4070 aeternitate
912 4012 1193 4083 antiquior
1213 4053 1228 4075 ,
1259 4018 1314 4067 et
1347 4010 1604 4081 splendor
1632 4011 1820 4081 gloria:
1862 4026 1959 4065 no.

378 4103 526 4165 ctem
553 4108 679 4163 vitae
715 4116 920 4163 nostra
962 4106 1258 4168 illuminat,
1293 4114 1350 4158 ut
1394 4103 1662 4160 discussis
1700 4119 1797 4176 per
1837 4103 1958 4172 ejus

379 4202 568 4260 mdios
596 4201 892 4257 multorum
929 4198 1174 4254 tenebris
1218 4197 1445 4252 deorum
1471 4238 1491 4265 ,
1523 4212 1691 4251 unum
1733 4195 1958 4252 Deitatis

383 4295 567 4348 lumen
592 4292 647 4346 in
674 4291 851 4357 Patre,
885 4299 939 4346 et
976 4287 1140 4352 Filio,
1177 4298 1234 4343 et
1261 4287 1470 4359 Spiritu
1503 4295 1697 4343 sancto
1737 4287 1960 4356 conspi.

385 4396 673 4448 ceremus;
707 4395 811 4438 nec
857 4393 1220 4450 personarum
1265 4378 1619 4434 distinctione
1651 4390 1752 4431 nos
1785 4376 1954 4430 abdu~

2055 1892 2228 1946 voluit
2253 1932 2268 1956 ,
2310 1897 2518 1946 etcum
2558 1890 2747 1961 egenis
2787 1897 2843 1946 et
2877 1889 3077 1945 vilibus
3120 1888 3477 1953 conversari,
3518 1901 3633 1942 sine

2059 1981 2284 2053 gloriae,
2336 1980 2764 2050 divitiarumque
2823 1980 3117 2036 hatredem.
3170 1978 3629 2043 Consideremus,

2056 2088 2179 2142 quae
2235 2072 2305 2128 ibi
2361 2071 2532 2139 fiunt,
2591 2070 2814 2128 Matrem
2877 2085 3015 2126 nova
3067 2079 3252 2142 partus
3305 2069 3424 2141 lege
3472 2082 3631 2124 uten-

2056 2177 2163 2222 tem
2229 2164 2349 2235 (9),
2425 2164 2692 2220 infantem
2759 2172 2956 2219 natura
3035 2164 3154 2234 ipsa
3213 2163 3579 2233 antiquiorem
3612 2199 3628 2226 ,

2060 2258 2228 2312 Deum
2293 2258 2347 2313 in
2419 2258 2606 2313 fasciis
2663 2257 2969 2328 jacentem,
3027 2258 3083 2312 in
3142 2257 3426 2312 brutorum
3490 2269 3629 2326 prae-

2054 2349 2170 2420 sepi
2213 2350 2513 2405 immorans
2559 2347 2831 2416 Verbum,
2880 2358 2938 2404 ut
2981 2363 3081 2421 ego
3125 2349 3246 2404 vale
3299 2347 3490 2402 dicens
3540 2346 3628 2398 in—

2053 2441 2247 2499 stituto
2290 2443 2504 2505 vivendi
2538 2458 2690 2498 more
2705 2443 3016 2510 brutorum,
3040 2442 3278 2499 Verbum
3310 2455 3626 2512 agnoscam,

2052 2541 2107 2589 et
2134 2547 2258 2588 cum
2285 2548 2352 2589 eo
2381 2533 2541 2590 simul
2566 2533 2866 2603 quiescam.
2898 2533 3035 2589 Nam
3067 2533 3198 2606 quia
3225 2531 3455 2589 rationis
3495 2546 3630 2587 mea!

2055 2627 2308 2684 nobilitas
2331 2627 2391 2706 in
2418 2626 2685 2682 vilitatem
2727 2629 2945 2684 redacta
2971 2635 3113 2694 erat,
3141 2625 3382 2682 motibus
3413 2625 3630 2679 ratione

2053 2719 2372 2774 carentibus
2401 2717 2689 2789 subiugata
2716 2736 2731 2782 ;
2765 2719 2979 2790 subque
3007 2720 3312 2790 ponderosa
3355 2733 3522 2775 carne
3541 2715 3630 2790 ja-

2049 2807 2235 2872 cehat,
2280 2821 2407 2878 qute
2447 2807 2497 2861 ei
2543 2805 2835 2876 conjuncta
2878 2817 3030 2874 erat;
3079 2815 3137 2862 ut
3189 2808 3425 2864 sublime
3472 2805 3622 2863 illam

2051 2899 2302 2956 evelleret
2327 2938 2343 2963 ,
2379 2913 2602 2954 carnem
2649 2899 2756 2955 sibi
2787 2899 2905 2954 nnit
2938 2899 3172 2956 Verbum
3201 2899 3459 2964 Creator,
3489 2906 3549 2954 ut
3574 2907 3628 2956 et

2054 2991 2194 3045 ratio
2243 3004 2358 3045 suae
2418 2990 2689 3046 nobilitati
2743 2991 3160 3060 restitueretur,
3218 3001 3277 3047 ut
3339 3007 3471 3048 caro
3519 3007 3627 3046 non

2047 3083 2270 3138 omnino
2330 3083 2398 3138 ad
2452 3084 2559 3138 ima
2625 3081 2869 3149 feratur,
2931 3084 3130 3141 rationi
3192 3098 3389 3154 parens
3419 3125 3435 3150 ,
3506 3097 3626 3143 non

2055 3189 2241 3231 secum
2280 3175 2427 3231 illam
2457 3174 2792 3241 detrudens,
2835 3182 2891 3232 et
2933 3190 3058 3232 cum
3090 3175 3181 3232 illa
3216 3185 3433 3247 petente
3471 3191 3629 3247 supe-

2059 3266 2229 3337 riora,
2268 3267 2433 3323 simul
2475 3268 2802 3324 ascendens.
2833 3267 2951 3323 Huc
2986 3276 3194 3339 spectat
3221 3278 3464 3324 extrema
3502 3283 3629 3338 pauo

2059 3371 2242 3432 pertas
2271 3362 2391 3434 ejus
2416 3363 2510 3435 qui
2548 3373 2750 3418 terram
2784 3360 3058 3425 fundavit,
3086 3375 3187 3417 nec
3228 3369 3410 3416 tamen
3443 3359 3624 3415 locum

2060 3454 2293 3510 habebat
2334 3455 2390 3510 in
2425 3469 2536 3527 quo
2581 3455 2880 3520 habitaret,
2912 3458 3214 3525 ‘postquam
3251 3454 3308 3508 in
3351 3467 3415 3508 ea
3444 3451 3627 3506 diver-

2058 3545 2169 3601 sari
2199 3545 2395 3612 voluit,
2431 3546 2530 3602 sed
2560 3547 2833 3617 speluneze
2873 3538 3250 3617 excipiebatur
3273 3544 3512 3614 hospitio
3535 3557 3627 3598 so-

2059 3637 2236 3692 lamen
2264 3634 2573 3706 indigentim
2598 3638 2909 3707 praebentis.
2938 3637 2987 3692 0
3009 3654 3118 3699 res.
3148 3653 3271 3709 quae
3304 3651 3406 3691 nec
3458 3634 3625 3690 menti

2064 3743 2166 3784 nec
2213 3728 2395 3784 verbis
2427 3729 2788 3799 permittunt,
2839 3739 2897 3784 ut
2942 3745 3043 3785 suo
3087 3729 3385 3800 fungantur
3410 3727 3627 3785 oiIiciol

2061 3819 2182 3878 Non
2245 3828 2333 3877 est
2372 3820 2423 3874 ei
2474 3820 2625 3875 locus
2674 3823 2728 3874 in
2787 3827 2932 3876 terra
2996 3819 3288 3886 nascenti,
3342 3818 3435 3889 qui
3482 3817 3627 3872 illam

2062 3910 2227 3966 verbo
2251 3924 2351 3967 suo
2368 3909 2705 3993 progenuit!
2746 3908 3163 3980 Pratscpeillum
3195 3924 3294 3966 suo
3332 3909 3454 3964 sinu
3479 3909 3631 3963 exci-

2064 4003 2162 4074 pit,
2197 4003 2294 4074 qui
2340 4003 2592 4059 caelestes
2639 4001 2796 4058 sinus
2838 4001 3120 4071 expandit.
3169 4001 3436 4056 Caeterum
3481 4009 3624 4056 terra

2061 4095 2279 4166 quidem
2317 4086 2613 4165 hospitium
2659 4100 2824 4149 tenue
2865 4093 2993 4156 dat,
3026 4103 3080 4148 at
3111 4108 3242 4147 vero
3286 4095 3486 4148 coelum
3528 4107 3630 4146 an-

2067 4189 2282 4244 nuntiat
2312 4186 2506 4243 adesse
2548 4185 2862 4253 Dominum,
2905 4185 3118 4257 stellam
3152 4187 3297 4240 tubae
3321 4186 3439 4239 loco
3471 4183 3628 4253 adhi-

2065 4280 2232 4346 bens,
2273 4292 2396 4334 cum
2432 4277 2640 4332 videret
2677 4274 2878 4348 Regem
2909 4278 3282 4332 ministrorum
3315 4276 3493 4331 officio
3527 4277 3629 4330 de-

2063 4369 2339 4433 stitutum,
2368 4368 2596 4440 soloque
2637 4366 2833 4432 Matris
2872 4368 3130 4423 satellitio
3174 4367 3490 4438 fulgentem.
3520 4364 3628 4421 Vo-

383 4480 546 4530 ceute
571 4472 637 4528 ad
666 4473 896 4530 Deorum
947 4469 1374 4531 multitudinem,
1409 4482 1511 4522 nec
1545 4468 1756 4523 unitate
1786 4467 1949 4521 lumie
1984 4473 2026 4526 ι)
2057 4469 2144 4516 cat
2175 4470 2237 4517 ut
2276 4460 2538 4515 honorem
2587 4460 2837 4515 deferant
2897 4462 3338 4531 promptissimos
3385 4460 3452 4513 ad
3501 4459 3628 4514 obe~

385 4566 476 4623 nis
501 4573 725 4637 cogente
773 4572 832 4618 ut
859 4561 1261 4617 confundamus
1288 4573 1578 4630 personas.
1597 4557 1781 4628 Neque
1813 4559 1956 4613 enim

387 4671 618 4714 necesse
653 4664 738 4711 est
761 4664 838 4719 ut,
861 4653 1017 4723 juxta
1049 4666 1239 4707 manes
1264 4649 1623 4720 quorumdam
1656 4663 1958 4716 sermones,

386 4749 622 4808 alterum
672 4753 936 4813 sequatur
997 4757 1064 4795 cx
1121 4741 1366 4805 duobus,
1407 4740 1491 4794 vel
1534 4740 1797 4795 unitatem
1836 4754 1960 4794 cum

388 4839 637 4896 ternario
665 4837 1049 4907 multiplicari,
1069 4835 1149 4891 vel
1179 4845 1325 4889 certe
1354 4835 1656 4889 ternarium
1693 4833 1863 4904 redigi
1895 4833 1962 4887 ad

391 4928 681 4984 unitatem.
713 4923 833 4978 Non
863 4923 1010 4977 enim
1047 4923 1262 4986 unitas,
1311 4923 1405 4977 sed
1443 4936 1691 4990 personae
1723 4921 1960 4986 habent,

392 5026 454 5073 ut
488 5017 899 5073 distinctionem
934 5014 1132 5077 ferant,
1159 5029 1255 5084 per
1283 5028 1447 5084 quam
1485 5013 1644 5068 nobis
1679 5013 1964 5067 adoranti-

391 5110 498 5163 hus
521 5107 838 5163 Trinitatem
867 5105 946 5171 fit,
966 5115 1024 5160 ut
1046 5115 1200 5160 extra
1226 5104 1834 5161 unamdominationem
1868 5121 1964 5159 ne-

392 5213 671 5271 quaquam
700 5211 994 5269 vagemur;
1027 5203 1119 5250 aut
1153 5203 1301 5251 certe
1331 5195 1526 5265 quibus
1549 5195 1617 5250 ob
1657 5195 1963 5251 distinctio-

2055 4553 2314 4609 diendum
2357 4551 2561 4623 Magos,
2599 4561 2653 4606 et
2691 4552 2757 4606 ad
2811 4554 2914 4607 hoc
2964 4552 3142 4622 ipsum
3189 4551 3488 4607 venientes.
3526 4551 3630 4606 Eos

2058 4647 2223 4718 igitur
2253 4647 2527 4701 clamante
2559 4645 2787 4699 advocat
2829 4647 3024 4713 stella;
3065 4661 3250 4701 verum
3282 4652 3336 4701 et
3385 4652 3630 4714 pastores

2059 4746 2351 4809 properant
2383 4736 2578 4791 Natum
2610 4747 2934 4806 quaerentes,
2981 4738 3217 4808 indeque
3245 4739 3312 4793 de
3341 4752 3408 4792 eo
3445 4738 3632 4792 admo—

2063 4831 2185 4886 niti.
2223 4829 2452 4901 Oportet
2476 4831 2644 4894 enim,
2684 4839 2740 4885 ut
2768 4831 3084 4900 pastoribus
3126 4830 3321 4885 Pastor
3347 4830 3436 4885 ille
3467 4845 3634 4900 appa-

2068 4931 2207 4989 reat,
2244 4924 2337 4994 qui
2363 4923 2530 4987 venit,
2563 4930 2621 4976 ut
2659 4921 2924 4992 perditam
2956 4938 3111 4977 ovem
3149 4922 3391 4977 humeris
3418 4919 3634 4991 imposi-

2069 5022 2177 5066 tam
2211 5013 2517 5074 reduceret,
2549 5026 2712 5081 quam
2739 5010 2830 5064 ille
2867 5021 2925 5064 ut
2946 5020 3212 5080 quaereret
3245 5028 3390 5066 nunc
3410 5011 3632 5081 quidem

2069 5103 2288 5159 advenit
2315 5118 2345 5159 e
2375 5109 2535 5173 porta
2569 5115 2822 5170 egressus
2851 5100 3135 5170 obsignata
3180 5100 3314 5171 (i0).
3350 5100 3634 5155 Perveniet

2072 5211 2203 5251 vero
2230 5195 2393 5252 etiam
2425 5209 2599 5264 usque
2622 5192 2692 5246 ad
2724 5201 2907 5262 portas
2946 5191 3268 5256 inferorum,
3307 5207 3431 5246 cum
3461 5200 3644 5247 morte-

1892 5285 2128 5344 ΝΟΤίΕ.

466 5381 545 5453 (9)
573 5380 799 5437 Matrem
817 5397 974 5453 _r_tova
1010 5390 1195 5450 partus
1228 5380 1336 5453 lege
1367 5387 1618 5453 utentem.
1651 5377 1724 5453 De
1749 5379 1965 5453 novita-

395 5449 548 5524 tibus
591 5463 782 5524 parlns
816 5449 1056 5524 Virginei
1101 5449 1617 5524 pragclareomnino
1660 5449 1727 5524 B_._
1773 5449 1965 5503 Petrus

397 5519 649 5580 Damiani
699 5519 951 5578 sermone
978 5523 1041 5576 tl
1102 5519 1156 5576 et
1186 5519 1278 5585 6t;
1339 5519 1637 5582 Gregorius
1684 5519 1968 5589 Nyssenus

401 5593 633 5649 liontiiia
672 5594 753 5647 l5.
793 5596 847 5647 in
888 5593 1048 5647 Cant.
1071 5591 1139 5645 ad
1168 5590 1306 5645 illud
1339 5607 1352 5643 :
1399 5589 1632 5642 Dilectus
1664 5606 1808 5642 meus
1839 5606 1970 5642 can-

399 5665 584 5729 didus,
614 5673 662 5716 et
683 5663 1026 5728 rubicundus,
1056 5663 1252 5716 electus
1307 5675 1371 5714 ea:
1399 5659 1669 5724 millibus;
1698 5659 1758 5713 υ.
1785 5661 1969 5728 Augu-

401 5735 586 5790 stinus
619 5734 672 5788 in
705 5733 997 5801 psaldiOl,
1027 5731 1374 5802 superillud,
1408 5729 1610 5784 Similis
1643 5731 1816 5800 [actus
1856 5745 1974 5782 sunt

404 5805 668 5878 pellicano
704 5804 1044 5870 solitudinis;
1081 5801 1139 5859 ὃ.
1182 5801 1374 5858 Petrus
1404 5802 1775 5872 Chrysologus
1803 5814 1972 5855 scrin.

2065 5379 2170 5447 l5;
2212 5377 2514 5447 iliceardﬁus
2542 5392 2570 5430 a
2614 5377 2671 5432 S.
2705 5375 3000 5447 Laurentio
3045 5375 3138 5428 lib.
3178 5390 3208 5429 ι
3255 5373 3325 5447 de
3357 5373 3528 5447 Laud.
3564 5374 3651 5447 AB.

2066 5445 2299 5519 Virgin.,
2338 5455 2394 5502 et
2424 5446 2722 5503 Gnerricus
2775 5446 2962 5519 abbas,
2987 5460 3202 5519 _serm._
3246 5445 3416 5519 i,_de
3456 5445 3633 5519 Nativ.

2068 5513 2320 5581 Domini,
2385 5532 2620 5589 quorum
2677 5515 3121 5589 verbauadducit
3170 5513 3229 5568 P.
3295 5513 3635 5589 Theophilus

2069 5583 2814 5660 Raynaudus'in_Diptychis
2847 5583 3126 5651 Marianis,
3157 5593 3310 5655 parte
3344 5586 3395 5650 i,
3431 5596 3639 5654 puncto

2073 5661 2126 5726 7,
2152 5658 2310 5713 nunt.
2336 5658 2405 5712 '50
2423 5669 2474 5710 ct
2498 5658 2588 5711 3i.

2142 5729 2254 5801 (10)
2291 5727 2355 5801 E_
2379 5738 2537 5796 porta
2592 5727 3178 5801 egressusobsignata.
3244 5723 3638 5801 ltespicitALrn

2076 5796 2262 5856 noster
2293 5799 2358 5854 ad
2404 5796 2792 5870 portanrillaut
2814 5796 3053 5853 clausam
3096 5812 3258 5852 uuam
3279 5797 3378 5852 soli
3405 5796 3648 5855 principi.
