4124 6320
427 294 497 357 47

1674 293 1950 354 LEONIS
1982 290 2442 355 PHILOSOPHI

3613 279 3688 344 48

431 406 546 468 fera
593 402 684 459 illa
733 401 918 459 omnia
959 401 1259 459 devorante
1297 401 1686 459 dimicaturus.
1735 402 1843 458 Sed
1884 405 1998 458 hare
2026 403 2234 464 Asane
2301 405 2740 475 consanguineus
2819 416 3022 466 nemo,
3097 399 3201 456 sub
3269 398 3388 470 lege
3459 394 3689 451 consti-

430 496 817 569 postea.Nunc
847 511 974 552 vero
993 495 1309 566 fugiendum
1335 497 1412 552 illi
1441 507 1527 553 est
1563 499 1620 554 in
1649 497 1780 569 ipsis
1813 498 2002 554 fasciis

432 602 653 646 summa”
669 589 786 659 ipsa
812 588 1206 653 exinanitione,
1235 605 1343 643 non
1365 589 1485 646 sine
1506 603 1605 644 sua
1623 589 2004 648 exinanitione

433 688 707 738 manente.
737 677 858 734 Jam
892 682 1092 750 quippe
1121 679 1363 737 Herodes
1405 680 1592 738 furore
1638 684 2006 754 corripietur,

433 781 489 828 et
506 773 756 827 victimas
779 772 852 828 ob
869 771 1132 828 infantem
1160 784 1344 827 natum
1371 774 1606 831 infantes
1624 775 1896 831 Bethleem
1929 776 2009 830 fa-

432 863 561 930 ciet,
588 878 841 934 caesaque
869 872 1030 920 aetate
1076 865 1212 920 adeo
1241 875 1450 928 tenera,
1497 881 1567 920 ne
1615 866 1836 937 quidem
1874 869 2008 936 quid

435 955 932 1025 agatursentiente,
952 954 1184 1026 intirget
1201 955 1464 1028 gladium,
1478 963 1533 1010 et
1551 972 1776 1026 regnum
1792 957 1896 1012 erit
1919 973 2015 1030 oc.

435 1049 675 1103 cisorum
697 1047 929 1102 crimen.
945 1045 990 1100 0
1009 1057 1268 1112 mentem,
1287 1058 1343 1102 et
1356 1046 1534 1103 ferino
1549 1047 1912 1103 crudeliorem
1932 1048 2013 1102 in-

435 1128 619 1207 genio!
639 1135 838 1192 Statim
857 1136 1107 1193 videlicet
1121 1136 1304 1192 infans
1317 1147 1562 1195 assumet
1579 1140 1683 1195 sibi
1700 1140 2012 1216 imperium,

438 1236 494 1282 et
528 1226 758 1298 privabit
797 1225 1006 1297 regno?
1047 1225 1338 1296 Propterea
1366 1228 1564 1285 timens
1600 1229 1780 1287 effuso
1816 1230 2017 1300 gaudet

438 1319 728 1388 sanguine.
780 1318 862 1372 An
898 1331 1028 1371 vero
1065 1333 1180 1373 non
1224 1318 1276 1374 id
1311 1320 1552 1391 cogitat,
1593 1321 1690 1377 sed
1724 1330 1784 1376 ut
1831 1321 2015 1378 futura

441 1416 766 1478 prmcaveat,
792 1407 1154 1479 iugulandum
1182 1410 1460 1466 existimat
1501 1411 1846 1467 immaturam
1879 1419 2016 1470 mta-

441 1508 576 1568 tem,
596 1515 759 1570 quam
789 1502 844 1556 in
874 1517 1030 1559 suam
1061 1510 1270 1569 metens
1293 1505 1591 1574 perniciem
1618 1520 1730 1561 non
1754 1506 1905 1561 illum
1931 1508 2022 1563 de-

441 1599 609 1652 metet
656 1608 818 1664 quem
871 1595 1088 1666 quaerit.
1128 1593 1265 1650 Cum
1313 1596 1361 1651 si
1389 1589 1761 1666 'opportunum
1807 1608 2022 1670 tempus

440 1692 818 1751 exspectasset
841 1683 986 1753 quod
1033 1686 1108 1740 illi
1132 1685 1272 1742 forte
1297 1686 1540 1744 dedisset
1561 1696 1618 1742 ut
1655 1692 2025 1762 comprehen-

443 1771 598 1847 deret
624 1789 785 1843 quem
815 1776 1132 1844 quaerebat,
1166 1785 1299 1834 tunc
1341 1794 1468 1835 eum
1497 1796 1528 1836 e
1557 1781 1740 1838 medio
1776 1785 2036 1840 sustulis.

446 1874 554 1919 set.
586 1863 744 1921 Nunc
771 1881 902 1921 vero
937 1868 1139 1922 mirum
1175 1885 1300 1925 cum
1337 1879 1509 1937 esset,
1541 1873 1587 1928 si
1628 1874 1721 1944 qui
1761 1877 2040 1944 quaereba-

446 1965 538 2012 tur
572 1972 682 2013 non
710 1959 983 2027 latuisset,
1013 1961 1086 2017 ob
1129 1962 1207 2018 rei
1238 1964 1634 2022 obscuritatem
1672 1968 2036 2025 nihilominus

449 2053 725 2118 turbatur,
753 2054 1040 2125 etplanum
1077 2057 1134 2111 lit
1156 2057 1419 2115 omnibus
1437 2058 1592 2114 illum
1609 2059 1867 2127 delirare,
1892 2063 2038 2131 quod

449 2142 687 2205 infantes
723 2160 880 2216 mque
913 2161 1106 2230 omnes
1140 2146 1345 2205 affatim
1371 2160 1697 2221 persecutus
1724 2155 1817 2216 sit,
1839 2170 2036 2225 quem-

451 2235 747 2296 admodum
795 2237 1000 2295 rabiosi
1027 2255 1196 2296 canes
1234 2257 1391 2313 mque
1438 2259 1634 2301 omnes
1666 2246 1859 2303 obvios
1900 2247 2035 2302 adu-

450 2325 690 2381 riuntur.
718 2326 1105 2384 Amentissime
1131 2329 1415 2392 hominum
1436 2371 1452 2396 ,
1482 2347 1632 2387 nunc
1662 2341 1717 2388 te
1758 2335 2038 2405 promittis

454 2415 660 2471 iturum
699 2416 769 2472 ad
798 2417 1140 2474 adorandum
1167 2460 1184 2488 ,
1223 2429 1282 2476 et
1310 2437 1457 2478 nunc
1487 2424 1812 2495 sanguinem
1831 2419 2034 2495 potare

455 2505 655 2575 optasl
697 2505 807 2562 Sed
854 2507 1174 2566 omittamus
1216 2510 1371 2568 illum
1415 2512 1471 2568 in
1499 2527 1599 2569 sua
1631 2514 1869 2581 insania,
1905 2526 2034 2572 ante

457 2609 756 2665 magnum,
821 2611 1030 2667 proque
1093 2600 1352 2657 universo
1417 2603 1623 2658 mundo
1683 2606 2033 2661 mactandum

460 2689 938 2759 Agnum,'hestias
958 2691 1253 2748 caedentem
1285 2709 1386 2765 pro
1412 2695 1504 2750 illo
1537 2705 1747 2762 nectas,
1777 2705 1838 2753 ut
1869 2699 2033 2755 etiam

460 2785 646 2833 tenera
677 2787 811 2834 tetas
851 2777 1145 2834 infantium
1176 2796 1287 2837 non
1333 2792 1486 2839 esset
1516 2785 1778 2842 immunis
1805 2786 1874 2842 ab
1903 2787 2034 2842 olfe-

463 2867 635 2922 rendo
671 2883 915 2936 munere,
938 2869 1034 2924 sed
1064 2869 1183 2940 ipsa
1223 2886 1442 2943 quoque
1462 2872 1681 2930 offerret
1710 2876 2034 2947 sanguinem

463 2959 579 3014 Deo
612 2973 644 3012 e
682 2960 1042 3030 virginalibus
1093 2970 1218 3018 orto
1262 2966 1662 3036 sanguinibus,
1698 2976 1870 3039 utque
1910 2954 2038 3040 pue-

2113 586 2221 642 fert
2269 625 2288 652 ,
2352 586 2450 642 sed
2535 585 2918 641 adorationem
2972 579 3349 654 praeripientes

2115 688 2350 750 cognato
2415 681 2684 752 sanguine
2719 718 2735 744 ,
2801 688 2856 736 et
2943 683 3157 746 gentem
3246 673 3317 727 ab
3393 669 3519 725 aliis
3587 682 3698 732 se-

2115 505 2264 552 tutus
2290 533 2310 563 ,
2361 495 2498 567 Regi
2574 494 2960 549 universorum
3046 491 3243 547 infanti
3303 502 3524 545 munera
3602 482 3694 540 of-

3427 576 3591 633 alieai
3660 587 3696 628 a

2118 777 2378 840 gregante
2433 768 2572 842 lege,
2615 768 2753 840 Magi
2803 784 2868 825 ea
2916 767 3068 826 dant,
3112 761 3597 834 presignilicantes
3639 758 3700 812 in

2119 865 2318 933 seipsis
2361 860 2481 919 fore
2524 870 2582 917 ιιι
2633 871 2821 934 gentes
2871 864 3204 932 pmvertant
3235 854 3387 925 legis
3433 853 3702 920 cultores,

2119 964 2176 1011 et
2222 969 2322 1025 per
2367 954 2515 1010 rivos
2570 953 2854 1024 sanguinis
2910 953 3252 1024 propinquos
3299 948 3594 1014 Hebraeos,
3643 947 3703 1002 in

2123 1047 2476 1125 agnoscendo
2525 1042 2916 1118 adorandoque
2955 1045 3102 1116 Rege
3146 1045 3242 1102 illo
3289 1043 3382 1115 qui
3421 1055 3600 1106 nunc,
3640 1045 3706 1094 ut

2124 1141 2348 1206 dltaret,
2379 1140 2446 1194 ad
2478 1153 2749 1196 summam
2781 1137 3003 1194 devenit
3044 1137 3311 1208 inopiam.
3353 1135 3398 1190 Α
3419 1132 3621 1205 quibus
3647 1136 3708 1185 et

2127 1231 2254 1290 ﬁdei
2287 1233 2682 1296 sinceritatem,
2716 1237 2772 1287 et
2810 1238 3030 1302 gratum
3054 1229 3270 1302 piorum
3315 1242 3540 1298 operum
3570 1224 3712 1281 odo-

2126 1340 2266 1391 rem,
2305 1332 2361 1380 et
2403 1331 2650 1379 motuum
2685 1322 2874 1378 carnis
2923 1322 3365 1391 restinctionem,
3408 1318 3576 1374 veluti
3605 1331 3710 1372 au-

2125 1433 2273 1481 rum,
2308 1427 2356 1472 et
2396 1416 2547 1479 thus,
2570 1423 2626 1471 et
2651 1415 2930 1487 myrrham
2958 1415 3210 1484 accipiet,
3241 1413 3442 1484 quibus
3468 1411 3575 1465 dux
3601 1406 3713 1464 erit

2131 1509 2198 1564 ad
2237 1508 2576 1564 adorandum
2627 1506 2892 1577 aﬂulgens
2927 1506 3338 1577 pradicationis
3387 1501 3712 1574 splendidus

2131 1599 2347 1662 Oriens,
2384 1615 2482 1669 per
2519 1599 2732 1655 stellam
2769 1599 3048 1670 Magorum
3079 1614 3225 1661 nunc
3259 1597 3456 1651 ducem
3493 1609 3712 1665 praeno-

2136 1700 2303 1748 tatns.
2345 1690 2505 1746 Modo
2527 1689 2673 1745 enim
2707 1689 2878 1760 fugiet
2909 1689 2990 1745 ira
3025 1688 3297 1759 percitum
3337 1685 3632 1754 Herodem,
3660 1689 3718 1738 et

2130 1786 2430 1856 excipietur
2455 1782 2710 1854 Egypto,
2746 1791 2860 1836 tum
2889 1790 2948 1836 ut
2984 1781 3289 1849 beneficum.
3343 1779 3434 1833 illa
3465 1776 3716 1848 recipiat,

2134 1893 2295 1950 quem
2324 1877 2518 1932 habuit
2546 1877 2673 1932 olim
2718 1876 3056 1946 punitorem,
3090 1881 3202 1927 tum
3235 1879 3293 1927 ut
3319 1870 3468 1926 aliud
3499 1875 3714 1940 myste-

2133 1967 2274 2022 rium
2329 1967 2430 2020 hac
2483 1963 2772 2035 praesentia
2825 1969 3068 2024 notetur,
3114 1959 3421 2017 visitandos
3458 1957 3715 2013 videlicet

2136 2074 2251 2123 cos,
2284 2057 2376 2127 qui
2416 2057 2646 2126 spiritali
2681 2054 2996 2111 serviebant
3041 2053 3296 2124 Egypto,
3319 2058 3374 2107 et
3409 2049 3540 2107 inde
3576 2049 3718 2105 libe-

2137 2151 2366 2216 randos,
2414 2150 2507 2220 qui
2560 2149 2844 2204 ductorem
2881 2162 3006 2201 eum
3042 2154 3371 2215 sequentur,
3403 2142 3496 2214 qui
3536 2139 3724 2197 infans

2133 2242 2496 2313 conspicitur.
2543 2238 2803 2296 Fortasse
2834 2236 2998 2293 etiam
3032 2236 3157 2308 fuga
3192 2236 3421 2290 infantis
3445 2234 3498 2288 in
3530 2232 3706 2305 Egy-

2136 2348 2310 2406 plum,
2336 2332 2642 2405 symbolum
2671 2339 2790 2387 erat
2812 2331 3126 2401 migratum
3153 2325 3222 2382 ad
3255 2335 3443 2397 gentes
3457 2324 3726 2380 doctrina

2133 2426 2484 2498 evangelicae.
2521 2423 2675 2480 Sicut
2698 2423 2844 2477 enim
2868 2420 3034 2491 index
3068 2434 3164 2475 rex
3192 2417 3263 2473 ob
3291 2425 3480 2471 natum
3509 2414 3724 2475 insanig

2133 2535 2385 2593 puerum,
2405 2519 2479 2572 ita
2502 2515 2689 2571 affines
2705 2515 2780 2570 illi
2801 2513 2872 2569 ob
2893 2512 3184 2568 ainentiam
3216 2507 3411 2573 Judaei,
3434 2507 3716 2563 exoriente

2132 2627 2227 2686 per
2260 2611 2500 2680 linguam
2532 2607 2926 2678 discipulorum
2957 2602 3346 2675 praedicatione
3368 2597 3726 2671 evangelica.

2135 2706 2322 2765 furore
2349 2701 2734 2772 corripiantur,
2765 2706 2821 2753 et
2849 2694 3235 2768 aggrediemur
3271 2691 3490 2763 quidem
3515 2703 3723 2744 cruen-

2132 2796 2207 2853 tis
2234 2793 2432 2850 animis
2461 2786 2875 2864 praedicationis
2918 2801 3142 2842 cursum
3184 2781 3576 2852 comprimere,
3621 2775 3720 2834 sed

2134 2885 2271 2945 nihil
2307 2883 2563 2941 efficient.
2612 2878 3000 2937 Verumtamen
3037 2877 3090 2932 in
3143 2872 3397 2944 praesenti
3444 2867 3722 2925 nefarium

2137 2976 2407 3034 Herodem
2441 2974 2655 3045 fugiens
2686 2969 2970 3027 contendit
3011 2969 3066 3024 in
3097 2959 3418 3038 Egyptum.
3450 2960 3718 3018 Postmo-o

465 3049 554 3104 rili
585 3051 821 3106 amentia
858 3051 1222 3108 laborantium
1263 3056 1371 3112 Deo
1401 3056 1752 3114 inimicorum
1773 3100 1789 3124 ,
1819 3062 1912 3130 qui
1946 3075 2045 3115 nec

2148 3068 2278 3124 dum
2334 3081 2466 3124 vero
2525 3079 2788 3120 manuum
2854 3061 3214 3119 scelestarum
3277 3052 3542 3116 audacia,
3589 3051 3742 3105 inter

465 3143 723 3202 tibiarum
747 3159 938 3214 sonos,
970 3160 1076 3202 nec
1099 3146 1336 3206 lamenta
1365 3150 1633 3216 audiunt,
1676 3159 1738 3207 ut
1789 3153 2056 3225 scriptum

467 3235 673 3306 inquit,
706 3237 763 3291 in
801 3251 905 3293 suo
932 3236 1180 3307 ipsorum
1227 3239 1498 3309 sanguine
1540 3240 1900 3313 praesignaret
1934 3257 2056 3314 per-

468 3325 673 3386 niciem
695 3369 711 3393 ,
746 3345 914 3399 quam
942 3339 1143 3402 sponte
1169 3332 1389 3390 obirent
1411 3373 1428 3401 ,
1470 3335 1659 3392 occiso
1689 3350 1786 3408 per
1814 3333 2058 3392 furorem

471 3418 928 3478 debacchantium
956 3421 1106 3496 Rege
1127 3425 1395 3495 gloriae.“
1416 3441 1642 3485 suarum
1673 3429 1820 3500 passi
1845 3431 2060 3484 anima-

473 3525 597 3566 rum
619 3512 933 3584 iacturam:
968 3515 1223 3584 quamvis
1253 3531 1362 3574 non
1401 3533 1501 3588 pro
1535 3517 1765 3582 illo,sed
1790 3502 1871 3576 ob.
1899 3533 2058 3574 suam

475 3602 580 3670 ipsi
618 3603 865 3669 rabiem,
897 3619 1008 3675 qua
1038 3606 1122 3661 usi
1165 3607 1220 3662 in
1249 3621 1376 3662 eum
1427 3615 1592 3674 sunt,
1619 3620 1677 3664 et
1711 3619 1974 3674 mortem,
2007 3613 2063 3664 et

479 3694 776 3763 perniciem
811 3695 1218 3751 sustinuerunt.
1244 3695 1311 3751 Et
1333 3696 1452 3753 haec
1470 3697 1689 3766 quidem
1711 3699 2065 3754 considerare

480 3783 605 3839 licet
639 3784 708 3841 de
743 3787 891 3841 caede
923 3787 1217 3842 infantium
1265 3805 1427 3846 suum
1459 3775 1806 3849 offerentium
1837 3793 2064 3862 sangui-

481 3891 630 3930 nem.
662 3877 734 3934 At
758 3895 888 3935 vero
931 3878 1085 3951 Medi
1109 3881 1211 3936 rite
1245 3884 1491 3952 agnitum
1527 3883 1799 3941 honorent
1830 3882 2058 3956 Regem,

483 3967 846 4040 congruentia
910 3969 1075 4027 rebus
1131 3971 1426 4029 offerentes
1473 3989 1747 4041 munera,
1802 3983 2064 4046 tanquam

486 4055 622 4128 Regi
654 4068 707 4114 et
739 4057 874 4126 Deo,
912 4065 1239 4135 mortalique
1271 4065 1337 4120 ad
1387 4065 1722 4122 oﬂerendam
1753 4067 1956 4128 mundo
1981 4067 2066 4123 vi-

486 4155 598 4206 lam
626 4189 642 4212 ,
674 4165 809 4204 auro
833 4191 848 4214 ,
881 4154 1042 4208 thure
1087 4163 1144 4210 et
1189 4155 1412 4229 myrrha
1457 4156 1718 4212 honorem
1756 4158 2068 4228 implentes.

490 4237 598 4294 Sed
621 4241 690 4295 ad
721 4243 856 4305 haec.
883 4239 940 4298 et
971 4245 1133 4300 aliam
1164 4246 1392 4302 subesse
1421 4247 1476 4303 in
1509 4246 1829 4303 muneribus
1873 4255 2070 4304 notan-

489 4329 613 4385 dam
655 4333 888 4403 inspicio
935 4337 1410 4404 significationem.
1466 4337 1696 4395 Videtur
1737 4340 1882 4395 enim
1933 4340 2068 4396 mihi

2154 3166 2401 3215 mortuos
2429 3153 2812 3210 numerabitur
2837 3189 2855 3216 ,
2891 3146 3116 3218 quando
3142 3143 3464 3199 Scribarum
3494 3147 3551 3194 et
3588 3136 3737 3191 Pha-

2165 3247 2453 3304 risaeorum
2485 3251 2706 3301 caterva
2737 3240 2961 3296 tendent
2994 3239 3047 3292 in
3076 3249 3223 3295 eum,
3250 3232 3342 3303 qui
3373 3229 3522 3287 venit
3552 3227 3620 3282 ad
3656 3225 3743 3282 fe-

2156 3337 2383 3394 rendam
2427 3334 2684 3397 salutem,
2716 3329 2967 3385 insidias.
3005 3323 3138 3390 Quae
3185 3330 3245 3376 ιιι
3288 3321 3344 3376 in
3398 3333 3539 3389 opus
3585 3316 3743 3374 abie-

2154 3430 2290 3494 rint,
2345 3426 2581 3482 efiicient
2626 3431 2684 3478 ut
2726 3419 3022 3476 oblationis
3060 3415 3397 3470 medicorum
3451 3421 3743 3463 munerum

2154 3517 2483 3589 significatio
2510 3529 2670 3569 suum
2696 3512 2964 3567 sortiatur
2996 3510 3182 3567 finem,
3214 3519 3338 3560 cum
3366 3502 3484 3572 ipse
3510 3500 3738 3571 myrrha

2158 3609 2468 3676 rondietur,
2490 3615 2550 3660 ιιι
2574 3603 2842 3669 mortalis,
2867 3609 2928 3656 ut
2953 3613 3084 3655 vero
3115 3597 3278 3653 Deus.
3313 3603 3527 3664 gratum
3557 3591 3742 3645 incor-

2157 3701 2430 3772 ruplionis
2475 3699 2699 3753 odorem
2755 3693 2968 3751 mundo
2998 3689 3304 3752 diﬂ'undet,
3337 3696 3640 3757 gentesque
3689 3688 3748 3737 et

2155 3794 2396 3867 gentium
2432 3789 2739 3847 oblationes
2772 3786 3054 3856 suscipiet.
3090 3781 3294 3836 Verum
3330 3780 3443 3834 haec
3477 3792 3579 3833 suo
3602 3784 3744 3830 tem-

2157 3901 2290 3958 pore
2323 3882 2474 3938 lient.
2521 3879 2677 3934 Nunc
2717 3885 2900 3932 autem
2947 3889 3069 3945 qum
3115 3881 3246 3928 sunt
3288 3870 3576 3944 praesentis
3612 3882 3749 3938 aga-

2159 3992 2317 4042 mus,
2375 3981 2432 4029 et
2470 3971 2755 4044 proposita
2802 3967 2966 4023 nobis
3022 3973 3350 4020 tractemus.
3403 3960 3751 4018 Honoremus

2161 4064 2377 4121 Domini
2417 4061 2793 4124 Nativitatem,
2845 4055 3174 4113 festinemus
3222 4053 3289 4108 ad
3339 4050 3636 4107 videndum
3692 4047 3750 4102 in

2161 4158 2424 4230 Spelunca
2483 4137 2876 4225 hospitantem.
2949 4151 3332 4220 Agnoscamus
3388 4150 3596 4198 tantam
3653 4139 3752 4195 de~

2162 4249 2503 4321 pressionem
2535 4245 2656 4313 eius
2687 4242 2780 4313 qui
2819 4250 2905 4298 est
2939 4239 3090 4295 omni
3119 4234 3412 4292 altitudine
3445 4230 3745 4289 excelsior.

2170 4319 2474 4394 Noscamus
2513 4335 2676 4402 cujus
2711 4333 2786 4389 rei
2818 4331 2996 4404 gratia
3035 4337 3249 4384 tantum
3296 4324 3619 4396 mysterium
3669 4319 3760 4389 fit,

493 4435 687 4492 prazter
725 4427 800 4496 id,
847 4429 993 4497 quod
1017 4443 1081 4484 ea
1111 4445 1232 4500 quae
1261 4430 1565 4486 offeruntur
1608 4433 1738 4502 quid
1770 4432 1825 4486 in
1857 4432 2069 4488 infante
2097 4405 2143 4460 θ
2181 4436 2240 4483 ιιι
2287 4427 2380 4498 qui
2413 4440 2604 4482 omnes
2654 4423 2792 4477 ditat
2840 4421 2910 4476 ad
2956 4418 3197 4490 inopiam
3256 4414 3514 4492 redactus
3554 4410 3648 4471 sit.
3699 4420 3757 4465 et

495 4525 623 4571 nato
654 4518 727 4573 sit
764 4520 1064 4589 denotant,
1112 4524 1418 4593 praenuntia
1461 4539 1675 4594 quoque
1715 4540 1838 4580 esse
1873 4523 2071 4580 futura:

496 4609 902 4688 quamprimum
936 4613 1042 4684 ipsi
1085 4613 1418 4680 haereditatis
1467 4615 1731 4684 gentium.
1778 4615 2072 4698 Propterea

2176 4490 2396 4577 creeiur
2443 4519 2672 4573 Creator
2719 4524 2773 4570 et
2813 4516 2960 4570 Deus
3001 4518 3264 4566 nascatur
3308 4515 3371 4564 ut
3403 4490 3596 4566 homo,
3629 4503 3758 4557 licet

2181 4629 2290 4669 non
2369 4626 2522 4666 more
2592 4611 2833 4673 humano
2883 4625 2899 4664 :
2958 4613 3021 4665 ut
3087 4604 3340 4663 videlicet
3413 4595 3759 4656 confractum

2006 4749 2253 4808 NOTAE}.

501 4874 707 4938 absque
739 4869 1043 4940 apcr'ione,
1080 4875 1134 4923 et
1165 4867 1417 4940 clausura
1463 4865 1636 4940 salva,
1661 4865 1898 4940 perviam
1935 4864 2072 4918 vidit

504 4936 971 5008 Ezechielfcapit.
1002 4953 1127 4993 XLIV
1156 4954 1170 4992 :
1204 4936 1366 4992 Porta
1390 4943 1500 4990 hac
1517 4936 1703 4989 clausa
1725 4936 1848 5008 erit,
1878 4943 1930 4988 et
1969 4951 2072 5008 non

503 5014 790 5079 aperietur.
823 5005 888 5064 ei
907 5010 986 5063 vir
1014 5025 1118 5062 non
1150 5008 1395 5062 transibit
1415 5022 1668 5079 peream,
1687 5006 1946 5079 quoniam;
1967 5005 2075 5059 Do-

502 5077 676 5135 mimis
714 5082 848 5134 Deus
887 5079 1054 5134 Israel
1092 5080 1358 5145 ingressus
1391 5087 1471 5130 est
1533 5094 1625 5144 per
1653 5077 1828 5140 illam,
1870 5077 2073 5145 eritque

504 5154 690 5206 clauim
711 5152 961 5220 principi.
989 5149 1116 5220 Haec
1147 5149 1292 5204 enim
1321 5147 1644 5216 prophetica
1673 5147 1839 5201 verba
1863 5145 1927 5200 ad
1959 5145 2070 5200 Ma-

505 5225 642 5276 riam
675 5219 799 5274 ante
830 5229 1069 5290 partum,
1107 5219 1161 5272 in
1186 5227 1368 5286 partu,
1409 5225 1464 5290 et
1493 5225 1634 5290 post
1677 5227 1914 5290 partum,
1948 5233 2072 5272 vere

506 5291 728 5348 Portam
767 5287 1033 5360 perpetuo
1056 5287 1545 5360 clausamtnedulo
1590 5287 2079 5360 accommodantur

508 5379 538 5419 ιι
566 5356 964 5433 Chrysostoino
998 5361 1186 5433 homil.
1205 5359 1284 5433 de
1312 5357 1371 5412 S.
1393 5356 1788 5433 Jo_.ullaptista,
1811 5356 2078 5433 Hierony-

511 5449 602 5490 mo
627 5427 831 5500 in'cap.
864 5448 988 5487 xuv
1021 5431 1425 5500 Ezecllielistet
1457 5429 1554 5482 lib.
1582 5445 1618 5483 ιι
1656 5438 1848 5483 contra
1868 5427 2078 5500 Pclag.,

511 5498 806 5560 Ambrosio
847 5502 912 5560 de
957 5502 1310 5556 Institutione
1342 5498 1497 5570 ,Virg.
1543 5515 1664 5570 cap.
1712 5500 1742 5570 Ἰ
1786 5499 1936 5570 et78,
1973 5503 2079 5570 Au-

513 5574 730 5637 gustino
766 5588 936 5629 serm.
964 5573 1000 5626 2
1038 5579 1092 5627 et
1122 5571 1189 5625 14
1219 5571 1274 5623 in
1310 5569 1487 5626 Natali
1530 5569 1741 5624 Domini
1764 5609 1779 5630 ,
1840 5569 2078 5629 Eusebio

516 5645 803 5702 Emisseno
829 5641 1030 5697 llomil.
1063 5644 1084 5694 l
1123 5641 1191 5698 tle
1230 5641 1434 5695 Nativit
1484 5639 1717 5705 Domini,
1761 5638 1974 5695 Rullan
2020 5639 2074 5692 in

519 5715 860 5787 expositione
906 5714 1163 5787 symboli,
1201 5715 1534 5778 Damasceno
1589 5711 1681 5768 lib.
1730 5726 1780 5765 ιν
1830 5711 1896 5765 de
1947 5709 2077 5770 Fide

2168 4862 2524 4928 Orthodoxa,
2586 4861 2748 4916 Petro
2800 4857 3058 4912 Damianl
3111 4869 3275 4928 serm.
3317 4854 3404 4928 _3_
3444 4851 3534 4928 de_
3569 4848 3756 4928 [latim

2173 4919 2345 5004 Virg"
2372 4919 2609 4987 Amedo'o
2627 4929 3000 5004 Lausanneusi
3024 4925 3225 5004 llomil.
3245 4924 3278 4978 4
3300 4923 3367 5004 de
3386 4921 3534 5004 haud
3548 4919 3758 5004 ἕξει,

2150 5070 2152 5072 τ
2177 4989 2454 5061 ϐειῖἶιίιιιιο
2473 4995 3269 5072 Constantinopo_litauo_0rat.
3302 4994 3369 5048 de
3387 4989 3766 5072 ξιιμ-Βρετ-

2171 5059 2308 5146 giu.,
2341 5074 2613 5146 Hesychio
2644 5059 2877 5146 Humilia
2904 5070 2939 5122 2
2975 5068 3043 5146 de
3087 5067 3340 5146 Qeipara,
3365 5062 3583 5146 “Proelo
3617 5059 3764 5146 qen-

2173 5130 2672 5210 ‘s'tan'tinop'olitano
2707 5143 2761 5194 in
2787 5138 2965 5192 Serm.
3003 5130 3602 5210 de_‘NativitaDomini,
3629 5130 3765 5210 llu-

2176 5200 2331 5282 pcrto
2384 5200 2481 5269 lib.
2527 5229 2541 5267 l
2578 5215 2644 5282 in
2681 5211 2997 5282 Marthaeum
3036 5207 3270 5282 aliisque
3300 5204 3574 5282 pluribus.
3620 5200 3764 5282 _V"r_de

2175 5270 2556 5346 Colvenerium
2600 5279 2676 5335 iii"
2707 5281 2824 5335 Kal.
2872 5279 3114 5331 Mariano
3164 5270 3254 5331 die
3296 5270 3369 5331 35
3417 5270 3761 5346 Decembris,

2177 5340 2308 5411 num
2343 5355 2395 5409 4.
2432 5355 2496 5409 ·5.
2535 5352 2589 5408 6.
2623 5356 2652 5407 7
2680 5361 2734 5408 et
2761 5352 2818 5406 8.
2851 5347 2952 5405 Ubi
2989 5349 3228 5401 adducto
3280 5346 3446 5406 etiam
3499 5340 3764 5411 praedicto

2177 5425 2484 5484 Ezechielis
2512 5422 2851 5484 testimonio,
2877 5419 2976 5473 SS.
3010 5418 3234 5471 Patrum
3264 5414 3634 5490 explicatione
3655 5424 3756 5490 ro-

2176 5481 2393 5558 borato,
2447 5498 2517 5551 de
2559 5503 2712 5564 porta
2747 5481 2972 5564 clausa,
2997 5501 3144 5564 qua:
3189 5502 3295 5540 non
3337 5481 3601 5564 aperitur,
3655 5481 3765 5561 late

2210 5555 2622 5622 robat—Maria'm
2656 5560 2934 5631 Virginem
2960 5555 3358 5631 cla'usoutero,
3396 5563 3558 5631 atque
3581 5555 3758 5631 invio-

2210 5584 2370 5622 .I’ODal
2396 5584 2622 5621 uanam
2663 5584 2934 5631 Virginem
2961 5584 3153 5614 unum)
3179 5584 3358 5617 uictu,
3396 5584 3558 5620 atque
3582 5584 3758 5605 ...νιν-

2175 5584 2304 5695 inus
2349 5634 2698 5707 integritatis
2751 5630 3052 5704 signaculis
3108 5627 3391 5689 Christum
3465 5624 3762 5684 Dominum

2177 5706 2476 5776 peperisse.
