4124 6320
313 279 386 347 49
1118 279 1401 344 ORATIO
1437 279 1541 344 VI.
1566 304 1637 318 -
1664 276 1748 341 IN
1773 275 2084 341 CHRISTI
2120 276 2642 341 NATIVITATEM
2677 280 2794 344 III.
3517 278 3582 344 50

315 392 650 448 instauretur
673 431 690 456 ,
741 398 802 446 ut
835 395 982 444 terra
1031 388 1290 446 obrutum
1322 382 1670 460 repurgetur,
1707 400 1763 445 et
1803 387 1888 444 in-
1913 386 1966 448 Α
1989 386 2192 458 potiori
2218 375 2552 457 dominetur.
2578 384 2656 441 Ne
2684 386 3010 457 colligamus
3041 385 3466 444 amaritudinem
3501 405 3584 446 ex'

320 491 475 542 vetita
526 482 791 536 drachma
832 495 937 537 suo
986 488 1289 551 reponatur
1341 481 1399 535 in
1443 481 1708 545 thalamo,
1738 491 1896 536 utne

317 574 554 648 amplius
588 576 641 630 in
676 574 884 629 vilitate
911 571 1196 644 iaceamus
1223 615 1240 640 ,
1277 587 1380 628 nec
1425 573 1657 643 turpiter
1685 571 1895 628 servia—

317 647 440 726 mus
472 707 488 732 ,
522 668 617 724 scd
662 664 731 721 ad
765 673 1009 721 nostram
1049 663 1326 720 intuentes
1361 664 1703 720 nobilitatem
1727 701 1742 729 ,
1777 647 1901 717 viro.

319 769 437 818 tute
493 758 744 815 sublimis
793 757 987 814 exinan
1017 756 1214 822 tionis,
1263 755 1529 810 vilitatem
1591 761 1898 811 commute-

319 870 462 918 mus,
489 852 613 908 loco
643 850 925 907 servitutis
955 850 1128 906 evecti
1163 850 1216 906 in
1247 849 1609 911 dominatum,
1647 864 1746 918 pro
1778 863 1900 919 ege-

317 953 466 1003 state
507 944 728 1000 divitias
765 951 1183 1011 comparantes,
1223 957 1347 1013 qum
1389 951 1517 996 sunt
1560 940 1680 1010 ejus
1709 939 1902 1010 acqui-

320 1045 529 1106 rentes,
560 1037 655 1108 qui
691 1043 880 1093 nostra
914 1035 1032 1106 ipse
1057 1049 1154 1090 sua
1179 1032 1332 1098 fecit,
1366 1043 1427 1090 ut
1463 1032 1577 1088 lucc
1615 1039 1903 1104 praestaret

317 1129 563 1202 advenit.
587 1125 686 1185 His
721 1127 1026 1182 honoribus
1053 1125 1144 1181 ille
1170 1125 1391 1198 gaudet,
1427 1139 1524 1193 per
1559 1124 1672 1180 haec
1701 1123 1904 1178 nativi-

315 1229 486 1277 tatem
520 1223 837 1276 adoremus.
875 1217 1210 1283 Induamus,
1250 1208 1469 1279 fratres,
1502 1231 1724 1271 sensum
1757 1213 1903 1284 ejus,

321 1317 419 1385 qui
454 1329 566 1370 non
591 1311 815 1370 erubuit
850 1320 1038 1367 noster
1074 1311 1189 1366 fieri
1223 1311 1410 1374 frater,
1439 1327 1546 1364 non
1578 1320 1903 1381 aspernatus

315 1413 405 1463 est
448 1419 550 1461 nos
594 1403 650 1459 in
697 1404 973 1460 vilissimo
1016 1402 1262 1472 iacentes
1306 1403 1602 1469 subsellio,
1657 1417 1724 1458 ne
1772 1405 1910 1458 con;

315 1507 630 1556 temnamus
657 1506 712 1551 et
739 1510 841 1551 nos
876 1495 933 1550 in
957 1493 1124 1550 simili
1152 1493 1370 1548 fortuna
1405 1495 1633 1562 positos.
1666 1494 1770 1561 Qui
1801 1494 1905 1548 hac

315 1591 488 1649 etiam
545 1589 602 1645 in
642 1595 798 1658 parte
846 1585 1076 1642 multam
1123 1584 1218 1640 Dei
1266 1585 1653 1654 benignitatem
1699 1586 1909 1658 experi-

317 1699 471 1750 mur,
499 1698 628 1740 cum
667 1682 828 1752 plura
869 1679 1246 1754 possideamus
1277 1694 1442 1750 quam
1474 1678 1509 1732 ii
1541 1693 1774 1749 quorum
1809 1693 1908 1749 par

315 1784 376 1833 et
413 1771 614 1832 similis
643 1773 712 1830 ad
741 1775 912 1830 vitam
943 1772 1046 1829 fuit
1093 1773 1401 1840 ingressus.
1439 1770 1517 1826 Ne
1551 1773 1651 1826 tibi
1706 1773 1902 1828 subre-

319 1874 419 1937 pat
468 1873 529 1922 ut
585 1865 882 1922 cicatrices
931 1867 1186 1919 conservi
1232 1864 1566 1929 exhorreas,
1620 1879 1742 1917 cum
1791 1862 1909 1932 ipse

319 1956 732 2014 abominandae
760 1956 1064 2019 exstiteris,
1099 1971 1208 2010 non
1238 1954 1588 2008 cicatricibus
1617 1953 1790 2007 invito
1825 1953 1910 2006 in-

324 2051 520 2114 ﬂictis,
545 2048 640 2106 sed
675 2063 814 2120 quas
854 2046 954 2102 tibi
987 2055 1186 2116 sponte
1230 2045 1481 2110 intulisti,
1513 2053 1566 2100 et
1597 2043 1796 2117 Regem
1825 2051 1913 2101 ta-

320 2157 448 2198 men
494 2137 563 2194 ad
587 2147 644 2196 te
674 2137 1032 2194 accedentem
1068 2136 1348 2192 habueris.
1374 2134 1448 2190 Ne
1475 2135 1736 2191 humilem
1757 2135 1910 2208 gravi

322 2235 604 2306 opprimas
633 2247 820 2297 manu,
857 2244 1068 2286 memor
1097 2229 1402 2286 vexationis
1431 2244 1592 2300 quam
1628 2229 1911 2299 tyrannica

323 2339 630 2398 oppressus
675 2338 845 2380 manu
895 2321 1249 2384 sustinuisti,
1299 2328 1355 2375 et
1391 2319 1582 2375 auxilii
1627 2320 1772 2391 quod
1809 2320 1911 2374 ha-

332 2421 528 2477 buisti.
566 2417 642 2474 Ne
679 2416 946 2474 habueris
993 2415 1121 2470 odio
1169 2413 1448 2468 Creatoris
1478 2413 1770 2484 imaginem
1797 2453 1812 2480 ,
1846 2429 1915 2470 ne

325 2513 600 2578 invideas,
637 2511 733 2582 qui
767 2519 988 2582 pmpter
1021 2507 1281 2562 invidiam
1309 2507 1448 2559 mala
1481 2523 1540 2560 es
1574 2521 1792 2576 passus,
1828 2507 1914 2561 in-

326 2606 498 2662 fausti
541 2605 840 2669 daemonis,
898 2605 1104 2675 quique
1143 2603 1354 2673 primus
1393 2602 1448 2655 in
1490 2600 1580 2654 Dei
1626 2601 1915 2671 imaginem

326 2697 542 2754 invidos
591 2697 782 2753 oculos
839 2696 1062 2767 adjecit,
1112 2695 1354 2750 animum
1406 2693 1672 2746 imitatus.
1724 2692 1917 2749 Necte

328 2789 512 2847 facias
537 2799 798 2861 tanquam
838 2804 960 2857 vas,
995 2789 1052 2844 in
1097 2803 1208 2857 quo
1243 2787 1319 2841 sit
1358 2785 1594 2856 positum
1626 2801 1918 2852 venenum,

2010 477 2355 533 demulcente
2377 479 2677 550 voluptate.
2711 479 2769 534 lu
2798 495 3010 534 summa
3035 481 3293 550 pelliceas
3315 497 3584 540 exuamus

2012 582 2216 638 vestes,
2248 588 2374 628 nam
2408 575 2553 644 quod
2581 575 2688 629 illis
2721 575 2906 630 amicti
2937 574 3164 642 fuimus,
3198 576 3408 632 idcirco
3448 593 3585 648 pan-

2012 664 2099 722 nis
2129 664 2429 721 involvitur
2456 664 2744 723 Dominus.
2778 664 3001 721 Fiamus
3031 682 3223 723 revera
3246 669 3345 733 dii,
3383 684 3447 722 ex
3480 669 3587 724 Deo

2010 771 2143 812 vero
2186 755 2240 812 id
2281 756 2654 827 accipientes,
2696 774 2803 813 non
2844 769 2900 813 ut
2939 759 3009 814 ab
3057 769 3306 830 apostata
3342 761 3590 816 daemone

2006 849 2240 903 velimus
2257 863 2358 904 nos
2383 849 2437 902 in
2461 854 2667 903 tantam
2686 849 3004 920 dignitatem
3033 849 3332 904 intrudere.
3367 848 3590 907 Fiamus

2009 940 2110 996 lilii
2146 941 2428 998 Altissimi
2459 952 2679 1012 propter
2729 957 2878 1007 eum,
2918 943 3014 1012 qui
3048 941 3226 997 factus
3245 950 3330 998 est
3350 943 3590 999 hominis

2013 1031 2210 1088 Filius.
2237 1030 2321 1086 Ita
2361 1032 2623 1087 honorem
2647 1032 2998 1091 conferentes
3031 1043 3307 1100 nostrum,
3342 1035 3592 1090 honore-

2016 1140 2140 1182 mus
2170 1140 2294 1181 eum
2323 1125 2415 1195 qui
2446 1125 2664 1180 devenit
2691 1126 2758 1182 ad
2781 1127 3031 1184 homines
3059 1135 3120 1184 ut
3141 1127 3403 1184 honorem
3427 1127 3598 1198 homo

2013 1225 2362 1288 assequatnr.
2401 1217 2482 1273 ita
2509 1217 2690 1275 affecti
2722 1235 2845 1276 cum
2881 1221 3091 1294 angelis
3123 1221 3352 1294 gloriam
3384 1222 3596 1278 tribua-

2017 1325 2161 1376 mus,
2199 1320 2256 1366 et
2295 1311 2462 1367 simul
2496 1328 2620 1367 cum
2655 1312 2972 1384 pastoribus
3010 1329 3304 1371 curramus
3328 1356 3344 1382 ,
3387 1325 3595 1371 etcum

2014 1401 2190 1474 Magis
2235 1405 2702 1474 exspectationem
2753 1405 2995 1477 gentium
3037 1407 3351 1464 adoremus.
3409 1406 3598 1478 Neque

2017 1495 2167 1550 enim
2219 1504 2304 1551 est
2359 1511 2470 1567 quo
2521 1497 2696 1566 magis
2729 1497 3031 1553 bonoretur
3070 1515 3234 1570 quam
3291 1501 3501 1556 honore
3541 1510 3613 1564 et,

2019 1588 2219 1660 gloria,
2253 1604 2375 1658 quae
2414 1604 2516 1645 nos
2553 1588 2856 1644 deferimus
2886 1605 3119 1660 quorum
3170 1599 3428 1661 suscepto
3465 1604 3602 1646 sau-.
3696 1575 3700 1578 ἢ

2013 1678 2180 1748 gnine
2209 1676 2377 1732 frater
2401 1678 2641 1735 exsistit.
2682 1677 2813 1738 Sed.
2842 1693 2875 1734 ο
2899 1680 2990 1751 qui
3021 1696 3050 1735 e
3070 1681 3396 1738 celsitudine
3413 1682 3600 1753 gloriae

2012 1775 2122 1825 tua:
2143 1769 2208 1824 ad
2243 1777 2491 1825 nostram
2525 1769 2860 1827 descendisti
2885 1771 3272 1839 humilitatem,
3308 1789 3410 1828 nec
3449 1781 3598 1827 tuam

2011 1861 2223 1932 liquisti
2277 1861 2658 1916 altitudinem!
2711 1877 2746 1918 o
2786 1862 3034 1918 Salvator
3090 1879 3302 1931 eorum,
3354 1882 3493 1934 quos
3541 1873 3599 1921 ut

2020 1960 2376 2008 converteres
2422 1952 2562 2006 male
2615 1966 2646 2005 a
2695 1961 2747 2008 te
2793 1952 3113 2010 aberrantes
3157 1955 3470 2011 exinanitus
3499 1959 3597 2013 esl

2014 2060 2050 2100 o
2098 2059 2294 2101 recens
2323 2044 2518 2112 Homo,
2551 2053 2606 2102 et
2637 2043 2877 2100 Verbum
2910 2049 3274 2102 aeternitatem
3305 2063 3600 2116 superans,

2013 2146 2138 2192 esto
2180 2137 2276 2192 tibi
2314 2147 2368 2192 et
2411 2139 2574 2194 nobis
2621 2153 2723 2210 pro
2792 2139 3054 2194 natalitiis
3115 2139 3440 2197 muneribus
3489 2141 3603 2195 haec

2015 2231 2217 2286 oratio.
2240 2229 2404 2286 Refer
2434 2238 2491 2283 ιιι
2525 2231 2704 2296 nobis,
2736 2237 2797 2285 ut
2834 2230 3109 2302 gubernes
3147 2240 3199 2285 ct
3227 2231 3604 2295 administres,

2026 2337 2134 2376 una
2163 2337 2288 2376 cum
2317 2321 2387 2376 iis
2418 2322 2618 2392 quibus
2657 2321 3025 2391 gubernacula
3074 2321 3373 2388 tradidisti,
3415 2321 3604 2377 mundi

2019 2417 2235 2477 navim.
2282 2424 2342 2470 ut
2388 2417 2492 2470 sub
2547 2423 2602 2470 te
2639 2415 3028 2486 gubernatore,
3079 2417 3393 2486 superiores
3449 2415 3604 2470 omni

2020 2509 2286 2578 procella,
2315 2505 2718 2578 navigationem
2759 2521 3106 2576 peragamus,
3135 2518 3388 2562 cessante
3426 2507 3601 2562 unda-

2019 2616 2142 2656 rum
2165 2601 2256 2664 vi.
2289 2611 2345 2656 et
2376 2601 2431 2655 in
2463 2608 2642 2655 tutum
2685 2599 3043 2657 deveniamus
3070 2611 3288 2672 portum
3318 2619 3331 2655 :
3381 2599 3471 2655 ubi
3509 2613 3606 2671 po-

2019 2694 2183 2760 sitos,
2217 2701 2272 2750 et
2303 2692 2703 2765 tranquillitate
2741 2692 3012 2756 fruentes,
3049 2693 3394 2748 abduxerunt
3435 2694 3609 2764 impc-

2023 2784 2167 2840 tuosi
2225 2792 2280 2839 et
2331 2785 2695 2842 vehementes
2737 2785 2908 2840 venti.
2941 2784 3062 2851 Quo
3090 2799 3194 2840 nos
3225 2784 3476 2856 .devebas
3512 2799 3608 2855 ap-

325 2879 474 2951 quod
499 2879 592 2951 qui
627 2879 838 2935 inscius
886 2877 1184 2948 acceperit,
1219 2876 1483 2930 damnum
1514 2873 1807 2928 contrahit.
1840 2872 1922 2929 Ne
2024 2877 2238 2946 pulsos,
2272 2883 2396 2946 post
2427 2876 2594 2948 hujus
2643 2877 2769 2932 vita:
2804 2877 3204 2946 traiectionem,
3241 2873 3525 2931 laudantes
3554 2881 3612 2932 et

325 2971 482 3029 carni
536 2971 954 3043 indulgeamus,
1001 2983 1105 3025 nec
1152 2965 1391 3024 inferius
1434 2967 1818 3037 permittamus
1861 2972 1922 3019 ut
2024 2967 2402 3039 glorificantes
2434 2971 2570 3026 tein
2597 2971 2795 3026 secula
2824 2969 3173 3027 saculorum.
3202 2970 3400 3027 Amen.

1773 3102 2036 3161 ORATIO
2061 3104 2146 3162 Vl.

398 3203 469 3259 In
517 3201 718 3262 Christi
741 3202 1097 3266 nativitatem,
1117 3198 1330 3272 quando
1354 3213 1420 3254 ea;
1469 3197 1818 3276 immaculato
1849 3201 1982 3276 nube
2017 3209 2357 3276 transuectus
2385 3203 2443 3256 in
2468 3203 2658 3260 seniles
2687 3218 2900 3270 manus,
2945 3202 3254 3258 umbrarum
3285 3204 3536 3276 templum

1519 3269 1789 3338 ingressus
1824 3279 1903 3323 est
1938 3269 2032 3325 Sol
2063 3271 2251 3342 gloria:
2279 3273 2416 3340 (ll).

1555 3382 1847 3455 (ΜΑιιΑοαι,
1882 3385 1990 3442 loc.
2023 3386 2122 3443 cit.
2155 3403 2209 3458 p.
2252 3387 2368 3456 72.)

399 3501 607 3561 Christi
668 3499 1072 3558 solemnitatem
1128 3496 1463 3552 houoramus
1498 3493 1635 3564 (l2),
1669 3493 1764 3565 qui
1826 3494 1997 3560 ritec
2034 3496 2292 3570 degitque
2346 3499 2452 3556 sub
2517 3499 2655 3571 lege,
2724 3507 2783 3555 ut
2839 3507 2896 3556 et
2963 3499 3280 3559 constitutis
3337 3503 3440 3559 sub
3487 3509 3610 3574 lege

328 3593 585 3652 omnibus
632 3589 980 3646 tribuendum
1035 3588 1228 3644 statuit
1259 3583 1545 3640 honorem.
1579 3584 1784 3640 Christi
1832 3599 1926 3640 sa-

330 3703 486 3745 cram
509 3685 722 3757 agimus
753 3682 1146 3749 celehritatem,
1179 3693 1276 3750 per
1294 3693 1453 3748 quem
1475 3677 1717 3748 profanas
1738 3692 1927 3734 sacro-

329 3794 457 3834 rum
480 3774 880 3832 celebrationes
908 3771 1195 3828 exstiuctai
1215 3778 1366 3836 sunt,
1398 3777 1452 3823 et
1475 3776 1681 3824 sancta:
1703 3767 1918 3824 dierum

334 3868 600 3926 festOrnm
653 3863 1070 3922 observationes
1131 3867 1359 3917 exortae.
1412 3857 1534 3925 Quo
1575 3858 1631 3912 in
1662 3857 1924 3927 spelunca

334 3965 483 4028 orto,
523 3968 582 4013 ut
615 3958 758 4022 luce,
794 3962 848 4012 et
884 3969 1030 4009 nunc
1051 3960 1380 4025 przesentem
1421 3951 1577 4008 nobis
1613 3950 1924 4006 illustrante

334 4050 503 4118 diem,
530 4050 636 4120 ipsi
669 4063 885 4118 quoque
955 4046 1329 4115 splendemus.
1391 4044 1606 4102 llursus
1663 4045 1809 4100 enim
1847 4044 1918 4110 is,

337 4159 442 4216 per
497 4156 660 4214 quem
705 4138 1085 4196 exsultationis
1137 4139 1322 4192 lumen
1373 4137 1780 4207 conspeximus,
1829 4137 1926 4206 qui

335 4236 393 4290 in
434 4232 676 4288 tenebris
736 4245 1107 4286 aerumnarum
1158 4228 1504 4290 sedebamus,
1561 4227 1772 4296 profert
1835 4241 1922 4280 so-

335 4323 640 4383 lemnitatis
712 4322 1099 4378 hilaritatem:
1160 4335 1269 4375 non
1319 4335 1352 4375 e
1416 4319 1673 4390 spelunca
1739 4318 1926 4374 radios

337 4417 679 4482 diffundens,
739 4415 838 4472 sed
896 4415 1051 4485 quasi
1111 4413 1257 4469 nube
1287 4419 1460 4467 matre
1516 4410 1739 4482 Virgine
1795 4427 1922 4465 vec-

340 4516 464 4573 tus;
493 4519 595 4561 nec
656 4503 711 4559 in
759 4502 986 4576 praesepi
1037 4500 1246 4570 iacens,
1289 4498 1385 4558 sed
1445 4491 1750 4571 paternam-
1788 4499 1922 4555 sub-

340 4598 462 4654 iens
522 4597 767 4654 domum.
839 4593 968 4662 Qui
1009 4601 1235 4660 terram,
1305 4592 1548 4647 hominis
1615 4600 1921 4661 parentem,

341 4689 526 4749 Verbo
583 4689 915 4762 procreavit,
972 4687 1198 4744 Matrem
1250 4687 1357 4744 sibi
1419 4686 1628 4758 pridem
1689 4685 1920 4750 faciens,

343 4792 558 4841 natura:
594 4783 742 4853 leges
794 4780 1111 4844 lnnovabat,
1153 4798 1184 4836 e
1211 4780 1372 4836 vulva
1419 4779 1773 4850 progrediens
1802 4779 1926 4835 sine

346 4871 581 4928 semine.
637 4867 800 4925 Nunc
849 4885 982 4925 vero
1039 4869 1319 4926 communi
1371 4884 1562 4925 eorum
1608 4868 1726 4940 lege
1787 4884 1928 4939 quo-

344 4975 470 5016 rum
520 4976 553 5016 e
601 4961 814 5016 semine
877 4975 1097 5018 carnem
1163 4961 1486 5032 assumpsit,
1541 4960 1635 5031 qui
1683 4975 1803 5015 eam
1869 4961 1927 5015 in

348 5051 484 5109 Sina
544 5051 818 5116 condidit.
876 5052 1042 5109 veluti
1099 5053 1315 5108 debitor
1354 5051 1612 5107 mandata
1657 5052 1779 5122 ejus
1825 5051 1931 5108 im-

346 5147 477 5217 plet.
501 5143 686 5201 Glaria
713 5143 902 5208 Israel,
930 5146 1172 5216 gentium
1207 5142 1438 5215 Lumen.
1470 5143 1674 5201 Omnes
1717 5151 1932 5216 gentes,

345 5237 592 5294 conferte
646 5237 888 5303 laudem,
921 5251 1050 5294 ecce
1107 5236 1252 5292 enim
1287 5236 1432 5292 Deus
1461 5233 1641 5291 factus
1671 5243 1757 5293 est
1790 5250 1930 5308 puer

2032 3605 2189 3658 opem
2244 3591 2425 3658 ferat,
2469 3592 2616 3662 quod
2666 3591 2742 3646 illi
2787 3591 2974 3648 deerat
3016 3595 3302 3666 suppleas,
3332 3603 3388 3651 et
3410 3596 3603 3651 viven-

2038 3678 2192 3734 tibus
2228 3680 2352 3736 siue
2409 3681 2526 3752 lege
2571 3682 2828 3752 gentibus
2861 3692 3020 3738 notas
3061 3684 3227 3740 faciat
3280 3700 3396 3740 suae
3426 3682 3615 3741 'boni-

2035 3771 2167 3827 tatis
2220 3770 2464 3827 divitias.
2524 3770 2658 3826 Nam
2703 3771 2832 3843 quia
2881 3773 2968 3828 lex
3022 3773 3120 3829 Dei
3174 3774 3349 3850 digito
3399 3777 3606 3844 scripta

2037 3879 2144 3918 non
2209 3862 2426 3918 valebat
2486 3863 2755 3919 rationem
2820 3852 3187 3933 deturb'atam,
3235 3865 3355 3936 ejus
3416 3883 3606 3938 opera,

2032 3951 2128 4020 qui
2177 3952 2354 4023 primo
2409 3951 2560 4006 illam
2624 3955 2807 4022 pravis
2856 3952 3090 4008 abduxit
3133 3954 3504 4018 suasionibus,
3545 3955 3615 4013 ad

2031 4043 2243 4115 frugem
2277 4044 2472 4098 bonam
2513 4043 2772 4100 reducere
2820 4060 2918 4100 uec
2952 4045 3096 4101 velut
3152 4061 3416 4118 organum
3489 4048 3618 4103 bar-

2034 4134 2220 4190 monia
2278 4134 2625 4204 destitutum,
2699 4154 2798 4194 sua
2859 4139 3094 4210 propriis
3147 4150 3334 4209 aptare
3376 4156 3616 4196 concen-

2032 4229 2202 4295 tibus,
2241 4244 2340 4284 nec
2392 4229 2592 4286 docere
2643 4242 2703 4286 ut
2754 4247 2840 4286 res
2884 4247 3014 4289 suas
3077 4233 3214 4289 bene
3267 4233 3618 4305 disponeret:

2035 4319 2131 4376 sed
2162 4321 2302 4376 mala
2332 4322 2666 4378 deteriorum
2699 4323 3071 4380 additamenta
3105 4326 3450 4392 crescebant,
3482 4342 3610 4382 cum

2034 4413 2168 4468 satis
2193 4428 2300 4467 non
2336 4422 2483 4469 esset
2531 4416 2692 4470 nobis
2742 4431 2906 4471 ausos
2964 4415 3136 4472 fuisse
3183 4418 3616 4483 contumaciam,

2035 4505 2130 4560 sed
2180 4519 2283 4559 una
2313 4521 2436 4560 cum
2493 4516 2765 4576 praecepto
2808 4508 3187 4576 reiecissemns
3214 4517 3268 4562 et
3297 4509 3612 4578 Dominum,

2036 4604 2234 4660 mente,
2282 4597 2459 4650 instar
2503 4596 2635 4666 pulli
2683 4596 2896 4652 frenum
2960 4599 3282 4665 mordentis,
3327 4608 3380 4654 et
3418 4601 3623 4672 praeci-

2038 4685 2202 4756 pitem
2235 4703 2294 4743 se
2318 4687 2552 4758 agentis,
2585 4696 2699 4744 tota
2725 4700 2933 4746 ruente.
2959 4692 3227 4757 Quoniam
3259 4693 3423 4762 igitur
3456 4708 3620 4749 manu

2038 4776 2135 4840 Del
2163 4779 2369 4851 scripta
2413 4781 2499 4838 lex
2522 4780 2600 4836 ita
2631 4782 2962 4853 praecipitem
2999 4785 3259 4840 cohibere
3321 4801 3429 4841 non
3471 4794 3626 4856 pote-

2037 4879 2143 4934 rat,
2197 4873 2429 4942 ipsemet
2476 4873 2615 4944 legis
2645 4874 2902 4945 scriptor,
2978 4875 3436 4944 superessentiale
3486 4873 3624 4930 Ver-

2039 4962 2191 5026 bum,
2243 4980 2427 5020 rerum
2483 4966 2729 5021 omnium
2791 4966 3110 5036 productrix
3171 4967 3462 5037 sapientia,
3522 4981 3625 5038 per

2041 5067 2308 5113 creatura:
2366 5059 2786 5116 crassitudinem
2856 5070 3123 5116 creatura:
3189 5062 3412 5118 unitur:
3493 5076 3624 5117 eva-

2039 5147 2247 5218 dlique'
2279 5149 2398 5219 ipse
2455 5150 2560 5214 lex.
2605 5161 2660 5205 ct
2712 5151 3024 5221 praeceptio,
3075 5165 3174 5220 per
3238 5152 3482 5220 seipsum
3540 5151 3626 5206 in-

2035 5251 2366 5310 compositos
2417 5242 2720 5314 corrigens,
2776 5253 2831 5300 et
2892 5243 3230 5314 conspicitur
3285 5241 3606 5306 immutabi-

1876 5353 2114 5412 NO'LE.

422 5447 534 5517 (li)
561 5448 709 5521 llanc
730 5451 892 5521 etiam
917 5448 1226 5521 orationem
1250 5449 1355 5506 sub
1393 5447 1593 5504 Leonis
1625 5449 1922 5521 imperato-

353 5515 674 5576 ris-inmine
719 5520 980 5574 exhibent
1010 5519 1198 5576 Grece
1230 5536 1362 5576 mss.
1396 5521 1616 5575 codices
1653 5515 1926 5582 vaticaui,

351 5602 406 5646 et
441 5591 848 5654 Messanenses,
889 5605 1100 5661 egoque
1129 5591 1274 5645 illam
1300 5607 1366 5646 ex
1400 5589 1668 5661 Vaticano
1704 5590 1921 5656 codice,

356 5677 453 5740 per
499 5661 588 5718 Jo.
617 5660 1378 5740 _|lattl_t:eum_Caryophi|u_tn_
1433 5660 1770 5721 lconiensetn
1805 5663 1929 5734 cpi-

353 5729 585 5811 scopum
615 5729 909 5794 Latinitate
942 5729 1201 5793 donatam
1232 5731 1465 5794 exhibeo

2106 5453 2222 5528 (12)
2259 5455 2479 5513 Initium
2528 5456 2695 5528 huius
2770 5457 3010 5514 humilia:
3068 5459 3325 5514 convenit
3375 5473 3500 5512 cum
3555 5473 3620 5514 ea

2032 5541 2155 5596 quae
2209 5527 2298 5581 hic
2347 5535 2542 5598 quarta
2590 5529 2734 5582 edita
2795 5539 2902 5584 est.
2950 5527 3057 5584 Sed
3113 5536 3232 5598 post
3277 5530 3492 5584 initium
3549 5545 3619 5585 ex

2033 5598 2146 5652 alio
2193 5607 2343 5653 textu
2414 5597 2606 5653 Gneco
2654 5600 3046 5665 translataest,
3086 5597 3140 5655 et
3188 5600 3314 5655 ideo
3357 5615 3486 5653 eam
3530 5598 3635 5662 hie

2034 5669 2201 5727 etiam
2245 5668 2516 5732 edendam
2559 5683 2687 5730 esse
2712 5671 3036 5728 censuimus
3110 5669 3270 5728 Eon.
3301 5668 3480 5729 Pera.
