4124 6320
535 313 604 381 51
1785 320 2064 382 LEONIS

2212 321 2562 385 [LOSOPHI
3733 319 3805 384 52

534 430 601 487 lis
663 429 832 500 figura
909 427 1086 486 Patris
1152 432 1257 487 sub
1319 431 1698 488 mulabilitatis
1763 436 1963 505 specie,
2028 434 2102 490 fit-
2136 436 2419 496 Ationem
2457 450 2580 491 cum
2616 451 2736 492 sese
2763 434 3065 492 omnibus?
3119 433 3355 490 Deorum
3397 445 3620 503 quoque
3673 444 3804 501 pro-

531 537 638 592 que
688 520 837 576 Patri
883 537 948 577 ac
986 522 1142 577 nobis
1177 533 1481 594 sequester,
1511 526 1696 582 soluto
1752 528 1958 599 pariete
2014 527 2100 582 in-

531 615 813 683 terposito.
860 613 936 671 Ne
980 616 1212 686 desipiat
1261 619 1453 673 insana
1508 627 1688 674 mente
1720 616 1964 681 Iudaeus,
2000 636 2100 676 nec

528 709 673 764 diem
731 717 1036 773 aversetur,
1079 719 1138 764 ut
1194 713 1498 782 noctivaga:
1552 712 1732 767 solent
1769 712 2099 777 animantes,

528 797 623 853 sed
680 798 858 853 oculis
901 798 1072 852 livore
1126 815 1230 852 non
1288 800 1601 867 depravatis
1672 800 1869 855 divina:
1923 803 2104 856 incar-

528 885 767 941 nationis
818 885 1084 955 fulgorem
1130 886 1385 955 inspiciat
1439 886 1492 940 iu
1528 887 1593 941 iis
1626 903 1749 957 quas
1776 896 1903 944 sunt
1935 904 2102 958 penes

525 977 730 1046 ipsum.
779 975 891 1031 Nec
942 976 1160 1046 gentilis
1195 976 1482 1031 veritatem
1537 976 1805 1044 derideat,
1857 980 1950 1049 qui
1997 989 2105 1033 tur-

529 1069 823 1139 pitudinem
866 1056 1022 1124 suam
1054 1067 1256 1123 deitate
1303 1066 1493 1134 donat,
1527 1069 1758 1139 risuque
1793 1070 1959 1140 digna
1993 1072 2096 1125 ho-

526 1169 706 1224 norat,
758 1169 812 1216 et
857 1160 1110 1226 fabulas;
1172 1161 1267 1231 qui
1325 1161 1429 1217 sibi
1482 1161 1710 1217 deorum
1781 1163 1971 1218 turbas
2033 1180 2096 1219 ex

527 1252 678 1321 pravi
737 1251 906 1306 animi
964 1250 1251 1308 affectibus
1306 1251 1531 1307 conficit
1588 1261 1643 1309 et
1695 1251 1926 1308 nefanda
1997 1269 2096 1308 eo-

526 1361 643 1399 rum
701 1357 852 1416 gesta
902 1355 1226 1411 veneratur;
1282 1353 1337 1402 ct
1388 1345 1631 1401 celebrat
1666 1362 1789 1418 quae
1841 1349 1951 1402 alto
2007 1364 2096 1402 se-

523 1435 772 1506 pelienda
831 1435 1009 1490 forent
1077 1435 1331 1502 silentio;
1392 1443 1467 1499 et,
1535 1443 1597 1490 ut
1655 1437 1834 1492 verbis
1902 1451 2092 1492 eorum

524 1536 668 1594 utar,
725 1529 876 1598 galea
939 1526 1209 1592 Plutonis,
1253 1535 1308 1581 et
1347 1528 1645 1582 inferorum
1677 1528 1916 1582 tenebris
1972 1543 2100 1583 con-

522 1620 772 1691 tegenda.
833 1618 935 1685 Qui
994 1633 1103 1673 non
1162 1619 1337 1673 solum
1403 1624 1638 1672 humana
1733 1619 1939 1690 specie,
1998 1624 2093 1674 sed

523 1713 685 1766 boum
755 1725 1012 1780 quoque,
1069 1718 1123 1764 et
1205 1711 1512 1773 volucrum,
1571 1718 1622 1764 et
1689 1710 2096 1780 delphinorum,

520 1803 862 1873 a‘iarumque
909 1803 1211 1858 belluarum
1254 1802 1394 1858 inter
1431 1802 1680 1858 homines
1714 1813 1990 1857 versatum
2025 1819 2112 1857 ars

520 1897 751 1952 bitratur
780 1896 970 1960 Deum,
1004 1901 1057 1950 et
1083 1894 1366 1951 amatoriis
1394 1895 1599 1951 aculeis
1642 1896 1694 1949 in
1730 1896 1915 1949 omnia
1968 1896 2100 1951 deos

523 1995 785 2044 mutatos.
843 1989 998 2042 Modo
1047 1990 1247 2058 quippe
1292 1986 1600 2057 Neptunus,
1628 1996 1685 2042 ut
1713 2004 1835 2044 cum
1887 1988 2105 2043 adoles-

519 2080 737 2136 centulo
794 2080 944 2135 ludat
1001 2081 1067 2133 ad
1115 2080 1279 2133 maris
1320 2081 1471 2134 littus
1535 2079 1853 2151 delphinum
1910 2080 2103 2144 induit,

519 2187 572 2231 et
625 2190 750 2229 cum
821 2175 1030 2228 amasio
1092 2181 1265 2238 natat,
1331 2173 1624 2242 sinumque
1680 2172 1836 2242 pueri
1897 2172 2100 2227 sensim

518 2268 812 2337 obrepens,
881 2268 1212 2335 trahensque
1277 2265 1329 2320 in
1389 2265 1744 2335 profundum,
1791 2265 1991 2334 perdit,
2051 2273 2108 2319 et

523 2362 747 2416 obsceni
807 2361 1012 2414 amoris
1045 2360 1246 2415 donum
1290 2359 1383 2412 dat
1438 2369 1700 2424 mortem;
1734 2357 1930 2413 deinde
1956 2373 2111 2412 ama—

519 2459 605 2507 tur
667 2469 764 2523 pro
827 2452 1024 2506 acerbo
1080 2466 1326 2516 munere,
1393 2451 1662 2521 lacrymas
1722 2449 1885 2506 offert
1927 2450 2104 2505 funeri

519 2547 754 2613 amplas,
825 2545 1117 2599 Nereidum
1175 2547 1396 2616 planctu
1431 2544 1745 2599 defunctum
1800 2545 2103 2608 lionoraus,

517 2649 574 2695 et
627 2639 697 2694 ob
728 2638 998 2708 ingentem
1054 2638 1221 2692 animi
1282 2651 1598 2702 maerorem,
1657 2639 1824 2694 maris
1879 2639 2110 2692 admini-

520 2726 846 2780 strationem
903 2724 1192 2794 abjiciens,
1258 2741 1359 2781 nec
1404 2727 1473 2780 ob
1504 2724 1712 2781 factum
1765 2729 1954 2785 uxoris
2003 2729 2103 2784 Pe~

518 2819 586 2875 lei
638 2818 846 2889 pudore
889 2819 1175 2881 sun‘usus,
1239 2821 1354 2889 ipse
1410 2819 1774 2877 cffeminatior
1829 2837 1954 2875 cum
2013 2822 2103 2878 illa

518 2912 739 2969 modico
792 2911 918 2967 fletu
977 2913 1151 2966 filium
1205 2912 1606 2983 deploraverit,
1667 2920 1721 2967 et
1775 2914 1962 2969 dolere
2016 2915 2104 2971 de-

518 3004 692 3061 sierit.
735 3003 798 3076 Et
829 3004 939 3058 haec
969 3004 1187 3073 quidem
1224 3001 1526 3074 Neptunus.
1591 3003 1747 3058 Modo
1777 3019 1904 3058 vero
1965 3003 2107 3060 Mer-

2215 528 2448 599 genitor,
2500 544 2530 582 a
2583 544 2693 600 quo
2749 527 2846 583 filii
2904 535 3036 583 sunt
3088 527 3230 582 male
3277 525 3561 588 babiti,et
3613 523 3707 592 qui
3769 536 3796 576 a

2216 634 2315 674 sua
2355 618 2544 674 sobole
2574 619 2714 674 male
2753 626 2839 676 est
2880 618 3121 684 habitus,
3162 617 3442 689 quomodo
3478 630 3584 670 nou
3653 614 3799 684 pati-

2214 711 2356 766 tur?
2395 713 2673 782 quomodo
2739 710 2846 765 Deo
2887 710 3050 782 digna
3091 724 3197 763 non
3243 707 3395 778 agit?
3443 706 3570 762 Hoc
3606 717 3791 760 autem

2215 816 2324 873 qua
2385 802 2597 855 ratione
2644 799 2736 854 Dei
2783 799 3131 869 maiestatem
3181 811 3292 850 non
3335 793 3560 859 indicet,
3599 803 3649 848 et
3681 807 3798 847 ma-

2214 891 2442 963 gnificas
2497 905 2605 945 non
2660 892 2962 945 constituat
3010 887 3412 953 solemnitates,
3472 899 3596 954 qua:
3650 884 3794 952 apud

2213 983 2363 1052 ipsos
2415 985 2577 1038 talem
2636 982 2837 1042 habent
2885 980 3192 1051 originem?
3240 978 3395 1034 lovis
3453 985 3577 1048 post
3633 976 3794 1030 labo-

2210 1094 2322 1135 rem
2391 1091 2583 1147 pugnae
2652 1089 2777 1129 cum
2823 1074 3140 1146 gigantibus
3218 1072 3288 1127 ad
3342 1078 3550 1142 petram
3617 1067 3796 1122 Vene-

2211 1187 2362 1226 reum
2392 1170 2689 1231 somnium,
2740 1183 2901 1237 quam
2949 1181 3118 1235 prope
3148 1164 3543 1226 obdormierat,
3584 1172 3638 1218 et
3673 1175 3798 1230 qua:

2209 1264 2286 1319 illi
2351 1263 2568 1334 igneum
2635 1262 2925 1333 progenuit
2954 1261 3142 1315 deum.

2282 1353 2389 1412 Sed
2431 1354 2498 1408 de
2549 1353 2710 1408 rebus
2755 1353 3094 1423 turpissimis
3138 1352 3296 1406 satis.
3349 1347 3583 1405 Valeant
3643 1347 3794 1401 enim

2208 1443 2442 1516 gentiles
2477 1449 2720 1496 monstra
2754 1443 2866 1495 haec
2919 1439 3320 1509 contingentes,
3357 1445 3412 1492 et
3457 1435 3792 1508 ignominia-

2216 1551 2341 1590 rum
2375 1533 2608 1598 honore,
2641 1543 2753 1601 tum
2785 1531 3090 1587 fmditatem
3136 1543 3330 1585 eorum
3366 1543 3510 1600 quos
3537 1543 3568 1580 a
3602 1541 3661 1583 se
3693 1525 3797 1580 bo-

2213 1629 2401 1683 norari
2436 1627 2729 1697 putabant.
2761 1633 2876 1678 tum
2906 1637 3062 1678 suam
3095 1620 3472 1692 insipientiam
3502 1619 3795 1690 divulgan-

2216 1730 2316 1784 tes,
2350 1730 2401 1776 et
2430 1735 2528 1790 per
2553 1720 2779 1773 deorum
2812 1716 3222 1778 multitudinem
3253 1714 3311 1768 in
3344 1712 3436 1768 Dei
3471 1711 3795 1782 abnegatic-

2218 1830 2340 1868 nem
2401 1812 2778 1885 prolabentcs.
2839 1807 3009 1864 Nobis
3057 1817 3237 1862 autem
3294 1821 3437 1860 unus
3487 1813 3571 1860 est
3624 1803 3791 1865 Deus.

2217 1907 2400 1970 Pater,
2454 1905 2648 1969 Filius,
2684 1912 2739 1958 et
2783 1901 3026 1972 Spiritus
3081 1908 3333 1962 sanctus,
3367 1912 3476 1951 non
3520 1895 3800 1966 adaptatis

2216 2002 2309 2055 uni
2346 2015 2593 2070 persenaa
2619 1997 2962 2061 nominibus,
3003 1995 3097 2050 sed
3130 1993 3381 2064 personis
3411 1992 3590 2045 tribus
3625 1999 3792 2044 natu-

2218 2109 2292 2148 ra:
2321 2094 2531 2147 unitate
2560 2089 2896 2158 conjunctis.
2924 2089 3095 2143 Abeat
3128 2089 3180 2141 in
3206 2086 3402 2140 malam
3436 2099 3654 2140 crucem
3689 2083 3793 2136 hu-

2206 2183 2297 2250 jus
2327 2181 2502 2237 delirii
2532 2191 2743 2242 auctor,
2785 2178 2878 2248 qui
2921 2177 3097 2232 tribus
3139 2176 3597 2247 appellationibus
3626 2187 3796 2230 unam
3875 2235 3878 2238 ,

2213 2277 2464 2329 immutat
2491 2283 2818 2342 personam;
2848 2270 2930 2323 vel
2958 2268 3089 2321 illud
3115 2266 3366 2336 stupidus
3399 2280 3506 2319 nou
3544 2263 3793 2318 animad-

2213 2377 2449 2432 vertens,
2492 2352 2641 2434 quod
2668 2362 2795 2418 dum
2824 2377 2987 2415 unam
3021 2375 3314 2432 personam
3357 2358 3632 2412 honorare
3676 2358 3795 2411 vult

2212 2461 2299 2517 liis
2324 2457 2661 2521 nominibus,
2704 2470 2815 2511 non
2867 2455 2997 2509 sinit
3041 2469 3107 2508 eo
3147 2452 3366 2507 nomine
3410 2451 3558 2505 illam
3604 2449 3792 2503 vocari

2211 2555 2355 2626 quod
2408 2552 2513 2620 ipsi
2561 2549 2842 2622 imposuit,
2897 2561 2999 2602 nec
3059 2547 3296 2617 positum
3361 2557 3483 2598 esse
3525 2541 3791 2612 permittit

2211 2644 2358 2717 quod
2388 2640 2615 2709 indidit;
2650 2641 2696 2696 si
2729 2655 2854 2694 vere
2885 2637 3060 2710 posita
3112 2645 3264 2699 sunt,
3313 2651 3432 2706 qua:
3481 2635 3791 2697 successio-

2213 2753 2335 2796 nem
2377 2751 2485 2791 non
2527 2733 2860 2795 admittunt,
2901 2729 3178 2801 quomodo
3221 2729 3390 2800 igitur
3434 2727 3580 2782 illam
3632 2741 3791 2783 suam

2212 2842 2500 2901 personam
2527 2825 2740 2880 vocabit
2774 2822 3008 2891 Patrem,
3041 2820 3090 2877 si
3130 2820 3243 2874 haec
3288 2818 3577 2888 appellatio
3608 2825 3803 2872 Intnsa

2212 2923 2255 2976 it
2282 2923 2336 2976 in
2384 2919 2507 2975 Filii
2541 2913 3007 2987 appellationem?
3047 2920 3106 2967 ut
3137 2927 3243 2968 non
3275 2909 3439 2965 modo
3471 2909 3646 2963 dicam
3676 2924 3799 2962 om.

2213 3016 2346 3070 uino
2387 3019 2597 3082 patrem
2639 3008 2749 3063 dici
2786 3023 2892 3062 non
2920 3019 3106 3075 posse,
3142 3003 3247 3059 nisi
3290 3002 3363 3059 sit
3407 3001 3644 3070 alicujus
3692 3014 3793 3070 pa-

516 3095 708 3151 curitis
760 3106 822 3150 ut
867 3096 1192 3150 muliercula
1249 3104 1508 3166 pascente
1553 3096 1843 3167 potiretur,
1888 3097 2176 3170 jumen—C
2209 3105 2332 3161 ..ει-2
2381 3101 2668 3171 Quomodo
2715 3099 2878 3154 etiam
2927 3097 3144 3152 vocabit
3185 3094 3408 3150 Filium.
3455 3095 3547 3165 qni
3595 3092 3792 3147 abitio

515 3199 634 3245 tum
687 3192 770 3257 tit,
821 3199 875 3245 et
928 3191 1182 3246 saltando
1241 3190 1466 3245 Dionem
1507 3190 1767 3256 oblectat,
1817 3199 1873 3247 et
1927 3190 2108 3263 fugam

518 3283 762 3346 simulat,
813 3291 865 3339 et
895 3297 924 3336 a
956 3292 1214 3339 currente
1270 3285 1450 3354 puella
1498 3284 1735 3354 capitur,
1766 3292 1822 3338 et
1875 3286 1931 3340 in
1984 3285 2116 3339 dor-

517 3390 639 3430 sum
696 3374 1030 3428 iusilientem
1091 3372 1298 3443 excipit
1350 3374 1426 3440 (et
1487 3373 1757 3443 reliquam
1816 3374 2116 3445 turpitudi-

520 3482 642 3522 nem
677 3467 894 3521 sileutio
918 3465 1322 3536 transibimus),
1353 3466 1613 3522 nimirum
1647 3467 1895 3523 imitatus
1920 3469 2111 3525 bovem

517 3557 695 3623 Illum,
745 3558 1003 3623 deorum,
1057 3559 1379 3630 principem,
1412 3558 1571 3629 cujus
1613 3566 1765 3627 tergo
1793 3560 2002 3628 Europa
2036 3561 2108 3614 in-

516 3650 676 3707 sedit.
719 3653 916 3708 Annon
976 3661 1138 3706 erant
1187 3650 1466 3706 fmditates
1510 3651 1628 3706 ista;
1683 3651 1736 3706 in
1794 3651 2107 3706 divinitatis

517 3743 830 3814 opinionem
865 3741 1176 3807 efferendae,
1224 3742 1681 3810 sentiendumque
1710 3741 1778 3796 de
1829 3742 1961 3809 illis,
2021 3729 2108 3797 ut-

531 3844 655 3906 pote
679 3837 809 3901 diis,
837 3836 1037 3905 quibus
1061 3843 1266 3889 tantam
1292 3836 1689 3905 turpitudinem
1723 3823 2112 3893 testificantur?

525 3925 723 3983 Verum
760 3927 874 3982 hare
914 3927 1130 3994 quidem
1160 3927 1523 3982 abominanda
1562 3937 1721 3994 sunt;
1754 3940 1947 3985 caetera
1981 3931 2112 3999 quid

520 4019 737 4074 honesti
771 4019 994 4074 habent?
1021 4019 1302 4086 Quomodo
1332 4019 1461 4074 illud
1519 4035 1624 4076 non
1677 4021 1957 4091 dignitatis
1991 4022 2111 4092 ple-

524 4114 681 4168 num?
741 4115 933 4184 Apollo
967 4113 1173 4168 deﬂens
1198 4121 1313 4166 tum
1367 4113 1509 4184 quod
1562 4114 1765 4183 puella,
1807 4130 1983 4184 quam"
2017 4116 2116 4172 de-

524 4206 758 4275 peribat,
825 4205 1010 4274 elapsa
1073 4213 1219 4260 esset
1271 4221 1302 4261 e
1334 4205 1610 4270 manibus,
1641 4214 1755 4260 tum
1819 4208 1965 4277 quod
2014 4208 2106 4278 ju-

521 4313 712 4352 venem
768 4297 1060 4353 infeliciter
1103 4313 1233 4354 a-se
1275 4307 1514 4352 amatum
1570 4298 1724 4354 disco
1777 4292 2098 4364 occidisset,

523 4391 686 4461 idque
719 4392 824 4447 sibi
854 4409 919 4446 ex
970 4392 1115 4448 findo
1150 4393 1493 4462 provenisset
1549 4407 1755 4458 amore,
1784 4400 1841 4447 ut
1871 4394 2010 4449 male
2057 4393 2105 4449 is

2217 3197 2525 3271 Spiritum?
2561 3193 2717 3250 Unus
2756 3207 2888 3264 ergo
2915 3201 3002 3246 est
3033 3191 3195 3245 nobis
3227 3189 3368 3244 Deus
3421 3187 3476 3243 in
3519 3185 3796 3241 Trinitate

2217 3303 2598 3361 personarum,
2645 3287 2721 3340 ita
2757 3295 2815 3341 ut
2853 3298 3032 3354 neque
3077 3283 3148 3340 ob
3183 3283 3483 3336 ternarium
3517 3279 3797 3334 dividatur

2213 3384 2557 3440 diversarum
2587 3385 2911 3434 naturarum
2947 3373 3290 3431 sectionibus
3322 3371 3550 3427 Deitatis
3589 3369 3795 3436 unitas,

2217 3493 2316 3532 uec
2363 3477 2434 3530 ob
2487 3482 2693 3529 natura:
2741 3472 3007 3525 unitatem
3049 3465 3459 3523 confundantur
3511 3476 3808 3534 personae;

2215 3569 2308 3625 sed
2355 3568 2457 3621 tria
2494 3578 2712 3635 semper
2759 3561 2888 3623 sint,
2939 3557 3079 3614 Filio
3132 3571 3474 3628 nequaquam
3504 3570 3572 3610 ex
3621 3554 3795 3609 nihilo

2214 3669 2546 3731 emergente,
2607 3673 2734 3712 nam
2764 3664 2819 3711 et
2841 3654 3003 3708 Pater
3027 3669 3091 3708 ex
3129 3651 3300 3706 nihilo
3323 3657 3662 3720 emergeret;
3693 3662 3794 3704 nec

2213 3755 2377 3810 etiam
2408 3749 2639 3821 Spiritu,
2675 3763 2743 3804 ne
2769 3749 3020 3802 videatur
3049 3743 3405 3815 imperfectus
3429 3749 3590 3796 antea
3626 3739 3794 3806 Deus,

2215 3855 2401 3916 postea
2435 3843 2684 3900 defectus
2708 3841 3020 3910 deponere;
3048 3836 3140 3893 sed
3174 3850 3281 3890 una
3303 3849 3430 3890 cum
3459 3831 3796 3904 productore

2215 3938 2377 3992 Patre
2413 3937 2525 3992 sint
2561 3945 2610 3990 et
2646 3949 2712 3989 ea
2757 3947 2878 4002 qua:
2928 3930 3328 4001 producuntur,
3363 3924 3523 3981 Patre
3550 3924 3801 3997 quidem,

2212 4037 2266 4086 et
2301 4027 2511 4098 Spiritu
2558 4040 2657 4080 sua
2707 4023 2762 4078 in
2812 4021 3166 4090 simplicitate
3217 4017 3590 4083 manentibus,
3657 4016 3798 4071 Filio

2215 4133 2398 4177 autem
2477 4124 2792 4173 assumente
2855 4124 3100 4168 nostram
3159 4118 3435 4166 naturam.
3490 4106 3798 4178 Oportebat

2211 4214 2380 4278 enim,
2425 4220 2716 4281 postquam
2775 4207 2883 4262 Deo
2927 4204 3154 4274 placuit,
3201 4217 3296 4272 per
3335 4200 3548 4257 viscera
3578 4199 3798 4254 miseri-

2210 4308 2431 4368 cordiae,
2486 4319 2609 4360 cum
2659 4311 2845 4355 nostra
2894 4298 3092 4358 forma,
3139 4296 3370 4350 rationis
3420 4303 3641 4356 nostrae,
3672 4307 3795 4361 qua:

2209 4396 2533 4457 defluxerat,
2565 4388 2999 4448 nobilitatemad
3035 4403 3093 4441 se
3117 4399 3396 4450 revocare,
3431 4382 3628 4438 Filiqu
3670 4397 3798 4438 esse

521 4487 686 4540 vitam
720 4486 987 4555 perderet,
1020 4487 1431 4556 ignorassetque
1487 4484 1724 4541 Phtnbus
1754 4485 1898 4556 quod
1923 4502 1988 4541 ex
2022 4486 2107 4541 lu—
2143 4475 2183 4529 ί)
2212 4491 2305 4560 qui
2339 4491 2442 4544 hoc
2483 4493 2790 4557 prarstaret,
2836 4498 2946 4537 non
2976 4481 3141 4536 modo
3179 4481 3310 4551 quia
3350 4493 3580 4532 manens
3611 4477 3668 4530 iu
3703 4492 3796 4544 eo,

522 4578 594 4632 do
629 4583 951 4632 eventurum
976 4585 1116 4638 erat,
1147 4592 1270 4630 cum
1301 4585 1479 4632 tamen
1511 4576 1724 4632 sederet
1756 4577 1881 4631 aliis
1919 4575 2104 4630 futura

521 4667 842 4740 praedicens.
879 4667 1013 4723 Illud
1052 4684 1177 4724 vero
1197 4669 1356 4738 plene
1381 4668 1656 4736 quomodo
1688 4683 1793 4722 non
1815 4667 2107 4723 divinum?

524 4762 748 4828 Coclites
797 4763 959 4817 simul
989 4777 1182 4817 omnes
1234 4762 1286 4815 in
1324 4759 1623 4832 Egyptum
1668 4760 1879 4830 fugere,
1939 4761 2105 4831 inque

523 4855 828 4914 belluarum
900 4855 1104 4910 formas
1177 4855 1368 4909 mutati
1427 4854 1571 4924 quod
1639 4853 1935 4909 terribilem
1995 4850 2104 4925 Ty-

523 4948 746 5028 phoeum
775 4947 1047 5002 sustinere
1079 4961 1191 5002 non
1238 4956 1482 5019 possent,
1519 4947 1614 5018 qui
1655 4961 1830 5018 nuper
1856 4946 2106 5016 giganteo

521 5041 791 5110 sanguine
851 5053 1005 5095 ortus
1058 5041 1283 5095 deorum
1342 5048 1552 5096 turmas
1613 5042 1762 5096 solus
1818 5041 1873 5094 in
1918 5040 2100 5110 fugam

524 5133 809 5189 vertebat?
867 5131 1001 5186 lllml
1066 5148 1232 5202 porro
1288 5132 1517 5188 Veneris
1569 5149 1692 5188 cum
1735 5130 1906 5187 Marte
1950 5131 2102 5186 adul-

525 5227 745 5294 terium,
783 5235 836 5279 et
876 5241 1071 5280 rursus
1125 5240 1252 5279 cum
1285 5225 1534 5280 Adonide
1567 5225 1916 5289 concubitus,
1945 5239 2104 5295 quem

520 5318 683 5374 etiam
741 5317 856 5387 apri
915 5320 1022 5374 ictu
1091 5325 1341 5373 necatum
1390 5319 1674 5373 amatoriis
1737 5316 1878 5371 lavat
1939 5317 2107 5387 lacry-

522 5413 667 5469 mis?
726 5412 863 5478 Quid
925 5403 1284 5467 Junoecmlo
1355 5414 1620 5480 pendens,
1681 5425 1840 5480 quam
1893 5407 2106 5479 Jupiter

522 5504 747 5573 conjux,
819 5504 946 5572 quia
1001 5509 1221 5572 propter
1277 5499 1566 5557 Herculem
1624 5502 1892 5571 zelotypia
1951 5503 2104 5555 labe--

523 5595 705 5658 rabat,
755 5594 907 5664 gravi
958 5603 1152 5648 catena
1204 5593 1532 5663 suspendit?
1585 5594 1690 5648 Sed
1741 5593 1831 5648 ubi
1881 5609 2110 5663 repone-

523 5698 647 5740 mus
703 5700 824 5752 eas,
860 5702 982 5756 qua:
1032 5699 1157 5742 cum
1189 5686 1326 5742 artis
1380 5687 1578 5741 aemulo
1618 5685 1948 5756 Thamyride
1995 5701 2108 5742 cer-

377 5788 725 5882 ‘ntes,
784 5784 1066 5851 praemium
1132 5777 1451 5841 certaminis
1499 5792 1837 5852 proposuere
1891 5788 2102 5835 scorta-

2209 4583 2352 4654 quod
2387 4591 2652 4636 aeternum
2704 4578 2917 4642 habuit,
2950 4577 3154 4632 nullam
3198 4581 3317 4629 erat
3360 4585 3586 4628 suorum
3618 4569 3795 4624 factu-

2209 4691 2302 4731 rus
2328 4674 2637 4745 iacturam;
2681 4669 2774 4727 sed
2807 4671 2933 4741 quia
2961 4670 3123 4725 etiam
3155 4664 3318 4721 Verbi
3352 4674 3473 4721 erat
3509 4675 3796 4718 removere

2210 4785 2239 4822 a
2298 4767 2456 4823 nobis
2503 4782 2598 4836 per
2654 4781 2815 4818 suum
2863 4759 3254 4818 commercium
3306 4765 3510 4811 nostra}
3561 4751 3793 4810 rationis

2208 4861 2559 4917 detrimenta.
2610 4856 2819 4913 Idcirco
2883 4857 2975 4928 qui
3034 4854 3234 4908 saecula
3288 4847 3560 4912 condidit,
3624 4844 3791 4902 sumit

2208 4953 2426 5008 initium
2458 4952 2770 5007 aeternitate
2806 4947 3106 5019 posterius,
3155 4953 3211 5001 et
3237 4942 3592 4998 immaculato
3624 4953 3790 5008 puer-

2210 5046 2362 5115 perio
2393 5058 2566 5098 meam
2617 5041 3054 5114 procreationem
3094 5039 3349 5102 honorat;
3393 5031 3614 5102 etquod
3651 5029 3792 5084 cele-

2209 5137 2434 5192 bramus
2485 5136 2670 5201 hodie,
2722 5150 2892 5189 carne
2927 5132 3156 5188 offertur
3196 5131 3250 5183 in
3279 5125 3504 5196 templo,
3543 5138 3628 5177 me
3666 5137 3794 5177 san-

2207 5228 2457 5284 ctiticans
2484 5227 2552 5283 de
2596 5226 2830 5296 profano
2872 5233 2927 5282 et
2977 5227 3194 5291 impuro
3235 5215 3531 5288 impietatis
3577 5211 3793 5267 vivendi

2210 5320 2483 5375 instituto.
2523 5318 2636 5376 Hoc
2663 5327 2771 5382 est,
2826 5317 2972 5389 quod
3011 5314 3295 5384 hodieper
3323 5307 3792 5380 dispensationem

2207 5411 2390 5478 efficit,
2431 5413 2522 5485 qui
2564 5428 2660 5482 pro
2692 5413 2851 5467 nobis
2897 5409 3077 5465 factus
3123 5415 3208 5462 est
3253 5403 3461 5459 infans.
3494 5401 3606 5455 Hoc
3641 5396 3789 5451 cele-

2210 5505 2460 5572 bramus,
2511 5506 2844 5562 oblationem
2897 5503 2951 5557 in
2999 5501 3203 5571 templo
3243 5496 3494 5559 infantis,
3557 5494 3644 5549 cui
3688 5491 3794 5546 lin-

2210 5613 2441 5669 guarum
2473 5599 2757 5669 ignearutn
2784 5596 3014 5650 otl'ertur
3035 5594 3178 5648 laus.
3215 5591 3353 5658 Quis
3386 5604 3498 5644 non
3534 5584 3805 5641 horreat?

2212 5691 2353 5756 Quis
2390 5705 2499 5744 non
2525 5690 2926 5761 Obstupescat?
2952 5688 3087 5754 Quis
3117 5700 3224 5741 non
3256 5692 3378 5756 agat
3415 5680 3661 5753 gratias?
3687 5677 3794 5744 Qui

2222 5783 2406 5839 omnia
2434 5782 2638 5847 perlicit
2676 5790 2733 5836 ut
2759 5779 2923 5853 Deus,
2973 5776 3302 5853 imperfectae
3328 5771 3639 5831 mortalium
3665 5775 3798 5830 ela-
