4124 6320
445 327 517 390 53
1248 323 1538 385 ORATIO
1575 323 1677 386 VI.
1700 347 1768 358 --
1801 319 1882 380 ΙΝ
1919 317 2056 379 CHF

2162 316 2232 377 I‘i
2274 310 2797 377 NATIVITATEM
2830 307 2947 370 ΙΙΙ.
3658 299 3728 365 54

447 440 517 494 tis
565 435 893 495 formatione
949 450 1149 508 parvus
1178 437 1544 506 conspicit-ur.
1587 434 1689 500 Qui
1730 445 2027 488 consessor
2058 436 2101 493 Α
2137 436 2190 484 et
2221 427 2513 491 formatus,
2560 425 2737 493 majus
2782 420 2914 492 quid
2939 425 3024 473 est
3073 424 3127 472 et
3160 413 3564 470 admirabilius.
3615 411 3728 470 Hoc

442 537 526 587 est
559 529 736 593 Patri,
787 528 1054 585 maternis
1093 536 1338 599 gestatur
1383 526 1659 580 manibus.
1721 526 1836 589 llle,
1871 523 2031 592 cujus

445 625 612 682 verbo
659 630 853 680 vocata
911 622 1115 692 prodiit
1159 622 1272 688 lux,
1321 620 1574 675 obtectus
1626 618 1860 688 caligine
1905 617 2034 672 vitae

447 724 647 771 nostra:
677 714 1049 786 progreditur.
1091 712 1324 771 Obscuri
1371 711 1612 784 gentium
1658 710 1803 766 oculi
1833 709 2034 764 sedcu-

448 806 583 862 tium
617 806 673 860 in
727 804 1017 862 tenebrosa
1049 803 1243 858 mortis
1270 809 1454 864 nocte,
1495 800 1905 867 illuminamini,
1944 800 2032 854 lu-

448 898 633 956 cidum
691 898 816 954 vitae
863 898 1009 953 diem
1050 897 1492 968 conspicientes;
1546 895 1781 950 sublatae
1831 894 2035 960 etenim

449 1001 579 1050 sunt
628 993 954 1064 ignorantia:
1004 991 1266 1059 tenebrae,
1316 991 1520 1061 quibus
1547 991 1711 1046 divisi
1739 1006 1768 1045 a
1803 990 1913 1045 Deo
1945 990 2039 1044 de-

450 1085 807 1141 tinebamur:
853 1084 1095 1154 seipsum
1154 1086 1222 1139 ad
1279 1085 1382 1139 hoc
1436 1093 1790 1153 permovente
1843 1096 2040 1153 magno

450 1179 957 1236 misericordiarum
1017 1178 1203 1241 Patre,
1236 1179 1330 1248 qui
1368 1191 1554 1233 verum
1587 1175 1828 1232 ostendit
1858 1175 2041 1229 lumen

452 1272 810 1344 pereuntibus
849 1271 905 1327 in
952 1270 1216 1327 tenebris.
1248 1270 1399 1325 Abiit
1439 1270 1698 1324 maestitia
1752 1268 2044 1338 splendore

452 1363 638 1435 gloriae
684 1362 845 1419 nobis
893 1361 1206 1434 all‘ulgente.
1255 1360 1492 1417 Videant
1535 1361 1799 1426 salutare,
1849 1360 1938 1429 qui
1977 1358 2046 1413 de

451 1455 660 1526 peccati
694 1453 1062 1510 oﬂ‘uscatione
1110 1457 1434 1510 czecutiunt.
1480 1452 1622 1508 Ecce
1667 1451 1814 1509 enim
1866 1450 2044 1520 puella

453 1545 611 1617 puris
672 1544 931 1600 manibus
989 1543 1320 1600 insidentem
1357 1551 1608 1614 portans,
1673 1543 1729 1597 in
1781 1542 2043 1612 templum

457 1637 707 1695 succedit
754 1637 1097 1704 umbrarum,
1155 1636 1462 1692 sacerdotis
1505 1636 1762 1691 manibus
1806 1633 2045 1690 oti‘crens

457 1733 608 1787 illum
637 1729 834 1803 (‘l3).0
862 1730 1192 1804 profundam
1229 1730 1318 1785 Dei
1367 1729 1433 1782 ad
1470 1745 1567 1784 nos
1598 1731 1989 1786 dcmissioucm
2026 1730 2039 1784 ι

456 1826 560 1893 Qui
602 1828 667 1881 ad
690 1827 1108 1882 ministrandum
1143 1825 1430 1896 delegerat
1464 1825 1764 1890 Aaronem,
1798 1832 1852 1879 et
1885 1831 2047 1878 antea

458 1917 664 1974 Mosem
706 1918 980 1974 allocutus
1036 1925 1175 1984 erat,
1218 1933 1382 1987 quem
1420 1917 1583 1972 etiam
1633 1917 1921 1987 praesentia
1953 1916 2049 1972 do-

458 2009 928 2082 cebatmystcria,
955 2010 1084 2064 dum
1127 2009 1204 2063 illi
1247 2009 1550 2078 posteriora
1581 2011 1896 2066 ostenderet
1934 2011 2047 2083 (fu-

460 2114 637 2160 turam
667 2105 866 2174 quippe
897 2121 1019 2159 cum
1045 2104 1363 2161 hominibus
1393 2119 1548 2159 suam
1573 2107 2046 2161 conversationem

463 2197 703 2253 obscure
739 2196 908 2254 Deum
968 2207 1425 2269 praemonstrans,
1478 2197 1687 2253 famulo
1747 2201 2050 2269 posteriora

463 2291 755 2362 ostendit),
795 2303 1056 2360 tanquam
1090 2292 1420 2348 sacerdotali
1476 2293 1858 2349 benedictione
1906 2293 2050 2348 iudi-

463 2401 620 2454 gcns,
673 2386 945 2441 sacerdoti
997 2385 1246 2442 oﬂ'ertur.
1289 2387 1368 2442 Ita
1419 2387 1495 2442 illi
1547 2387 1751 2458 placuit
1807 2405 2050 2444 errorem

463 2477 766 2548 corrigere,
819 2493 983 2557 quem
1031 2493 1154 2550 ego,
1198 2479 1251 2534 in
1308 2480 1481 2549 legem
1543 2495 1799 2550 peccans,
1833 2480 2055 2536 admisi.

465 2568 597 2637 Quae
629 2580 776 2626 tanta
812 2571 1133 2627 clementia!
1187 2571 1318 2637 Qua:
1359 2572 1536 2641 pictas
1564 2572 1889 2627 inelTabilis!
1923 2570 2054 2629 Ser-

467 2679 569 2720 vus
589 2679 722 2736 ergo
760 2665 1028 2720 berilibus
1060 2665 1364 2738 privilegiis
1388 2673 1636 2730 ornatus,
1671 2673 1726 2720 et
1747 2668 1904 2734 quasi
1944 2667 2057 2720 beri

467 2759 578 2814 vita
610 2759 835 2830 degens.
880 2758 1170 2814 custodem
1220 2758 1408 2827 gloriae
1449 2773 1582 2812 mea:
1629 2757 1708 2828 (a)
1749 2774 1854 2812 non
1909 2758 2059 2813 refu-

468 2852 546 2923 git
574 2867 605 2906 a
644 2851 981 2907 traducenda
1036 2866 1160 2906 cum
1189 2852 1365 2907 servis
1409 2850 1688 2907 communi
1723 2851 1850 2914 vita,
1883 2847 1952 2905 ob
1981 2849 2061 2904 id-

468 2958 576 3016 que
639 2943 832 3013 positae
902 2942 1082 2998 servis
1127 2943 1452 3013 obsequitur
1500 2943 1624 3013 legi.
1684 2941 1957 3008 Quorsum
2007 2941 2056 2996 id

468 3034 634 3092 vero?
659 3035 928 3089 Nimirum
963 3043 1022 3089 ut
1058 3049 1142 3089 me
1165 3035 1426 3102 instruat,
1463 3050 1571 3104 qua
1599 3035 1813 3090 ratione
1849 3035 2058 3088 incom—

2139 523 2386 579 divinius
2416 531 2501 578 est
2541 528 2596 577 et
2627 518 2944 582 sublimius,
2979 512 3122 568 Deus
3156 525 3255 578 pro
3285 525 3372 564 me
3435 510 3602 565 ubera
3639 526 3734 567 su-

2139 634 2300 691 gcns,
2346 624 2399 670 et
2432 621 2682 686 gestatus
2731 609 3026 673 manibus;
3061 605 3191 659 licet
3228 603 3332 660 hoc
3379 604 3735 676 loquentibus

2141 713 2483 782 iniquitatem
2531 708 2586 762 in
2639 704 2858 762 excelso
2919 701 2984 765 “,
3034 713 3167 754 ansa
3219 699 3310 754 liat
3359 697 3730 754 inhonorandi

2145 804 2417 877 Unigeniti
2451 819 2463 856 :
2505 799 2665 871 quasi
2715 810 2846 853 vero
2893 795 2964 851 ob
3005 793 3391 866 prmstantiora
3435 805 3598 863 Opera
3636 806 3730 845 re-

2145 916 2266 957 runi
2312 898 2531 970 penitus
2564 896 2635 952 sit
2679 891 3099 964 aspernandus;
3135 898 3229 946 aut
3264 889 3392 945 inde
3434 889 3626 944 conari
3657 887 3740 942 vi-

2147 1011 2235 1051 res
2266 991 2579 1064 cujuspiam
2615 1004 2840 1059 negare,
2885 988 3031 1041 unde
3085 984 3413 1041 excellentis
3448 980 3739 1054 provenire

2146 1087 2308 1143 debet
2375 1081 2658 1138 attestatio
2781 1077 3024 1133 roboris.
3074 1073 3220 1142 Quid
3288 1073 3412 1130 ais?
3466 1072 3736 1141 Quoniam

2148 1180 2346 1236 obruto
2393 1174 2492 1230 tibi
2548 1170 2797 1228 tenebris
2829 1169 3040 1225 all'ulsit
3073 1167 3192 1233 lux,
3235 1165 3445 1222 ideirco
3485 1172 3741 1220 contem-

2150 1273 2236 1326 nis
2270 1265 2490 1323 lucem?
2523 1265 2590 1319 Et
2616 1262 2741 1332 quia
2774 1261 2888 1314 Rex
2917 1270 3139 1314 tuarum
3168 1271 3542 1313 aarnmnarum
3575 1256 3740 1310 mise-

2152 1360 2392 1419 ricordia
2444 1363 2730 1429 permotus
2764 1352 2980 1409 accedit
3017 1351 3085 1407 ad
3123 1360 3198 1414 te,
3255 1364 3354 1405 uec
3391 1347 3550 1404 alteri
3585 1361 3740 1402 com-

2155 1458 2323 1513 mittit
2356 1456 2482 1520 hoc,
2520 1451 2615 1507 sed
2656 1451 2775 1521 ipse
2805 1463 2909 1503 suo
2951 1445 3263 1502 ministerio
3294 1443 3551 1515 pietatem
3584 1439 3742 1497 exhi-

2153 1554 2267 1619 bet,
2298 1545 2654 1623 parvipendis
2696 1540 2950 1598 beneﬁcii
2993 1538 3222 1610 gloriam
3267 1541 3491 1606 propter
3536 1531 3744 1589 beneﬁ-

2155 1646 2224 1701 cii
2258 1637 2731 1713 magnitudinem?
2759 1632 3155 1690 Celsitudinem
3179 1629 3299 1700 ejus
3330 1624 3744 1698 deprimendum

2158 1745 2340 1810 putas,
2375 1735 2636 1806 quoniam
2675 1745 2734 1786 se
2765 1729 2855 1783 ille
2890 1727 2955 1781 ad
2991 1736 3044 1780 te
3088 1721 3350 1779 demisit?
3383 1720 3542 1775 Certe
3582 1719 3652 1774 ob
3693 1716 3745 1771 id

2159 1830 2342 1901 potius
2384 1823 2825 1897 magniﬁcandus
2878 1826 2997 1874 erat
3030 1818 3140 1873 ille.
3179 1814 3261 1870 Tu
3311 1830 3440 1870 vero
3488 1812 3616 1884 quia
3659 1812 3744 1866 in-

2157 1925 2361 1980 fantem
2413 1918 2597 1982 audis,
2650 1926 2705 1970 ct
2737 1915 2961 1978 fascias,
2995 1918 3050 1966 et
3095 1922 3293 1964 manus
3324 1904 3747 1976 amplectentes.

2156 2027 2210 2074 et
2246 2028 2593 2090 qumcunque
2621 2011 2762 2067 tiunt
2798 2005 3142 2065 (economice
3188 2010 3296 2057 tuae
3334 1998 3532 2056 salutis
3555 2010 3748 2060 causa,

2163 2089 2398 2167 Verbum
2432 2106 2768 2177 sempiterna
2803 2116 2900 2158 sua
2943 2099 3117 2170 gloria
3167 2093 3395 2167 privas?
3429 2089 3662 2146 Perinde
3685 2102 3750 2142 ac

2157 2206 2202 2262 si
2220 2218 2398 2274 regem
2418 2213 2636 2273 quoque
2653 2210 2859 2253 corona
2882 2191 3206 2266 privandum
3229 2181 3750 2260 putares,quoniam

2161 2301 2277 2371 ipse
2311 2295 2583 2351 accedens
2600 2291 2667 2348 ad
2701 2301 2775 2358 te,
2806 2287 3088 2344 laboribus
3125 2281 3522 2349 doloribusque
3540 2276 3751 2333 exime-

2159 2367 2260 2450 ret.
2297 2390 2564 2458 Quoniam
2597 2396 2820 2459 propter
2853 2391 2905 2438 te
2921 2389 3162 2443 creatur,
3199 2375 3329 2430 dum
3359 2373 3417 2428 ﬁt
3447 2369 3638 2426 Matris
3663 2367 3753 2422 Fi-

2158 2484 2498 2553 lius,idcirco
2524 2496 2648 2536 eum
2676 2494 2704 2533 a
2729 2485 2954 2549 paterna
2971 2473 3171 2529 unione
3203 2468 3445 2525 secernis
3465 2505 3481 2532 ,
3513 2471 3566 2520 et
3593 2475 3754 2518 crea-

2160 2551 2300 2635 turis
2333 2586 2686 2633 annumeras,
2713 2583 2837 2624 cum
2878 2583 2946 2621 ne
2969 2563 3198 2620 inferior
3220 2559 3441 2631 quidem
3473 2551 3755 2629 generatio

2161 2673 2329 2743 capia
2359 2667 2597 2724 curiosis
2618 2664 2791 2736 possit
2820 2661 2964 2732 (l4)?
2991 2659 3215 2715 Obtccta
3244 2655 3446 2725 quippe
3464 2659 3550 2743 est
3575 2657 3630 2704 et
3660 2645 3754 2700 illa

2119 2739 2662 2829 ‘impermeabilium
2721 2752 3069 2808 tenebrarum
3123 2744 3450 2802 involucris.
3506 2739 3586 2794 Tu
3621 2752 3754 2794 vero

2166 2855 2315 2918 lixis,
2353 2861 2412 2906 ut
2447 2853 2624 2914 aiunt,
2662 2847 2860 2913 oculis,
2893 2859 3005 2915 prce
3041 2838 3406 2912 impudentia,
3469 2848 3592 2906 quae
3625 2839 3756 2887 sunt

2163 2948 2441 3004 anteriora
2468 2943 2689 3001 saeculis
2723 2935 3177 3010 comprehcndis,
3211 2943 3266 2990 et
3297 2929 3496 2985 statuis
3521 2926 3589 2982 de
3615 2923 3756 2980 Filio

2167 3050 2227 3095 ut
2259 3035 2606 3093 meditationi
2648 3042 2756 3087 tua:
2803 3031 3000 3100 placet,
3043 3037 3265 3082 utcaeca
3321 3029 3429 3089 est,
3458 3027 3620 3075 acuta
3649 3028 3755 3072 tue

471 3127 780 3199 positorum
825 3142 1039 3182 morum
1067 3125 1449 3182 defensionem
1491 3127 1745 3191 habeam,
1778 3138 1832 3182 et
1858 3127 2055 3182 liberer
2084 3139 2126 3196 ο
2162 3130 2360 3186 meritis
2410 3126 2582 3188 acies,
2635 3131 2689 3180 et
2726 3120 2926 3178 stolida
2992 3116 3262 3188 Sapientia
3294 3115 3317 3169 ?

470 3219 857 3280 inobedientiaa
889 3219 1145 3275 crimine.
1184 3216 1254 3273 Ut
1287 3219 1334 3274 si
1366 3218 1492 3288 quis
1537 3219 1832 3273 liberorum
1863 3232 2057 3270 aman-

470 3314 719 3374 tissimus
765 3321 952 3382 pater,
1010 3320 1200 3366 natum
1256 3311 1450 3366 videns
1500 3311 1798 3365 obnoxium
1845 3309 2061 3364 lucmlis

469 3406 673 3477 penis,
735 3405 1009 3461 malorum
1070 3418 1291 3458 causam
1356 3401 1468 3456 ﬁlio
1524 3403 1679 3457 tollat
1737 3417 1904 3472 opere
1960 3417 2062 3458 suo

471 3499 661 3570 aliquo
689 3496 850 3567 longe
883 3495 1279 3567 praestantiori.
1320 3493 1606 3559 Quodnam
1639 3494 1744 3549 hoc
1779 3510 1917 3566 opus
1951 3493 2064 3550 for-

470 3588 752 3660 midabile,
808 3587 1134 3658 cunctisque
1211 3587 1571 3643 excellentius
1609 3629 1624 3653 ,
1703 3605 1826 3660 quae
1873 3603 1901 3642 a
1953 3589 2065 3644 Deo

471 3693 606 3742 sunt
635 3682 818 3739 facta?
862 3681 1118 3753 Magnum
1145 3681 1276 3752 quid
1309 3681 1560 3750 profecto
1601 3692 1684 3737 est
1731 3684 1935 3738 cmlum
1965 3700 2062 3738 ex-

470 3784 714 3840 tensum,
756 3782 812 3830 et
849 3773 1001 3828 nullo
1031 3770 1392 3827 fundamento
1439 3773 1674 3828 subnixa
1720 3774 1903 3840 tellus,
1941 3790 2064 3832 ver-

475 3869 660 3940 boque
709 3867 806 3922 lux
855 3867 1246 3935 obtemperans
1282 3865 1348 3920 ad
1383 3865 1625 3922 universi
1653 3879 2062 3934 ornamentum,

471 3970 528 4016 ct
558 3968 684 4017 ante
728 3959 870 4016 hanc
920 3974 1117 4030 expers
1170 3959 1411 4015 materia:
1455 3959 1775 4027 multitudo,
1808 3971 2062 4033 prompta

472 4055 542 4130 ad
583 4052 976 4111 ministerium.
1026 4050 1227 4108 Verum
1275 4051 1418 4111 Deus
1458 4053 1511 4108 in
1556 4055 1717 4112 vulva
1752 4065 2064 4126 susceptus,

547 4191 593 4224 “
618 4189 762 4245 Psal.
801 4205 974 4252 Lxxtt,
1005 4186 1057 4245 8.

2235 3221 2435 3278 Verum
2477 3217 2706 3273 dimissa
2765 3213 3101 3271 dementium
3161 3208 3403 3271 insania,
3467 3202 3757 3258 redeamus

2161 3321 2227 3377 ad
2255 3334 2318 3377 ea
2349 3333 2468 3390 qua:
2503 3313 2795 3387 praesentia
2853 3320 3004 3376 sunt,
3039 3307 3243 3378 Deique
3281 3304 3604 3376 mysterium
3656 3315 3748 3354 ve—

2163 3427 2444 3476 neremur,
2479 3407 2632 3463 sanis
2674 3397 2851 3461 oculis
2904 3404 3184 3458 intuentes
3219 3396 3410 3453 mundi
3459 3392 3748 3458 solatium,

2162 3521 2287 3562 cum
2333 3503 2399 3559 ad
2442 3501 2704 3572 templum
2747 3494 3074 3568 ingreditur.
3109 3491 3228 3548 Jam
3268 3504 3446 3560 nuper
3513 3484 3757 3541 versanti

2175 3598 2230 3652 in
2282 3594 2546 3666 spelunca
2602 3589 2735 3660 Regi
2763 3604 2794 3644 e
2825 3587 3091 3642 caelorum
3125 3583 3276 3654 regia
3305 3580 3627 3638 satellitium
3666 3574 3761 3629 ad-

2174 3689 2458 3752 ventabat,
2513 3697 2768 3755 supernae
2817 3680 3137 3735 accinentes
3189 3685 3405 3731 turmae.
3459 3671 3627 3727 Stella
3658 3670 3760 3725 du-

2171 3797 2289 3839 cem
2324 3795 2382 3836 se
2409 3777 2656 3850 praebens
2713 3773 2962 3842 regibus,
2988 3769 3205 3840 jacenti-
3249 3769 3304 3822 in
3348 3764 3580 3838 pra‘sepi
3657 3760 3763 3814 Do-

2175 3876 2324 3929 mino
2367 3872 2688 3927 adoratores
2747 3866 3049 3928 adducens,
3097 3873 3150 3917 et
3198 3860 3387 3931 inopia
3451 3857 3762 3927 stipabatur

2174 3982 2202 4019 a
2262 3965 2571 4028 dominatu,
2628 3959 2833 4018 divinis
2904 3956 3106 4028 opibus
3167 3951 3538 4009 indicantibus
3596 3964 3766 4018 spon-

2178 4070 2392 4114 taneam
2426 4064 2572 4112 tecto
2632 4053 2908 4122 domotpie
2969 4047 3211 4106 carentis
3267 4051 3586 4117 egestatem.
3620 4040 3765 4108 Quid

2010 4274 2246 4333 NOTAE.

547 4377 658 4448 (15)
694 4376 999 4432 Sacerdotis
1043 4373 1544 4448 manibu_s_o/ferens
1578 4372 1752 4448 illum.
1791 4371 2058 4448 §acerdo-
2095 4375 2134 4428 D
2167 4388 2378 4428 munem
2422 4369 2652 4448 Filium,
2675 4384 2886 4448 _tuum_
2919 4375 3000 4448 alt
3039 4381 3258 4448 (eterna,
3307 4371 3585 4448 nteant_in
3632 4381 3764 4424 lem-

477 4441 834 4507 tis'manibus
868 4448 975 4502 Deo
1003 4446 1202 4500 obtulit
1236 4443 1439 4499 Filium
1473 4459 1632 4498 Suum
1690 4442 1751 4497 Β.
1793 4441 1957 4513 Virgo
2004 4443 2058 4496 in

476 4521 564 4577 die
597 4519 1021 4590 puriﬁcationi-5,
1054 4531 1149 4586 per
1184 4515 1326 4590 hanc
1357 4514 1550 4590 e_t_ip_sa
1579 4513 1910 4590 oblationem
1944 4516 2062 4590 spi-

479 4582 696 4648 ritualis
727 4590 986 4646 sacerdos
1023 4582 1344 4642 constituta.
1382 4582 1538 4655 Unde
1577 4584 1920 4655 Carthagena
1957 4585 2066 4638 Ho-

481 4663 598 4728 mil.
631 4662 662 4716 ’1
721 4661 789 4716 de
848 4659 1021 4714 Puril‘.
1068 4657 1128 4713 Β.
1178 4655 1242 4712 V.
1296 4665 1351 4710 et
1398 4654 1827 4728 Pratsentatione
1859 4654 2063 4710 Christi

484 4726 739 4796 Domini,
799 4729 1023 4786 Mariam
1081 4735 1240 4783 vocat
1289 4742 1558 4781 summam
1600 4726 2065 4796 sacerdotissam,

481 4795 814 4873 sacrificium
839 4801 964 4858 Filii
990 4801 1075 4856 sui
1109 4800 1218 4853 Duo
1246 4798 1563 4873 elici-cutem
1589 4795 1650 4850 .in
1683 4807 1831 4873 veste
1856 4801 2069 4873 purita-

484 4870 557 4932 tis
589 4874 842 4930 candida.
875 4875 1200 4941 lntegroque
1229 4871 1484 4941 discursu
1524 4882 1622 4941 ego
1648 4868 1943 4941 a_|iqttando
1974 4869 2070 4941 de-

487 4947 785 5001 monstravi
832 4937 1128 5012 Deiparam'
1151 4939 1426 5011 Virginem
1461 4937 1516 4992 in
1541 4937 1630 4994 die
1659 4938 2070 5012 Ptirilicatioiiis

483 5025 745 5088 tanquam
788 5009 1129 5088 spiritualem
1173 5009 1515 5088 sacerdotem
1548 5009 1946 5088 _a:terno_Pat_r_i
1977 5009 2072 5088 F_i-

482 5080 616 5146 lium
648 5080 1215 5145 suum'sacrilicasse,
1248 5080 1504 5135 adductis
1546 5083 1690 5134 inter
1715 5082 1822 5134 alia
1865 5082 1975 5137 illis
2005 5082 2066 5135 Β.

482 5156 707 5214 Thomas
731 5173 762 5210 a
798 5153 1080 5210 Villanova
1109 5153 1315 5214 verbis,
1345 5153 1398 5205 in
1423 5152 1689 5206 concione
1717 5152 1784 5206 de
1804 5151 2071 5206 Purilica-

483 5229 636 5285 tione
667 5225 1112 5297 bealapYirginis
1135 5225 1375 5297 exaratis
1410 5241 1422 5276 :
1460 5219 1752 5297 [Zostquain
1788 5223 1857 5276 ad
1901 5224 2073 5297 ailure

482 5311 699 5370 ueniunt
721 5308 821 5358 est.
859 5293 1015 5370 Virg'o
1039 5312 1197 5350 sacra
1227 5295 1442 5370 genibus
1466 5293 1826 5370 ﬂexisdivine
1856 5295 2074 5370 inﬂam-

482 5363 630 5432 inata
671 5369 903 5437 Spiritu,
939 5363 1059 5436 plus
1092 5363 1251 5437 quain
1283 5364 1585 5433 Serapltim,
1618 5363 1800 5437 ﬁliuni
1828 5366 2072 5420 manibus

483 5451 685 5503 tenens,
716 5435 889 5508 ipsum
925 5439 1080 5509 u/fert
1104 5435 1379 5509 Domino,
1415 5452 1628 5509 munus,
1662 5446 1710 5488 et
1751 5435 2074 5509 oblationem

482 5507 860 5582 a'cceptabilem
900 5507 1033 5571 Deo,
1067 5525 1123 5562 tn
1145 5508 1295 5582 'Itunc
1335 5507 1549 5582 "rodunt
1584 5524 1744 5582 orans
1781 5523 1799 5560 :
1830 5507 2075 5573 Suscipe,

482 5577 648 5639 Pater
697 5582 1050 5649 omnipotens.
1091 5580 1295 5647 suscipe
1344 5577 1880 5649 oblationent_hanc,
1915 5595 2073 5648 quam

484 5655 580 5709 tibi
610 5654 776 5724 οπετο
817 5647 914 5721 pro
949 5661 1060 5705 toto
1098 5649 1243 5717 orbe,
1290 5649 1491 5703 ancilla
1526 5659 1641 5704 tua.
1676 5647 1894 5718 Suscipe
1931 5667 2073 5704 com-

2165 4457 2313 4510 pare,
2342 4453 2451 4498 etc.
2489 4444 2622 4501 Vide
2670 4445 2731 4500 S.
2764 4446 3101 4501 Methodium
3154 4443 3308 4499 Orat.
3363 4447 3416 4497 in
3470 4442 3762 4513 Hypapan-

2165 4524 2292 4585 tem,
2320 4513 2644 4571 Guerricum
2664 4519 2917 4572 abbatem
2944 4519 3122 4572 Serm.
3150 4517 3182 4570 5
3209 4515 3276 4571 de
3301 4513 3472 4568 Purin'.
3499 4514 3556 4567 B-
3589 4512 3764 4585 γίνεαι

2166 4583 2226 4640 S.
2260 4585 2574 4642 Brunonem
2614 4588 3068 4649 Carthusianum,
3101 4588 3183 4640 vel
3219 4588 3401 4654 potius
3445 4583 3767 4654 episc0pum

2166 4656 2454 4727 Signinum
2478 4659 2667 4714 Serm.
2699 4658 2767 4714 de
2794 4659 3007 4718 eadem.
3037 4666 3094 4713 et
3127 4656 3188 4711 D.
3228 4656 3565 4712 Bernardum
3597 4657 3768 4710 abba-

2167 4737 2274 4781 tem
2313 4726 2490 4799 Serm.
2525 4730 2560 4782 2
2612 4739 2665 4784 et
2717 4732 2751 4784 5
2790 4731 2857 4784 de
2892 4728 3081 4783 eadem
3117 4729 3326 4799 pariter
3362 4727 3767 4799 puriﬁcatione,

2175 4799 2266 4871 ubi
2303 4798 2368 4852 de
2400 4799 2502 4854 hac
2534 4799 2593 4854 Β.
2637 4801 2875 4871 Virginis
2911 4798 3222 4870 spiritualis
3254 4799 3640 4855 sacerdotissee
3668 4798 3768 4852 ob:

2178 4870 2403 4930 latione,
2429 4873 2654 4925 omnino
2691 4870 2975 4936 praeclare.

2249 4940 2360 5008 (Ml
2393 4940 2527 4996 Cum
2564 4959 2625 4996 ne
2650 4942 2873 5012 inferior
2912 4942 3123 5012 quidem
3152 4943 3422 5013 generatio
3455 4942 3577 5010 capi
3609 4958 3640 4994 a
3673 4957 3770 4994 cu-

2178 5012 2340 5084 riosis
2383 5013 2572 5081 possit.
2619 5013 2759 5068 Hinc
2789 5015 2929 5069 dixit
2966 5014 3136 5069 Isaias
3165 5015 3429 5084 propheta
3460 5029 3582 5082 cap.
3618 5027 3717 5066 Llll
3751 5028 3767 5067 :

2177 5082 2582 5155 Qenerationem
2630 5085 2744 5155 ejus
2808 5091 2923 5155 quis
2978 5082 3297 5140 enarrdbit?
3331 5085 3501 5151 Quasi
3578 5084 3767 5155 dicati:

2178 5152 2387 5218 Nemo;
2427 5171 2550 5208 cum
2577 5145 2902 5210 sit'omni'no
2929 5145 3503 5223 incoxitpreltcnsibilis
3526 5164 3576 5210 et
3613 5145 3772 5209 iners

2180 5224 2384 5280 fabilis.
2417 5223 2576 5297 Hunc
2604 5229 2748 5282 enim
2781 5229 2960 5282 locum
3012 5228 3293 5296 accipiunt
3344 5227 3536 5297 Patres
3579 5225 3646 5280 de
3679 5240 3772 5297 ge-

2185 5296 2476 5352 neratione
2527 5295 2769 5363 Christi,
2817 5314 2927 5354 non
2969 5295 3150 5354 solum
3188 5298 3371 5352 divina
3399 5313 3465 5354 ex
3493 5295 3773 5358 Patre,'ut

2188 5365 2245 5439 S.
2275 5366 2510 5425 Basilius
2528 5369 2624 5423 lib.
2646 5377 2870 5426 Icoutra
2894 5370 3246 5433 Eunomium,
3264 5377 3318 5422 et
3335 5368 3771 5439 Chrysostomus

2185 5438 2283 5492 lib.
2320 5454 2333 5490 ι
2370 5439 2439 5494 de
2485 5441 3032 5512 incomprehensibili
3059 5440 3170 5512 Dei
3195 5448 3388 5493 natura
3415 5457 3430 5506 ;
3454 5438 3574 5494 sed
3599 5440 3770 5512 etiam

2188 5512 2425 5564 humana
2446 5528 2511 5566 ex
2529 5509 2720 5572 Matre,
2752 5513 2882 5567 utS.
2909 5511 3246 5566 Athanasius
3287 5514 3339 5565 in
3375 5512 3467 5566 lib.
3499 5512 3565 5564 de
3596 5511 3775 5563 lucar-

2185 5590 2297 5653 nat.
2321 5577 2508 5644 Verbi,
2549 5580 2800 5637 Justinus
2851 5591 3082 5653 martyr
3106 5581 3310 5648 Quaest.
3335 5582 3400 5635 67
3428 5582 3492 5634 ad
3525 5579 3770 5646 orthod.,

2187 5650 2416 5706 Tertull.
2441 5664 2633 5709 contra
2659 5653 2878 5709 Judaeos
2911 5650 3032 5724 cap.
3066 5651 3154 5716 i5,
3185 5667 3235 5708 et
3267 5654 3356 5706 alii
3384 5655 3591 5722 plures.

546 5762 1043 5831 (alpeestaliquid.
1069 5761 1225 5826 Lege,
1257 5760 1503 5814 custodem
1534 5759 1710 5826 gloria:
1746 5774 1867 5816 mea:
1909 5759 2084 5827 repuli,
2119 5763 2352 5822 Dominus
2397 5772 2554 5818 mitem
2588 5779 2682 5817 non
2727 5763 2921 5831 refugit,
2973 5768 3069 5815 etc.
3105 5763 3230 5822 Vide
3266 5763 3519 5816 bomiliam
3543 5761 3589 5827 4,
3625 5776 3774 5827 supra

484 5828 582 5879 col.
604 5827 664 5878 5|
698 5827 734 5880 Ω
788 5829 922 5878 Eon“.
