4124 6320
363 328 434 397 55
1617 321 1816 387 LEON
1822 321 1896 383 IS
1913 320 2374 384 PHILOSOPHI
3569 317 3642 383 56

367 455 498 497 vero
550 437 883 511 praesentia?
937 435 1130 504 Mater,
1179 449 1302 507 qua:
1364 447 1472 515 non
1525 437 1740 508 peperit
1788 450 1946 491 com-
1976 440 2026 499 Α
2055 449 2180 490 mus
2237 434 2304 490 ad
2379 434 2670 506 sapientem
2706 450 2917 502 senem,
2971 436 3157 508 quiin
3211 435 3486 508 profundo
3537 435 3645 492 bu-

372 530 526 586 muni
566 537 808 584 matrum
854 528 974 598 lege
1012 527 1244 598 prolem,
1295 534 1354 579 ut
1400 539 1558 580 suam
1612 523 1957 596 primogeni-

369 631 551 679 turam
594 624 754 679 sistat
809 620 940 686 Deo,
967 617 1212 689 procedit
1252 615 1567 684 ;iufantem
1620 616 1816 687 pannis
1870 615 1957 670 in-

369 717 618 773 volutum
664 715 866 771 vilibus
921 711 1199 769 sacerdoti
1242 711 1434 776 offert;
1491 710 1726 782 suscipit
1757 724 1946 764 sacer-

370 808 496 864 dos.
567 807 712 875 Quid
770 805 970 862 deinde
1030 804 1124 860 lit?
1168 802 1328 860 Ulnis
1393 803 1598 874 excipit
1661 802 1956 870 infantem,

372 907 542 971 utque
589 897 820 952 Domino
877 897 1144 968 hymnum
1207 896 1475 961 concinit,
1529 905 1588 950 ut
1635 911 1811 967 nuper
1860 910 1951 967 ge-

371 992 550 1046 nitum
608 1000 819 1044 natura:
891 1003 1116 1060 germen
1161 987 1384 1058 accipit,
1416 995 1471 1042 et
1521 1004 1553 1042 e
1585 986 1697 1042 vita
1750 986 1954 1042 dimitti

371 1093 434 1139 ut
485 1081 802 1141 Creatorem
841 1089 1022 1151 r0gat.
1089 1081 1232 1149 Quid
1285 1079 1568 1153 loqueris?
1631 1079 1775 1146 Quid
1827 1079 1956 1135 novi

369 1183 478 1237 est,
527 1187 562 1228 o
615 1171 917 1228 sacerdos?
951 1170 1088 1226 Cum
1154 1171 1223 1226 iis
1260 1187 1383 1242 quae
1448 1171 1728 1238 videntur,
1782 1169 1951 1226 verba

375 1275 466 1320 tua
526 1279 639 1318 non
693 1263 1052 1318 conveniunt.
1118 1260 1223 1317 Ubi
1284 1261 1680 1318 dominationis
1737 1262 1960 1318 fastus?

375 1355 478 1414 Ubi
526 1356 830 1426 majestatis
862 1363 969 1411 tuae
1029 1356 1298 1412 satellites
1349 1363 1772 1420 concursantes,
1821 1372 1958 1428 prm-

371 1448 606 1504 euntes?
633 1446 802 1502 Vides
858 1455 1065 1517 quanta
1126 1461 1310 1502 rerum
1368 1446 1577 1518 inopia,
1661 1457 1715 1502 et
1775 1446 1959 1502 Domi-

372 1553 506 1592 num
566 1536 774 1592 vocas?
814 1535 1085 1592 Infantem
1141 1553 1318 1608 nuper
1351 1537 1406 1591 in
1462 1538 1586 1593 vitae
1630 1537 1811 1594 lucem
1846 1538 1955 1594 edi-

372 1639 488 1685 tum
551 1638 727 1697 tenes,
766 1639 820 1685 et
851 1629 1016 1685 verba
1075 1628 1234 1694 facis,
1288 1629 1448 1699 quasi
1503 1627 1573 1684 ad
1613 1629 1740 1686 vitae
1785 1630 1960 1702 impe-

370 1724 514 1779 rium
563 1723 946 1779 obtinentem?
996 1721 1280 1790 Quomodo
1330 1722 1495 1779 rebus
1563 1723 1701 1779 adeo
1769 1725 1953 1794 parvis

2059 527 2308 582 militatis
2341 531 2629 600 prospexit
2718 529 3062 586 altitudinem
3120 528 3556 601 magnitudinis,
3587 537 3645 585 et

2059 620 2163 675 sub
2214 623 2458 678 testaceo
2516 631 2727 680 naturae
2783 630 2988 679 nostrae
3037 623 3387 694 operimento
3433 619 3647 692 Marga-

2059 710 2222 766 ritam
2259 711 2490 770 Deitatis
2549 714 2796 778 invenit;
2851 715 3015 783 cujus
3071 713 3483 786 pulchritudine
3520 717 3649 788 plus

2054 804 2256 859 rituum
2305 806 2630 874 delectatus,
2690 807 2757 864 ad
2806 825 3025 866 sacrum
3083 825 3311 868 carmen
3355 811 3645 867 modulan-

2055 895 2184 952 dum
2213 899 2456 956 alacrius
2517 908 2701 957 movet
2747 902 3015 974 linguam.
3057 905 3102 958 A
3157 919 3272 974 quo
3319 917 3646 960 retnunerao

2053 992 2222 1048 tionis
2270 994 2514 1059 nomine,
2557 1009 2624 1050 eo
2655 995 2802 1065 quod
2831 1009 2998 1049 senex
3027 1009 3154 1050 eum
3193 996 3250 1051 in
3293 995 3452 1052 ulnas
3491 1009 3644 1051 acce-

2065 1083 2229 1153 perit,
2263 1081 2577 1139 discessum
2608 1083 2770 1138 evita
2821 1084 3143 1154 impetratis,
3195 1081 3332 1140 abiit
3382 1085 3451 1140 ad
3504 1084 3644 1141 infe-

2055 1189 2170 1238 ros,
2214 1175 2650 1231 annuntiaturus
2709 1175 2948 1232 detentis
3008 1176 3143 1231 inibi
3223 1175 3436 1245 egenis,
3500 1192 3642 1247 quas

2054 1267 2194 1324 vidit
2255 1267 2374 1338 ipse
2422 1267 2671 1326 divitias.
2701 1267 2804 1324 Cui
2833 1269 3306 1339 appropinquans,
3336 1274 3644 1338 torporem-

2052 1373 2161 1430 que
2190 1357 2431 1415 flaceidae
2456 1361 2640 1416 carnis
2673 1359 2976 1431 deponens,
3040 1359 3419 1430 reflorensque
3452 1360 3652 1415 sensi-r

2058 1450 2183 1515 bus,
2238 1450 2436 1521 spiritu
2503 1452 2621 1506 obit
2683 1451 2932 1522 spiritale
2999 1450 3390 1508 ministerium.
3457 1447 3647 1505 Enim-

2057 1559 2185 1602 vero
2231 1545 2565 1616 propheticis
2609 1546 2745 1601 oliin
2795 1545 2974 1602 oculis
3019 1560 3120 1615 per
3196 1545 3445 1616 symbols
3503 1559 3644 1614 prae-

2059 1644 2362 1692 monstrata
2391 1643 2542 1704 sunt,
2582 1653 2702 1708 quas
2731 1628 2971 1705 fiunt,'et
3005 1640 3062 1694 in
3115 1637 3346 1709 forcipe,
3380 1646 3435 1693 et
3467 1651 3642 1708 pruna

2060 1735 2181 1780 erat
2224 1727 2480 1799 aenigma,
2543 1728 2863 1784 continente
2927 1727 3045 1794 illo,
3090 1730 3197 1784 hac
3251 1727 3516 1798 propheta
3564 1727 3646 1781 Ia-

368 1829 426 1877 et
479 1819 758 1886 tenuibus,
814 1835 1008 1890 magna
1042 1827 1098 1875 et
1151 1817 1475 1874 admiranda
1526 1819 1951 1878 accommodas?
1987 1785 2027 1839 Β
2065 1819 2154 1872 bia
2209 1785 2492 1889 tangente,
2531 1827 2586 1875 et
2644 1820 3020 1889 prophetieatn
3080 1785 3462 1876 inflammante
3487 1835 3662 1874 men-r

369 1911 437 1966 Et
485 1912 714 1982 gloriam
764 1911 955 1978 Israel,
1013 1921 1066 1967 et
1111 1912 1295 1967 lumen
1335 1928 1500 1967 vocas
1559 1913 1802 1984 gentium
1861 1917 1952 1968 In-

369 2003 572 2060 fantem
605 2005 782 2075 inopis
807 2005 997 2060 Matris
1032 2003 1185 2076 (IS)?
1218 2002 1325 2060 Sed
1355 2005 1512 2071 adde,
1547 2022 1668 2075 quae
1717 2015 1951 2075 restant,

368 2094 438 2149 ad
478 2094 851 2150 laudationem
914 2097 1056 2165 ejus,
1085 2095 1178 2164 qui
1208 2095 1311 2149 sub
1352 2104 1552 2150 nosH-ae
1591 2098 1776 2153 carnis
1809 2099 1952 2153 vela-

369 2193 559 2241 mento
613 2188 704 2242 lux
748 2188 899 2242 latet.
954 2187 1097 2253 Quid
1158 2188 1372 2242 tandem
1436 2189 1592 2259 aget?
1643 2189 1784 2256 Quid
1833 2208 1953 2249 mo-

369 2278 543 2335 litur?
583 2281 668 2335 An
715 2282 854 2337 duas
905 2281 996 2336 ille
1044 2297 1132 2336 res
1189 2291 1433 2352 peraget,
1493 2283 1724 2338 aliorum
1767 2301 1956 2342 resur-

368 2373 561 2438 rectio,
594 2373 826 2427 aliorum
877 2372 1036 2427 ruina
1087 2372 1330 2439 futurus,
1383 2375 1474 2444 qui
1527 2376 1651 2438 tibi,
1693 2392 1726 2431 o
1760 2393 1951 2445 seuex,

369 2466 714 2536 conspicitur
766 2481 796 2519 a
828 2466 1046 2522 duobus
1099 2477 1386 2533 constans,
1426 2467 1676 2537 deiectos
1711 2470 1854 2525 bono
1895 2474 1948 2528 in

368 2567 514 2614 statu
551 2559 952 2624 collocaturus,
1016 2559 1260 2617 tumidos
1297 2559 1695 2629 depressurus:
1735 2565 1952 2632 quando

368 2659 425 2707 et
464 2651 637 2706 Mater
673 2653 1006 2720 virginitatis
1052 2652 1277 2724 integrae
1311 2653 1494 2723 gladio
1520 2653 1730 2712 doloris
1762 2663 1946 2713 trans-

368 2743 573 2801 fossam
623 2745 729 2801 sibi
779 2747 980 2801 sentiet
1007 2748 1244 2801 animam
1279 2745 1428 2818 (l6)?
1467 2745 1635 2802 Norat
1661 2749 1804 2804 enim
1833 2751 1955 2805 dei-

371 2837 623 2893 cidarum
680 2839 918 2904 facinus,
958 2848 1038 2895 et.
1059 2839 1175 2896 fore
1224 2849 1280 2895 ut
1313 2848 1558 2896 cruentae
1594 2845 1810 2900 manus
1857 2859 1950 2900 ar-

369 2930 730 2984 marenturin
763 2945 910 2995 eum,
967 2929 1061 2999 qui
1091 2931 1263 2987 sacris
1306 2931 1616 2987 vehebatur
1669 2935 1947 2993 manibus.

366 3015 526 3073 Nunc
553 3033 685 3074 sane
729 3019 882 3074 illum
917 3019 973 3073 in
1005 3017 1190 3076 fasciis
1232 3020 1418 3076 furens
1460 3022 1806 3092 persequitur
1836 3022 1946 3078 IIe-

2068 1918 2198 1964 teni.
2247 1909 2434 1980 Itaque
2487 1925 2608 1981 qua:
2658 1927 2804 1965 nunc
2855 1919 2985 1966 sunt
3019 1927 3129 1977 res,
3183 1911 3473 1982 aenigmata
3512 1920 3645 1965 tunc

2063 2010 2220 2056 erant
2244 2019 2258 2056 :
2289 1995 2427 2057 lacte
2456 2003 2707 2058 nutriens
2732 2013 2784 2057 et
2803 2001 2966 2072 Virgo
2985 2018 3210 2060 manens
3240 2002 3376 2073 (l7),
3399 2000 3648 2056 inacces-

2069 2093 2246 2150 sibilis
2286 2105 2340 2148 et
2390 2103 2662 2164 portatus,
2714 2092 2900 2148 Puella
2957 2102 3215 2164 tanquam
3255 2093 3472 2162 forceps
3513 2108 3649 2164 pru-

2070 2200 2194 2239 nam
2262 2185 2567 2238 divinitatis
2629 2192 2846 2251 tenens,
2881 2200 3045 2254 quam
3075 2185 3241 2241 etiam
3296 2199 3492 2240 manus
3551 2199 3647 2238 sa-

2069 2279 2309 2334 cerdotis
2373 2286 2660 2346 tangentes
2700 2277 3152 2339 sanctificantur,
3183 2286 3237 2331 et
3282 2292 3346 2332 os
3385 2275 3647 2333 vaticinio

2071 2371 2312 2442 Spiritus
2344 2372 2643 2440 impletur;
2710 2370 2855 2424 ulnae
2911 2384 3193 2439 corporeae
3243 2369 3396 2423 illum
3436 2368 3643 2438 ample-

2068 2472 2303 2527 ctentes,
2354 2477 2514 2533 quem
2575 2461 2777 2515 intueri
2834 2475 2943 2514 non
3001 2459 3205 2514 audent
3254 2457 3646 2514 immateriales

2067 2555 2233 2612 oculi.
2281 2555 2383 2620 Qui
2444 2553 2784 2608 tuaterialem
2850 2558 3096 2607 nostram
3149 2549 3520 2606 substantiam
3557 2562 3650 2605 es-

2066 2647 2259 2704 sentia:
2320 2661 2433 2700 sua:
2469 2649 2686 2710 nuiens,
2729 2644 2858 2699 facit
2894 2651 2953 2700 ut
2989 2659 3090 2701 sua
3126 2642 3471 2700 intoleranda
3520 2657 3641 2697 ma-

2064 2737 2240 2808 jestas
2273 2737 2325 2792 in
2362 2737 2630 2792 materiali
2665 2743 2866 2792 nostro
2889 2745 3172 2806 portetur:
3201 2745 3254 2791 et
3303 2734 3491 2792 fasciis
3521 2734 3648 2804 qui-

2068 2829 2191 2886 dem
2248 2829 2510 2900 alligatus
2576 2820 2686 2893 est,
2757 2826 2853 2882 sed
2917 2835 3230 2899 portantem
3303 2826 3645 2884 sacerdotem

2065 2924 2449 2992 corporalibus
2506 2921 2673 2978 solvit
2715 2919 2926 2985 fasciis,
2957 2928 3016 2974 ut
3051 2919 3268 2990 rugosis
3327 2919 3420 2973 ille
3469 2919 3650 2973 oculis

2066 3017 2225 3082 vidit,
2262 3012 2409 3087 qubd
2441 3030 2616 3084 nuper
2648 3011 2928 3086 apparuit,
2961 3011 3213 3066 Salutare
3247 3010 3434 3067 Israel.
3465 3010 3648 3083 Opor-

368 3108 556 3164 rodes.
605 3108 672 3164 Et
731 3107 1007 3179 [Egyptus
1061 3113 1296 3182 excipiet
1355 3113 1507 3167 illum
1564 3128 1594 3167 a
1660 3129 1770 3184 quo
1821 3115 2023 3178 olimC
2056 3109 2204 3166 tebat
2255 3107 2404 3164 enim
2476 3108 2839 3163 subterranea
2905 3102 3278 3160 incolentibus
3336 3103 3455 3159 loca
3506 3119 3650 3160 nun-

365 3199 647 3269 vapulavit
693 3209 921 3272 prepter
956 3201 1207 3272 hospites
1249 3203 1392 3257 male
1446 3213 1722 3275 acceptos.
1759 3216 1814 3262 et
1857 3207 1947 3262 in-

367 3288 649 3362 tingentur
694 3291 858 3363 gladii
896 3293 952 3347 in
991 3292 1260 3348 infantum
1309 3296 1476 3362 caede,
1531 3305 1590 3350 ut
1629 3297 1816 3356 Infans
1849 3315 1949 3356 ne-

367 3391 546 3440 cetur.
606 3383 907 3456 Oportebat
951 3386 1098 3441 enim
1140 3385 1247 3442 Deo
1277 3387 1332 3442 in
1365 3397 1514 3444 terra
1555 3398 1686 3444 nato
1714 3390 1781 3446 de
1806 3406 1939 3448 san-

368 3475 634 3547 guinibus
675 3475 938 3547 Virginis,
979 3477 1223 3547 aequales
1253 3479 1356 3534 sibi
1388 3495 1485 3550 per
1523 3481 1847 3554 sanguinein
1891 3462 1948 3540 in

367 3570 523 3625 caelis
557 3570 748 3635 nasci;
795 3579 849 3625 et
887 3557 1120 3640 primam
1174 3571 1322 3626 illam
1357 3581 1598 3639 aetatem,
1635 3590 1668 3630 e
1707 3589 1947 3644 prmsen-

368 3663 443 3717 tia
489 3660 704 3717 Domini
761 3663 999 3717 fructum
1066 3665 1371 3735 percipere,
1419 3681 1541 3735 qua:
1585 3665 1759 3737 prima
1794 3668 1946 3723 illum

371 3753 426 3809 In
467 3754 587 3810 suis
637 3754 864 3810 habuit:
905 3755 1108 3810 caedem
1158 3756 1252 3812 illo
1313 3758 1624 3814 sustinente
1666 3775 1765 3828 pro
1797 3776 1949 3833 rege-

369 3846 631 3903 nerandis
679 3848 968 3914 omnibus,
1012 3848 1234 3920 quando
1292 3847 1470 3906 Patris
1516 3865 1748 3922 magnus
1805 3854 1952 3924 Apo-

371 3938 574 4006 stolus,
626 3939 882 3996 absoluto
930 3956 1096 4011 opere
1136 3950 1358 4012 propter
1393 3943 1540 4012 quod
1589 3953 1675 3999 est
1719 3945 1948 4012 missus,

367 4030 626 4087 omnibus
679 4032 842 4088 simul
891 4033 1092 4102 pandet
1144 4033 1299 4088 sinus
1328 4033 1602 4092 caelestes.
1662 4034 1766 4092 Sed
1821 4053 1954 4095 cave

374 4131 433 4176 tu
488 4123 686 4179 iterum
751 4123 820 4179 ob
875 4125 1219 4193 apostolatus
1245 4139 1467 4189 nomen,
1516 4125 1794 4199 Unigeniti
1845 4130 1954 4185 im-

372 4215 588 4272 minuas
637 4216 891 4287 gloriam,
961 4229 1064 4273 nec
1116 4215 1459 4280 dominatum
1499 4209 1572 4274 'in
1631 4224 1948 4278 servitutem

371 4306 623 4377 redigas;
690 4307 928 4362 alienum
987 4307 1142 4361 illurn
1190 4324 1220 4362 a
1269 4317 1499 4377 paterna
1567 4319 1762 4364 natura
1819 4327 1954 4367 con-

372 4399 628 4454 atituens.
693 4397 799 4454 Sed
847 4400 1216 4470 apostolatum
1282 4400 1533 4468 audiens,
1578 4402 1948 4471 aequalitatem

371 4488 685 4544 considera.
756 4487 884 4544 Hac
945 4491 1012 4543 ad
1074 4506 1194 4556 eos,
1247 4491 1340 4558 qui
1397 4489 1683 4548 beneficiis
1737 4492 1944 4558 affecti,

374 4580 576 4650 ingrati
608 4589 758 4646 sunt,
780 4589 834 4635 et
861 4581 1068 4636 honore
1091 4581 1236 4636 aucti
1269 4597 1333 4636 ac
1362 4584 1642 4639 sublimati
1669 4599 1762 4652 per
1790 4581 1949 4639 Verbi

373 4671 730 4727 humilitatem
756 4673 1090 4728 inhonoraut
1121 4675 1506 4740 honorantem,
1555 4691 1762 4746 proque
1789 4675 1945 4731 fasti-

371 4763 464 4835 gio
507 4763 810 4819 cacuminis
865 4763 1100 4819 reddunt
1146 4765 1575 4835 depressionem.
1602 4764 1708 4820 Sed
1754 4765 1944 4820 redeao

452 4883 498 4917 ³⁷
525 4883 702 4940 Exod.
736 4901 818 4953 ιιι,
850 4885 873 4939 I
937 4900 1092 4956 seqq.

2060 3203 2187 3259 tiari
2222 3218 2348 3274 qua:
2395 3217 2564 3272 supra
2623 3209 2826 3255 terram
2879 3198 3084 3254 fiebant
3129 3197 3506 3264 admirabilia,
3554 3197 3652 3255 do-

2061 3297 2294 3369 cerique
2370 3295 2496 3350 illos
2549 3294 2716 3350 etiam
2774 3291 3066 3350 advenisse
3122 3291 3316 3348 mundi
3386 3291 3647 3357 salutem,

2062 3391 2344 3460 Deumque
2369 3395 2584 3459 gestare
2615 3401 2862 3451 carnem,
2897 3393 2947 3440 et
2985 3398 3219 3456 puerum
3251 3398 3398 3450 esse,
3429 3383 3522 3454 qui
3559 3389 3649 3439 est

2058 3491 2185 3540 ante
2207 3482 2437 3539 saecula:
2460 3490 2514 3537 et
2531 3479 2864 3535 nutrimenta
2888 3477 3424 3541 subministrantem,
3442 3476 3526 3531 lac
3552 3491 3652 3532 su-

2056 3593 2184 3649 gere
2203 3595 2214 3625 τ
2233 3577 2707 3643 adventurumque
2730 3579 2788 3626 ut
2817 3570 3046 3626 afflictos
3069 3570 3138 3626 ab
3160 3569 3422 3626 aerumnis
3448 3568 3650 3624 libera-

2062 3676 2166 3732 ret,
2190 3676 2446 3734 essetque
2468 3663 2686 3718 interim
2723 3662 2834 3716 illic
2863 3662 3209 3717 morantibus
3233 3661 3510 3738 patientiae
3537 3660 3648 3714 lar-

2064 3758 2230 3826 gitor.
2283 3755 2412 3808 Ideo
2463 3751 2720 3826 Symeoui
2762 3758 3086 3821 responsum
3117 3751 3325 3805 dature
3347 3750 3532 3806 carnis
3555 3764 3650 3806 er-

2065 3847 2282 3920 gustulo
2337 3861 2396 3901 se
2448 3859 2558 3899 non
2604 3843 2879 3899 exiturum
2909 3882 2927 3910 ,
3005 3842 3063 3898 ni
3115 3841 3298 3898 videat
3347 3840 3650 3900 Salvator-is

2063 3937 2358 3994 adventum
2378 3938 2442 3990 ³⁸.
2463 3935 2634 3990 Adam
2662 3950 2828 3990 aures
2857 3949 3095 3991 mmrore
3119 3949 3417 4005 oppressas
3439 3934 3651 4004 aperiet

2071 4031 2278 4086 laetitia:
2323 4031 2538 4094 nuntio,
2584 4037 2640 4084 et
2687 4028 3002 4084 Creatorem
3035 4042 3268 4087 narrans
3303 4029 3504 4098 gestari
3533 4044 3652 4086 ma-

2065 4123 2249 4187 nibus,
2282 4121 2546 4178 mmstitia
2577 4119 2779 4191 posita,
2815 4135 3002 4175 senem
3035 4134 3134 4190 spe
3161 4118 3357 4174 efﬁciet
3386 4120 3648 4177 alacrem.
3683 4141 3687 4144 ’

2070 4217 2180 4272 Eva
2214 4213 2309 4269 ubi
2341 4212 2599 4268 didicerit
2619 4227 2650 4267 e
2680 4210 2906 4267 muliere
2936 4220 3147 4278 natum,
3177 4219 3370 4281 partus
3395 4211 3650 4266 dolorum

2069 4306 2511 4373 maledictionem
2538 4321 2647 4361 non
2690 4319 2834 4375 aegre
2880 4305 3036 4362 feret.
3093 4319 3257 4374 quam
3312 4303 3653 4360 haereditatis

2069 4403 2292 4457 nomine
2346 4399 2586 4472 posteris
2641 4397 2971 4453 transmisit.
3011 4395 3190 4452 Moses
3237 4395 3306 4452 ab
3354 4410 3420 4451 eo
3474 4395 3649 4468 legerit

2059 4493 2275 4566 impleri
2331 4493 2470 4549 sciet
2507 4491 2576 4556 ³⁷,
2616 4489 2774 4560 cujus
2804 4488 2992 4559 digitis
3019 4488 3281 4559 scriptam
3317 4487 3564 4557 accepit,
3595 4495 3654 4543 et

2057 4602 2119 4642 ea
2172 4584 2287 4653 jam
2316 4583 2508 4640 effecta
2540 4582 2718 4644 reddi,
2747 4595 2871 4652 quae
2915 4579 2969 4635 in
3011 4580 3132 4649 igne
3162 4589 3217 4634 et
3250 4579 3387 4635 rubo
3416 4578 3647 4634 viderat.

2054 4675 2258 4733 Omnes
2305 4675 2510 4732 detenti
2564 4674 2618 4729 in
2649 4674 2864 4738 inferis,
2894 4681 2949 4730 et
2989 4674 3043 4728 in
3087 4687 3326 4728 mterore
3378 4673 3646 4743 iacentes,

2055 4782 2358 4840 praeconem
2393 4766 2697 4837 suscipient
2731 4765 2952 4823 laetum;
2979 4763 3108 4818 Erat
3164 4779 3330 4835 porro
3379 4763 3638 4820 immensi

1900 4955 2137 5012 ΝΟΤᾸΕ.

446 5044 561 5115 (15)
587 5043 772 5114 [napis
801 5043 1019 5101 Matris.
1053 5046 1129 5101 De
1155 5052 1473 5116 paupertate
1505 5045 1678 5102 beatae
1710 5045 1952 5116 Virginis

372 5116 482 5172 late
518 5117 660 5187 inter
707 5118 858 5187 alios‘
896 5127 1064 5187 agunt
1117 5117 1452 5187 Rie‘hardusi
1478 5132 1504 5168 a
1564 5118 1622 5170 S.
1653 5116 1954 5175 Laurentio

370 5183 583 5261 Iih._iv__
603 5188 672 5244 de
704 5183 984 5261 Laudibus
1013 5186 1163 5261 Virg.
1194 5203 1245 5261 _a
1277 5203 1404 5257 pag.
1433 5186 1561 5249 279,
1594 5189 1952 5261 et_deinceps,

370 5268 428 5314 et
473 5257 763 5313 Pelbartus
801 5260 854 5312 in
906 5257 1160 5314 Stellari‘o
1192 5259 1289 5314 lib.
1328 5274 1424 5322 vn,
1457 5265 1597 5328 part.
1640 5259 1698 5325 2,
1739 5257 1953 5327 art."5,

372 5343 496 5399 cap.
523 5329 609 5384 I0.
638 5329 789 5396 Quos
828 5339 880 5383 tu
905 5332 1154 5384 consule.

445 5400 560 5471 (I6)
593 5400 784 5454 Gladio
819 5401 1041 5465 doloris,
1071 5400 1426 5471 transfossam
1471 5399 1574 5454 sibi
1622 5403 1808 5457 sentiet
1847 5403 1958 5455 ani-
1998 5401 2002 5404 ’

375 5488 558 5543 mam._
592 5471 667 5526 De
717 5472 894 5541 gladio
952 5472 1196 5534 doloris,
1246 5488 1355 5543 quo
1394 5473 1575 5526 anima
1615 5473 1676 5526 Β.
1720 5473 1959 5542 Virginis

376 5540 684 5599 transfossa
707 5540 811 5613 fuit
835 5543 906 5598 ob
937 5545 1250 5612 passionem
1264 5540 1332 5597 et
1364 5551 1595 5596 mortem
1628 5544 1770 5607 Filii,
1801 5540 1958 5613 plura

375 5615 568 5685 habes
605 5628 670 5668 ex
870 5615 1088 5674 Patrum
1146 5615 1512 5685 monumentis
1567 5615 1759 5669 hausta
1803 5612 1956 5685 apud

374 5683 670 5753 Georgium
732 5683 1113 5740 Colvenerinm
1179 5687 1232 5739 in
1289 5683 1406 5739 Kal.
1441 5683 1688 5739 Mariano
1747 5683 1957 5740 die'18

379 5755 582 5818 Martii,
611 5753 888 5811 Iustinum
921 5755 1374 5812 Micehoviensem
1408 5766 1555 5810 lomo
1581 5753 1622 5808 II
1657 5757 1711 5810 in
1742 5756 1958 5811 litanias

381 5825 747 5893 Lauretanas,
799 5842 964 5894 super
1016 5827 1151 5885 illud
1209 5827 1357 5898 Virg.
1405 5826 1642 5900 elogium
1689 5841 1706 5881 :
1754 5827 1958 5900 Regina

2057 5057 2374 5118 martyrum,
2410 5057 2462 5103 et
2491 5046 2852 5119 TheOphilnm
2884 5046 3242 5119 Raynaudnm
3270 5046 3326 5119 in
3364 5039 3650 5116 Diptychis

2057 5115 2319 5173 Marianis
2357 5133 2408 5188 p.
2443 5123 2493 5187 t,
2527 5115 2731 5187 puncto
2760 5117 2817 5184 9,
2854 5134 2911 5172 n.
2939 5115 2993 5179 6',
3026 5118 3081 5178 7,
3108 5116 3140 5171 8
3168 5127 3220 5173 et
3262 5115 3315 5172 9.

2131 5189 2243 5260 (l7)
2272 5187 2428 5242 Laete
2454 5190 2716 5254 nutriens,
2757 5198 2807 5243 et
2852 5191 2992 5259 virgo
3025 5205 3267 5261 _manens.
3303 5187 3492 5261 Virgo,
3526 5201 3648 5261 ιιιιι-

2058 5257 2195 5317 nens
2225 5262 2412 5330 virgo,
2471 5261 2553 5330 lac
2590 5261 2794 5314 habere
2821 5257 3147 5314 naturaliter
3174 5275 3285 5330 non
3323 5257 3523 5329 potest.
3560 5257 3650 5312 Li-

2057 5343 2145 5387 cet
2202 5328 2346 5386 euiin
2415 5331 2471 5384 S.
2514 5329 2678 5399 Virgo
2719 5330 3008 5394 Liduvina,
3041 5338 3096 5384 et
3137 5328 3259 5400 alia:
3289 5328 3536 5400 quaedam
3587 5329 3644 5385 in

2060 5410 2222 5457 nocte
2279 5402 2569 5456 Dominicae
2623 5401 2936 5455 Nativitatis
2985 5402 3123 5455 lacte
3157 5399 3538 5469 redundarint,
3590 5409 3651 5454 ut

2061 5474 2260 5527 habent
2309 5473 2441 5526 Acta
2496 5471 2740 5542 ejusdem
2774 5471 2830 5526 S.
2871 5470 3148 5525 Liduvinaa
3196 5470 3293 5526 lib.
3325 5490 3384 5537 ll,
3425 5488 3549 5543 cap.
3591 5471 3647 5536 4,

2061 5555 2242 5598 tamen
2293 5543 2374 5598 Iun
2407 5544 2644 5613 virgines
2675 5544 2760 5595 lac
2795 5557 2902 5596 non
2944 5543 3258 5613 habuerunt
3293 5545 3644 5605 naturaliter,

2062 5616 2156 5674 sed
2194 5629 2356 5683 supra
2394 5612 2604 5669 naturae
2635 5613 2881 5668 debitum
2905 5621 2973 5683 iet
3008 5612 3384 5683 ellicacitatem
3423 5616 3504 5668 lac
3531 5614 3650 5683 illis

2067 5681 2437 5756 suppeditavit
2471 5684 2645 5756 Dens.
2668 5682 2956 5756 Quomodo
2993 5690 3174 5756 autem
3200 5681 3367 5756 fuerit
3407 5684 3492 5738 lac
3527 5682 3650 5738 Vir—

2070 5753 2188 5826 gini
2217 5757 2428 5826 absque
2458 5756 2576 5811 viro
2603 5753 2758 5810 Matri
2793 5756 3000 5825 nptime
3026 5754 3282 5826 edisserit
3306 5753 3648 5826 _flaynaudus

2066 5824 2122 5885 i'n
2148 5824 2429 5902 Diptycbis
2458 5826 2716 5886 Marianis
2758 5842 2811 5900 p.
2839 5824 2894 5892 ι,
2922 5839 2975 5898 p.
3017 5825 3073 5893 8,
3111 5840 3265 5884 num.
3296 5824 3352 5884 2.
