4124 6320
454 362 523 426 57
1235 363 1520 425 ORATIO
1549 364 1648 426 VI.
1677 389 1743 400 -ο
1779 359 1860 425 IN
1888 363 2199 426 CHRISTI
2238 361 2755 426 NATIVITATEM
2798 363 2914 425 III.
3643 367 3711 431 58

453 476 554 532 hoc
578 473 744 530 etiam
781 488 910 547 erga
946 468 1196 530 homines
1227 477 1456 540 amoris,
1496 491 1604 530 non
1649 477 1811 532 modo
1844 477 2020 547 ipsum
2048 478 2103 539 Α
2127 475 2370 531 ferentes
2409 490 2530 544 quae
2577 488 2807 543 nequam
2871 473 3152 545 Synagoga
3201 475 3453 530 molictor
3486 476 3540 531 in
3590 477 3713 546 ejus

451 570 708 626 advenire
730 568 967 633 amictis,
995 577 1049 624 et
1068 570 1352 638 angustias
1385 570 1718 636 patientibus
1747 569 2026 637 solatium,

453 663 546 718 sed
582 661 954 732 praenuntiam
983 676 1202 730 quoque
1248 661 1594 727 beneficium,
1625 669 1685 715 ut
1719 677 1814 731 spe
1862 663 2030 716 bono-

454 769 571 808 rum
600 753 772 808 levior
804 762 949 807 esset
989 753 1258 806 malorum
1289 753 1554 822 gravitas,
1587 761 1640 806 et
1676 767 1739 806 ea
1771 764 2025 822 tanquam

453 861 577 902 rore
609 847 920 900 mitesceret
964 843 1185 899 flamma
1236 843 1509 900 dolorum.
1559 844 1827 899 Caeterum
1863 859 2032 900 senex

453 937 670 1009 quidem
688 938 1018 1008 decrepitus,
1051 949 1102 993 et
1123 939 1385 996 sacerdos
1403 940 1514 1011 (18)
1541 940 1832 1010 antiquiori
1858 956 1916 995 se
1943 939 2029 994 ln-

455 1030 588 1084 fanti
635 1045 831 1084 manus
863 1030 929 1085 ad
960 1030 1345 1102 excipiendum
1399 1032 1598 1086 obtulit
1640 1033 1942 1100 ministras,
1975 1038 2032 1087 et

455 1122 650 1178 futura:
684 1124 883 1179 salutis
912 1123 1203 1178 decantato
1240 1126 1442 1196 hymno
1481 1126 1784 1180 mercedem
1809 1128 2030 1198 accipit,

457 1225 512 1268 ut
541 1215 830 1270 evinculis
866 1216 1150 1286 corporeis
1183 1217 1381 1273 avolet.
1415 1215 1554 1284 Quid
1590 1234 1753 1288 porro
1787 1236 1906 1285 nos,
1937 1222 2028 1289 qui

454 1313 785 1360 vetustatem
826 1304 1184 1375 deposuimus
1239 1309 1542 1374 regenerati
1577 1323 1672 1376 per
1720 1311 2029 1378 generatio-

455 1411 578 1451 nem
605 1435 622 1462 ,
676 1395 770 1468 qui
819 1398 984 1452 oblati
1027 1413 1218 1453 sumus
1263 1397 1410 1452 Patri
1453 1399 1759 1455 ministerio
1792 1401 2030 1456 humano

456 1486 640 1548 dilecti
689 1486 812 1542 Filii
861 1485 1015 1556 ejus,
1063 1489 1207 1557 quod
1256 1488 1646 1554 ministerium,
1695 1491 1840 1560 quod
1871 1492 2034 1547 obse-

456 1579 570 1648 quii
615 1580 893 1651 specimen
947 1579 1295 1636 oﬂ‘eremusi
1352 1583 1434 1636 An
1480 1591 1629 1661 certe
1665 1585 2032 1654 nosmetipsos
2075 1605 2083 1614 ·

455 1672 770 1737 oneremus,
803 1685 1030 1744 propter
1058 1690 1198 1746 quos
1233 1683 1380 1730 tanta
1416 1677 1741 1742 exinanitio,
1775 1687 2034 1749 tantaque

456 1764 874 1832 condescensio,
900 1775 958 1822 ut
987 1770 1252 1838 integram
1285 1784 1567 1826 servemus
1590 1771 1906 1840 imaginem,
1932 1787 2034 1826 nec

458 1857 606 1913 vitiis
655 1859 954 1916 obruamus
1003 1861 1218 1917 colores
1271 1861 1447 1930 vivos,
1502 1864 1703 1933 quibus
1765 1864 2032 1934 picturam

458 1964 613 2005 suam
661 1952 878 2007 ornavit
909 1951 1175 2010 Dominus
1208 1954 1233 2009 ?
1280 1954 1376 2008 Sin
1409 1956 1612 2019 minus,
1662 1963 1722 2012 ut
1752 1971 1859 2011 non
1890 1957 2035 2013 osci-

458 2049 639 2098 tanter
669 2060 1049 2114 repurgemus.
1082 2047 1176 2103 sed
1208 2047 1452 2118 pulchris
1480 2047 1676 2102 iterum
1708 2047 2034 2106 decoremus

457 2132 604 2188 illam
638 2135 918 2191 coloribus
945 2135 970 2191 ?
1016 2135 1239 2194 Fiamus
1265 2137 1448 2194 Patris
1479 2139 1734 2196 altissimi
1763 2139 1879 2207 lilii,
1911 2155 2038 2209 pro-

457 2233 580 2295 pter
625 2241 749 2281 eum
800 2227 895 2298 qui
925 2242 991 2282 ex
1041 2230 1229 2284 intimo
1269 2231 1604 2288 conditionis
1655 2241 1858 2288 nostra:
1912 2233 2034 2290 loco

459 2314 684 2372 Matrem
728 2320 968 2391 agnovit.
1006 2320 1230 2380 Fiamus
1275 2321 1370 2381 Dei
1409 2324 1713 2396 templum;
1759 2325 1864 2380 hoc
1887 2326 2030 2382 enim

457 2417 544 2465 est
562 2425 674 2488 quo
706 2419 918 2481 spectat
947 2413 1216 2471 adventus
1244 2415 1338 2471 Dei
1365 2416 1432 2470 ad
1469 2418 1736 2473 homines.
1761 2417 2034 2476 Ornemus

460 2496 725 2553 virtutum
767 2499 1016 2558 donariis
1044 2505 1412 2576 nosmetipsos
1433 2545 1448 2574 ,
1481 2513 1535 2560 et
1568 2506 1847 2563 latitantes
1874 2509 2034 2579 quasi

460 2586 529 2645 de
560 2589 805 2646 latibulis
829 2603 1140 2663 serpentes,
1171 2611 1370 2666 pravos
1406 2596 1631 2655 ati‘ectus
1659 2602 1808 2656 omni
1833 2609 2032 2658 conatu

460 2678 764 2748 ejiciamus.
811 2681 1142 2752 Aperiamus
1183 2702 1378 2743 manus
1414 2691 1702 2746 conservis
1735 2690 2032 2758 beneﬁcus,

461 2770 554 2838 qui
594 2771 735 2826 bona
782 2787 1026 2843 qua:un
1059 2789 1090 2829 a
1123 2774 1354 2832 Domino
1406 2781 1733 2852 recepimus.
1803 2783 2034 2838 Humani

462 2860 791 2934 benignique
817 2869 1011 2931 simus,
1031 2869 1125 2939 qui
1160 2869 1546 2941 benignitatem
1575 2874 1783 2942 experti
1819 2891 2031 2931 sumus.

461 2953 542 3011 Ad
577 2957 881 3027 spiritualis
911 2959 1310 3017 incrementum
1343 2965 1704 3020 ascendatnus
1733 2969 1932 3032 aatatis,
1964 2969 2036 3024 ob

460 3045 581 3116 ejus
599 3050 987 3116 reverentiam,
1013 3054 1105 3122 qui
1131 3055 1310 3108 aetatis
1335 3055 1669 3124 imperfecta:
1697 3058 1816 3122 fuit,
1849 3068 1908 3113 ut
1935 3075 2034 3115 nos

2133 569 2554 642 primogenitmn
2599 583 2616 634 ;
2668 580 2768 621 nec
2816 566 2946 620 illud
2982 583 2996 620 :
3041 565 3210 621 Tuam
3253 570 3420 637 ipsius
3475 571 3714 625 animam

2133 661 2472 734 pertransibit
2497 659 2705 730 gladius
2729 659 2875 725 '3'“;
2902 659 2995 715 sed
3030 661 3146 714 lzela
3174 661 3488 727 all‘eramus,
3509 665 3716 718 benefi-

2135 756 2242 822 cia,
2271 755 2492 826 quibus,
2522 751 2913 806 uthtercditate
2931 753 3188 822 quadam,
3209 753 3359 808 orbis
3383 763 3542 809 terrae
3581 756 3716 809 lines

2139 845 2414 908 frttuntur,
2467 850 2815 896 recensentes
2847 841 3106 912 Virginis,
3136 843 3294 914 cujus
3335 847 3534 915 gaudio
3561 847 3718 902 dilati

2135 955 2347 995 sumus.
2383 938 2694 992 Clamemus
2721 936 2787 991 ad
2825 937 3232 992 immaculatam
3290 940 3507 1007 penitus
3543 937 3721 1008 Virgi-

2138 1046 2257 1086 nem
2294 1030 2406 1102 (19)
2441 1045 2576 1086 voce
2627 1044 2737 1084 non
2774 1028 2994 1098 indigna
3026 1048 3040 1086 :
3071 1029 3478 1099 Magnificamus
3507 1040 3580 1094 te,
3625 1047 3722 1101 per

2136 1119 2298 1194 quam
2359 1125 2426 1191 is,
2478 1127 2572 1196 qui
2613 1138 2701 1178 res
2733 1138 2959 1193 magnas
2997 1122 3180 1190 cflit-it,
3229 1139 3453 1179 suorum
3493 1141 3720 1196 operum

2137 1217 2433 1270 maximum
2481 1226 2532 1270 et
2574 1215 2810 1269 maxime
2846 1217 3172 1284 Stupentlnm
3206 1215 3415 1284 peregit
3451 1232 3467 1280 ;
3501 1232 3624 1286 quze
3666 1216 3722 1270 in

2137 1306 2257 1360 sinu
2328 1305 2547 1360 tenuisti
2606 1304 2977 1358 continentem
3064 1305 3270 1371 cmlos,
3329 1307 3488 1374 cujus
3558 1307 3727 1362 ubere

2137 1397 2379 1451 nutritus
2411 1407 2492 1450 est
2520 1395 2610 1466 qui
2642 1396 2898 1450 omnibus
2925 1411 2988 1450 ex
3022 1395 3189 1452 humo
3223 1398 3483 1452 alimenta
3512 1398 3714 1468 produ~

2137 1489 2235 1554 cit,
2280 1503 2402 1557 quae
2451 1489 2593 1543 inter
2629 1488 2884 1542 mulieres
2912 1503 3018 1542 una
3059 1488 3344 1543 benedicta
3373 1504 3450 1554 es,
3481 1499 3534 1544 et
3563 1490 3728 1544 bene-

2138 1587 2434 1641 dictionem
2483 1584 2818 1640 haereditatis
2866 1585 2988 1640 loco
3036 1585 3274 1640 ell‘udisti
3311 1586 3365 1639 in
3402 1587 3723 1644 universum

2138 1693 2332 1748 genus,
2376 1692 2472 1750 per
2503 1685 2556 1732 te
2589 1692 2620 1732 e
2645 1677 2805 1733 nobis
2841 1678 2946 1732 rite
2979 1676 3194 1742 sublata
3227 1677 3401 1732 invisa
3435 1687 3723 1748 parentum

2139 1767 2490 1823 haereditate.
2548 1765 2863 1836 IEnigmata
2924 1775 2976 1823 te
3031 1768 3256 1837 antiqua
3324 1768 3728 1838 praesignahant

2141 1861 2398 1926 Matrem,
2432 1868 2623 1930 partus
2660 1859 2921 1914 felicitate
2963 1859 3323 1928 praecipuam.
3364 1858 3646 1923 Thronus,
3671 1867 3726 1915 et

2141 1948 2402 2022 Forceps,
2422 1959 2476 2006 et
2503 1949 2711 2006 Domus
2739 1951 2913 2021 gloria
2946 1951 3130 2018 plena,
3154 1958 3208 2006 et
3230 1966 3573 2022 quaecunque
3595 1951 3722 2006 alia.

2141 2043 2412 2099 Videbant
2456 2043 2677 2114 quidem
2719 2044 2904 2108 oculi,
2955 2043 3178 2099 interim
3240 2053 3423 2100 tamen
3470 2045 3727 2100 umbram

2140 2135 2413 2200 videntes,
2465 2145 2520 2190 te
2565 2134 2857 2190 referentia
2911 2137 3213 2190 cernebant
3247 2137 3534 2209 mysteria.
3568 2138 3724 2193 Nunc

2143 2240 2277 2282 vero
2321 2234 2380 2280 tu
2409 2225 2526 2280 haec
2555 2225 2817 2295 prodiens
2863 2235 3051 2297 aperta
3098 2234 3151 2281 et
3177 2225 3469 2282 manifesta
3519 2225 3724 2292 reddis,

2143 2321 2373 2391 mutatis
2406 2320 2622 2382 umbris
2653 2319 2706 2375 in
2742 2320 2919 2376 lucem
2939 2321 3167 2392 gratiae.
3212 2319 3370 2376 Nunc
3415 2329 3469 2377 te
3515 2319 3728 2392 liquido

2139 2408 2531 2476 Cherubicum,
2577 2411 2686 2464 imo
2734 2410 3061 2464 nobiliorem
3141 2409 3514 2479 conspicimus
3574 2408 3728 2464 thro-

2141 2518 2294 2557 num.
2337 2499 2495 2556 Nune
2526 2512 2578 2557 te
2625 2501 2888 2573 forcipem
2922 2502 3275 2572 agnoscimus
3306 2501 3623 2570 igniferum,
3671 2508 3728 2554 et

2140 2595 2359 2666 plenum
2411 2594 2792 2650 sanctimonia:
2847 2595 3132 2663 templum.
3165 2593 3221 2648 ln
3274 2602 3330 2649 te
3365 2595 3509 2649 enim
3564 2595 3724 2664 quasi

2142 2691 2343 2743 throno
2383 2687 2653 2757 requievit
2686 2685 2972 2753 Dominus,
3004 2695 3058 2741 et
3093 2695 3354 2754 tanquam
3400 2687 3609 2757 forcipe
3639 2702 3728 2740 ar-

2143 2795 2331 2852 reptus
2362 2790 2469 2846 est,
2493 2796 2655 2852 quem
2693 2780 2828 2834 nihil
2859 2778 3003 2835 ferre
3038 2787 3215 2848 potest
3246 2797 3260 2845 ;
3287 2789 3342 2834 et
3372 2780 3528 2851 quasi
3564 2780 3727 2834 domo

2146 2881 2409 2943 exceptus
2445 2881 2554 2938 est,
2585 2871 2678 2943 qui
2709 2871 2826 2941 capi
2871 2855 3140 2940 nusquam
3174 2879 3371 2940 potest.
3415 2870 3578 2926 Beata
3604 2887 3729 2928 vere

2142 2980 2202 3020 es
2233 2965 2347 3019 sola
2388 2964 2532 3018 inter
2578 2961 2868 3024 mulieres,
2896 2977 3018 3032 quae
3053 2975 3153 3016 nos
3178 2963 3345 3016 etiam
3373 2970 3483 3016 tua:
3517 2963 3727 3019 felicis-

2145 3061 2300 3117 sima:
2324 3059 2604 3116 beatitatis
2643 3059 2822 3116 fecisti
2863 3058 3180 3129 participes.
3225 3058 3357 3120 Sed.
3390 3073 3423 3114 ο
3453 3057 3641 3131 Virgo,
3670 3071 3729 3117 et

460 3141 530 3197 ad
597 3147 803 3196 statum
869 3143 1168 3214 perfectum
1227 3148 1654 3216 perveniremus.
1730 3149 2032 3221 l‘urgentur
2059 3172 2103 3232 (ς
2134 3151 2326 3219 Mater,
2353 3152 2419 3209 de
2448 3151 2608 3222 cujus
2637 3151 3004 3206 immaculatis
3045 3151 3407 3221 sanguiuibus
3441 3152 3732 3210 formatio-

464 3230 589 3302 igne
639 3230 1039 3301 labia'nostra,
1089 3234 1216 3291 licet
1265 3237 1465 3308 quippe
1509 3246 1563 3292 et
1605 3239 1764 3294 nobis
1795 3255 2026 3310 prunam

463 3325 731 3394 attingere
767 3325 1156 3396 purgatricem.
1201 3328 1315 3382 Itno
1348 3343 1480 3383 vero
1509 3344 1633 3384 cum
1674 3345 1740 3386 eo
1770 3331 1876 3385 frui
1918 3331 2030 3401 jam

464 3416 626 3471 nobis
651 3415 742 3470 Dei
767 3416 1032 3472 beneficio
1061 3418 1372 3490 contigerit,
1403 3435 1470 3476 ne
1499 3422 1877 3492 purgationem
1901 3438 2039 3478 con-

465 3517 772 3566 temnamus
844 3526 966 3582 qua'
1024 3511 1150 3566 inde
1212 3521 1506 3568 consecuta
1568 3522 1670 3569 est.
1746 3515 1826 3570 Ita
1879 3532 2038 3572 acce-

465 3599 676 3665 dentes,
703 3606 823 3676 puri
857 3600 924 3660 ad
965 3620 1089 3660 eum
1125 3605 1216 3675 qui
1261 3606 1317 3660 in
1351 3606 1554 3676 templo
1584 3607 1744 3665 hodie
1788 3608 2034 3678 oﬂertur,

463 3708 591 3750 cum
633 3711 840 3752 annosa
880 3704 936 3752 et
975 3707 1126 3752 casta
1168 3699 1324 3752 Anna
1365 3700 1721 3756 conlitcamur
1758 3700 2032 3770 Domino,

467 3804 592 3844 cum
633 3791 916 3847 sacerdote
945 3789 1156 3845 dierum
1185 3791 1348 3861 pleno
1389 3792 1442 3846 in
1477 3791 1638 3848 ulnas
1666 3793 2028 3863 excipiamus.

463 3880 889 3939 Consalutetnus
915 3881 1140 3938 Matrem
1165 3897 1380 3954 semper
1417 3883 1702 3955 virginem,
1729 3899 1835 3940 non
1861 3900 1924 3940 ea
1949 3900 2034 3941 re-

572 3973 692 4009 ⁸⁸³⁸
717 3975 854 4031 Luc.
890 3991 951 4041 ιι,
984 3975 1074 4032 55.

2137 3261 2205 3299 ne
2259 3243 2419 3307 facta,
2463 3251 2721 3314 tanquam
2767 3242 2822 3296 in
2883 3243 3073 3298 codice
3100 3241 3341 3313 Verbum
3383 3244 3628 3313 legimus,
3673 3252 3731 3300 et

2144 3336 2375 3392 rationis
2435 3335 2777 3390 orbationem
2831 3333 3210 3405 deposuimus.
3277 3336 3398 3405 Ipsa
3448 3335 3587 3391 Filio
3635 3345 3731 3392 tuo

2143 3427 2415 3483 sermonis
2456 3427 2630 3482 nostri
2662 3439 2862 3481 munus
2886 3425 3085 3481 offerte
3117 3425 3254 3497 (20),
3283 3426 3562 3497 indignum
3598 3427 3730 3481 illud

2144 3536 2298 3585 sane,
2334 3536 2364 3574 a
2394 3535 2479 3576 me
2509 3529 2688 3575 tamen
2716 3519 3057 3575 elaboratum
3097 3519 3402 3575 honorante
3448 3520 3595 3591 quod
3636 3521 3730 3575 ille

2137 3614 2302 3670 hodie
2320 3627 2417 3684 pro
2443 3621 2634 3668 nostra
2657 3612 2836 3668 salute
2868 3611 3062 3683 gessit.
3095 3611 3300 3682 Accipe
3323 3613 3425 3668 hoc
3454 3629 3470 3679 ;
3503 3621 3556 3668 te
3579 3612 3727 3668 enim

2132 3705 2404 3776 adiutrice
2427 3720 2549 3761 mea
2584 3704 2780 3771 fretus,
2825 3703 3043 3773 suscepi
3076 3703 3318 3758 laborem
3356 3720 3372 3770 ;
3420 3720 3541 3775 qua:
3573 3720 3659 3760 me
3689 3719 3722 3760 ι

2129 3811 2300 3869 puero
2323 3796 2391 3852 ad
2423 3797 2563 3851 hanc
2587 3802 2801 3850 aetatem
2827 3793 3138 3865 protexisti,
3171 3801 3226 3849 et
3253 3803 3312 3848 ut
3355 3809 3572 3864 semper
3601 3809 3730 3866 pro-

2149 3896 2301 3960 tegas
2351 3903 2472 3944 oro.
2525 3886 2603 3942 Ne
2655 3893 2748 3940 tua
2785 3882 3249 3954 nos.ttcfcnsione
3285 3885 3576 3952 destituas,
3627 3885 3726 3942 sed

1941 4043 2178 4102 NOTIE.

510 4139 652 4214 -(I8)
686 4139 856 4214 Senex
881 4140 1086 4212 quidem
1118 4140 1409 4214 decrepitus
1436 4136 2043 4214 et_sacerdo_s.t_‘Symco-

465 4209 590 4269 nem
623 4209 917 4266 sanctitate
950 4221 1004 4266 et
1042 4213 1195 4265 senio
1236 4209 1627 4272 venerabilem,
1654 4209 2039 4276 qniChristum

467 4283 766 4338 Dominum
786 4283 838 4336 in
873 4298 970 4336 sua
996 4282 1426 4350 Praesentatione
1457 4280 1511 4333 in
1544 4283 1746 4349 templo
1793 4280 2042 4350 suscepit

466 4353 526 4409 in
588 4353 747 4407 ulnas
791 4367 943 4414 suas,
995 4353 1167 4407 fuisse
1230 4349 1593 4410 sacerdotem,
1632 4359 1861 4405 censent
1911 4349 2038 4404 cum

464 4422 649 4495 [scene
689 4434 877 4495 nostgo
927 4423 1214 4495 Lyrauus,
1262 4420 1569 4495 Dionysi_us_
1598 4419 2034 4495 Carthusianus,

463 4489 1141 4564 Caietanus,Franciseus
1158 4492 1355 4564 Lucas,
1389 4489 1443 4564 et
1472 4489 1695 4564 '_l_‘oletus
1751 4491 1807 4564 in
1839 4505 1960 4561 cap.
1986 4507 2036 4564 ιι

2151 4140 2516 4215 pensitemus,
2556 4146 2867 4212 invenietur
2915 4155 3065 4202 certe
3107 4144 3172 4200 ad
3211 4157 3424 4198 omnem
3465 4147 3726 4215 temporis

2148 4212 2510 4284 differentiam
2541 4215 2941 4271 extendendum
2984 4216 3119 4271 fore.
3164 4215 3391 4284 Negatio
3427 4212 3720 4280 euitn‘illa,

2147 4280 2236 4344 In,
2291 4283 2398 4337 vim
2455 4285 2782 4341 universalis
2841 4287 3042 4352 habet;
3084 4301 3146 4341 ac
3192 4280 3468 4340 si'doceat
3520 4287 3724 4344 nullam

2146 4368 2373 4427 prorsus
2403 4357 2671 4427 maculam
2697 4373 2872 4427 neque
2902 4359 3170 4412 actualem
3195 4356 3722 4427 nequeoriginalem

2147 4422 2434 4493 Deiparam
2471 4425 2756 4483 habuisse.
2784 4422 3079 4493 'Secundo,
3111 4422 3338 4496 quia,'si
3373 4422 3572 4481 femina
3601 4443 3724 4482 eor-

2142 4504 2303 4563 rupta
2363 4497 2552 4568 semel,
2606 4512 2712 4552 non
2764 4505 2944 4568 potest
2994 4499 3347 4568 imposterttm
3401 4498 3720 4568 incorrupta

467 4556 652 4637 Lucae,
687 4556 842 4637 ηοξ.-
869 4563 1206 4637 Athanasius
1241 4560 1450 4637 Lib._de
1474 4560 1765 4637 Communi
1795 4556 2035 4637 essentia
2071 4556 2114 4612 D
2145 4556 2487 4637 nuncupari;
2540 4556 2823 4637 quomodo
2882 4568 2983 4624 SS.
3050 4556 3250 4637 fetnina
3298 4568 3466 4622 Maria
3492 4607 3508 4633 ,
3545 4569 3591 4623 si
3624 4556 3726 4623 ali-

465 4633 669 4697 Patris,
694 4641 748 4689 et
769 4631 888 4689 Filii
912 4675 927 4701 ,
954 4633 1011 4689 S.
1042 4631 1858 4706 Cyrinusllierosolylnitanus
1881 4631 2035 4706 Orat.

465 4706 536 4761 de
561 4707 804 4760 Occursu
851 4698 1176 4768 Dominifs.
1214 4702 1551 4771 Epiphanius
1578 4698 1782 4756 ’Tract.
1828 4703 1896 4758 de
1936 4701 2038 4757 Pa-

467 4775 648 4831 tribus
686 4772 895 4831 Veteris
949 4773 1286 4831 Testautenti
1313 4813 1327 4837 ,
1369 4780 1422 4826 et
1461 4772 1716 4827 Canisius
1757 4772 1851 4827 lib.
1887 4787 1941 4828 tv
1970 4773 2039 4828 de

467 4846 896 4927 D_ei.para,__cap.
952 4845 1053 4927 t0_.
1111 4846 1338 4927 ideoque
1390 4852 1448 4896 ut
1488 4843 1830 4927 sacerdotem
1873 4842 2036 4927 bene:

466 4911 683 4986 dixisse,
720 4911 905 4986 Mariae
932 4927 986 4972 et
1017 4911 1264 4986 Joseph,’
1288 4911 1421 4986 Luc.
1463 4929 1523 4976 ιι,
1560 4926 1702 4986 vers.
1748 4911 2037 4986 54._Licet

465 5003 592 5042 eum
612 4985 782 5042 fuisse
798 4985 1019 5050 laicum,
1033 4982 1523 5046 non'saeerdotem,
1543 4982 1837 5052 opinentur
1854 4982 2034 5039 Theo-

466 5058 776 5130 phylacttts.
805 5055 1156 5130 Eu‘tbymius,
1190 5054 1509 5130 Jansenius,
1541 5062 1595 5106 et
1629 5052 1940 5130 Barradius,
1970 5069 2037 5109 ac

468 5125 816 5184 benedixisse
850 5125 1054 5191 Mariae,
1085 5142 1194 5181 non
1227 5133 1284 5180 ut
1320 5127 1681 5187 sacerdOtem,
1718 5125 1810 5180 sed
1857 5133 1915 5178 ut
1950 5139 2036 5179 se-

467 5214 615 5255 nem.
639 5197 790 5324 2\‘5ide
817 5197 1137 5254 Cornelium
1181 5212 1212 5252 a
1258 5195 1459 5266 Lepide
1501 5194 1556 5248 in
1604 5209 1726 5265 cap.
1770 5209 1808 5250 ιι
1850 5193 2034 5262 Lucae,

467 5285 611 5324 vers.
717 5309 732 5323 .

467 5285 611 5326 vers.
639 5285 732 5324 ID.

539 5339 651 5413 (i9)
691 5339 774 5394 Ad
802 5338 1200 5413 immaculatum
1225 5337 1431 5413 penitus
1461 5335 1748 5413 Virginem.
1773 5335 1850 5413 Ut
1871 5346 2035 5402 recte,

470 5405 579 5484 pie.
609 5405 662 5468 ἐι
693 5411 990 5484 prudenter
1021 5405 1234 5484 beatam
1269 5405 1565 5484 Virginem
1584 5408 1801 5484 penitus
1839 5409 2036 5484 intuta-

471 5477 819 5547 culattefimo
847 5480 1210 5536 immaculatte
1256 5481 1431 5534 solum
1475 5477 1696 5531 nomine
1741 5477 2037 5547 compella-

469 5561 581 5606 tam
620 5568 743 5609 esse
768 5553 1036 5616 dicamus,
1073 5550 1218 5604 facili
1247 5549 1570 5606 deductione
1613 5561 1860 5603 asserere
1903 5550 2034 5602 lice-

470 5621 553 5678 bit
579 5637 698 5680 eatn
732 5623 878 5677 omni
905 5636 1130 5691 prorsus
1157 5619 1366 5687 peccati
1395 5619 1678 5689 originalis
1709 5617 1920 5691 macula
1948 5632 2040 5691 ea-

468 5694 666 5749 ruisse.
728 5686 1200 5764 Primo'quidetu,
1237 5694 1364 5764 quia
1397 5686 1582 5764 (utfin
1615 5703 1716 5764 suo
1753 5686 2037 5764 Tract._de

469 5764 733 5835 Concept.
764 5778 887 5831 cap.
919 5759 1007 5826 i3.
1049 5763 1220 5835 inquit
1261 5759 1494 5835 Lezana)
1529 5761 1584 5835 _sl
1621 5760 1736 5835 vim
1790 5760 2036 5830 negatio—

471 5836 580 5901 nis,
611 5830 733 5907 qua:
759 5830 856 5905 per
885 5848 1086 5889 nomen
1117 5832 1465 5886 Immaculata
1496 5830 1853 5902 significatur,
1889 5836 2035 5886 reete

2150 4633 2371 4710 quando
2398 4633 2718 4710 originalem
2750 4638 3018 4710 maculam
3053 4636 3249 4710 fuisset
3280 4652 3559 4708 perpessa,
3595 4646 3722 4710 pos;

2150 4714 2234 4760 set
2265 4706 2620 4778 intposterutu
2653 4708 3000 4762 immaculata
3028 4708 3256 4762 vocari?
3282 4706 3418 4762 Cum
3445 4724 3577 4778 ergo
3595 4706 3724 4778 pas-

2151 4778 2254 4830 sim
2288 4775 2662 4845 imtnaculata,
2702 4778 2813 4834 imo
2841 4793 3069 4847 prorsus
3099 4780 3446 4833 immaculata
3481 4775 3722 4834 a'PSttri-

2151 4847 2254 4900 bus
2285 4853 2356 4918 et
2395 4849 2645 4904 conciliis
2691 4850 3014 4918 appelletur,
3061 4850 3277 4918 signum
3337 4857 3421 4905 est
3466 4849 3613 4903 illam
3651 4851 3720 4906 ab

2150 4916 2832 4988 omnipenitusoriginali
2865 4920 3079 4973 macula
3120 4916 3290 4974 fuisse
3325 4921 3645 4975 immunem.

2223 4986 2336 5056 (20)
2377 4985 2501 5054 Ipsa
2560 4985 2700 5043 Filio
2733 4999 2820 5044 tuo
2869 4989 3127 5043 sermonis
3175 5006 3367 5044 munus
3398 4990 3606 5058 olferto.
3654 4989 3721 5044 Et

2149 5054 2402 5111 Caesareo
2437 5058 2652 5129 Leonis,
2667 5061 2938 5129 exemplo,
2977 5069 3032 5115 et
3057 5059 3158 5114 SS.
3181 5061 3400 5114 Patrum
3431 5054 3718 5126 suasioae,

2152 5135 2211 5180 ut
2243 5136 2430 5201 nostra
2461 5130 2599 5201 sint_
2626 5128 2740 5201 Deo
2776 5128 3001 5201 munera
3035 5135 3295 5201 gratiora,
3339 5129 3520 5184 Mariae
3567 5131 3720 5200 prius

2150 5197 2425 5270 manibus,
2461 5214 2562 5270 per
2588 5199 2687 5270 has
2716 5199 2824 5254 Deo
2862 5197 3160 5264 otierenda,
3197 5202 3523 5270 consignare
3559 5197 3722 5255 deho-

2151 5281 2292 5321 mus.
2350 5267 2486 5321 Hinc
2531 5267 2588 5322 S.
2639 5268 2947 5324 Bernardus
2992 5271 3046 5324 in
3095 5287 3260 5326 sertn.
3314 5267 3380 5325 de
3421 5269 3599 5324 Nativ.
3654 5271 3717 5326 Β.

2150 5335 2297 5411 Virg.
2353 5338 2471 5411 ait:
2504 5337 2788 5411 Modicum
2822 5340 2981 5404 illud,
3027 5341 3165 5411 quod
3207 5341 3395 5409 offerre
3423 5341 3716 5408 desideras,

2147 5408 2466 5478 gratissimis
2495 5410 2624 5470 illis.
2662 5419 2710 5464 et
2746 5413 2888 5464 omni
2917 5408 3212 5478 acceptione
3242 5408 3564 5478 dignissimis
3601 5411 3718 5465 Μα-

2149 5481 2246 5532 ria:
2307 5479 2548 5534 uianibus
2596 5479 2919 5547 offerendum
2966 5483 3174 5535 tradere
3205 5499 3356 5542 cura,
3406 5484 3452 5535 si
3492 5499 3596 5538 non
3642 5485 3716 5536 vis

2151 5551 2409 5622 sustinere
2461 5553 2747 5622 repulsam.
2808 5551 3084 5622 Consonat
3154 5553 3413 5606 Albcrtus
3487 5551 3720 5622 Magnus

2151 5635 2314 5693 serm.
2365 5619 2430 5693 in_
2469 5618 2826 5693 Dominicaﬁi
2856 5631 2987 5693 post
3023 5621 3241 5676 Pentec.
3286 5622 3354 5676 de
3401 5623 3462 5693 B.
3496 5618 3720 5693 Virgine

2151 5691 2254 5761 sub
2285 5689 2506 5744 nomine
2551 5687 2825 5746 Naviculaa
2856 5687 2922 5746 ἰιι
2976 5692 3120 5746 hunc
3179 5693 3398 5746 modum
3442 5687 3714 5761 quuc'ns:

2151 5760 2355 5816 Bonum
2393 5770 2490 5830 est,
2526 5762 2850 5826 charissimi,
2873 5773 2928 5815 ut
2955 5779 3047 5816 nos
3071 5774 3365 5830 peccatores
3403 5760 3717 5818 munuscula

2149 5843 2358 5897 nostra,
2386 5829 2440 5883 id
2473 5841 2572 5896 est,
2601 5833 2882 5901 orationes,
2919 5829 3208 5904 lacrytuas,
3251 5833 3626 5903 eleemosynas,
3655 5849 3717 5887 ac
