4098 6292
499 349 574 416 63
1722 339 2002 402 LEONIS
2042 335 2515 402 PHILOSOPHI
3694 331 3768 400 64

503 456 661 515 lcstia
697 472 763 513 ac
808 456 1096 510 vexatione
1143 452 1428 508 liberasset
1460 470 1475 508 :
1519 451 1598 508 illi
1651 463 1857 517 autem,
1892 452 1986 522 qui
2021 451 2075 506 in
2106 495 2115 507 .

2217 452 2281 522 ἧς
2315 449 2591 521 βοηθείας,
2627 446 2725 501 καὶ
2760 448 2827 518 τῇ
2865 445 3060 517 μακρὰ
3107 445 3521 515 κεκακωμένων
3552 447 3777 520 φρουρᾷ

476 553 720 610 inferno
771 550 932 619 positi
983 554 1186 612 essent,
1238 546 1486 616 ejusdem
1538 544 1897 599 nihilominus
1955 546 2074 614 opis

2219 546 2276 598 δν
2334 541 2706 613 ἐλευθερωτὴν
2763 539 3156 612 ἐκδεχομένων,
3195 539 3255 602 ὃς
3305 539 3448 610 ὑπὲρ
3500 540 3624 596 ὅλου
3673 540 3773 595 τοῦ

505 643 832 712 indigerent,
858 639 1228 705 diuturnoque
1253 649 1477 689 carcere
1506 633 1717 698 afflicti,
1748 631 2078 700 Redempto-

2217 638 2391 706 ;όσμου
2423 635 2527 690 τῶν
2583 633 2850 703 οὐρανίων
2907 631 3134 704 ἐλήλυθε
3191 631 3398 704 θρόνων
3422 648 3438 665 ⁸
3487 631 3587 705 τὴν
3616 632 3778 687 λύσιν

508 752 623 791 rem
659 740 1064 803 exspectarent,
1101 731 1281 798 ipsum
1335 728 1548 797 utique,
1598 727 1692 797 qui
1742 740 1841 794 pro
1893 723 2080 778 mundi

2221 730 2296 784 ῶν
2335 728 2486 782 κάτω
2519 726 2754 798 δεσμίων
2813 723 3364 796 πραγματευόμενος,
3406 726 3500 779 καὶ
3546 724 3778 794 φθάνειν

507 819 687 880 ιοιὶυέ
728 825 904 880 salute
965 838 1030 877 ex
1080 819 1333 876 aethereis
1383 819 1604 874 sedibus
1662 818 1944 883 venisset;
1987 831 2083 870 eos

2217 824 2298 894 τὴν
2327 820 2608 892 εὐεργέτιν
2640 823 2798 891 χεῖρα
2826 821 2931 873 κάν
2981 822 3095 883 τοῖς
3145 819 3230 871 ἐπ’
3263 817 3468 888 ἔσχατα
3499 818 3602 888 γῆς
3655 812 3780 872 οὖσι

506 912 789 967 exsolvere
838 910 1088 975 moliens,
1135 910 1228 979 qui
1295 906 1508 962 inferne
1550 907 1716 961 vincti
1746 915 2084 971 tenerentur,

2217 911 2652 984 τροαιρούμενος,
2672 913 2764 964 ἐπὶ
2797 910 3175 981 Ἰερουσαλὴμ,
3204 909 3238 978 ἢ
3261 911 3382 972 ταῖς
3411 909 3520 962 τῶν
3549 909 3780 964 δικαίων

513 1017 854 1072 manumque
899 1002 1198 1055 beneficam
1254 1001 1320 1053 ad
1361 1013 1456 1055 eos
1497 1013 1716 1069 quoque
1745 997 1933 1052 volens
1966 1011 2088 1065 per-

2217 1004 2406 1075 ;τρύφα
2443 1005 2700 1071 σφαγαῖς,
2733 1003 2761 1054 ὁ
2789 999 2898 1054 τῶν
2941 999 3168 1054 δικαίων
3218 998 3348 1062 Θεὸς
3401 998 3778 1071 παραγίνεται

511 1096 740 1166 tingere,
788 1094 877 1165 qui
914 1097 967 1147 in
1013 1102 1172 1148 terra:
1204 1091 1403 1147 infimis
1433 1092 1643 1146 sinibus
1689 1097 1934 1160 agerent,
1969 1089 2092 1144 Hie-

510 1189 847 1258 rosolymam
875 1227 891 1253 ,
915 1201 1036 1255 quae
1064 1186 1339 1254 justorum
1368 1185 1608 1239 caedibus
1636 1184 1914 1248 gauderet,
1950 1181 2094 1254 Deus

507 1279 786 1349 justorum
837 1278 1014 1339 venit,
1057 1285 1170 1329 tum
1229 1283 1404 1330 morte
1457 1290 1574 1339 sua,
1622 1285 1848 1330 mortem
1881 1289 2092 1344 peremo

511 1380 727 1441 pturus,
789 1379 900 1423 tum
947 1368 1092 1439 quod
1149 1369 1335 1431 sciret,
1383 1369 1560 1422 nullos
1608 1368 1744 1422 alioe
1774 1367 1874 1435 ipsi
1903 1367 2095 1421 mortis

513 1470 768 1515 auctores
827 1458 962 1524 fore,
1019 1469 1211 1529 praeter
1241 1475 1335 1513 eos
1371 1474 1507 1529 quos
1539 1459 1822 1528 sanguinis
1863 1458 1996 1525 justi
2032 1472 2096 1512 ac

513 1551 821 1628 innocentis
869 1552 991 1606 sitis
1042 1563 1302 1621 perpetua
1359 1551 1615 1616 haberet;
1648 1552 1741 1620 qui
1782 1561 1836 1604 et
1886 1550 2097 1614 oculos,

514 1659 581 1700 ac
610 1653 845 1700 mentem
875 1661 984 1714 pra:
1036 1644 1238 1698 invidia
1265 1644 1613 1706 clausissent,
1649 1643 1906 1712 omnique
1933 1643 2100 1713 proba

516 1752 584 1795 ac
634 1740 770 1809 grati
808 1738 982 1801 animi
1007 1736 1294 1793 affectione
1328 1753 1392 1791 ex
1425 1736 1625 1792 stolido
1652 1736 1817 1792 corde
1846 1736 2095 1806 expulsa,

517 1831 822 1886 deteriores
871 1845 1086 1899 semper
1137 1829 1418 1884 beneflciis
1442 1827 1841 1892 redderentur;
1873 1828 2102 1883 divinae—

513 1936 624 1993 que
681 1924 938 1994 congruis
985 1922 1254 1992 majestati
1303 1921 1598 1992 operibus,
1650 1923 1707 1976 in
1761 1919 1857 1976 Dei
1914 1936 2102 1976 necem

2200 1095 2417 1164 θανάτῳ
2461 1094 2559 1164 μὲν
2586 1092 2771 1163 οἰκείῳ
2795 1091 2887 1148 τὸν
2925 1091 3154 1144 θάνατον
3189 1090 3453 1154 ὲξολέσων
3475 1105 3490 1120 ·
3533 1089 3780 1160 ἐργάτας

2198 1189 2254 1242 δὲ
2277 1187 2370 1242 τοῦ
2388 1187 2616 1242 θανάτου
2636 1184 2812 1249 εἰδὼς,
2835 1184 2956 1256 οὐχὶ
2980 1186 3203 1255 ἑτέρους
3225 1185 3258 1255 ἢ
3282 1182 3545 1251 ἐκείνους,
3597 1183 3648 1236 οῖ
3689 1182 3782 1237 ἀεὶ

2200 1280 2399 1349 ἐδίψων
2426 1279 2578 1332 ὁσίου
2631 1277 2901 1347 αἵματοςο
2955 1276 3006 1330 οἳ
3051 1277 3144 1330 καὶ
3191 1274 3524 1344 ὀφθαλμοὺς,
3552 1276 3648 1329 καὶ
3666 1276 3782 1330 διά-

2200 1390 2350 1426 νοιαν
2378 1370 2556 1440 φθόνῳ
2581 1368 3000 1439 μύσαντες,,καὶ
3027 1370 3210 1421 πᾶσαν
3229 1366 3652 1438 εὐγνωμοσύνην
3675 1366 3779 1436 τῆς

2203 1464 2406 1518 ἀτόπου
2432 1463 2658 1532 καρδίας
2679 1460 3036 1524 κενώσαντες,
3067 1460 3285 1531 χείρους
3306 1459 3394 1513 ἀεὶ
3414 1462 3532 1523 ταῖς
3551 1461 3779 1530 εὐεργε-

2207 1558 2347 1621 σίαις
2375 1554 2642 1624 ἐγίνοντο,
2675 1553 2768 1609 καὶ
2799 1557 2910 1617 τοῖς
2932 1553 3262 1623 θεοπρεπέσι
3289 1552 3399 1606 τῶν
3429 1550 3608 1624 ἔργων
3642 1550 3784 1621 πρὸς

2210 1645 2521 1703 θεοκτονίαν
2557 1646 2861 1716 ὴκονῶντω
2893 1644 3104 1699 ἐκεῖθεν
3137 1644 3218 1706 είς
3249 1642 3544 1712 θεομαχίαν
3574 1641 3786 1712 προκόο

2214 1756 2460 1803 πτοντες,
2487 1738 2610 1792 ὅθεν
2667 1737 2888 1806 εὐλογον
2929 1739 3018 1800 είς
3065 1735 3398 1804 θεογνωσίαιν
3441 1749 3788 1805 χειραγωγηυ

2210 1829 2635 1901 θέντας,,ἄκραν
2664 1826 2798 1882 αίδὼ
2861 1829 2959 1882 καὶ⁹
3006 1826 3303 1896 θεραπείαν
3337 1823 3631 1896 φυλάττειν
3673 1821 3788 1878 τῶν

2166 1981 2168 1983 ,
2215 1922 2532 1996 παραδόξων
2565 1922 2745 1994 ἔργων
2781 1920 2858 1990 τῷ
2893 1923 3117 1992 ποιητῇ.

516 2024 888 2082 acuerentur;
927 2015 980 2069 in
1013 2014 1106 2070 Dei
1137 2015 1262 2070 inde
1293 2014 1516 2082 bellum,
1549 2023 1713 2085 atque
1743 2015 1926 2069 odium
1968 2030 2380 2085 promoventes,
2426 2018 2572 2074 unde
2621 2034 2719 2090 par
2767 2023 2912 2081 erat,
2965 2023 3026 2069 ut
3097 2015 3246 2072 velut
3315 2031 3480 2072 manu
3550 2015 3607 2071 in
3685 2012 3785 2072 Dei

517 2107 882 2178 cognitionem
921 2108 1092 2169 ducti,
1117 2122 1331 2163 summa
1379 2107 1682 2164 reverentia
1709 2120 1773 2161 ac
1816 2107 2162 2164 veneratione
2191 2111 2272 2167 sic
2302 2111 2629 2168 mirabilium
2668 2125 2897 2182 cperum
2927 2107 3240 2164 eﬂectorem
3297 2096 3782 2180 prosequerentur.

589 2200 670 2253 Ac
727 2199 856 2253 olim
892 2199 1110 2268 quidem
1175 2200 1270 2254 ira:
1324 2198 1566 2254 fomitem
1631 2197 2095 2255 subministrabat

2268 2205 2376 2258 Καὶ
2407 2204 2573 2260 πάλαι
2607 2204 2706 2276 μὲν
2741 2199 2808 2275 ἦν
2835 2204 3019 2266 αὐτοῖς
3037 2201 3208 2272 ὀργῆς
3229 2201 3519 2272 πρόφασις,
3539 2201 3667 2275 ἄρτι
3696 2201 3782 2272 χοῖ

531 2290 696 2344 homo
745 2289 856 2357 ille,
891 2291 983 2361 qui
1018 2292 1132 2344 luto
1161 2291 1388 2356 oblitus,
1419 2304 1483 2345 ac
1519 2299 1682 2361 sputo
1713 2292 1892 2346 visum
1945 2306 2107 2347 recu-

519 2392 805 2455 peraverat
852 2382 924 2450 δ’,
957 2399 1068 2454 quo
1121 2384 1365 2453 privatus
1393 2398 1460 2438 ex
1510 2392 1666 2438 utero
1697 2393 1946 2439 materno
1977 2400 2106 2453 pro-

529 2485 780 2531 cesserat
832 2491 849 2530 :
903 2474 1142 2543 itemque
1206 2474 1317 2541 ille,
1368 2474 1528 2545 cujus
1581 2475 1747 2546 lepra:
1793 2490 2108 2545 squammas

522 2563 691 2626 verbo
739 2565 1072 2622 absterserat
1122 2565 1202 2633 ull;
1238 2581 1450 2621 necnon
1504 2567 1628 2631 ille,
1668 2581 1700 2621 ι
1745 2566 1908 2638 cujus
1943 2580 2107 2620 manu

525 2666 786 2728 tanquam
831 2673 996 2729 grave
1027 2673 1169 2712 onus
1197 2658 1429 2721 ariditas
1458 2659 1687 2729 depulsa
1724 2659 1904 2716 fuerat
1955 2659 2027 2723 δ’,
2055 2669 2111 2714 et

524 2748 582 2806 id
621 2758 793 2821 genus
836 2750 973 2817 alia;
1006 2758 1060 2802 at
1094 2765 1239 2804 nunc
1279 2750 1478 2806 furoris
1523 2748 1742 2805 ﬂamma
1787 2766 1982 2808 rursus
2011 2765 2109 2806 ex-

526 2842 852 2906 suscitatur,
906 2850 1200 2912 postquam
1257 2841 1420 2895 homo
1466 2850 1745 2908 mortuus,
1802 2844 1922 2913 ejus
1968 2858 2106 2913 pra:-

526 2945 688 3002 cepto
714 2932 864 2987 visus
896 2941 983 2987 est
1014 2932 1214 2986 inferni
1242 2947 1308 2986 ac
1340 2934 1538 2987 mortis
1569 2933 1843 3002 sprevisse
1871 2934 2017 3001 jura,
2045 2948 2110 2988 ac

528 3039 655 3081 cum
686 3023 819 3092 ipsis
854 3023 1056 3078 institis
1076 3036 1142 3076 ex
1181 3023 1433 3091 sepulcro
1473 3023 1668 3076 resiliit
1713 3023 1794 3076 ‘7:
1821 3032 2107 3092 postquam

529 3117 660 3171 item
709 3114 1002 3170 infantium
1053 3113 1239 3185 lingua
1266 3114 1338 3168 ob
1373 3117 1551 3168 aetatis
1582 3114 1801 3184 quidem
1837 3113 2107 3171 defectum

529 3206 844 3264 balbutiens
897 3205 966 3269 ",
1039 3201 1251 3275 Spiritu
1319 3216 1500 3259 autem
1562 3206 1790 3272 diserta,
1847 3206 2109 3263 victorem

532 3298 731 3354 mortis
762 3296 1088 3367 tlteologieis
1123 3297 1434 3352 decantavit
1470 3298 1740 3353 vocibus:
1775 3313 1898 3368 quae
1928 3307 2110 3354 autem

535 3390 755 3460 impuro
806 3405 900 3444 ore
957 3404 1172 3459 semper
1225 3389 1521 3443 volvebant
1577 3391 1819 3454 oracula,
1881 3404 1944 3445 ea
1997 3391 2110 3460 jam

534 3480 787 3534 videntes
839 3480 960 3550 ipso
1005 3480 1276 3550 completa
1321 3495 1505 3551 opere,
1555 3481 1738 3536 videre
1770 3480 2109 3547 noluerunt;

536 3567 688 3621 velut
719 3569 907 3638 utique
940 3567 1008 3622 ad
1065 3568 1344 3623 meliorem
1375 3577 1609 3624 mentem
1647 3570 1827 3626 redire
1854 3572 2107 3626 reveriti:
2140 3557 2184 3614 θ

539 3675 605 3716 ac
641 3660 791 3715 velut
841 3661 908 3715 ad
950 3676 1192 3715 amorem
1234 3675 1299 3715 ac
1346 3662 1750 3717 observantiam
1799 3663 2118 3719 benefacto-

539 3755 618 3810 ris
645 3753 884 3824 regredi,
915 3769 979 3808 ex
1015 3753 1081 3809 iis
1109 3769 1228 3823 qua:
1258 3753 1452 3809 fierent
1482 3753 1625 3809 haud
1660 3757 1904 3826 proclive
1930 3764 2115 3823 esset;

541 3861 712 3903 necve
749 3857 810 3900 ut
842 3847 916 3900 ita
947 3845 1304 3908 insanientes,
1333 3849 1614 3915 praesentis
1651 3846 1879 3902 remedii
1911 3862 1976 3901 ac
2011 3847 2114 3902 οὐ·

540 3937 775 3995 rationis
801 3936 1024 3993 donum
1074 3937 1418 4008 perciperent
1448 3958 1461 3993 :
1495 3939 1590 3994 sed
1622 3955 1746 3994 eum
1782 3953 1812 3992 a
1841 3940 2118 4010 principio

543 4029 602 4087 in
652 4046 821 4085 unum
865 4030 1017 4084 illum
1059 4029 1218 4085 linem
1259 4047 1362 4086 sua
1390 4033 1573 4086 omnia
1611 4031 1844 4086 consilia
1888 4047 2119 4088 conver-

544 4126 769 4190 tissent,
803 4134 865 4181 ut
898 4125 948 4180 ei
980 4141 1166 4182 necem
1207 4127 1494 4189 inferrent,
1531 4128 1623 4198 qui
1659 4128 1904 4197 ipsorum
1936 4128 2123 4184 deme-

544 4227 764 4276 reretur
816 4228 1067 4290 gentem;
1118 4235 1229 4274 non
1286 4221 1437 4290 prius
1487 4220 1822 4276 destiterunt
1848 4236 2015 4291 quam
2052 4219 2121 4276 ad

547 4313 870 4384 sanguinein
901 4313 1314 4382 prophetarum,
1361 4312 1517 4380 cujus
1551 4313 1660 4382 jam
1696 4313 1770 4367 rei
1807 4321 1989 4379 erant,
2021 4326 2125 4368 ca:-

547 4402 671 4458 dem
717 4418 936 4472 quoque
985 4401 1200 4456 Domini
1235 4403 1535 4472 alljieerent
1575 4422 1587 4456 :
1631 4404 1756 4457 inde
1792 4405 2123 4475 indignatio-

548 4498 640 4552 nis
690 4496 987 4551 occasione
1017 4504 1256 4566 sumpta,
1309 4499 1451 4549 unde
1485 4497 1587 4550 etsi
1635 4511 1740 4549 non
1774 4497 2037 4559 volentes,
2071 4505 2125 4549 at

549 4601 698 4648 certe
723 4593 992 4656 nolentes,
1016 4591 1408 4663 impudentiam
1437 4607 1591 4645 suam
1621 4591 1963 4646 verecundia:
1986 4607 2124 4661 pra:-

551 4691 706 4738 textu
752 4692 965 4737 mutare
1009 4689 1282 4754 poterant.
1333 4681 1601 4737 Caeterum
1661 4681 1866 4736 invidia
1921 4682 2123 4736 nullam

553 4776 794 4830 admittit
823 4776 1270 4838 admonitionem,
1304 4789 1368 4830 ac
1400 4774 1545 4846 quod
1578 4776 1872 4847 proverbio
1901 4776 2125 4843 dicitur,

554 4869 783 4924 auribus
843 4876 995 4923 caret
1051 4886 1067 4924 :
1120 4883 1452 4938 omnemque
1526 4867 1776 4924 medendi
1829 4869 2122 4934 rationem,

552 4959 822 5032 aegritudo
855 4958 1129 5029 ejusmodi
1181 4970 1452 5030 superat:
1505 4974 1613 5029 qua
1665 4961 1963 5015 etiamnum
2021 4959 2130 5017 He-

555 5054 827 5109 braeorum
903 5053 1183 5123 principes
1251 5052 1730 5107 irremediabiliter
1797 5054 2130 5119 laborantes,

555 5144 777 5200 interim
806 5141 1041 5198 infantes
1064 5143 1267 5197 diserta
1297 5144 1482 5212 lingua
1512 5156 1577 5197 ac
1615 5143 1926 5214 rectiloqua
1963 5144 2130 5198 Deum

557 5233 949 5303 depraedicant,
998 5232 1101 5301 ipsi
1154 5233 1436 5286 maledicta
1501 5233 1681 5303 lingua
1716 5214 2134 5289 conviciantur:

555 5322 625 5378 ac
672 5322 914 5378 infantes
969 5322 1187 5391 quidem
1237 5323 1388 5377 nullo
1440 5325 1665 5380 doctore
1718 5323 1918 5394 Regem
1969 5341 2138 5397 agno-

559 5422 744 5480 scunt,
793 5429 858 5468 ac
905 5414 1115 5470 honore
1171 5423 1611 5484 prosequuntur;
1647 5419 1892 5473 seniores
1925 5427 2130 5475 autem.

560 5506 767 5575 quique
822 5505 1157 5560 meditandis
1199 5506 1586 5576 prophetarum
1634 5507 1877 5563 oraculis
1923 5516 2134 5563 aetatem

562 5607 731 5654 totam
769 5598 1216 5669 insumpsissent,
1249 5601 1498 5656 eumdem
1531 5600 1806 5669 ignorant,
1840 5615 1902 5655 ac
1943 5601 2138 5659 salutis

563 5693 774 5751 auctori
815 5693 1093 5748 interitum
1129 5702 1348 5749 struunt
1377 5711 1390 5746 :
1424 5692 1584 5764 quasi
1631 5707 1696 5748 eo
1743 5695 1976 5750 consilio
2003 5693 2140 5750 divi-

2208 2297 2304 2351 καὶ
2353 2297 2629 2368 πτύσματι
2671 2294 2966 2366 λαμϐάνων
3011 2291 3073 2348 τδ
3127 2291 3347 2364 βλέπειν
3387 2293 3695 2364 ἄνθρωπος,
3727 2286 3792 2350 οὗ

2208 2389 2382 2457 πένης
2428 2387 2534 2444 τῶν
2577 2387 2861 2462 μητρικῶν
2907 2386 3171 2456 θαλάμων
3227 2386 3310 2448 είς
3345 2384 3460 2456 βίον
3501 2385 3789 2458 παρῆλθεο

2209 2483 2307 2538 καὶ
2336 2481 2589 2554 σώματος
2638 2481 2953 2551 λεπρῶντος
3007 2479 3217 2550 φολίδες
3265 2477 3631 2548 ἀποξεόμεναι
3693 2479 3794 2549 ρή-

2214 2588 2377 2642 ματιο
2418 2573 2513 2626 καὶ
2559 2573 2682 2643 χεὶρ
2719 2571 2794 2635 ὡς
2847 2569 2984 2642 βαρὺ
3021 2568 3242 2641 φορτίον
3288 2567 3658 2640 ἀποτιθεμένη
3693 2568 3798 2641 τὴν

2211 2665 2432 2736 ἀργίαν,
2469 2665 2565 2718 καλ⁸
2592 2663 2662 2717 τὰ
2687 2663 2885 2718 λοιπά·
2921 2662 3042 2716 νυν)⁸
3075 2660 3154 2725 δὲ,
3208 2659 3402 2725 ἁναζεῖ
3421 2660 3483 2713 τδ
3525 2660 3637 2730 πῦρ
3688 2660 3793 2730 τῆς

2212 2757 2413 2829 μανίας
2436 2757 2642 2820 αὐτοῖς,
2685 2755 2919 2825 ἐπείπερ
2951 2754 3127 2823 ἐφάνη
3168 2751 3460 2823 προστάξει
3514 2768 3822 2834 καταφροσὶ

2211 2856 2382 2926 νήσας
2434 2852 2562 2924 ᾅδου
2615 2851 2709 2903 καὶ
2740 2849 2944 2919 φθορᾶς
2993 2847 3283 2915 ἄνθρωπος
3310 2846 3526 2917 νεκρὸς,
3559 2846 3656 2902 καὶ
3678 2865 3796 2900 xst-

2215 2945 2362 3014 ρίαις
2411 2944 2602 3008 αὐταῖς
2655 2941 3011 3012 ἀναπηδήσας
3067 2938 3163 2994 τοῦ
3201 2940 3520 3008 μνήματος·
3573 2939 3672 2993 καὶ
3711 2939 3798 2994 ὅτι

2215 3035 2427 3091 παίδων
2456 3035 2700 3104 γλῶσσα,
2740 3032 2817 3103 τῷ
2861 3031 2959 3102 μὲν
3009 3032 3194 3086 ἀτελεῖ
3233 3031 3332 3102 τῆς
3362 3030 3578 3102 ἡλικίας
3603 3029 3790 3101 ψελλί-

2211 3126 2405 3191 ζουσα,
2453 3123 2725 3192 πνεύματι
2765 3121 2822 3175 δὲ.
2875 3121 3240 3192 τρανουμένη,
3275 3120 3547 3185 θεολόγοις
3589 3124 3799 3191 φωναῖς

2212 3216 2526 3287 ἐπευφήμει
2549 3215 2640 3269 τὸν
2656 3214 2884 3286 νικητὴν
2903 3213 2996 3268 τοῦ
3024 3214 3277 3268 θανάτουο
3304 3215 3399 3268 καὶ
3413 3213 3507 3278 οὓς
3531 3214 3800 3282 διηνεκῶς

2214 3309 2484 3381 ἐμελέτων
2500 3309 2782 3380 χρησμοὺς
2805 3307 3038 3378 στόμασι
3063 3310 3298 3379 μιαροῖς,
3324 3307 3548 3372 τούτους
3572 3307 3798 3362 ἐπὶτῶν

2214 3404 2394 3473 ἔργων
2440 3401 2812 3472 ἐκϐεϐηκότας
2870 3400 3130 3469 ὁρῶντες,
3179 3401 3315 3471 ὁρᾷν
3340 3400 3441 3454 οὐκ
3490 3388 3798 3466 ἐϐούλοντο,

2216 3494 2404 3565 ῶσπερ
2436 3493 2762 3564 φοϐούμενοι
2793 3495 3119 3564 σωφρονεῖν·
3164 3493 3287 3546 οὐδὲ
3332 3493 3468 3564 πρὸς
3511 3492 3800 3548 εὐλάϐειαν

2219 3586 2555 3656 καταστῆναι
2601 3585 2698 3638 τοῦ
2749 3584 3065 3655 εὐεργέτου,
3100 3585 3286 3655 ῥᾳδίου
3335 3584 3429 3638 τοῦ
3467 3585 3797 3656 πράγματος

2218 3680 2284 3732 ὲκ
2317 3677 2426 3731 τῶν
2453 3678 2755 3747 γινομένων
2807 3679 2959 3739 ὄντος
2979 3694 2992 3706 ·
3028 3677 3136 3730 οὐδ’
3189 3678 3305 3748 ἃμα
3335 3677 3435 3748 τῆς
3486 3677 3800 3748 παροινίας,

2220 3769 2504 3842 παρούσης
2530 3769 2632 3838 τῆς
2655 3769 2952 3840 θεραπείας
2977 3768 3163 3822 λαϐεῖν
3182 3783 3194 3799 ·
3227 3768 3344 3821 ἀλλ’
3374 3769 3628 3841 ἀπαρχῆς
3662 3772 3802 3841 πρὸς

2221 3863 2279 3916 ἓν
2318 3863 2479 3934 μόνον
2527 3861 2875 3934 ὡρμηκότες,
2912 3862 3001 3915 τὸν
3056 3862 3215 3932 φόνον
3247 3861 3342 3916 τοῦ
3390 3862 3545 3929 γένος
3577 3863 3804 3932 εὐεργε-

2219 3952 2461 4016 τοῦντος,
2516 3954 2577 4007 οὐ
2615 3955 2747 4023 πρὶν
2797 3953 3027 4022 ἀνῆκαν,
3066 3953 3261 4025 μέχρις
3310 3947 3371 4007 οὗ
3403 3955 3487 4022 ἐφ’
3527 3950 3608 4017 οἷς
3660 3950 3806 4025 ἦσαν

2223 4045 2399 4115 ἔνοχοι
2433 4047 2797 4114 προφητικοίς
2833 4043 3054 4115 αἵμασι,
3098 4043 3190 4096 τοῦ
3238 4045 3507 4098 Δεσπότου
3537 4045 3808 4115 προσέθη-

2223 4156 2328 4192 καν
2346 4137 2446 4208 τὴν
2482 4137 2699 4208 σφαγήν
2725 4152 2739 4165 ⁸
2777 4137 2895 4189 ἐκεῖ
2945 4128 3385 4206 χαλεπαίνοντες,
3415 4135 3476 4202 ἐξ
3528 4131 3588 4192 οὐ
3619 4132 3707 4208 ἦν,
3753 4137 3805 4190 εί

2224 4232 2318 4286 καλ⁸
2352 4234 2426 4301 μὴ
2458 4231 2704 4294 ἑκόντας,
2741 4228 2857 4283 ἀλλ’
2904 4230 3135 4292 ἄκοντας
3162 4227 3294 4297 γοῦν
3335 4228 3516 4293 αἰδοῦς
3548 4229 3808 4301 χρώματι

2229 4323 2555 4394 μεταϐαλεῖν
2585 4322 2683 4393 τὴν
2705 4322 3004 4376 ἀναίδειαν.
3039 4320 3180 4374 Ἀλλ’
3199 4322 3572 4390 ἀνουθέτητος,
3597 4324 3691 4376 καὶ
3705 4323 3809 4377 οὐκ

2225 4417 2363 4486 ἔχων
2387 4408 2532 4477 ὦτα,
2574 4413 2732 4467 τοῦτο
2770 4413 2834 4483 δὴ
2897 4415 2958 4465 τὸ
3005 4411 3101 4465 τοῦ
3136 4412 3297 4481 λόγου
3321 4451 3336 4477 ,
3367 4415 3395 4466 ό
3438 4413 3653 4482 φθόνος,
3708 4417 3808 4469 καὶ

2227 4506 2519 4576 φαρμάκου
2559 4503 2881 4573 βοηθοῦντος
2902 4505 3144 4574 ἀμείνων
3176 4509 3207 4572 ὴ
3236 4502 3450 4556 ἐκείνου
3484 4503 3768 4577 ἀρρωστία
3787 4519 3805 4534 ·

2225 4589 2269 4662 ᾧ
2310 4594 2403 4648 καὶ
2432 4595 2527 4648 νῦν
2561 4594 2803 4666 Ἑϐραῖοι
2832 4595 3136 4664 κάμνοντες
3170 4595 3538 4666 ἀθεράπευτα,
3593 4596 3809 4667 νηπίων

2226 4682 2608 4755 εὐθυρῤήμονιξ
2655 4683 2878 4755 γλώσσῃ
2934 4681 3330 4752 θεολογούντων
3368 4727 3384 4752 ,
3437 4686 3594 4739 αὐτοὶ⁵
3639 4686 3812 4741 λοιδοο

2231 4775 2452 4848 ροῦνται
2481 4776 2752 4847 δυσφήμῳ
2776 4774 3031 4846 γλώσσῃο
3063 4779 3157 4829 καὶ
3189 4776 3363 4847 βρέφη
3408 4779 3506 4848 μὲν
3548 4778 3813 4834 ἀδίδακτα

2230 4866 2490 4938 γνωρίζει
2550 4869 2643 4921 τὸν
2696 4866 2945 4938 βασιλέα,
2987 4869 3081 4921 καὶ
3108 4870 3274 4939 τιμᾷ·
3320 4869 3682 4942 πρεσϐύτεροι
3731 4872 3812 4940 δὲ,

2232 4966 2298 5034 τῇ
2330 4963 2530 5035 μελέτῃ
2565 4963 2673 5016 τῶν
2703 4962 3058 5033 προφητικῶν
3088 4961 3353 5033 χρησμῶν
3397 4967 3801 5035 γεγηρακότες,

2231 5053 2526 5121 ἀγνοοῦσι,
2575 5053 2672 5107 καὶ
2711 5052 2855 5107 κατά
2907 5053 3002 5108 τοῦ
3052 5055 3316 5119 σώζοντος
3364 5056 3663 5118 μελετῶσιν
3702 5060 3813 5112 ἀπ..

2177 5222 2180 5223 ν
2231 5144 2449 5197 ώλειανο
2482 5145 2668 5216 ὥσπερ
2692 5147 2784 5198 ἐπὶ
2812 5144 2986 5222 τοῦτο.
3007 5148 3389 5219 μεμαθηκότες
3414 5150 3482 5203 τὰ
3502 5149 3680 5216 λόγια,
3715 5153 3816 5223 οὐχ

2235 5237 2323 5290 ἵνα
2357 5236 2622 5305 έπιγνῶσι
2690 5241 3112 5308 παραγεγονότα
3154 5239 3251 5296 τὸν
3297 5243 3814 5316 προφητευόμενον·

2237 5328 2351 5380 ἀλλ’
2391 5327 2476 5380 ἵνα
2527 5331 2900 5400 φονικωτέραν
2942 5327 3057 5395 ἕξιν
3099 5331 3377 5398 λαϐόντες,
3409 5335 3657 5408 ὀξύτεροι
3683 5338 3816 5408 δρα-

2243 5422 2366 5491 μεῖν
2416 5415 2518 5474 ὧσι
2563 5422 2700 5494 πρὸς
2753 5422 2851 5492 τὴν
2905 5424 3235 5496 ἐπιϐουλήν·
3297 5427 3522 5498 Ὄντως
3583 5434 3816 5502 ταχινοι

2237 5510 2418 5578 πόδες
2453 5513 2576 5579 τοῖς
2605 5514 2975 5585 παρανόμοις
2999 5520 3088 5584 είς
3110 5517 3178 5572 τὸ
3201 5516 3344 5589 αἷμα
3367 5521 3434 5575 ἐκ
3444 5523 3625 5590 χέειν,
3653 5526 3818 5595 ἀργοὶ

2235 5605 2292 5657 δὲ
2322 5605 2414 5658 καὶ
2436 5605 2596 5674 χωλοὶ
2625 5603 2863 5674 βαδίζειν
2890 5609 3030 5661 κατὰ
3077 5610 3304 5682 γνώμην
3349 5613 3442 5666 τοῦ
3483 5615 3816 5686 κρείττονος.

2238 5691 2307 5748 Ὢ
2333 5699 2397 5750 σὺ
2421 5701 2516 5751 καὶ
2553 5697 2888 5771 ὀφθαλμοὺς,
2916 5699 3008 5754 καὶ
3036 5699 3300 5773 λογισμὸν
3337 5705 3640 5778 ἀφῃρηκὼς
3690 5688 3821 5781 ἑαυ-

633 5811 678 5843 ⁸⁸
715 5809 873 5867 Joan.
909 5803 1075 5878 ιιι,ίῖ
1151 5811 1194 5842 ⁸⁸
1225 5811 1356 5867 Luc.
1397 5827 1453 5879 v,
1490 5811 1572 5865 12.
1655 5812 1697 5842 ⁶⁶
1728 5811 1859 5868 Luc.
1888 5829 1960 5879 vi,
1991 5812 2046 5869 7.

2217 5812 2358 5869 Ioan.
2403 5831 2460 5880 ιι,
2485 5816 2570 5870 Η.
2650 5817 2696 5849 ⁸³
2732 5818 2919 5898 Matth.
2951 5838 3012 5884 ιι,
3063 5824 3144 5880 16.
