4124 6320
299 371 370 438 65
1211 379 1497 442 ORATIO
1531 375 1664 444 VII.
1702 408 1773 417 —
1813 377 1896 442 IN
1936 379 2241 443 FESTUM
2272 378 2726 442 PALMARUM.
3539 371 3610 434 6b

300 483 411 546 τὸν,
443 480 499 535 τί
528 480 597 536 τὰ
629 484 834 554 σημεῖα
863 483 1269 555 παρατρέχεις;
1297 490 1393 540 καὶ
1422 488 1492 542 τὰ
1541 489 1724 543 λοιπά.
1783 491 1906 561 Οὐχῖ

2026 506 2126 544 nas
2163 489 2402 544 Litteras
2458 489 2812 552 didicissent,
2861 499 2966 539 non
3014 490 3075 536 ut
3114 495 3262 545 eum,
3306 496 3468 552 quem
3503 483 3608 535 illae

302 574 647 644 θηλαζόντων
681 575 988 645 στομάτων,
1029 576 1189 630 τοῦτο
1248 579 1314 648 δὴ
1350 580 1412 631 τὸ
1440 581 1608 634 πάλαι
1635 599 1904 654 προειρη-

304 663 466 733 μένον
501 664 581 734 τῷ
611 664 959 740 Βασιλεῖνκαὶ
984 668 1270 740 Προφὴτῃ,
1307 671 1440 740 ὁρᾷς
1473 671 1566 724 τὸν
1596 670 1746 725 αἶνον
1764 690 1900 726 κατ-

300 750 664 828 αρτιζόμενον
692 775 708 823 ;
738 759 839 830 οὐχ
877 758 914 812 ἃ
945 759 1118 813 πάλαι
1155 761 1377 833 ᾄδοντος
1411 764 1623 817 ἐκείνου
1649 767 1708 817 ἐν
1734 765 1904 820 Πνεύ-

304 867 458 920 ματι,
493 850 803 921 ἐδιδάχθης,
838 852 915 915 ὡς
946 848 1102 905 εἷναί
1130 871 1214 905 σοι
1255 854 1509 924 καθάπερ
1556 857 1700 908 τισὶν
1740 858 1901 928 ἐνδη-

299 942 545 1006 λοτὰτοις
565 945 817 1014 σημείοις
837 948 1094 1016 γνωριεῖν
1117 948 1420 1002 ἐπιστάντα
1438 948 1695 1015 Βασιλέα,
1726 951 1902 1005 ταῦτα

299 1035 447 1105 ἐχεις
476 1036 576 1089 καὶ
605 1036 741 1090 ὠσὶν
787 1038 1056 1104 ἀκουστὰ,
1116 1044 1211 1092 καὶ
1237 1047 1248 1052 '
1272 1043 1386 1102 τοῖς
1423 1043 1536 1102 σοῖς
1575 1042 1672 1110 οὐχ
1701 1042 1904 1111 ὁρῶσιν

297 1128 604 1199 ὀφθαλμοῖς
655 1120 1041 1201 θεωρούμενα;
1076 1131 1152 1203 μὴ
1209 1132 1306 1184 καὶ
1356 1132 1531 1185 ταῦτά
1572 1135 1708 1203 πρὸς
1743 1136 1904 1206 χάριν

297 1221 600 1292 γίνεται.ἢ
651 1221 985 1292 πλανώμενα
1021 1223 1092 1276 τὰ
1133 1225 1308 1293 νήπια
1358 1226 1631 1295 προσάγει
1663 1225 1764 1297 τὴν
1815 1229 1907 1281 εὐ-

300 1315 552 1384 φημίαν;
579 1314 695 1369 ἀλλ’
727 1314 841 1367 οὗθ’
871 1318 898 1368 ὁ
927 1308 1076 1379 αἴνος
1109 1311 1221 1379 οἶος
1253 1320 1317 1369 ὲκ
1349 1319 1734 1388 πλανωμένης,
1777 1336 1906 1388 γεν.

298 1407 498 1460 νᾶσθαι
531 1408 730 1477 φρενός
754 1420 767 1434 '
801 1405 918 1459 οὗθ’
943 1409 977 1476 ἡ
1009 1407 1195 1478 ἡλικία
1245 1408 1382 1478 πρὸς
1418 1411 1580 1480 χάριν
1632 1411 1900 1481 πράττειν
1944 1433 1947 1437 ·

298 1498 611 1569 ἐπιτηδεία.
642 1500 811 1554 ’Ὅθεν
837 1497 931 1554 οὖν
963 1502 1078 1572 ᾄδει
1111 1504 1306 1572 σοφίας
1327 1503 1554 1580 ᾅσματα
1603 1505 1758 1574 χείλη
1802 1504 1901 1576 θη-

298 1592 555 1656 λάζοντα,
589 1595 636 1646 εί
696 1595 771 1662 μὴ
825 1594 921 1646 τοῦ
957 1594 1276 1665 Πνεύματος
1309 1597 1579 1669 κινούσης·
1615 1599 1716 1667 τῆς
1773 1599 1898 1652 ὲπι-

299 1686 495 1747 πνοίας
525 1686 596 1739 τὰ
621 1687 722 1755 τῆς
748 1687 849 1754 σῆς
881 1686 1148 1756 πονηρίας
1170 1687 1456 1755 ἀμέθεκτα
1471 1690 1678 1758 νήπια;

2023 583 2424 653 praedicebant,
2459 589 2786 652 praesentem
2815 578 2927 647 jam
2981 581 3365 646 agnoscerent,
3420 573 3516 629 sed
3549 584 3611 625 ιιι

2013 680 2198 731 animo
2234 679 2286 729 in
2317 674 2522 729 caedem
2559 672 2735 742 magis
2779 670 3030 729 incenso,
3057 666 3301 722 velocius
3355 666 3422 720 ad
3468 666 3607 718 iusi-

2012 768 2132 820 dias
2184 763 2488 819 tendendas
2532 767 2915 831 properarent.
2971 756 3122 813 Vere
3188 756 3389 810 veloces
3453 753 3608 823 pedes

2011 859 2210 926 iniquis
2242 856 2334 909 πά
2382 853 2757 924 effundendum
2789 853 3102 921 sanguinem
3133 848 3255 915 ⁸⁸*;
3290 848 3430 902 tardi
3480 862 3611 900 vero

2013 966 2078 1005 ac
2125 948 2330 1013 claudi,
2378 959 2439 1001 ut
2493 963 2551 1001 se
2581 960 2647 1000 eo
2679 943 2986 1007 conferant,
3028 956 3140 1010 quo
3174 954 3332 994 mens
3368 952 3433 991 ac
3467 939 3611 989 ratio

2013 1043 2206 1097 melior
2243 1041 2459 1096 suadet.
2497 1038 2542 1094 Ο
2581 1048 2633 1092 te
2683 1037 2966 1099 miserum,
3014 1033 3107 1102 qui
3146 1030 3338 1084 oculos
3383 1021 3482 1081 tibi
3546 1041 3612 1078 ac

2011 1136 2279 1189 rationem
2335 1134 2452 1203 ipse
2493 1130 2771 1193 ademisti,
2815 1141 2916 1180 cur
2971 1125 3129 1195 signa
3179 1122 3399 1190 aliaque
3434 1119 3611 1172 admi—

2012 1227 2185 1282 randa
2224 1228 2418 1281 leviter
2448 1224 2586 1278 adeo
2624 1219 2912 1292 praeteris?
2941 1216 3137 1270 Nonne
3179 1226 3249 1268 ex
3286 1211 3611 1265 lactentium

2009 1338 2128 1387 ore,
2153 1320 2300 1391 quod
2339 1318 2469 1373 olim
2516 1316 2650 1386 Regi
2703 1323 2867 1382 atque
2914 1310 3203 1380 Prophetas
3245 1303 3360 1376 (23)
3411 1303 3614 1372 praedi-

2009 1425 2155 1470 ctum
2193 1424 2364 1477 esset,
2398 1411 2613 1464 laudern
2641 1407 2833 1478 perﬁci
2861 1401 3050 1458 vides?
3075 1399 3291 1460 Nonne,
3321 1410 3444 1465 qua:
3474 1394 3608 1448 oliui

2006 1505 2198 1558 eodem
2232 1505 2288 1557 in
2318 1497 2519 1572 spiritu
2535 1499 2854 1554 modulante
2881 1494 3112 1549 edoctus
3149 1505 3209 1544 es
3231 1528 3247 1553 ,
3279 1496 3341 1542 ut
3375 1484 3611 1539 manife-

2004 1598 2265 1652 stissimis
2289 1611 2352 1650 ac
2366 1585 2803 1650 evidentissimis
2827 1588 3000 1658 signis
3048 1591 3375 1655 praesentem
3405 1578 3609 1648 Regem

2001 1691 2101 1744 tibi
2128 1704 2428 1760 agnoscere
2459 1687 2682 1751 liceret,
2710 1685 2823 1754 jam
2847 1689 2901 1735 et
2928 1679 3158 1733 auribus
3188 1674 3396 1738 audita,
3419 1672 3611 1726 caecis-

297 1793 409 1846 que
431 1778 609 1832 oculis
637 1779 748 1833 tuis
773 1777 1074 1846 conspicua
1096 1791 1161 1831 ac
1188 1778 1306 1832 visa
1334 1778 1547 1834 habes?
1573 1779 1712 1834 Num
1730 1789 1777 1835 et
1802 1780 1918 1836 haec
1938 1780 2004 1835 ad
2030 1782 2259 1851 gratiam
2287 1780 2423 1834 fiunt
2444 1798 2458 1846 ;
2477 1786 2572 1832 aut
2597 1791 2790 1832 errore
2812 1772 3028 1842 decepti
3055 1767 3318 1831 infantes.
3344 1767 3606 1836 hymnum

296 1872 613 1931 texunt?At
645 1887 824 1942 neque
841 1871 1258 1942 lausﬁejusmodi
1277 1882 1386 1937 est,
1412 1883 1548 1928 utex
1567 1864 1795 1946 decepta
1822 1885 2004 1931 mente
2039 1875 2317 1947 proﬁcisci
2346 1881 2536 1945 queat;
2560 1887 2739 1941 neque
2759 1877 2893 1924 aetas
2911 1868 3059 1930 talis,
3085 1881 3207 1935 quae
3230 1860 3461 1915 auribus
3488 1870 3608 1912 ser-

293 1967 417 2024 vire
450 1968 621 2019 novit.
645 1964 762 2030 Qua
787 1965 951 2036 igitur
969 1965 1182 2019 ratione
1209 1965 1392 2020 adhuc
1407 1967 1713 2036 pendentes
1735 1969 1810 2024 ab.
1828 1970 1996 2024 ubere
2026 1969 2300 2034 infantes,
2314 1969 2473 2037 plena
2502 1964 2804 2036 sapientia:
2835 1956 3350 2032 promuntcautica,
3379 1951 3485 2006 nisi
3517 1950 3606 2005 di-

294 2058 523 2113 vinieos
563 2059 805 2128 Spiritus
844 2056 1063 2113 afﬂatus
1111 2059 1556 2130 instinctusque,
1589 2077 1826 2132 quorum
1859 2063 2010 2118 nulla
2039 2075 2146 2117 tute
2183 2061 2562 2132 improbitatis
2602 2057 2844 2113 societas
2878 2054 2972 2114 sit,
3007 2060 3193 2105 movet
3220 2063 3284 2101 ac
3324 2043 3607 2100 concitat?

369 2149 441 2205 Ὠ
466 2153 530 2206 σύ
566 2170 631 2222 γε
661 2154 905 2224 ἀρχῆθεν
957 2150 1336 2226 ἐμπαροινῶν,
1377 2156 1447 2209 δι’
1481 2144 1556 2210 ῶν
1581 2152 1664 2221 οἷς
1693 2158 1906 2212 ὲνὲπνει

2085 2159 2130 2215 Ο
2167 2169 2218 2215 te
2260 2160 2375 2228 jam
2435 2155 2568 2210 olim
2620 2156 2899 2217 insanum,
2947 2146 3096 2218 quod
3147 2160 3272 2200 cum
3319 2140 3604 2212 prophetis

295 2249 632 2318 προφήταις,
664 2246 762 2310 τὰς
818 2249 1140 2318 μιαιφόνους
1189 2249 1458 2313 ἑπέὸαλες
1517 2253 1748 2320 χεῖραςο
1801 2253 1899 2307 νῦν

295 2335 545 2404 ὡσπερεὶ
600 2337 998 2407 σεμνυνόμενος
1043 2339 1093 2390 εί
1162 2338 1563 2411 αὐθαδέστερον
1604 2341 1897 2414 ὲξυὸριεῖς,

298 2423 458 2495 αὖτῷ
485 2442 544 2478 τε
577 2424 902 2496 διαλοιδορῇ,
924 2429 1024 2497 τὴν
1050 2421 1270 2482 ἐκείνου
1295 2427 1530 2501 δύναμιν
1557 2431 1896 2496 Βεελζεόοὺλ

297 2518 594 2587 ἀναφέρων
624 2534 639 2549 ο
695 2519 791 2571 καὶ
835 2519 1049 2582 τοῦτον,
1110 2514 1154 2588 ᾧ
1194 2528 1613 2594 προσμαρτυρεῖ
1657 2525 1745 2578 διὰ
1790 2525 1899 2579 τῶν

298 2607 482 2680 ἔργων
537 2609 613 2673 ῶς
659 2613 916 2678 συγγενεῖ
963 2611 1292 2694 συμπαρὼγ,
1321 2614 1422 2684 τῆς
1481 2616 1584 2685 σῆς
1625 2617 1922 2692 πονηρεύῃ.

299 2701 533 2769 φονικῆς
569 2703 942 2773 προαιρέσεως
975 2705 1135 2775 ἔργον
1167 2707 1520 2777 ποιήσασθαι.
1554 2710 1626 2762 Σὺ
1664 2706 1897 2779 μὲνοῦν,

298 2790 456 2855 ἅπαξ
485 2792 554 2844 τὰ
583 2792 679 2877 τοῦ
701 2794 898 2861 φθόνον
935 2796 1217 2850 συλλαϐὼν
1239 2800 1461 2870 ὀλέθρια
1486 2801 1801 2871 σπέρματα,
1837 2805 1898 2857 οὐ

300 2883 493 2958 παύσῃ
546 2888 1074 2959 στενοχωρούμενος,
1142 2889 1248 2955 ἕως
1293 2893 1359 2945 ἂν
1409 2893 1510 2963 τὴν
1584 2891 1924 2950 ἀπολοῦσαν.

304 2973 477 3046 ῥήξῃς
514 2976 701 3032 ὠδῖνα.
739 2979 878 3050 Ἤδη
905 2979 1015 3049 γὰρ
1041 2981 1236 3052 ἐκείνῳ
1255 2983 1354 3052 τὴν
1387 2979 1591 3056 μιαρὰν
1621 2985 1902 3050 ἐπιϐαλεῖς

301 3068 606 3151 παλάμην,
660 3070 758 3123 καὶ
811 3070 1192 3137 ἐπιϐαλόντος,
1243 3077 1354 3127 πᾶν
1407 3071 1548 3145 αἷμα
1616 3077 1903 3144 δίκαιον,ὂ

301 3156 552 3228 ἐξέχεας,
586 3161 1012 3230 καταϐοήσεται.
1047 3166 1156 3218 Καί
1187 3183 1245 3218 σε
1280 3166 1563 3236 κολοφῶνα
1592 3173 1715 3233 ταῖς
1750 3189 1902 3239 μιαι-

303 3250 520 3318 φονίαις
548 3250 929 3325 ἐπιτεθεικότα
957 3252 1055 3323 τὴν
1091 3256 1434 3326 Δεσποτικὴν
1459 3258 1698 3326 σφαγὴν,
1731 3261 1760 3311 ὁ
1790 3260 1901 3311 τῶν

303 3341 496 3393 κακῶν
519 3341 884 3412 περιλήψεται
919 3343 1190 3412 κολοφὼν.
1224 3347 1539 3400 Μεταὸαλεῖ
1571 3349 1670 3417 μὲν
1715 3347 1777 3419 δή
1817 3366 1900 3402 σοι

303 3433 445 3504 πρὸς
468 3434 686 3498 ἀδοξίαν
717 3437 751 3507 ὴ
781 3435 996 3501 εὐδοξία
1016 3453 1030 3466 ο
1086 3437 1386 3506 μεταϐαλεῖ
1417 3438 1474 3490 δὲ
1519 3441 1552 3508 ἡ
1602 3439 1894 3509 εὐκληρία,

2008 2253 2202 2307 divino
2233 2247 2435 2306 amatis
2465 2247 2679 2319 Spiritu
2714 2244 3017 2312 sacrilegas
3057 2237 3350 2310 injecisscs
3379 2246 3604 2292 manus,

2007 2360 2155 2400 nunc
2190 2343 2350 2413 quasi
2387 2342 2654 2413 glorians,
2691 2347 2752 2393 ut
2789 2334 3018 2404 majoris
3047 2327 3329 2401 quidpiam
3363 2325 3603 2393 injuriae,

2007 2433 2346 2504 niajorisque
2381 2432 2701 2501 petulantiae
2731 2427 2928 2482 feceris
2962 2442 2976 2479 ι
3006 2437 3119 2496 tum
3151 2420 3228 2475 illi
3246 2413 3603 2476 conviciaris,

2007 2530 2127 2597 ejus
2164 2535 2486 2597 potestatem
2531 2521 2841 2578 Beelzebud
2877 2520 3164 2574 ascribeus
3198 2516 3279 2582 ”;
3307 2515 3604 2583 ipsumque

2007 2622 2098 2676 cui
2135 2621 2226 2675 ille
2268 2628 2327 2674 ut
2380 2619 2628 2688 ejusdem
2682 2629 2872 2671 secum
2911 2620 3123 2667 natura:
3179 2625 3245 2665 ac
3278 2608 3604 2664 substantiae

2008 2729 2106 2783 per
2152 2727 2320 2782 opera
2375 2710 2758 2764 testimonium
2793 2705 2995 2770 defert,
3054 2717 3225 2772 pravo
3259 2709 3356 2754 tuo
3399 2699 3602 2752 volun-

2010 2805 2141 2859 tatis
2188 2801 2475 2874 proposito
2513 2802 2632 2856 neci
2665 2799 2884 2854 tradere
2912 2798 3136 2868 quaeris.
3173 2794 3241 2848 At
3287 2806 3343 2847 tu
3378 2791 3602 2862 quidem

2008 2905 2302 2968 postquam
2354 2895 2668 2965 perniciosa
2730 2891 2952 2947 invidiae
2994 2889 3206 2944 semina
3245 2885 3414 2941 semel
3464 2899 3600 2938 con-

2010 2991 2233 3058 cepisti,
2266 3003 2372 3042 non
2407 2988 2630 3043 desines
2658 2985 2860 3062 arctari
2890 2987 2953 3036 ac
2981 2978 3384 3051 coangustiari,
3417 2985 3602 3046 quoad

2008 3081 2337 3152 perniciem,
2389 3094 2556 3149 quam
2617 3078 2888 3146 parturis,
2940 3075 3148 3142 parias.
3184 3071 3305 3128 Jam
3342 3071 3489 3124 enim
3523 3070 3603 3121 illi

2011 3174 2300 3228 scelestam
2338 3185 2563 3225 manum
2613 3169 2852 3238 injicics,
2890 3181 2955 3220 ac
2989 3165 3080 3220 ubi
3115 3164 3391 3233 iujeceris,
3421 3163 3604 3216 omnis

2011 3265 2236 3334 sanguis
2262 3263 2470 3332 justus,
2504 3276 2666 3331 quem
2715 3259 2982 3324 eﬂudisti,
3020 3267 3216 3311 contra
3250 3264 3304 3309 te
3328 3257 3604 3311 exclama-

2010 3356 2136 3409 bit:
2185 3369 2422 3422 cumque
2488 3351 2804 3407 homicidiis
2858 3366 2923 3404 ac
2973 3349 3285 3419 parricidiis
3351 3349 3602 3418 apposita

2012 3460 2146 3499 nece
2187 3445 2429 3508 Domini,
2469 3443 2636 3513 quasi
2679 3443 2986 3512 colophona
3024 3441 3377 3510 imposueris,
3435 3440 3602 3493 simul

303 3519 449 3599 ἐφ’ςῆ
482 3513 634 3596 παρὰ
659 3527 881 3580 πάντων
918 3526 1262 3596 ἐθαυμάζου,
1312 3531 1392 3590 εἰς
1433 3530 1725 3600 ἀσχήμονα
1774 3532 1904 3584 δυσ-

2011 3539 2176 3589 etiam
2205 3543 2259 3590 te
2304 3535 2577 3588 malorum
2606 3533 2852 3601 omnium
2895 3533 3170 3601 colbpbon
3203 3531 3601 3600 apprehendet,

303 3616 542 3690 κληρίαν
561 3633 575 3646 ·
607 3619 669 3671 ού
704 3618 986 3688 βασιλείας
1010 3619 1194 3689 μόνον,
1225 3616 1334 3672 οὐδ’
1369 3621 1672 3691 ἱερωσύνης
1696 3663 1710 3686 ,
1765 3604 1906 3675 ἀλλὰ

301 3709 404 3763 καὶ
431 3708 626 3778 αὐτῆς,
664 3711 732 3781 ἢν
756 3709 957 3781 ἔφυρες
983 3711 1180 3781 αἵματι
1210 3711 1431 3781 δικαίῳ,
1480 3712 1589 3782 γῆς
1625 3713 1903 3785 ἀφαιρού-

307 3815 505 3868 μενοςο
548 3801 644 3852 καὶ
696 3801 1123 3870 σκυθρωπάσεις
1175 3801 1398 3872 ἀληθῶς
1431 3804 1513 3866 είς
1554 3804 1732 3858 αἰῶνα
1783 3808 1906 3869 ταῖς

307 3893 621 3959 συμφοραῖς
665 3891 990 3960 φροντίζων,
1042 3892 1158 3944 ἀνθ’
1191 3887 1265 3946 ὧν
1298 3893 1440 3963 ἔχων
1467 3895 1762 3962 δυσκόλως,
1811 3898 1908 3950 καὶ

307 3986 597 4054 προτιμῶν
628 3979 768 4036 εἷναι
806 3985 1002 4048 κακὸς,
1033 3985 1154 4036 δέον
1182 3986 1575 4056 φαιδρύνεσθαι
1601 3991 1667 4058 τῇ
1702 4005 1908 4058 παρου-

306 4077 404 4146 σίᾳ
431 4075 526 4128 τοῦ
557 4075 832 4140 Βασιλέως
856 4093 874 4110 ⁸
908 4079 972 4130 σὺ
1013 4078 1071 4130 δὲ
1100 4079 1192 4130 τὸν
1221 4079 1432 4131 ἐκείνου
1466 4096 1603 4150 πονη
1615 4080 1906 4149 ρευὸμενος

307 4167 566 4232 θάνατον,
602 4168 1059 4240 ὲσκυθρώπαζες.
1105 4171 1179 4223 Σὺ
1241 4171 1343 4240 μὲν
1373 4168 1503 4237 οὖν,
1558 4172 1797 4238 Ἰουδαῖε,
1827 4177 1906 4238 εἰς

303 4263 368 4317 ὃν
385 4264 589 4335 ἥκιστα
615 4265 782 4336 ἐχρῆν
800 4269 1160 4336 παροινήσας,
1186 4267 1415 4320 τοιαῦτα
1439 4269 1541 4339 κλη
1552 4271 1901 4340 ρονομήσεις,

304 4353 495 4408 οὐκέτι
533 4357 631 4425 μὲν
661 4359 742 4419 είς
766 4356 896 4409 λαὸν
924 4398 939 4420 ,
986 4357 1172 4410 ούκέτι
1227 4358 1284 4410 δὲ
1339 4361 1418 4422 είς
1444 4359 1564 4412 υίὸν
1593 4361 1907 4430 τιμώμενος

304 4447 390 4520 τῷ
420 4447 572 4519 Θεῷ-
629 4448 746 4502 ἀλλ’
789 4450 1215 4518 ὲξελαυνόμενος
1261 4451 1357 4503 τοῦ
1412 4453 1565 4504 οἴκου
1609 4453 1750 4521 μετὰ
1803 4453 1904 4523 τῆς

305 4539 603 4617 δυσγενοῦς
635 4543 734 4594 καὶ
775 4542 989 4612 φαύλης
1028 4543 1425 4616 προαιρέσεως.
1465 4545 1713 4613 Λήψεται
1769 4545 1825 4598 δὲ
1877 4545 1907 4598 ὁ

303 4632 623 4714 Μονογενῂς
654 4633 808 4703 παρὰ
838 4632 931 4688 τοῦ
963 4634 1175 4704 Πατρὸς
1203 4636 1409 4706 κλῆρον
1442 4636 1511 4688 τὰ
1546 4636 1675 4708 ἔθνη
1710 4636 1901 4700 αἰτῶν,

303 4722 358 4775 οῖ
399 4724 497 4777 καὶ
525 4723 644 4776 λαοὶ
671 4726 1103 4795 χρηματίσουσι,
1140 4727 1237 4780 καὶ
1289 4728 1399 4780 τῶν
1445 4727 1548 4798 υἱῷ
1583 4729 1905 4798 πρεπόντων

303 4815 738 4880 ἀπολαύσουσιν,
763 4819 978 4886 εὐγενεῖ
998 4820 1143 4889 τόκῳ
1167 4819 1262 4871 καὶ
1282 4819 1557 4891 ἐλευθέρῳ
1581 4821 1904 4890 γεννώμενα

303 4909 620 4987 τῷιΠατρίο
654 4910 683 4964 ὃ
713 4912 956 4983 σήμερον
987 4913 1021 4980 ἡ
1052 4913 1148 4965 ἐπὶ
1180 4911 1258 4982 τῷ
1284 4909 1450 4983 πώλῳ
1496 4912 1737 4984 καθέδρα
1795 4930 1902 4983 μη-

301 5000 450 5064 νύει,
485 5003 595 5056 τῶν
628 5002 769 5066 τέως
800 5002 1158 5074 ἀκαθάρτων,
1188 5003 1284 5058 καὶ
1305 5005 1703 5059 ἀνυποτάκτων
1731 5006 1902 5058 ἐθνῶν

301 5089 429 5162 Θεῷ
449 5093 549 5161 τὴν
571 5095 840 5165 ἐσομένην
873 5096 1174 5166 ὑποταγὴν.

2011 3630 2298 3699 gloriaque
2353 3629 2410 3681 in
2481 3626 2780 3697 inglorium
2846 3625 2946 3678 tibi
3009 3634 3213 3679 statum
3266 3624 3424 3678 cedet
3469 3642 3484 3678 ε
3539 3639 3603 3676 ac

2011 3722 2256 3777 sorsilla
2288 3720 2438 3784 felix,
2486 3719 2650 3789 cujus
2682 3719 2858 3789 gratia
2889 3719 3151 3772 omnibus
3183 3718 3334 3773 fuisti
3365 3717 3605 3771 adrnira-

2011 3815 2174 3876 tioni,
2203 3815 2257 3867 in
2301 3812 2618 3882 ignominiae
2649 3813 2868 3880 plenam
2905 3810 3288 3865 infelicitatem
3325 3820 3600 3876 vertetur;

2011 3902 2075 3959 ut
2121 3906 2323 3960 nedum
2360 3919 2528 3974 regno
2562 3912 2617 3958 et
2654 3903 2990 3967 sacerdotio,
3039 3903 3134 3957 sed
3168 3911 3225 3957 et
3257 3904 3400 3972 ipsa,
3437 3918 3601 3972 quam

2005 3996 2159 4068 justo
2193 3997 2461 4066 sanguine
2513 3995 2754 4059 tinxisti,
2809 4005 2958 4049 terra
3008 3994 3318 4064 spolieris:
3365 4009 3606 4063 vereque

2011 4092 2067 4144 in
2121 4090 2519 4158 sempiternum
2575 4097 2794 4155 tempus
2854 4085 3142 4155 alﬂigeris,
3194 4085 3604 4138 calamitatibus

2011 4180 2344 4246 confectus;
2383 4193 2448 4232 eo
2491 4176 2640 4248 quod
2684 4185 2736 4230 te
2785 4192 2935 4230 nunc
2994 4176 3245 4246 improbe
3293 4191 3489 4243 gerens
3539 4193 3604 4229 ac

2010 4272 2335 4341 pravitatem
2375 4278 2711 4339 pratoptans,
2744 4284 2869 4323 cum
2903 4267 3069 4338 Regis
3109 4268 3404 4338 prmsentia
3439 4277 3491 4322 te
3520 4273 3601 4321 vel

2011 4364 2250 4417 maxime
2298 4362 2594 4416 exliilarari
2641 4369 2949 4431 oporteret,
2999 4369 3056 4413 tu
3120 4375 3376 4429 perversa
3420 4371 3617 4413 mente.

2009 4457 2057 4508 ei
2084 4454 2368 4509 interitum
2403 4453 2657 4518 moliens,
2695 4453 2970 4507 morosior
2992 4467 3116 4506 esse
3148 4452 3434 4506 malueris.
3465 4449 3603 4505 Cum
3692 4440 3695 4442 ’

2009 4548 2201 4618 igitur,
2241 4544 2450 4610 Judaee,
2501 4545 2559 4599 in
2608 4561 2771 4616 quem
2826 4544 3052 4599 minime
3090 4543 3366 4598 debueras
3398 4542 3604 4597 debac-

2016 4639 2215 4691 chatus
2250 4634 2348 4701 sis,
2386 4634 2443 4688 id
2492 4649 2627 4690 vero
2677 4636 3064 4704 consequeris,
3117 4643 3178 4688 ut
3223 4649 3334 4687 non
3363 4633 3603 4701 amplius

2010 4729 2066 4782 in
2126 4728 2296 4781 lilium
2332 4727 2608 4797 reputeris
2636 4765 2652 4790 ,
2700 4727 2795 4782 sed
2847 4728 3010 4781 domo
3056 4726 3304 4797 propria,
3350 4740 3478 4780 cum
3509 4724 3604 4778 de-

2011 4835 2213 4888 genere
2251 4816 2328 4873 'ac
2400 4818 2654 4889 improbo
2713 4829 2807 4872 tuo
2861 4817 3148 4887 proposito
3194 4814 3600 4870 extermineris.

2009 4912 2079 4966 At
2123 4909 2474 4980 Unigenitus,
2522 4917 2714 4980 gentes
2760 4923 2792 4963 a
2839 4909 3006 4963 Patre
3057 4908 3351 4978 postulans
3381 4907 3439 4960 in
3488 4906 3604 4960 liae-

2010 5006 2300 5060 reditatem
2344 5011 2690 5074 accepturus
2725 5010 2812 5058 est
2844 5002 2915 5070 ⁸⁸,
2961 5017 3086 5071 qua:
3131 5009 3186 5058 et
3239 5000 3474 5071 populus
3507 5015 3604 5054 vo-

2014 5097 2314 5161 cabuntur,
2373 5109 2440 5148 ac
2488 5093 2584 5148 lilii
2645 5100 3064 5162 consequentur
3119 5090 3294 5159 jura;
3361 5090 3604 5158 ingenuo

232 5243 236 5245 Α
303 5182 596 5253 liberoque
649 5193 808 5254 partu
860 5186 1011 5240 Patri
1061 5194 1206 5241 natae
1269 5201 1334 5241 ac
1369 5197 1722 5257 comparatae:
1755 5188 1900 5259 quod
1941 5188 2104 5243 hodie
2155 5186 2336 5242 sessio
2367 5186 2462 5240 illa
2508 5195 2675 5256 supel
2709 5185 2922 5254 pullum
2997 5181 3229 5246 indicat,
3259 5180 3376 5235 fore
3441 5180 3606 5234 uilui‘

276 5281 434 5332 ‘rum
491 5286 552 5331 ut
601 5291 846 5347 eousque
891 5275 1194 5356 immundae
1237 5286 1428 5347 gentes
1461 5294 1526 5333 ac
1568 5279 1850 5335 indomita:
1890 5277 2004 5334 Deo
2033 5269 2465 5348 ~subjicereutur.

379 5417 468 5454 ⁸⁸*
498 5413 653 5473 Psal.
692 5432 816 5484 τω,
850 5417 908 5474 5.
983 5416 1030 5448 “
1060 5416 1260 5472 Matth.
1285 5432 1388 5483 xu,
1414 5418 1520 5473 24..
1580 5419 1629 5450 '°
1661 5418 1807 5473 Psal.
1849 5434 1909 5482 ιι,
1938 5418 1992 5474 8.

1839 5531 2080 5588 ΝΟΤΛΕ.

351 5623 496 5710 ,(ξβ)
535 5622 690 5710 ρηρά
711 5623 838 5710 οίίηι
862 5624 972 5710 regi
993 5632 1151 5693 atque
1181 5625 1470 5710 prophetnte.
1494 5625 1903 5710 Προειρημένον

421 5693 764 5793 βασιλεῖαώ
792 5697 1073 5765 προφήτῃ,
1125 5711 1323 5780 nempe
1379 5693 1573 5783 Qavidi
1609 5693 1754 5764 psnl.
1781 5712 1902 5752 vm.

361 5767 461 5820 thtl
513 5765 746 5834 clarius:
785 5764 1260 5834 lnterpreslevtus
1307 5784 1361 5822 In
1385 5768 1668 5822 Lbrtstum
1709 5764 1900 5828 refert,

307 5838 400 5892 cui
430 5835 566 5906 Regi
623 5849 690 5888 ac
721 5833 1010 5904 PrOpbetzn
1037 5837 1362 5903 pnedictum
1396 5838 1469 5892 sit
1501 5836 1902 5910 perﬁciendam

629 5932 904 5993 PATROL.
946 5931 1064 5992 Gn.
1111 5932 1302 5998 CVII.

2009 5626 2252 5682 laudem.
2289 5624 2397 5683 Sed
2435 5625 2488 5681 id
2543 5625 2710 5698 longe
2763 5643 2793 5681 a
2826 5627 3005 5698 plano
3030 5641 3202 5680 sensu
3242 5639 3307 5678 ac
3354 5622 3602 5698 auctoris

2011 5710 2214 5752 ruente.
2248 5696 2664 5768 Argumentum
2705 5696 2927 5752 hoc’ad
2970 5696 3181 5751 Christi
3242 5696 3599 5768 astrueurlam

2013 5765 2362 5824 divinitatem
2395 5777 2595 5840 urgent
2625 5769 2834 5838 pariter
2871 5775 3208 5825 tractatores
3247 5765 3467 5820 rclimr‘.

3128 5929 3166 5988 3
