4098 6292
470 313 539 379 67
1711 298 1991 365 LEDNIS
2023 297 2494 360 PHILOSOPHI
3707 294 3784 356 es

545 420 864 483 Enimvero,
915 417 1030 471 haec
1065 415 1288 487 quidem
1331 426 1434 471 suo
1463 421 1730 470 eventura
1784 423 2061 484 tempore,
2096 416 2150 471 Α

476 525 631 568 muto
682 511 948 566 Dominus
986 511 1171 580 Operis
1201 507 1612 578 praenuntiabat
1643 506 1966 576 prteconio;
2011 512 2067 555 at

477 604 714 668 Hebraei,
766 603 906 657 nihil
954 601 1008 655 in
1067 602 1313 655 animum
1367 600 1612 654 volentes
1671 596 1959 658 inducere,
2007 608 2072 648 ac

477 697 807 766 intelligere,
840 694 924 746 vel
957 700 1015 746 ut
1041 694 1319 761 praeterita
1350 690 1527 756 dicas,
1557 689 1642 742 vel
1667 697 1726 742 ut
1753 687 2070 758 praesentia,

479 789 572 841 sed
615 786 668 840 id
721 792 938 838 tantum
989 784 1282 837 molientes
1323 789 1384 836 ut
1430 781 1770 848 impudentia
1804 787 2072 849 agerent,

480 877 640 946 quasi
699 875 953 930 Salvator
1007 873 1265 928 hassibi
1325 872 1518 928 laudes
1574 879 1954 941 procurasset,
2013 885 2079 926 ac

482 967 805 1022 laudatores
841 971 1263 1034 congregasset,
1315 965 1495 1033 ipsum
1537 961 1763 1026 adeunt,
1822 967 1987 1032 atque
2022 964 2075 1015 in

484 1072 735 1113 murmur
783 1063 1253 1126 prorumpentes:
1287 1045 1414 1108 Non
1473 1053 1654 1121 audis,
1700 1053 1904 1124 inquit,
1951 1055 2079 1124 quid

485 1147 577 1202 iui
609 1147 794 1200 dicunt
819 1145 902 1200 ⁸⁸2
935 1145 1015 1200 Tu
1042 1145 1168 1200 illos
1195 1145 1474 1216 interroga
1495 1185 1512 1210 ,
1545 1145 1682 1212 Quis
1713 1153 1821 1208 est,
1855 1146 1949 1218 qui
1976 1147 2078 1200 im-

486 1239 659 1308 pulit?
707 1238 966 1307 quisnam
1000 1237 1211 1302 docuit,
1251 1236 1473 1306 quando
1503 1237 1827 1290 memoriam
1861 1251 2079 1291 onmem

486 1343 602 1386 tum
655 1332 1011 1386 oraculorum
1051 1326 1391 1392 divinorum,
1453 1340 1568 1382 tum
1624 1343 1854 1398 operum
1899 1338 2079 1382 exter.

489 1421 733 1483 tninasti,
788 1435 1121 1490 omnemque
1168 1421 1468 1474 humanam
1507 1417 1778 1472 rationem
1825 1431 1890 1472 ac
1931 1419 2082 1488 cogi-

487 1514 754 1567 tationem
807 1528 876 1568 ex
924 1513 1178 1582 improbo
1239 1519 1334 1565 tuo
1383 1522 1608 1580 pectore
1647 1511 2080 1581 proscripsisti?

487 1609 627 1662 Nam
659 1607 748 1662 ille
775 1607 1000 1678 quidem
1037 1608 1226 1662 habitu
1261 1609 1513 1662 modesto
1543 1622 1610 1661 ac
1635 1606 1920 1662 moderato
1957 1622 2075 1679 pro.

489 1702 638 1756 cedit
669 1717 682 1754 :
722 1700 777 1754 hi
813 1715 942 1756 vero
983 1703 1148 1771 regia!
1176 1701 1441 1770 congruis
1485 1699 1762 1770 majestati
1796 1698 2085 1754 salutatio-

2258 407 2422 460 Ἀλλὰ
2452 403 2628 459 ταῦτα
2665 403 2766 474 μὲν
2790 403 2873 467 εἰς
2892 403 3026 456 ῐδιον
3049 403 3460 474 ἁπαντὴσοντα,
3483 405 3784 477 πράγματι

2175 500 2456 555 σιωπῶντι
2497 496 2800 567 προύλεγεν
2828 497 2858 549 ό
2883 495 3195 564 Δεσπότηςο
3251 495 3502 566 Ἑϐραῖοι
3547 497 3605 549 δὲ
3657 516 3774 568 μη..

2173 593 2260 646 δὲν
2289 591 2573 645 συνεῖναιὶι
2607 588 2947 659 βουλόμενοι,
2978 587 3039 640 οὗ
3061 587 3171 640 τῶν
3203 589 3532 657 γεγονότων,
3571 592 3632 644 οὺ
3669 591 3786 644 τῶν

2185 684 2475 756 παρόντων
2495 699 2512 714 ο
2568 680 2709 734 ἀλλὰ
2735 679 2897 734 τοῦτο
2921 677 3083 752 μόνον
3119 681 3499 750 ἀναισχυντεῖν
3548 683 3786 756 ἑαυτοὺς

2178 776 2566 848 πεποιηκότες,
2587 769 2677 827 οἷα
2703 773 2964 844 Σωτῆρος
2993 773 3094 845 τὴν
3124 773 3406 845 εὐφημίαν
3433 776 3613 845 ἑαυτῷ
3645 749 3788 848 προ-

2178 867 2533 941 διῳκηκότος,
2560 866 2655 919 καὶ
2675 865 2804 930 τοὺς
2821 866 3116 929 ἐπαινέτας
3136 868 3559 936 συναγαγόντος,
3585 870 3788 939 ἐκείνῳ

2183 964 2613 1034 προσέρχονται⁹
2649 962 2773 1012 Οὐκ
2811 958 3056 1025 ἀκούεις
3082 958 3139 1012 τί
3161 959 3456 1028 ,λέγουσιν
3491 969 3789 1030 καταγωγε-

2183 1055 2498 1126 τύζοντεςς
2523 1053 2802 1114 Ἐκείνους
2824 1051 3035 1122 ἐρώτα·
3065 1052 3159 1115 Τίς
3184 1055 3212 1106 ὁ
3240 1054 3466 1122 κινήσας
3488 1070 3504 1118 ;
3527 1054 3611 1118 τίς
3659 1056 3688 1108 ό
3714 1055 3790 1106 διε

2185 1147 2353 1214 δάξας
2375 1161 2390 1176 ·
2419 1146 2611 1218 ἐπειδὴ
2645 1147 2870 1216 μνήμης
2894 1146 3117 1215 ἁπάσης
3147 1145 3242 1198 καὶ
3269 1145 3431 1200 θείων
3457 1146 3656 1213 λογίων
3684 1147 3786 1201 καὶ

2185 1240 2364 1309 ἔργων
2391 1237 2582 1309 ὥσπερ
2607 1238 2902 1307 ἀειφυγίαν
2921 1237 3309 1307 κατεψηφίσω,
3327 1240 3422 1290 καὶ
3439 1241 3616 1292 πάντα
3639 1239 3790 1307 λογι-

2187 1327 2326 1396 σμὸν
2353 1325 2695 1398 ἀνθρώπινον
2711 1325 2812 1396 τῆς
2840 1329 2941 1398 σῆς
2965 1327 3167 1380 ἀτόπου
3191 1327 3419 1400 καρδίας
3446 1327 3673 1392 eamea;
3691 1347 3706 1396 ;
3724 1331 3788 1382 Ὀ

2191 1420 2290 1487 μὲν
2312 1418 2421 1490 γὰρ
2446 1418 2585 1490 μετὰ
2607 1418 2833 1490 μετρίου
2865 1418 2960 1470 τοῦ
3001 1420 3284 1489 σχήματος
3309 1420 3560 1490 πρόεισιν
3581 1437 3596 1452 σ
3631 1423 3684 1475 οἱ
3727 1421 3790 1474 δὲ

2186 1514 2310 1576 ταῖς
2337 1511 2555 1583 βασιλεῖ
2580 1513 2924 1584 πρεπούσαις
2950 1511 3252 1580 δεξιοῦνται
3280 1516 3490 1583 φωναῖς
3513 1530 3526 1544 ·
3556 1515 3790 1568 ἐκείνων

2190 1603 2384 1671 πύθου,
2421 1603 2475 1657 τί
2512 1601 2778 1674 μαθόντες
2832 1603 2895 1656 οὐ
2927 1603 3068 1674 πρὸς
3117 1603 3179 1657 τὸ
3207 1603 3540 1674 φαινόμενον
3594 1606 3790 1678 σχῆμα

2191 1693 2486 1767 φρονοῦσι·
2546 1693 2944 1766 μεγαλοπρεπῆ
2969 1693 3014 1748 δ’
3042 1693 3191 1748 οὕτω
3229 1695 3458 1765 φέρουσι
3513 1698 3685 1766 τιμήν
3707 1713 3721 1726 ·
3753 1697 3790 1768 ἢ

488 1792 655 1846 nibus
678 1791 995 1861 excipiunt:
1023 1760 1091 1846 ουκ
1117 1792 1228 1847 illis
1258 1760 1858 1861 sciscitarc,'quidnam
1881 1792 2084 1852 edocti,

2196 1760 2285 1839 καὶ
2314 1785 2435 1838 λίαν
2477 1760 2824 1855 ἀναισθήτως
2883 1760 2979 1838 ἐπὶ
3027 1786 3142 1847 τοῖς
3187 1760 3373 1849 καλοῖς
3421 1760 3792 1857 διακείμενος,

489 1898 602 1936 non
646 1897 746 1952 pro
773 1883 894 1952 ejus
918 1883 1123 1953 speciei
1163 1883 1409 1938 sentiant
1439 1881 1866 1952 ratione,quam
1902 1883 2088 1937 vident

488 1975 669 2030 oculis
701 1976 1044 2046 subjectam,
1073 1975 1169 2031 sed
1209 1975 1346 2030 adeo
1374 1976 1606 2031 eximios
1655 1976 1898 2032 honores
1933 1976 2085 2030 defe-

489 2073 638 2136 rant.
661 2063 819 2128 Hem,
847 2079 974 2118 cum
1011 2063 1268 2134 stupidus
1293 2064 1448 2120 valde
1471 2067 1573 2128 sis,
1607 2081 1672 2120 ac
1696 2067 1888 2121 tardus
1919 2082 2085 2120 sensu

489 2155 560 2209 ad
610 2154 881 2220 honesta,
914 2153 1211 2209 admodum
1263 2165 1450 2210 tamen
1485 2159 1647 2211 velox
1690 2173 1755 2212 ac
1800 2158 2090 2227 expeditus

453 2297 457 2300 _
492 2245 833 2316 arripientlis
863 2246 1008 2299 male
1053 2247 1248 2315 agendi
1279 2247 1670 2303 occasionibus
1717 2248 1972 2304 exsistis!
2027 2248 2091 2302 Et

489 2339 562 2394 iis
603 2338 836 2407 iquidem
869 2339 963 2409 qui
996 2337 1134 2408 Regi
1161 2337 1426 2394 honorem
1459 2340 1684 2402 habent,
1713 2338 1854 2394 nihil
1883 2339 2088 2396 videris

490 2434 761 2490 molestiae
794 2434 1034 2500 inferre;
1086 2435 1236 2489 nosti
1281 2436 1429 2488 enim
1468 2451 1577 2488 non
1625 2437 1695 2491 ab
1730 2435 1840 2489 alio
1862 2450 2030 2506 quam
2059 2451 2089 2489 ιι

492 2525 766 2594 superiori
808 2525 860 2579 vi
912 2524 1142 2579 edoctos
1203 2525 1616 2595 impulsosque;
1667 2540 1842 2597 quare
1894 2525 1965 2580 ab
2005 2525 2090 2578 his
2151 2513 2156 2523 ’

491 2619 763 2684 abstines,
813 2631 923 2670 non
977 2615 1240 2686 parcendi
1291 2617 1521 2681 studio,
1580 2617 1681 2672 sed
1736 2618 1882 2688 quod
1946 2618 2092 2673 scias

491 2724 602 2763 non
658 2724 782 2764 esse
834 2715 1056 2762 tuarum
1119 2708 1344 2772 virium,
1407 2718 1465 2762 ut
1511 2709 1625 2764 vim
1679 2723 1778 2765 eos
1822 2708 2093 2763 divinitus

492 2797 774 2853 amantem
821 2798 1087 2853 cohibeas
1126 2816 1140 2852 :
1179 2813 1245 2852 ac
1271 2813 1343 2852 ne
1373 2798 1421 2853 si
1453 2807 1640 2853 vetare
1668 2798 1892 2863 nitaris,
1927 2799 2095 2852 nihil-

492 2904 601 2959 que
646 2889 936 2943 molitione
983 2888 1274 2953 coniicias,
1313 2899 1370 2943 tu
1425 2889 1544 2959 ipse
1572 2887 1835 2960 deinceps
1875 2889 1960 2944 vel
2007 2892 2095 2944 in-

491 2984 640 3036 vitus
696 2979 945 3043 fatearis,
1003 2981 1218 3036 laudem
1271 2981 1421 3034 illam
1480 2981 1754 3036 Salvatori
1803 2995 1833 3034 a
1882 2981 2099 3052 Spiritu

493 3079 689 3125 sancto
729 3071 904 3126 fuisse
944 3071 1359 3124 concinnatam.
1402 3069 1540 3124 Nam
1571 3072 1768 3126 tenella
1811 3071 1904 3126 illa
1932 3082 2088 3137 setas,

493 3175 659 3231 quam
686 3161 923 3230 agrestis
954 3167 1049 3212 tua
1080 3160 1273 3213 l'eritas
1305 3159 1534 3215 minime
1554 3170 1674 3214 erat
1699 3159 2091 3227 terrel‘actura,

497 3269 565 3308 ac
598 3253 762 3322 cujus
795 3251 948 3306 nulla
991 3251 1210 3306 ratione
1245 3250 1527 3321 inceptum
1567 3261 1688 3307 erat
1728 3251 2092 3325 diremptura,

493 3349 617 3402 haec
679 3361 804 3416 quae
849 3345 998 3412 dixi,
1043 3357 1096 3400 te
1139 3345 1227 3400 vel
1285 3345 1518 3401 invitum
1580 3345 1741 3402 fateri
1800 3349 2032 3418 cogebat
2079 3367 2092 3402 :

502 3439 673 3507 idque
718 3449 774 3492 tu
833 3439 1035 3492 callide
1081 3436 1379 3492 admodum
1436 3438 1910 3507 animadvertetis,
1969 3441 2094 3497 illos

497 3531 720 3600 quidem
765 3531 1040 3600 praeteris,
1100 3531 1166 3582 ad
1223 3531 1376 3584 illum
1409 3546 1539 3586 vero
1571 3533 1666 3600 qui
1697 3533 1790 3586 vili
1819 3541 2092 3602 apparatu

498 3623 868 3678 invehebatur
899 3661 915 3684 ,
965 3620 1193 3692 Resque
1267 3623 1632 3680 nihilominus
1670 3639 1704 3679 a
1753 3624 2099 3680 laudantium

499 3716 670 3769 rectis
711 3715 892 3769 oculis
945 3715 1278 3775 intuentium
1322 3715 1483 3770 turba
1529 3717 1955 3786 agnoscebatur,
1986 3733 2097 3772 non

497 3810 620 3864 sine
657 3823 942 3863 murmure
984 3808 1238 3872 accedis.
1279 3808 1659 3880 hyntnumque
1701 3811 1753 3866 ei
1789 3811 1846 3866 in
1888 3813 2100 3866 crimen

493 3900 687 3954 vertis.
710 3896 913 3953 Verum
939 3898 1094 3953 audit
1123 3915 1345 3967 pueros,
1367 3901 1463 3970 qui
1495 3901 1610 3954 haec
1632 3901 1750 3971 ipsa
1775 3901 2100 3972 priusquam

504 4007 540 4044 n
579 4000 738 4044 utero
789 3987 1186 4053 formarentur,
1234 3996 1294 4044 ut
1329 3990 1523 4045 ﬁerent
1570 3993 1890 4059 ordinavit;
1924 3993 2102 4058 audit,

504 4092 562 4136 et
608 4091 667 4135 ut
717 4081 952 4151 plurima
989 4080 1119 4145 alia,
1157 4081 1230 4135 ita
1261 4091 1319 4136 et
1357 4081 1462 4136 hoc
1507 4081 1630 4151 ipso
1671 4091 1870 4137 eventu
1919 4085 2108 4138 consi-

512 4174 719 4242 gnarit.
775 4169 822 4226 0
859 4181 930 4236 te,
957 4170 1052 4241 qui
1083 4171 1165 4225 vel
1201 4164 1425 4225 surdam
1459 4170 1708 4241 aspidem
1747 4173 1978 4229 auribus
2007 4175 2107 4228 oh-

2192 1877 2537 1947 εὐαισθήτως
2563 1874 2713 1945 ἔχεις
2743 1874 2803 1928 ὲν
2837 1878 2960 1940 ταῖς
2980 1875 3091 1930 τῶν
3129 1878 3317 1929 κακῶν
3343 1880 3644 1947 ἀφορμαῖς.
3678 1878 3796 1933 Καὶ

2189 1971 2300 2033 τοῖς
2333 1969 2433 2040 μὲν
2462 1969 2700 2039 τιμῶσιν
2730 1968 2970 2039 ἐνοχλεῖν
2998 1969 3060 2022 ού
3085 1969 3262 2032 δοκεῖς
3291 1986 3305 2000 ·
3337 1964 3489 2034 οἶδας
3540 1972 3648 2044 γὰρ
3691 1971 3794 2042 οὐχ
3861 1973 3864 1976 ’

2193 2062 2288 2131 ὑφ’
2317 2061 2510 2132 ἑτέρου
2543 2062 2691 2123 τινὸς
2725 2058 2760 2129 ἢ
2803 2060 2900 2114 τοῦ
2951 2061 3266 2130 κρείττονος
3308 2063 3405 2116 καὶ⁸
3439 2061 3797 2133 διδαχθέντας

2193 2156 2287 2208 καὶ
2321 2153 2646 2224 κινηθέντας
2671 2169 2687 2184 ο
2728 2153 3062 2206 καὶτούτων
3117 2153 3217 2224 μὲν
3267 2154 3472 2226 ἀπέχῃ,
3498 2157 3559 2208 ού
3616 2156 3798 2225 φειδό-

2197 2261 2394 2317 μενοςο
2444 2245 2560 2299 ἀλλ’
2599 2243 2763 2308 ειδὼς
2815 2245 3078 2300 ἀδύνατον
3135 2245 3194 2298 ὃν
3245 2263 3329 2300 σοι
3380 2247 3661 2317 διακόψειν
3692 2248 3798 2316 τὴν

2193 2336 2402 2392 ἄνωθεν
2430 2338 2618 2402 αὐτοῖς
2675 2336 3088 2390 ἐπιπνεύσασαν
3113 2335 3344 2408 δύναμιν
3373 2354 3386 2368 ·
3437 2339 3532 2392 καὶ
3596 2339 3798 2411 ἵναμὴ

2194 2429 2430 2483 κωλύειν
2463 2429 2786 2502 ἐπιχειρῶν,
2819 2424 2942 2483 εἶτα
2980 2430 3149 2500 μηδὲν
3198 2429 3466 2494 ἐξανύων,
3518 2431 3670 2484 ἄκων
3702 2432 3798 2486 καὶ

2194 2522 2361 2580 αὐτὸς
2395 2524 2786 2594 μαρτυρήσῃς,
2820 2521 2925 2574 ὑπὸ
2957 2519 3052 2574 τοῦ
3083 2521 3406 2592 ῐΙνεύματος
3433 2523 3792 2592 ἐξειργάσθαι

2193 2611 2274 2684 τῷ
2305 2612 2520 2684 Σωτῆρι
2545 2613 2637 2666 τὸν
2667 2599 2911 2666 ἐπαινδν.
2949 2611 3026 2665 Τὸ
3055 2612 3164 2682 γὰρ
3192 2614 3402 2666 ἁπαλὸν
3428 2613 3533 2684 τῆς
3555 2613 3798 2685 ἡλικίας,

2205 2704 2234 2758 ὃ
2265 2689 2533 2776 φοϐήσειν
2569 2707 2603 2776 ἡ
2655 2707 2724 2775 σὴ
2763 2706 2864 2758 οὐκ
2894 2704 3092 2775 ἔμελλε
3141 2705 3429 2777 θηριωδία,
3479 2708 3587 2760 οὐδ’
3635 2708 3801 2761 me.

2195 2798 2318 2868 ψειν
2357 2797 2537 2852 αὐτῶν
2562 2799 2664 2870 τὴν
2699 2799 3046 2871 προαίρεσιν,
3089 2800 3246 2853 ταῦθ’
3269 2799 3418 2869 ἅπερ
3439 2795 3593 2852 εἷπον
3622 2800 3802 2870 ἠνάγ-

2195 2882 2334 2948 καζε
2387 2885 2485 2938 καὶ
2534 2885 2740 2939 ἄκοντα.
2776 2890 3123 2959 μαρτυρεῖνο
3173 2887 3202 2940 ὃ
3249 2890 3314 2942 σὺ
3361 2888 3486 2943 λίαν
3546 2888 3804 2952 ὑπούλως

2196 2976 2354 3042 νοῶν,
2391 2977 2637 3041 ἐκείνους
2664 2979 2766 3049 μὲν
2786 2979 3180 3051 παρατρέχεις,
3202 2979 3282 3051 τῷ
3310 2978 3356 3034 δ’
3379 2981 3669 3052 ὀχουμένῳ
3695 2983 3812 3053 μὲν⁵

2198 3069 2456 3137 εὐτελῶς,
2484 3071 2818 3145 ὲγνωσμένῳ
2845 3073 2903 3126 δὲ
2936 3072 3152 3140 βασιλεῖ
3173 3076 3286 3138 τοῖς
3321 3074 3432 3128 τῶν
3483 3075 3806 3148 εύφημούνυ

2197 3179 2308 3215 των
2331 3162 2469 3234 ὀρθὰ
2497 3163 2807 3233 βλεπόντων
2833 3164 3161 3236 ὀφθαλμοῖς,
3186 3167 3470 3240 προσέρχῃ
3487 3165 3804 3237 γογγύζων,

2199 3254 2292 3306 καὶ
2329 3253 2420 3307 τὸν
2455 3252 2628 3325 ὕμνον
2666 3256 2970 3320 ἐπικαλεῖς.
3015 3257 3160 3311 Ἀλλ’
3182 3257 3374 3312 ἀκούει
3400 3259 3519 3312 τῶν
3561 3259 3801 3326 παίδων,

2201 3343 2383 3399 ταῦτα
2417 3347 2548 3417 πρὶν
2577 3349 2635 3402 ὲν
2669 3351 2857 3420 μήτρᾳ
2880 3350 3193 3421 πλασθῆναι
3225 3353 3307 3415 εἰς
3361 3353 3431 3406 τὰ
3477 3350 3577 3405 νῦν
3610 3350 3805 3420 γιγνό-

2209 3453 2350 3508 μενα
2379 3439 2550 3504 τάξας
2571 3453 2591 3474 ο
2639 3440 2851 3506 ἀκούει,
2883 3441 2979 3495 καὶ
3027 3439 3218 3511 ὥσπερ
3256 3440 3320 3514 δὴ
3374 3441 3585 3496 πλεῖσθ’
3610 3442 3802 3515 ἕτερα,

2196 3527 2344 3582 οὕτω
2373 3531 2469 3582 καὶ
2505 3530 2664 3584 τοῦτο
2704 3534 2998 3604 σφραγίζει
3030 3533 3123 3610 διᾲ
3156 3532 3258 3602 τῆς
3283 3533 3588 3595 ἐκϐάσεως.
3629 3533 3694 3585 Ὢ
3726 3532 3800 3586 σὺ

2197 3619 2298 3691 τὴν
2329 3623 2521 3697 κωφὴν
2548 3623 2752 3677 ἀσπίδα
2775 3625 2944 3679 νικῶν
2979 3629 3038 3678 ὲν
3096 3613 3176 3697 τῷ
3221 3625 3377 3696 βύειν
3413 3625 3483 3678 τὰ
3513 3619 3662 3688 ὦτα,
3705 3624 3809 3677 καὶ

2198 3713 2268 3766 δι’
2301 3714 2360 3767 ἓν
2398 3716 2557 3770 τοῦτο
2589 3716 2832 3782 ἀκούσας
2889 3719 3006 3784 νῦν,
3065 3719 3133 3773 ἵν’
3189 3721 3608 3790 ἀγανακτήσῃς.
3647 3717 3808 3770 Τίθει

2205 3825 2297 3877 μοι
2362 3809 2494 3880 παρ’
2545 3810 2768 3882 ἐκείνην
2823 3813 2924 3876 τὴν
2970 3813 3195 3883 γραφὴν
3233 3813 3302 3867 τὰ
3341 3810 3670 3881 τελούμενα,
3732 3807 3812 3892 ἧς

2203 3900 2547 3971 θηλαζόντων
2582 3906 2871 3975 στομάτων
2916 3905 3124 3977 ἔμαθες
3170 3901 3322 3961 αἶνον
3371 3905 3596 3978 ᾄδεσθαι
3622 3921 3636 3934 °
3697 3905 3810 3959 κᾶν

2219 3995 2296 4063 μὴ
2328 3996 2447 4047 κατ’
2485 3996 2707 4066 ἐκείνην
2736 3999 2869 4068 ὁρᾷς
2902 3997 3025 4068 ἔχον
3056 3999 3122 4052 τὸ
3167 3999 3359 4068 σχῆμα
3410 3997 3508 4052 τοῦ
3543 3997 3814 4065 πράγμα-

2214 4101 2330 4150 τος,
2362 4087 2670 4154 ἀγανάκτει
2691 4105 2706 4118 ο
2744 4091 2793 4140 εἰ
2824 4089 2870 4140 δ’
2901 4090 3222 4160 ἁπανταχοῦ
3271 4089 3335 4142 τδ
3378 4089 3587 4161 ὅμοιον,
3636 4087 3814 4142 κατά-

2218 4175 2311 4239 θες
2341 4177 2572 4248 ἠρεμεῖν
2600 4179 2902 4250 ἐπιτρέψας
2923 4183 3036 4245 τοῖς
3057 4182 3394 4252 γογγύζουσι
3425 4181 3685 4253 χείλεσιν.

510 4266 764 4321 tutandis
806 4279 1059 4335 superas,
1109 4272 1165 4318 et
1214 4281 1280 4319 eo
1331 4265 1508 4320 solum
1568 4266 1676 4321 line
1725 4281 1876 4322 nunc
1905 4268 2094 4322 auditu
2135 4284 2196 4325 es
2240 4285 2396 4335 usus,
2433 4278 2492 4326 ut
2525 4274 2942 4329 succenseresl'
2989 4276 3121 4330 Mihi
3174 4290 3240 4330 ea
3282 4291 3407 4346 quae
3469 4281 3816 4346 peraguntur

491 4374 621 4413 cum
657 4373 720 4412 ea
750 4371 1023 4428 compone
1055 4356 1362 4427 Scriptura,
1394 4373 1519 4426 quae
1547 4373 1615 4411 ex
1644 4372 1742 4412 ore
1774 4358 2072 4413 infantium
2125 4369 2181 4414 et
2226 4361 2551 4418 lactentium
2580 4373 2817 4420 testatur
2848 4366 2894 4398 ⁵³
2926 4367 3145 4421 laudem
3213 4368 3516 4435 perfectum
3556 4367 3625 4421 iri
3660 4385 3674 4422 :
3745 4380 3817 4420 ac

495 4454 603 4508 nisi
658 4468 786 4508 cum
834 4467 900 4508 ea
953 4469 1070 4509 rem
1111 4453 1286 4523 ipsam
1355 4469 1670 4523 congruere
1734 4457 2093 4524 compereris,
2133 4467 2268 4512 tunc
2311 4474 2648 4518 succenseas
2697 4461 2850 4518 licet.
2896 4462 2968 4518 At
3039 4463 3090 4519 si
3127 4463 3316 4519 omnia
3357 4477 3667 4518 consonare
3729 4462 3818 4514 vi-

493 4546 676 4612 deris,
714 4547 926 4616 impera
955 4547 1384 4602 mussitantibus
1421 4548 1531 4601 tuis
1568 4547 1738 4603 labris
1784 4547 2086 4603 silentium.

566 4637 758 4708 Neque
789 4639 926 4694 illud
969 4641 1091 4702 tibi,
1117 4641 1265 4710 quod
1306 4642 1420 4709 jam
1452 4649 1582 4697 ante
1607 4641 1773 4712 pedes
1815 4651 2089 4707 versatur,

2273 4639 2399 4694 Οὐδ’
2428 4640 2607 4692 ἐκεῖνο
2639 4637 2751 4708 ἄρα
2786 4655 2869 4692 σοι
2905 4637 3049 4691 κατὰ
3080 4637 3251 4702 πόδας
3303 4638 3602 4709 ἱστάμενον
3648 4637 3818 4708 εὔδη-

495 4730 707 4798 liquet;
742 4731 883 4803 lapis
913 4732 1176 4786 nimirum
1198 4773 1212 4797 ,
1261 4735 1356 4805 qui
1402 4734 1583 4804 factus
1617 4745 1696 4790 eu
1733 4737 1792 4788 in
1821 4746 1981 4804 caput
2007 4753 2100 4790 au-

495 4823 611 4893 guli
637 4822 705 4886 ⁸³,
740 4824 795 4878 in
829 4823 926 4878 illo
962 4826 1247 4881 insolubili
1287 4840 1350 4880 ac
1385 4842 1671 4896 nunquam
1706 4827 1930 4882 rnituro
1962 4828 2100 4882 tedi-

499 4913 644 4978 licio,
675 4930 838 4984 quem
879 4915 1113 4984 lapidem
1146 4927 1203 4970 tu
1243 4918 1497 4986 imperite
1524 4917 1860 4987 reprobasti,
1908 4926 2097 4990 aptum

497 5004 652 5058 illum
683 5020 747 5059 ac
776 5005 928 5058 omni
967 5017 1124 5076 parte
1158 5017 1540 5077 comparatum
1592 5009 1664 5063 ob
1692 5009 1897 5065 mentis
1939 5011 2100 5064 cmcio

497 5103 664 5146 tatem
706 5095 1026 5164 pet-Spicere
1054 5112 1164 5149 non
1196 5097 1402 5161 valens,
1436 5113 1674 5169 eamque
1703 5099 1774 5154 ob
1810 5114 1980 5153 rem-a
2005 5109 2100 5155 tua

496 5185 678 5255 ipsum
705 5186 870 5241 domo
892 5189 1155 5242 amoiitus
1171 5205 1255 5254 es,
1279 5189 1443 5260 cujus
1460 5176 1751 5261 putridum
1776 5191 2106 5247 fundamen—

497 5285 612 5330 tum
647 5279 897 5347 proxima
934 5281 1092 5334 ruina
1118 5288 1384 5350 coarguet
1416 5297 1582 5336 :cum
1608 5285 1748 5338 alter
1772 5284 1862 5339 ille
1895 5286 2102 5354 pretio-

496 5383 594 5423 sus
625 5383 690 5423 ac
730 5371 940 5425 electus
963 5372 1102 5442 lapis
1128 5375 1196 5427 ad
1218 5373 1617 5430 semaiternam
1657 5386 1823 5439 aliam
1877 5400 1942 5440 ac
1973 5400 2102 5440 vere

2207 4741 2320 4798 λον,
2359 4732 2460 4804 ἥδη
2503 4731 2653 4800 πρὸς
2685 4730 2966 4799 κεφαλὴν
2992 4732 3212 4802 γωνίας
3229 4731 3330 4801 τῆς
3368 4731 3565 4786 ἁλύτου
3605 4731 3819 4786 οἰκοδο-

2211 4827 2320 4898 μῆς
2352 4817 2785 4895 γιγνομὲνου,οῦ
2821 4825 2888 4877 σὺ
2928 4823 3079 4876 λίθου
3123 4823 3332 4894 φαύλου
3361 4819 3414 4878 εῐ
3463 4824 3817 4894 ἀποδοκιμα-

2211 4918 2380 4986 στὴς,
2431 4919 2494 4970 τὸ
2545 4915 2888 4984 πανταχόθεν
2965 4916 3134 4970 αὐτοῦ
3224 4915 3398 4983 δεξιὸν
3425 4915 3494 4968 δι’
3543 4915 3816 4985 ἀὸλειξίαν

2209 5012 2436 5078 γνώμης
2470 5007 2600 5061 ἰδεῖν
2621 5007 2683 5061 οὑ
2718 5007 3021 5076 δυνάμενος
3051 5022 3069 5038 ο
3098 5007 3196 5061 καὶ
3232 5006 3322 5060 διὰ
3352 5006 3513 5060 τοῦτο
3537 5005 3817 5072 ἁδοκιμάο

2211 5099 2323 5164 ζων
2350 5099 2443 5152 τοῦ
2466 5099 2562 5152 σοῦ
2582 5100 2757 5163 οἴκου,
2782 5096 2844 5155 οὗ
2875 5099 2936 5153 τὸ
2963 5101 3163 5173 σαθρὸν
3192 5102 3318 5154 ὅσον
3355 5099 3512 5152 οὔπω
3556 5101 3589 5169 ἡ
3620 5099 3815 5152 ’κατάο

2211 5191 2366 5253 λυσις
2403 5192 2822 5264 παραγενομένη
2847 5192 3060 5261 ἐλέγξει
3089 5211 3103 5224 ·
3134 5194 3218 5257 εἰς
3240 5191 3461 5247 αἰώνιον
3505 5191 3679 5262 ἄλλην
3719 5190 3818 5244 καὶ

2213 5283 2360 5336 θείαν
2381 5283 2551 5347 ὄντως
2569 5285 2861 5357 οἰκοδομὴν
2882 5285 2979 5340 τοῦ
2995 5284 3216 5355 ὲντίμου
3234 5285 3328 5338 καὶ
3345 5283 3608 5338 ὲκλεκτοῦ
3630 5299 3817 5355 παρα·

2209 5379 2626 5454 λαμεανομένου
2683 5380 2832 5435 λίθου
2872 5398 2886 5412 ·
2937 5381 3006 5453 ἢν
3058 5381 3158 5436 ml.
3199 5377 3531 5452 λαμπρύνας
3589 5378 3687 5434 τοῦ
3725 5376 3820 5435 αἷ-

565 5526 610 5558 ⁸¹
646 5524 840 5582 Matth.
867 5542 985 5592 ut,
1019 5529 1105 5586 16.
1168 5532 1214 5564 ³²
1239 5541 1390 5599 p53],
1427 5559 1545 5611 γιιι,
1574 5551 1632 5604 3.
1695 5541 1746 5572 ³·
1779 5540 1926 5596 Psal.
1956 5555 2127 5603 orvit,
2148 5537 2243 5596 ἓξ.

1810 5651 2046 5713 νΑΒΙᾹΞ
2093 5653 2270 5711 LECT
2277 5651 2390 5710 1οΝ
2396 5652 2504 5712 BS.

567 5739 596 5779 ιι
624 5736 894 5794 συνιέναι.
