4098 6292
319 295 386 360 59
1224 290 1511 360 ORATIO
1552 287 1682 359 VII.
1713 281 1782 336 -έ
1820 287 1900 357 IN
1937 286 2245 359 FESTUM
2278 285 2733 359 PALMARUM.
3029 272 3033 276 ’
3577 295 3648 364 70

330 422 489 474 ματος
523 407 591 476 τῇ
623 405 802 479 βαρῇ,
833 408 913 471 είς
937 402 1086 462 οἷκον
1116 407 1274 476 ἅγιον
1313 408 1503 463 ἀνύσει
1548 408 1626 479 τῷ
1672 407 1792 479 Θεῷ
1837 410 1936 463 καὶ

2046 412 2285 465 divinam
2324 419 2667 466 structuram
2717 416 3077 475 assumatur,
3119 421 3289 480 quam
3338 417 3391 466 et
3434 417 3646 483 proprii

332 501 516 570 Πατρὶ,
546 500 660 551 τῶν
683 503 823 570 πρὶν
853 502 934 564 είς
967 500 1120 554 οὐδὲν
1149 501 1465 570 χρησίμων,
1520 502 1619 554 καὶ
1650 502 1935 572 ἀπερριμ-

332 593 507 662 μένων
538 592 949 662 συναχθέντων,
983 592 1079 645 καὶ
1115 592 1299 656 καλῶς
1326 595 1383 645 ἐν
1412 592 1564 663 αὐτῷ
1592 592 1937 663 ἁρμολογου-

331 685 534 752 μένων,
576 685 672 736 καὶ
719 684 814 736 σοῦ
866 686 967 755 μὲν
1010 686 1511 756 ἀποῤῥηγνυμένου
1560 687 1658 738 καὶ
1700 684 1938 739 καταπί-

328 795 601 842 πτοντος,
630 778 742 831 τῶν
772 779 829 831 δὲ
881 780 1265 849 ἀνισταμένων
1311 774 1530 834 καὶηοῖα
1585 780 1806 850 νύμφης
1860 778 1941 849 τῷ

328 875 481 945 καλῷ
545 874 1094 945 προσαρμοζομένων
1157 875 1401 946 νυμφίῳ.
1481 869 1576 939 Οἷς
1657 876 1753 928 καὶ
1817 875 1940 929 λίαν

328 967 706 1036 συμϐαίνοντα
740 969 983 1039 σήμερον
1020 969 1215 1038 ὁρᾶται
1242 968 1341 1021 τοῦ
1375 970 1663 1038 προφήτου
1712 969 1779 1021 τὰ
1836 969 1938 1039 ῥή-

328 1076 503 1129 ματα,
530 1060 747 1129 χαίρειν
776 1060 1225 1129 προτρεπομένου
1269 1060 1363 1113 τοῦ
1414 1061 1640 1132 πραέως
1692 1078 1939 1131 παραγι-

327 1153 602 1221 γνομένου
659 1152 965 1217 Βασιλέως,
1002 1151 1097 1204 καὶ
1147 1152 1247 1221 τὴν
1300 1151 1612 1224 παρουσίαν
1662 1154 1829 1221 τιμᾷν
1869 1155 1937 1222 τῇ

329 1245 680 1316 φαιδρότητι.
713 1245 823 1299 Καὶ
863 1243 1049 1314 μέντοι
1102 1260 1168 1311 γε
1211 1246 1307 1298 καὶ
1361 1248 1577 1298 συνιᾶσι
1620 1244 1714 1296 τοῦ
1769 1246 1942 1314 κήρυ-

328 1334 449 1409 κος,
482 1344 580 1396 καὶ
606 1342 835 1412 ἄσμενοι
864 1340 956 1395 τὸν
987 1344 1073 1411 ἐφ’
1113 1338 1158 1411 ᾧ
1194 1344 1368 1396 σῶσαι
1394 1345 1816 1414 παραγεγονὸτα
1848 1345 1941 1398 δε-

330 1436 579 1504 χόμενοι,
610 1435 904 1506 τέρπονται
934 1435 1125 1506 τέρψιν
1151 1435 1320 1499 ὅντως
1345 1437 1615 1507 ἡδοτάτην
1646 1452 1707 1489 τε
1736 1436 1831 1488 καὶ
1879 1436 1941 1489 οὐ

328 1524 613 1594 λήγουσαν
650 1542 666 1558 ⁸
694 1525 928 1598 λαμπρᾷ
954 1527 1050 1582 καὶ
1078 1529 1302 1602 γλώσσῃ
1332 1531 1425 1583 καὶ⁹
1485 1534 1641 1601 φωνῇ
1685 1530 1940 1600 βοῶντες,

328 1614 502 1678 ἃτοῖς
552 1616 724 1671 πάλαι
765 1617 1137 1689 θεορρήμοσιν
1178 1623 1258 1683 εἰς
1320 1624 1390 1673 τὰ
1434 1621 1686 1691 παρόντα
1735 1640 1944 1692 προαν-

329 1709 592 1779 εφωνήθη
617 1724 635 1740 ⁸
664 1710 1090 1781 Εὐλογημένος
1118 1704 1194 1777 εἷ,
1226 1716 1258 1767 ὀ
1276 1712 1606 1782 ἐρχόμενος
1629 1714 1699 1767 ἐν
1720 1712 1942 1783 dit-(511a-

2042 505 2333 573 sanguinis
2361 504 2575 573 liquore
2607 503 2874 572 praeclare
2891 503 3145 563 tinctam,
3177 504 3232 557 in
3257 504 3483 559 domum
3513 522 3646 560 san—

2041 608 2188 650 ctam
2213 596 2327 651 Deo
2350 606 2407 650 et
2438 595 2586 649 Patri
2632 596 2880 664 perficiet
2909 613 2923 647 :
2951 595 3020 650 iis
3043 639 3054 655 ,
3105 613 3227 664 quae
3288 610 3450 652 antea
3499 600 3651 668 ahjc-

2041 702 2131 744 eta
2162 704 2229 743 ac
2274 689 2481 742 nullius
2511 689 2789 742 contmodi
2817 698 2997 752 erant,
3031 690 3410 758 congregatis,
3434 706 3499 743 ac
3529 692 3651 759 pul-

2041 783 2177 836 chre
2203 783 2257 835 in
2295 781 2418 851 ipso
2475 782 2907 850 coagmentatis,
2941 788 2997 833 te
3037 783 3261 851 quidem
3298 782 3559 838 diffracto
3597 796 3653 838 et

2042 875 2110 931 ad
2143 878 2254 931 ima
2278 877 2532 941 detruso,
2571 875 2806 931 ltisvero
2829 878 3107 940 excitatis,
3144 892 3209 931 ac
3234 877 3411 933 instar
3431 891 3654 945 sponsa:

2042 967 2421 1035 pulcherrimo
2457 980 2665 1036 sponso
2710 968 3301 1043 coujunctis.Quibus
3344 970 3512 1024 etiam
3547 971 3639 1025 ho-

2041 1058 2237 1112 dierna
2276 1057 2438 1111 valde
2478 1065 2795 1127 congruunt
2820 1058 3105 1127 propheta:
3136 1060 3304 1114 verba
3336 1057 3405 1125 ",
3444 1061 3651 1131 quibus

2044 1150 2319 1204 mansueti
2339 1148 2507 1221 Regis
2536 1150 2772 1205 adventu
2807 1152 3049 1221 gaudere
3066 1162 3278 1219 monet,
3310 1168 3375 1208 ac
3403 1164 3653 1225 praesen-

2043 1241 2175 1295 tiatn
2198 1241 2322 1296 laeto
2354 1243 2650 1310 splendore
2674 1242 2971 1297 honorare.
3007 1241 3153 1297 Sane
3170 1258 3302 1299 vero
3327 1246 3493 1301 etiam
3511 1257 3652 1316 prae-

2043 1336 2202 1389 conis
2243 1348 2437 1387 vocem
2470 1332 2808 1402 intelligunt,
2843 1332 3197 1403 libentesque
3238 1348 3305 1390 eo
3339 1336 3651 1391 adventan-

2047 1434 2155 1480 tem
2189 1424 2297 1479 fine
2326 1425 2701 1494 suscipientes
2746 1425 3063 1479 utsalutcm
3087 1424 3364 1490 conferat,
3399 1428 3647 1483 delecta-

2045 1519 2197 1573 tione
2260 1534 2389 1574 vere
2458 1518 2796 1574 suavissima
2864 1532 2929 1571 ac
3012 1533 3301 1589 nunquam
3359 1530 3650 1575 cessatura

2046 1608 2467 1681 perfunduntur
2502 1625 2518 1663 :
2548 1609 2809 1677 claraque
2846 1619 2962 1663 tum
3010 1608 3221 1680 lingua,
3253 1621 3369 1665 tum
3395 1627 3554 1673 voce.
3584 1630 3652 1669 ea

2045 1702 2291 1755 clamant
2322 1715 2447 1767 quae
2479 1715 2508 1751 a
2542 1700 2746 1754 divinis
2771 1699 2901 1753 olim
2935 1700 3328 1769 interpretibus
3352 1702 3407 1754 in
3431 1711 3652 1772 tempus

330 1817 387 1853 τι
422 1801 654 1868 Κυρίου
681 1817 699 1833 ⁸
731 1802 1074 1856 ὡσαννὰέν
1111 1803 1238 1870 τοῖς
1282 1805 1591 1871 ὑψίστοις.
1624 1804 1942 1874 Εὐλογημέ-

2048 1807 2295 1863 prarsens
2320 1794 2540 1846 fuerant
2580 1792 2843 1862 praedicta
2881 1809 2895 1845 :
2928 1790 3250 1845 Benedictus
3285 1810 3338 1845 es
3377 1794 3470 1864 qui
3505 1797 3650 1847 venis

330 1909 421 1954 νος
442 1888 517 1956 εἷ,
542 1896 571 1946 ὁ
592 1894 801 1964 ῥήματι
825 1894 1021 1965 σχίσας
1042 1894 1142 1965 τὴν
1165 1895 1260 1948 τοῦ
1292 1894 1423 1967 ᾅδου
1447 1896 1715 1966 γαστέρα,
1744 1897 1839 1949 καὶ⁴
1860 1913 1947 1949 τε·

330 1983 655 2054 τραήμερον
689 1984 781 2037 τον
819 1985 977 2053 φίλον
1002 1985 1079 2049 ὡς
1109 1987 1170 2054 ἐξ
1195 1986 1364 2039 ὖπνου
1395 1986 1640 2057 ἐγείρας.
1698 1987 1945 2061 Εὐλογη-

335 2074 497 2142 μένος
519 2069 592 2135 ei,
618 2075 789 2129 ὁᾶνω
833 2077 934 2146 μὲν
987 2076 1314 2149 θεοπρεπῶς
1362 2078 1688 2149 Χερουϐικῷ
1732 2078 1943 2151 ἅρματι

333 2167 705 2237 ἐποχούμενος
727 2184 743 2199 ο
775 2172 929 2222 κάτω
948 2168 993 2224 δ’
1027 2168 1104 2234 ὡς
1125 2170 1223 2225 ἄνθ
1234 2187 1417 2240 ρωπος
1440 2171 1534 2223 ἐπὶ
1573 2169 1760 2223 πώλου
1815 2172 1943 2224 ὅνου

334 2260 393 2309 έν
413 2258 632 2312 εὐτελεῖ
665 2259 979 2330 καθήμενος
1003 2263 1273 2332 σχήματι.
1324 2262 1711 2332 Εὐλογημένος
1765 2258 1837 2329 εἷ,
1878 2257 1942 2316 οὗ

334 2349 468 2421 ᾅδης
502 2352 604 2421 μὲν
624 2351 727 2419 νῦν,
751 2352 1025 2423 ἐτρόμαξε
1073 2352 1174 2423 τὴν
1225 2352 1412 2423 φωνὴν
1448 2354 1695 2418 ἀκούσας
1730 2368 1745 2383 ⁸
1802 2356 1944 2426 μετὰ

338 2443 514 2512 βραχὺ
567 2439 626 2497 δὲ
666 2444 1076 2515 νεκρωθήσεται
1121 2444 1527 2514 ὑποδεξάμενος
1578 2447 1657 2509 ὡς
1714 2448 1937 2518 νεκρόν.

338 2535 719 2605 Εὐλογημένος
746 2530 820 2599 εἷ,
846 2536 941 2589 τοῦ
976 2536 1210 2590 θανάτου
1233 2538 1551 2609 ἁναιρέτης,
1616 2540 1647 2590 ὁ
1688 2538 1789 2610 τὴν
1837 2537 1942 2604 ζωο

336 2625 403 2694 ὴν
437 2624 836 2694 ἐξαστράπτων
866 2643 882 2656 ·
916 2629 946 2680 ὁ
976 2625 1053 2698 τῷ
1080 2626 1362 2697 πλάσματι
1411 2628 1544 2681 ἰδίου
1570 2628 1828 2698 σταγόσιν
1854 2629 1943 2682 αἴ-

340 2731 510 2785 ματος
568 2715 847 2787 βοηθήσας
884 2733 899 2748 ο
947 2718 976 2768 ὁ
1041 2717 1243 2772 πάθεσι
1276 2722 1392 2782 τοῖς
1430 2722 1544 2783 σοῖς
1584 2721 1676 2774 τὸν
1706 2722 1944 2785 ἀνιάτως

315 2809 619 2877 πάσχοντα
647 2807 1018 2882 θεραπεύσας,
1053 2809 1437 2882 Εὐλογημένος
1470 2808 1541 2875 εἴ,
1576 2814 1604 2865 ὁ
1639 2813 1809 2866 πάλαι
1842 2813 1942 2882 μὲν

244 2950 249 2956 ,
338 2898 395 2950 ὲν
422 2898 668 2971 Βηθανία
694 2901 799 2952 ὑπὸ
824 2899 936 2953 τῶν
954 2901 1165 2953 παίδων
1193 2901 1558 2973 ὑμνούμενος,
1608 2902 1706 2956 νῦν
1759 2903 1806 2956 δ’
1861 2906 1940 2968 είς

340 2990 518 3044 πάντα.
543 2989 615 3044 τὰ
635 2992 852 3062 πέρατα
875 2991 1332 3065 δοξολογούμενος
1367 3010 1383 3025 ·
1430 2996 1458 3048 ὁ
1510 2996 1612 3063 τὴν
1659 2996 1941 3065 ἡμετέραν

338 3084 629 3155 ἀσχήμονα
654 3090 873 3156 μορφὴν
900 3086 1203 3156 εὐδοκήσας
1218 3087 1611 3154 ἀναλαϐέσθαι,
1634 3089 1722 3142 ἵνα
1737 3089 1825 3142 διὰ
1840 3090 1942 3159 τῆς

2047 1886 2104 1937 in
2138 1884 2353 1936 nomine
2378 1881 2642 1944 Domini;
2672 1883 2917 1935 hosanna
2948 1882 3006 1934 in
3050 1883 3275 1936 excelsis
3297 1883 3365 1934 ⁸⁵.
3410 1882 3651 1943 Βεηιεάἰδ

2047 1985 2172 2032 ctus
2201 1991 2286 2037 es,
2306 1975 2403 2044 qui
2436 1976 2612 2029 verbo
2644 1973 2851 2028 inferni
2880 1982 3134 2028 ventrem
3168 1975 3493 2040 scidisti,ac
3514 1977 3654 2030 ami—

2046 2083 2171 2123 cum
2208 2067 2641 2137 quatriduanum
2668 2066 2914 2134 quasiex
2940 2081 3139 2120 somno
3172 2067 3652 2123 excitasti.Bene~

2046 2159 2235 2213 dictus
2263 2174 2349 2221 es,
2382 2157 2476 2229 qui
2509 2155 2832 2211 Cherubico
2868 2172 3062 2222 curru,
3092 2164 3152 2210 ut
3179 2155 3351 2212 Deum
3380 2158 3564 2222 decet,
3593 2161 3648 2213 in

2044 2249 2203 2303 malis
2253 2248 2568 2311 inveheris;
2613 2248 2821 2317 quique
2870 2246 3019 2316 pullo
3064 2248 3234 2313 asini,
3290 2248 3385 2302 vili
3431 2248 3652 2312 habitu,

2048 2323 2302 2397 insidens
2339 2340 2393 2395 in
2427 2350 2572 2396 terra
2617 2341 2980 2409 conSpiceris.
3017 2338 3347 2396 Benedictus
3376 2357 3457 2405 es,
3488 2342 3653 2410 cuius

2047 2450 2197 2490 nunc
2238 2434 2465 2505 quidem
2523 2433 2710 2487 audita
2750 2448 2887 2489 voce
2952 2434 3298 2488 coatremuit
3349 2434 3651 2497 infernus;

2045 2525 2191 2580 idem
2239 2526 2357 2594 ipse
2400 2525 2553 2578 brevi
2588 2527 2943 2593 postmodum
2981 2527 3365 2595 perimendus,
3416 2543 3543 2580 cum
3592 2539 3655 2581 ut

2045 2628 2329 2671 mortuum
2365 2627 2418 2672 te
2442 2619 2772 2687 susceperit.
2802 2618 3135 2674 Benedictus
3155 2634 3239 2681 es,
3277 2621 3474 2674 mortis
3501 2623 3655 2676 occi-

2046 2726 2163 2773 sor,
2202 2709 2330 2763 vitae
2361 2709 2661 2779 splendens
2690 2709 2959 2779 fulgores,
2989 2712 3082 2780 qui
3121 2711 3386 2781 ﬁgmento
3419 2715 3495 2767 lui
3532 2721 3658 2781 guto

2048 2803 2122 2856 tis
2171 2801 2464 2873 sanguinis
2503 2816 2665 2871 Opem
2719 2803 2949 2867 tuleris;
2993 2802 3086 2871 qui
3132 2805 3492 2870 passionibus
3544 2806 3656 2859 tuis

2044 2909 2170 2949 eum
2197 2895 2509 2957 curaveris,
2541 2894 2707 2964 cujus
2737 2904 2887 2949 esset
2930 2895 3163 2950 morbus
3205 2897 3509 2967 passioque
3546 2898 3655 2951 itu-

2046 2987 2414 3041 medicabilis.
2441 2985 2777 3041 Benedictus
2806 3001 2887 3051 es,
2923 2988 3016 3055 qui
3048 2987 3178 3041 olim
3207 2989 3433 3057 quidem
3458 3003 3489 3041 a
3516 3004 3657 3058 pue-

2046 3079 2125 3132 ris
2153 3079 2209 3131 in
2241 3077 2507 3132 Bethania
2540 3078 2712 3133 fueris
2743 3078 3061 3133 celebratus
3085 3119 3100 3146 ,
3136 3095 3286 3134 nunc
3316 3095 3449 3134 vero
3474 3081 3657 3133 omni-

338 3176 677 3249 εὐπρεπείας
697 3177 780 3240 είς
818 3178 878 3230 τὸ
901 3178 1120 3249 πρῶτον
1151 3178 1347 3242 κάλλος
1375 3179 1438 3232 σὺ
1463 3181 1738 3252 ἡμέτερον
1769 3183 1941 3255 ἄσχηδ

2047 3170 2152 3224 bus
2184 3178 2460 3224 terrarum
2486 3170 2805 3239 ,ditionihus
2837 3171 3176 3237 decanteris,
3214 3172 3309 3241 qui
3346 3172 3653 3226 deformem

343 3284 443 3337 μον
467 3269 843 3339 μεταποιηθῇ.
892 3268 952 3322 Ὀ
980 3271 1076 3323 καὶ
1105 3271 1384 3343 ἡμετέραν
1415 3272 1735 3343 προσένεξιν
1773 3275 1938 3341 πώλῳ

340 3358 434 3411 καὶ
460 3359 623 3411 παισὶ
666 3361 1028 3431 σχηματίζων
1065 3362 1259 3428 πάλαι,
1288 3362 1369 3434 τῷ
1401 3364 1501 3433 μὲν
1539 3364 1682 3438 κάθῃ
1704 3406 1719 3429 ,
1767 3366 1837 3418 τὰ
1881 3367 1939 3418 δὲ

337 3451 651 3521 διοικονομῇ
707 3452 897 3521 ῳέρειν
955 3469 1041 3505 σοι
1086 3451 1187 3523 τὴν
1223 3454 1524 3525 εὐφημίαν.
1584 3457 1664 3509 Δι’
1716 3452 1793 3511 ὧν
1830 3457 1941 3529 γὰρ

339 3538 486 3608 ἡμᾶς
548 3538 779 3608 ἔμελλες
846 3542 1223 3610 προσάγεσθαι
1276 3544 1476 3615 ἀλογία
1524 3545 1799 3615 βιοῦντας,
1846 3548 1940 3601 καὶ

338 3630 439 3699 τῆς
470 3630 762 3695 εὐσεϐείας
787 3632 1011 3705 θρέψειν
1044 3634 1126 3705 τῷ
1172 3634 1439 3703 γάλακτι,
1479 3637 1692 3702 τούτοις
1741 3640 1803 3693 τὺ
1842 3658 1944 3710 μυ-

340 3723 563 3793 στήριον
618 3722 1005 3794 σχηματίζεις.
1071 3726 1235 3780 Ἀλλά
1282 3742 1348 3796 γε
1414 3728 1679 3800 παγκὰλη
1748 3730 1943 3800 χορεία

339 3818 450 3872 τῶν
473 3818 747 3889 θεολόγων
776 3822 988 3891 νηπίων
1014 3824 1348 3893 παραστᾶσα
1379 3824 1458 3894 τῷ
1487 3824 1789 3895 Πνεύματι,
1816 3842 1944 3878 συν-

340 3912 570 3983 εόρταζε
599 3916 700 3969 καὶ
723 3915 1063 3984 σονεργάζου
1112 3915 1214 3987 τὴν
1253 3915 1556 3987 εὐφημίαν.
1625 3917 1802 3971 Πάλαι
1840 3920 1943 3987 μὲν

340 4007 448 4077 γὰρ
515 4007 630 4060 τῶν
689 4006 984 4075 φονώντων
1044 4009 1435 4081 πρεσϐυτέρων
1485 4010 1945 4082 στηλιτευομένης

339 4096 441 4166 τῆς
500 4097 954 4169 φρενοϐλαϐείας,
1000 4093 1087 4161 οἷς
1139 4101 1235 4152 ἐπὶ
1281 4100 1375 4154 τὸν
1398 4101 1580 4155 πῶλον
1624 4101 1718 4154 τὸν
1758 4101 1945 4173 πραῢν

339 4188 638 4261 ὀχούμενον
667 4189 895 4256 ἐτιμᾶτε
921 4189 1182 4251 Βασιλέα.
1233 4191 1440 4262 ἁκονᾷν
1495 4193 1739 4245 ἐδοκεῖτε
1798 4194 1943 4263 πρὸς

342 4280 648 4351 θεομαχίαν
677 4280 807 4343 τοὺς
836 4282 1085 4353 σφαγέας
1128 4284 1260 4348 ταῖς
1302 4284 1605 4355 ὑμετέραις
1659 4284 1947 4354 γλυκείαις

338 4375 527 4446 ᾠδαῖς,
564 4376 1093 4447 στενοχωρουμένων
1136 4376 1248 4432 τῶν
1270 4378 1488 4446 πικρῶν
1520 4378 1762 4448 καρδιῶν
1792 4393 1808 4409 ο
1849 4377 1945 4431 νῦν

339 4469 397 4522 δὲ
425 4465 743 4539 γογγυστὴς
804 4467 1005 4533 οὐδεὶς,
1038 4459 1151 4524 οὐδ’
1178 4469 1291 4537 snt;
1329 4472 1441 4533 τοῖς
1502 4469 1695 4540 ὕμνοις
1753 4468 1947 4527 δακνό-
1971 4501 2025 4571 D

343 4577 539 4633 μενος,
572 4559 696 4613 οὐδὲ
724 4558 981 4632 χρώματι
1005 4561 1318 4633 σκυθρωπῷ
1340 4563 1439 4634 τῆς
1487 4564 1681 4634 ἑορτῆς
1706 4564 1768 4618 τδ
1809 4582 1936 4631 φαι-

339 4653 465 4723 δρὸν
491 4651 794 4724 ἐνυϐρίζων
822 4669 835 4683 ·
870 4650 1007 4706 ἀλλὰ
1051 4656 1370 4725 πρέπουσαν
1428 4654 1647 4724 ἀληθῶς
1688 4657 1938 4729 Δεσπότῃ

339 4743 684 4808 δεικνύοντες
712 4743 812 4815 τὴν
839 4744 1173 4810 συνέλευσινς
1208 4744 1306 4799 καὶ
1349 4745 1426 4816 τῷ
1467 4752 1662 4819 νικητῇ
1691 4748 1785 4801 τοῦ
1846 4749 1940 4802 θα-

340 4838 506 4892 νάτου
525 4839 623 4892 καὶ
651 4837 860 4911 διώκτη
885 4840 985 4906 τῆς
1041 4837 1530 4908 σκυθρωπότητος,
1590 4839 1795 4911 φαιδρᾷ
1843 4841 1942 4892 καὶ

341 4930 543 5002 καρδίᾳ
587 4921 685 4985 ml.
724 4929 947 5002 γλώσσῃ
999 4928 1434 5001 προστρέχοντες
1473 4945 1488 4963 ο
1551 4932 1945 5001 συγχαίροντες

345 5026 468 5093 μὲν,
491 5023 620 5095 ἄρτι
662 5022 883 5093 ρίψαντι
901 5023 1001 5092 τὴν
1041 5025 1106 5076 ὲκ
1152 5022 1325 5091 τάφου
1359 5022 1627 5076 δυσωδίαν
1666 5022 1748 5094 τῷ
1801 5022 1943 5094 φίλῳ

342 5116 609 5187 Λαζάρῳ,
641 5116 740 5169 καὶ
757 5115 858 5186 τὴν
896 5115 1086 5187 κοινὴν
1113 5115 1209 5169 τοῦ
1255 5117 1449 5182 γένους
1478 5115 1791 5185 ἀφθαρσίαν
1840 5132 1944 5186 μυ-

402 5296 477 5359 ,⁸⁸
510 5292 685 5349 Zacb.
722 5309 801 5361 ιι,
826 5293 884 5348 9.
961 5294 1010 5327 ”
1042 5292 1179 5348 Luc.
1214 5310 1327 5360 xix,
1377 5294 1471 5350 '58.

2046 3272 2296 3317 nostram
2331 3262 2567 3317 formam
2597 3278 2888 3319 assumere
2918 3265 3178 3334 dignatus
3208 3267 3311 3329 sis,
3344 3274 3403 3318 ut
3454 3265 3656 3322 decore

2045 3365 2298 3411 nostram
2328 3357 2741 3411 deformitatem
2765 3355 2882 3425 (24)
2912 3357 2981 3411 ad
3012 3360 3251 3427 priorem
3302 3371 3652 3415 venustatem

2044 3450 2346 3506 reduceres
2398 3470 2412 3505 :
2474 3451 2568 3521 qui
2610 3451 2779 3505 etiam
2841 3461 3094 3506 nostram
3139 3450 3527 3508 reductionem
3588 3470 3655 3507 ac.

2045 3543 2519 3607 conciliationem,
2570 3539 2709 3612 pulli
2751 3542 2885 3596 olim
2924 3557 2988 3597 ac
3039 3557 3341 3613 puerorum
3385 3544 3656 3614 symbolis

2044 3635 2366 3705 designans,
2401 3636 2558 3690 alteri
2588 3635 2814 3706 quidem
2858 3634 3073 3691 iusides
3096 3676 3111 3703 ,
3146 3634 3249 3691 hos
3276 3652 3407 3691 vero
3446 3646 3506 3691 ut
3537 3638 3656 3691 lau-

2044 3728 2144 3783 des
2185 3729 2287 3783 tibi
2330 3728 2655 3794 concinant,
2705 3727 2967 3798 impellis.
3013 3729 3175 3795 Quod
3215 3731 3364 3785 enim
3406 3746 3531 3796 nos,
3593 3733 3653 3786 in

2046 3818 2193 3874 bruti
2220 3833 2432 3874 morem
2478 3820 2650 3873 vitam
2693 3829 2941 3889 agentes,
2979 3820 3381 3875 conciliaturus
3405 3837 3561 3876 esses
3587 3838 3657 3880 ac

2045 3910 2435 3981 pietatislacte
2466 3910 2807 3976 nutriturus,
2844 3910 2998 3966 hisce
3039 3912 3293 3981 utrisque
3324 3902 3655 3984 mysterium

2047 4002 2375 4057 adumbras.
2406 4001 2526 4067 Ast,
2567 4016 2601 4055 ο
2640 4001 3016 4071 pulcherrime
3049 4001 3325 4055 infantum
3369 4005 3655 4075 theologm

2048 4111 2172 4151 rum
2213 4104 2413 4161 coetus,
2466 4096 2808 4163 chorusque,
2857 4095 2953 4166 qui
3010 4092 3225 4165 Spiritu
3265 4097 3507 4159 assistis,
3541 4114 3654 4153 una

2048 4190 2343 4245 nobiscum
2401 4188 2595 4245 laudes
2645 4189 2865 4243 celebra
2925 4198 3091 4258 atque
3156 4191 3455 4246 concinna.
3511 4192 3654 4245 Nam

2048 4283 2180 4337 olim
2217 4280 2442 4350 quidem
2482 4281 2768 4337 seniorum
2816 4282 3023 4337 caedem
3081 4282 3413 4351 spirantium
3459 4294 3654 4338 notata

2049 4374 2273 4445 publice
2326 4374 2574 4439 vesania,
2619 4374 2769 4444 quod
2817 4375 2972 4445 pullo
3018 4385 3236 4429 vectum
3296 4387 3651 4431 mansuetum

2052 4465 2255 4536 Regem
2286 4466 2501 4521 honore
2547 4466 2830 4532 coleretis,
2860 4467 3121 4521 dulcibus
3153 4468 3388 4523 canticis
3445 4471 3651 4524 vestris

2051 4560 2345 4625 siccarios,
2374 4567 2438 4613 ut
2466 4556 2705 4614 infensis
2737 4560 2794 4614 in
2820 4558 2991 4613 Deum
3024 4561 3229 4615 animis
3263 4572 3454 4615 essent
3500 4579 3652 4615 eunt-

2042 4670 2151 4724 que
2188 4666 2596 4723 oppugnarent,
2624 4652 2729 4706 visi
2750 4654 2885 4708 estis
2908 4653 3178 4718 excitare,
3206 4653 3467 4707 nimirum
3488 4668 3653 4708 coan-

2044 4748 2279 4818 gustatis
2313 4760 2504 4801 amaro
2540 4744 2669 4800 felle
2695 4759 2890 4815 eorum
2918 4746 3279 4814 pectoribus;
3317 4761 3468 4799 nunc
3518 4763 3651 4811 vero

2047 4842 2202 4895 abest
2229 4841 2411 4895 omnis
2443 4850 2841 4903 murmurator,
2866 4852 2970 4891 nec
2999 4845 3084 4891 est
3118 4837 3209 4906 qui
3241 4838 3431 4894 laudes
3459 4839 3652 4909 iniquo

2050 4933 2237 4987 animo
2290 4931 2432 4986 ferat
2475 4948 2490 4985 :
2540 4944 2705 4984 nemo
2739 4936 2849 4995 est,
2896 4930 2992 4999 qui
3048 4929 3171 4984 festi
3218 4928 3397 4983 betam
3448 4928 3649 4984 faciem

2056 5023 2201 5077 tristi
2241 5038 2305 5077 ac
2358 5022 2553 5077 tetrica
2585 5022 2775 5090 specie
2804 5020 3008 5089 injuria
3035 5020 3236 5073 alliciat
3273 5037 3287 5073 :
3323 5020 3420 5074 sed
3455 5035 3650 5076 omnes

2055 5132 2140 5182 ea,
2174 5132 2284 5187 qua
2315 5116 2474 5172 decet
2505 5114 2816 5179 alacritate,
2847 5114 2902 5168 in
2930 5111 3150 5168 Domini
3183 5113 3415 5181 gratiam
3441 5127 3649 5169 conre-

1870 5386 2105 5444 NOTAE.

411 5491 525 5561 (24)
565 5487 831 5555 Nostram
869 5486 1290 5557 deformitatem.
1325 5483 1433 5561 _Tb_
1458 5484 1735 5561 ἡμέτερον
1764 5480 1941 5551 ἄσχη-

345 5554 462 5634 μον.
494 5554 671 5634 Plane
695 5561 896 5634 animae
922 5554 948 5619 ,⁷
971 5556 1386 5634 uon_corporis_
1419 5554 1845 5634 informitatem,
1884 5562 1944 5633 ut

340 5625 480 5689 innate
502 5632 692 5688 reddit
714 5633 1016 5699 interpres,
1038 5627 1323 5699 mirorque
1339 5628 1459 5680 viro
1476 5627 1645 5679 docto
1672 5625 1755 5676 sic
1786 5625 1941 5677 exci-

337 5706 485 5761 disse
527 5717 643 5759 :ac
685 5697 1008 5773 quanquam
1067 5698 1121 5773 i_n
1179 5697 1405 5751 Christo
1455 5709 1771 5773 corpusac
1810 5707 1944 5773 caro

336 5775 483 5832 haud
541 5788 677 5829 raro
703 5765 1017 5830 'nro'tota
1073 5769 1540 5851 ltumanaluatura
1570 5765 1941 5831 accipiantur,

2052 5481 2195 5535 haud
2223 5491 2404 5535 tamen
2429 5481 2487 5534 in
2522 5480 2769 5539 homine.
2801 5482 2946 5551 quod
2971 5496 3051 5537 est
3076 5482 3278 5537 animae
3304 5482 3462 5537 facile
3487 5481 3650 5539 inteh

2053 5554 2255 5619 ligatur
2289 5554 2516 5605 nomine.
2550 5557 2845 5621 corporis;
2880 5569 2981 5608 nec
3007 5570 3173 5621 quam
3213 5557 3267 5607 in
3327 5556 3512 5607 anima
3547 5555 3650 5607 de-

2054 5625 2389 5675 formitatem
2451 5632 2741 5690 peccatum
2797 5623 2953 5689 facit,
3011 5626 3268 5693 corporis
3328 5625 3649 5679 infortunitas

2054 5695 2317 5762 appellari
2350 5699 2552 5762 posstt.
