4124 6320
439 226 507 290 71

1686 225 1837 290 LEO
1848 227 1979 289 NIS
2005 228 2478 290 PHILOSOPHI

3686 235 3758 296 7'2

422 344 621 404 niunt.
651 348 821 410 atque
859 340 928 395 ad
959 340 1224 396 victorem
1257 340 1456 396 mortis
1477 341 1790 411 omnisque
1826 356 2039 397 nmero-

2146 340 2359 416 ρίζοντι
2397 358 2412 373 °
2459 342 2860 412 συγχαίροντες
2881 341 2939 396 δὲ
2969 343 3049 417 τῷ
3084 341 3174 397 ua
3227 341 3514 415 σπλάγχνα
3570 346 3759 417 ἐλέους

431 436 511 490 ris
544 435 925 505 expulsorem,
976 436 1100 488 laeto
1133 424 1249 488 tum
1292 446 1521 504 pectore
1548 442 1665 488 tum
1716 436 1905 504 lingua
1935 449 2033 487 ac-

2143 435 2421 507 καμάτοις
2443 436 2672 498 οἰκείοις
2703 435 2803 506 τὴν
2833 435 3013 507 λύπην
3043 435 3459 505 ἐξαφανίσαντι,
3520 440 3620 493 καὶ
3666 433 3756 514 τῷ

422 516 678 593 currunt,
720 527 1177 595 congratulantes
1227 526 1408 579 amico
1460 523 1691 589 Lazaro,
1729 527 1826 595 qui
1867 526 2033 579 modo

2145 528 2341 598 κόσμῳ
2369 529 2810 598 φυτουργήσαντι
2839 529 2943 599 τὴν
2974 530 3154 600 χαράν
3188 547 3203 562 ο
3227 531 3325 583 καὶ
3362 531 3632 602 τιμῶντες
3658 536 3755 589 ἐκέ-

424 618 652 673 fetorem
670 633 737 671 ex
768 618 1028 688 sepulcro
1062 625 1414 690 contractum
1448 618 1758 688 deponens,
1782 634 2033 673 commu-

422 714 512 766 nis
541 714 762 781 generis
800 712 1242 780 incorruptionis
1266 718 1544 779 unguenta
1581 711 1857 782 perspirat
1892 709 2033 765 :sed

419 819 474 862 et
501 807 577 858 illi
610 806 1084 875 congratulantes,
1119 804 1217 878 qui
1252 819 1349 873 per
1380 804 1603 860 viscera
1630 804 2035 859 misericordiae

419 901 542 953 suis
572 900 691 968 ipse
722 898 1013 953 laboribus
1051 899 1339 951 tristitiam
1372 898 1663 966 exstinxit,
1716 899 2035 968 mundoque

420 990 682 1062 gaudium
724 990 927 1045 insevit
960 1007 976 1046 :
1011 991 1301 1059 multoque
1348 999 1576 1059 stupore
1633 1004 1701 1046 ac
1763 992 2035 1047 miraculo
2070 976 2084 988 ’λ

419 1100 486 1141 ea
541 1084 908 1147 honorantes,
951 1097 1075 1152 quae
1123 1082 1543 1153 dispensatione
1594 1092 1869 1154 geruntur
1910 1102 1926 1140 :
1968 1101 2033 1141 ac
2070 1080 2073 1081 ⁷

419 1176 595 1230 vestri
620 1174 822 1229 cantici
848 1174 1044 1228 modos
1070 1172 1394 1228 dulcissimo
1424 1174 1756 1229 haurientes
1804 1174 2033 1235 auditu,

423 1282 659 1335 quorum
701 1266 839 1319 nihil
881 1274 1013 1318 tunc
1058 1280 1321 1335 perversa
1372 1263 1667 1337 Synagoga
1718 1265 2037 1322 intellexit:

423 1358 521 1413 sed
548 1373 675 1411 cum
708 1355 987 1410 infernum
1018 1363 1259 1410 tremore
1279 1370 1622 1410 concussum
1656 1355 1936 1419 viderent,
1968 1371 2036 1410 ac

425 1440 663 1503 necdum
716 1446 949 1518 prolatis
998 1447 1209 1514 verbis,
1248 1446 1370 1516 ipso
1403 1448 1740 1513 remittente,
1773 1446 2035 1502 eductum

427 1548 729 1603 mortuum,
764 1551 831 1591 eo
852 1530 1192 1613 audaciores
1225 1551 1351 1591 esse
1377 1535 1811 1591 contendebant.
1836 1536 1917 1591 Ac
1944 1538 2037 1593 ille

425 1631 652 1703 quidem
688 1645 815 1684 cum
841 1627 1254 1698 sepulcralibus
1289 1625 1483 1682 fasciis
1524 1642 1557 1682 e
1594 1629 1858 1698 sepulcro
1888 1629 2036 1684 exsi-

2142 619 2341 689 πλήξει
2366 622 2461 672 καὶ
2483 618 2724 688 θαύματι
2771 620 2843 673 τὰ
2872 620 3325 692 οίκονομούμεναν
3341 638 3355 653 ·
3378 624 3481 694 ἡδὺ
3503 624 3561 677 δὲ
3585 625 3758 679 ἄκου-

2146 725 2260 781 σμα
2276 712 2337 764 τὺ
2365 711 2635 784 ὑμέτερον
2666 708 2820 783 ᾆσμα
2861 715 3203 784 ποιούμενοι,
3226 708 3304 768 ὧν
3354 716 3479 769 τότε
3533 718 3689 772 οὐδὲν
3724 721 3757 790 ἡ

2144 804 2361 874 πονηρὰ
2383 805 2556 858 συνίει
2592 790 2887 876 συναγωγή
2924 821 2943 839 ο
2975 807 3091 861 ἀλλ’
3138 808 3377 879 ὁρῶντες
3410 809 3548 881 ᾅδην
3624 829 3755 880 τρο-

2146 897 2421 969 μάξαντα,
2464 898 2562 951 καὶ
2593 897 2706 951 τῶν
2737 898 3052 952 καλούντων
3075 902 3341 970 ῥημάτων
3372 901 3454 955 ἔτι
3492 901 3761 973 λαλουμέ-

2143 1004 2254 1041 νων
2296 986 2704 1057 ἁναπέμψαντα
2753 988 2844 1041 τὸν
2885 990 3083 1060 νεκρὸν
3104 1029 3119 1053 ,
3181 990 3562 1058 ἐφιλονείκουν
3613 988 3759 1047 εἶναι

2142 1079 2337 1132 τούτου
2376 1078 2706 1150 θρασύτεροι
2732 1094 2748 1110 θ
2776 1080 2873 1132 καὶ
2904 1082 2934 1134 ὁ
2964 1080 3064 1151 μὲν
3098 1082 3343 1151 ἀνεπήδα
3377 1083 3519 1152 μετὰ
3542 1083 3654 1137 τῶν
3675 1085 3762 1137 ἐν-

2144 1169 2359 1238 ταφίων
2389 1168 2725 1237 σπαργάνων
2752 1169 2849 1222 τοῦ
2894 1171 3182 1241 μνήματος
3213 1188 3229 1203 ο
3261 1173 3313 1224 oi.
3340 1172 3397 1225 δέ
3423 1172 3503 1241 τῷ
3543 1173 3760 1243 λυτρω-

2141 1260 2210 1329 τῇ
2238 1259 2296 1310 ἐν
2329 1261 2397 1328 τῇ
2430 1257 2615 1330 ἀλύτῳ
2646 1259 2821 1323 ὅντως
2864 1263 2967 1326 τῆς
3016 1262 3288 1334 πονηρίας
3350 1262 3547 1336 γνώμῃ
3599 1264 3761 1317 ἔπλε-

2143 1368 2240 1404 κον
2262 1350 2332 1404 τὰ
2361 1349 2541 1422 δεσμὰ
2566 1390 2583 1414 ,
2605 1353 2702 1406 καὶ
2746 1356 2957 1424 ῥήμασι
2983 1354 3124 1423 γάλα
3164 1356 3474 1419 σταζόντων
3529 1357 3760 1428 χειλέων

2144 1443 2247 1508 τὰς
2272 1446 2334 1498 ἐν
2364 1444 2537 1515 κακίᾳ
2569 1449 2787 1516 σαπρᾶς
2817 1446 3131 1516 διεπρίοντο
3164 1447 3417 1527 καρδίας.
3456 1449 3630 1519 Δεῦρο
3657 1467 3758 1521 με-

2141 1535 2214 1589 τὰ
2240 1535 2341 1602 τῆς
2364 1535 2703 1605 ὡραιότητος
2756 1536 2995 1606 ὼραῖζου
3020 1537 3121 1605 τῆς
3168 1537 3491 1604 ἐκκλησίας,
3528 1538 3628 1608 τῆς
3659 1539 3759 1592 καὶ

2145 1625 2441 1697 ποθούσης,
2465 1627 2557 1680 καὶ
2588 1627 2961 1697 στεργομένης
2997 1627 3235 1699 ἀμώμου
3290 1628 3515 1700 νύμφης
3539 1645 3553 1661 ⁸
3615 1633 3684 1703 ἣν
3726 1635 3758 1687 ὁ

426 1723 633 1783 liebat,
659 1720 697 1794 ii
730 1734 863 1794 vero
915 1717 1316 1775 insolubilibus
1362 1719 1614 1788 maligna:
1646 1721 1853 1773 mentis
1887 1722 2038 1773 nexi-

2145 1718 2338 1789 Πατὴρ
2367 1717 2447 1788 τῷ
2470 1719 2743 1789 ἀγαπητῷ
2786 1719 3072 1790 ἡρμόσατο
3124 1720 3264 1791 Υἱῷ,
3313 1721 3610 1790 διαζεύξας
3657 1724 3755 1777 τοῦ

426 1816 533 1870 bus
564 1814 805 1879 astricti,
828 1812 1116 1867 liberatori
1147 1811 1446 1865 nectebant
1470 1810 1715 1877 vincula,
1746 1812 2039 1878 verbisque

426 1909 573 1963 lacte
607 1905 965 1960 manantibus
1008 1904 1172 1958 labiis
1204 1902 1364 1962 fusis.
1392 1918 1595 1971 spurca
1620 1916 1814 1957 eorum
1847 1914 2036 1973 pecto-

428 2015 489 2055 ra
507 1998 935 2054 dissecabantur
963 1994 1335 2065 improbitatis
1360 1995 1775 2064 exsuperantia.
1796 1996 2030 2060 Adesto,

427 2092 632 2147 decore
675 2102 741 2143 ac
791 2085 1090 2157 splendore
1131 2083 1399 2140 Ecclesia:
1451 2085 1719 2154 pneclare
1764 2086 2041 2176 induere;

428 2183 836 2246 desiderantis,
898 2180 1151 2250 inquam,
1222 2180 1430 2249 pariter
1464 2179 1908 2252 desiderateque
1976 2195 2042 2236 ac

430 2278 763 2349 praedilecta:
803 2274 1101 2342 inculpatae
1139 2287 1385 2341 sponsae,
1434 2286 1601 2341 quam
1642 2272 1811 2329 Pater
1854 2275 2041 2344 junxit

430 2370 766 2425 charissima
792 2365 955 2431 Filio,
1008 2365 1273 2435 abjuncta
1302 2381 1333 2419 a
1380 2367 1681 2421 mitissimo
1713 2381 1924 2436 sponso
1960 2366 2043 2422 fe-

428 2463 548 2517 roci
589 2476 654 2515 ac
700 2460 919 2529 ingrata
964 2456 1259 2528 Synaguga
1310 2456 1505 2526 :quod
1556 2456 1822 2512 niu'iirum
1874 2466 2044 2513 tanta;

416 2549 1033 2623 ‘despousationisjura
1070 2550 1308 2614 violatus,
1342 2564 1612 2619 sponsum
1648 2549 2041 2627 suum‘despi-

429 2646 578 2702 eatui
621 2643 900 2709 habuerit,
935 2657 1061 2697 eum
1103 2656 1446 2712 prosequens
1477 2642 1606 2696 odio
1636 2658 1665 2695 a
1691 2656 1803 2713 quo
1840 2642 2045 2698 dilecta

366 2742 370 2747 ’
429 2746 605 2800 esset,
638 2751 705 2792 ac
735 2750 838 2807 pro
863 2735 1040 2791 nihilo
1065 2733 1280 2789 ducens
1310 2750 1438 2789 eum
1473 2734 1568 2802 qui
1597 2734 1809 2789 honore
1850 2736 2043 2789 auxis-

434 2839 522 2887 set
562 2848 576 2885 :
614 2844 742 2885 cum
784 2828 1049 2897 denique,
1098 2828 1262 2895 cujus
1311 2827 1592 2883 beneﬂcio
1652 2842 1834 2882 rerum
1885 2828 2046 2899 copia

434 2919 783 2986 abundabat,
835 2932 902 2973 ac
931 2918 1132 2987 agebat
1165 2914 1315 2983 felix,
1341 2917 1643 2972 contrariis
1672 2917 1833 2987 plane
1864 2918 2044 2973 modis

434 3022 823 3065 remunerans.
856 3006 1212 3076 Quapropter
1245 3020 1397 3083 nunc
1436 3021 1466 3059 a
1496 3005 1653 3059 vobis
1686 3006 1908 3070 repulsa
1942 3008 2040 3060 dc-

438 3108 722 3169 sertaque,
753 3111 820 3152 ac
846 3098 1068 3152 festiva:
1102 3097 1288 3151 omnis
1323 3095 1528 3150 laetitia:
1548 3111 1765 3158 exsors,
1804 3096 2039 3151 felicita-

439 3197 514 3250 tis
586 3195 709 3247 loco
768 3192 1158 3245 calamitatum
1228 3188 1384 3243 dives
1466 3190 1620 3256 agit;
1684 3188 2041 3244 deformitate

441 3284 670 3347 vestita,
726 3281 852 3350 ejus
900 3281 1021 3335 vice
1053 3279 1384 3347 venustatis,
1424 3278 1588 3346 cujus
1626 3288 1785 3333 antea
1805 3269 2040 3334 ﬂoribus

444 3374 821 3441 coruscabat;
856 3372 1132 3440 fascesque
1154 3368 1275 3440 ejus
1308 3369 1600 3424 vindemiae
1628 3370 1845 3435 bibens,
1872 3386 2038 3441 quam

442 3468 550 3523 sibi
578 3466 896 3535 collegerat.
930 3463 1001 3516 At
1033 3475 1164 3515 vero
1187 3474 1331 3513 nova
1362 3474 1427 3513 ac
1455 3461 1785 3515 charissima
1814 3475 2039 3530 sponsa,

442 3561 517 3614 ob
549 3553 1081 3613 excellentissimam
1101 3552 1592 3621 deSponsationem
1615 3553 1831 3622 gaudiis
1860 3555 2041 3607 omnia-

382 3642 385 3645 “
443 3654 550 3709 bus
574 3652 757 3722 plena,
783 3661 1103 3718 sponsoque
1143 3660 1244 3701 suo
1273 3643 1704 3709 formosissimo,
1728 3645 2043 3701 castissima

445 3759 636 3799 antore
684 3740 1048 3811 agglutinata,
1078 3736 1288 3791 fruitur
1317 3737 1545 3807 quidem
1581 3738 1761 3807 ipsius
1804 3737 2041 3803 deliciis,

446 3839 545 3893 sed
569 3845 626 3891 et
658 3832 946 3904 praesentis
977 3832 1086 3886 diei
1116 3831 1459 3899 voluptatem
1495 3831 1755 3899 percipit,
1786 3847 1888 3900 qua
1916 3832 2044 3886 licet

447 3931 563 3994 hic,
611 3936 831 3982 servata
860 3926 955 3979 illa
989 3924 1194 3979 veteris
1235 3924 1464 3979 honoris
1503 3924 1679 3977 forma
1705 3933 1762 3978 et
1806 3925 2041 3990 ratione,

447 4035 574 4075 cum
610 4018 781 4072 ramis
812 4016 1131 4070 Palmarum
1170 4014 1541 4068 laudationem
1567 4014 1862 4080 instituat,
1898 4024 2043 4069 atta-

449 4126 579 4166 men
617 4109 798 4164 oculis
835 4109 890 4162 in
934 4121 1175 4177 superna
1225 4104 1420 4160 deﬁxis
1462 4105 1714 4160 eumdem
1760 4120 1869 4161 una
1917 4120 2045 4161 cum

448 4203 664 4274 angelis
688 4198 982 4272 gloriﬁcat,
1016 4208 1279 4268 tanquam
1310 4198 1467 4252 illum
1500 4198 1598 4268 qui
1632 4207 1687 4251 et
1720 4198 1772 4251 in
1800 4200 1949 4253 υωισ
1990 4211 2047 4255 et

2068 3058 2111 3116 C

2144 1812 2326 1880 πράου
2386 1810 2623 1881 νυμφίου
2682 1811 2782 1880 τὴν
2840 1811 3236 1881 ἀγριαίνουσαν
3301 1815 3408 1885 ,καὶ
3457 1816 3758 1886 ἀχάριστον

2147 1904 2491 1974 Συναγωγήν
2523 1920 2537 1933 ο
2566 1903 2685 1957 ἀνθ’
2713 1898 2790 1959 ὧν
2832 1905 2915 1969 είς
2942 1903 3046 1978 τὴν
3090 1907 3367 1978 τοσαύτην
3415 1908 3760 1980 ἐνυϐρίσασα

2145 1996 2473 2072 μνηστείαν,
2527 1996 2621 2049 τὸν
2653 1994 3147 2066 ’νυμφευσάμενονν
3173 1998 3526 2066 ἐξουδένωσε,
3581 2001 3755 2071 μισή-

2145 2102 2290 2139 σασα
2316 2086 2407 2139 τδν
2436 2087 2765 2159 ἠγαπηκότα
2808 2104 2823 2120 ·
2878 2090 3196 2158 φαυλίσασα
3238 2091 3332 2146 τὸν
3374 2093 3713 2163 τετιμηκότα
3736 2107 3754 2125 ·

2143 2177 2237 2231 τὸν
2265 2177 2332 2230 δι’
2357 2177 2417 2231 ὃν
2448 2180 2612 2233 πᾶσιν
2636 2181 2863 2251 εὐθήνει
2890 2181 3100 2246 καλοῖς,
3122 2184 3290 2236 πᾶσιν
3308 2180 3575 2247 ἐναντίοις
3595 2185 3761 2255 ἁμειο

2145 2269 2386 2341 ψαμένη.
2423 2271 2524 2324 Διὰ
2573 2272 2733 2324 τοῦτο
2783 2273 2882 2327 νῦν
2929 2274 3060 2343 ὑμῖν
3094 2274 3424 2346 ἀπωσμένη,
3480 2276 3577 2328 καὶ
3624 2274 3759 2347 ἔρη-

2148 2373 2272 2427 μος,
2299 2358 2395 2411 καὶ
2425 2359 2705 2429 ἀνέορτος,
2742 2361 2842 2415 καὶ
2873 2361 3187 2416 πλουτοῦσα
3207 2365 3308 2428 τὰς
3344 2365 3634 2434 συμφορὰς
3660 2366 3759 2421 ἁν-

2144 2447 2202 2500 τὶ
2235 2449 2335 2518 τῆς
2374 2450 2785 2521 μακαριότητος
2815 2469 2831 2483 ·
2859 2453 2955 2506 καὶ
2976 2454 3217 2508 ἀνθοῦσα
3244 2458 3347 2525 τὴν
3367 2456 3760 2529 ἀσχημοσύνην

2146 2539 2271 2592 ἀντὶ
2289 2543 2389 2610 τῆς
2429 2540 2553 2594 τότε
2592 2543 2859 2613 καλλονῆς
2884 2545 3227 2617 ἐπανθούσης
3246 2548 3384 2620 αὐτῇ
3416 2563 3431 2579 °
3454 2551 3550 2605 καὶ
3568 2540 3761 2604 πίνου.

2149 2647 2219 2683 σα
2250 2630 2349 2702 τὴν
2370 2634 2623 2701 τρυγίαν,
2677 2628 2752 2689 ὧν
2801 2637 2993 2700 κακῶς
3035 2637 3415 2709 ἐγεώργησεν.
3466 2640 3534 2694 Ἠ
3577 2641 3636 2695 δέ
3664 2644 3761 2697 νέα

2146 2722 2335 2795 νύμφη
2368 2728 2465 2778 καὶ
2496 2726 2737 2796 ἔντιμος,
2758 2728 2851 2781 ἐπὶ
2874 2732 2940 2799 τῇ
2966 2730 3263 2802 ὑπερτίμῳ
3292 2732 3563 2804 χαίρουσα
3616 2740 3759 2805 μνη-

2149 2815 2325 2886 στείᾳ,
2357 2817 2453 2868 καὶ
2484 2816 2562 2884 τῷ
2595 2817 2749 2888 καλῷ
2787 2820 3063 2890 μνηστῆρι
3096 2822 3361 2894 πανάγνῳ
3386 2823 3551 2894 ἔρωτι
3591 2843 3758 2897 περι-

2146 2905 2426 2976 φυομένη,
2470 2906 2739 2962 ἀπολαύει
2802 2908 2903 2977 μὲν
2938 2910 3041 2979 τῆς
3076 2911 3291 2965 ἐκείνου
3338 2916 3710 2986 τερπνότητος
3738 2932 3755 2949 ο

2146 2993 2413 3047 ἀπολαύει
2430 2995 2487 3048 δέ
2512 2999 2603 3049 καί
2628 2998 2738 3050 τῶν
2767 2998 2866 3068 τῆς
2901 3000 3187 3073 παρούσης
3208 3003 3428 3073 ἡμέρας
3464 3006 3754 3076 τερπνῶν’

2144 3087 2204 3139 ἐν
2230 3083 2284 3161 ᾖ,
2322 3091 2372 3141 εἰ
2411 3090 2509 3142 καὶ
2552 3090 2707 3144 κάτω
2756 3094 2856 3160 τῆς
2909 3094 3151 3158 παλαιᾶς
3199 3097 3416 3166 ἐκείνης
3460 3100 3631 3168 τιμῆς
3686 3100 3759 3156 τὰ

2147 3180 2396 3251 σύμϐολα
2452 3182 2703 3247 σώζουσα
2753 3185 2893 3253 μετὰ
2953 3186 3122 3255 βαῖων
3158 3188 3311 3259 αὐτῷ
3342 3192 3615 3260 προσάγει
3657 3193 3752 3245 τὸν

2146 3272 2398 3339 ἔπαινον,
2439 3276 2557 3328 ἀλλ’
2582 3276 2696 3331 ἄνω
2736 3280 2966 3346 θεωροῖς
3006 3280 3173 3334 αὐτὸν
3219 3283 3521 3354 ὀφθαλμοῖς
3570 3287 3757 3358 ὁρῶσα

2148 3366 2268 3435 μετ’
2322 3367 2574 3436 ἀγγέλων
2628 3369 2917 3437 δοξολογεί,
2970 3366 3206 3434 eum
3238 3374 3352 3430 ἄνω
3403 3378 3756 3448 κυριεύοντα,

2145 3460 2376 3512 καὶτῶν
2410 3462 2582 3515 κάτω.
2624 3463 2832 3519 Ἔδωκε
2851 3464 2960 3533 γὰρ
2977 3464 3128 3535 αὐτῷ
3147 3468 3270 3520 ἀντὶ
3301 3469 3403 3540 τῆς
3446 3471 3613 3542 μέχρι
3643 3491 3755 3525 πα-

2148 3548 2257 3601 θῶν
2324 3551 2429 3602 καὶ
2466 3549 2703 3606 θανάτου
2748 3553 3000 3625 ὑπακοῆς
3050 3557 3080 3610 ὁ
3141 3557 3356 3630 Πατὴρ,
3395 3561 3494 3629 τὴν
3532 3562 3757 3617 πάντων

2146 3641 2418 3708 ἐξουσίαν,
2436 3642 2536 3696 ὅσα
2570 3646 2629 3697 ἐν
2663 3645 2902 3717 οὐρανῷ,
2951 3649 3047 3701 καὶ
3080 3651 3184 3703 ὅσα
3212 3652 3273 3702 ἐν
3304 3653 3399 3723 γῇ,
3438 3652 3608 3707 ἔδωκε
3650 3657 3754 3728 τὴν

2144 3733 2399 3800 ἐξουσίαν
2450 3735 2557 3789 ὑπὸ
2612 3738 2741 3801 τοὺς
2802 3739 2971 3803 πόδας
3007 3742 3267 3806 καταθεὶς
3310 3785 3326 3809 ,
3377 3746 3472 3797 καὶ
3516 3747 3757 3814 άκοντας

2148 3827 2275 3887 τοὺς
2303 3827 2556 3899 ἐχθροὺς,
2577 3830 2694 3883 ὅσοι
2720 3830 2820 3903 τὴν
2839 3832 3051 3885 ἐκείνου
3075 3836 3420 3907 παρῃτοῦντο
3447 3838 3754 3909 βασιλείαν.

2161 3917 2414 3984 Ἐδόξασε
2448 3920 2560 3993 γὰρ
2602 3922 2695 3974 τὸν
2728 3923 3010 3995 Μονογενῆ
3043 3929 3109 3996 τῇ
3169 3927 3319 3999 δόξῃ.
3376 3923 3411 4003 ᾖ
3466 3926 3581 4002 εἶχε
3619 3935 3754 4004 πρὶν

2148 4012 2241 4065 τὸν
2265 4012 2472 4083 κόσμον
2501 4013 2782 4081 γενέσθαι,
2815 4018 2912 4069 καὶ
2942 4020 3075 4089 πρὶν
3120 4021 3225 4073 ὑπὸ
3273 4022 3468 4092 χρόνου
3518 4025 3755 4097 ὀφθῆναι

2148 4104 2241 4155 τὸν
2266 4104 2497 4174 ποιητὴν
2513 4106 2623 4158 τῶν
2644 4107 2854 4178 χρόνων
2884 4124 2899 4140 ⁸
2928 4110 3140 4179 χαίρων
3190 4113 3284 4166 ἐπὶ
3307 4112 3390 4185 τῷ
3411 4102 3634 4189 μεγάλῳ
3658 4119 3754 4192 ἐρ-

2149 4210 2233 4267 γῳ
2262 4194 2453 4262 αὐτοῦ,
2484 4199 2551 4267 τῇ
2574 4197 2883 4269 ἀνθρώπων
2915 4200 3202 4274 ἐλευθερίᾳ
3247 4205 3344 4258 καὶ
3386 4209 3707 4277 προσενειξει
3734 4229 3751 4245 ο

450 4296 505 4347 in
546 4303 701 4347 terra
737 4302 951 4363 regnat.
992 4289 1132 4359 Nam
1177 4288 1319 4344 loco
1366 4288 1694 4344 obedientia:
1755 4305 1930 4358 usque
1975 4289 2042 4345 ad

2151 4285 2233 4337 ὅτι
2288 4285 2708 4350 καταπαλαίσας
2765 4289 2858 4341 τὸν
2918 4290 3189 4362 ἀήττητον
3238 4289 3382 4348 εἶναι
3446 4300 3754 4368 νομίσαντα

449 4386 765 4455 passionem
816 4397 882 4437 ac
922 4389 1180 4446 mortem,
1226 4380 1377 4435 dedit
1415 4380 1466 4435 ei
1500 4380 1669 4435 Pater
1712 4391 2042 4450 potestatem

2152 4376 2251 4431 καὶ
2270 4378 2607 4450 καταλήψειν
2632 4380 2708 4444 ὡς
2727 4383 2976 4438 νεοσσιὰν
2995 4384 3066 4439 τὰ
3097 4386 3337 4457 πέρατα,
3360 4388 3461 4459 τῆς
3480 4392 3750 4463 τυράννου

450 4480 508 4532 in
539 4478 744 4543 omnia,
778 4486 892 4529 tum
923 4490 1049 4545 quae
1084 4473 1139 4529 in
1176 4476 1339 4541 cmlo,
1367 4481 1484 4528 tum
1508 4488 1632 4543 quae
1656 4476 2048 4531 sinuinterra.

450 4569 613 4624 Dedit
636 4575 990 4640 potestatem,
1020 4563 1143 4634 ejus
1176 4565 1486 4635 subjiciens
1516 4563 1750 4635 pedibus
1770 4564 1937 4619 etiam
1967 4565 2053 4619 in-

450 4662 598 4714 vitos
647 4661 837 4714 hostes
863 4659 934 4721 ",
968 4665 1242 4727 quotquot
1267 4671 1497 4726 regnum
1545 4655 1668 4725 ejus
1698 4666 2049 4725 respuerant.

2152 4470 2335 4542 χειρδς
2369 4471 2711 4544 ἐξαρπάσας,
2742 4477 3064 4545 προσήγαγε
3111 4478 3192 4548 τῷ
3228 4479 3349 4552 Θεῷ
3407 4485 3504 4537 καὶ
3551 4485 3749 4558 Πατρὶ,

2146 4559 2240 4649 ⁴διὰ
2269 4563 2369 4635 τῆς
2396 4564 2592 4637 ἐκείνῳ
2623 4565 2942 4637 πρεπούσης
2968 4570 3305 4642 οἰκονομίας.
3362 4574 3613 4646 Ἐπρεπε
3639 4579 3749 4651 γὰρ

2148 4652 2285 4707 Θεοῦ
2308 4654 2375 4713 δι’
2393 4654 2601 4726 ἄφατον
2641 4657 2958 4731 ἀγαθότητα
2998 4660 3148 4714 λύειν
3179 4663 3271 4717 τὸν
3316 4664 3607 4737 ἄνθρωπον
3652 4673 3749 4724 εὑ-

453 4749 788 4804 Clarificavit
831 4762 1075 4816 namque
1121 4745 1497 4815 Unigenitum,
1533 4760 1598 4799 ea
1636 4745 1834 4815 gloria,
1878 4760 2042 4814 quam

2145 4746 2480 4820 δοκήσαντος
2513 4744 2589 4804 ὧν
2612 4750 2796 4822 ἔνοχος
2818 4747 2911 4824 ἦν,
2938 4754 3036 4807 καὶ
3060 4758 3140 4818 είς
3165 4756 3535 4830 κληρονομίαν
3564 4766 3748 4836 παρα-

451 4843 652 4912 _habuit
676 4841 997 4910 priusquam
1034 4838 1277 4893 mundus
1300 4838 1459 4892 fieret
1487 4851 1551 4911 ac
1577 4847 1870 4905 antequam
1908 4847 2047 4892 tem-

447 4950 646 5007 porum
678 4933 931 4988 conditor
953 4931 1185 5000 tempori
1235 4929 1523 4998 subjectus
1555 4937 1844 4998 appareret
1874 4943 2047 4998 :gau-

448 5029 590 5083 deus
636 5026 922 5087 nimirum,
955 5026 1027 5078 ob
1061 5038 1319 5093 magnum
1357 5021 1489 5076 illud
1518 5022 1589 5076 ab
1638 5021 1762 5092 ipso
1788 5022 2048 5089 designa-

447 5129 568 5174 tum
595 5134 771 5189 opus;
794 5117 866 5172 ob
887 5116 1140 5171 homines
1171 5115 1385 5171 scilicet
1411 5113 1655 5168 libertati
1686 5121 1934 5167 assertos
1979 5127 2044 5166 ac

448 5213 810 5277 conciliatos:
830 5210 999 5281 quod,
1023 5210 1271 5279 inquam,
1297 5208 1574 5264 debellato
1596 5222 1663 5263 eo
1685 5207 1780 5277 qui
1804 5207 2043 5262 invictus

446 5304 765 5367 videbatur,
827 5301 1036 5371 quique
1074 5300 1214 5355 lines
1248 5312 1410 5355 terra:
1452 5299 1628 5355 niduli
1671 5298 1848 5354 instar
1880 5312 2037 5353 corn-

436 5399 853 5469 ‘prehensurum
890 5410 951 5450 se
979 5394 1247 5465 jactabat,
1286 5410 1319 5449 e
1371 5394 1591 5465 tyranni
1628 5407 1725 5449 eos
1769 5382 2040 5461 eripuerit

449 5486 733 5553 manibus,
764 5484 985 5557 Deoque
1023 5501 1087 5541 ac
1104 5484 1252 5542 Patri
1280 5487 1567 5553 obtulerit,
1588 5500 1653 5541 ac
1681 5487 1732 5541 ei
1767 5485 2039 5541 concilia-

524 5662 569 5694 "
597 5660 757 5717 Joan.
794 5680 927 5718 xm.
970 5665 1064 5721 ΞΟ.

2146 4839 2682 4910 λαμϐάνοντος,Υίὸν
2701 4839 2841 4898 εῖναι
2870 4849 2964 4899 τὸν
2995 4845 3156 4901 τοῦτο
3189 4850 3745 4924 πραγματευόμίνον.

2146 4932 2290 4986 Οὔτε
2329 4936 2437 5004 γάρ
2473 4935 2654 5004 Πατρὶ
2683 4935 2745 4988 τὸ
2776 4937 2875 5006 τῆς
2906 4938 3046 5008 πρὸς
3079 4942 3228 5011 ἡμᾶς
3248 4942 3469 5011 ὁμιλίας
3502 4946 3744 5017 ἥρμοζεν

2130 5026 2326 5109 ἔργον,
2357 5027 2444 5082 ἵνα
2467 5029 2543 5098 μὴ
2563 5029 2656 5082 τοῦ
2680 5030 2871 5101 Πατὴρ
2892 5028 3035 5086 εἶναι
3056 5033 3391 5102 μετάστασιν
3426 5038 3616 5104 πάθοι,
3646 5044 3743 5095 καὶ

2144 5117 2280 5188 πρὸς
2331 5118 2431 5188 τὴν
2467 5119 2560 5172 τοῦ
2594 5120 2724 5174 Υίοῦ
2763 5122 2937 5189 τάξιν,
2969 5126 3063 5179 καὶ
3114 5127 3374 5197 χρονικὴν
3403 5130 3607 5197 αἰτίαν,
3648 5134 3744 5188 καὶ

2143 5209 2321 5273 αίτίας
2355 5210 2615 5264 ἐπέκεινα
2646 5213 3036 5285 καταδέξηται.
3077 5216 3241 5273 Ἀλλὰ
3273 5219 3385 5291 γάρ
3407 5220 3534 5275 οὐδὲ
3565 5224 3740 5277 Πνεύ·

2146 5317 2298 5369 ματι.
2325 5298 2465 5352 Οὔτε
2489 5302 2599 5371 γὰρ
2624 5304 2819 5374 ἐκείνῳ
2841 5305 2980 5374 πρὸς
3027 5292 3129 5376 τὴν
3184 5307 3315 5362 Υίοῦ
3366 5314 3742 5385 προσηγορίαν

2141 5389 2234 5443 διὰ
2271 5388 2366 5444 τοῦ
2392 5392 2555 5445 τόκου
2590 5394 2870 5463 προσῆκον
2913 5391 2983 5467 ἦν
3020 5399 3421 5469 μετα-τετάχθαι
3462 5417 3479 5435 ο
3538 5404 3635 5457 καὶ
3679 5406 3743 5458 τὸ

2144 5478 2277 5532 αὐτὸ
2296 5477 2391 5533 νῦν
2437 5481 2539 5552 μέν
2569 5483 2816 5554 Πνεῦμα,
2839 5484 2934 5539 νῦν
2948 5486 3006 5549 δὲ
3036 5485 3165 5542 Υἰὸν
3194 5483 3335 5545 εῖναι
3366 5506 3383 5526 ο
3418 5492 3515 5547 καὶ
3540 5496 3740 5566 φύρσιν
