4098 6292
252 351 307 414 73
1148 355 1435 418 ORATIO
1469 358 1609 420 VU.
1647 382 1717 394 --
1750 359 1833 421 ΙΝ
1872 359 2177 423 FESTUM
2229 363 2689 429 PALMARUM.
3492 370 3565 435 74

259 468 305 518 ὲν
328 464 386 532 τῇ
426 463 731 533 συνεκτικῇ
780 462 965 533 πάσης
996 458 1254 529 εὐταξίας
1295 466 1490 538 Τριάδι
1539 469 1847 537 γεγονέναι.

1978 474 2129 537 νει-ιι,
2180 488 2244 528 ca
2304 473 2764 543 dispensatione,
2831 458 2996 543 quam
3075 482 3134 529 ut
3173 460 3392 546 gereret
3445 480 3565 547 ipse

257 556 345 611 Ἦν
362 552 455 611 οῦν
478 556 782 620 εἰκὺςηΥίδν
807 557 1142 627 διῳκηκέναι
1167 559 1230 612 τὸ
1256 558 1357 630 τῆς
1384 559 1712 632 εὐεργεσίας
1743 581 1847 632 μυ-

1957 580 2267 633 congruum
2303 567 2427 621 ruit.
2453 566 2691 622 Decebat
2711 567 2857 621 enim
2881 577 2960 633 ut,
2987 583 3115 623 cum
3139 568 3403 626 ineffabili
3418 570 3568 627 Deus

262 651 492 721 στήριον,
533 650 595 713 δς
624 650 728 703 οὐκ
769 646 920 720 εῖχεν
972 651 1221 722 ἀνάγκην
1258 657 1692 724 καινοτομήσειν
1748 656 1848 727 τὴν

1978 656 2211 710 Jonitate
2243 657 2313 711 ab
2366 658 2433 712 iis
2455 657 2737 711 hominem
2772 659 3060 713 absolvere
3088 660 3391 728 statuisset,
3414 678 3559 733 quo-

261 741 640 813 προσηγορίαν.
663 737 733 815 ἦς
765 741 1130 813 ἐκληρονόμει
1166 782 1181 805 ,
1210 743 1333 796 οὐδὲ
1356 744 1452 797 τοῦ
1506 745 1641 799 ἰδίου
1679 764 1848 817 μετα-

264 836 433 905 στῆναι
470 834 704 903 ’ἔμελλε
732 835 811 898 δὲ,
836 834 1032 905 ὥσπερ
1054 834 1287 901 ἀπαθῶς
1317 840 1381 890 ἐκ
1404 839 1623 904 Πατρὸς
1655 856 1855 909 γεννη-

262 928 356 994 θεὶς
386 925 459 1000 ἦν
484 926 635 991 Υίδς,
670 926 849 990 οὕτως
874 927 1103 991 ἀπαθῶς
1130 929 1196 981 ὲκ
1230 929 1437 1000 μητρὸς
1486 932 1856 1004 κυοφορηθεὶς

264 1020 513 1090 ὑπάρξειν
528 1019 645 1083 υίὸς
671 1020 1025 1088 καῖ’ἀδελφὸς
1050 1021 1231 1090 ἡμῶν,
1261 1021 1372 1074 τῶν
1406 1023 1498 1074 ἐπὶ
1522 1023 1725 1095 κλῆρον
1752 1042 1855 1077 κα-

262 1114 547 1183 λουμένων,
565 1111 832 1182 γεγονὼς,
868 1113 939 1165 τὰ
986 1113 1234 1181 ἀδελφοῖς
1290 1114 1681 1186 ὲπιπρέποντα
1747 1117 1857 1170 τῶν

264 1204 522 1278 πατρῴων
563 1204 1049 1275 συγκληρονόμους
1074 1205 1436 1275 παραλαϐεῖν.
1500 1208 1574 1259 Οὐ
1607 1206 1715 1280 μὴν
1746 1208 1859 1261 οὐδ’

264 1296 360 1370 εἶχε
388 1298 577 1367 λόγον,
608 1299 701 1353 τὸν
728 1299 897 1365 Νοῦν,
928 1300 962 1372 ἢ
986 1298 1046 1352 τὸ
1079 1300 1313 1371 Πνεῦμα
1329 1304 1396 1372 τῇ
1422 1288 1677 1375 ⁸ἡμετέρᾳ
1696 1321 1860 1377 περι-

264 1390 530 1461 γραφῆναι
584 1389 860 1461 παχύτητι
895 1406 912 1424 °
978 1391 1097 1444 ἀλλ’
1149 1387 1224 1463 ἦν
1272 1393 1478 1446 οἰκεῖον
1528 1393 1620 1447 τὸν
1663 1394 1861 1461 Λόγον,

264 1484 434 1553 ὥσπερ
453 1482 548 1536 διὰ
561 1485 731 1554 τόμου
757 1485 859 1553 τῆς
884 1485 1151 1556 σαρκίνης
1180 1485 1514 1556 παχύτητος,
1528 1488 1644 1550 τοῖς
1670 1488 1752 1550 είς
1772 1486 1867 1539 τὸν

265 1573 447 1645 κλῆρον
467 1574 856 1645 εἰσαγομένοις
885 1570 1509 1648 προσομιλῆσαι.⁷Ηκεν
1528 1577 1622 1632 οῦν
1673 1579 1747 1648 μη
1786 1578 1867 1630 δι-

266 1666 526 1735 εστηκὼς,
545 1665 672 1721 ὅθεν
698 1666 948 1738 ὥρμητο.
975 1668 1110 1722 Οὐδὲ
1143 1670 1250 1739 γὰρ
1266 1669 1553 1733 διάστασις
1574 1670 1747 1742 όρίζει
1772 1672 1868 1725 τὸν

266 1757 429 1810 πάντα
458 1755 777 1826 πληροῦντα
798 1756 943 1820 οὐδὲ,
976 1757 1068 1810 τοῦ
1088 1759 1484 1829 γεγεννηκότος
1513 1760 1627 1813 Νοῦ
1663 1760 1867 1831 ᾁποτέ-
1921 1761 1926 1766 ’

1962 765 2083 803 rum
2112 750 2405 805 tenebatur
2437 765 2589 814 reus,
2624 764 2688 805 ac
2723 751 2777 804 in
2808 750 3186 806 haereditatem
3238 752 3552 819 asciscere,

1964 843 2019 896 id
2071 843 2216 897 alius
2279 851 2481 912 praeter
2540 842 2740 897 Filium
2794 858 2902 896 non
2962 850 3269 912 perageret.
3334 841 3557 899 Iiinime

1965 951 2208 1006 namque
2235 944 2695 1006 congruum'erat
2730 944 2790 989 ιιι
2814 935 2979 990 Pater
3011 936 3159 989 inter
3184 951 3287 991 nos
3310 952 3563 991 versare-

1966 1038 2079 1095 tur,
2122 1044 2189 1083 ac
2241 1028 2398 1083 ﬁeret
2431 1028 2621 1092 homo,
2656 1044 2725 1081 ne
2751 1026 2930 1082 Patris
2955 1030 3073 1098 ipse
3103 1029 3376 1082 rationem
3408 1027 3570 1081 amit-

1967 1129 2139 1185 teret,
2200 1134 2263 1172 ac
2306 1119 2362 1171 in
2413 1118 2539 1172 Filii
2606 1117 2857 1172 ordinem
2906 1118 3345 1187 temporalisque
3402 1126 3565 1173 ortus

1972 1209 2307 1279 principium
2325 1208 2694 1279 redigeretur,
2725 1208 2818 1278 qui
2848 1209 2999 1263 omni
3028 1208 3313 1278 principio
3343 1224 3409 1264 ac
3437 1223 3571 1263 cau-

1973 1318 2032 1357 sa
2062 1302 2321 1371 superior
2357 1308 2466 1356 est.
2516 1299 2619 1355 Sed
2660 1315 2841 1370 neque
2892 1298 3159 1369 Spiritum
3190 1308 3446 1354 sanetum
3479 1316 3568 1356 res

1972 1392 2226 1444 decebat.
2252 1388 2390 1443 Nam
2408 1404 2586 1459 neque
2600 1406 2724 1444 eum
2762 1405 2860 1459 par
2882 1398 3004 1443 erat
3026 1390 3083 1443 in
3103 1388 3229 1443 Filii
3255 1391 3571 1460 proprieta-

1982 1485 2083 1534 tem
2122 1496 2187 1536 ac
2234 1481 2660 1551 appellationem
2688 1480 2740 1533 vi
2770 1481 3145 1550 generationis
3174 1482 3452 1546 transire;
3484 1494 3573 1534 ιιι-

1976 1590 2085 1644 que
2128 1574 2273 1627 idem
2311 1574 2478 1627 modo
2519 1571 2768 1642 Spiritus
2802 1582 2975 1634 esset,
3017 1573 3182 1627 modo
3206 1572 3426 1631 Filius:
3460 1574 3571 1627 sic-

1978 1677 2085 1731 que
2115 1661 2169 1715 in
2202 1671 2396 1717 sancta
2428 1656 2730 1722 Trinitate.
2761 1677 2885 1731 qua:
2912 1676 3135 1717 omnem
3179 1664 3573 1733 complectitur

1980 1752 2253 1818 ordinem,
2298 1752 2553 1808 confusio
2601 1770 2667 1808 ac
2691 1754 3010 1809 commistio
3041 1755 3307 1811 oriretur.
3354 1756 3571 1811 Conve-

264 1864 459 1919 τμηται
494 1849 524 1900 ό
553 1848 746 1916 Λόγος.
773 1848 987 1902 υύκοῦν
1019 1849 1130 1904 οὐδ’
1153 1851 1588 1921 ὲζημίωσετοὺς
1606 1853 1871 1927 γεννήτο-

1979 1845 2139 1899 niens
2169 1844 2341 1913 igitur
2362 1852 2481 1898 erat
2505 1852 2563 1899 ut
2596 1844 2775 1901 Filius
2823 1846 3208 1927 beneficentia:
3252 1846 3424 1916 hujus
3453 1864 3573 1919 my—

270 1956 357 2009 ρας
377 1939 642 2012 κόλπους,
656 1940 768 1993 οὐδ’
789 1939 952 2003 αὐτὸς
976 1939 1187 2011 ὑπέστη
1211 1939 1419 2011 ζημίαν
1440 1944 1507 2012 τῇ
1525 1942 1777 2007 κενώσει,
1802 1936 1872 2014 ἦς

267 2027 370 2101 εἶχε
400 2031 592 2102 δόξης,
618 2031 709 2085 διὰ
752 2033 815 2086 τὸ
848 2032 943 2086 τοῦ
972 2032 1422 2104 προσληφθέντος
1448 2033 1661 2098 ἄδοξον.
1710 2034 1857 2088 Ἀλλ’

267 2125 310 2175 εἰ
332 2124 433 2195 χρὴ
467 2123 667 2191 φάναι,
701 2122 783 2194 τῷ
804 2123 1006 2195 πλήρει
1075 2122 1400 2194 προσθήκην
1420 2124 1543 2178 τινὰ
1562 2126 1869 2193 γεγονέναι,

270 2214 585 2285 προσθήκην
614 2218 682 2269 ὲκ
703 2217 806 2285 τῆς
823 2217 954 2287 περὶ
973 2217 1123 2286 ἡμᾶς
1143 2216 1459 2286 οἰκονομίας
1479 2217 1639 2287 δόξης
1659 2216 1866 2271 λαϐώνο

268 2306 375 2359 ἀνθ’
404 2300 483 2361 ὧν
519 2302 602 2369 οἷς
626 2308 729 2362 οὐκ
756 2303 825 2376 ἦν
855 2308 1031 2370 ἄλλως
1050 2306 1110 2361 εὖ
1131 2308 1439 2375 γεγονέναι,
1470 2306 1665 2379 ὥσπερ
1694 2309 1757 2369 ὲν
1776 2307 1865 2361 τό·

272 2413 368 2466 μῳ,
381 2399 446 2467 τῇ
467 2397 702 2450 ἐκείνων
727 2397 1003 2468 παχύτητι
1022 2397 1642 2468 δραθεὶς,ἐξανγελεύς
1666 2415 1731 2452 τε
1751 2397 1874 2467 ἅμα

267 2485 370 2555 τῆς
404 2488 687 2558 μεγάλης
730 2488 976 2558 ,βουλῆς
1018 2489 1214 2558 γέγονε
1253 2491 1349 2543 καὶ
1396 2490 1650 2561 ποιητὴς,
1689 2490 1787 2543 καὶ
1808 2491 1873 2543 τὸ

270 2580 440 2651 πάσης
464 2582 793 2654 ἐκπλήξεως
817 2582 1089 2637 ἐπέκεινα
1110 2582 1274 2655 ἔργον
1298 2584 1517 2654 πληροῖ,
1544 2583 1636 2636 τὸν
1656 2583 1751 2637 ἄνθ
1762 2601 1871 2653 ρω-

270 2688 360 2725 πον
381 2672 684 2739 θεοποιῶν,
709 2675 806 2751 καὶ
848 2674 1097 2737 καθίζων
1148 2677 1208 2728 ὲν
1237 2674 1413 2744 θρόνῳ
1465 2674 1545 2745 τῷ
1574 2673 1857 2745 πατρικῷ.

1978 1936 2209 1991 sterium
2254 1945 2577 2006 perageret;
2617 1952 2780 2005 quem
2817 1936 3226 1998 nihilnecesse
3260 1947 3411 1995 esset
3447 1954 3569 1994 eam

1974 2030 2245 2083 innovare
2267 2030 2719 2098 appellationem,
2746 2046 2913 2101 quam
2940 2039 3143 2091 natura
3168 2033 3408 2096 obtinet,
3440 2044 3566 2089 aut-

1973 2136 2041 2176 ve
2074 2137 2104 2175 a
2153 2137 2253 2177 sua
2298 2123 2635 2192 proprietate
2666 2123 2955 2181 excedere.
2995 2122 3116 2190 Qua
3171 2125 3323 2181 enim
3358 2129 3574 2183 ratione

1975 2230 2043 2270 ex
2074 2214 2237 2269 Patre
2278 2215 2427 2269 nulla
2471 2214 2733 2285 passione
2772 2224 2939 2274 natus
2982 2214 3160 2272 Filius
3192 2224 3336 2281 erat,
3378 2218 3460 2273 sic
3517 2227 3573 2272 et

1978 2308 2098 2363 sine
2131 2308 2395 2379 passione
2427 2323 2496 2363 ex
2532 2307 2730 2361 matris
2762 2317 2926 2367 utero
2952 2316 3255 2380 susceptus
3299 2319 3575 2379 partuque

1966 2400 2182 2464 editus,
2220 2400 2399 2455 Filius
2421 2407 2541 2456 erat
2576 2400 2807 2462 futurus
2829 2414 3186 2473 ,nosterque
3210 2401 3442 2459 eﬂ‘ectus
3460 2402 3574 2457 fra-

1976 2494 2080 2550 ter,
2114 2490 2208 2559 qui
2234 2489 2303 2543 ad
2334 2490 2715 2546 baereditatem
2750 2505 3042 2557 vocamur,
3076 2501 3438 2563 paternorum
3472 2508 3575 2548 nos

1976 2582 2249 2637 bonorum
2306 2581 2625 2640 cohaarcdes
2645 2593 3067 2655 assumpturus,
3096 2586 3245 2656 quod
3284 2585 3429 2643 inter
3462 2586 3578 2642 fra-

1937 2700 1948 2706 ε
1975 2682 2092 2729 tres
2114 2674 2254 2728 solet
2296 2674 2441 2740 ﬁeri,
2476 2689 2541 2728 ac
2570 2673 2775 2729 fratres
2808 2676 2990 2732 decet.
3018 2678 3090 2731 At
3115 2693 3298 2747 neque
3341 2676 3576 2733 decebat

269 2774 324 2819 ut
366 2765 528 2822 Mens
569 2767 709 2838 (‘25),
746 2778 840 2823 aut
881 2766 1148 2837 Spiritus,
1184 2769 1376 2822 nostri
1420 2770 1674 2837 corporis
1716 2768 1870 2822 mole
1900 2768 2498 2823 circumscriberentur
2531 2787 2555 2827 :7
2578 2768 2676 2825 sed
2731 2770 2894 2839 plane
2970 2779 3089 2824 erat
3137 2785 3446 2839 congruum
3516 2778 3577 2823 ut

270 2857 527 2925 Verbum,
558 2862 712 2917 velut
742 2878 839 2932 per
867 2869 1076 2916 tomum
1108 2877 1171 2917 ac
1196 2863 1320 2916 libri
1346 2877 1573 2937 corpus,
1604 2877 1701 2931 per
1718 2872 1925 2916 nostra:
1947 2863 2136 2917 carnis
2172 2863 2405 2923 molem,
2468 2862 2538 2915 iis
2566 2870 2967 2917 consuesceret
3036 2862 3129 2932 qui
3196 2862 3263 2917 ad
3333 2862 3573 2918 haeredi-

272 2943 427 3007 tatem
453 2954 849 3010 introducendi
879 2962 1093 3010 essent.
1123 2953 1287 3009 Venit
1316 2955 1502 3024 itaque
1541 2970 1652 3020 non
1683 2954 1951 3010 derelicto
1978 2956 2122 3019 loco,
2154 2970 2221 3009 ex
2248 2968 2359 3025 quo
2393 2953 2679 3024 profectus
2746 2964 2886 3009 erat.
2950 2952 3142 3025 Neque
3204 2955 3357 3010 enim
3418 2970 3572 3019 eum,

271 3050 358 3115 qui
391 3052 583 3104 omnia
634 3051 852 3120 implet,
893 3052 1003 3105 ulla
1050 3050 1318 3107 distantia
1364 3060 1620 3123 segregat
1663 3070 1678 3105 :
1723 3067 1905 3123 neque
1979 3051 2223 3107 Verbum
2270 3051 2343 3106 ab
2387 3051 2671 3107 intellectu
2731 3063 3031 3121 generante
3089 3054 3347 3109 recessit.
3404 3051 3578 3122 lgituc

271 3154 439 3210 neque
465 3141 714 3196 Paterno
748 3144 966 3212 gremio
987 3145 1157 3198 ullum
1202 3144 1465 3200 damnum
1498 3146 1726 3213 attulit,
1759 3162 1937 3217 neque
1962 3147 2140 3216 ipsum
2193 3146 2520 3201 detrimenti
2564 3146 2778 3217 aliquid
2843 3147 3018 3203 subiit
3074 3162 3182 3217 qua
3250 3161 3312 3202 se
3384 3148 3578 3201 exina-

273 3233 403 3287 nivit
450 3235 579 3304 ejus
628 3251 794 3303 quam
858 3238 1050 3293 habuit
1088 3238 1298 3309 gloriae,
1337 3245 1565 3309 prepter
1606 3240 1865 3294 humanae
1900 3248 2116 3294 naturae
2173 3239 2470 3309 ingloriam
2498 3248 2847 3309 assumptam
2911 3238 3319 3294 conditionem.
3403 3223 3579 3304 Quin-

273 3326 398 3391 imo,
431 3326 476 3381 si
514 3329 594 3381 ita
620 3326 705 3383 fas
730 3328 936 3396 dicere,
967 3336 1343 3386 accessionem
1372 3332 1612 3401 aliquam
1643 3326 1693 3387 ei
1740 3333 1887 3401 quod
1941 3340 2029 3388 est
2088 3334 2312 3403 plenum
2349 3323 2552 3393 factam
2580 3349 2725 3398 esse,
2750 3327 3076 3389 accessione
3099 3332 3242 3388 facta
3271 3333 3460 3401 gloria:
3510 3349 3578 3387 ex

274 3418 488 3479 humani
524 3421 749 3489 generis
780 3420 1101 3491 dispensata
1126 3424 1349 3489 salute;
1386 3423 1534 3493 quod
1578 3440 1669 3479 res
1701 3424 1862 3479 aliter
1902 3438 2151 3503 congrue
2180 3425 2387 3480 habere
2412 3439 2523 3480 non
2568 3431 2779 3494 posset,
2824 3424 2883 3479 in
2955 3420 3157 3478 nostra‘
3205 3424 3377 3487 mole,
3450 3433 3584 3479 tan-i

269 3520 428 3572 Quam
458 3513 513 3566 in
541 3522 720 3579 torno,
752 3516 1108 3586 perspicuum
1138 3534 1199 3571 se
1250 3532 1316 3571 ac
1343 3518 1519 3572 oculis
1548 3518 1859 3587 subjectum
1898 3518 2158 3582 reddens,
2198 3525 2313 3572 tum
2360 3517 2544 3587 magni
2570 3516 2791 3572 consilii
2838 3520 3059 3587 angelus
3089 3516 3137 3547 "
3165 3554 3183 3584 ,
3239 3523 3356 3568 tum
3421 3528 3583 3569 exse-

272 3614 424 3657 cutor
448 3604 690 3663 eﬂ‘ectus
715 3619 845 3674 est,
870 3622 1122 3680 opusque
1156 3610 1319 3677 illud,
1346 3610 1495 3681 quod
1532 3626 1751 3665 omnem
1777 3610 2202 3665 admirationem
2257 3603 2508 3681 superat,
2541 3608 2767 3680 implet;
2831 3617 2894 3663 ut
2962 3605 3228 3662 nimirum
3297 3596 3579 3663 hominem
3680 3648 3683 3651 .

270 3698 472 3753 deitate
506 3698 703 3762 donet,
740 3713 804 3753 ac
828 3700 884 3760 in
919 3708 1155 3769 paterno
1190 3702 1330 3757 solio
1355 3703 1611 3757 collocet.

350 3792 491 3847 Ἀλλ’
523 3786 574 3846 ὦ
614 3793 783 3860 Λόγε,
814 3793 910 3846 διὰ
937 3793 1038 3864 τὴν
1065 3794 1298 3866 ἄχρονον
1336 3798 1401 3849 ὲκ
1436 3795 1653 3866 Πατρδς
1679 3794 1874 3863 γέννη-

2055 3790 2162 3846 Sed
2192 3806 2225 3845 o
2251 3788 2519 3855 Verbum,
2556 3789 2628 3844 ob
2662 3788 2811 3843 illam
2842 3804 2911 3844 ex
2935 3787 3102 3844 Patre
3139 3794 3401 3845 aeternam
3434 3788 3581 3843 nati-

272 3900 391 3951 ctv,
415 3883 515 3937 καὶ
552 3883 839 3954 ἄνθρωπε,
873 3878 1088 3955 suam
1122 3888 1183 3938 ὲν
1212 3887 1391 3957 χρόνῳ
1420 3888 1485 3939 ὲκ
1507 3886 1714 3957 μητρὸς
1738 3886 1876 3939 ἀπό-

270 3974 453 4040 τεξινί
497 3971 575 4028 Ὦ
637 3974 803 4044 σοφία
847 3976 944 4028 καὶ
982 3961 1334 4046 ἀπαύγασμα
1383 3978 1479 4031 καὶ
1522 3976 1657 4048 ζωὴ,
1690 3978 1782 4045 ὑφ’
1810 3972 1882 4049 ἦς

271 4067 657 4120 καταπέποται
695 4066 967 4129 θάνατος-ί
1012 4068 1078 4120 Ὢ
1106 4067 1172 4120 δι’
1217 4050 1496 4140 οῦΠατὴρ
1532 4067 1877 4139 ἐφανερώθη,

272 4158 363 4211 καὶ
387 4158 535 4211 Πνεύ
545 4174 724 4227 ματος
751 4159 992 4229 ποταμοὶ
1015 4161 1072 4213 ὲν
1101 4160 1413 4230 ἀνθρώποις
1447 4160 1730 4232 ἐρρύησαν
1761 4161 1774 4213 ί
1810 4155 1881 4213 Ὦ

273 4249 448 4319 Τριὰς
466 4251 613 4319 ἁγία
650 4250 846 4305 ὲνώσει
872 4253 1259 4324 διαιρουμένη,
1287 4254 1384 4307 καὶ
1420 4252 1691 4325 διαιρέσει
1754 4270 1885 4306 συν-

275 4346 585 4414 απτομένη,
613 4344 673 4397 ὲν
702 4347 853 4415 τρισὶ
885 4346 1205 4418 προσώποις
1239 4342 1322 4411 εἷς
1350 4346 1486 4411 Θεὸς
1546 4344 1835 4417 ὁμοούσιος
1868 4346 1883 4400 ι

275 4433 590 4506 Εἴργασταί
617 4453 700 4489 σοι
733 4436 843 4489 τῶν
870 4438 1161 4508 ἡμετέρων
1182 4437 1359 4507 λόγων
1386 4437 1548 4492 τοῦτο
1603 4437 1886 4508 ἀνάθημα,

275 4524 699 4596 προθυμηθέντι
728 4526 829 4594 μὲν
848 4529 930 4590 είς
961 4528 1061 4597 σὴν
1090 4528 1258 4599 τιμὴν
1278 4529 1340 4581 τὸ
1358 4528 1541 4600 ἔργον
1566 4528 1897 4599 διενεγκεῖν,

274 4613 332 4666 οὐ
386 4616 846 4686 συγχωρουμένῳ
890 4616 946 4670 δὲ
986 4618 1067 4681 εἰς
1092 4618 1217 4672 ὅσον
1264 4618 1510 4690 καθῆκεν
1546 4618 1755 4690 ἀκριϐῆ
1788 4618 1889 4689 τὴν

1984 3885 2234 3946 vitatem,
2272 3896 2336 3936 ac
2368 3883 2537 3935 homo
2562 3881 2633 3934 ob
2667 3880 3030 3951 temporalem
3044 3886 3231 3935 ortum
3257 3889 3533 3935 exmatre
3561 3881 3574 3932 t

1984 3974 2029 4030 0
2075 3977 2371 4045 sapientia,
2411 3972 2789 4043 splendorque
2844 3984 2899 4027 et
2950 3973 3101 4035 vita,
3166 3972 3331 4041 cujus
3365 3971 3581 4026 viribus

1985 4083 2136 4122 mors
2168 4068 2270 4121 fuit
2292 4066 2594 4135 absorpta!
2634 4063 2679 4119 Ο
2710 4080 2809 4134 per
2844 4080 3009 4135 quem
3037 4063 3203 4118 Pater
3256 4062 3586 4119 manifesta-

1985 4168 2081 4215 tus
2109 4166 2217 4223 est,
2254 4174 2319 4213 ac
2347 4158 2595 4227 Spiritus
2636 4156 2866 4211 ﬂumina
2900 4157 3047 4210 iuter
3092 4156 3351 4211 homines
3384 4154 3587 4209 decur-

1988 4252 2220 4306 rerunt!
2260 4252 2532 4305 Ossancta
2565 4247 2838 4311 Trinitas,
2887 4245 3101 4300 unitate
3138 4244 3340 4309 divisa,
3385 4259 3451 4298 ac
3498 4245 3585 4299 di-

1985 4342 2203 4396 visione
2233 4343 2412 4403 unita,
2441 4340 2495 4393 in
2517 4338 2698 4393 tribus
2724 4337 2985 4406 personis
3002 4351 3148 4389 unus
3168 4333 3314 4388 Deus
3339 4334 3585 4388 cousub-

1988 4432 2267 4490 stantialis
2299 4432 2314 4486 ι
2348 4429 2531 4486 Hocce
2559 4428 2661 4483 tibi
2702 4437 2910 4482 nostrae
2936 4426 3207 4480 orationis
3234 4426 3583 4479 elaboratum

1987 4534 2073 4579 est
2120 4538 2362 4587 munus;
2421 4536 2548 4574 cum
2602 4520 2723 4588 ipse
2766 4518 3019 4587 quidem,
3056 4524 3117 4570 ut
3167 4518 3222 4570 in
3258 4525 3412 4570 tuum
3446 4531 3589 4583 opus

1993 4617 2258 4671 honorem
2284 4613 2524 4678 cederet,
2561 4625 2961 4680 pereuperem;
3014 4624 3204 4663 verum
3261 4608 3367 4664 sim
3400 4608 3590 4676 prohi-

274 4705 543 4774 ἐργασίαν
578 4700 757 4760 ποιεῖν
788 4707 895 4760 ὑπὸ
943 4708 1044 4777 τῆς
1092 4710 1370 4779 προνοίας.
1491 4708 1727 4782 κρίμασι
1775 4711 1874 4773 τοῖς

1997 4710 2172 4774 bitus,
2222 4706 2523 4777 quominus
2573 4718 2679 4769 ea,
2716 4718 2824 4773 qua
2874 4716 2973 4770 par
3029 4708 3148 4753 erat
3188 4698 3476 4768 diligentia
3523 4711 3591 4750 ac
3685 4691 3689 4695 ’

280 4800 391 4861 σοῖς
435 4798 801 4869 ὲνδεδέμεθα.
850 4800 997 4870 Ἤδη
1041 4800 1151 4872 γὰρ
1187 4803 1283 4855 καὶ
1312 4800 1408 4856 νῦν
1433 4800 1627 4873 ὥσπερ
1657 4802 1874 4865 ἑαυτοὺς

1996 4801 2183 4857 studio
2223 4799 2569 4854 absolverem
2606 4814 2624 4849 :
2650 4803 2818 4863 atque
2856 4793 2913 4848 id
2942 4792 3118 4856 curis,
3149 4791 3377 4862 quibus,
3421 4796 3477 4843 te
3509 4788 3585 4842 ita

276 4888 600 4957 ἡρπακότες
642 4890 743 4961 τῆς
775 4890 885 4946 τῶν
907 4892 1258 4963 πραγμάτων
1282 4894 1566 4965 ἀσχολίας,
1597 4893 1742 4949 κατὰ
1784 4893 1874 4964 rip

1992 4896 2233 4961 volente,
2276 4892 2633 4951 distinemur.
2693 4886 2830 4942 Nam
2872 4896 2928 4942 et
2969 4900 3122 4943 mine
3152 4898 3375 4955 quoque
3420 4880 3584 4952 quasi

345 5026 392 5060 ’τ
435 5025 550 5082 lsa.
595 5041 679 5091 rx,
711 5025 766 5081 6.

1816 5119 2056 5189 ΝΟΤΕ.

346 5216 577 5297 (25)-.Πι
604 5214 804 5297 Πετιεέ-
818 5214 1208 5297 αιιεοερίςξιιιῆ.
1251 5212 1398 5297 Νοῦς
1445 5212 1762 5297 ζήῌνεῦραΖ
1786 5214 1888 5269 Pa-

278 5295 359 5341 ter
378 5284 612 5343 scilicet
638 5286 734 5356 qui
754 5285 910 5343 Mens
932 5285 1287 5356 intelligitur,
1315 5284 1712 5340 velut'deitatis
1740 5284 1885 5356 fons,

278 5374 343 5413 ex
382 5375 500 5425 quo
536 5354 817 5420 Verbum,
841 5364 897 5411 et
927 5357 1128 5420 Amor;
1155 5354 1332 5409 Filius
1366 5357 1607 5425 scilicet,
1658 5372 1723 5409 ac
1754 5355 1883 5425 Spi—

278 5429 419 5484 ritus
442 5438 712 5484 sanctus.
751 5426 830 5493 Ex
863 5425 1064 5480 Mentis
1089 5441 1221 5496 ergo
1268 5434 1325 5479 et
1378 5424 1624 5496 Spiritus
1668 5424 1885 5481 ratione

282 5506 429 5555 recte
449 5499 677 5568 colligit
706 5514 818 5551 non
846 5497 1023 5551 fuisse
1055 5494 1396 5568 conveniens
1427 5495 1511 5550 vel
1541 5494 1885 5568 Patrem__in-

280 5572 524 5635 carnari,
558 5565 653 5621 νει
694 5568 967 5637 Spiritum
992 5577 1243 5637 sanctum
1280 5584 1299 5637 7:
1332 5567 1474 5620 bene
1524 5575 1706 5637 autem
1750 5565 1887 5619 Ver-

282 5638 435 5704 bum,
467 5640 647 5708 cujus
678 5635 752 5692 sit
774 5639 830 5691 in
862 5637 1060 5703 Temo,
1079 5652 1182 5708 seu
1197 5635 1375 5708 Libro
1406 5638 1611 5708 sensile
1647 5636 1788 5708 ﬁeri,
1823 5650 1888 5690 ac

290 5705 706 5767 :ircumsérihi.
760 5708 946 5764 Grets.
976 5707 1127 5761 nulla
1164 5706 1387 5770 Mentis,
1417 5717 1513 5760 aut
1533 5705 1691 5760 Tomi
1735 5721 1890 5759 inen—

284 5780 449 5855 .ione,
486 5780 641 5837 nihil
695 5779 957 5836 subtilem
999 5778 1248 5834 auuoris
1300 5790 1530 5834 sensum
1582 5776 1886 5847 exprimit;

1993 5211 2140 5283 apud
2179 5224 2361 5283 quem
2404 5208 2577 5283 etiam
2613 5221 2903 5283 perperam
2952 5203 3023 5257 δι’
3058 5199 3585 5283 ἀτόμουυερτῐριιιω

1991 5272 2101 5349 est,
2133 5272 2257 5353 prb,
2289 5272 2733 5353 διατόμοιλοίιιιῖ
2760 5277 2927 5353 paulo
2953 5285 3077 5344 post
3107 5272 3327 5353 repetit.
3347 5276 3544 5353 auctor
3570 5285 3585 5323 :

1992 5339 2208 5423 "Dat-ep
2246 5339 2308 5404 ἒν
2357 5339 2542 5423 Τόμῲ,
2584 5350 2652 5418 τῇ
2686 5339 2921 5423 ἐκείνων
2954 5339 3254 5423 ’.παχύτητι
3306 5339 3587 5410 ὁρασθείς,

1991 5426 2086 5479 ubi
2124 5414 2291 5481 etiam
2348 5414 2650 5492 ὼειεειο”
2663 5417 2929 5492 displicet
2954 5414 3123 5492 Tomi
3186 5428 3415 5472 nomen,
3466 5425 3582 5492 seu
3631 5449 3633 5451 .

1995 5493 2186 5559 Libri;
2220 5489 2366 5559 quod
2395 5506 2489 5544 rex
2530 5482 2823 5559 theologus
2855 5502 2922 5541 ex
2953 5482 3594 5559 prophelaevangelista

1995 5547 2211 5633 accepit
2239 5547 2255 5614 Ξ
2282 5561 2431 5615 Λάὅε
2467 5558 2681 5633 σεαυτῷ
2712 5547 2895 5633 ’Ῑξόρεον
2925 5547 3076 5609 νέου’
3105 5547 3595 5633 μεγάλουοςδιιηισ

1997 5636 2092 5690 tibi
2125 5621 2351 5689 Tomum
2401 5632 2521 5686 novi
2570 5621 2927 5698 ma'gni,'15a.
2960 5621 3118 5691 vm;'
3142 5638 3323 5694 eoque
3356 5621 3591 5676 charum

1998 5706 2166 5761 toties
2200 5701 2424 5774 repetit.
