4086 6298
379 373 440 432 ’Π
1005 373 1289 436 ORATIO
1326 376 1490 438 VIII.
1523 401 1594 412 --
1620 376 1706 438 ΙΝ
1743 372 2309 435 DEPOSITIONEM
2347 376 2723 436 CORPORIS
2760 377 3091 440 CHRlSTi.
3591 381 3661 442 73

382 484 634 545 θάνατος.
676 484 792 536 Νῦν
852 483 911 536 δὲ
962 483 1054 538 τὸν
1101 487 1402 560 εὐεργέτην
1454 485 1869 550 θανατώσαντες
1906 485 1967 538 οὐ

2080 500 2299 542 mortuo
2350 489 2687 554 irascuntur,
2739 491 2955 544 tametsi
3003 505 3152 545 mors
3189 490 3241 543 in
3271 490 3661 561 ipsosqnoqne

385 575 690 648 πραΰνουσι
726 578 850 634 τοὺς
879 577 1108 650 θυμούς.

453 669 629 723 Ηάλαι
669 670 768 741 μὲν
797 670 890 724 οὖν
926 674 954 724 ὁ
985 671 1316 740 δημαγωγὸς
1356 673 1574 746 Ἰσραὴλ
1633 673 1909 744 Μωῦσῆςζ
1943 672 1974 724 ὁ

384 761 472 814 τὸν
500 761 775 833 ἡμέτερον
811 805 827 829 ,
861 763 1061 833 μᾶλλον
1127 765 1218 830 δὲ,
1260 767 1520 820 κάκείνου
1557 768 1838 838 Δεσπότην
1895 771 1972 822 εί-

387 851 635 918 κονίζων,
679 847 759 918 οἷς
803 854 982 927 ῥάϐδῳ
1005 855 1102 924 τὴν
1127 855 1404 910 Θάλασσαν
1431 856 1544 926 λαῷ
1593 858 1974 928 ταλαιπωρου-

388 945 534 1015 μένῳ
563 945 775 998 ἐδείκνυ
813 946 1007 1017 βατὴν,
1035 949 1128 1002 καὶ
1185 952 1315 1012 τοὺς
1356 950 1657 1014 διώκοντας
1699 951 1972 1021 ἔκρυπτεν

384 1037 442 1087 ὲν
476 1035 617 1108 αὐτῇ
646 1051 660 1067 '
697 1039 778 1101 είς
815 1040 884 1092 τὰ
915 1040 1012 1093 νῦν
1052 1040 1354 1110 τελούμενα
1406 1042 1678 1112 βλέμματι
1739 1042 1973 1112 Θεωρίας

384 1128 736 1195 ἀποσκοπῶν,
795 1131 976 1193 ἄλλοις
1013 1149 1072 1184 τε
1108 1133 1346 1198 πολλοῖς,
1397 1134 1497 1204 τῆς
1549 1134 1641 1187 ἐπὶ
1671 1134 1974 1206 θεομαχίαν

380 1220 558 1290 ὁρμῆς
583 1222 935 1278 ἀναστέλλειν
962 1225 1162 1288 αὐτοὺς
1202 1229 1463 1298 ἐπειρᾶτο
1493 1246 1507 1260 ο
1557 1230 1654 1299 οὐχ
1695 1223 1860 1300 ἦττον
1915 1230 1973 1282 δὲ

383 1312 678 1366 κάντεῦθεν
707 1315 904 1384 λέγων,
970 1318 1046 1382 ὡς
1080 1320 1241 1373 ἴδοιεν
1275 1323 1370 1373 ἐπὶ
1412 1321 1572 1387 ξύλου
1613 1322 1972 1392 κρεμαμένην

380 1402 561 1455 αὐτῶν
617 1405 722 1476 τὴν
774 1406 964 1478 ζωὴν,
1018 1404 1131 1462 οἷον
1197 1411 1367 1464 εἰκόνι
1425 1412 1655 1483 γράφων
1730 1415 1791 1467 ὲν
1848 1414 1972 1483 ὄφει

380 1491 569 1561 χαλκῷ
591 1492 686 1546 τοῦ
724 1493 1048 1571 ’πράγματος
1074 1497 1174 1569 τὴν
1211 1500 1491 1570 ἀλήθειαν.
1536 1501 1678 1554 Ἀλλ’
1730 1498 1799 1573 ἦν
1863 1503 1972 1574 ἄρα

380 1584 476 1637 τοῦ
515 1585 806 1642 Ἰουδαϊκοῦ
847 1590 1239 1662 καλύμματος,
1280 1595 1354 1665 μὴ
1400 1597 1562 1666 μόνον
1604 1600 1704 1669 τὴν
1762 1601 1969 1666 είκόνα,

380 1676 518 1730 ἀλλά
553 1678 676 1749 μηδ’
707 1681 878 1752 αὐτὴν
903 1685 1036 1755 ὁρᾷν
1062 1684 1156 1738 τοῦ
1193 1688 1519 1757 πράγματος
1544 1689 1644 1760 τὴν
1669 1691 1968 1762 ἐνέργειαν.

379 1769 539 1824 Πᾶσα
568 1770 678 1842 γάρ
710 1772 888 1837 κτίσις
914 1774 990 1844 τῷ
1019 1777 1334 1849 Δεσποτικῷ
1377 1780 1732 1852 θαμὸουμένη
1783 1783 1968 1851 πάθει,

2076 583 2263 637 hostes
2293 582 2531 636 leniores
2559 582 2777 636 eliiciat.
2826 585 2893 636 At
2927 583 3016 636 isti
3070 599 3138 636 ne
3169 584 3516 640 henel‘actore
3535 588 3660 656 qui—

2076 674 2198 728 dem
2232 673 2524 728 interfecto
2559 675 2776 728 animos
2797 676 3012 728 leniunt
3053 691 3116 728 ac
3142 675 3276 730 iras.

2145 765 2265 819 Jam
2302 768 2430 820 olim
2475 767 2658 836 populi
2690 766 2984 823 Israelitici
3038 768 3238 822 ductor
3274 768 3512 838 Moyses,
3555 785 3657 822 no-

2076 868 2274 922 strum,
2311 861 2445 928 quin
2478 868 2535 913 et
2587 875 2749 913 suum
2783 860 2936 914 illius
2968 860 3262 914 Dominum
3293 860 3656 922 adumbrans,

2075 955 2276 1023 quibus
2320 971 2418 1025 per
2469 955 2677 1023 virgam
2731 958 2932 1025 populo
2978 955 3180 1009 afflicto
3217 965 3367 1009 mare
3409 958 3656 1024 pervium

2076 1045 2230 1113 fecit,
2257 1061 2324 1099 ae
2357 1055 2754 1114 persequentes
2787 1047 2842 1100 in
2876 1062 2942 1100 eo
2975 1047 3324 1113 submersit;
3359 1049 3412 1101 in
3447 1063 3507 1100 ea
3539 1063 3662 1115 qua:

2075 1152 2223 1190 nunc
2259 1144 2606 1204 peraguntur
2651 1137 2921 1204 spiritalis
2951 1138 3330 1207 intelligentiae
3372 1140 3534 1193 oculo
3571 1140 3660 1192 in-

2077 1234 2283 1288 tentus,
2326 1227 2562 1296 aliisque
2614 1228 2889 1296 plurimis,
2923 1229 2991 1281 ah
3039 1243 3105 1282 eo
3140 1229 3343 1297 impetu
3398 1245 3510 1297 quo
3548 1229 3662 1282 Deo

2075 1319 2440 1384 resistebant,
2495 1320 2773 1374 abducere
2833 1323 3143 1375 conabatur
3184 1339 3200 1377 :
3246 1332 3376 1376 tunc
3425 1324 3662 1376 maxime

2073 1427 2199 1465 cum
2228 1413 2304 1466 ait
2337 1412 2454 1467 fore
2485 1423 2546 1468 ut
2577 1414 2826 1467 viderent
2857 1415 3028 1467 vitam
3062 1430 3218 1467 suam
3256 1415 3582 1484 pendentem
3606 1415 3661 1466 in

2075 1501 2222 1573 ligno
2254 1503 2322 1570 ⁵³,
2354 1519 2617 1574 expressa
2653 1511 2919 1572 tanquam
2955 1506 3007 1558 in
3042 1506 3282 1574 imagine
3321 1505 3400 1559 rei
3430 1507 3664 1560 veritate

2074 1593 2129 1646 in
2160 1608 2313 1647 aeneo
2335 1604 2588 1663 serpente
2617 1595 2682 1649 ⁸⁸.
2710 1593 2985 1648 Caeterum
3008 1596 3110 1650 hoc
3141 1595 3460 1650 Iudaeorum
3490 1597 3658 1650 caeci-

2075 1686 2172 1738 tati
2211 1686 2547 1741 conveniens
2570 1694 2708 1751 erat,
2745 1696 2805 1739 ut
2841 1702 2949 1739 non
3001 1686 3161 1739 modo
3210 1689 3506 1756 imaginem
3551 1703 3664 1742 non

2075 1785 2473 1846 agnoscerent,
2504 1778 2600 1832 sed
2631 1793 2700 1831 ne
2725 1777 2793 1832 ad
2833 1779 3004 1844 ipsam
3036 1793 3174 1840 rem,
3201 1793 3328 1833 cum
3369 1794 3660 1848 peragere-

381 1862 473 1914 καὶ
503 1864 665 1932 μόνον
705 1866 828 1936 οὐχὶ
859 1868 1042 1939 φωνὴν
1087 1848 1333 1939 ἀφιεῖσα,
1384 1848 1477 1926 καλ
1515 1848 1623 1928 τῶν
1677 1848 1975 1946 μιαιφόνων

2083 1877 2207 1932 tur,
2263 1869 2508 1923 animum
2556 1869 2928 1924 adverterent.
2976 1868 3242 1933 Quamvis
3286 1870 3432 1923 enim
3476 1879 3660 1924 creata

381 1955 771 2024 στηλιτεύουσα
805 1961 904 2030 τὴν
929 1961 1135 2032 τόλμαν
1166 1980 1180 1994 ο
1219 1963 1326 2033 γῆς
1388 1966 1617 2034 θεμέλια
1653 1969 1928 2037 τρέμοντα
1957 1987 1972 2002 ·

291 2063 294 2066 ’
379 2048 577 2120 πέτραι
601 2048 940 2120 ρηγνύμεναι
977 2071 992 2085 ο
1023 2055 1312 2128 φωστῆρες
1357 2059 1438 2120 εἰς
1471 2058 1634 2128 ζόφον
1689 2064 1788 2129 τὴν
1835 2061 1978 2132 λάμ-

391 2138 486 2205 ψιν
563 2141 889 2210 ἀμείϐοντες
942 2162 956 2177 ·
1051 2148 1160 2200 οὐδ’
1223 2148 1399 2212 οὕτως
1478 2152 1558 2214 εἰς
1633 2154 1978 2223 συναίσθησιν

376 2225 525 2287 εἷλκε
577 2237 650 2305 τῇ
717 2236 858 2308 μέθῃ
932 2239 1030 2310 τῆς
1115 2243 1314 2306 μανίας
1404 2245 1827 2314 κεκαρωμένους
1873 2249 1977 2300 αὑ-

376 2325 546 2387 τούς·
608 2327 743 2380 ἀλλὰ
791 2331 989 2398 μανίαν
1042 2331 1210 2404 ἄλλην
1267 2336 1362 2388 ἐπὶ
1425 2337 1591 2409 μανίᾳ
1658 2340 1966 2407 μαίνονται.

394 2420 551 2474 Ἐπεὶ
574 2423 685 2490 γὰρ
714 2425 820 2478 ὑπὸ
870 2427 1071 2496 Ἰωσὴφ
1103 2429 1180 2499 τῷ
1210 2430 1395 2502 χωρίῳ
1433 2433 1533 2501 τῆς
1557 2433 1867 2503 ἀφθαρσίας
1916 2437 1977 2489 τὸ

379 2512 523 2566 θεῖον
582 2516 746 2586 ἐτέθη
803 2519 982 2586 σῶμα,
1019 2521 1070 2572 τί
1118 2539 1251 2588 φασι
1291 2523 1361 2575 τὰ
1420 2524 1573 2594 χείλη
1611 2526 1680 2578 τὰ
1725 2526 1972 2595 μάταιας

381 2603 804 2673 Ἐμνήσθημεν
864 2607 953 2661 ὅτι
1005 2609 1238 2677 ἐκεῖνος
1287 2615 1320 2666 ό
1373 2613 1609 2680 πλάνος
1635 2612 1857 2688 [εἷπεν],
1889 2619 1978 2672 ἔτι

381 2692 527 2752 ζῶνο
568 2696 733 2750 Μετὰ
760 2698 919 2765 τρεῖς
962 2698 1187 2768 ἡμέρας
1232 2703 1552 2773 ἐγείρομαι.
1603 2707 1667 2756 Ὢ
1717 2706 1977 2776 πώρωσις

382 2786 607 2856 καρδίας
637 2788 746 2840 τῶν
795 2789 1018 2859 ἀψύχων
1068 2792 1556 2865 ἀναισθητοτέρας.
1592 2795 1834 2866 Οὑρανὺς
1883 2799 1976 2852 καὶ

379 2879 455 2945 γῆ
489 2879 816 2950 συνῄσθοντο
841 2881 938 2952 τὴν
963 2882 1291 2956 δεσποτικὴν
1345 2886 1525 2955 ὓϐριν,
1574 2889 1670 2942 καὶ
1699 2890 1928 2960 ἕφριξαν
1957 2906 1972 2922 ·

381 2972 476 3024 καὶ
502 2972 629 3035 λαὸς
664 2971 939 3044 Ἐϐραίων
970 2977 1063 3028 ἐπὶ
1099 2977 1292 3031 πλεῖον
1323 2981 1388 3048 τῇ
1437 2979 1667 3051 ἀπονοίᾳ
1717 2981 1976 3052 βακχεύε-

381 3082 490 3120 ται.
521 3065 637 3118 Οὐκ
656 3061 832 3132 εἶπεν,
856 3066 1103 3134 Ἰουδαῖε,
1133 3070 1265 3140 πρὶν
1286 3070 1558 3136 γενέσθαι,
1578 3073 1660 3124 ὃτι
1695 3073 1975 3142 μαστιγώ-

2081 1961 2337 2015 universa
2365 1959 2581 2014 Domini
2614 1961 2874 2030 passione
2907 1960 3315 2024 cohorruerint,
3335 1968 3664 2028 tantumque

2080 2067 2187 2106 non
2220 2053 2727 2119 cdiderintvocem,
2754 2067 2818 2106 ac
2845 2052 3240 2122 sacrilegorum
3261 2053 3662 2121 parricidarum

2081 2146 2368 2199 audaciam
2440 2145 2826 2214 coarguerint:
2887 2159 3012 2197 nam
3082 2144 3437 2198 fundamenta
3502 2154 3665 2199 teme

2080 2243 2561 2300 rontremuerunt,
2601 2243 2770 2304 petrae
2799 2235 2990 2289 scissae
3012 2243 3163 2300 sunt,
3199 2235 3322 2288 εαξιί
3353 2235 3560 2288 Iumina
3586 2235 3667 2288 in-

2079 2342 2198 2380 cem
2235 2327 2287 2380 in
2322 2327 2615 2397 caliginem
2658 2335 2944 2381 verterunt
2980 2344 2994 2381 :
3032 2334 3272 2380 attamen
3311 2341 3378 2380 ne
3409 2327 3490 2381 sic
3535 2327 3664 2396 qui-

2081 2418 2202 2473 dem
2241 2418 2411 2473 Judzei
2463 2418 2652 2475 furore
2681 2428 2735 2475 et
2765 2419 2986 2476 vesania
3033 2418 3170 2473 ebrii
3200 2418 3531 2488 sepultique,
3577 2416 3664 2471 sui

2083 2513 2308 2567 sceleris
2349 2512 2746 2566 immanitatem
2795 2519 3227 2581 persenserunt,
3273 2509 3370 2566 sed
3420 2510 3665 2565 furorem

2085 2605 2256 2678 furori
2294 2605 2673 2658 accumulant.
2698 2603 2996 2671 Postquam
3038 2602 3183 2656 enim
3229 2601 3425 2670 Ioseph
3469 2602 3523 2654 in
3561 2602 3666 2654 im-

2083 2694 2438 2747 mortalitatis
2482 2695 2604 2747 loeo
2647 2693 2742 2746 illo
2770 2692 3017 2746 divinum
3056 2706 3258 2760 corpus
3300 2690 3665 2756 condiderat,

2080 2785 2213 2855 quid
2263 2785 2549 2839 vanissimi
2606 2785 2890 2838 hominum
2940 2782 3336 2837 deblaterant?
3386 2781 3674 2836 Recordati

2080 2894 2286 2938 sumus,
2324 2879 2574 2946 quoniam
2621 2875 2872 2930 seductor
2922 2875 3012 2930 ille
3049 2875 3188 2928 dixit
3235 2873 3410 2930 adhuc
3444 2875 3615 2930 vivens
3645 2915 3661 2930 .

2080 2971 2211 3024 Post
2239 2978 2346 3023 tres
2396 2969 2507 3023 dies
2546 2985 2824 3040 resurgam
2866 2970 2932 3020 ”.
2991 2968 3034 3022 Ο
3067 2969 3255 3022 cordis
3305 2968 3664 3022 stoliditatem

2081 3077 2145 3115 ac
2179 3072 2490 3130 stuporem,
2516 3062 2736 3127 qualem
2772 3061 2824 3113 in
2862 3059 3029 3114 rebus
3058 3058 3324 3112 inanimis
3354 3073 3462 3112 non
3504 3071 3668 3125 repe-

383 3173 518 3221 σεις,
559 3159 657 3210 καὶ
686 3160 927 3230 ραπιεϊς,
960 3162 1055 3212 καὶ
1099 3161 1196 3214 ἐπὶ
1246 3161 1405 3227 ξύλου
1444 3165 1794 3235 κρεμάσεις;
1859 3167 1975 3231 πῶς

2083 3153 2224 3206 rias!
2267 3151 2479 3205 Caelum
2515 3158 2571 3205 et
2591 3161 2740 3204 terra
2784 3150 3045 3217 injuriam
3094 3147 3326 3201 Domino
3371 3148 3667 3217 irrogatam

381 3252 480 3319 τὴν
513 3249 741 3304 ἑκϐασιν
765 3251 874 3304 τῶν
921 3254 1338 3324 προειρημένων
1377 3257 1495 3309 ἐκεῖ
1554 3258 1654 3312 οὐκ
1710 3257 1982 3331 ἐνεθυμήε

384 3342 529 3411 θης,
582 3343 699 3396 ἀλλ’
751 3344 983 3413 ἔδρασας
1037 3345 1256 3400 ἅπαντα
1305 3348 1473 3418 μηδὲν
1520 3349 1620 3419 τὴν
1674 3351 1982 3422 πρόρρησιν

384 3434 848 3504 ὑπολογισάμενος
882 3454 898 3502 ;
942 3437 1006 3489 Τί
1037 3436 1129 3490 οὖν
1156 3439 1393 3493 ἐνταῦθά
1419 3457 1478 3494 σε
1520 3444 1547 3493 ὁ
1601 3443 1699 3511 τῆς
1746 3443 1982 3498 ἀναστά-

385 3545 522 3589 σεως
554 3527 778 3598 θορυϐεῖ
809 3529 999 3596 λόγος;
1050 3531 1163 3584 Οὐκ
1195 3516 1318 3584 ἔθου
1363 3534 1618 3602 φροντίδα
1643 3533 1753 3586 τῶν
1777 3535 1979 3588 ἐκϐάν-

283 3675 286 3677 .
380 3637 490 3673 των
524 3621 686 3691 μέχρι
715 3622 809 3675 τοῦ
840 3624 1075 3693 σταυροῦ
1105 3641 1119 3656 ⁸
1155 3624 1292 3693 μηδὲ
1318 3625 1478 3678 τοῦτό
1529 3643 1612 3678 σοι
1667 3627 1980 3697 πράγματα

385 3715 697 3782 παρεχέτω.
743 3715 885 3768 Ἀλλ’
923 3717 981 3769 ὲν
1007 3711 1089 3778 οἷς
1113 3717 1212 3784 μὲν
1236 3717 1466 3784 ὲφλέγου
1515 3718 1686 3786 διψῶν
1727 3718 1821 3772 τοῦ
1880 3721 1976 3773 Δε-

384 3804 646 3858 σποτικοῦ
679 3805 932 3875 αἵματος,
955 3807 1078 3860 οὐδὲ
1098 3809 1192 3860 ἐπὶ
1219 3809 1460 3862 διάνοιαν
1486 3809 1705 3873 ὲὸάλου,
1737 3803 1813 3864 ὧν
1844 3828 1981 3880 προ·

383 3899 506 3948 εἰπε
536 3897 637 3965 μὲν
665 3898 894 3972 ἐκεῖνος,
925 3889 1201 3969 ἐπλήρους
1238 3899 1296 3951 δὲ
1325 3898 1410 3954 σύ.
1440 3899 1576 3952 Οὐδὲ
1599 3900 1710 3969 γάρ
1741 3901 1982 3972 συνεχώ-

387 4007 468 4058 ρει
500 3989 600 4058 τῆς
632 3971 949 4058 μιαιφονίας
971 3992 1006 4060 ἡ
1039 3990 1212 4042 λύσσα
1241 3989 1556 4059 λογίζεσθαι
1577 3992 1669 4043 τὸν
1696 3992 1979 4062 λογισμόν.

394 4082 548 4134 Ἐπεὶ
563 4082 606 4135 δ’
639 4081 830 4152 ὥσπερ
852 4082 914 4135 τὸ
935 4082 1085 4150 δίψος
1108 4082 1204 4136 τοῦ
1228 4084 1558 4137 Δεσποτικοῦ
1594 4086 1754 4153 φόνου
1786 4087 1982 4157 μικρὸν

381 4172 662 4240 ὑπανῆκεν
688 4213 704 4235 ,
739 4173 817 4233 είς
839 4174 1078 4243 μνήμην,
1105 4165 1181 4225 ὧν
1209 4191 1269 4225 τε
1303 4177 1554 4243 προεῖπε,
1597 4179 1694 4227 καὶ
1717 4169 1792 4229 ὧν
1821 4175 1985 4247 έδρα-

383 4279 486 4324 σας
531 4263 728 4324 ἐλθὼν,
758 4259 873 4315 οἷον
909 4261 1343 4332 προκύπτουσαν
1384 4265 1528 4334 ὀρῶν
1575 4265 1672 4336 τὴν
1695 4265 1978 4336 ἀλήθειαν,

379 4355 503 4408 ὅσον
523 4354 679 4407 οὔπω
710 4354 958 4416 δέδοικας
986 4353 1115 4424 ὃλην
1145 4354 1320 4423 αὐτῆς
1346 4356 1446 4423 τὴν
1477 4357 1788 4424 φανέρωσιν
1824 4374 1840 4389 ο
1880 4359 1979 4413 καὶ

377 4447 492 4509 τοῖς
549 4449 678 4516 περὶ
742 4448 844 4516 τῆς
876 4447 1225 4509 ἀναστάσεως
1278 4445 1457 4514 λόγοις
1503 4449 1632 4510 τοὺς
1681 4449 1975 4519 λογισμοὺς

2087 3251 2403 3313 senserunt,
2442 3243 2922 3311 horrueruntque;
2954 3256 3018 3296 ac
3045 3239 3401 3295 Hebraeorum
3436 3239 3670 3309 pepulus

2083 3350 2150 3388 eo
2190 3335 2364 3402 inagis
2400 3335 2690 3403 desperata
2732 3334 2956 3388 vesania
3003 3332 3161 3386 furit.
3207 3332 3292 3385 An
3329 3344 3462 3395 non,
3501 3345 3533 3382 ο
3562 3327 3666 3382 ,ιιιιη

2082 3424 2217 3487 ιίιεε,
2255 3422 2509 3491 praedixit
2541 3424 2658 3476 fore
2689 3432 2748 3475 ut
2789 3438 2819 3475 a
2853 3432 2904 3476 te
2936 3422 3328 3492 ﬂagellaretur,
3365 3420 3540 3490 alapis
3566 3435 3671 3474 rte-

2082 3515 2338 3575 deretur,
2394 3522 2450 3567 et
2505 3513 2561 3566 in
2614 3512 2762 3582 ligno
2829 3511 3309 3582 suspenderetur?
3382 3511 3669 3577 Quomodo

2081 3613 2337 3660 eventum
2385 3602 2808 3671 praedictionum
2840 3603 2896 3656 in
2933 3603 3255 3658 memoriam
3286 3611 3416 3657 tunc
3444 3618 3550 3655 non
3578 3617 3670 3656 re-

2083 3697 2314 3757 vocasti,
2343 3694 2440 3750 sed
2476 3695 2808 3765 perpetrasti
2838 3696 3051 3758 omnia,
3099 3695 3249 3748 nulla
3293 3693 3670 3762 przedictionis

2067 3789 2269 3843 habita
2300 3787 2556 3842 ratione?
2581 3786 2691 3840 Cur
2716 3786 2886 3855 igitur
2932 3785 3046 3854 jam
3081 3785 3288 3838 mentio
3317 3784 3387 3837 'de
3417 3797 3670 3838 resurre-

2086 3881 2271 3934 ctione
2296 3887 2348 3934 te
2371 3876 2704 3948 perturbat?
2728 3876 2866 3931 Cum
2900 3885 3131 3929 eventus
3157 3891 3329 3942 usque
3353 3873 3418 3928 ad
3445 3888 3666 3927 crucem

2080 3969 2508 4040 ﬂoceipenderis
2532 4009 2548 4035 ,
2585 3983 2656 4023 ne
2679 3966 2831 4023 istud
2867 3981 3089 4037 quoque
3123 3967 3403 4036 negotium
3433 3965 3532 4019 tibi
3585 3965 3670 4018 fa-

2082 4079 2209 4118 cere
2238 4063 2514 4117 debuerit.
2545 4058 2746 4118 Verum
2767 4059 2912 4123 sitis,
2930 4074 3037 4128 qua
3067 4048 3411 4111 Deminieum
3446 4058 3670 4126 sanguiv

2082 4170 2206 4208 nem
2265 4152 2652 4206 ardentissime
2691 4149 2940 4212 sitiebas,
2966 4163 3074 4200 non
3121 4147 3353 4212 sinebat,
3385 4155 3446 4201 ut
3489 4155 3671 4200 mente

2083 4245 2393 4298 revolveres
2435 4241 2486 4295 irl
2528 4242 2676 4311 quod
2710 4240 2828 4309 ipse
2859 4239 3226 4308 praedixerat;
3267 4248 3324 4291 tu
3354 4253 3484 4292 vero
3505 4253 3671 4306 opere

2081 4336 2392 4405 complesti.
2435 4324 2623 4402 Neque
2656 4332 2802 4390 enim
2846 4325 3051 4395 rabies,
3095 4347 3208 4410 qua
3251 4330 3317 4384 ad
3356 4328 3667 4383 innocentis

2082 4427 2507 4498 perpetrandum
2541 4425 2744 4481 caedem
2770 4421 3059 4488 ferebaris,
3094 4437 3284 4476 sanam
3321 4423 3484 4475 ullam
3517 4421 3670 4491 cogi-

377 4511 688 4600 xazaaeist;
723 4511 1240 4607 ‘.J‘Epr1ﬁa‘0nyer
1267 4511 1362 4591 ὅτι
1386 4539 1618 4605 ἐκεῖνος
1653 4542 1687 4593 ό
1739 4511 1974 4608 acidum}

2082 4522 2348 4574 tationem
2375 4517 2722 4572 admittebat.
2752 4517 2820 4568 At
2857 4525 3151 4583 postquam
3184 4513 3306 4567 sitis
3343 4513 3432 4565 illa
3484 4511 3672 4564 Domi-

376 4625 548 4682 εῐπεν
582 4629 672 4682 ἔτι
701 4627 834 4690 ζῶν.
868 4629 934 4682 Τί
957 4629 1136 4697 λέγεις
1162 4646 1178 4695 ;
1202 4630 1326 4692 Πῶς
1348 4631 1414 4683 δι’
1450 4627 1526 4684 ὧν
1552 4631 1857 4703 ἐμνήσθης,
1889 4635 1972 4687 ὅτι

376 4723 641 4790 προεῖπεν
673 4721 1098 4791 ἀναστήσεσθαι,
1136 4721 1339 4776 πλάνον
1379 4723 1580 4790 καλῶν,
1621 4725 1722 4778 οὐκ
1775 4725 1976 4796 ἀναμιο

381 4813 627 4882 μνήσκῃ,
661 4813 806 4882 ἆπερ
862 4812 1118 4874 ὲτέλεσας
1150 4814 1228 4875 είς
1252 4813 1436 4876 αὐτὸν,
1469 4815 1549 4867 ὅτι
1576 4814 1866 4868 καὶταῦτα
1899 4811 1980 4868 εἴ·

377 4920 499 4966 πεν,
521 4903 618 4954 κα)⁸
639 4902 698 4954 τὸ
723 4901 915 4972 μιαρὸν
939 4904 1228 4975 ὲμφράττη
1256 4903 1270 4952 ι
1318 4905 1490 4974 στόμα
1515 4921 1532 4970 ;
1571 4906 1730 4960 Ἀλλά
1757 4907 1979 4970 πλάνος.

377 4993 490 5046 Καὶ
509 4991 561 5045 τί
593 4992 855 5044 τοσοῦτον
882 4992 1189 5062 φροντίζεις
1223 4992 1428 5058 αὐτοῦς
1487 4995 1562 5045 Τὸ
1601 4995 1978 5065 σπουδαζόμε-

376 5101 465 5136 νον
493 5085 745 5154 ἤνυσας.
790 5083 1030 5146 Ἔλυσας
1087 5085 1165 5154 τῷ
1215 5085 1436 5155 θανάτῳ
1472 5087 1572 5156 τὴν
1603 5086 1857 5156 ἀφορμὴν
1874 5087 1976 5154 τῆς

377 5172 608 5245 πλάνης.
642 5173 758 5227 Οὐκ
786 5173 979 5226 ἀκούει
1003 5173 1226 5243 χειλέων
1261 5176 1475 5228 ἐκείνου
1509 5175 1661 5238 λαὸς,
1690 5176 1749 5229 ὃν
1773 5175 1849 5239 ὡς
1879 5175 1976 5228 εει-ι

379 5264 535 5317 κολον
567 5267 648 5329 είς
694 5265 915 5335 ἀπάτην
942 5265 1049 5318 ὑπὸ
1101 5267 1346 5338 κατάραν
1386 5267 1604 5330 ἐτίθεις.
1642 5268 1756 5338 Οὐχ
1807 5268 1979 5339 ὁρῶσι

378 5355 444 5409 τὰ
474 5355 755 5425 παράδοξα
777 5355 888 5410 τῶν
909 5357 1232 5426 τεραστίων.

448 5602 496 5635 ⁸⁸
519 5602 678 5658 Deut.
729 5617 920 5668 xxvru,
968 5602 1058 5657 66.
1137 5603 1183 5634 "
1222 5600 1386 5656 Num.
1430 5617 1546 5666 nl,
1577 5599 1632 5656 9.

2080 4615 2189 4669 nici
2222 4611 2511 4680 sanguinis
2543 4608 2798 4665 nonnihil
2859 4607 3094 4670 remisit,
3123 4605 3369 4659 animum
3405 4603 3668 4666 subeunt,

2083 4715 2195 4759 tam
2231 4720 2352 4775 quae
2385 4704 2504 4775 ipse
2527 4701 2797 4773 praedixit,
2822 4715 2984 4769 quam
3015 4713 3138 4768 quae
3181 4705 3236 4749 tu
3296 4698 3667 4766 perpetrasri;

2085 4812 2149 4851 ae
2173 4799 2461 4852 veritatem
2511 4793 2671 4863 quasi
2711 4799 3154 4860 prospectantem
3181 4787 3395 4847 videns,
3437 4800 3669 4855 magno-

2083 4903 2213 4959 pere
2239 4895 2409 4941 totam
2441 4885 2564 4954 ejus
2593 4882 3095 4937 manil‘cstationem
3129 4878 3352 4939 metuis,
3380 4877 3670 4945 verbisque

2082 4963 2150 5034 de
2223 4977 2629 5032 resurrectione
2695 4974 2880 5027 animo
2944 4970 3335 5024 commoveris.
3383 4966 3669 5019 Recordaii

2080 5087 2285 5135 Sumus,
2327 5070 2452 5138 quia
2481 5066 2730 5120 seductor
2757 5064 2870 5129 ille,
2902 5063 3039 5115 dixit
3086 5060 3259 5113 adhuc
3295 5059 3488 5112 vivens.
3529 5055 3668 5122 Quid

2083 5165 2214 5222 ais?
2250 5162 2539 5228 Quomodo
2575 5158 2926 5214 seductorem
2975 5169 3204 5219 vocans,
3250 5152 3394 5222 quod
3436 5152 3668 5220 praedic-

2086 5266 2198 5310 tam
2223 5256 2291 5309 ab
2318 5271 2384 5309 eo
2417 5251 2882 5308 resurrectionem
2919 5245 3248 5308 recorderis,
3286 5259 3397 5296 non
3433 5241 3671 5296 simulin

2088 5359 2325 5402 mentem
2354 5360 2584 5400 revocas
2607 5358 2671 5398 ea
2690 5358 2810 5412 qua:
2839 5341 2893 5393 in
2914 5340 3093 5409 ipsum
3121 5333 3421 5398 admisisti,
3457 5346 3580 5384 eum
3615 5337 3672 5382 et

2085 5440 2134 5496 is
2163 5441 2256 5494 illa
2291 5430 2627 5510 praedixerit,
2669 5449 2733 5489 ac
2760 5431 3088 5488 sceleratum
3113 5443 3176 5483 os
3196 5436 3348 5480 tuum
3377 5423 3670 5480 obstruxe-

1712 5599 1757 5631 "
1783 5597 1973 5652 Matth.
2002 5611 2174 5661 xxv",
2203 5594 2292 5648 65.

1661 5715 1894 5771 VARle
1938 5710 2334 5769 LECTIONES.

495 5824 511 5852 ι
557 5811 847 5880 κατασείῃ.
929 5809 944 5860 i
984 5811 1311 5883 ἐμφράττει.
