4098 6292
528 366 604 429 ’19

1773 374 1963 434 LEON
1973 375 2044 434 IS
2085 375 2550 440 PHILOSOPHI

3747 391 3813 454 80

518 480 633 536 rit?
662 482 732 534 At
775 478 1035 535 seductor
1070 489 1176 535 est.
1216 478 1330 535 Cur
1376 495 1507 536 vero
1540 489 1691 537 tanta
1751 484 1851 539 tibi
1895 485 1963 539 de
1999 485 2098 538 illo
2137 500 2273 540 cura
2307 488 2434 543 est?
2467 488 2771 545 Confecisti
2797 490 2950 561 quod
2986 492 3171 548 studio
3241 495 3578 554 moliebaris.
3647 500 3815 557 Occa.

519 577 732 630 sionem
777 571 1116 628 seductionis
1162 582 1339 627 morte
1399 575 1722 646 prtecidisti.
1752 623 1754 626 .
1790 575 1908 632 Non
1961 578 2116 631 audit
2155 581 2396 648 populus
2443 582 2564 650 ejus
2609 583 2882 638 labiorum
2906 585 3075 640 verba
3105 586 3174 650 “,
3219 603 3383 658 quem
3467 602 3525 645 ut
3595 590 3808 650 facilem

518 659 696 728 decipi
746 659 1039 717 maledicto
1084 661 1440 730 subjiciehas.
1475 664 1594 720 Non
1649 676 1892 722 cernunt
1923 667 2374 723 admiranda‘illa
2400 671 2672 739 prodigia.
2723 715 2726 718 .

591 750 877 806 Undenam
917 769 1049 809 vero
1101 757 1461 812 occasionem
1518 771 1810 828 acceptura
1865 769 1949 814 est
2001 760 2093 814 de-

2274 761 2446 814 Πόθεν
2471 763 2582 826 ἕξει
2617 764 2717 833 τὴν
2750 764 3009 836 ἀφορμὴν
3060 768 3092 838 ἡ
3144 768 3364 837 πλάνη;
3419 771 3530 844 Ναί
3572 773 3812 841 μήποτε

517 845 737 914 ceptio?
757 844 858 899 Ne
887 845 1024 914 forte
1043 846 1299 918 discipuli
1330 850 1562 913 veniant,
1605 860 1654 904 et
1688 853 1934 919 furentur
1962 868 2104 917 eunt,

517 954 582 989 ac
597 938 779 992 dicant
794 940 1009 1008 populo,
1030 939 1278 996 Surrexit
1301 958 1334 996 ο
1365 945 1609 998 mortuis.
1636 944 1901 1013 Discipuli
1921 945 2108 999 furen-

518 1040 631 1093 tur,
659 1033 755 1100 qui
785 1047 853 1085 ne
891 1033 1177 1088 minimum
1225 1035 1445 1104 quidem
1487 1053 1609 1090 eum
1651 1038 1742 1091 ille
1767 1039 2100 1104 traheretur,

516 1124 690 1176 secuti
727 1123 896 1177 sunt?
925 1123 1159 1178 Tantum
1203 1125 1280 1178 illi
1320 1142 1422 1195 pro
1465 1140 1686 1183 mortuo
1725 1145 1874 1185 curae
1914 1146 2129 1187 susce--

516 1214 666 1283 pturi
702 1225 855 1278 sunt,
908 1216 1004 1285 qui
1034 1231 1100 1270 eo
1151 1217 1390 1283 vivente,
1427 1235 1495 1272 ne
1530 1221 1951 1293 impressionem
1980 1225 2106 1294 qui-

518 1311 645 1360 dem
696 1317 939 1361 vestram
989 1308 1135 1362 ferre
1165 1311 1458 1364 valuerunt
1496 1329 1509 1365 :
1564 1313 1645 1366 vel
1689 1328 1758 1368 eo
1790 1313 2100 1380 ,duntaxat,

515 1407 581 1452 ut
615 1413 646 1451 a
696 1398 858 1468 longe
903 1411 1242 1469 spectarent,
1298 1403 1447 1471 quali
1507 1420 1642 1460 nece
1685 1405 1946 1476 Magister
1989 1419 2103 1462 tra«

515 1491 782 1545 deretur?
815 1491 947 1556 line,
1007 1493 1101 1547 illo
1134 1493 1246 1562 jam
1284 1497 1519 1564 sepulto,
1549 1507 1792 1552 vestrum
1836 1501 2098 1569 impetum

515 1582 903 1648 ﬂoccilacient,
941 1583 1260 1655 furtumque
1300 1587 1587 1644 cadaveris
1621 1593 1950 1646 tentabunt?
1980 1592 2113 1647 Non-

514 1675 765 1729 beneﬁcii
801 1677 922 1731 loco
958 1677 1245 1748 deputent,
1288 1679 1364 1734 ita
1396 1681 1563 1735 animi
1600 1682 1896 1740 timiditate
1935 1686 2098 1757 repu-

514 1773 719 1828 tantes,
764 1775 823 1820 ut
870 1767 953 1821 vel
987 1769 1126 1822 nihil
1176 1779 1468 1835 novantes,
1512 1773 1688 1829 latere
1715 1779 1966 1844 possint;
2002 1780 2095 1832 sed

514 1855 583 1907 ad
635 1871 827 1911 necem
867 1856 1234 1923 inferendam,
1273 1871 1438 1930 atque
1479 1847 1552 1917 ad
1581 1864 1733 1933 ipsos
1781 1866 1847 1920 ad
1882 1869 2096 1938 suppli—

513 1947 662 2002 cium
707 1951 1183 2020 pervestigandos,
1228 1953 1624 2024 cupidissimos
1671 1958 1924 2014 homines
1983 1977 2095 2015 ma-

512 2036 598 2106 gis
629 2050 930 2108 provocent
956 2040 980 2092 ?
1012 2041 1236 2107 Deinde,
1261 2058 1372 2112 quo
1399 2046 1504 2098 line
1535 2060 1733 2117 corpus
1755 2049 2097 2106 furarentur?

511 2125 631 2181 Non
677 2139 735 2182 ut
766 2129 972 2184 alicubi
999 2131 1052 2186 id
1090 2143 1419 2202 reponerent
1441 2151 1619 2207 eoque
1649 2146 1910 2210 tanquam
1941 2159 2096 2197 amo-

507 2220 589 2274 ris
629 2221 830 2277 solatio
865 2221 1204 2288 fruerentur,
1238 2227 1335 2282 sed
1371 2241 1429 2284 ut
1473 2233 1846 2288 resurrexisse
1893 2239 2096 2305 passim

506 2312 911 2380 praedicarent?
954 2314 1089 2372 Rem
1134 2318 1462 2388 inauditam,
1499 2327 1809 2396 aequalem
1840 2331 1920 2382 sol
1957 2346 2100 2384 nun-

507 2419 674 2472 quam
714 2405 902 2462 vidit:
937 2425 1134 2479 nempe
1185 2421 1464 2469 mortuum
1516 2419 1739 2487 propria
1790 2420 2095 2500 redivivum

504 2499 711 2555 virtute
747 2517 761 2553 :
797 2502 958 2569 quasi
981 2503 1260 2558 videlicet
1309 2523 1420 2561 rem
1457 2510 1662 2577 tritam,
1699 2527 1763 2567 ac
1794 2530 1916 2583 qua:
1957 2499 2094 2586 quo-

505 2589 642 2644 tidie
665 2593 898 2658 accidat,
932 2600 1242 2664 aggressuri
1278 2612 1482 2655 essent.
1550 2603 1714 2673 Atqui
1752 2609 2091 2664 contrarium

504 2695 739 2748 prorsus
794 2682 920 2738 illos
971 2684 1154 2740 facere
1201 2703 1302 2756 par
1342 2702 1480 2758 eral,
1521 2703 1790 2762 quantum
1851 2700 2091 2756 humana

503 2788 660 2828 mens
704 2774 918 2831 ratione
963 2780 1184 2849 assequi
1232 2789 1446 2851 potest;
1478 2787 1663 2854 potius
1708 2793 1855 2844 enim
1903 2802 2092 2863 Optare

502 2866 778 2921 debebant
797 2879 859 2922 ut
887 2870 994 2925 sibi
1023 2881 1168 2926 terra
1197 2873 1530 2940 dehisceret,
1562 2895 1675 2948 prae
1704 2890 1850 2936 metu
1891 2887 2092 2953 ubique

505 2959 729 3015 latibula
755 2976 1022 3030 quaerere,
1045 2964 1182 3020 nihil
1210 2981 1316 3022 non
1343 2969 1519 3022 moliri
1549 2987 1618 3024 ne
1643 2980 1827 3028 vestro
1849 2991 2090 3044 unquam

503 3052 692 3106 animo
738 3067 1137 3114 occurrerent:
1173 3061 1308 3126 quin
1357 3069 1411 3115 et
1461 3062 1798 3133 implacabili
1850 3070 1977 3122 odio
2035 3071 2090 3126 in

503 3145 853 3200 seductorem
910 3163 1066 3203 amor
1129 3153 1400 3220 pristinus
1465 3160 1896 3214 commutandus
1949 3175 2088 3216 erat.

501 3229 639 3287 Nam
691 3249 847 3306 rogo,
892 3253 1132 3312 quanam
1180 3245 1345 3298 etiam
1400 3260 1468 3299 ex
1509 3261 1675 3304 causa
1721 3257 1926 3306 tantam
1977 3269 2092 3309 ma-

501 3325 660 3395 gistri
711 3343 905 3383 curam
939 3334 1198 3402 agerent?
1229 3336 1310 3389 An
1337 3338 1465 3405 quia
1502 3353 1630 3393 cum
1687 3342 1807 3410 ipso
1839 3357 2086 3416 agentes,

2209 853 2497 919 ἐλθόντες
2511 857 2566 909 οἱ
2593 856 2853 922 μαθηταὶ
2876 861 3193 926 κλέψωσιν
3219 862 3429 926 αὐτὸν,
3465 864 3564 917 καί
3590 867 3808 942 εἴπωσι

2207 943 2290 1010 τῷ
2326 943 2455 1011 λαῷ
2489 946 2579 1000 ὅτι
2610 947 2834 1017 ἠγέρθη
2863 949 2932 1002 ἐκ
2984 947 3106 1002 τῶν
3151 951 3404 1020 νεκρῶν.
3455 954 3519 1007 Οἱ
3570 959 3810 1030 μαθηταὶ

2208 1036 2521 1107 κλέψωσιν,
2553 1038 2604 1090 οί
2648 1038 2786 1107 μηδὲ
2829 1039 2893 1092 τὸ
2941 1039 3286 1111 βραχύτατον
3336 1045 3810 1116 ἀκολουθήσαντες

2207 1129 2523 1200 ὲλκομένῳ;
2581 1131 2784 1184 ἐκεῖνοι
2819 1132 3091 1202 τοσαύτην
3124 1135 3364 1205 σπουδὴν
3413 1140 3544 1208 περὶ
3589 1141 3684 1193 τὸν
3717 1158 3808 1193 νε-

2207 1220 2342 1292 κρὸν
2398 1221 2714 1290 σχήσουσιν,
2749 1223 2798 1276 οἱ
2854 1221 3056 1288 ζῶντος
3109 1227 3237 1295 μηδ’
3292 1228 3464 1300 αὐτὴν
3502 1231 3665 1300 ὑμῶν
3707 1233 3808 1303 τὴν

2205 1316 2386 1385 ὁρμὴν
2437 1314 2874 1382 ὑπομείναντες,
2940 1317 3064 1387 μηδ’
3118 1317 3258 1373 ὥστε
3330 1322 3614 1394 πόρρωθεν
3675 1326 3807 1380 ίδεῖν

2205 1407 2347 1474 ποίῳ
2424 1406 2645 1477 θανάτῳ
2675 1410 2703 1456 ὁ
2764 1407 3099 1473 Διδάσκαλος
3152 1413 3552 1482 παραδίδοται;
3643 1409 3807 1470 Οὗτοι

2203 1499 2359 1568 τάφῳ
2419 1498 2714 1569 κρυϐἐντος
2768 1502 3207 1572 καταφρονοῦσιν
3257 1505 3434 1575 ὑμῶν.
3468 1507 3563 1560 καὶ
3623 1511 3808 1579 χωρή-

2205 1606 2394 1642 σουσιν
2431 1592 2524 1643 ἐπὶ
2556 1589 2809 1661 σώματος
2864 1593 3061 1664 νεκροῦ
3093 1595 3338 1666 κλοπήνς
3369 1598 3470 1651 οὐκ
3498 1601 3802 1672 ἀγαπητὸν,

2200 1684 2311 1737 ἀπὸ
2359 1684 2559 1748 δειλίας
2611 1688 2972 1755 ἡγουμένους,
3025 1690 3074 1741 εί
3128 1691 3293 1759 μηδὲν
3338 1692 3801 1762 νεωτερίζουσιν,

2204 1779 2391 1834 αὐτοῖς
2427 1777 2714 1845 περιέσται
2775 1778 2958 1832 λαθεῖν
2985 1795 3001 1810 °
3035 1780 3150 1834 ἀλλ’
3181 1784 3262 1846 είς
3302 1783 3530 1854 ἔρευναν
3580 1787 3680 1839 καὶ
3725 1804 3808 1839 τν-

2203 1869 2419 1938 μωρίαν
2458 1869 2736 1937 φονῶντας
2779 1870 3102 1942 ἀνθρώπους
3131 1874 3588 1945 άνακινήσουσιν;
3631 1873 3801 1931 Eius

2201 1959 2290 2013 ἵνα
2325 1961 2421 2012 καὶ
2454 1961 2507 2017 τί
2541 1963 2814 2030 ποιήσωσι
2859 1963 3205 2032 κλέψαντες;
3265 1968 3378 2037 Οὐχ
3415 1967 3503 2020 Eva.
3554 1969 3688 2022 ὅπου
3736 1969 3801 2040 δὴ

2185 2053 2533 2124 μεταθέντες
2597 2052 2761 2123 ἔχωσι
2821 2055 3176 2125 παραμύθιον
3228 2056 3324 2110 τοῦ
3379 2058 3645 2127 φίλτρου,
3706 2061 3802 2113 καὶ

2202 2144 2405 2214 τιμῶσι
2428 2144 2488 2197 τὸ
2517 2145 2678 2216 σῶμα
2703 2185 2718 2207 ,
2745 2145 2862 2198 ἀλλ’
2893 2147 2980 2198 ἵνα
3003 2165 3076 2216 φη
3087 2148 3319 2216 μῐσωσιν
3335 2149 3434 2220 τὴν
3464 2150 3796 2216 ἀνάστασινς

2201 2239 2439 2308 πρᾶγμα
2489 2234 2600 2290 οἷον
2655 2237 2810 2290 οὔπω
2860 2238 3086 2291 τεθέατο
3141 2239 3324 2310 ἥλιος,
3357 2242 3552 2314 νεκρὸν
3607 2242 3798 2312 οίκείῳ

2200 2333 2393 2408 κράτει
2419 2331 2746 2385 ἀναϐιοῢντα
2765 2350 2780 2363 ·
2813 2333 3002 2402 ὥσπερ
3026 2351 3080 2385 τι
3109 2336 3225 2387 τῶν.
3253 2335 3375 2388 καθ’
3423 2336 3664 2408 εκάστην
3712 2353 3799 2404 γι-

2197 2426 2440 2496 νομένων
2516 2411 3062 2489 κατασκευάζοντεςς
3117 2426 3230 2479 Καὶ
3308 2428 3415 2498 μὴν
3476 2429 3792 2482 τούναντίον

2197 2513 2345 2569 ἅπαν
2375 2514 2522 2577 είκὸς
2543 2515 2738 2575 αὐτοὺς
2771 2517 2963 2581 ποιεῖν,
2991 2517 3093 2569 ὅσα
3127 2534 3192 2584 γε
3224 2516 3486 2586 λογισμὸς
3509 2517 3792 2588 ἀνθρώπι-

2195 2624 2286 2668 νος
2340 2605 2627 2675 ἐπιτρέπει
2661 2621 2677 2636 ο
2726 2604 2981 2675 εὔχεσθαι
3019 2606 3250 2677 ῥαγῆναι
3281 2607 3495 2671 τούτοις
3526 2610 3628 2678 τὴν
3657 2609 3788 2680 γῆν,

2194 2699 2274 2769 τῷ
2302 2698 2413 2750 δέει
2456 2696 2733 2768 πανταχοῦ
2765 2696 3126 2751 καταδύεσθαι
3157 2714 3172 2729 ο
3204 2696 3386 2752 πάντα
3423 2699 3794 2770 μηχανᾶσθαι,

2199 2791 2324 2860 μηδ’
2354 2791 2447 2844 ἐπὶ
2478 2792 2699 2863 μνήμην
2724 2790 2880 2862 ὑμῶν
2903 2790 3103 2853 αὐτοὺς
3150 2791 3332 2861 ἥκειν.
3380 2792 3494 2846 Καὶ
3549 2791 3657 2864 μὴν
3695 2793 3792 2847 καὶ

2199 2884 2357 2953 μῖσος
2413 2883 2704 2937 ἀναλαϐεῖν
2728 2924 2731 2926 μ
2754 2883 2879 2936 ἀντὶ
2930 2880 3027 2936 τοῦ
3067 2883 3339 2954 πρότερον
3393 2883 3620 2955 φίλτρου
3656 2884 3799 2940 κατὰ

2194 2972 2290 3027 τοῦ
2314 2975 2718 3042 ἀπατήσαντος.
2771 2973 2897 3025 Ἐπὶ
2925 2971 3033 3026 τίνι
3071 2973 3183 3045 γὰρ
3230 2973 3328 3026 καὶ
3381 2973 3607 3045 ἔμελλον
3653 2974 3801 3030 οὕτω

2192 3063 2454 3135 κήδεσθαι
2484 3063 2578 3117 τοῦ
2605 3063 2938 3118 Διδασκάλου
2964 3081 2982 3132 ;
3021 3065 3147 3119 Ὀτι
3175 3065 3262 3135 ἐφ’
3283 3059 3364 3127 αἷς
3385 3065 3538 3137 αὐτῷ
3555 3065 3800 3138 συνῆσαν

2196 3157 2254 3219 ὲν
2277 3155 2573 3209 ἀπολαύσει
2628 3155 2863 3222 διέξωνς
2921 3155 3061 3210 ἀλλὰ
3096 3156 3192 3211 καὶ
3238 3159 3306 3228 ἢν
3352 3153 3498 3227 εἶχον
3535 3157 3802 3227 πενιχρὰν

2195 3247 2451 3320 ὓπαρξιν,
2505 3249 2620 3313 τοῖς
2671 3247 2884 3302 ἐκείνου
2919 3248 3230 3318 πειθόμενοι
3276 3248 3457 3315 λόγοις
3514 3247 3799 3321 ῥίψαντες,

2194 3341 2342 3413 λιμῷ
2390 3341 2486 3394 καὶ
2517 3341 2696 3411 δίψει,
2734 3341 2832 3395 καὶ
2877 3342 2992 3405 τοῖς
3038 3340 3221 3404 ἀλλοις
3269 3341 3548 3410 ὲτήκοντο.
3598 3338 3665 3392 Τί
3697 3338 3797 3400 δεῖ

503 3422 560 3474 in
614 3421 826 3478 deliciis
867 3423 1166 3480 vivebant?
1217 3430 1286 3480 At
1331 3430 1424 3498 qui
1460 3446 1598 3500 quas
1650 3435 1816 3489 etiam
1864 3439 2092 3508 exiguas

2198 3435 2323 3487 Ὅτι
2374 3433 2718 3503 πλασάμενοι
2770 3433 2871 3503 τὴν
2925 3431 3244 3497 ἀνάστασιν,
3298 3431 3507 3494 εὐθέως
3563 3430 3799 3500 ἔμελλον

503 3511 796 3567 facultates
844 3514 1140 3582 habebant,
1172 3521 1354 3574 verbis
1385 3520 1532 3576 illius
1579 3524 1831 3580 obsecuti
1868 3529 2090 3598 abjece-

503 3611 674 3667 rant;
719 3604 974 3676 fameque
1016 3618 1073 3664 et
1121 3611 1232 3674 siti,
1283 3619 1337 3666 et
1373 3612 1499 3667 aliis
1549 3615 1919 3675 incommodis
1960 3629 2095 3675 ceu-

504 3693 893 3753 tabe‘scebant.
927 3699 1070 3766 Quid
1100 3685 1279 3758 vero?
1319 3705 1400 3759 An
1445 3706 1576 3776 quia
1623 3715 2093 3768 resurrectionem

507 3789 910 3859 contingentes,
972 3795 1151 3849 lanam
1216 3800 1403 3853 statim
1449 3815 1515 3857 ac
1564 3803 1865 3869 jucundam
1928 3809 2094 3862 vitam

505 3880 710 3935 victuri
765 3886 970 3938 erant?
1022 3885 1226 3944 Verum
1295 3891 1472 3961 magis
1523 3908 1620 3949 eos
1665 3896 1833 3950 animi
1887 3913 2097 3953 mceror

506 3975 858 4033 cruciaturus
881 3987 1030 4042 erat,
1053 3996 1179 4035 cum
1207 3983 1296 4047 iis,
1323 4000 1446 4053 qua:
1475 3988 1898 4056 conﬂuxissent,
1929 3992 2097 4047 haud-

507 4083 784 4137 quaquam
851 4073 1060 4128 certius
1114 4077 1214 4128 niti
1283 4088 1533 4147 possent.
1592 4081 1894 4149 Cujusnam
1961 4102 2095 4157 ergo

505 4159 682 4221 gratia
719 4161 774 4213 in
805 4167 1018 4216 tantmn
1072 4181 1132 4218 se
1166 4168 1471 4233 periculum
1509 4172 1921 4241 conjecissent?
1948 4176 2094 4230 Nihil

504 4245 667 4313 plane
696 4246 969 4316 ejusmodi
1021 4261 1107 4304 est
1149 4255 1313 4321 quale
1353 4263 1432 4323 tu,
1470 4273 1596 4311 vere
1649 4261 1927 4328 seductor,
1976 4265 2090 4332 ais;

503 4336 637 4405 quin
665 4339 749 4393 vel
781 4339 989 4396 invitus
1027 4346 1454 4402 resurrectionis
1487 4348 1835 4418 splendorem
1868 4356 2092 4411 visurus

501 4444 587 4489 es,
653 4438 924 4485 terrarum
1001 4435 1322 4491 universum
1388 4440 1579 4494 orbem
1633 4444 2088 4512 collustrantem,

505 4522 723 4575 tametsi
776 4526 1002 4592 gravius
1051 4527 1233 4581 adhuc
1267 4529 1516 4586 velamen
1565 4535 1720 4588 cordi
1770 4536 2088 4605 impositum

501 4626 681 4680 geras.
712 4611 959 4677 Interim,
993 4618 1272 4684 quodnam
1318 4621 1422 4676 hoc
1451 4625 1789 4692 praesidium,
1822 4629 1971 4697 quod
1999 4645 2088 4684 se—

2203 3526 2496 3597 βιώσεσθαι
2521 3524 2697 3592 ςἈλλ’
2729 3524 2873 3577 οὔτω
2886 3541 2952 3593 γε
2976 3522 3137 3577 πλέον
3166 3525 3201 3595 ή
3227 3522 3437 3594 ἀθυμία
3461 3523 3695 3586 ὲκέντει,
3715 3517 3798 3587 οἷς

2199 3621 2505 3674 ὲπλάσαντο
2542 3618 2766 3690 θαρρεῖν
2794 3619 2894 3671 οὐκ
2921 3616 3157 3688 ἔχοντες.
3206 3617 3352 3670 Ἀντὶ
3381 3616 3527 3680 τίνος
3577 3613 3672 3668 οὖν
3717 3617 3799 3680 εἰς

2198 3713 2452 3766 τοσοῦτον
2485 3711 2732 3765 κινδύνου
2764 3710 3026 3764 καθίεσαν
3075 3709 3309 3774 αὑτούς;
3344 3708 3464 3762 ἀλλ’
3490 3710 3592 3761 οὐκ
3619 3707 3796 3773 ἐστιν,

2197 3805 2272 3869 ὡς
2295 3806 2358 3858 σὺ
2389 3805 2590 3872 λέγεις,
2618 3797 2664 3856 ὧ
2697 3803 2867 3856 πλάνε
2897 3801 3116 3871 ἀληθῶς
3139 3817 3153 3832 ο
3186 3801 3302 3853 ἀλλ’
3329 3800 3453 3870 ὄψει
3489 3799 3583 3854 καὶ
3641 3800 3797 3853 άκων

2198 3900 2296 3968 τῆς
2333 3897 2684 3960 ἀναστάσεως
2728 3896 2791 3948 τὸ
2838 3887 3042 3964 φέγγος
3095 3895 3278 3947 πᾶσαν
3330 3893 3676 3964 περιλάμπον
3695 3894 3797 3964 τὴν

2197 3988 2525 4058 οἰκουμένην
2555 3987 2572 4016 ⁵
2607 3987 2710 4040 κᾶν
2741 3985 2820 4040 ἔτι
2853 3985 3155 4055 βαρύτερον
3174 3984 3294 4054 εῐης
3315 3986 3409 4038 ἐπὶ
3431 3985 3530 4053 τῆς
3559 3985 3793 4055 καρδίας

2199 4082 2385 4152 φέρων
2415 4081 2476 4134 τὸ
2515 4079 2806 4149 κάλυμμα.
2837 4079 2989 4141 Τέως
3027 4077 3086 4130 δὲ
3107 4077 3203 4136 νῦν
3231 4077 3318 4140 τίς
3337 4077 3374 4148 ἡ
3406 4076 3699 4145 ἀσφάλεια,
3727 4079 3795 4148 ἣν

2197 4173 2274 4242 τῷ
2293 4175 2449 4242 τάφῳ
2468 4175 2738 4244 περινοείς
2759 4189 2773 4235 ;
2802 4171 3105 4241 σφραγῖδας
3144 4169 3414 4238 ἐπιτίθης,
3433 4169 3529 4222 καὶ
3552 4185 3649 4222 κου
3658 4186 3794 4222 στω-

2194 4267 2314 4329 δίας
2373 4264 2770 4336 περικαθίζεις.
2809 4262 2875 4315 Τί
2934 4264 3130 4327 ποιεῖς,
3170 4256 3436 4328 ’ίουδαῖε;
3493 4259 3794 4324 Λανθάνεις

2199 4357 2414 4426 σεαυτῷ
2451 4357 2542 4410 τὸν
2576 4356 2799 4423 ἔλεγχον
2829 4355 2928 4424 τῆς
2961 4355 3148 4417 ἀνοίας
3181 4350 3559 4421 ἀφυκτότερον
3616 4367 3793 4405 καταο

2197 4447 2512 4512 σκευάξωνς
2562 4446 2628 4500 El
2674 4448 2771 4517 μὲν
2824 4447 2934 4515 γὰρ
2985 4443 3176 4513 ὥσπερ
3225 4443 3326 4496 οίει
3376 4441 3576 4504 πλάνος
3616 4443 3646 4495 δ
3689 4440 3794 4511 τῆς

2194 4542 2544 4602 ἀναστάσεως
2587 4538 2765 4606 λόγος,
2821 4538 2905 4599 τίς
2957 4540 2990 4607 ἡ
3027 4535 3155 4607 περὶ
3196 4534 3286 4587 τὸν
3313 4535 3496 4604 τάφον,
3543 4533 3792 4596 διάκενος

2194 4633 2436 4702 σπουδή;
2472 4631 2534 4684 Ei
2586 4630 2632 4683 δ’
2663 4629 2739 4692 ὡς
2787 4629 2984 4700 ἀληθῆ,
3043 4630 3184 4698 ὅπερ
3221 4626 3361 4690 ἐστὶ,
3421 4625 3688 4691 δέδοικας,
3736 4623 3791 4678 τί
3881 4706 3886 4710 ⁴

500 4703 696 4770 pulcro
727 4706 973 4761 moliris?
999 4707 1295 4778 Signacula
1325 4712 1566 4782 imponis
1588 4755 1603 4778 ,
1640 4732 1705 4770 ac
1736 4719 1948 4774 circum
1986 4738 2087 4775 cu-

2198 4725 2258 4777 δι’
2295 4719 2370 4777 ὧν
2426 4722 2612 4794 ὲκείνῃ
2666 4724 2837 4793 μάχῃ,
2901 4721 3094 4774 σαυτὸν
3151 4720 3514 4789 ἀνατρέπεις;
3550 4719 3628 4790 μὴ
3677 4720 3788 4786 γὰρ

501 4795 710 4849 stodias
747 4797 1000 4854 adhibes.
1052 4801 1192 4865 Quid
1241 4805 1378 4873 agis,
1412 4803 1632 4862 Judaee?
1683 4807 1802 4864 Non
1834 4813 2084 4866 animad-

2198 4815 2337 4869 οὕτω
2397 4792 2815 4885 περικροτοῦντί
2870 4829 2952 4866 σοι
2993 4812 3094 4884 τὴν
3118 4811 3406 4882 φυλακὴν,
3445 4810 3576 4874 ἴσως
3642 4809 3710 4863 ἂν
3750 4811 3784 4879 ἡ
3843 4828 3846 4832 '

498 4886 670 4941 vertis
721 4887 865 4942 viam
915 4900 968 4943 te
1008 4891 1105 4944 tibi
1144 4893 1480 4950 excusandas
1520 4897 1856 4967 insipientia
1903 4903 2080 4973 magis

499 4994 564 5032 ac
609 4981 785 5050 magis
818 4982 1198 5051 praecludere?
1229 4984 1286 5039 Si
1339 4987 1507 5056 enim,
1544 5000 1599 5042 ut
1640 4993 1950 5059 arbitraris,
1986 4999 2078 5064 qui

495 5069 565 5123 de
597 5074 1007 5128 resurrectione
1031 5074 1271 5144 iactatur
1310 5094 1515 5145 sermo,
1548 5084 1783 5138 mendax
1829 5100 1892 5140 ac
1926 5103 2080 5142 emn-

2192 4907 2440 4960 ἀναίδεια
2469 4907 2563 4958 ἐπὶ
2597 4905 2658 4958 τὺ
2688 4906 3046 4973 συκοφαντεῖν
3082 4905 3183 4972 τὴν
3236 4904 3540 4957 ἀνάστασιν
3585 4903 3784 4970 ὡρμη-

2192 4999 2363 5069 μένῳ,
2433 4998 2534 5051 οὐκ
2607 4996 2674 5052 ἂν
2741 4997 2885 5068 μετά
2956 4996 3228 5068 τοσαύτης
3295 4994 3559 5065 αἰσχύνης
3611 4995 3784 5064 πρού-

2184 5091 2373 5162 χώρει.

497 5163 780 5218 mcntitius
819 5168 936 5229 'est,
971 5166 1104 5235 quid
1152 5183 1294 5222 vano
1331 5173 1516 5225 studio
1561 5174 1708 5228 circa
1759 5181 2075 5247 sepulcrum
2116 5184 2458 5251 occuparis?
2511 5183 2608 5237 Sin
2643 5193 2824 5239 autem
2895 5191 2955 5238 ut
3004 5197 3219 5244 verum,
3271 5180 3436 5236 sicuti
3485 5187 3593 5245 est,
3659 5196 3779 5235 me-

493 5256 624 5321 tuis,
653 5259 784 5328 quid
820 5261 891 5316 iis
917 5262 1086 5316 armis
1109 5261 1311 5332 quibus
1334 5262 1483 5316 illum
1516 5280 1800 5335 oppugnas
1825 5270 2061 5336 teipsum
2104 5275 2434 5344 oppugnas?
2469 5273 2646 5331 Forte
2667 5274 2814 5328 enim
2856 5274 2902 5330 si
2959 5288 3069 5328 non
3139 5279 3355 5358 tantum
3406 5271 3579 5328 studii
3651 5288 3777 5324 mu-

491 5354 694 5409 niendo
720 5369 785 5409 ac
805 5357 1168 5415 custodiendo
1203 5368 1457 5436 sepulcro
1495 5370 1861 5441 adhibuisses,
1888 5375 2229 5446 impudentia
2279 5378 2347 5433 ad
2403 5375 2852 5436 calumniandam
2903 5375 3371 5432 resurrectionem
3417 5388 3771 5445 promovens,

490 5448 690 5503 minori
727 5450 923 5506 fuisset
957 5453 1233 5513 dedecori.

561 5537 669 5593 Sed
712 5542 929 5595 valeant
969 5543 1180 5601 Hebraei
1230 5565 1355 5604 cum
1410 5554 1528 5607 suis
1585 5556 1749 5626 nugis
1796 5574 1810 5610 :
1855 5558 2069 5615 Christi

487 5644 619 5685 vero
664 5633 1021 5717 immaculata
1069 5637 1318 5696 Ecclesia
1349 5660 1476 5699 cum
1507 5646 1693 5717 Moyse
1737 5665 1953 5706 sacram
1989 5670 2065 5706 re-

487 5711 788 5791 quiclionis
832 5725 975 5779 diem
1024 5742 1336 5802 veneretur,
1394 5737 1462 5792 dc
1507 5711 1615 5808 qua
1673 5741 1890 5798 dicebat
1934 5763 1947 5799 :
2007 5745 2074 5799 Et

562 5816 601 5848 ⁸³
628 5813 790 5871 Joan.
826 5834 922 5880 vn,
957 5819 1045 5874 49.

2259 5554 2400 5615 Ἀλλ’
2436 5555 2787 5631 ὲρῤίφθωσαν
2826 5557 2948 5619 ταῖς
2997 5553 3180 5608 αὐτῶν
3207 5553 3431 5625 λέσχαις
3483 5553 3724 5625 Ἑϐραῖοι
3751 5575 3763 5588 ·

2180 5656 2214 5726 ὴ
2245 5653 2304 5706 δὲ
2327 5652 2422 5706 τοῦ
2447 5649 2685 5722 Χριστοῦ
2717 5649 2949 5720 ἄμωμος
2992 5648 3290 5718 Ἐκκλησία
3321 5649 3459 5716 μετά
3489 5648 3768 5710 Μωῦσέως

2180 5748 2281 5818 τῆς
2315 5743 2714 5806 καταπαύσεως
2765 5742 2865 5814 την
2899 5743 3052 5815 ἱερὰν
3096 5743 3309 5813 ἡμέραν
3337 5742 3550 5796 τιμάτω
3581 5761 3592 5774 ’
3640 5743 3766 5813 περὶ
