4098 6292
322 351 382 418 81
777 380 785 384 -
894 346 1182 411 ORATIO
1230 348 1398 410 VIII.
1434 371 1500 381 -
1544 346 1626 408 ΙΝ
1669 344 1940 407 DEPOSI

2040 343 2239 405 DNEM
2278 342 2655 406 CORPORIS
2691 335 3029 410 CHRISTI.
3077 376 3080 378 τ
3551 338 3628 402 8ίέ

315 460 385 537 ἦς¹
409 464 588 533 ἔλεγε·
620 462 730 520 Καί
776 464 1118 534 εὐλόγησεν
1147 464 1180 516 ό
1227 462 1372 528 Θεὸς
1405 459 1520 527 τὴν
1549 461 1782 529 ἡμέραν
1806 461 1923 528 τὴν

2040 461 2292 516 benedixit
2333 460 2474 514 Deus
2506 461 2613 514 diei
2654 460 2878 529 septimo
2928 459 2975 490 “
3001 498 3019 526 ,
3078 455 3133 511 in
3181 471 3293 527 quo
3345 456 3622 527 requievit

319 559 604 627 ἑϐδόμην,
633 559 692 610 ἐν
724 550 760 630 ᾖ
813 556 1160 609 κατέπαυσεν
1199 552 1307 606 ἀπὸ
1353 551 1571 605 πάντων
1600 551 1709 604 τῶν
1743 551 1922 621 ἔργων

319 643 506 702 αὐτοῦ.
530 647 597 701 El
622 647 734 716 γὰρ
761 645 860 698 καὶ
882 644 994 696 τῶν
1019 642 1203 716 ἔργων
1235 643 1294 708 ἐξ
1328 637 1404 694 ὧν
1424 642 1453 694 6
1478 641 1682 711 κόσμος
1715 640 1923 711 ὑπέστη

317 736 466 808 δηλοῖ
481 736 835 791 κατάπαυσιν
865 751 882 767 ·
912 735 1027 790 ἀλλ’
1049 731 1146 788 οὖν
1178 732 1319 802 αὕτη
1339 731 1420 803 τῷ
1449 731 1562 785 όντι
1606 731 1710 800 τῆς
1743 749 1920 784 κατα-

322 829 576 893 παύσεως
601 830 808 901 ἡμέρα,
852 828 912 881 ἐν
959 819 1049 902 ᾖό
1085 823 1379 896 μονογενὴς
1402 823 1530 887 Υἰδς
1563 821 1658 876 τοῦ
1698 821 1834 875 Θεοῦ
1867 820 1930 886 ἐξ
1961 832 1989 840 ”

321 920 497 992 ἔργων
517 918 620 972 τοῦ
650 917 923 991 ἡμετέρου
973 914 1436 986 προσλήμματος,
1477 911 1621 966 ἐκὼν
1655 913 1928 984 ὁμιλήσας

322 1012 569 1081 θανάτῳ,
615 1011 962 1065 κατέπαυσεν
988 1025 1003 1041 ⁸
1043 1002 1167 1081 ὲνῇ
1207 1007 1299 1062 τοῦ
1341 1007 1577 1061 Θανάτου
1631 1007 1666 1076 ἡ
1709 1007 1928 1069 αίώνιος

323 1103 589 1173 τυραννὶς
638 1099 937 1173 κατελύθη,
986 1099 1084 1154 καὶ
1111 1100 1164 1153 οἱ
1197 1099 1294 1152 ὑπ’
1316 1097 1513 1169 ἐκείνῳ
1539 1095 1926 1169 ταλαιπωρού-

327 1211 515 1265 μενοι,
557 1194 867 1248 ἀνάπαυσιν
899 1189 1124 1263 εὕροντο
1159 1207 1175 1222 ’
1209 1191 1266 1244 ἐν
1301 1182 1337 1264 ᾖ
1370 1190 1480 1242 τῶν
1514 1188 1790 1242 σπιλάδων
1827 1187 1929 1256 τῆς

325 1285 608 1358 ἁμαρτίας
642 1283 1013 1352 ὑπεξελθοῦσα
1053 1285 1087 1353 ἠ
1124 1281 1309 1352 φύσις.
1347 1282 1417 1336 δι’
1445 1275 1521 1336 ὧν
1549 1280 1686 1351 πρὸς
1719 1278 1929 1349 φθορὰν

326 1377 613 1447 ἐναυάγει,
647 1377 1042 1448 καθωρμίσατο
1079 1374 1217 1447 πρὸς
1256 1373 1571 1445 ἀφθαρσίαν
1598 1388 1613 1404 ο
1651 1364 1781 1425 καθ’
1804 1373 1872 1442 ἧν
1899 1373 1928 1425 6

327 1471 630 1542 κραταιὸς,
675 1468 753 1533 ὡς
801 1469 862 1534 ἐξ
889 1450 1079 1521 ’ὕπνου
1138 1465 1248 1520 τῶν
1286 1465 1428 1536 ὑπὲρ
1466 1465 1627 1536 ἡμῶν
1673 1462 1929 1525 ὑπνώσας

326 1563 686 1634 τραυμάτων,
747 1561 838 1614 τὸν
908 1558 1258 1630 ὑπερήφανον
1335 1556 1529 1628 ἐχθρὸν
1582 1556 1928 1626 τραυματίαν

329 1653 661 1722 εἰργάσατο,
726 1650 822 1705 καὶ
876 1651 1004 1713 τοὺς
1062 1647 1447 1718 αἰχμαλώτους
1511 1646 1753 1701 ἀπέλυσε
1829 1645 1928 1713 τῆς

331 1745 700 1816 πολυχρονίου
750 1744 1018 1814 φρουρᾶς.
1050 1743 1145 1804 Τίς
1185 1745 1212 1795 6
1245 1741 1474 1802 πλοῦτος
1522 1739 1620 1807 τῆς
1655 1739 1781 1809 περί
1826 1738 1926 1807 ἐμὲ

333 1836 728 1907 συμπαθείαςς
810 1834 878 1887 Τί
953 1833 1015 1888 τὸ
1097 1833 1327 1903 ἄπειρον
1403 1831 1514 1902 τῆς,
1583 1828 1932 1898 συγκαταϐά-

333 1945 474 1992 σεως
497 1946 514 1994 ;
549 1925 899 1998 Ἐγευσάμην
926 1923 1037 1994 ἐγὼ
1066 1923 1320 1995 βρώσεως
1343 1923 1621 1990 γλυκείας,
1644 1923 1678 1994 ἦ
1712 1939 1778 1991 με
1800 1939 1933 1990 κατ-

335 2021 569 2090 έστησεν
605 2019 860 2072 ὑπόδικον
893 2016 972 2087 τῷ
1006 2015 1221 2085 Θανάτῳ
1244 2032 1258 2045 ·
1291 2015 1386 2067 καὶ
1433 2013 1654 2082 γεύεται
1700 2013 1935 2066 θανάτου

333 2109 493 2176 Θεὸς,
530 2107 603 2162 ἶν’
640 2107 867 2179 ἁρπάσῃ
923 2105 1180 2159 θανάτου.
1227 2105 1295 2157 Ἦ
1346 2103 1534 2167 κόνις,
1593 2103 1935 2172 ἀγαθότητος

337 2201 488 2272 ὕψει,
523 2202 669 2272 πρὸς¹
690 2198 843 2252 θἐίαν
869 2196 1078 2268 ἀνήχθη
1106 2197 1290 2260 δόξαν,
1319 2195 1416 2248 καὶ
1445 2193 1543 2248 οὐκ
1569 2191 1808 2265 ἓστερξα
1837 2193 1936 2262 τὴν

336 2295 531 2365 τιμήνο
597 2289 923 2344 καταϐαίνει
971 2288 1104 2352 Θεὸς
1154 2287 1291 2358 πρὸς
1351 2288 1494 2357 ἐμὴν
1526 2287 1810 2356 ἐσχατιὰν,
1850 2285 1938 2338 ἵνα

341 2386 416 2456 μὴ
489 2383 653 2454 μόνον
708 2381 899 2453 ἐγείρῃ
980 2379 1256 2444 πεσόντα,
1316 2378 1431 2431 ἀλλ’
1483 2377 1592 2430 ⁴ἵνα
1647 2376 1749 2446 τῆς
1797 2376 1937 2446 ἐμῆς

337 2473 716 2543 ἀνασχόμενος
755 2469 986 2540 φθορᾶς,
1045 2466 1457 2536 καταπλουτίσῃ
1503 2464 1564 2518 τὸ
1601 2463 1922 2534 ηᾶφθαρτον.

339 2568 450 2620 Καὶ
479 2566 586 2636 τὴν
618 2563 756 2634 μετὰ
804 2561 1016 2631 νεκρῶν
1054 2559 1353 2615 κατάθεσιν
1407 2559 1441 2627 ἡ
1493 2555 1606 2627 ζωὴ
1655 2555 1938 2626 ὑπομένει,

341 2660 430 2712 ἵνα
459 2653 784 2728 πρὸςζωὴν
826 2653 889 2706 τὺ
923 2653 1054 2722 ἐμὸν
1099 2650 1292 2722 θνητὸν
1333 2649 1618 2720 μεταταγῇ
1653 2662 1669 2677 ·
1713 2637 1810 2699 καὶ
1853 2661 1942 2696 νε-

339 2747 656 2820 κροπόλοις
696 2745 909 2807 ὀθόναις
939 2741 1321 2806 ἐλίσσεται,ῐν’
1363 2738 1475 2809 ἐγὼ
1507 2738 1781 2809 σωτηρίας
1815 2736 1942 2806 ίμά-

342 2859 459 2896 τιον
481 2837 871 2911 περιϐάλωμαι
897 2853 913 2868 ο
947 2837 1041 2890 καὶ
1067 2835 1226 2906 χερσὶ
1255 2833 1506 2903 πηλίναις
1537 2829 1941 2898 ἐνταφιάζεται,

284 2940 288 2946 “
345 2933 413 2987 ἵν’
477 2930 598 3000 ἐγὼ
655 2930 743 2983 ἐπ’
800 2926 970 2999 ὤμων
1019 2925 1233 2980 καθίσω
1295 2921 1670 2994 Χερουϐικῶν.
1740 2919 1944 2990 Χερσίν

355 3024 563 3096 Ἰωσὴφ
614 3021 713 3076 τοῦ
761 3019 986 3096 σεμνοῦ.
1032 3013 1202 3082 Οὗτος
1245 3016 1354 3088 γὰρ
1406 3014 1667 3069 ἁπάντων
1719 3011 1948 3070 καταλιτ-

347 3095 566 3172 πόντων
587 3095 877 3184 τνωστῶνξς
895 3111 989 3165 τὸν
1011 3110 1101 3164 διὰ
1126 3109 1413 3178 σπλάγχνα
1442 3107 1625 3169 ἐλέους
1651 3106 1943 3174 ἐπιγνόντα

344 3211 524 3280 ἡμᾶς,
565 3205 838 3277 λαμϐάνει
892 3204 1030 3273 πρὸς
1082 3202 1181 3272 τὴν
1219 3201 1420 3271 ταφήν.
1473 3198 1586 3252 Ποῦ
1633 3215 1724 3267 μοι
1764 3197 1872 3266 ,νῦν
1911 3197 1944 3268 ἡ

349 3302 565 3371 Πέτρου
592 3296 914 3369 παρῤησία;
973 3293 1084 3348 Ποῦ
1114 3293 1172 3348 δὲ
1201 3293 1262 3346 τὸ
1296 3292 1577 3363 πρόθυμον
1601 3289 1699 3342 τοῦ
1732 3288 1943 3364 Θωμᾶ;

351 3391 458 3444 ποῦ
486 3390 545 3445 δὲ
573 3388 685 3441 τῶν
706 3387 880 3442 ἄλλων
899 3384 1157 3455 μαθητῶν
1187 3385 1246 3438 τὺ
1273 3384 1496 3454 φίλτρον
1523 3400 1538 3448 ;
1568 3382 1683 3435 Νῦν
1707 3383 1945 3450 ἐλέγετερ

354 3484 622 3552 Ἄγωμεν
650 3479 747 3534 καί
779 3477 970 3547 ἡμεῖς,
1012 3476 1091 3530 ἵν’
1122 3476 1523 3543 ἀποθάνωμεν·
1557 3474 1688 3545 μετ’
1716 3473 1904 3526 αὐτοῦ
1926 3489 1945 3527 ,⁸

322 3574 453 3628 ’καὶ
514 3572 615 3626 νῦν
677 3572 778 3624 οὑκ
837 3568 1126 3624 ἀκολουθεῖ
1160 3584 1245 3630 τις
1274 3567 1492 3620 ἀπιόντι
1525 3567 1606 3636 τῷ
1641 3563 1950 3633 διδασκάλῳ

357 3667 498 3740 πρὸς
526 3665 627 3734 τὴν
649 3663 888 3732 σφαγήν.
922 3662 1036 3715 Καὶ
1064 3660 1266 3729 γύναια
1294 3659 1393 3730 μὲν
1427 3659 1589 3722 τέως,
1627 3661 1676 3710 εί
1699 3657 1794 3711 καί.
1836 3674 1944 3728 μα-

360 3759 817 3832 κρόθενίέστηκε,
874 3757 970 3810 καὶ
1002 3755 1225 3827 θρηνεῖ·
1255 3756 1305 3808 οἰ
1338 3753 1662 3824 δέίμαθηταί
1683 3751 1952 3818 οὑδέγυ-

360 3851 589 3916 ναικῶνξ
613 3847 955 3920 λαμϐάνουσι
988 3846 1216 3916 τόλμαν.
1250 3845 1315 3898 Τί
1345 3844 1489 3897 οὕτω
1516 3845 1702 3896 πᾶσαν
1736 3841 1952 3911 ἐκείνην

360 3946 461 4015 τῆς
518 3941 758 4013 στοργῆς
818 3939 974 4009 ὑμῶν
1014 3938 1115 4008 τὴν
1163 3937 1340 4006 φλόγα
1396 3934 1587 3989 ἔσϐεσε
1625 3934 1685 3988 τὸ
1736 3933 1909 3988 δειλόν
1935 3951 1982 4000 ;,

361 4039 485 4093 οὐδὲ
523 4036 730 4107 ἐγείρει
757 4035 859 4106 τὴν
884 4033 1086 4105 ψυχὴν,
1119 4025 1195 4086 ὧν
1223 4049 1283 4084 τε
1313 4026 1467 4084 εἶπεν
1518 4026 1669 4105 ὧντε
1709 4029 1955 4081 ἐτέλεσεν

362 4134 391 4184 6
418 4129 777 4193 διδάσκαλοςς
835 4125 953 4179 ἀλλ’
978 4124 1123 4178 οὕτω
1175 4123 1427 4193 διέθηκεν
1447 4124 1476 4176 6
1501 4122 1687 4190 φόϐος,
1738 4120 1814 4183 ὡς
1848 4137 1954 4189 μη,-

363 4219 517 4283 δενδς
569 4219 713 4290 ἔχειν
759 4215 916 4285 λόγον
967 4215 1141 4284 ὑμᾶς
1202 4215 1276 4283 μὴ
1327 4214 1425 4281 τῆς
1488 4211 1764 4293 τοσαύτης
1819 4210 1957 4277 ἀγά-

2030 555 2099 610 ab
2143 555 2404 610 omnibus
2448 553 2709 623 operibus
2758 554 2896 608 suis.
2957 551 3108 604 Licet
3143 552 3289 605 enim
3347 548 3624 619 signiticet

2025 646 2275 718 requiem
2310 646 2379 700 ab
2402 645 2682 716 operibus,
2709 645 2914 714 quibus
2943 645 3200 698 conditus
3234 651 3320 696 est
3349 641 3618 697 mundus:

2009 740 2146 810 haec
2195 749 2380 794 tamen
2437 754 2624 793 revera
2674 738 2792 791 dies
2816 746 2902 793 est
2935 735 3317 806 requietionis,
3352 750 3458 803 qua
3496 734 3623 788 uni-

2027 833 2245 902 genitus
2281 831 2384 886 ‘Dei
2423 829 2598 884 Filius
2666 845 2696 883 a
2732 830 3036 899 designatis
3058 829 3111 881 in
3158 828 3399 882 humana
3452 840 3620 881 carne

2028 932 2309 992 assumpta
2370 920 2634 999 cperibus
2677 921 2966 989 requievit,
3026 928 3222 988 sponte
3277 918 3332 972 in
3389 927 3624 972 mortem

2026 1016 2333 1072 concedens
2368 1034 2383 1068 :
2415 1029 2524 1085 qua
2590 1013 2679 1068 die
2742 1022 2944 1066 aeterna
2993 1011 3082 1066 illa
3133 1009 3326 1064 mortis
3372 1008 3623 1080 tyrannis

2027 1109 2297 1165 dissoluta
2336 1111 2443 1173 e'st,
2477 1123 2541 1162 ac
2571 1108 2665 1177 qui
2700 1106 2804 1161 sub
2831 1121 2895 1161 ea
2931 1104 3337 1168 atterebantur,
3377 1103 3623 1172 requiem

2029 1203 2357 1257 invenerunt
2391 1219 2408 1257 :
2444 1215 2551 1271 qua
2597 1215 2627 1254 e
2656 1198 2863 1270 peccati
2911 1198 3158 1266 scopulis
3222 1211 3284 1250 ac
3324 1196 3492 1265 petris
3529 1210 3625 1248 ex-

2028 1295 2208 1366 pedita
2234 1293 2372 1362 '(27)
2415 1302 2638 1355 natura,
2679 1291 2883 1360 quibus
2935 1291 2989 1344 in
3022 1289 3436 1358 corruptionem
3483 1302 3622 1340 nau-

2029 1385 2205 1457 fragio
2230 1385 2556 1457 impegerat,
2582 1381 2649 1436 ad
2678 1379 3112 1450 incorruptionis
3140 1388 3357 1447 portum
3392 1376 3621 1444 appulsa

2027 1485 2149 1531 est:
2183 1490 2288 1544 qua
2319 1483 2515 1543 potens
2551 1473 2662 1536 ille,
2684 1470 2842 1542 quasi
2868 1485 3061 1526 somno
3094 1485 3161 1522 ex
3192 1467 3505 1521 vulneribus
3522 1481 3624 1535 pro

2031 1568 2190 1622 nobis
2207 1565 2485 1635 susceptis
2505 1573 2818 1635 soporalus,
2844 1563 3143 1632 superbum
3163 1562 3374 1614 hostem
3392 1557 3627 1611 vulneri-

2026 1660 2129 1716 bus
2180 1643 2578 1721 consauciavit,
2602 1657 2956 1725 captivosque
2989 1670 3056 1707 ex
3101 1651 3365 1706 diuturno
3404 1662 3627 1703 carcere

2031 1749 2301 1807 liberavit.
2351 1749 2483 1815 Quae
2530 1749 2650 1803 istae
2699 1747 2902 1802 divitia!
2947 1745 3149 1799 divinae
3187 1743 3240 1797 in
3280 1759 3364 1796 me
3395 1741 3626 1795 commi-

1968 1829 2006 1883 Β
2038 1844 2372 1902 serationis?
2393 1843 2651 1908 Quanam
2685 1841 2952 1896 immensa
2995 1840 3112 1894 hare
3144 1838 3198 1891 in
3221 1851 3423 1899 meum
3465 1847 3624 1887 usum

2037 1938 2370 2007 modumque
2432 1934 2762 1989 inclinatio?
2821 1931 3186 1987 Gustaveram
3252 1943 3357 1999 ego
3408 1929 3624 1981 dulcem

2036 2047 2240 2106 escam.
2291 2045 2398 2100 qua
2439 2018 2576 2083 ’reus
2628 2027 2824 2080 mortis
2883 2024 3080 2079 factus
3127 2038 3274 2085 sum,
3334 2026 3630 2090 gustattu

2038 2123 2183 2178 Deus
2238 2117 2507 2186 mortem,
2564 2129 2624 2174 ut
2676 2134 2705 2172 a
2758 2125 2935 2172 morte
2984 2123 3164 2170 eruat.
3211 2113 3399 2168 P-ulvis
3461 2126 3630 2165 exsu-

2041 2215 2289 2287 perantia
2343 2212 2604 2268 bonitatis
2663 2209 3002 2267 ad-divinam
3053 2207 3285 2277 gloriam
3321 2203 3631 2259 subductus

2041 2316 2156 2372 est;
2201 2321 2302 2361 nec
2349 2320 2452 2373 ego
2502 2304 2764 2356 lionorem
2801 2301 3090 2369 amplexus
3136 2313 3290 2361 sum,
3338 2310 3403 2351 ac
3452 2294 3629 2348 libens

2043 2399 2205 2456 habui
2239 2417 2253 2454 :
2284 2397 2676 2465 descenditque
2728 2393 2873 2447 Deus
2902 2392 2966 2447 ad
3025 2391 3267 2445 intimam
3327 2403 3514 2442 meam.
3547 2386 3631 2439 vi-

2043 2493 2274 2554 litatem,
2320 2497 2379 2543 ut
2425 2503 2534 2541 non
2590 2487 2772 2541 solum
2829 2485 3152 2554 prolapsum
3190 2482 3389 2551 erigat,-
3438 2493 3627 2532 verum

2043 2584 2206 2639 etiam
2253 2589 2313 2635 ut
2360 2594 2538 2650 meam
2595 2577 2878 2632 sustinens
2909 2575 3343 2643 corruptionem,
3379 2571 3634 2624 incorru-

2046 2677 2250 2748 ptionis
2324 2674 2458 2726 mihi
2508 2671 2730 2725 divitias
2762 2669 2998 2740 praebeat
3029 2686 3043 2721 :
3087 2666 3400 2736 patiturque
3434 2664 3541 2715 vita
3572 2669 3633 2714 ut
3731 2685 3735 2690 τ

2046 2779 2170 2819 cmn
2215 2761 2448 2815 mortuis
2516 2760 2852 2829 deponatur,
2896 2765 2955 2811 ut
3001 2757 3066 2810 ad
3109 2757 3276 2808 vitam
3328 2751 3634 2807 mortalita-

2047 2863 2156 2907 tem
2181 2867 2355 2906 meam
2384 2851 2724 2905 transferat:
2755 2847 3081 2902 l’unebrihns
3104 2845 3286 2900 linteis
3310 2843 3632 2906 involvitur,

2050 2958 2109 2999 ut
2155 2960 2258 3013 ego
2301 2943 2622 2997 indmnento
2672 2941 2870 2996 salutis
2928 2940 3165 3003 vestiar;
3213 2936 3488 3006 luteisque
3521 2949 3634 2988 ma-

2052 3037 2217 3091 nibus
2267 3035 2526 3104 sepulcro
2599 3032 2880 3094 conditur,
2924 3040 2985 3083 ut
3049 3045 3152 3100 ego
3190 3028 3634 3084 Cberubinorutn

2054 3123 2617 3180 humerisinsideam.
2644 3120 2924 3187 Manibus,
2971 3121 3217 3190 inquam,
3258 3116 3634 3174 honestissimi

2051 3217 2278 3286 Joseph.
2325 3215 2644 3278 Hic‘enim,
2679 3229 2801 3268 cum
2856 3212 2968 3266 noti
3023 3225 3218 3266 omnes
3257 3209 3636 3278 reliquissent,

2050 3323 2171 3362 eum
2229 3306 2603 3375 sepeliendum
2650 3305 2903 3372 suscipit,
2958 3302 3050 3370 qui
3105 3316 3206 3371 per
3240 3298 3637 3355 misericordiae

2050 3400 2261 3453 viscera
2303 3405 2466 3450 notos
2500 3411 2599 3450 nos
2635 3396 2939 3450 habuisset.
2985 3393 3086 3448 Ubi
3123 3406 3270 3445 nunc
3322 3390 3454 3444 mihi
3489 3388 3638 3450 Petri

2052 3489 2318 3542 libertas?
2347 3485 2444 3540 Ubi
2481 3485 2708 3538 Thmme
2731 3485 3036 3538 alacritas?
3070 3479 3176 3538 Ubi
3202 3483 3434 3536 aliorum
3467 3478 3640 3533 disci-

2051 3582 2307 3651 pulorum
2337 3579 2528 3632 amor?
2555 3577 2714 3631 Modo
2759 3577 3028 3632 dicehatis
3067 3594 3080 3630 :
3112 3573 3316 3627 Eamus
3346 3581 3396 3626 et
3431 3588 3547 3633 nos.
3590 3582 3642 3624 et

2053 3675 2350 3726 moriamur
2384 3687 2503 3723 cum
2542 3669 2636 3722 ill'u
2668 3669 2754 3739 ⁶³;
2804 3683 2906 3721 nec
2935 3668 3230 3737 quisquam
3273 3663 3437 3717 modo
3480 3677 3642 3730 repe-

2055 3767 2197 3821 ritur
2220 3805 2234 3828 ,
2263 3769 2356 3834 qui
2388 3765 2708 3834 magistrum
2732 3771 2950 3814 euntem
2977 3760 3044 3814 ad
3072 3768 3302 3813 mortem
3326 3756 3642 3813 comitetur.

2054 3860 2132 3912 Ac
2172 3859 2440 3912 mulieres
2473 3856 2692 3926 quidem
2741 3855 3025 3913 hactenus,
3059 3864 3372 3921 quanquam
3403 3863 3433 3902 a
3463 3849 3643 3916 longe,

2057 3958 2228 4014 stant,
2271 3966 2337 4004 ac
2392 3951 2766 4004 lamentantur
2804 3968 2816 4003 :
2852 3945 3108 4015 discipuli
3161 3959 3296 4000 vero
3346 3958 3415 3997 ne
3459 3957 3646 4011 parem

2059 4045 2278 4115 quidem
2319 4043 2642 4098 mulieribus
2683 4049 2961 4095 ostentant
3012 4039 3319 4094 audaciam.
3357 4036 3467 4090 Cur
3512 4035 3648 4089 adeo

2066 4140 2232 4191 timor
2261 4146 2504 4190 vestram
2557 4137 2704 4187 illam
2742 4133 2948 4187 amoris
2995 4131 3269 4185 ﬂammam
3305 4129 3518 4200 penitus
3548 4143 3646 4181 ex-

2061 4224 2288 4277 stinxit?
2334 4239 2436 4276 nec
2484 4224 2765 4291 nragisrcr,
2820 4223 2887 4275 iis
2933 4239 3053 4288 qua:
3099 4221 3236 4274 dixit
3279 4219 3644 4288 patravitque,

367 4327 523 4379 πης·
583 4310 658 4382 μὴ
715 4306 824 4362 τῶν
870 4306 1169 4376 ὑπερφυῶν
1233 4304 1552 4374 θαυμάτων,
1599 4302 1635 4356 ἃ
1695 4301 1754 4366 ἐξ
1792 4301 1940 4355 αὐτοί

2059 4321 2273 4366 vestros
2307 4313 2521 4365 animos
2555 4313 2858 4381 quidquam
2894 4310 3100 4380 erigit?
3131 4309 3224 4364 sed
3276 4311 3349 4362 ita
3385 4325 3483 4363 vos
3514 4324 3649 4361 con-

369 4405 748 4472 ἐπλουτήσατε
803 4416 821 4434 ⁸
856 4401 931 4471 μὴ
962 4401 1059 4469 τῆς
1087 4399 1198 4453 τῶν
1230 4398 1524 4466 δαιμονίων
1571 4396 1874 4464 ὑποταγῆς,
1925 4393 1940 4447 ξ

2063 4409 2331 4461 sternavit
2375 4422 2547 4476 pavor
2586 4414 2645 4459 ut
2683 4407 2888 4460 nullius
2934 4407 3008 4458 rei
3061 4405 3329 4460 rationem
3365 4403 3646 4469 habeatis;

369 4499 476 4552 ὑπὸ
531 4495 701 4559 πόδας
771 4493 927 4564 ὑμῶν
978 4493 1211 4564 ἐθηκενς
1288 4489 1404 4544 ἀλλ’
1486 4487 1632 4544 οὕτω
1695 4489 1940 4558 ῥίψαντας

2065 4513 2172 4552 non
2221 4500 2357 4552 tanti
2403 4500 2548 4553 illius
2569 4499 2803 4562 amoris,
2831 4514 2938 4552 non
2980 4497 3293 4552 divinorum
3342 4511 3406 4550 ac
3437 4506 3650 4549 natura:

371 4592 590 4648 ἅπαντα
669 4587 836 4658 μόνης
908 4583 1048 4638 εἶναι
1103 4585 1204 4654 τῆς
1263 4581 1764 4653 σκυθρωπότητος;
1839 4579 1940 4661 οὑδί

2059 4593 2165 4646 vim
2217 4599 2386 4646 totam
2445 4591 2894 4660 exsuperantium
2947 4589 3368 4654 miraculorum,
3410 4601 3649 4658 quorum

371 4686 474 4752 τῆς
535 4680 763 4753 Μητρός
820 4682 936 4732 ἐστι
991 4679 1151 4747 λόγος
1195 4678 1321 4747 ὑμῖν
1351 4693 1366 4708 ’
1419 4670 1622 4748 ᾖείκὸς
1661 4673 1754 4727 ἐπὶ
1806 4689 1940 4742 μονοι

2061 4685 2454 4753 patrandorum
2507 4690 2783 4752 potestate
2834 4684 2904 4737 ah
2951 4683 3070 4750 ipso
3112 4681 3302 4736 donati
3337 4681 3504 4748 estis;
3540 4696 3651 4735 non

373 4781 522 4846 γενεϊ
554 4775 716 4847 Παιδί
767 4771 911 4826 οὕτω
956 4771 1292 4841 κρεμαμένῳ
1352 4767 1769 4840 ἀπαραμυθήτῳ
1806 4766 1937 4832 ἄλγε

2061 4776 2431 4844 subjectionis
2461 4775 2798 4842 daemonum,
2843 4789 2985 4843 quos
3023 4774 3252 4842 pedibus
3288 4779 3488 4828 vestris
3517 4772 3650 4827 sub-

372 4867 770 4938 διεσπαράχθαι
803 4863 874 4917 τὰ
935 4863 1221 4932 σπλάγχνα
1253 4879 1267 4926 ;
1396 4862 1490 4913 καὶ
1537 4859 1693 4919 ἄλλος
1729 4875 1823 4926 τις,
1854 4856 1940 4909 τῶε

2058 4867 2241 4936 jecit:
2282 4867 2378 4922 sed
2430 4868 2689 4922 omnibus
2743 4867 2798 4919 in
2844 4868 2988 4920 hunc
3023 4864 3245 4918 modum
3297 4864 3528 4932 abjectis
3587 4877 3652 4916 ac

373 4962 472 5016 οὑκ
528 4959 747 5012 εἰδότων
802 4956 1109 5026 συνήλγησε
1128 4955 1227 5021 τὴν
1285 4952 1485 5022 ψυχὴν,
1520 4952 1616 5005 καὶ
1657 4948 1940 5019 ἀγαπητῶς

2064 4959 2418 5035 posthabitis,
2472 4958 2688 5013 tetrica.
2725 4957 2982 5012 mmslitia
3045 4956 3289 5025 absorpti
3326 4955 3504 5010 estis?
3539 4952 3653 5008 Nec

375 5052 442 5108 ἂν
465 5055 532 5124 τῇ
558 5053 623 5105 ἐκ
645 5050 816 5118 λόγων
843 5047 1054 5119 ἰατρείᾳ
1076 5046 1174 5117 τὴν
1205 5045 1395 5114 ὀδύνην
1414 5045 1679 5115 ἐπειράθη
1696 5042 1964 5116 διαπραῦ-

375 5163 485 5201 ναι.
522 5144 766 5206 Ἡλίκαις
804 5143 913 5211 γὰρ
944 5141 1067 5194 τότε
1123 5141 1156 5209 ή
1213 5139 1445 5207 ἄμωμος
1500 5138 1791 5209 ἐμερίζετο
1853 5138 1940 5192 πά·

2047 5141 2413 5210 unigenitum
2445 5138 2645 5194 Filium
2681 5141 2756 5194 ita
2792 5140 2848 5195 in
2878 5141 3030 5210 ligno
3074 5157 3429 5212 suspensum,
3473 5142 3657 5194 incon~

379 5236 569 5303 θεσιν;
607 5235 754 5298 Oiei;
807 5233 1133 5301 ἐκυμαίνετο
1187 5231 1492 5300 λογισμοῖς,
1549 5229 1645 5283 νῦν
1699 5228 1801 5300 μὲν
1859 5228 1940 5281 τοι

2069 5231 2287 5286 solabili
2332 5233 2521 5288 dolore
2574 5233 2786 5288 intimis
2838 5235 3147 5289 visceribus
3201 5234 3553 5291 excruciari?
3599 5235 3653 5288 in

381 5329 628 5400 ὑπερφυῆ
677 5325 836 5378 τόκον
883 5321 1263 5391 ἐνθυμουμένη
1295 5361 1309 5384 ,
1374 5320 1470 5374 νῦν
1519 5319 1575 5372 δὲ
1636 5320 1743 5374 τῶν
1789 5319 1940 5373 ἄλλω

2073 5339 2238 5394 quam
2285 5325 2368 5380 vel
2427 5324 2649 5395 ignotus
2698 5324 2976 5400 quispiam
3039 5327 3422 5382 misericordia
3474 5336 3659 5384 motus

2068 5048 2257 5104 Matris
2301 5065 2398 5105 vos
2453 5049 2836 5118 cura-tangit,
2896 5065 3060 5118 quam
3108 5049 3374 5104 credibile
3427 5057 3530 5110 est,
3584 5045 3654 5101 ob

447 5486 492 5518 “
524 5483 667 5540 Gen.
717 5495 782 5540 ιι.
833 5478 892 5534 2.
968 5477 1015 5510 “
1061 5463 1332 5546 Joan.’n,
1367 5479 1454 5533 16.

1904 5570 2141 5628 NOTAE.

448 5674 566 5742 (27)
601 5669 874 5742 Scapulis.
923 5688 993 5742 ac,
1026 5670 1198 5742 petris
1230 5669 1495 5742 ergpedita.
1533 5666 1658 5718 Τῶν
1689 5666 1964 5722 σπιλάδων
2072 5671 2268 5740 petris.
2301 5669 2507 5742 quibus
2558 5670 2666 5726 sub
2716 5673 2875 5742 aquis
2911 5674 3212 5733 latentibus
3262 5676 3402 5733 solet
3430 5665 3660 5732 naufra-

381 5738 475 5816 τῆς
503 5738 784 5813 ἁμαρτίας
818 5738 1445 5821 ὑπεξελθοῦσαηϐίίι-ινει,
1500 5745 1739 5821 aptaque
1789 5747 1940 5798 nteta‘

2070 5738 2219 5812 'gium
2247 5738 2410 5807 ellici,
2442 5743 2646 5810 peccati
2683 5738 2925 5800 maculas
2963 5747 3167 5803 reddit.

382 5807 559 5872 otiora'
590 5807 760 5870 {non
807 5827 973 5870 uuam
1011 5810 1270 5878 exprimit
1322 5808 1639 5874 Gretscrus,
1697 5807 1828 5862 dum
1863 5825 1960 5879 pro
2075 5807 2095 5812 '
2151 5827 2157 5831 ·
