4086 6298
428 357 500 418 8'!
1668 364 1947 426 LEONIS
1987 367 2031 426 P

2137 364 2458 427 LOSOPIH
3647 363 3716 422 8i

429 476 616 532 esset,
653 465 931 536 plenoque
958 466 1326 525 humanitatis
1357 470 1581 536 aﬂ‘ectu,
1610 473 1883 528 orationis
1914 488 2030 527 me-

2137 472 2316 544 ἔργων
2344 473 2414 526 τά
2457 470 2736 541 παράδοξα
2765 487 2779 501 ’
2814 470 2909 524 καὶ
2933 469 3027 524 νῦν
3072 470 3175 540 μὲν
3206 471 3295 523 τὸν
3322 471 3513 541 θρόνον
3538 471 3708 522 Δαϐὶδ

431 561 614 614 dicina
651 559 897 613 dolorem
942 560 1114 616 lenire
1147 569 1438 618 tentasset.
1485 563 1720 629 Quantis
1754 567 1900 619 enim
1938 566 2021 618 in-

432 659 580 706 tacta
608 649 774 721 Virgo
802 660 934 705 tunc
964 652 1308 708 cruciatibus
1332 655 1729 710 conﬁciebatur
1747 657 1770 710 ?
1791 655 2023 722 Quantis

430 743 825 812 cogitationum
853 745 1114 812 procellis
1141 746 1474 816 agitabatur,
1495 764 1618 802 cum
1641 748 1754 816 jam
1777 749 2021 803 divinum

431 833 585 888 illum
640 844 860 903 partum
898 837 1082 890 animo
1131 846 1404 902 versaret,
1450 840 1562 908 jam
1596 840 1701 895 alia
1745 843 1893 895 omni
1928 842 2024 894 ad-

432 926 729 979 miratione
766 926 967 981 referta
1030 943 1198 997 opera
1255 931 1622 1000 perpenderet
1685 949 1698 986 :
1746 948 1811 986 ac
1864 935 2026 986 modo

433 1017 655 1088 quidem
689 1017 915 1074 Davidis
946 1020 1232 1086 thronum,
1270 1039 1433 1087 quem
1461 1023 1704 1089 Gabriel,
1743 1027 1902 1096 quasi
1940 1042 2028 1078 ar-

432 1112 591 1165 rham
624 1113 1034 1182 spepondisset,
1063 1114 1476 1181 consideraret,
1511 1115 1676 1170 modo
1712 1133 1931 1171 erucem
1964 1133 2027 1172 ac

434 1201 490 1257 in
519 1218 581 1256 ea
624 1203 952 1272 pendentem
993 1204 1190 1259 Filium
1236 1207 1487 1261 vestibus
1536 1208 1825 1272 nudatum,
1860 1207 2028 1278 idque

437 1293 680 1348 medium
734 1297 1010 1350 latronum
1050 1298 1366 1364 aspiceret?
1395 1293 1669 1364 Quocirca
1705 1317 1884 1371 neque
1925 1316 2028 1354 no-

434 1385 657 1440 vissima
693 1386 894 1441 etl'atur
928 1388 1094 1442 verba
1118 1429 1132 1450 ,
1170 1405 1271 1444 nec
1303 1391 1456 1455 talia,
1498 1392 1681 1460 qualia
1717 1408 1884 1460 super
1919 1393 2028 1447 tilio

435 1473 690 1529 morienti
736 1486 907 1531 mater
955 1479 1288 1543 consuevit,
1322 1480 1414 1533 sed
1461 1483 1614 1534 stetit
1659 1497 1767 1550 prae.
1804 1493 2030 1550 stupore

432 1565 588 1617 velut
643 1565 765 1620 solo
810 1566 998 1630 aﬂixa,
1052 1568 1313 1638 lacrymis
1356 1572 1592 1623 ubertim
1649 1574 2026 1627 manantibus.

434 1652 660 1710 Doloris
709 1657 1056 1713 vehementia
1115 1660 1265 1713 velut
1334 1660 1557 1714 consilii
1610 1661 1791 1730 inopia
1843 1665 2030 1717 absor-

435 1755 584 1812 ptam
636 1749 862 1804 omnino
902 1766 1089 1806 vocem
1155 1751 1457 1806 ademerat.
1499 1750 1718 1822 Ergone
1777 1764 1932 1808 tanto
1971 1757 2025 1809 in

2126 567 2185 619 ὃν
2238 565 2480 637 Γαϐριὴλ
2536 564 3012 635 ἀρραϐωνίζεταιο
3046 565 3142 617 νῦν
3197 564 3254 616 δὲ
3300 563 3578 633 βλέπουσα
3631 565 3723 615 τὸν

2127 658 2382 725 σταυρὸν,
2438 657 2532 708 καὶ
2578 657 2787 725 γυμνὸν
2847 654 2939 706 τὸν
2990 654 3116 706 Υἱῦν
3176 653 3574 723 κρεμάμενον’
3629 653 3724 705 καὶ

2123 751 2247 812 τότε
2285 748 2426 818 μετά
2455 748 2668 820 λῃστῶν
2696 765 2711 815 ;
2747 748 2848 800 Διά
2889 747 3046 800 τοῦτο
3083 747 3203 798 οὐδὲ
3231 746 3517 798 τελευταῖα
3550 760 3724 815 προσ-

2128 842 2428 909 φθέγγεται
2463 841 2702 910 ῥήματα·
2740 839 2846 890 οὐδ’
2875 835 2963 891 οἷα
3006 838 3212 906 μήτηρ,
3240 838 3335 890 ἐπὶ
3364 837 3514 890 παιδὶ
3560 837 3725 890 θαναα

2127 948 2218 985 του
2229 932 2376 1000 μένῳ
2527 947 2541 960 ·
2568 930 2683 983 ἀλλ’
2719 930 2949 997 ἕστηκεν
2974 929 3081 982 ἀπὸ
3120 928 3438 998 ἐκπλήξεως
3469 925 3582 980 οἷον
3619 945 3727 979 πα-

2129 1026 2290 1091 γεῖσα
2333 1025 2400 1094 τῇ
2461 1025 2556 1092 γῇ,
2617 1022 2777 1090 μόνον
2831 1020 3147 1090 πλυνομὲνη
3198 1023 3308 1082 τοῖς
3359 1020 3616 1089 δάκρυσι.
3652 1020 3725 1076 Τὸ

2133 1114 2362 1183 σφοδρὸν
2415 1113 2509 1166 τοῦ
2547 1114 2752 1176 πάθους
2797 1113 2925 1182 ὅλην
2975 1113 3080 1165 ὑπὸ
3107 1111 3417 1182 ἀμηχανίας
3476 1128 3726 1165 καταπο-

2131 1206 2317 1258 θεῖσαν
2345 1205 2517 1277 αὐτὴν
2539 1206 2793 1273 ἀφείλετο
2825 1204 2924 1273 τὴν
2957 1205 3158 1273 φωνήν.
3189 1201 3316 1275 'Ap’
3348 1201 3442 1258 οὖν
3474 1205 3531 1256 ὲν
3553 1203 3729 1273 τούτῳ

2130 1295 2297 1352 οὖσαν
2313 1299 2411 1369 τὴν
2428 1297 2696 1369 παρθένον
2721 1296 2939 1367 μητέρα
2967 1297 3139 1366 ἐῴητε
3177 1296 3474 1358 παντελῶς,
3502 1296 3534 1365 ἢ
3557 1312 3729 1364 προσ-

2133 1391 2307 1444 ελθείν
2361 1389 2499 1460 αὐτῇ
2557 1388 2694 1458 μετὰ
2739 1387 2915 1441 ταῦτα
2971 1387 3336 1457 βουλήσεσθε;
3379 1388 3491 1441 Καὶ
3523 1387 3641 1451 πῶς
3661 1387 3732 1442 ἂν

2132 1481 2343 1553 δρῴητε
2402 1464 2839 1543 ).ιπόντεςόΰτω
2891 1481 3051 1551 μόνον
3106 1479 3242 1548 πρὸς
3280 1479 3515 1532 θάνατον
3575 1480 3731 1534 ἑλκό-

2138 1592 2297 1645 μενον
2332 1573 2424 1628 τὸν
2447 1573 2610 1640 Υἱόν;
2645 1573 2704 1637 ὃς
2729 1572 2918 1643 ὥσπερ
2937 1572 3084 1642 πόθῳ
3118 1571 3197 1642 τῷ
3223 1567 3376 1643 πρὸς
3393 1569 3719 1641 ἀνθρώπους

2131 1671 2242 1725 τῶν
2276 1668 2570 1741 πατρῴων,
2618 1671 2718 1723 οὐκ
2771 1670 2971 1732 ἐκστὰς
3020 1669 3226 1740 κατέϐη
3282 1669 3524 1732 κόλπων,
3586 1667 3730 1720 οὕτω

2135 1762 2231 1813 καὶ
2293 1761 2564 1830 μητρικῆς
2625 1760 2863 1830 στοργῆς
2930 1759 3076 1828 ὑμᾶς
3128 1759 3453 1830 προύτίθει,
3508 1758 3729 1826 λέγων’

420 1838 588 1892 'luctu
645 1849 963 1896 versantem
1015 1853 1248 1898 matrem
1281 1843 1549 1915 virginem
1605 1846 1824 1915 penitus
1875 1849 2030 1903 dese-

2137 1825 2316 1903 Οὗτοέ
2351 1825 2582 1916 etin/1i
2617 1825 2829 1916 mimi
2853 1825 2981 1916 pou
3008 1848 3108 1901 καὶ
3169 1825 3224 1902 ὸι
3289 1848 3544 1916 ἀδελφοί
3585 1825 3728 1916 μου.

435 1930 616 1985 retis?
647 1931 960 1990 Posthaene
983 1951 1118 1990 vero
1156 1936 1222 1991 ad
1245 1952 1364 1992 eam
1393 1939 1659 1993 accedere
1696 1941 1750 1993 in
1787 1941 2029 1994 animum

435 2022 989 2091 inducetis?Quibus
1041 2036 1224 2083 autem
1290 2029 1471 2084 oculis
1529 2031 1808 2099 aspecturi
1872 2032 2028 2086 estis.

335 2143 340 2146 ·
435 2116 531 2182 qui
603 2120 685 2173 sic
755 2120 934 2173 solum
979 2156 994 2182 ,
1045 2134 1172 2175 cum
1261 2120 1330 2174 ad
1394 2130 1627 2176 mortem
1705 2122 2026 2188 duceretur,

429 2205 632 2262 Filium
708 2211 1121 2282 reliqueritis?
1169 2212 1394 2282 ipsum,
1480 2214 1746 2284 inquam,
1799 2215 1892 2284 qui
1972 2224 2032 2268 ut

434 2318 623 2358 amore
673 2304 728 2359 in
759 2306 1063 2361 humanum
1100 2323 1302 2376 genus,
1351 2307 1487 2362 nihil
1522 2320 1812 2379 paternum
1849 2311 2030 2364 sinum

434 2394 798 2462 deserens,iu
834 2407 1036 2455 terram
1070 2401 1379 2468 descendit,
1427 2404 1503 2457 ita
1562 2411 1617 2457 et
1648 2418 1745 2457 vos
1782 2414 2032 2457 materno

435 2488 611 2540 niuori
651 2492 987 2559 pra'posuit,
1038 2492 1274 2551 dicens:
1317 2495 1385 2548 Ili
1433 2506 1557 2550 sum
1598 2494 1775 2551 Mater
1813 2513 1950 2560 mea,
1983 2506 2033 2551 et

434 2579 632 2647 fratre:
671 2583 773 2635 mei
812 2583 877 2638 “.
917 2582 984 2638 Ut
1023 2586 1154 2655 quid
1208 2587 1346 2641 adeo
1394 2589 1686 2644 consiliu-n
1736 2588 2032 2644 mutastis?

432 2673 515 2724 Au
559 2687 693 2737 non,
747 2689 874 2727 cum
916 2677 1201 2732 vobiscum
1255 2678 1500 2749 degeret,
1553 2680 1666 2732 hare
1719 2678 1834 2747 ipsa
1878 2680 2032 2734 vobis

434 2763 808 2832 prmdicebat?
832 2776 1091 2837 oportere
1109 2770 1369 2826 videlicet
1390 2770 1590 2826 Filium
1617 2769 1855 2825 hominis
1886 2771 2030 2827 tradi

437 2853 646 2922 impiis,
692 2865 744 2910 et
779 2857 984 2914 elevari
1038 2861 1094 2916 in
1151 2863 1322 2931 ligno,
1357 2874 1524 2933 atque
1569 2863 1623 2917 in
1667 2874 1825 2919 terras
1861 2866 2032 2920 corde

435 2949 687 3003 versari?
708 2947 852 3017 Quid
876 2954 1044 3022 ergo?
1069 2953 1150 3008 An
1177 2956 1264 3010 hic
1292 2955 1452 3009 ﬁnem
1487 2957 1682 3011 habuit
1712 2958 2031 3026 praedictio?

2137 1941 2204 1994 Τι
2231 1940 2484 1993 τοσοῦτον
2511 1939 2807 2010 ἠλλοιωσθε
2839 1957 2853 2004 ;
2888 1940 3022 2009 Οὐχὶ
3075 1938 3248 1991 συνὼν
3274 1939 3446 1992 ταῦτα
3499 1938 3718 2008 ὡμίλει,

2136 2033 2212 2096 ὡς
2245 2031 2328 2084 δεῖ
2358 2030 2738 2101 παραδοθῆναι
2787 2030 3032 2101 ἀνόμοις,
3087 2031 3184 2112 καὶ
3230 2031 3324 2082 ἐπὶ
3377 2030 3536 2094 ξύλου
3585 2030 3731 2097 seu).

2138 2124 2316 2194 θῆναι,
2347 2118 2441 2175 καὶ
2480 2123 2538 2175 ἐν
2570 2121 2762 2192 καρδίᾳ
2807 2121 3065 2189 γενέσθαι
3123 2122 3225 2190 τῆς
3280 2123 3428 2191 γῆς;
3492 2121 3558 2173 Τί
3592 2120 3729 2185 ob»;

2135 2217 2314 2288 Μέχρι
2347 2214 2552 2268 τούτων
2588 2204 2820 2284 ἕστηκεν
2857 2216 2889 2284 ἡ
2937 2213 3333 2285 προαγόρευσις
3361 2229 3373 2242 ·
3409 2212 3442 2282 ἢ
3474 2213 3588 2281 ἔχει
3632 2211 3730 2263 καὶ

2136 2307 2330 2376 ἑτέραν
2367 2304 2742 2372 ἀγαλλιάσεως
2796 2305 3156 2375 προσθήκην;
3218 2303 3333 2358 Οὐκ
3370 2298 3526 2356 εἶπεν
3555 2319 3568 2332 ·
3623 2300 3735 2356 Καὶ

2134 2399 2452 2469 τριήμερος
2480 2397 2932 2466 ἁναστήσεταιῖ
2965 2397 3085 2460 πῶς
3119 2397 3218 2467 τὴν
3261 2399 3325 2450 ὲκ
3369 2395 3463 2449 τοῦ
3519 2394 3731 2457 πάθους

2133 2490 2359 2555 δειλίαν,
2423 2493 2490 2559 τῇ
2524 2489 2700 2542 ἑλπίδι
2730 2492 2831 2559 τῆς
2873 2489 3230 2550 ἀναστάσεως
3265 2488 3326 2541 ού
3384 2484 3689 2540 καταλύσετε
3715 2501 3737 2549 ;¹

2138 2582 2342 2644 Ἔστω,
2376 2578 2800 2647 σφαγιαζομένῳ
2856 2578 2956 2633 οὐκ
3007 2576 3416 2647 ἠκολουθήσατε
3451 2592 3470 2609 ο
3524 2575 3581 2628 τί
3639 2576 3734 2626 καὶ

2134 2671 2272 2742 πρὸς
2302 2671 2469 2738 τάφον
2502 2668 2694 2722 νικῶσι
2738 2669 2901 2722 πάλιν
2945 2668 3226 2722 ἁπιοῦσαι“
3262 2661 3561 2734 γυναῖκεςς
3599 2661 3736 2719 Εἶτα

2134 2764 2229 2817 καὶ
2259 2756 2418 2814 αὗται
2448 2760 2544 2831 μὲν
2576 2759 2924 2831 ὀρθρίζουσιν
2946 2776 2961 2789 ·
2997 2760 3127 2829 ὑμῖν
3158 2758 3204 2811 δ’
3236 2759 3299 2812 ού
3349 2758 3508 2829 μόνον
3534 2761 3595 2810 οὐ
3623 2756 3740 2810 δια·-

2135 2853 2436 2926 πράττεταί
2460 2869 2512 2904 τι
2576 2851 2856 2915 τοσοῦτον,
2917 2851 3054 2905 ἀλλά
3085 2850 3181 2904 καὶ
3229 2849 3522 2912 ἀκούοντες
3556 2852 3773 2919 χαρᾶςέ,

2134 2946 2451 3015 εὐαγγέλια,
2496 2945 2664 3016 λῆρον
2713 2943 2956 2996 ποιεῖσθε
2983 2942 3052 2995 τά
3075 2942 3392 3012 εὐαγγέλια.
3448 2942 3556 2995 Καὶ
3601 2943 3734 2994 Ἰου-

434 3037 631 3096 Nonne
651 3043 814 3097 etiam
847 3045 994 3100 aliud
1020 3048 1416 3103 exsultationis
1445 3051 1670 3104 cumulo
1702 3049 2025 3117 adjunctum

2137 3041 2274 3094 δαῖοι
2332 3040 2431 3110 μὲν
2471 3037 2693 3105 λέγουσι
2757 3039 2887 3107 περί
2933 3035 3115 3106 ὑμῶν,
3152 3035 3230 3100 ὡς
3281 3035 3582 3105 κλέψαντες
3647 3034 3737 3086 τὸν

436 3127 580 3184 fuit?
627 3134 711 3187 An
777 3149 888 3190 non
937 3137 1077 3191 dixit
1127 3157 1140 3194 :
1199 3138 1266 3191 Et
1311 3140 1469 3193 tertia
1514 3139 1602 3192 die
1651 3150 1887 3211 resurget
1945 3142 2034 3195 "?

2137 3130 2327 3200 νεκρὸν
2360 3127 2617 3200 φημιεῖτε
2665 3127 2766 3200 τὴν
2800 3127 3102 3189 ἀνάστασιν
3135 3141 3151 3158 ⁸
3190 3126 3351 3195 ὑμεῖς
3385 3126 3441 3180 δὲ
3470 3122 3740 3178 τελεσθεῖ-

436 3222 728 3287 Quomodo
778 3225 1124 3284 formidinem
1158 3247 1226 3285 ex
1260 3229 1383 3298 ejus
1416 3230 1675 3300 passione
1707 3240 2032 3302 conceptam

2137 3242 2234 3280 σαν
2261 3224 2365 3295 ῆδη
2400 3224 2713 3287 ἀκούοντες,
2743 3220 3162 3285 διαπιστοῦντες
3201 3219 3447 3289 κάθησθε
3483 3217 3736 3288 σκυθρωι-

440 3331 540 3383 spe
573 3319 1008 3375 resurrectionis
1050 3337 1162 3377 non
1212 3323 1561 3394 proﬂigatis?
1596 3321 1750 3386 Esto,
1802 3339 1910 3377 non
1944 3341 2034 3378 se-

2137 3317 2246 3373 ποί.
2301 3317 2567 3380 Ἀκούεις,
2609 3314 2858 3378 Ἰουδαῖε,
2901 3314 3051 3376 ὅπως
3090 3317 3139 3368 οἱ
3169 3313 3409 3384 μαθηταὶ
3442 3311 3740 3380 κλέψαντες
3829 3379 3832 3384 η

438 3411 552 3462 ruti
605 3410 753 3477 sitis,
805 3428 930 3468 cum
983 3414 1051 3469 ad
1107 3425 1339 3471 mortem
1397 3425 1721 3486 raperetur;
1771 3431 1874 3471 errr
1920 3417 2031 3484 jam

2137 3411 2224 3463 τὸν
2291 3407 2491 3480 νεκρὸν
2543 3407 2898 3477 διεφήμησαν
2940 3406 3041 3478 τὴν
3086 3402 3489 3469 ἀνάστασιν,οτ
3522 3418 3587 3472 γε
3641 3401 3742 3454 καὶ

439 3515 663 3571 quoque
721 3505 1047 3561 mulieribus
1104 3490 1171 3561 ad
1224 3508 1539 3575 sepulcrum
1603 3509 1864 3565 euntibus
1904 3497 2023 3579 pal-

2137 3502 2434 3571 γενομένης
2481 3497 2891 3562 διαπιστοῦντες
2922 3498 3190 3567 ἐκάθηντο
3222 3513 3237 3562 ;

439 3608 587 3646 ruam
634 3597 982 3652 conceditis?
1029 3597 1165 3652 Nam
1224 3601 1358 3668 ipsa:
1414 3601 1592 3668 primo
1637 3599 1885 3655 diluculo
1943 3601 2241 3651 accurrunt
2291 3609 2306 3645 :
2347 3606 2445 3646 vos
2490 3597 2671 3643 autem
2716 3604 2825 3643 non
2872 3588 3039 3642 modo
3076 3584 3213 3641 nihil
3251 3584 3433 3639 simile
3483 3583 3736 3650 tentatis,

438 3684 536 3750 sed
586 3693 638 3740 et
689 3697 978 3758 acceptum
1027 3690 1094 3745 de
1145 3680 1550 3748 resurrectione
1595 3694 1879 3756 nuntium,
1931 3706 2032 3760 pro
2073 3685 2451 3743 deliramentis
2488 3684 2776 3752 reputatis.
2839 3682 2919 3736 Ac
2950 3680 3122 3736 Judaei
3175 3679 3398 3750 quidem
3459 3677 3528 3733 de
3583 3678 3743 3732 vobis

438 3775 672 3843 dicunt,
725 3779 1008 3836 iuraturos
1061 3796 1160 3837 vos
1210 3793 1529 3846 mortuum,
1592 3793 1646 3837 et
1705 3785 1864 3854 quasi
1930 3777 2417 3842 resurrexisisset,
2493 3775 2926 3844 divulgaturos:
2977 3788 3080 3829 vos
3136 3781 3317 3827 autem
3375 3771 3574 3825 factam
3628 3769 3748 3840 jam

438 3871 912 3933 resurrectionem
968 3873 1279 3937 audientes.
1349 3891 1456 3928 non
1508 3873 1756 3940 creditis,
1814 3873 2065 3943 tristique
2118 3871 2271 3924 vultu
2317 3865 2603 3922 desidetis.
2653 3865 2818 3931 Audi,
2879 3862 3112 3932 Iudaee,
3157 3863 3436 3933 quomodo
3484 3863 3750 3933 discipuli

438 3969 720 4020 mortuum
781 3962 988 4028 furati,
1041 3965 1414 4023 resurrexisse
1475 3966 1531 4019 in
1581 3967 1781 4036 vulgus
1833 3968 2182 4034 sparserunt,
2213 3957 2308 4028 qui
2340 3958 2504 4013 etiam
2535 3956 2677 4012 facta
2715 3953 3746 4024 resurrectione,incredulisedebant.

509 4056 731 4113 Atenim
757 4057 960 4127 Joseph
1021 4058 1310 4113 Dominum
1348 4060 1584 4129 sepelit;
1627 4059 1811 4115 Solem
1858 4060 2042 4128 sepul-

438 4164 538 4206 cro
569 4149 781 4204 condit.
807 4150 852 4205 0
887 4152 1207 4221 sepulcrum
1229 4151 1375 4221 quod
1404 4152 1608 4206 coelum
1636 4152 1839 4208 referat
1865 4153 1877 4204 l
1903 4150 2038 4204 Nam

439 4240 533 4305 qui
571 4238 627 4295 in
671 4241 852 4305 ctelo,
898 4251 1160 4311 tanquam
1201 4243 1256 4295 in
1297 4242 1499 4296 throno
1539 4241 1739 4306 sedet,
1791 4243 1839 4296 is
1872 4242 1926 4295 in
1962 4249 2036 4307 te,

441 4341 706 4400 tanquam
745 4334 800 4387 in
845 4332 1087 4388 thalamo
1123 4333 1413 4404 requievit.
1457 4335 1501 4390 Ο
1549 4336 1887 4404 sepulcrum,
1930 4350 2041 4403 quo

441 4426 695 4491 sepulcra
725 4426 910 4481 omnia
955 4441 985 4479 a
1017 4425 1281 4482 sordibus
1312 4427 1428 4482 suis
1476 4437 1856 4497 expurgantur
1883 4427 1898 4481 ι
1942 4441 2039 4495 per
2071 4459 2114 4513 ι)

440 4516 611 4582 quod,
642 4517 735 4586 qui
773 4517 937 4586 in_eis
968 4519 1734 4588 computrueraut,vegetius,
1767 4532 1830 4573 ac
1862 4518 2037 4587 magis

438 4611 660 4679 vigente
678 4625 902 4675 natura,
922 4625 1088 4681 quam
1123 4625 1192 4664 ex
1222 4622 1474 4664 materno
1502 4618 1685 4670 utero,
1720 4609 1991 4678 prodeunt
2018 4609 2032 4662 ι

438 4697 485 4756 Ο
517 4700 857 4771 sepulcrum,
890 4717 1000 4775 quo
1027 4701 1287 4771 pellieeas
1325 4700 1545 4755 tunicas
1574 4700 1725 4763 exui,
1758 4712 2034 4754 veterem-

442 4807 552 4861 que
580 4791 836 4846 decorem
866 4791 1021 4846 indui
1053 4794 1067 4845 l
1097 4791 1141 4846 Ο
1173 4791 1514 4862 sepulcrum,
1551 4792 1678 4845 vitae
1710 4790 2034 4870 thesaurum

442 4883 934 4953 opulentissimum
985 4883 1038 4936 in
1093 4889 1147 4938 te
1199 4883 1598 4951 complectens,
1648 4881 1779 4934 licet
1828 4879 2036 4950 Joseph

447 4986 711 5044 tanquam
747 4974 928 5028 vitalis
955 4975 1184 5043 Spiritus
1218 4983 1524 5042 expertem,
1569 4975 1698 5027 inte
1733 4976 1910 5041 ipsum
1943 4974 2041 5027 ab-

445 5066 682 5120 scondat
715 5067 729 5120 ι
784 5067 1055 5121 Caeterum
1107 5066 1200 5121 ille
1240 5065 1462 5134 quidem
1501 5065 1700 5120 timore
1749 5066 1956 5134 pariter
1985 5074 2040 5120 et

445 5172 656 5223 amore,
689 5172 753 5211 ea
793 5173 901 5227 qua
934 5158 1090 5211 licuit
1127 5157 1486 5212 veneratione
1531 5157 1876 5213 Dominicum
1912 5174 2039 5212 coro

448 5263 555 5317 pus
591 5247 804 5301 tumulo
830 5248 1155 5316 componit;
1191 5245 1480 5318 Judazique
1513 5249 1810 5318 obsignant
1846 5267 1860 5303 :
1895 5250 2042 5305 haud

453 5351 638 5395 tamen
689 5339 974 5410 signacula
1011 5343 1269 5405 retinent,
1294 5356 1458 5411 quem
1497 5342 1694 5396 mortis
1742 5353 1913 5411 portae
1961 5353 2043 5396 te-

454 5447 588 5487 nere
619 5445 728 5486 non
775 5432 982 5487 valent.
1015 5433 1190 5488 Porro
1234 5433 1496 5489 mulieres
1532 5435 1683 5487 velut
1716 5433 1862 5488 circa
1897 5450 2047 5489 mor-

2222 4053 2386 4106 Ἀλλά
2439 4052 2551 4124 ,γὰρ
2600 4050 2917 4120 ἐνταφιάζει
2961 4051 3052 4104 τὸν
3093 4050 3374 4120 Δεσπότην
3416 4051 3446 4104 ὁ
3491 4049 3695 4120 Ἰωσήφ
3726 4059 3744 4083 ε

2140 4146 2375 4215 κρύπτει
2404 4145 2563 4214 τάφῳ
2592 4143 2684 4198 τὸν
2713 4145 2887 4213 ἦλιον.
2920 4143 2986 4196 Ὢ
3037 4145 3212 4212 τάφος
3256 4140 3596 4215 μιμούμενος
3647 4143 3743 4196 ούη

2145 4240 2342 4312 ρανόνε
2398 4239 2457 4291 Ὁ
2482 4237 2592 4309 γὰρ
2616 4238 2676 4290 ἐν
2693 4237 2854 4308 ἀὐτῷ
2885 4235 2960 4300 ὡς
2992 4237 3073 4308 ⁸ὲν
3108 4235 3285 4305 θρόνῳ
3325 4235 3661 4308 καθήμενος,
3686 4237 3747 4290 ὲν

2143 4331 2227 4385 σοὶ
2267 4329 2343 4393 ὡς
2372 4330 2431 4384 ἐν
2465 4327 2697 4382 παστάδι
2743 4327 3114 4382 ἀνεπαύσατο.
3145 4326 3211 4379 Ὢ
3257 4326 3428 4396 τάφος
3448 4326 3517 4380 δι’
3547 4318 3612 4380 οὗ
3642 4325 3746 4397 τὴν

2144 4423 2357 4494 φθορὰν
2393 4420 2864 4492 ἀποκαθαίρονται
2921 4419 3120 4488 τάφοιο
3161 4419 3258 4473 καὶ
3323 4417 3506 4490 πολλῷ
3536 4418 3749 4491 νεαρώ-

2141 4515 2359 4584 τερονῆ
2393 4514 2613 4585 μήτρας
2651 4512 2704 4567 οἱ
2734 4513 2792 4565 ἐν
2843 4513 3028 4575 αὐτοῖς
3074 4511 3422 4574 διαλυθέντες
3443 4512 3750 4582 προέρχον-ι,

2137 4626 2230 4660 ται
2260 4609 2273 4661 ι
2305 4608 2371 4659 Ὢ
2399 4607 2594 4674 τάφος,
2619 4604 2686 4658 δι’
2713 4598 2776 4659 οὗ
2808 4605 2937 4668 τοὺς
2968 4604 3327 4674 δερματίνους
3364 4604 3600 4674 χιτῶνας
3641 4604 3748 4654 ἀπ-

2139 4701 2441 4770 εδυσάμην,
2465 4698 2561 4752 καὶ
2590 4697 2690 4769 τὴν
2715 4697 2950 4768 ἀρχαίαν
2967 4696 3340 4768 ἑστολισάμην
3367 4696 3741 4766 εὐπρέπειανί

2144 4796 2208 4846 Ὢ
2232 4794 2404 4861 τάφος
2432 4792 2526 4845 τὸν
2585 4791 2687 4860 τῆς
2740 4791 2892 4860 ζωῆς
2923 4772 3510 4861 πλουτῶννθησαυρδν,
3562 4789 3611 4842 εἰ
3648 4792 3747 4844 καλ⁵

2156 4882 2352 4952 Ἰωσὴφ
2377 4882 2453 4944 ὼς
2497 4881 2710 4934 ἄπνουν
2735 4881 2795 4933 ὲν
2830 4880 2914 4932 σοὶ
2942 4878 3326 4952 κατακρύπτει
3358 4878 3522 4933 αὐτόν
3549 4880 3561 4933 l
3603 4878 3746 4932 Ἀλλ’

2146 4975 2174 5026 ὁ
2211 4974 2309 5043 μὲν
2341 4973 2492 5042 φόϐῳ
2524 4971 2621 5025 καί¹
2645 4971 2795 5042 πόθῳ
2821 4975 2887 5044 τῇ
2924 4970 3123 5042 ἑνούσῃ
3150 4974 3287 5044 τιμῇ
3313 4972 3657 5042 περιστέλλει
3684 4973 3748 5026 τὸ

2151 5067 2312 5137 σῶμα
2351 5066 2412 5120 τὸ
2457 5064 2790 5119 Δεσποτικόν
2815 5081 2830 5096 ⁸
2878 5065 2975 5119 καὶ
3013 5065 3261 5118 Ἰουδαῖοι
3295 5065 3696 5132 σφραγίζουσιν
3727 5079 3745 5096 ο

2150 5160 2212 5211 οὐ
2238 5159 2500 5232 κρατοῦσι
2530 5159 2589 5212 δὲ
2655 5158 2975 5228 σφραγῖδες,
3026 5156 3088 5210 ὃν
3125 5157 3361 5211 θανάτου
3400 5156 3569 5209 πύλαι
3606 5173 3777 5228 κραοι

2141 5252 2304 5320 τῆσαι
2336 5251 2399 5304 ού
2438 5249 2720 5305 δύνανται.
2775 5250 2985 5305 Γύναια
3030 5249 3088 5303 δὲ
3131 5249 3271 5318 μετὰ
3318 5249 3510 5320 μύρων
3550 5249 3626 5312 ὡς
3653 5249 3748 5303 ἐπὶ

2151 5342 2324 5416 >εκρῷ
2366 5342 2449 5415 τῷ
2502 5345 2603 5415 τῆς
2642 5342 2790 5413 ζωῆς
2843 5343 3023 5415 ταμίᾳ,
3094 5341 3430 5413 πορεύεται·
3485 5345 3744 5410 γυναῖκες

2149 5434 2344 5502 σεμναὶ
2373 5450 2390 5466 ο
2441 5433 2703 5505 ἐπαινετὴ
2739 5437 2774 5505 ἡ
2810 5436 3134 5507 προαίρεσις
3160 5451 3175 5464 ·
3208 5434 3350 5505 καλὴ
3404 5437 3439 5506 ἡ
3501 5433 3708 5502 σπουδή

453 5532 609 5576 tuum
637 5521 914 5586 oﬂiciosm,
950 5539 1077 5579 cum
1140 5524 1434 5596 unguentis
1476 5524 1544 5579 ad
1582 5525 1709 5581 vitae
1753 5524 2034 5582 Dominum

2148 5526 2315 5581 καλὸν
2348 5526 2442 5579 ἐπὶ
2473 5527 2562 5579 τὸν
2584 5527 2753 5596 τάφον
2779 5527 3040 5580 σπεύδετε
3063 5543 3077 5557 ο
3100 5525 3241 5579 ἀλλὰ.
3275 5544 3331 5578 τι
3361 5525 3499 5595 μετά
3524 5525 3746 5595 μύρωνς

455 5632 521 5671 ac
543 5615 987 5688 dispensatorem
1029 5624 1164 5673 eunt
1191 5633 1207 5671 ι
1241 5615 1511 5673 mulieres
1538 5617 1808 5686 gravitate
1831 5632 2034 5675 morum

2155 5617 2557 5692 παραπλησίως
2617 5619 2729 5682 τοῖς
2776 5618 3052 5690 μαθηταῖς
3100 5618 3212 5674 τῶν
3249 5619 3350 5688 τῆς
3397 5618 3748 5681 ἀναστάσεως

536 5799 581 5830 ⁸⁵
624 5797 816 5853 Matth.
873 5815 968 5857 xu.
1023 5799 1111 5855 50.
1191 5798 1236 5831 "
1276 5795 1471 5853 Matth.
1523 5813 1659 5854 xm.
1711 5796 1801 5852 ‘22.
