4098 6292
372 370 442 434 85
998 378 1287 440 ORATIO
1326 381 1494 443 VIII.
1518 405 1587 419 -·
1615 383 1698 443 ΙΝ
1735 383 2305 446 DEPOSITIONEM
2342 383 2720 444 CORPORIS
2759 381 3097 442 CHRISTI.
3621 379 3691 441 86

371 483 708 555 ἐπιλέλησθε
734 483 953 556 λόγων;
978 491 1104 553 Τοῖς
1141 492 1240 560 μὲν
1275 493 1423 555 εἰκὸς
1447 494 1763 562 ἐγγίνεσθαι
1788 495 2059 564 λήθην,Α
2091 494 2410 562 conspicuae
2444 517 2455 549 :

369 576 684 649 προσδοκίᾳ
703 579 805 648 τῆς
831 579 942 632 τῶν
999 583 1305 650 μιαιφόνων
1355 584 1661 649 ἐπιθέσεως
1691 585 1989 654 συγχυθέν-

365 664 474 724 τιιὶν
503 670 622 723 τῶν
646 671 934 741 λογισμῶν
960 691 976 706 ο
1005 674 1135 742 ὑμῖν
1167 675 1244 737 δὲ,
1278 676 1443 728 πόθεν
1487 678 1520 744 ἡ
1551 676 1689 746 λήθη
1715 695 1729 742 ;
1771 677 1845 728 Οὐ
1884 675 1991 746 γὰρ

365 761 430 831 δὴ
463 760 565 814 καὶ
593 762 752 840 ὑμᾶς
788 763 1033 816 Ἰουδαῖοι
1062 765 1251 825 κακῶς
1275 769 1452 817 ποιεῖν
1483 767 1776 835 μελετῶσι.
1811 767 1877 818 Τί
1897 763 1994 820 οὖν

375 852 816 924 ἐπιλαϐόμεναι,
841 855 916 919 ὡς
974 856 1069 908 ἐπὶ
1108 857 1289 926 νεκρῷ
1316 856 1394 927 τῷ
1421 859 1551 921 τοὺς
1587 861 1815 928 νεκροὺς
1858 859 1993 911 ἀνα-

366 944 581 999 ϐιοῦντι
642 945 797 1018 μύρα
843 947 1148 1016 κομίζετες
1195 949 1334 1001 Ἀλλ’
1367 950 1416 1001 εἰ
1448 949 1545 1001 καὶ
1587 951 1661 1019 μὴ
1690 950 1993 1018 προσδοκία

363 1037 459 1094 τοῦ
488 1039 702 1092 παθεῖν
733 1040 943 1104 κακῶς,
969 1040 1085 1093 ἀλλ’
1108 1040 1289 1094 ἔοικεν
1330 1043 1363 1110 ἡ
1396 1041 1543 1110 λύπη
1587 1043 1665 1104 εἰς
1707 1043 1767 1092 τὸ
1808 1041 1991 1094 λαθεῖν

366 1133 512 1202 ὑμᾶς
543 1132 659 1201 τὴν
681 1131 979 1186 ἀνάστασιν
1010 1129 1302 1189 διαθεῖναι.
1334 1133 1434 1186 Διά
1473 1133 1634 1186 τοῦτο
1667 1133 1762 1186 καὶ
1793 1133 1859 1186 τὰ
1891 1133 1988 1186 δά-

365 1237 511 1292 κρυα
559 1221 764 1276 πλύνει
804 1223 918 1287 ,τάς
979 1224 1237 1294 παρειάς.
1305 1224 1472 1279 Ἀλλά
1513 1225 1590 1294 μὴ
1643 1224 1988 1276 κλαίετε.ού

363 1315 593 1384 δέχεται
622 1315 884 1387 δακρύων
917 1317 1188 1384 σταγόνας
1211 1317 1315 1386 τῆς
1344 1318 1575 1387 χάριτος
1596 1319 1630 1386 ἡ
1652 1317 1804 1385 πηγή
1826 1335 1839 1347 ·
1865 1314 1989 1368 οὐδὲ

364 1406 538 1460 καλὸν
601 1408 826 1477 ἐπιχεῖν
882 1409 1116 1477 ἐντάφια
1174 1408 1347 1476 μύρα,
1401 1408 1480 1480 τῷ
1519 1409 1620 1478 τὴν
1675 1408 1990 1478 ἀφθαρσίαν

366 1499 739 1564 είιωδιάζοντι
788 1501 998 1572 χωρίῳ.
1060 1501 1258 1570 Ὁρᾶτε
1312 1500 1439 1563 τοὺς
1495 1499 1991 1568 λευχειμονοῦντας

362 1591 736 1661 δορυφόρους.
794 1587 958 1644 Οὗτοι
1024 1593 1155 1655 τοὺς
1202 1590 1583 1658 φυλάσσοντας
1647 1590 1992 1660 στρατιώτας

365 1685 719 1754 ἐνέκρωσαν,
745 1684 838 1737 καὶ
860 1684 960 1757 τὴν
1003 1685 1308 1738 ἀνάστασιν
1356 1682 1452 1736 τοῦ
1497 1684 1837 1753 ζητουμένου
1883 1701 1990 1752 μηο

362 1775 618 1829 νύουσιν.
679 1775 871 1828 Αύτῶν
932 1777 1288 1847 κεκραγότων
1324 1775 1594 1828 ἀκούετε·
1665 1777 1788 1827 Οὐκ
1817 1774 1991 1827 ἔστιν

2513 493 2809 547 laudabilis
2838 495 3093 546 voluntas
3124 530 3140 552 .
3213 489 3535 558 prmclarum
3571 501 3693 546 stu-

2094 588 2245 640 dium
2275 602 2339 639 ae
2384 587 2688 654 diligentia.
2723 586 2865 640 Bene
2893 585 3073 645 habet,
3116 585 3258 652 quod
3281 584 3346 636 ad
3379 585 3693 651 sepulcrum

2095 679 2426 746 preperatis.
2489 678 2633 744 Quid
2688 693 2820 734 vero
2873 694 2997 731 cum
3053 678 3398 744 unguiculis?
3450 674 3587 729 Num
3636 686 3697 728 ut

2095 770 2380 839 discipuli,
2421 785 2740 825 sermonum
2789 769 3220 824 resurrectionis
3272 769 3457 821 oblitae
3506 770 3698 822 estis?

2094 859 2206 914 Illis
2246 862 2468 930 quidem
2506 862 2640 915 nihil
2678 862 2876 914 mirum
2910 870 2968 912 ιιῑ
2993 861 3222 928 obrepat
3254 858 3694 922 oblivio,eorutn

2097 950 2447 1018 perturbatis
2470 951 2671 1005 animis
2696 951 3113 1018 exspectatione
3145 952 3550 1019 parricidarum
3593 951 3694 1004 Ju-

2098 1042 2363 1107 tl:eorum,
2415 1057 2556 1111 quos
2589 1043 2941 1109 SilSplCBﬂllll‘
2990 1042 3254 1107 impetum
3300 1041 3546 1096 facturos
3585 1060 3600 1095 :
3639 1052 3696 1096 at

2094 1137 2244 1190 unde
2279 1136 2437 1191 vobis
2469 1136 2672 1190 oblivio
2701 1137 2725 1189 ?
2756 1133 2865 1189 Nec
2895 1137 3042 1190 enim
3071 1135 3246 1190 Judaei
3282 1138 3439 1190 vobis
3472 1152 3696 1204 qtioque

2097 1232 2298 1283 malum
2342 1229 2550 1284 inferre
2586 1229 2946 1283 meditantur.
2982 1229 3096 1284 Cur
3141 1231 3309 1299 igitur
3348 1229 3532 1284 oblitre
3572 1245 3692 1282 mu-

2094 1323 2276 1383 neris,
2310 1322 2456 1375 velut
2489 1321 2555 1375 ad
2607 1324 2929 1392 ungendum
2973 1333 3272 1386 mortuum,
3312 1322 3361 1375 ei
3416 1329 3693 1390 unguenta

2093 1413 2326 1478 aﬂ'erlis,
2356 1415 2449 1482 qui
2483 1415 2718 1470 mortuis
2749 1415 2916 1470 vitam
2972 1415 3282 1484 suppeditat
3315 1416 3338 1467 ?
3390 1413 3612 1478 Verum,
3645 1413 3693 1468 si

2094 1505 2278 1557 minus
2334 1505 2678 1572 exspectatio
2734 1502 2902 1558 futuri
2947 1505 3125 1569 mali,
3181 1520 3387 1558 ltlt‘Bl‘Ol‘
3433 1515 3604 1565 certe,
3635 1513 3696 1558 ut

2095 1595 2313 1648 videtur
2339 1637 2355 1660 ,
2394 1596 2719 1649 memoriam
2768 1596 2923 1649 vobis
2957 1598 3390 1651 resurrectionis
3438 1597 3692 1652 abstulit.

2092 1679 2366 1746 Quocirca
2396 1681 2653 1753 lacrymae
2678 1677 2845 1738 etiam
2878 1683 3088 1736 vultum
3130 1685 3332 1753 rigant.
3374 1686 3692 1746 Enimve'o.

2099 1770 2271 1824 nolite
2321 1769 2476 1825 ﬂere.
2537 1770 2935 1842 Lacrymarnm
2980 1782 3164 1842 guttas
3226 1775 3350 1828 l'ons
3385 1777 3572 1841 gratia:
3608 1790 3696 1828 re-

360 1859 514 1919 ὧόεο
543 1867 776 1935 ἠγέρθη
833 1867 954 1921 ἀπὸ
1014 1866 1270 1935 νεκρῶν,
1307 1867 1403 1919 καὶ
1439 1868 1622 1935 στήτω
1648 1865 1716 1919 τά
1747 1866 1984 1936 δάκρυα.

2098 1862 2209 1915 nuit
2244 1878 2256 1915 :
2298 1877 2401 1915 nec
2429 1876 2529 1930 par
2561 1873 2668 1924 cst,
2706 1871 2763 1915 ut
2793 1875 3071 1934 unguenta
3109 1867 3359 1919 funebria
3398 1867 3694 1921 :tﬂ'nudatis

364 1958 543 2026 Δεῦρό
580 1977 698 2026 μοι,
736 1960 951 2028 πονηρὰ
991 1959 1264 2013 Ἰουδαίων
1291 1958 1817 2028 ΣυναγωγήίΔεῦρό
1853 1974 1984 2022 μοι,

362 2049 496 2110 λαὸς
526 2049 669 2102 κενὰ
720 2050 1142 2120 φρυαξάμενοςι
1185 2049 1491 2119 Κατάμαθε
1521 2049 1620 2112 τὰς
1662 2047 1990 2117 σφραγῖδας,

363 2139 429 2202 ἃς
461 2138 678 2210 ἔθηκας
698 2157 712 2171 ν
747 2140 1005 2212 ὲπερώτα
1034 2140 1135 2210 τὴν
1167 2140 1529 2202 κουστωδίαν,
1570 2140 1648 2211 ἢν
1694 2138 1992 2208 φυλάσσειν

363 2233 648 2299 διέταξας.
694 2235 808 2288 Ποῦ
874 2235 1025 2287 ἐστιν
1075 2235 1104 2287 ὁ
1165 2231 1482 2304 θησαυρὸς,
1542 2231 1604 2282 ὃν
1651 2229 1981 2300 ὴσφαλίσως

376 2325 742 2397 Ἕρεύνησοεθ,
776 2325 845 2396 ἢν
888 2325 1116 2379 ἐπλάσω
1169 2326 1400 2392 κλοπήν.
1447 2323 1635 2393 Ἔχεις
1690 2323 1842 2392 παρὰ
1907 2321 1990 2374 σοὶ

365 2419 499 2482 τοὺς
571 2422 655 2481 είς
710 2417 922 2488 κλοπὴν
983 2415 1475 2485 διαϐαλλομένους·
1535 2415 1588 2469 οἵ
1631 2432 1694 2482 γε
1735 2414 1992 2466 τοσοῦτον

365 2507 509 2583 ἦσαν
579 2511 725 2578 ὀξεῖς
763 2510 1251 2581 αύτουργήσαντες
1308 2508 1519 2578 κλοπὴν
1560 2506 1659 2576 τὴν
1689 2507 1990 2559 ἀνάστασιν

367 2604 732 2673 όιαφημιεῖν,
773 2601 908 2654 ὥσθ’
948 2593 1153 2669 ἐτέρων
1183 2600 1645 2668 ἀπαγγελλόντων
1689 2598 1861 2669 αὐτὴν
1907 2598 1990 2649 ἔτι

368 2693 833 2765 ὲσκυθρώπαζον,
865 2692 966 2745 οὐκ
986 2692 1276 2754 ἐπαΐοντες
1302 2690 1410 2745 ὑπὸ
1433 2689 1639 2759 πολλῆς
1661 2689 1865 2751 δειλίας
1881 2688 1990 2741 τῶν

371 2787 647 2860 ῥημάτων
681 2787 784 2856 τῆς
817 2785 1219 2853 ἀγαλλιάσεως.
1254 2785 1381 2846 Τοῖς
1429 2783 1799 2856 στρατιώταις
1821 2782 1991 2836 ὕπνον

369 2880 724 2952 πριόαλεῖς,
754 2878 1006 2933 ἐντεῦθεν
1049 2876 1290 2940 ἐλπίζων
1335 2877 1699 2945 συκοφαντεῖν
1726 2876 1825 2946 τὴν
1855 2876 1989 2930 ἀνά-

372 2991 606 3041 στασιν;
671 2971 974 3035 Καθεύδεις
1027 2969 1193 3034 αὐτὸς
1258 2968 1338 3040 τῷ
1393 2969 1506 3023 ὄντι
1575 2970 1670 3021 τὸν
1743 2968 1990 3038 ὀλέθριον

371 3065 568 3132 ὕπνον,
633 3064 710 3137 μὴ
766 3064 1091 3136 βουλόμενος
1139 3063 1243 3126 τὰς
1290 3062 1393 3133 τῆς
1446 3059 1729 3132 σωτηρίας
1761 3062 1990 3124 ἀκτῖνας

373 3159 527 3211 ιδεῖν.

2099 1955 2241 2021 loco,
2285 1955 2382 2022 qui
2414 1954 2850 2010 immortalitatis
2885 1960 3336 2029 suaveolentizun
3385 1960 3570 2012 habet.
3601 1958 3695 2010 Vi-

2099 2047 2221 2101 dete
2244 2048 2483 2102 candida
2521 2057 2675 2103 veste
2716 2049 2958 2118 fulgidos
2993 2052 3280 2106 satellites.
3333 2050 3448 2110 isti,
3490 2053 3694 2104 milites

2101 2139 2364 2195 custodes
2393 2143 2792 2210 prOpemodum
2830 2144 3234 2207 exanimat-unt,
3271 2160 3333 2196 ac
3356 2145 3497 2210 ejus,
3530 2158 3693 2213 quem

2097 2233 2379 2302 quaeritis,
2431 2235 2898 2287 resurrectionem
2970 2236 3322 2290 amnmtiant.
3382 2235 3532 2304 ipsos
3587 2238 3696 2289 cla-

2100 2332 2315 2378 mantes
2349 2324 2537 2377 audite
2576 2341 2590 2377 :
2627 2325 2745 2377 Non
2765 2336 2845 2379 est
2869 2326 2952 2378 hic
2978 2343 2996 2378 :
3020 2329 3253 2380 surrexit
3295 2344 3325 2380 a
3363 2327 3586 2380 mortuis
3613 2326 3689 2391 “;

2094 2416 2326 2486 proinde
2372 2418 2578 2471 sistant
2611 2433 2692 2472 ~ac
2733 2420 3106 2474 cohibeantur
3165 2420 3445 2490 lacrymm.
3489 2420 3695 2474 Adest)

2101 2506 2352 2574 improba
2386 2504 2703 2560 Judaeorum
2744 2508 3052 2579 Syuagoga.
3082 2509 3284 2566 Adesto
3319 2511 3576 2580 pepulus,
3617 2510 3697 2563 in-

2098 2615 2321 2651 cassum
2350 2598 2594 2653 fremens
2623 2602 2635 2653 ἒ
2665 2599 3019 2670 Recognosce
3046 2602 3357 2672 signacula,
3380 2617 3501 2672 qua:
3529 2617 3696 2670 appo.

2099 2691 2282 2745 suisti.
2337 2689 2620 2761 Interroga
2687 2691 2997 2746 custodiam
3033 2734 3049 2757 ,
3117 2708 3285 2764 quam
3345 2691 3695 2748 custodiendi

2099 2798 2268 2836 causa
2327 2784 2651 2853 designasti.
2705 2785 2809 2840 Ubi
2856 2787 3280 2851 e'stthesaurus,
3329 2801 3491 2856 quem
3541 2783 3698 2840 obsi-

2099 2875 2560 2947 gnasti‘Hndaga
2615 2875 2861 2942 furtum,
2915 2879 3063 2947 quod
3114 2879 3452 2932 continxisti.
3486 2875 3694 2930 Tecum

2102 2972 2376 3035 habitant,
2414 2987 2554 3041 quos
2583 2971 2712 3026 furti
2747 2975 3033 3027 insimulas
3059 2993 3072 3027 :
3098 2975 3192 3042 qui
3223 2973 3482 3028 nimirum
3511 2987 3698 3043 prom—

2101 3063 2178 3132 pti
2201 3061 2340 3116 adeo
2372 3062 2437 3114 ad
2469 3061 2676 3114 furtum
2709 3063 3068 3117 committch
3083 3080 3197 3129 um,
3235 3079 3298 3118 ac
3331 3062 3697 3119 resurrectio-

2099 3167 2227 3208 nem
2258 3153 2651 3221 divulgandam
2689 3153 2912 3208 fuerunt
2939 3195 2954 3219 ,
2981 3165 3040 3207 ut
3075 3170 3196 3208 cum
3229 3156 3392 3209 etiam
3427 3155 3516 3209 alii
3551 3169 3702 3210 nun-

372 3251 584 3305 tiarent
616 3291 633 3317 ,
688 3247 796 3318 ipsi
852 3247 1220 3302 nihilominus
1250 3261 1493 3300 maerore
1555 3244 1990 3306 conﬁcerentur,
2031 3244 2294 3300 admissis
2368 3260 2484 3314 pra:
2570 3246 2742 3299 multa
2798 3245 3091 3302 formidine
3135 3248 3484 3304 sermonibus
3543 3234 3697 3303 omni

370 3343 754 3400 exsultatione
795 3339 1044 3394 refertis.
1087 3338 1290 3394 Milites
1323 3338 1655 3394 dormivisse
1708 3340 1986 3400 causaris,
2029 3353 2285 3408 sperans.
2331 3338 2414 3392 vel
2447 3337 2555 3393 hac
2600 3339 2819 3393 ratione
2883 3342 3352 3407 reSnrrectionem
3417 3341 3697 3398 calumnia

371 3451 671 3511 aspersum
704 3434 776 3489 iri
808 3433 927 3487 tAt
963 3448 1159 3488 revera
1205 3433 1422 3487 dormis
1455 3433 1575 3500 ipse
1608 3433 1989 3501 perniciosum
2031 3445 2313 3493 somnum,
2349 3429 2447 3500 qui
2479 3432 2679 3489 salutis
2707 3434 2894 3488 radios
2922 3434 3065 3488 nolis
3109 3435 3334 3490 intueri.

459 3529 624 3585 Ἀλλά
667 3527 774 3598 γὰρ
827 3525 1117 3590 Ἰουδαίους
1179 3523 1362 3594 ἐῶμεν
1407 3523 1485 3593 τῷ
1533 3523 1746 3576 ἑαυτῶν
1809 3523 1988 3594 σκότῳ

2173 3521 2373 3577 Verum
2418 3523 2645 3581 .Iudaaos
2700 3527 2819 3580 suis
2852 3526 3001 3592 ipsos
3034 3527 3275 3581 tenebris
3310 3525 3586 3582 oti‘eudere
3619 3529 3697 3583 si-

376 3624 792 3697 προσκόπτειν·
863 3618 1201 3688 διεφημίσθη
1258 3618 1369 3687 γάρ
1425 3615 1570 3669 οὕτω
1633 3617 1766 3687 παρ’
1805 3617 1993 3678 αὐτοῖς

380 3720 545 3792 μέχρι
561 3718 661 3788 τῆς
687 3716 951 3786 σήμερον.
977 3713 1319 3784 Τιμήσωμεν
1339 3711 1510 3765 δὲκαὶ
1532 3712 1695 3780 ἡμεῖς
1717 3711 1816 3779 τὴν
1838 3709 1990 3763 θείαν

373 3815 560 3883 ταφήν
580 3827 592 3838 ·
615 3809 926 3877 τιμήσομεν
957 3805 1035 3868 δὲ,
1060 3806 1161 3857 οὐκ
1182 3804 1394 3866 ὀθόναις
1429 3803 1593 3856 αὑτὸν
1609 3800 1990 3870 περιστέλλον-

375 3921 490 3968 τες,
528 3900 649 3955 οὐδὲ
677 3901 836 3969 τάφῳ
857 3897 1244 3959 κατατιθέντες
1268 3914 1280 3927 ν
1309 3898 1457 3962 ἅπαξ
1501 3897 1611 3966 γὰρ
1655 3895 1814 3947 τοῦτο
1849 3893 1992 3964 ὑπὲρ

375 3995 470 4051 τοῦ
508 3993 874 4060 σκυλευθῆναι
895 3992 986 4043 τὸν
1018 3990 1154 4060 ᾅδην
1180 3988 1289 4041 ἔδει
1309 3989 1587 4058 γενέσθαι,
1615 3987 1713 4041 καὶ
1731 3987 1956 4056 γέγονεν
1977 4002 1992 4017 ·

377 4084 495 4138 ἀλλ’
516 4083 672 4156 ἡμᾶς
701 4079 903 4144 αὐτοὺς
935 4078 1362 4150 περιϐάλλοντες
1393 4079 1641 4148 ἀρεταῖς.
1682 4077 1856 4147 Σῶμα
1880 4077 1991 4148 γὰρ

377 4178 529 4248 ἡμᾶς
560 4177 590 4227 ό
626 4171 910 4242 Δεσπότης
937 4170 1026 4222 διὰ
1064 4169 1159 4224 τού
1209 4169 1479 4238 ταφέντος
1520 4169 1616 4221 καὶ
1656 4167 1992 4232 ἀναστάντος

379 4268 609 4336 ἐποίησε
654 4263 952 4335 σώματος*
1019 4265 1101 4328 εἰς
1190 4263 1328 4334 μέλη
1398 4261 1701 4326 κατέταξεν
1747 4260 1944 4315 ἑαυτοῦ
1974 4275 1989 4290 '

380 4359 508 4414 ναὸν
538 4358 950 4412 κατεσκεύασεν
996 4356 1196 4427 ἐαυτῷ.
1262 4355 1652 4424 Κοσμήσωμεν
1697 4351 1994 4424 τοιγαροῦν

379 4453 473 4504 τὸν
511 4450 642 4504 ναδν
670 4446 766 4502 τοῦ
796 4448 955 4512 Θεοῦ,
984 4449 1040 4502 οῖ
1102 4448 1253 4511 τινές
1300 4449 1479 4518 ,ὲσμεν
1514 4449 1699 4515 ἡμεῖς.
1726 4446 1882 4499 Ὅσοι
1911 4444 1990 4516 τῷ

582 4543 684 4611 τῆς
721 4542 977 4611 νηστείας
1007 4541 1107 4610 τῆς
1156 4539 1434 4610 παντίμου
1475 4539 1683 4609 κρόκης
1718 4538 1826 4591 τῶν
1857 4537 1989 4606 ἀρε-

378 4634 487 4688 τῶν
513 4633 710 4703 στολὴν
748 4634 1015 4702 ἐποίησαν
1046 4633 1280 4694 ἑαυτοῖς,
1315 4632 1411 4684 καὶ
1432 4630 1636 4699 ταύτην
1653 4630 1985 4699 ἐγρηγορότι

379 4726 628 4796 λογισμῷ
668 4725 923 4793 καθαρὰν
972 4723 1194 4794 κηλῖδος
1234 4722 1538 4792 ἐτήρησαν,
1594 4720 1857 4790 μακάριοι
1888 4719 1990 4786 τῆς

385 4815 720 4888 περιῦολῆςο
755 4818 817 4866 οὐ
869 4815 1032 4884 μόνον
1078 4812 1168 4865 διὰ
1219 4813 1322 4880 τὴν
1364 4811 1575 4863 ἐκεῖθεν
1626 4810 1806 4874 δόξαν,
1851 4809 1989 4862 ἀλλὰ

382 4907 476 4965 καὶ
530 4910 600 4964 δι’
668 4902 744 4962 ὧν
795 4906 1050 4959 ἐντεῦθεν
1078 4904 1150 4969 ὡς
1185 4903 1303 4972 φῶς
1334 4905 1393 4956 ὲν
1429 4905 1621 4974 κόσμῳ
1678 4901 1988 4970 φαίνουσιν.

391 5005 551 5059 Ὅσοι
602 5002 650 5056 δ’
708 5001 1017 5070 ἀμόλυντον
1065 4998 1240 5067 αὐτὴν
1299 4999 1400 5050 οὐκ
1431 4995 1629 5066 ἔχομεν
1669 4993 2000 5064 διαφυλάξαι

389 5099 496 5152 τῶν
523 5095 799 5170 βιωτικῶν
844 5095 1077 5156 σπίλων,
1115 5091 1232 5146 ἀλλ’
1284 5091 1446 5160 ἡμεῖς
1499 5104 1564 5156 γε
1601 5089 1696 5142 καὶ
1754 5088 2000 5158 σήμερον

389 5186 816 5259 ἔκπλυνώμεθα.
872 5185 1137 5254 Ἕτοιμος
1198 5180 1548 5252 βουλομένοις
1598 5181 1633 5248 ἡ
1697 5177 1998 5248 κάθαρσιςο

391 5281 520 5353 παρ’
557 5280 697 5351 ἡμῖν
753 5278 825 5332 τά
877 5276 1098 5348 ῥεῖθρα·
1134 5276 1196 5327 ού
1250 5274 1418 5344 δεήσῃ
1465 5273 1595 5342 παρ’
1626 5271 1789 5325 ἄλλου
1820 5268 1998 5324 ταῦτα

355 5372 597 5444 ζητεῖν.
659 5370 954 5439 Rapidus
1010 5366 1122 5420 τὸν
1164 5363 1419 5434 γυμνὸν,
1464 5358 1545 5425 οἷς
1575 5361 1665 5415 διὰ
1718 5362 1778 5415 σὲ
1837 5359 1995 5433 ὤφθη

390 5464 616 5536 γυμνὸς,
645 5465 682 5516 ὁ
725 5460 853 5531 φῶς
890 5461 974 5526 ὡς
1013 5458 1249 5530 ιμάτιον
1274 5455 1795 5524 περιϐαλλόμενος
1817 5470 1833 5486 ο
1898 5453 1991 5516 δὺς

389 5554 649 5611 πεινῶντι
665 5551 899 5625 τροφὴν,
921 5553 952 5606 ό
968 5549 1116 5620 λιμῷ
1153 5548 1509 5611 κινδυνεύων,
1546 5547 1644 5600 καί
1667 5545 1750 5610 τῷ
1771 5544 1844 5610 ἐξ
1889 5546 1994 5598 οὐ·

380 5644 573 5720 ρανοῦ
625 5645 955 5702 καταϐάντι
985 5641 1144 5712 ἄρτῳ
1188 5641 1435 5712 τραφείς
1459 5656 1471 5670 ·
1512 5639 1678 5692 λῦσον
1724 5638 1824 5710 τὴν
1849 5637 1996 5692 κατὰ
2036 5713 2042 5719 _

458 5829 502 5867 δ’
535 5825 730 5883 Matth.
788 5819 1060 5889 xxvnt,5.
1134 5822 1178 5854 "
1217 5819 1638 5884 Mantuam",
1676 5818 1758 5873 l5.

1868 5817 1915 5852 ⁸⁸
1941 5815 1962 5872 ί
1991 5817 2116 5875 Cor.
2151 5833 2231 5880 ιιι,
2268 5819 2350 5872 l7.

2100 3628 2300 3668 namus
2336 3615 2403 3669 ".
2441 3613 2533 3668 Sic
2555 3616 2704 3669 enim
2739 3615 3083 3684 divulgatum
3111 3624 3195 3671 est
3228 3617 3371 3686 apud
3399 3633 3493 3672 eos
3518 3633 3698 3690 usque

2098 3708 2167 3759 ad
2211 3705 2542 3760 hodiernum
2572 3707 2742 3761 diem.
2778 3708 3128 3761 Honoremus
3178 3723 3306 3763 vero
3345 3725 3444 3764 nos
3466 3694 3698 3781 quoque

2099 3799 2343 3852 divinam
2399 3799 2764 3869 sepulturam.
2797 3799 3209 3854 Honorahimus
3259 3810 3466 3865 autem,
3500 3817 3608 3858 non
3647 3805 3696 3860 si

2101 3891 2288 3944 linteis
2322 3898 2602 3945 mortuum
2648 3892 3019 3966 involvamns,
3059 3901 3153 3946 aut
3199 3895 3454 3960 sepulcro
3482 3896 3697 3950 conda-

2100 3996 2226 4036 mus
2255 3998 2272 4047 ;
2305 3981 2411 4034 hoc
2451 3981 2600 4035 enim
2631 3981 2802 4036 semel
2835 3981 2951 4036 ﬂeri
2986 3982 3279 4052 Oportebat
3326 3992 3384 4038 ut
3439 3983 3695 4042 internus

2101 4072 2460 4141 spoliaretur,
2492 4087 2558 4128 ac
2585 4071 2791 4127 factum
2813 4081 2901 4128 est
2931 4090 2947 4140 ;
2985 4074 3078 4128 sed
3110 4074 3156 4128 si
3205 4089 3306 4129 nos
3342 4076 3491 4145 ipsos
3519 4077 3694 4130 virtu-

2103 4167 2255 4224 tibus
2290 4181 2651 4222 exornemus.
2694 4165 2808 4222 Nos
2858 4165 3006 4221 enim
3047 4165 3312 4221 Dominus
3360 4178 3550 4222 noster
3596 4185 3696 4238 per

2095 4275 2324 4330 corpus,
2355 4258 2505 4324 quod
2529 4257 2806 4327 sepultum
2838 4268 2922 4314 est
2961 4267 3015 4311 et
3045 4260 3365 4324 resurrexit,
3391 4276 3552 4314 suum
3578 4261 3694 4316 etii-

2095 4354 2250 4407 ciens
2279 4365 2506 4421 corpus,
2535 4350 2774 4420 propriis
2805 4351 3380 4421 membrisascripsit,
3409 4368 3473 4405 ac
3496 4352 3601 4408 sibi
3635 4353 3693 4411 in

2096 4443 2360 4512 templum
2390 4441 2665 4496 exstruxit
2695 4441 2762 4493 ⁸⁸.
2813 4440 3183 4497 Perornemus
3207 4442 3395 4513 itaque
3429 4446 3690 4514 templum

2098 4534 2216 4597 Dei,
2258 4532 2406 4603 quod
2440 4547 2637 4587 smnus
2667 4547 2795 4589 nos.
2847 4531 3177 4602 Quicunque
3211 4533 3408 4603 jejunii
3449 4545 3694 4604 tempore

2099 4630 2296 4682 stolam
2342 4624 2448 4678 sibi
2496 4639 2562 4681 ex
2611 4624 2764 4677 varia
2811 4623 3079 4676 virtutum
3133 4632 3350 4677 textura
3396 4628 3698 4678 concinna-

2101 4729 2252 4782 runt,
2303 4732 2540 4786 eamque
2591 4717 2842 4785 vigilanti
2878 4718 3067 4770 studio
3111 4725 3305 4786 puram
3343 4717 3483 4770 labis
3511 4725 3698 4769 custo-

2102 4811 2347 4873 dierunt,
2404 4809 2442 4862 ii
2476 4824 2605 4864 vere
2632 4808 2755 4878 ejus
2793 4809 2968 4878 gratia
2995 4807 3232 4863 amictus
3276 4808 3421 4862 beati
3451 4825 3467 4874 ;
3498 4817 3698 4862 nedum

2107 4913 2330 4974 prepter
2379 4902 2636 4972 gloriam,
2693 4916 2815 4970 quae
2861 4900 2915 4954 in
2962 4902 3105 4956 cmlo
3149 4907 3430 4977 speratur,
3503 4915 3698 4955 verum

2100 4997 2266 5049 etiam
2313 4995 2462 5063 quod
2506 4993 2597 5048 hic
2632 4993 2785 5047 velut
2821 4994 3012 5047 lumen
3066 4992 3315 5062 fulgeant
3373 4995 3430 5048 in
3468 4992 3695 5047 mundo.

2101 5083 2428 5153 Quicunque
2486 5097 2622 5138 vero
2680 5084 2947 5139 intactam
3002 5098 3066 5138 ac
3127 5085 3619 5139 incontaminatam
3665 5098 3698 5138 a

2103 5176 2294 5230 mundi
2341 5176 2507 5245 hujus
2560 5176 2996 5246 inquinamentis
3042 5191 3154 5232 non
3201 5175 3696 5241 eonservavimus,

2105 5267 2188 5322 vel
2217 5267 2412 5322 saltem
2469 5267 2634 5322 hodie
2664 5278 2882 5322 nosmet
2908 5283 3298 5339 expurgemns.
3346 5265 3405 5321 In
3439 5278 3698 5338 promptu

2103 5367 2189 5431 est
2245 5359 2598 5426 cupientibus
2648 5359 2988 5415 emundatio.
3047 5357 3107 5414 in
3169 5368 3355 5414 ucstra
3413 5359 3695 5413 lavacrum

2103 5451 2271 5504 situm
2338 5458 2424 5505 est
2491 5459 2765 5519 potestate
2800 5493 2816 5518 ,
2877 5466 2977 5507 nec
3025 5468 3165 5523 opus
3219 5451 3440 5506 aliunde
3489 5462 3693 5521 petere.

2108 5542 2269 5612 Operi
2296 5543 2500 5597 nudum
2526 5543 2594 5605 ⁸⁸,
2640 5545 2854 5599 idcirco
2895 5545 3023 5615 quia
3058 5547 3132 5600 tui
3170 5561 3338 5600 causa
3379 5549 3560 5599 nudus
3592 5560 3696 5615 aps

2103 5635 2355 5708 paruerit
2388 5636 2500 5704 ille,
2533 5637 2628 5708 qui
2659 5640 2886 5691 amictus
2914 5649 2994 5693 est
3023 5638 3217 5693 (utninc
3243 5641 3375 5692 ιὶιίιι
3411 5639 3694 5694 vestimen-

2430 5819 2472 5850 ⁶⁹
2505 5817 2602 5871 lsa.
2636 5835 2793 5880 ιιιιιι.
2825 5819 2877 5873 7.
