4098 6292
320 274 390 335 89

990 281 1273 343 ORATIO
1313 283 1517 344 IX..--
1568 287 1650 346 IN
1682 287 2274 351 EXALTATIONEM
2315 294 2620 354 SANCTE
2650 298 2947 358 CRUCIS.

3558 312 3629 372 90

320 384 442 446 θαν,
476 382 614 436 ἀλλά
646 382 745 439 νῦν
774 384 960 441 οὐκέτι
1026 406 1118 458 μοι
1172 392 1458 461 τριϐόλους
1488 397 1584 450 καὶ
1618 398 1862 460 ἀκάνθας
1894 402 1917 467 ἦ

2035 400 2178 465 loco,
2227 404 2385 471 quasi
2442 420 2542 472 pro
2576 407 2848 469 mercede,
2897 408 3084 477 spinas
3122 410 3253 465 mihi
3300 413 3633 474 submitten-

317 475 392 543 γῆ
424 475 709 541 ἀνατελεῖ,
724 479 835 531 οὐδ’
864 481 1274 553 ἐπικατάρατος
1308 487 1366 538 ἐν
1403 490 1518 551 τοῖς
1548 489 1732 559 ἐργοις
1754 491 1929 545 ἔσται.

327 568 397 620 Ἠ
426 570 541 639 γὰρ
564 570 663 623 τοῦ
689 570 851 636 ξύλου
902 574 1090 642 φύσις,
1148 577 1217 629 δι’
1266 571 1328 633 οὗ
1362 580 1536 635 ταῦτα
1588 585 1927 654 ἐχορηγεῖτο,

316 659 416 731 τὴν
482 664 749 734 εὐφορίαν
794 683 887 734 μοι
943 669 1052 721 τῶν
1098 670 1296 737 ,καλῶν
1374 675 1733 746 ἐχορήγησεν.
1785 678 1936 732 Ἀντ-

318 753 576 825 εστράφη
634 757 850 810 πάνταο
888 759 921 829 ἡ
972 759 1116 831 λύπη
1148 764 1229 825 εἰς
1265 766 1502 835 χαρμὸν,
1534 771 1566 835 ἡ
1596 770 1811 841 κατάρα
1851 774 1931 834 εἰς

316 842 625 915 εὐλογίαν,⁵
645 848 678 916 ἡ
710 848 919 902 ἄκανθα
940 853 1021 912 είς
1050 854 1264 921 καρπὸν
1288 855 1529 923 ἥδιστον.
1569 858 1740 913 Τοῦτο
1764 863 1926 931 μόνον

314 932 708 1005 ἀμετάὸλητον
738 936 976 1007 ἔμεινεν,
1004 942 1036 1008 ἡ
1076 942 1172 995 τοῦ
1210 945 1408 1013 ἐχθροῦ
1446 947 1532 1015 ἐφ’
1563 942 1647 1012 οἷς
1690 951 1792 1021 ἐμὲ
1838 971 1930 1005 κα-

315 1023 431 1096 κῶς
455 1026 682 1097 διέθηκε
718 1032 983 1101 τιμωρία”
1022 1032 1101 1086 ἐτι
1145 1036 1239 1088 ἐπὶ
1264 1038 1473 1093 κοιλίαν
1498 1041 1526 1094 ὁ
1567 1042 1779 1106 σκολιὸς
1802 1044 1927 1112 ὄφις

313 1117 503 1189 ῑρπει.
537 1120 648 1173 Τοῦ
680 1122 791 1193 γὰρ
816 1123 961 1176 θείου
985 1124 1156 1195 ὕψους
1214 1128 1357 1183 ἑκὼν
1390 1133 1448 1184 ἐν
1480 1133 1799 1188 ἀποπτώσει
1826 1153 1920 1205 γε,
1951 1216 1955 1219 Δ

312 1211 552 1284 νόμενος
574 1214 675 1266 οὐκ
699 1213 766 1266 ἂν
801 1216 1060 1271 οὐδέποτε
1104 1218 1206 1289 τῆς
1242 1224 1417 1291 χαμαὶ
1478 1228 1789 1296 συρομένης
1822 1247 1926 1283 κα-

311 1302 445 1366 κίας
473 1305 791 1360 ἀνανεύσει.
823 1309 945 1361 Ἔτι
964 1310 1057 1362 τὸν
1091 1312 1219 1381 χοῦν
1244 1316 1414 1368 ἐσθίει
1440 1318 1538 1389 τὴν
1575 1318 1799 1389 βαρεῖαν
1829 1324 1923 1374 καὶ

312 1397 735 1465 συμπιέζουσαν
799 1401 962 1453 αὐτὸν
1007 1402 1220 1469 ὀδύνην,
1268 1407 1387 1458 ἀνθ’
1429 1402 1503 1460 ὧν
1529 1411 1798 1481 ἐπειράθη
1828 1413 1922 1467 τὸν

309 1488 401 1541 διὰ
434 1490 727 1560 σπλάγχνα
779 1492 963 1549 ἐλέους
1017 1495 1082 1546 ἐκ
1131 1496 1256 1564 χοὸς
1284 1499 1363 1558 είς
1406 1499 1559 1553 θείαν
1605 1503 1920 1572 ἀνηγμένον
1962 1486 1965 1489 ’

313 1580 728 1649 μακαριότητα,
763 1580 925 1634 πάλιν
978 1583 1060 1645 είς
1096 1584 1223 1653 χοῦν
1259 1591 1615 1655 καταγαγεῖν.
1640 1591 1825 1645 Ταῦτα
1857 1594 1923 1664 δὴ

308 1670 519 1733 ταῦτα,
550 1674 584 1741 ἡ
611 1672 705 1724 τοῦ
762 1674 960 1744 ἐχθροῦ
1008 1677 1040 1745 ή
1107 1678 1331 1746 δριμεῖα
1373 1681 1533 1752 ὀδύνη
1569 1683 1762 1748 ἀλύτος
1799 1686 1917 1739 δια-

310 1762 495 1832 μένει,
526 1765 559 1834 ἡ
590 1766 1255 1841 ἐκείνουάπαραμύθητος
1280 1751 1637 1846 στενοχωρία,
1661 1777 1758 1831 ἅδ’
1785 1780 1918 1850 ἡμῖν
1953 1751 1995 1808 Β

308 1857 690 1928 στενοχωρίαν
724 1859 924 1925 ἐποίει,
980 1861 1061 1923 είς
1118 1864 1342 1933 εὐρεῖαν
1388 1867 1654 1938 μετῆλθεν
1712 1869 1919 1929 ἄνεσιν.

320 1946 468 2002 Ἀλλ’
493 1947 561 2021 ἦν
583 1948 691 2021 ἄρα
715 1951 808 2004 καὶ
840 1950 998 2005 τοῦτο
1038 1953 1188 2018 θείας
1222 1956 1575 2028 κηδεμονίας,
1629 1960 1706 2032 μὴ
1754 1963 1919 2032 μόνον

304 2043 587 2112 οἰκτεῖραι
620 2043 712 2096 τὸν
747 2042 991 2098 παθόντα
1021 2047 1227 2111 κακῶς,
1269 2050 1403 2118 μηδὲ
1433 2050 1617 2106 δοῦναι
1641 2054 1740 2126 τὴν
1765 2055 1918 2109 ἐλευο

307 2133 507 2204 θερίαν
536 2134 645 2186 τῶν
678 2136 1195 2207 περιστοιχιζόντων
1222 2141 1487 2213 ἀνιαρῶν,
1524 2144 1664 2198 ἀλλὰ
1695 2147 1920 2201 κάκεῖνο

304 2225 374 2279 δι’
410 2220 477 2279 οὗ
514 2229 615 2297 τῆς
639 2227 815 2297 λύπης
852 2230 1159 2301 ήάφορμὴ,
1215 2235 1297 2297 είς
1328 2236 1504 2289 αἴτιον
1543 2240 1915 2313 μεταποιῆσαι

310 2319 705 2389 φαιδρότητος,
751 2324 847 2375 καὶ
889 2315 953 2375 οῦ
998 2325 1068 2378 δι’
1120 2327 1149 2378 ό
1193 2327 1389 2397 ἐχθρὸς
1426 2329 1554 2399 ἔσχε
1581 2332 1822 2401 τρῶσαι,
1842 2332 1913 2387 δι’

307 2412 530 2465 ἐκείνου
558 2414 778 2484 καιρίαν
805 2414 1115 2470 ἀντιδοῦναι
1142 2418 1316 2489 αὐτῷ,
1345 2420 1515 2483 ὅςνῦν
1531 2422 1688 2477 ἀλύει
1712 2425 1917 2480 στένων

306 2504 408 2555 καὶ
470 2504 800 2573 ὀδυρόμενος
849 2506 935 2561 διὰ
994 2508 1178 2575 ξύλου,
1229 2504 1274 2577 ᾧ
1310 2512 1504 2585 πρώην
1555 2516 1655 2584 ἐμὲ
1701 2518 1919 2586 φυγάδα

307 2596 676 2667 κατέστησεν.
717 2599 961 2667 Ἕφυγον
1004 2602 1114 2672 γὰρ
1157 2602 1222 2655 ἐκ
1268 2605 1569 2674 προσώπου
1622 2608 1780 2675 Θεοῦ,
1819 2611 1918 2682 τὴν

306 2689 600 2759 γύμνωσιν
638 2692 1083 2763 συναισθόμενος,
1140 2694 1236 2747 νῦν
1278 2698 1443 2750 αὑτὸν
1476 2701 1919 2771 φυγαδευόμενον

307 2783 424 2835 ἀπὸ
459 2784 644 2853 πάσης
668 2785 900 2848 κτίσεως
923 2787 1198 2857 καθορῶν,
1222 2791 1315 2843 καὶ
1344 2791 1465 2845 ἀνθ’
1516 2785 1592 2846 ὧν
1638 2793 1751 2861 ἐγὼ
1792 2795 1918 2849 τότε

307 2875 533 2942 φύλλων
585 2877 687 2938 εἰς
732 2876 989 2947 βοήθειαν
1055 2880 1305 2950 ἐδεήθην,
1361 2883 1572 2952 γυμνὸς
1625 2881 1782 2950 οὗτος
1820 2886 1918 2941 καὶ

313 2966 535 3039 ἕρημος
573 2969 756 3038 πάσης
790 2969 1049 3041 βοηθείας
1088 2972 1406 3042 πορεύεται,
1450 2976 1614 3029 Ἀλλά
1658 2978 1754 3031 νῦν
1797 2978 1910 3049 ἐγὼ

2037 498 2145 543 tem
2186 508 2198 544 :
2234 487 2439 561 atjar'n.
2470 503 2615 549 terra
2643 511 2753 551 non
2785 500 3025 569 amplius
3052 503 3289 559 tribulos
3327 515 3381 559 et
3435 510 3627 578 spinas

2045 580 2309 648 proferet,
2366 598 2543 653 neque
2592 588 2880 641 maledicta
2914 590 2969 643 in
3020 593 3279 661 operibus
3316 596 3441 652 erit.
3488 596 3625 653 Nam

2034 680 2229 725 natura
2265 673 2421 744 ligni,
2451 690 2561 744 quo
2585 678 2713 731 talia
2739 679 3309 739 subministrabantur
3331 731 3345 752 ,
3381 687 3632 742 fecundi-

2026 771 2205 818 talem
2259 768 2653 834 praeclarorum
2708 770 2992 827 fructuum
3045 778 3179 830 mihi
3232 780 3622 848 suppeditavit.

2040 852 2322 909 Conversa
2355 865 2485 911 sunt
2512 860 2693 913 omnia
2730 878 2746 913 :
2781 864 3007 918 tristitia
3038 866 3090 919 in
3127 870 3411 937 gaudium,
3450 872 3625 924 male,

2033 945 2205 999 dictio
2242 950 2294 1001 in
2334 948 2793 1020 benedictionem,
2817 957 2977 1023 spina
3004 958 3059 1011 in
3092 959 3472 1017 dulcissimum
3511 964 3625 1016 fru-

2032 1048 2205 1092 ctum.
2276 1039 2402 1096 Sola
2479 1044 2845 1102 immutabilis
2908 1052 3175 1104 remansit
3240 1068 3449 1121 paena,
3514 1070 3623 1124 qua

2034 1128 2300 1184 multatus
2321 1139 2404 1186 est
2422 1131 2620 1199 hostis,
2639 1136 2710 1190 ob
2731 1151 2817 1200 ea,
2838 1152 2962 1206 quae
2979 1139 3121 1193 male
3153 1140 3206 1193 in
3238 1156 3325 1196 me
3351 1152 3618 1217 patr-arat.

2032 1218 2152 1275 1am
2201 1238 2369 1293 supra
2402 1236 2646 1280 ventrem
2694 1227 2943 1283 lubricus
2977 1245 3205 1298 serpens
3244 1235 3437 1301 serpit.
3482 1234 3618 1289 Cum

2032 1316 2178 1369 enim
2206 1330 2273 1369 ex
2305 1316 2487 1381 divina
2509 1318 2601 1371 illa
2619 1320 2945 1374 celsitudine
2972 1331 3167 1391 sponte
3190 1326 3479 1391 exciderit,
3510 1344 3619 1383 non

2030 1407 2268 1473 amplius
2313 1407 2596 1470 abdicabit
2656 1426 2778 1466 sese
2818 1413 3048 1475 malitia,
3083 1430 3206 1483 qua:
3266 1416 3419 1471 humi
3456 1423 3616 1489 repit.

2034 1494 2259 1551 Terram
2286 1498 2465 1553 adhuc
2485 1503 2725 1555 comedit
2743 1518 2962 1572 gravem
2988 1505 3159 1571 illam,
3178 1490 3300 1577 qua:
3318 1508 3370 1564 ei
3400 1510 3618 1567 dolores

2028 1590 2310 1653 conciliat,
2344 1592 2409 1643 eo
2429 1593 2571 1660 quod
2604 1604 2838 1651 conatus
2870 1597 2962 1661 sit,
2994 1614 3143 1663 eum,
3175 1603 3267 1671 qui
3290 1617 3384 1670 per
3405 1605 3618 1659 viscera

2028 1680 2428 1735 misericordia;
2458 1698 2521 1736 ex
2554 1685 2685 1738 limo
2720 1693 2880 1740 terrae
2913 1688 2979 1742 ad
3015 1692 3294 1747 caelestem
3331 1694 3619 1750 beatitudi-

2024 1786 2147 1824 nem
2168 1782 2395 1827 evectus
2420 1786 2558 1840 erat,
2578 1792 2774 1834 rursus
2792 1779 2859 1832 ad
2882 1779 3069 1834 limum
3100 1790 3259 1837 terra
3280 1784 3572 1842 detrudere
3597 1806 3614 1856 ;

2026 1872 2081 1915 et
2114 1865 2227 1917 haec
2268 1866 2493 1933 quidem
2535 1868 2611 1921 ita
2658 1884 2718 1925 se
2750 1869 2976 1926 habent.
3008 1872 3234 1930 Interim
3264 1878 3618 1936 incessabilis

2023 1954 2115 2008 ille
2153 1955 2310 2010 dolor
2334 1965 2390 2012 et
2438 1959 2852 2017 inconsolabilis
2882 1964 3103 2021 afﬂictio
3132 1977 3187 2023 et
3214 1984 3459 2025 aerumna
3493 1989 3608 2044 per-

2022 2048 2189 2116 petim
2236 2048 2445 2115 durat;
2500 2068 2622 2123 quae
2660 2071 2789 2109 vero
2821 2058 2977 2113 nobis
3020 2073 3280 2131 angorem
3323 2067 3611 2131 creabant,

2022 2138 2118 2192 illa
2157 2139 2212 2194 in
2247 2142 2492 2210 requiem
2533 2153 2591 2199 et
2619 2147 3030 2214 pacatissimam
3079 2154 3476 2211 relaxationem
3506 2159 3609 2214 de-

2021 2230 2254 2286 sierunt.
2276 2233 2477 2289 Verum
2496 2237 2640 2292 enim
2660 2222 2909 2299 veroltoc
2925 2242 3166 2298 divinam
3194 2246 3605 2306 Providentiam

2020 2325 2273 2395 decebat,
2318 2340 2378 2383 ut
2411 2346 2519 2384 non
2551 2333 2730 2387 solum
2768 2337 2908 2390 male
2942 2337 3196 2394 affectum
3227 2345 3611 2411 miseraretur,

2023 2427 2077 2472 et
2119 2433 2148 2472 a
2193 2421 2729 2481 circumsistentibus
2778 2427 3143 2489 incommodis
3196 2434 3472 2503 liberaret,
3516 2443 3611 2496 sed

2023 2517 2083 2562 ut
2113 2511 2163 2566 id
2198 2527 2417 2582 quoque
2442 2554 2457 2576 ,
2513 2518 2660 2586 quod
2692 2521 2913 2575 occasio
2942 2520 3150 2577 doloris
3180 2525 3307 2589 fuit,
3346 2529 3398 2583 in
3442 2544 3613 2588 mate-

2021 2602 2159 2655 riam
2194 2605 2490 2662 hilaritatis
2515 2619 2903 2676 commutaret,
2925 2624 2978 2668 et
3010 2630 3104 2683 per
3135 2617 3186 2671 id
3217 2634 3326 2689 quo
3355 2622 3611 2679 inimicus

2023 2694 2257 2761 laeserat,
2291 2698 2410 2766 ipse
2444 2701 2688 2755 vicissim
2716 2702 2921 2758 letbale
2948 2710 3148 2762 vulnus
3174 2712 3473 2782 acciperet,
3509 2718 3606 2787 qui
3634 2716 3635 2719 “

2021 2802 2170 2841 nunc
2221 2790 2445 2845 oberrat
2505 2808 2730 2863 gemens
2780 2804 2835 2850 et
2870 2797 3087 2867 ejulans
3144 2802 3410 2877 beneficio
3453 2808 3608 2879 ligni,

2020 2893 2129 2948 quo
2162 2895 2251 2935 me
2280 2890 2442 2937 antea
2476 2886 2771 2955 profugum
2802 2887 3027 2944 fecerat.
3066 2891 3202 2963 Fugi
3234 2894 3379 2955 enim
3413 2913 3443 2951 a
3472 2897 3610 2956 facie

2021 2970 2116 3026 Dei
2172 2973 2479 3029 nuditatem
2541 2993 2716 3031 meam
2767 2983 3061 3038 reveritus.
3116 2982 3275 3040 Nunc
3319 2988 3498 3058 ipsum
3541 2995 3611 3047 ab

307 3060 451 3130 ὁμοῦ
480 3062 552 3113 τὰ
582 3061 781 3137 φύλλα,
806 3066 902 3116 καὶ
939 3064 1068 3126 τοὺς
1111 3064 1476 3133 δερματίνους
1524 3068 1812 3141 ἀπεθέμην
1833 3090 1916 3142 χι-

2020 3063 2171 3118 omni
2208 3073 2468 3120 creatura
2499 3069 2791 3137 expulsum
2820 3074 3137 3143 conspicor.
3170 3075 3237 3129 Et
3286 3078 3408 3133 loco
3439 3082 3563 3148 ejus
3590 3121 3610 3148 ,

308 3152 524 3215 tim?
548 3152 675 3206 οὐδὲ
705 3136 814 3225 γὰρ
836 3153 917 3207 ἐτι
947 3155 1155 3207 τούτων
1193 3156 1273 3209 δεῖ
1304 3156 1404 3226 τῆς
1431 3158 1671 3229 ἀρχαίας
1704 3136 1912 3232 ⁷στολῆς

314 3258 406 3311 μοι
430 3242 977 3312 περιπεποιημένης,
1004 3244 1072 3316 ἢν
1096 3244 1239 3316 ξύλῳ
1257 3245 1680 3320 λελυμασμὲνην
1706 3249 1794 3304 διά
1818 3250 1912 3318 ξύ-

310 3333 405 3387 λου
438 3336 907 3405 περιεποιήσαντο
931 3340 987 3389 αῖ
1029 3336 1129 3407 τὴν
1158 3338 1394 3407 ὕπαρξιν
1424 3341 1488 3392 ἐκ
1520 3340 1624 3410 γῆς
1658 3339 1919 3413 δωρησάέ

313 3440 478 3492 μεναι
512 3426 719 3494 χεῖρες,
740 3424 799 3477 ἐν
831 3426 1007 3495 τούτῳ
1036 3426 1427 3494 διεκταθεῖσαι,
1459 3432 1642 3499 χεῖρες
1676 3433 1907 3497 ἐκεῖναι,

310 3508 389 3568 ὧν
416 3515 521 3586 τὴν
550 3515 781 3577 ἔκτασιν
829 3518 923 3569 καὶ
964 3518 1062 3587 τὴν
1114 3519 1401 3586 ἐνέργειαν
1454 3521 1675 3574 οἰκείων
1711 3524 1913 3594 χειρῶν

313 3612 543 3664 ἐκτάσει
572 3609 818 3679 Μωῡσῆς
841 3610 1234 3676 προδιετύπου,
1265 3613 1531 3680 Μωῡσῆς,
1562 3613 1620 3676 ὃς
1637 3613 1761 3685 ἵστη
1786 3616 1913 3687 τρό-

311 3719 475 3756 παιον
514 3701 669 3765 ἔθνος
717 3702 978 3770 πολέμιον
1036 3702 1251 3756 διώκων
1300 3703 1391 3757 τὸν
1432 3705 1702 3776 Ἀμαλὴκ,
1773 3724 1911 3778 προ-

310 3796 666 3866 ῳκειωμένου
701 3796 831 3850 λαοῦ
860 3796 940 3866 τῷ.
978 3796 1117 3867 Θεῷ.

2019 3154 2167 3222 quod
2208 3160 2341 3209 tunc
2370 3155 2518 3211 foliis
2546 3159 2782 3215 subsidii
2821 3176 2989 3219 causa
3028 3165 3261 3237 indigni,
3304 3169 3423 3238 ipse
3462 3187 3612 3228 nunc

2018 3249 2170 3304 omni
2201 3263 2305 3321 Ope
2336 3250 2637 3309 destitutus
2671 3258 2890 3313 circuit.
2936 3257 3043 3314 Sed
3076 3276 3180 3330 ego
3203 3261 3316 3329 jam
3366 3262 3530 3318 simul
3555 3275 3613 3320 et

2018 3337 2149 3394 folia
2180 3351 2237 3395 et
2266 3351 2455 3400 vestes
2480 3346 2740 3415 pelliceas
2760 3348 2993 3419 deposui
3021 3368 3037 3417 ;
3075 3366 3186 3406 non
3207 3354 3611 3425 enimjamplius

2022 3431 2111 3487 his
2145 3446 2285 3504 Opus
2310 3434 2510 3500 habeo,
2537 3438 2765 3506 antiqua
2799 3441 2940 3494 stola
2958 3443 3141 3497 denuo
3164 3456 3408 3514 recepta,
3443 3462 3609 3516 qualn

2018 3521 2169 3594 ligno
2188 3527 2619 3583 contaminatam
2642 3546 2739 3599 per
2761 3532 2968 3601 lignum
3000 3537 3364 3590 reetituerunt
3388 3552 3608 3604 manus,

2020 3632 2142 3685 quae
2172 3634 2257 3672 me
2273 3633 2339 3673 ex
2368 3630 2513 3674 terra
2536 3621 2869 3686 formarunt,
2901 3625 2955 3679 in
2985 3626 3089 3680 ltoc
3116 3643 3372 3697 expansa:
3391 3644 3608 3694 manus,

2017 3710 2263 3782 inquam,
2298 3714 2425 3779 illae,
2462 3730 2694 3784 quarum
2733 3719 3115 3774 extensionem
3156 3732 3208 3775 et
3242 3725 3351 3776 vim
3393 3722 3610 3793 Moyses

2015 3806 2147 3860 olim
2208 3823 2433 3862 suarum
2485 3823 2745 3865 manuum
2804 3814 3126 3868 extensione
3189 3818 3602 3885 praeligurabat,

310 3886 551 3958 Bloyses,
601 3888 696 3957 qui
755 3896 1020 3957 tropaeum
1082 3890 1320 3955 statuit,
1368 3889 1623 3947 hostilem
1703 3900 1919 3963 gentem
1979 3895 2410 3952 Amalecitarum
2472 3914 2813 3970 persequens
2872 3903 2954 3967 ⁷³,
3012 3906 3372 3962 reconciliato
3450 3908 3607 3980 prius

311 3984 515 4054 populo
542 3997 667 4036 cum
709 3982 844 4037 Deo.

390 4074 556 4129 Ἀλλὰ
612 4072 787 4127 ταῦτα
838 4074 938 4144 μὲν
978 4075 1188 4146 Μωῡσῇ
1230 4074 1307 4145 τῷ
1339 4075 1696 4146 πρεσϐυτέρῳ
1743 4080 1898 4131 τετέ-

313 4168 492 4221 λεστοσ
534 4166 699 4235 ἡμεῖς
738 4164 796 4217 δὲ
819 4164 1121 4233 τρυφῶμεν
1159 4166 1269 4217 τῶν
1308 4166 1494 4232 τύπων
1524 4170 1643 4231 ταῖς
1675 4168 1903 4221 ἐκϐάσε-

310 4275 418 4326 σιν,
440 4258 581 4327 ὁμοῦ
612 4256 694 4328 τῷ
736 4255 987 4326 ’Δμαλὴκ
1010 4261 1106 4309 καὶ
1137 4256 1230 4309 τοῦ
1262 4257 1489 4320 σκότους
1518 4258 1612 4311 τοῦ
1640 4257 1902 4329 ἄρχοντος

307 4351 603 4414 πίπτοντος
631 4351 730 4403 σὺν
770 4349 959 4419 ἁπάσῃ
985 4366 1044 4401 τε
1090 4350 1309 4420 ἀοράτῳ
1345 4349 1509 4402 αὐτοῦ
1562 4351 1812 4422 στρατιᾷ,
1839 4345 1902 4404 οὗ

307 4445 400 4495 καὶ
438 4443 575 4510 πρὶν
628 4443 709 4503 είς
749 4440 1075 4509 καθαίρεσιν
1118 4440 1476 4510 ὡπλοποιήθη
1519 4440 1756 4511 σταυρὸς
1806 4441 1905 4494 καὶ

306 4535 399 4590 νῦν
434 4534 745 4603 ὑψούμενος
785 4535 905 4595 ταῖς
939 4532 1132 4586 ἐαυτοῦ
1176 4535 1591 4603 μαρμαρυγαῖς,
1612 4528 1701 4585 οἷα
1737 4534 1902 4601 ζόφον

307 4628 469 4681 αὐτὸν
516 4628 581 4679 ἐκ
620 4624 730 4678 τῶν
762 4625 1016 4697 περάτων
1054 4624 1378 4678 ἀποδιώκει.
1426 4624 1687 4692 ’Υψοῦται
1747 4625 1901 4689 ξύλον

309 4717 673 4790 μακαριστὸν,
704 4717 763 4770 ἐν
788 4710 833 4785 ᾧ
863 4715 1032 4768 πάλαι
1055 4715 1189 4779 Θεὸς
1221 4717 1381 4786 χερσὶ
1408 4717 1713 4785 μιαιφόνοις
1752 4718 1900 4787 ὑψω-

306 4809 417 4873 θεὶς
469 4807 797 4879 ἐχλευάζετο
823 4846 839 4871 ,
891 4809 921 4859 ὁ
967 4806 1169 4876 χλεύης
1224 4806 1395 4859 ἐλθὼν
1430 4806 1740 4871 ἀπαλλάξαι
1773 4807 1899 4868 τοὺς

310 4900 579 4970 ὑϐριστὰς
615 4899 711 4954 καὶ
739 4896 1090 4969 ἀγνώμονας.
1138 4898 1409 4969 Ὗψοῦται
1444 4898 1621 4965 ξύλον,
1651 4897 1682 4951 δ
1730 4896 1899 4950 πάλαι

307 4994 403 5063 μὲν
446 4990 742 5061 συναγωγὴ
816 4989 1032 5059 πονηρά
1077 4989 1266 5060 χερσὶν
1322 4990 1651 5059 ἐτεκτήνατο
1725 4988 1900 5041 παλα-

308 5084 550 5153 μναίαις,
601 5083 820 5153 θανάτῳ
864 5080 1212 5151 διανοηθεῖσα
1267 5078 1367 5150 τὴν
1398 5079 1545 5150 ζωὴν
1584 5077 1897 5150 προδοῦναι,

308 5176 445 5246 σφᾶς
470 5174 518 5227 δ’
549 5173 748 5236 αὐτοὺς
777 5174 1261 5242 ἀποστερήσαντες
1288 5171 1391 5240 τῆς
1417 5171 1565 5241 ζωῆς
1596 5172 1645 5223 oi
1669 5169 1900 5240 πονηροὶ

305 5268 565 5339 γεωργοὶ,
612 5268 664 5319 οῖ
695 5264 776 5338 τῷ
809 5264 1141 5335 κληρονόμῳ
1190 5265 1395 5335 τόλμαν
1430 5262 1698 5335 ἀράμενοι
1728 5279 1899 5331 πονη-

311 5360 405 5428 ρὰς
435 5361 627 5429 χεῖρας
651 5356 956 5420 ἐπιϐαλεῖν,
989 5356 1107 5423 οἵγε
1140 5355 1481 5427 κληρονόμον
1513 5354 1902 5424 ὁμολογοῦντες

310 5449 483 5521 φθόνῳ
510 5449 608 5505 καὶ
640 5447 809 5519 μανία
847 5446 1141 5518 μεθύοντες
1165 5446 1264 5517 τὴν
1286 5446 1450 5500 αὑτοῦ
1477 5445 1636 5511 δόξαν
1681 5447 1740 5498 ού
1779 5462 1909 5497 συν-

313 5556 473 5610 ιισαν,
524 5524 720 5615 ᾖφησι
756 5539 816 5592 τδ
844 5538 1046 5607 λόγιον,
1088 5539 1156 5591 El
1201 5538 1313 5607 γὰρ
1350 5538 1649 5610 ἔγνωσαν,
1686 5538 1800 5592 οὐκ
1830 5536 1910 5593 ἂν

370 5726 413 5758 ⁷³
446 5724 624 5781 Exod.
661 5736 795 5785 xm,
825 5720 878 5773 9.

2077 4080 2143 4134 Et
2194 4079 2311 4134 haec
2343 4080 2564 4151 quidem
2595 4082 2666 4136 ab
2716 4082 2945 4151 antiquo
2994 4084 3087 4139 illo
3142 4084 3329 4157 Moyse
3380 4099 3605 4158 peracta

2008 4181 2159 4227 sunt.
2192 4170 2307 4225 Nos
2342 4181 2524 4227 autem
2559 4175 2903 4227 exsultamus
2928 4176 3224 4245 figurarum
3274 4182 3561 4237 eventibus
3585 4221 3603 4244 ,

2009 4262 2177 4315 simul
2203 4262 2526 4317 Amalecitis
2555 4274 2609 4317 et
2643 4263 2895 4333 principe
2940 4265 3290 4320 tenebrarum
3333 4283 3603 4326 corruen-

2012 4354 2183 4416 tibus,
2214 4369 2342 4407 eum
2373 4353 2635 4408 universo
2671 4369 2770 4408 suo
2805 4354 3074 4410 invisibili
3112 4360 3383 4423 exercitu,
3417 4360 3473 4415 in
3503 4377 3604 4416 cu-

2005 4442 2100 4511 jus
2146 4443 2372 4498 exitium
2416 4445 2569 4512 prius
2624 4459 2845 4516 quoque
2878 4461 3016 4501 crux
3050 4457 3133 4501 est
3180 4447 3504 4518 fabrefacta,
3542 4462 3601 4509 et

2011 4548 2158 4588 nunc
2178 4537 2439 4598 exaltata,
2464 4535 2758 4603 splendore
2779 4551 2902 4602 suo,
2930 4538 3077 4593 velut
3096 4540 3387 4609 caliginem
3409 4557 3602 4612 quam-

2009 4625 2157 4689 dam,
2192 4626 2373 4695 ipsum
2408 4642 2475 4681 ex
2505 4628 2709 4683 ﬁnibus
2743 4639 2902 4685 terra
2927 4632 3281 4685 exterminat.
3310 4631 3600 4691 Exaltatur

2008 4717 2229 4773 beatum
2260 4718 2489 4789 lignum,
2534 4721 2589 4773 in
2625 4723 2769 4789 quod
2801 4723 2931 4776 olim
2955 4738 2985 4776 a
3013 4724 3301 4780 sceleratis
3342 4727 3598 4782 manibus

2009 4818 2167 4861 actus
2226 4807 2561 4863 irridebatur
2599 4813 2669 4875 is,
2698 4812 2793 4879 qui
2840 4824 3085 4876 venerat,
3128 4820 3188 4867 ut
3227 4814 3297 4868 ab
3340 4815 3599 4871 irrisione

2004 4899 2306 4970 injuriosos
2337 4900 2462 4957 illos
2501 4910 2555 4957 et
2588 4903 2835 4980 ingratos
2870 4903 3154 4958 liberaret.
3191 4904 3479 4961 Exaltatur
3531 4909 3601 4961 li-

2003 5007 2194 5061 gnum,
2234 4994 2378 5063 quod
2413 4994 2541 5047 olim
2579 4995 2818 5063 maligna
2841 5010 3118 5065 synagoga
3152 4998 3407 5052 manibus
3445 4997 3600 5054 fune—

2003 5085 2107 5141 stis
2141 5082 2530 5149 fabricaverat,
2566 5086 2729 5140 morti
2775 5088 2944 5140 vitam
2982 5090 3202 5144 tradere
3229 5098 3425 5144 conata
3457 5108 3471 5157 ;
3508 5094 3598 5147 in-

2003 5176 2168 5230 terim
2211 5176 2426 5245 seipsos
2462 5177 2688 5244 prepria
2739 5176 2852 5229 vita
2895 5178 3181 5247 privarunt
3229 5181 3470 5251 improbi
3516 5183 3597 5239 illi

1998 5266 2294 5336 agricolae,
2357 5268 2450 5336 qui
2493 5267 2718 5333 breredi,
2757 5278 2975 5337 sumpta
3025 5269 3257 5325 audacia
3285 5312 3301 5336 ,
3356 5273 3596 5331 nefarias

2005 5372 2203 5412 manus
2236 5357 2546 5427 injecerunt
2577 5376 2591 5423 ;
2622 5361 2714 5427 qui
2747 5360 3016 5414 imredem
3043 5376 3166 5417 esse
3190 5363 3347 5427 fassi,
3389 5365 3593 5422 invidia

2004 5456 2059 5502 et
2097 5449 2285 5503 furore
2315 5450 2478 5514 ebrii,
2513 5453 2745 5521 gloriam
2785 5451 2906 5522 ejus
2946 5467 3056 5507 non
3090 5454 3497 5520 intellexerunt,
3535 5466 3593 5511 ut

2011 5556 2186 5597 sacra:
2216 5540 2440 5599 Litterae
2462 5552 2738 5600 testantur
2770 5560 2785 5598 :
2833 5541 2973 5597 Nam
3008 5546 3053 5599 si
3074 5548 3459 5615 cognovissent,
3489 5564 3592 5604 non
