4098 6292
450 305 523 372 st
1709 299 1992 360 LEONIS
2034 285 2502 358 muosorm
3709 299 3776 359 92

455 426 641 493 utique
703 418 990 475 Dominum
1035 405 1222 486 gloria:
1259 413 1742 481 critciﬁxissent".
1788 412 1908 467 Non
1955 426 2051 463 co-

2156 410 2265 462 τὸν
2293 410 2516 476 Κύριον
2539 407 2651 474 τῆς
2683 399 2876 477 δόξης
2897 408 3320 476 ἐσταύρωσαν.
3350 411 3466 465 Οὔκ
3495 411 3768 481 ἔγνωσαν.

457 519 797 588 gnoverunt.
826 509 957 580 quia
986 519 1324 576 cognoscere
1354 493 1684 571 noluerunt,
1705 511 1820 557 tota
1850 503 2062 573 cogita-

456 607 611 662 tione
638 602 704 657 ad
737 599 1000 656 invidiam
1049 609 1341 660 conversa,
1379 596 1681 667 glori-reque
1715 595 2058 664 magnitudi-

457 713 610 760 nem,
651 695 756 752 etsi
784 690 1162 753 manifestam,
1194 703 1500 760 agnoscere
1529 689 1925 750 detrectantes,
1949 700 2057 740 non

447 790 731 846 ‘dedct‘unt
758 786 940 840 locum
968 781 1166 837 rationi
1190 780 1258 835 ad
1293 780 1738 852 intelligendum,
1763 787 1821 833 ut
1850 772 2057 832 tantam

449 881 668 937 rabiem
705 877 1055 936 cohiberent,
1116 882 1337 927 tantum
1374 873 1439 926 ad
1469 872 1792 941 sanguinem
1839 869 2057 924 Domini

446 965 851 1024 "effundendum
903 961 1140 1017 intenti:
1166 961 1262 1017 sed
1293 958 1552 1014 viderunt
1589 967 1643 1014 et
1677 966 2059 1029 cognoverunt

453 1056 754 1116 haeredem.

522 1151 917 1222 Cognoverunt
963 1152 1135 1209 certe,
1179 1159 1290 1199 non
1340 1152 1401 1198 ut
1446 1154 1709 1212 tanquam
1760 1142 2054 1197 Dominum

453 1244 646 1316 gloria:
679 1242 1040 1299 honorarent,
1074 1238 1172 1292 sed
1204 1245 1263 1291 ut
1295 1233 1668 1304 ignominiosa
1695 1241 1874 1287 morte
1905 1234 2054 1303 peri-

446 1345 690 1395 ‘merent.
737 1337 813 1392 Ea
851 1339 998 1391 enim
1034 1333 1258 1390 invidiae
1287 1341 1487 1387 natura
1518 1337 1624 1386 est.
1673 1328 1795 1386 Non
1832 1329 2053 1398 recipit,

454 1447 576 1498 qua:
591 1429 887 1485 confitetur
909 1444 926 1494 ;
950 1441 1131 1496 neque
1164 1425 1220 1479 id
1247 1422 1396 1494 quod
1427 1421 1663 1486 videtur,
1693 1421 1880 1474 videre
1911 1419 2052 1479 vult,

446 1535 633 1590 neque
663 1519 921 1575 assentiri
957 1517 1048 1581 iis,
1087 1530 1212 1584 qua:
1237 1512 1426 1583 negari
1463 1517 1770 1580 nequeunt.
1813 1506 1928 1561 llae
1957 1521 2054 1561 oc-

450 1609 665 1682 cupati,
713 1607 948 1679 pOpnlus
981 1606 1255 1675 ingratus,
1309 1600 1607 1661 heredem,
1640 1596 1834 1667 gloriae
1860 1594 2050 1649 Domi—

445 1712 610 1764 tium,
635 1714 800 1770 quem
824 1703 1094 1753 nowrant
1119 1692 1434 1765 (quomodo
1464 1692 1611 1747 enim
1652 1691 1898 1745 divinam
1931 1687 2053 1758 ejus

457 1793 802 1862 maiestatem
856 1791 1116 1858 ignorare
1162 1792 1417 1855 poterant
1463 1784 1569 1847 illi,
1609 1781 1759 1852 apud
1792 1796 1936 1852 quos
1970 1790 2055 1834 tot

446 1886 739 1953 tantisque
774 1881 1058 1936 miraculis
1088 1879 1400 1948 fulgebat?)
1431 1876 1592 1945 quasi
1618 1889 1728 1928 non
1762 1873 2044 1943 cognitum

456 1978 514 2030 in
547 1977 695 2045 ligno
722 1973 1051 2036 extendunt,
1085 1972 1248 2039 cujus
1282 1969 1429 2034 virga
1469 1965 1908 2037 praesignificans
1939 1963 2046 2017 vim

443 2077 512 2122 ‘et
544 2065 871 2130 eiiicaeiam,
902 2063 1202 2119 scelestum
1245 2059 1587 2131 Pharaonem
1622 2071 1748 2110 cum
1791 2057 2049 2110 curribus

455 2168 512 2213 et
537 2157 929 2213 ascensOribus
949 2156 1005 2210 in
1030 2154 1364 2225 profundum
1391 2146 1681 2220 tleittersit,
1707 2152 1856 2205 viam
1890 2150 2053 2206 Iiber-

445 2253 588 2308 tatis
627 2252 888 2320 aperiens
939 2249 1166 2319 papnlo,
1199 2249 1292 2317 qui
1326 2246 1444 2300 luto
1485 2253 1540 2300 et
1600 2244 1840 2298 lateritio
1879 2258 2048 2314 opere

453 2344 690 2400 afﬂictus
721 2344 923 2397 fuerat.
964 2343 1082 2395 Non
1116 2340 1484 2394 conﬂictabor
1508 2353 1641 2409 ergo
1665 2337 1904 2406 amplius
1935 2338 2049 2390 luto

444 2446 511 2492 ‘ct
535 2435 690 2506 gravi
719 2434 958 2489 lateritio
983 2432 1412 2503 operepeccati.
1437 2428 1558 2484 Jam
1589 2429 1737 2484 enim
1759 2429 2050 2483 salutifera

450 2527 612 2598 Virga
677 2525 871 2580 mundi
937 2526 1152 2580 hostem
1203 2525 1366 2579 nobis
1425 2525 1867 2579 infensissimum
1919 2538 2045 2578 cum

456 2626 570 2672 tota
624 2617 873 2689 potentia
923 2628 980 2670 et
1015 2617 1309 2688 tyrannide
1357 2617 1569 2686 peccati
1627 2617 1815 2672 obruit
1859 2634 1872 2670 :
1911 2614 2050 2668 mihi

453 2725 591 2764 vero
618 2709 830 2764 misero
855 2719 908 2764 et
943 2710 1211 2764 destituto
1243 2709 1443 2764 salutis
1482 2708 1628 2763 viam
1661 2707 1880 2777 pandit.
1917 2703 2050 2760 Vio-

416 2811 422 2816 ‘
453 2804 636 2858 lenter
664 2801 886 2870 quidem
915 2811 1242 2872 persecutor
1276 2801 1676 2856 ineinsecutus
1711 2809 1816 2864 est,
1859 2801 1954 2854 sed
1980 2797 2072 2853 ab‘

453 2898 664 2968 impetu
703 2895 984 2951 cohibitus
1025 2904 1111 2951 est
1162 2897 1400 2950 terribili
1459 2896 1700 2965 quodam
1757 2891 2051 2948 obstaculo

452 2990 695 3059 obiecto.
719 2986 870 3042 Vidit
897 2989 1143 3042 divinam
1181 2999 1546 3052 armaturam,
1577 2996 1632 3042 et
1663 2987 1911 3039 concidit
1947 2999 2052 3054 po.

2075 1760 2126 1814 Β

2166 502 2290 554 ἐπεὶ
2328 501 2451 572 μηδ’
2481 500 2875 570 ἠϐουλήθησαν
2912 501 3148 568 γνῶναι,
3195 501 3320 556 ὅλον
3366 502 3458 556 τὸν
3511 504 3777 575 λογισμὸν

2167 597 2260 648 ἐπὶ
2289 598 2383 651 τὸν
2413 596 2610 665 φθόνον
2648 597 3068 662 άποκλίναντες,
3113 596 3207 651 καὶ
3253 598 3316 651 τὸ
3349 598 3642 669 μεγαλεῖον
3672 598 3775 669 τῆς

2166 687 2350 757 δόξης,
2384 689 2480 741 καί
2511 705 2596 741 τοι
2624 705 2691 751 γε
2708 688 2943 760 φανερὸν
2971 688 3054 754 ὃν,
3085 689 3319 742 συνιδεῖν
3345 690 3448 742 οὐκ
3473 688 3773 753 ἐθέλοντες.

2164 783 2280 834 υῦκ
2311 781 2523 835 ἔδωκαν
2564 781 2732 834 τόπον
2762 781 2840 854 τῷ
2870 783 3121 853 λογισμῷ
3157 783 3399 835 cursim:
3426 822 3440 846 ,
3483 781 3628 835 ὥστε
3677 783 3773 854 τὴν

2162 874 2436 942 τοσαύτην
2463 871 2664 926 λύτταν
2714 876 2985 944 ἐπισχεῖν,
3024 875 3166 943 πρὸς
3215 875 3379 944 μόνον
3415 873 3478 925 τὸ
3528 875 3772 928 κενῶσαι

2163 964 2226 1017 τὸ
2250 965 2576 1018 δεσποτικὸν
2601 960 2744 1035 αἷμα
2782 965 2925 1029 ὀξεῖς
2954 969 3268 1035 γεγονότες.
3315 967 3459 1021 Ἀλλ’
3491 965 3637 1021 εἶδον
3670 969 3772 1040 μὲν

2163 1059 2261 1111 καὶ
2297 1058 2516 1110 συνιᾶσι
2554 1057 2649 1127 τὸν
2681 1058 3046 1127 κληρονόμον.

2231 1148 2456 1202 Συνιᾶσι
2489 1148 2590 1220 μέν
2622 1165 2707 1202 τοι
2725 1147 2828 1218 ’ἐφ’
2849 1141 2894 1217 ᾧ
2922 1150 3022 1221 οὐχ
3055 1150 3134 1213 ὡς
3161 1149 3373 1223 Κύριον
3410 1149 3573 1223 δόξης
3603 1152 3770 1224 τιμῆ-

2159 1258 2274 1305 σαι,
2306 1240 2425 1295 ἀλλ’
2452 1242 2538 1309 ἐφ’
2568 1233 2610 1308 ᾧ
2645 1239 2986 1312 παραδοῦναι
3016 1242 3234 1314 θανάτῳ
3277 1243 3479 1314 ἀτίμῳ.
3513 1243 3770 1298 Τοιοῦτον

2158 1334 2270 1403 γὰρ
2297 1335 2326 1386 ό
2353 1332 2571 1402 φθόνοςο
2608 1332 2671 1385 οὐ
2706 1333 3073 1403 καταδέχεται
3112 1334 3150 1388 δι
3178 1334 3460 1404 ὁμολογεῖ,
3495 1335 3608 1390 οὐδ’
3635 1339 3770 1409 ὀρᾷν

2158 1423 2408 1493 βούλεται
2437 1423 2500 1476 τὸ
2541 1424 2894 1494 φαινόμενον,
2934 1424 3058 1478 οὐδὲ
3100 1425 3495 1481 κατατίθεσθαι
3527 1427 3765 1492 τούτοις,

2154 1511 2191 1566 ἃ
2220 1513 2296 1583 μὴ
2329 1512 2620 1583 ἀρνεῖσθαι
2650 1513 2902 1568 δυνατόν.
2957 1515 3150 1586 τούτῳ
3180 1502 3589 1588 κρατηθέντες,
3637 1519 3770 1583 Ian;

2155 1605 2432 1676 ἀγνώμων
2471 1605 2566 1660 τὸν
2608 1606 2952 1678 κληρονόμον
2989 1598 3105 1676 τῆς
3130 1605 3290 1679 δόξης
3313 1609 3406 1662 τὸν
3442 1609 3674 1678 Κύριον,
3707 1611 3769 1665 δν

2155 1696 2360 1766 ᾔδεσαν
2395 1695 2539 1767 (πῶς
2589 1696 2703 1767 γὰρ
2758 1697 2912 1768 ἐνῆν,
2948 1698 3170 1766 ἀγνοεῖν
3225 1699 3326 1770 τὴν
3380 1699 3572 1772 θεῒκὴν
3598 1702 3767 1754 αὐτοῦ

2155 1786 2334 1852 δόξαν,
2381 1781 2464 1851 οἷς
2492 1789 2558 1858 τῇ
2608 1786 2896 1860 ὕπερφυῖᾳ
2933 1787 3044 1841 τῶν
3077 1788 3376 1859 θαυμάτων
3403 1790 3700 1861 διέλαμψεν
3725 1797 3766 1859 ;)

2153 1879 2230 1943 ὡς
2277 1879 2354 1950 μὴ
2395 1879 2598 1942 εἰδότες
2637 1880 2733 1932 ἐπὶ
2767 1879 2926 1945 ξύλου
2963 1881 3258 1946 τανύουσι,
3290 1876 3352 1936 οὗ
3388 1883 3589 1953 ῥάϐδος
3629 1901 3770 1955 προ·

2158 1968 2442 2039 μηνύουσα
2480 1969 2581 2042 τὴν
2613 1970 2918 2041 ἐνέργειαν,
2953 1970 3046 2024 τὸν
3096 1972 3378 2043 ἀλιτήριον
3430 1974 3632 2045 Φαραὼ
3669 1975 3769 2026 ao-

2153 2065 2268 2126 τοῖς
2296 2061 2508 2132 ἅρμασι
2542 2064 2640 2117 καὶ
2679 2062 2981 2126 ἀναϐάταις
3011 2063 3263 2136 θαλάσσῃ
3297 2064 3569 2131 ὲϐὑθιζεν,
3611 2065 3769 2121 ἐλευ-

2157 2156 2346 2229 θερίας
2375 2156 2500 2208 όδὸν
2529 2156 2811 2225 τέμνουσα
2854 2155 3014 2227 πηλῷ
3044 2158 3142 2211 καὶ
3173 2156 3428 2229 πλινθείᾳ
3473 2158 3766 2213 ταλαιπω-

2158 2249 2413 2320 ρουμένῳ
2464 2248 2601 2318 λαῷ.
2661 2248 2874 2302 Οὔκουν
2905 2249 3090 2303 οὐκέτι
3125 2249 3285 2320 πηλῷ
3312 2251 3408 2304 καὶ
3438 2251 3647 2322 πλίνθῳ
3694 2253 3774 2322 τῇ·

2157 2341 2353 2412 βαρείᾳ
2401 2342 2503 2410 τῆς
2563 2339 2844 2411 ἁμαρτίας
2895 2343 3132 2413 ἐργασίᾳ
3177 2343 3618 2415 τιτλαιιιτωρείξττω⁵
3659 2344 3764 2415 ἠδη

2155 2433 2265 2504 γὰρ
2293 2435 2327 2503 ἡ
2357 2432 2450 2486 τοῦ
2494 2434 2707 2502 κόσμου
2759 2435 3032 2504 σωτήριος
3077 2434 3274 2506 ῥάϐδος
3309 2434 3513 2507 Φαραὼ
3543 2435 3646 2508 μὲν
3670 2435 3767 2490 τὸν

2152 2524 2419 2594 δυσμενῆ,
2451 2523 2590 2595 αὐτῇ
2621 2523 2854 2594 δυνάμει
2892 2526 2988 2577 καὶ
3026 2525 3304 2596 τυραννίδι
3327 2525 3430 2596 τῆς
3456 2528 3764 2597 ἁμαρτίας,

2157 2613 2597 2680 κατακαλύπτει,
2633 2617 2757 2687 ἐμοί⁵
2803 2617 2848 2668 δ’
2882 2616 3291 2689 ὲξηπορημένῳ
3336 2620 3618 2688 σωτηρίας
3645 2618 3785 2673 ὁδὸν

2156 2707 2473 2776 ὑπανοίγει.
2507 2707 2704 2762 Βιαίαν
2737 2711 2767 2761 ὁ
2790 2705 3030 2777 διώκτης
3059 2709 3287 2780 ἐποίησε
3312 2709 3415 2780 τὴν
3435 2708 3618 2775 δίωξιν
3642 2711 3767 2765 κατ’

2155 2798 2316 2870 ἐμοῦ,
2364 2798 2504 2852 ἀλλὰ
2552 2802 2652 2870 τῆς
2699 2798 2884 2870 ῥύμης
2941 2797 3078 2868 ἔστη
3117 2799 3437 2871 περιτυχὼν
3473 2801 3768 2872 κωλύματι

2155 2891 2396 2963 φοϐερῷ.
2425 2888 2581 2946 Εἷδεν
2607 2891 2774 2945 ὅπλον
2805 2891 2973 2956 θεῖον,
3009 2892 3108 2946 καὶ
3135 2893 3431 2964 συνετρίϐη
3462 2895 3564 2964 τὴν
3604 2893 3769 2949 Stiua-

2159 3002 2272 3054 μιν.
2312 2983 2706 3055 Ἐπέστραψαν
2745 2986 2804 3038 αἱ
2837 2984 3034 3039 τούτου
3073 2985 3319 3053 ἀκτῖνες,
3358 2987 3459 3040 καὶ
3483 2987 3768 3045 τδ’διῶκον

455 3082 646 3137 tentia.
672 3079 832 3135 Radii
863 3081 1027 3151 hujus
1053 3081 1402 3145 cliulserunt,
1435 3081 1810 3147 tenebrasque
1835 3078 2051 3131 instan-

2158 3077 2352 3140 σκότος
2381 3074 2634 3141 ἐδίωξαν.
2679 3073 2803 3132 Εῑδε
2832 3076 2894 3132 τὸ
2927 3077 3209 3149 βασιλικὸν
3242 3082 3527 3150 σκῆπτρον
3557 3081 3587 3134 ὁ
3631 3080 3767 3135 ἁλά-

453 3185 539 3229 tes
573 3181 627 3228 et
654 3183 1050 3242 persequentes
1079 3173 1449 3241 dispulernnt.
1488 3169 1635 3224 Vidit
1677 3170 1888 3238 regium
1927 3183 2052 3223 sce-

451 3273 637 3335 ptrum
673 3265 960 3332 improbus
999 3263 1087 3316 ille
1121 3265 1345 3332 genius,
1387 3271 1442 3317 et
1467 3261 1724 3316 desertor
1757 3246 2049 3331 tyrannus,

449 3367 517 3425 et
565 3357 796 3412 horrore
821 3359 1075 3427 perfusus
1119 3359 1174 3410 in
1197 3372 1442 3412 summas
1473 3358 1760 3425 angustias
1788 3355 2050 3410 detrusus

453 3457 562 3505 est.
594 3447 751 3514 Quid
769 3463 904 3518 ergo
931 3449 955 3501 ?
982 3449 1086 3514 An,
1111 3463 1146 3502 ο
1171 3449 1352 3503 omnis
1387 3448 1766 3518 improbitatis
1797 3454 2049 3516 repertor

453 3548 510 3595 et
553 3538 774 3602 artifex,
815 3541 999 3594 adhuc
1049 3541 1106 3594 in
1145 3541 1314 3595 altum
1366 3539 1614 3609 loqueris
1663 3539 1959 3602 sublimia,
1993 3549 2051 3591 et

454 3629 747 3701 magniﬁce
775 3629 1127 3701 gloriaberis,
1157 3630 1320 3699 quasi
1356 3643 1558 3684 manus
1584 3639 1707 3683 tuas
1743 3630 1825 3684 sis
1849 3637 2049 3682 exten-

453 3736 644 3787 surus,
667 3730 956 3791 totumque
979 3731 1257 3776 terranmi
1274 3721 1466 3776 orbem
1491 3722 1635 3776 velut
1665 3732 1769 3774 ova
1788 3719 2055 3774 detraCtis

369 3842 371 3844 -
455 3813 910 3882 putaminibusin
938 3815 1111 3867 altum
1157 3822 1421 3882 rapturus
1447 3811 1472 3868 ῗ
1502 3812 1881 3882 Nequaquam.
1906 3809 2052 3876 Quin

453 3916 682 3976 magnas
711 3906 784 3960 ob
823 3905 1357 3975 magniloquentiam
1394 3905 1556 3960 istam
1593 3919 1789 3976 poenas
1831 3905 2051 3974 pendis.

451 3995 626 4067 Igitur
655 4012 763 4052 non
807 3997 986 4052 solum
1019 3997 1118 4051 tibi
1159 4013 1267 4051 non
1302 3997 1433 4053 licet
1481 4013 1682 4053 manus
1727 3998 2051 4063 extendere,

2161 3183 2333 3238 στωρ,
2379 3167 2409 3220 δ
2442 3167 2764 3239 ἀποστάτης
2799 3169 3087 3240 τύραννος,
3115 3171 3212 3223 καὶ
3239 3171 3413 3243 φρίκῃ
3453 3172 3766 3242 συσχεθεὶς,

2159 3258 2495 3329 ἐξηπόρησε.
2526 3259 2592 3311 Τί
2631 3259 2748 3327 ἐτη
2791 3262 2918 3333 'Ap’
2939 3257 3057 3327 οὖν,
3099 3257 3144 3316 ὦ
3168 3265 3272 3336 τῆς
3303 3265 3504 3328 κακίας
3540 3265 3764 3336 εὑρετὰ,

2157 3349 2240 3402 ἔτι
2266 3350 2525 3420 λαλήσεις
2559 3353 2641 3415 είς
2677 3353 2740 3406 τδ
2764 3351 2901 3423 ὕψος
2932 3355 3242 3426 ὑπέρογκα,
3286 3356 3382 3408 καὶ
3410 3357 3766 3430 μεγαλορῤη-
3825 3426 3833 3432 _

2161 3441 2421 3510 μονήσεις
2459 3443 2701 3494 έκτενεῖν
2729 3443 2830 3506 τὰς
2861 3445 3075 3514 χεῖρας,
3103 3444 3201 3498 καὶ
3230 3446 3420 3498 πᾶσαν
3443 3445 3662 3517 ἐξαρεῖν
3686 3445 3767 3510 ὼς

2155 3534 2242 3587 ὠά
2278 3533 2751 3612 καταλελειμμένα
2783 3535 3272 3606 τὴνυοίκουμένηνς
3304 3537 3594 3606 Οὐδαμῶς,
3626 3535 3765 3591 ἀλλὰ

2150 3627 2246 3678 καὶ
2275 3625 2515 3694 φοϐερὰν
2551 3627 2860 3698 εἰσπράττῃ
2895 3627 2995 3696 τῆς
3049 3628 3624 3700 μεγαλοῤῥημοσύνης
3659 3628 3763 3701 τὴν

2149 3719 2370 3789 ποινήν.
2404 3719 2521 3772 Οὐκ
2570 3717 2666 3773 οὖν
2721 3721 3016 3790 περιέσται
3058 3737 3142 3774 σοι
3196 3721 3273 3794 μὴ
3329 3722 3414 3776 ὅτι
3468 3723 3759 3784 ἐκτείνειν,

2148 3809 2267 3863 ἀλλ’
2299 3807 2422 3862 οὐδὲ
2453 3810 2628 3863 κινεῖν
2662 3808 2762 3880 τὴν
2798 3813 2982 3881 χεῖραο
3023 3811 3267 3884 παρείθη
3297 3812 3410 3884 γὰρ
3441 3812 3540 3869 καὶ
3566 3813 3762 3883 γέγονε

2155 3900 2526 3973 ἀνενέργητος
2551 3939 2568 3966 ,
2597 3899 2696 3954 τοῦ
2734 3900 2976 3978 σταυροῦ
3031 3904 3112 3966 είς
3148 3902 3221 3957 τὰ
3273 3904 3491 3975 πέρατα
3527 3905 3765 3959 -διεκτα-

2151 3994 2363 4059 θέντος.
2443 3994 2448 3998 ’

449 4090 548 4146 sed
589 4104 770 4161 neque
811 4103 1049 4144 movere.
1101 4087 1394 4145 Dissolutae
1439 4090 1586 4145 enim
1619 4090 1735 4162 jam
1787 4096 1922 4144 sunt
1962 4094 2018 4143 et
2054 4086 2368 4142 inefﬁcaces
2421 4085 2674 4150 redditae,
2709 4095 2876 4142 cruce
2911 4101 3088 4158 usque
3116 4087 3184 4142 ad
3223 4086 3362 4146 fines
3433 4098 3594 4146 teme
3655 4105 3758 4146 ex-

449 4194 630 4245 tensa.

518 4278 642 4335 lam
683 4278 814 4332 olim
853 4277 1074 4348 quidem
1122 4278 1400 4333 hominem
1442 4278 1721 4350 perversis
1770 4279 1881 4332 tuis
1921 4292 2051 4348 per—

451 4370 808 4426 suasionibus
843 4372 1323 4440 ol.ternperantem
1351 4372 1619 4441 relinquit
1651 4369 1821 4437 Deus,
1853 4385 1964 4424 non
1991 4378 2052 4423 ut

2231 4269 2411 4324 Πάλαι
2468 4246 2572 4339 μὲν
2619 4265 2715 4321 οὖν
2740 4265 3164 4346 τδντάνθρωπον
3209 4254 3332 4334 ταῖς
3366 4272 3488 4334 σαῖς
3515 4271 3760 4334 σκολιαῖς

2158 4364 2527 4433 παραγωγαῖς
2583 4358 3038 4431 πειθαρχήσαντα
3063 4399 3082 4426 ,
3132 4360 3312 4415 λείπει
3343 4360 3498 4428 Θεὸς,
3535 4365 3636 4437 οὐχ
3672 4366 3763 4420 ἴνα

451 4460 578 4523 tibi,
606 4461 1029 4524 scelestissime,
1058 4461 1258 4530 prde
1289 4472 1438 4516 esset
1489 4464 1622 4530 (non
1656 4469 1946 4532 tantopere
1975 4462 2046 4516 ob

2159 4473 2243 4508 σοι
2294 4453 2374 4526 τῷ
2421 4452 2756 4523 παλαμναίῳ
2788 4452 3081 4523 ,ἅρπαγμα
3110 4452 3360 4525 γένηται*
3395 4456 3497 4527 οὐχ
3526 4456 3703 4524 οὕτως
3732 4463 3764 4515 ὸ

449 4564 634 4604 meum
663 4564 906 4604 errorem
943 4549 1378 4617 benignissimus
1411 4549 1572 4606 Pater
1600 4553 1862 4607 irascitur
1885 4554 1927 4622 ),
1953 4550 2050 4606 sed

449 4651 518 4689 eo
548 4649 726 4702 usque
775 4633 1047 4689 duntaxat
1094 4636 1336 4702 deserit,
1379 4648 1443 4691 ut
1489 4652 1653 4694 casus
1701 4640 1785 4692 sui
1827 4648 2052 4709 gustum

449 4726 746 4797 quemdam
769 4735 826 4782 et
851 4742 1077 4781 sensum
1109 4728 1526 4799 habeat,eoquc
1557 4730 1731 4800 magis
1758 4731 2048 4802 intelligat,

449 4833 560 4889 qua
593 4819 808 4875 ratione
831 4818 1215 4875 insidiatorem
1249 4823 1426 4878 vitare
1450 4823 1685 4886 debeat,
1723 4825 1808 4881 vel
1841 4831 2048 4881 rectius

449 4907 753 4979 loquendo,
791 4908 911 4979 ipse
944 4925 1057 4964 non
1082 4911 1440 4982 derelinquit,
1475 4915 1602 4982 quia
1635 4931 1758 4970 cum
1790 4931 1893 4986 ego
1931 4931 2052 4986 pro-

449 5002 574 5070 pria
612 5000 823 5055 malitia
851 5017 918 5057 ex
952 5009 1185 5072 paterno
1217 5005 1342 5058 sinu
1382 5007 1903 5076 me‘praecipitarim
1931 5045 1946 5070 ,
1977 5008 2046 5062 ad

449 5091 731 5146 modicum
766 5093 1006 5162 spatium
1043 5094 1315 5150 insnltum
1353 5105 1409 5152 et
1441 5097 1862 5168 impressionem
1894 5099 1994 5154 tibi
2029 5139 2045 5164 ,

451 5184 702 5254 improba
731 5186 932 5251 bestia,
953 5188 1231 5256 permisit,
1254 5197 1316 5244 ut
1331 5205 1434 5260 ego
1455 5191 1770 5246 calamitate
1797 5208 2046 5261 pressus,

453 5289 674 5328 rursum
704 5275 772 5329 ad
802 5288 1058 5344 paternas
1090 5278 1250 5333 ulnas
1281 5294 1368 5333 me
1398 5281 1684 5349 recipiam.
1715 5280 1798 5336 Tn
1825 5283 2046 5352 quidem

452 5364 709 5432 putabas,
753 5378 882 5418 cum
921 5366 1114 5421 fraude
1149 5367 1410 5438 abreptus
1440 5386 1644 5437 essem,
1699 5389 1784 5428 me
1817 5376 2046 5430 omnino

455 5468 486 5506 a
517 5467 745 5523 paterna
773 5471 906 5511 cura
931 5468 984 5510 et
1011 5462 1356 5527 providentia
1384 5464 1658 5534 abjectum
1689 5481 1834 5533 esse,
1866 5484 2046 5539 neque

453 5549 662 5618 aliquid
707 5552 1106 5610 consolationis
1140 5557 1223 5612 t'cl
1259 5556 1374 5625 spei
1407 5556 1475 5612 de
1503 5558 1678 5614 reditu
1709 5575 2003 5630 superesse
2029 5597 2044 5628 ,

528 5723 575 5756 ~’
599 5723 617 5777 l
640 5725 767 5781 Cor.
797 5745 859 5794 ιι,
901 5732 955 5786 8.

2165 4545 2556 4616 φιλάνθρωπος
2615 4542 2810 4614 Πατὴρ
2868 4543 2964 4596 ἐπὶ
3027 4541 3108 4614 τῷ
3141 4543 3286 4616 »ἐμῷ
3359 4548 3762 4619 παροργίζεται

2153 4639 2437 4709 σφάλματι
2458 4651 2475 4667 ⁸
2533 4635 2671 4690 ἀλλὰ
2730 4635 2992 4689 τοσοῦτον
3044 4637 3205 4706 μόνον
3256 4637 3580 4692 καταλείπει
3634 4643 3762 4696 ὅσον

2152 4729 2513 4797 συναίσθησιν
2567 4728 2752 4783 λαϐεῖν
2793 4728 2891 4782 τοῦ
2935 4729 3280 4800 σφάλματος,
3336 4737 3433 4786 καὶ
3465 4733 3662 4806 μαθεῖν
3689 4736 3760 4791 δι’

2148 4815 2224 4877 ὧν
2259 4821 2572 4892 φυλάξομαι
2609 4820 2704 4874 τὸν
2753 4820 3044 4873 ἐπίϐουλον
3074 4837 3088 4852 ο
3126 4823 3332 4891 μᾶλλον
3371 4825 3418 4876 δ’
3449 4823 3562 4877 οὐδ’
3597 4827 3762 4891 αὐτὸς

2149 4916 2499 4980 καταλείπει,
2532 4914 2648 4967 ἀλλ’
2671 4916 2808 4985 ἐμοῦ
2839 4916 3026 4979 κακῶς
3045 4917 3157 4972 τῶν
3179 4919 3472 4989 πατρικῶν
3487 4921 3762 4991 ἀποσκιρ-

2144 5009 2415 5079 τήσαντος
2460 5005 2705 5070 κόλπων,
2759 5009 2855 5060 ἐπὶ
2893 5009 3069 5080 βραχὺ
3124 5009 3222 5078 τὴν
3274 5010 3630 5084 καταδρομήν
3675 5031 3762 5068 σοι

2145 5100 2225 5172 τῷ
2255 5100 2482 5172 πονηρῷ
2530 5100 2771 5169 διαφῆκε
2799 5103 2997 5173 θηρίῳ,
3030 5103 3098 5157 ἵν’
3125 5104 3238 5172 ὲγὼ
3272 5106 3565 5169 συσταλεὶς
3595 5107 3762 5164 πάλιν

2144 5195 2212 5264 τῇ
2251 5192 2485 5264 πατρώᾳ.
2533 5193 2875 5265 προσδράμω
2929 5194 3280 5268 ἀγκάλῃ.’Σί›
3322 5197 3371 5251 δ’
3403 5198 3514 5270 ἄρα
3546 5197 3758 5271 ᾠήθης,

2148 5287 2273 5340 ἐπεὶ
2319 5285 2688 5358 παρεκλάπην
2719 5288 3075 5342 παντάπασιν
3105 5290 3452 5362 ἀπεῤῥίφθαι
3482 5296 3764 5365 πατρικῆς

2104 5409 2112 5414 -
2151 5379 2413 5450 προνοίας
2436 5419 2452 5444 ,
2487 5381 2582 5434 καὶ
2632 5381 2832 5452 μηκέτι
2871 5383 3228 5454 παραμύθιον
3260 5385 3384 5454 μηδ’
3421 5387 3765 5458 ἐπιστροφὴν

2154 5467 2294 5525 εἷναί
2347 5489 2474 5543 μοι,
2523 5473 2662 5526 ἀλλὰ
2709 5475 2801 5528 τὸν
2851 5475 2998 5530 οὕτω
3049 5477 3187 5531 Θεοῦ
3230 5477 3536 5551 τιμηθέντα
3588 5483 3765 5536 εικόνι

2154 5563 2416 5631 καθάπαξ
2435 5567 2754 5638 ὑποχείριον
2779 5563 2867 5623 οἷα
2889 5568 2946 5623 δὲ
2976 5570 3250 5644 ἅρπαγμα
3264 5571 3566 5646 ἐπειράθης
3596 5573 3767 5648 ποιή-
