4086 6298
265 292 415 355 «93

987 286 1274 349 ORATIO
1300 255 1415 349 .IX.
1453 311 1520 324 --
1555 285 1640 346 ΙΝ
1680 282 2280 345 EXALTATIONEM
2319 285 2626 374 SANCTrE
2659 272 2955 346 CRUCIS.
3557 284 3627 348 94

347 405 565 460 σασθαι.
598 403 758 457 Ἀλλά
791 401 1032 474 μάνθανε
1062 403 1181 467 νῦν,
1207 403 1282 465 ὡς
1309 401 1488 472 μάτην
1514 399 1616 470 μὲν
1647 401 1680 470 η
1705 399 1945 470 κακίστη
1971 455 1972 459 η

2074 399 2146 454 ιεό
2176 413 2322 464 eum,
2345 377 2438 469 (ι’ὖὶ
2470 400 2560 453 Dei
2592 399 2828 467 imagine
2852 398 3146 468 insignitus
3186 393 3327 461 erat,
3357 396 3455 453 tibi
3479 412 3630 468 [ποις

346 499 510 569 τέχνη
534 496 930 565 διεσπουδάσοη
961 511 1044 548 σοι
1089 494 1192 562 τῆς
1225 492 1542 562 ἐπιϐουλῆς,
1563 486 1759 562 μάτην
1783 489 1841 544 δέ
1871 508 1940 560 με

2074 505 2146 544 ηιιε
2177 489 2448 550 subdere,
2501 500 2556 544 et
2601 489 2752 543 velut
2805 487 3079 557 rapinam,
3131 487 3410 558 proprium
3458 486 3682 551 facere

347 588 424 659 τῷ
451 587 604 658 φυτῷ
627 586 926 651 ύποθέλξας
967 588 1068 654 τῆς
1114 583 1372 653 γνώσεως
1397 584 1496 638 τοῦ
1519 583 1622 652 τῆς
1660 581 1823 653 Ἐδὲμ
1853 582 1941 651 ἐξ.

2074 581 2264 634 entasti
2296 595 2314 647 ;
2361 587 2417 632 at
2448 579 2602 634 disce
2639 579 2776 650 jam,
2810 577 3016 633 frustra
3047 587 3101 633 te
3143 577 3287 634 lianc
3339 578 3638 648 pessimam

348 681 502 747 άγεις
553 679 777 750 χωρίου.
819 679 1012 749 Μάτην
1045 676 1102 730 δὲ
1135 677 1370 748 σοϐαρὸς
1422 675 1696 748 περιῄεις,
1747 671 1942 744 ἐφόίς

2074 671 2294 725 randem
2353 680 2408 725 et
2443 669 3077 727 sutelam'machinatum
3104 684 3228 724 esse
3262 686 3276 731 ;
3320 671 3527 724 frustra
3553 683 3642 725 me

348 769 668 826 ἐπεπόνθειν
721 767 856 836 ἐγὼ,
905 769 1212 840 κομπάζων
1240 769 1336 822 ἐπὶ
1383 770 1506 832 ταῖς
1541 768 1664 833 σαῖς
1700 767 1943 831 ἀπάταις

2074 765 2196 834 igno
2235 764 2488 819 scientias
2516 763 2927 839 delinitum,_ex
2957 763 3182 832 regione
3227 761 3393 817 Edent
3425 762 3637 818 educis.

349 864 444 916 καὶ
474 861 898 932 σεμνυνόμενος.

2074 853 2278 910 Γτυειτιι
2312 855 2524 910 circuis
2570 854 2757 909 elatus
2786 855 2856 908 ob
2880 869 2965 918 ea,
2999 869 3122 923 quae
3165 868 3362 923 passus
3393 867 3514 909 sum
3545 851 3640 908 de-

2043 947 2304 1002 trimenta
2333 963 2348 1001 :
2377 945 2726 1014 triumphans
2757 955 2812 999 et
2843 944 3075 999 mirilice
3103 955 3157 998 te
3178 942 3645 1016 circumspiciens

2043 1048 2268 1110 propter
2305 1038 2448 1101 illas,
2480 1053 2621 1107 quas
2657 1027 3004 1092 commentus
3036 1051 3097 1091 es
3138 1036 3380 1092 fraudes.

422 1128 567 1199 Ὅρα
595 1125 706 1195 γὰρ
737 1118 826 1178 οἷά
853 1140 944 1195 μοι
967 1123 1185 1192 γέγονε,
1237 1122 1438 1194 μᾶλλον
1483 1121 1530 1176 δ’
1556 1123 1690 1196 ὁρᾷς
1717 1122 1814 1177 καὶ
1846 1140 1945 1176 πε-

2121 1132 2342 1186 Intuere
2393 1129 2540 1184 enim
2583 1144 2706 1198 qua:
2745 1128 2878 1182 mihi
2920 1127 3206 1183 evenerint
3257 1143 3274 1182 :
3325 1126 3409 1181 vel
3457 1124 3672 1200 potius,

353 1219 599 1289 ριψὲρεις
634 1215 827 1285 ὀδύνης
877 1215 1105 1286 κέντρον
1153 1213 1611 1285 ἀπαραμύθητον.
1666 1213 1944 1300 ἰδοῦ.γὰρ

2075 1239 2160 1277 ant
2186 1223 2441 1285 intueris,
2476 1223 2875 1288 stimulmnque
2917 1221 3264 1275 insolubilem
3297 1219 3505 1274 doloris
3533 1219 3646 1274 cir'a

352 1310 414 1359 ἐν
444 1306 669 1378 Κ-ρανίῳ
696 1307 796 1375 τῆς
827 1303 974 1374 ζωῆς
1007 1321 1099 1374 μοι
1132 1303 1288 1366 ξύλον
1314 1303 1508 1374 ἀνέϐη.
1531 1305 1598 1358 δι’
1625 1300 1687 1359 οῦ
1719 1304 1812 1358 καὶ
1843 1319 1948 1357 πα-

2074 1314 2322 1368 cumlers.
2352 1311 2498 1366 Ecce
2529 1314 2675 1366 enim
2735 1312 2790 1364 iu
2817 1312 3086 1366 Calvaria:
3136 1312 3255 1366 loco
3283 1311 3490 1382 lignum
3521 1311 3648 1367 vita:

358 1397 610 1468 ράδεισον
642 1398 739 1448 καὶ
787 1394 1116 1457 ἀθανασίαν,
1153 1396 1249 1447 καὶ
1281 1395 1383 1462 τὴν
1416 1393 1552 1464 πρὸς
1580 1394 1672 1447 τὸν
1699 1392 1947 1464 πλάστην

2074 1406 2190 1460 uihi
2221 1405 2456 1470 exstitit,
2488 1419 2599 1474 quo
2623 1411 2675 1458 et
2706 1403 3052 1473 paradisum,
3076 1411 3130 1458 et
3154 1403 3651 1472 immortalitatem,-

351 1489 687 1558 οἰκειότητα,
722 1486 815 1538 τον
868 1487 1095 1555 ἀρχαῖον
1138 1483 1510 1555 ἀπολαμϐάνω
1541 1483 1796 1537 πλοῦτον.
1832 1484 1950 1538 Νῦν

2074 1507 2112 1552 ιι
2136 1497 2592 1568 coniunctionem
2635 1509 2763 1550 cum
2803 1495 3122 1557 Conditore,
3153 1503 3477 1564 veteresque
3513 1508 3649 1564 opes

354 1596 415 1633 σε
446 1577 648 1650 μᾶλλον
675 1577 710 1647 ἦ
737 1577 858 1631 τότε
893 1577 1224 1647 θερμότερος
1259 1574 1558 1645 άνσφλέγει
1593 1572 1808 1643 φθόνος,
1840 1573 1951 1644 μά-

2074 1578 2347 1656 ecupero.
2379 1585 2450 1660 At
2479 1592 2538 1639 tu
2570 1598 2718 1638 nunc
2769 1584 3087 1640 ardentiore
3116 1599 3282 1654 quam
3311 1585 3442 1639 olim
3474 1585 3650 1640 livom

350 1673 515 1727 λιστά
563 1689 651 1741 γε,
682 1673 711 1726 ὃ
743 1688 796 1725 τι
839 1670 938 1723 καὶ
970 1668 1152 1742 δρῴης
1197 1667 1592 1739 ὲξαποροῦντα.
1635 1670 1790 1722 Πᾶσα
1841 1668 1952 1738 γὰρ

2074 1677 2431 1738 :ontabescis,
2466 1677 2706 1731 maxime
2746 1691 2872 1731 cum
2923 1676 3163 1743 nescias,
3198 1691 3309 1746 quo
3347 1687 3400 1731 te
3443 1685 3647 1733 vertas.

353 1738 714 1830 κακοτεχνίας
777 1738 1014 1830 μηχανὴ-
1054 1738 1410 1830 περιῄρηται,
1462 1757 1574 1811 οὐδ’
1613 1758 1728 1811 ἐστι
1771 1757 1839 1810 δι’
1878 1750 1954 1811 ὧν

2074 1769 2254 1824 Omnis
2280 1770 2426 1824 enim
2459 1771 2836 1824 versutiarum
2860 1767 3118 1822 machina
3139 1769 3236 1822 tibi
3269 1769 3496 1838 praecisa
3523 1777 3645 1823 est:

354 1854 436 1906 ἐτι
461 1853 630 1922 πόρον
671 1852 809 1923 προς
846 1853 1063 1922 ἀπάτην
1097 1851 1306 1914 λάϐοις.
1356 1853 1433 1906 Οὐ
1470 1852 1579 1923 γὰρ
1613 1851 1774 1922 μόνον
1819 1851 1957 1906 ὐπο-

354 1943 666 2015 ψιθυρίζειν
692 1944 756 1996 ού
789 1944 1170 2016 παρρησιάσῃ,
1196 1943 1315 1996 ἀλλ’
1362 1943 1486 1996 ούδέ
1517 1944 1696 1997 οἰστόν
1736 1959 1820 1996 σοι
1858 1942 1959 2013 μέδ

357 2053 470 2089 νειν
500 2034 596 2107 τὴν
627 2037 735 2086 ἀπὸ
759 2034 854 2088 τοῦ
873 2035 1026 2088 ’θείου
1061 2035 1256 2091 τούτου
1291 2035 1460 2103 φυτοῦ
1495 2035 1726 2105 δύναμιν
1767 2039 1953 2106 προϊε-

361 2125 555 2196 μένην.
615 2125 748 2178 Ἰδού
782 2141 874 2195 μοι
912 2125 976 2177 τὸ
1028 2123 1311 2194 βασιλικὸν
1365 2123 1650 2195 σκῆπτρον
1684 2118 1774 2177 οἷα
1803 2123 1965 2177 παιδὶ

356 2217 703 2288 ἠγαπημένῳ
736 2216 954 2270 δίδωσιν
998 2217 1027 2270 ὁ
1071 2217 1372 2286 Δεσπότης.
1405 2217 1486 2268 Δι’
1517 2207 1580 2268 οῦ
1614 2231 1674 2268 σε
1702 2214 1794 2268 τὸν
1828 2231 1960 2266 axo-

359 2308 474 2361 λιδν
503 2307 825 2370 θανατώσας
853 2307 978 2376 ὄφιν
1023 2308 1124 2380 τὴν
1171 2306 1317 2379 ζωὴν
1353 2307 1672 2378 ἐχαρίσατο.
1720 2305 1834 2359 Νῦν
1867 2324 1958 2376 μοι

356 2402 422 2454 τὸ
449 2401 596 2472 μέγα
620 2401 722 2466 τῆς
757 2399 1061 2468 ἀσφαλείας
1097 2399 1264 2452 ὅπλον
1299 2395 1626 2467 ἐχαλκεύθη,
1659 2395 1727 2448 δι’
1755 2389 1816 2449 οῦ
1855 2396 1963 2450 πά-

363 2510 465 2565 σης
504 2491 802 2562 ἐπιϐουλῆς
855 2491 1098 2559 ἀμείνων
1151 2489 1514 2560 καθίσταμαι.
1557 2489 1700 2542 Ἀλλ’
1735 2483 1781 2542 ὦ
1807 2488 1962 2552 ξύλον

364 2582 530 2652 μόνον
559 2583 623 2634 ἐκ
670 2579 856 2648 φυτῶν
895 2579 1043 2633 θείου
1075 2580 1317 2649 νάματος
1356 2578 1552 2650 ἁρδείᾳ
1583 2579 1850 2631 πιανθένί
1893 2578 1960 2628 Ὦ

363 2672 520 2738 ξύλον
551 2674 684 2742 φυὲν
713 2673 814 2743 μὲν
846 2673 906 2724 ἐν
931 2671 1179 2741 Κρανίῳ,
1215 2673 1398 2724 πᾶσαν
1431 2670 1488 2723 δὲ
1526 2669 1632 2740 γῆν
1667 2669 1966 2741 περιλαϐὸν

361 2768 431 2837 τῇ
482 2766 634 2838 σκιᾷ,
667 2767 727 2818 ἐν
761 2757 808 2834 ᾧ
837 2765 938 2832 τῆς
969 2763 1250 2832 κακούσης
1284 2762 1564 2834 ἁμαρτίας
1595 2761 1964 2816 διανεπαυσά-

367 2857 513 2929 μηνι
566 2857 632 2909 Ὠ
679 2856 846 2927 φυτὸν
882 2857 942 2909 ἐν
983 2857 1056 2926 γῇ
1100 2855 1202 2925 μὲν
1233 2853 1572 2925 βλαστῆσαι),
1605 2852 1886 2924 ύπερῆκον
1909 2853 1966 2906 δὲ

365 2950 460 3002 τὸν
483 2947 738 3020 οὐρανὸν,
769 2941 834 3000 οῦ
859 2947 950 3002 τὸν
977 2946 1262 3018 ἀμύθητον
1288 2945 1512 3014 ἄγγελοι
1543 2945 1760 3017 καρπὸν
1791 2944 1963 3016 ὀρῶν.

2057 1878 2233 1932 neque
2274 1871 2360 1917 est
2419 1863 2564 1917 unde
2608 1859 2850 1932 amplius
2889 1861 3238 1916 occasionem
3289 1860 3356 1913 ad
3397 1860 3650 1914 fraudem

2058 1963 2238 2022 petas.
2269 1951 2406 2008 Nam
2455 1966 2564 2007 non
2610 1951 2790 2007 solum
2840 1951 3142 2006 mussitare
3184 1965 3293 2005 non
3325 1949 3515 2014 audes,
3555 1950 3650 2005 sed

2057 2055 2235 2111 neque
2264 2049 2421 2110 potes
2464 2040 2577 2095 ullo
2621 2038 2786 2093 modo
2817 2038 3052 2095 sufferre
3082 2038 3338 2093 virtutem
3384 2045 3440 2092 et
3471 2036 3656 2093 εἰπεῖν

2055 2132 2376 2202 οἱυιηηιμιω
2405 2130 2475 2184 ab
2507 2131 2610 2184 hac
2639 2129 2825 2182 divina
2853 2129 3042 2198 planta
3073 2128 3364 2182 emittitur.
3398 2127 3536 2182 Ecce
3565 2142 3653 2182 reo

2056 2224 2206 2294 gium
2237 2229 2547 2292 sceptrum,
2605 2227 2869 2290 tanquam
2917 2219 3119 2274 dilecto
3163 2219 3293 2284 filio,
3346 2219 3516 2273 tradit
3549 2217 3658 2272 Ι)οι

2059 2313 2265 2376 minus,
2298 2328 2405 2382 quo
2440 2319 2516 2372 te,
2547 2321 2768 2366 versute
2801 2325 3051 2379 serpens,
3079 2313 3284 2375 occiso,
3316 2311 3487 2364 vitam
3519 2309 3657 2362 mihi

2058 2403 2305 2456 donavit.
2358 2402 2515 2456 Nunc
2566 2402 2698 2456 mihi
2754 2401 2990 2471 insignis
3041 2401 3132 2456 illa
3161 2412 3442 2455 armatura
3475 2399 3658 2455 omnis

2062 2493 2307 2564 prasidii
2344 2491 2594 2566 confecta
2623 2503 2728 2558 est,
2765 2507 2876 2564 qua
2905 2495 3126 2548 cunctis
3159 2492 3376 2547 insidiis
3405 2493 3661 2561 superior

2061 2585 2287 2641 ellicior.
2322 2586 2392 2638 At
2415 2600 2449 2638 ο
2484 2586 2690 2654 lignum
2723 2586 2901 2639 solum
2923 2600 2990 2638 ex
3021 2585 3281 2638 omnibus
3329 2584 3534 2653 plantis
3571 2583 3662 2639 di-

2064 2679 2175 2732 vini
2207 2677 2399 2734 liuenti
2433 2661 2754 2747 irrigatione
2781 2664 3214 2747 pinguefactuml
3247 2678 3292 2731 0
3317 2677 3525 2747 lignum
3555 2692 3660 2731 na-

2062 2779 2178 2826 tum
2205 2771 2426 2841 quidem
2472 2770 2526 2822 in
2565 2769 2684 2823 loco
2713 2769 3001 2833 Calvariae,
3031 2780 3088 2823 at
3112 2769 3310 2824 umbra
3350 2780 3442 2823 tua
3484 2777 3660 2824 totum

2060 2871 2338 2918 terrarum
2366 2862 2555 2916 orbem
2594 2861 2893 2924 ambivisti,
2928 2861 2982 2914 in
3017 2875 3130 2929 quo
3163 2874 3193 2913 a
3222 2870 3476 2928 peccato,
3513 2859 3664 2931 quod

2048 2970 2156 3009 tne
2203 2952 2498 3024 aﬂligebat,
2555 2952 2823 3007 liberatus
2867 2953 3029 3007 sum!
3085 2950 3373 3022 O,planta,
3420 2952 3474 3005 in
3519 2960 3667 3006 terra

367 3055 483 3103 τες,
519 3038 620 3108 τὴν
660 3035 905 3108 μεγάλην
937 3035 1132 3106 σοφίαν
1169 3035 1265 3088 τοῦ
1305 3035 1618 3104 φυτοκόμου
1648 3033 1956 3104 θαυμάζου-

2074 3045 2288 3115 quidem
2329 3045 2670 3116 germinans,
2705 3052 2762 3098 at
2819 3048 3018 3099 coelum
3053 3044 3472 3109 ινοιιεαειιόθηε,
3505 3043 3665 3112 cujus

372 3145 460 3183 σιν
492 3127 947 3198 ἐκπληττόμενοι,
993 3127 1166 3198 ὁρῶσι
1221 3127 1436 3198 καρπον
1492 3124 1601 3178 τῶν
1656 3126 1962 3196 ἀνθρώπων

369 3222 471 3293 τὴν
513 3219 815 3292 σωτηρίαν,
857 3220 954 3273 τοῦ
987 3218 1222 3273 θανάτου
1250 3217 1573 3282 κατάλυσιν,
1605 3216 1708 3288 τὴν
1752 3220 1831 3280 είς
1864 3219 1966 3288 τὴν

371 3313 610 3386 πατρίδα
636 3313 747 3366 τῶν
775 3311 1083 3384 ἀνθρώπων
1109 3311 1393 3374 ἐπάνοδον,
1418 3311 1517 3382 τῆς
1543 3310 1808 3382 φλογίνης
1837 3311 1968 3381 ῥομ-

373 3412 544 3478 φαίας
571 3407 672 3480 τὴν
703 3405 1081 3478 ὑποχώρησιν,
1105 3406 1203 3458 τοῦ
1231 3404 1484 3458 διαϐόλου
1518 3404 1624 3476 τὴν
1649 3400 1819 3476 ἧτταν
1866 3403 1966 3458 καὶ

372 3503 596 3573 τρόμον,
647 3499 744 3553 καὶ
770 3501 871 3570 τὴν
925 3499 1020 3553 ἐπὶ
1058 3499 1207 3570 μόνῳ
1257 3499 1414 3570 τύπῳ
1441 3498 1596 3567 τῆξιν
1647 3497 1816 3551 αὑτοῦ
1866 3497 1962 3551 καὶ

376 3593 686 3666 ἀφανισμόν
719 3593 734 3647 ι

451 3773 644 3828 Ταῦτα
680 3772 738 3826 δὲ
786 3770 881 3825 τοῦ
937 3769 1176 3840 σταυροῦ
1223 3769 1323 3841 τὴν
1373 3769 1528 3840 ἰσχὺν
1576 3771 1674 3824 καὶ
1721 3768 1976 3838 θειότητα

379 3866 578 3936 πρώην
611 3865 880 3929 εἰκόνιζον
910 3862 1344 3932 προτυποῦντες,
1375 3861 1653 3932 ὁμήγυρις
1676 3859 1822 3930 ἱερὰ,
1846 3859 1974 3931 ἄρτι

383 3959 483 4029 μὲν
522 3957 722 4029 ῥάϐδου
773 3958 1144 4030 προφητικῆς,
1191 3956 1411 4023 ἀπάτης
1440 3953 1757 4024 σοφίσματα
1804 3969 1976 4006 κατα-

382 4050 614 4120 πιούσης
641 4049 940 4119 Αἰγύπτια,
990 4049 1084 4102 καὶ
1117 4048 1246 4102 λαὸν
1285 4045 1348 4112 ἐξ
1399 4045 1678 4115 Αἰγύπτου
1729 4045 1978 4109 δουλείας

382 4142 707 4211 ἐξαγούσης,
759 4139 887 4211 ἄρτι
931 4139 975 4193 δ’
1004 4139 1308 4210 ἀκροτάτου
1357 4139 1580 4206 νάματα
1619 4137 1979 4208 πηγαζούσης

387 4235 585 4307 ῥάϐδου
613 4234 798 4305 πληγῇ
834 4233 928 4286 καὶ
951 4231 1140 4301 δίψους
1165 4233 1418 4300 ἀνάγκην
1447 4228 1978 4300 παραμυθουμένης,

385 4325 626 4396 ἐρημικῇ
660 4323 860 4395 πορεία
896 4321 1240 4385 διαθλοῦντος
1276 4321 1431 4374 λαοῦ.
1465 4321 1578 4374 Καὶ
1614 4319 1710 4373 νῦν
1741 4320 1843 4389 μὲν
1883 4319 1980 4372 άν-

2072 3135 2406 3192 ineﬂ‘aliilem
2433 3136 2673 3192 fructum
2705 3138 2882 3206 angeli
2923 3136 3054 3190 dum
3083 3137 3392 3200 intuentur,
3430 3136 3668 3191 immen-

2072 3245 2190 3286 sam
2217 3228 2418 3282 saturis
2451 3228 2617 3296 hujus
2652 3226 2977 3296 sapientiam
3017 3227 3469 3297 ubstupescentes
3495 3227 3672 3285 admi-

2074 3323 2312 3377 rantur!
2367 3323 2654 3376 intuentur
2701 3319 2966 3382 fructum,
3003 3322 3236 3376 salutem
3285 3319 3536 3374 videlicet
3577 3319 3670 3374 lto-

2077 3415 2310 3472 minum,
2336 3412 2534 3466 mortis
2558 3412 3000 3474 dissolutionem,
3031 3412 3266 3465 reditum
3297 3409 3580 3464 hominum
3610 3411 3668 3465 in

2086 3504 2344 3574 patriam,
2367 3501 2632 3557 ﬂammeae
2652 3502 2980 3572 rliomphaea:
2998 3517 3299 3564 recessum,
3323 3500 3528 3557 diaboli
3551 3503 3668 3554 cla-

2077 3597 2200 3652 dem
2231 3608 2286 3650 et
2316 3605 2632 3660 tremorem,
2677 3595 2910 3665 ejusque
2956 3594 3024 3649 ad
3067 3593 3234 3664 hujus
3260 3594 3498 3664 speciem
3525 3593 3670 3647 dun-

2077 3697 2229 3744 taxat
2253 3686 2677 3743 taliefactiouem
2709 3697 2762 3740 et
2793 3685 3000 3754 fugam.

2149 3779 2216 3832 Et
2271 3779 2412 3832 lianc
2463 3776 2687 3847 quidem
2740 3777 2999 3830 virtutem
3045 3785 3101 3829 et
3149 3774 3496 3829 divinitatem
3537 3774 3667 3829 olim

2084 3873 2234 3926 varia
2284 3868 2712 3939 praeligurabant
2763 3875 2818 3921 et
2871 3867 3314 3929 adumbrabant,
3366 3865 3669 3932 auditores,

2085 3959 2248 4015 modo
2277 3961 2432 4028 virga
2467 3958 2814 4028 prophetica,
2857 3973 2980 4027 quae
3024 3956 3317 4027 Egyptias
3366 3958 3672 4026 praestigias

2085 4052 2390 4114 devoravit,
2408 4053 2780 4120 populumque
2803 4065 2867 4103 ex
2885 4048 3142 4119 JEgyptia
3166 4049 3430 4104 servitute
3445 4047 3668 4102 eduxit:

2081 4141 2250 4196 modo
2281 4140 2429 4211 virga
2461 4141 2571 4193 ictu
2595 4155 2697 4193 suo
2721 4153 2788 4192 ex
2821 4147 2973 4206 petra
3005 4153 3160 4207 aquae
3187 4138 3402 4208 copiam
3419 4137 3672 4200 eliciens,

2084 4235 2321 4303 sitisque
2378 4243 2664 4301 urgentem
2727 4230 3109 4285 necessitatem
3165 4229 3467 4298 depellens,
3529 4237 3670 4291 tum,

2086 4340 2212 4380 cum
2245 4323 2482 4394 populus
2518 4323 2717 4377 itinere
2753 4337 2850 4392 per
2885 4321 3238 4376 solitudinem
3294 4319 3626 4389 fatigabatur
3655 4335 3672 4372 :

387 4389 701 4484 θὶίρᾱὰὲκ
737 4389 847 4468 καί
879 4415 978 4485 τῆς
1011 4413 1315 4485 ἱερωσύνης
1343 4412 1598 4484 δωρεῖται
1624 4411 1688 4466 τὸ
1727 4411 1972 4483 χάρισμα

2083 4389 2466 4473 υιοάιίὶιῖιιειη
2499 4413 2658 4469 ﬂoret
2687 4389 2858 4484 virga,
2907 4423 2962 4468 et
3009 4412 3305 4468 sacerdotii
3347 4412 3676 4482 dignitatem

387 4508 465 4580 τῷ
508 4507 871 4579 βλαστήματι.
928 4505 1044 4558 Νῦν
1091 4505 1138 4559 δ’
1178 4504 1286 4558 ύπδ
1333 4507 1592 4575 γέροντος
1636 4505 1977 4576 πατριάρχου

389 4600 804 4670 προσκυνεῖται,
846 4599 897 4651 εἰ
925 4598 1024 4650 καὶ
1071 4595 1364 4668 βασιλέως,
1396 4595 1514 4649 ἀλλ’
1546 4594 1674 4649 Υίοῦ
1702 4594 1982 4666 χρηματί-

355 4735 361 4741 .
388 4691 559 4756 ζουσα
585 4689 803 4761 ῥάϐδος.
834 4687 1010 4742 Τοῦτο
1038 4689 1148 4760 ἄρα
1180 4683 1271 4759 ἦν,
1303 4689 1540 4759 ἐπείπερ
1565 4685 1791 4758 ἔμελλεν
1820 4688 1855 4758 ἡ
1884 4683 1980 4741 τοῦ

391 4782 640 4854 σταυροῦ
661 4781 934 4852 σωτήριος
968 4780 1168 4852 ῥάϐδος
1205 4781 1268 4833 οὐ
1308 4780 1472 4850 μόνον
1502 4778 1608 4833 ὑπὸ
1653 4779 1845 4846 ἐθνῶν,
1885 4777 1983 4843 οὓς

389 4875 456 4945 δὴ
485 4873 854 4944 κληρονομίαν
887 4874 916 4924 ὁ
961 4871 1154 4944 Πατὴρ
1198 4871 1384 4926 δίδωσι
1428 4870 1510 4942 τῷ
1543 4871 1684 4942 Υίῷ,
1717 4871 1857 4926 ἀλλὰ
1890 4873 1984 4926 καὶ

394 4967 487 5018 ὑπ’
505 4964 672 5018 αὑτοῦ
702 4965 1132 5034 προσκυνεῖσθαι
1158 4961 1252 5017 τοῦ
1281 4963 1535 5034 γέροντος
1573 4962 1890 5035 Ἰσραὴλ,ὂς
1921 4964 1988 5036 δὴ

391 5062 538 5116 κατὰ
574 5064 752 5131 σάρκα
782 5059 1064 5131 γεννήτωρ
1085 5057 1242 5129 ὤφθη
1273 5057 1368 5112 τοῦ
1394 5057 1748 5132 γεννηθέντος
1787 5057 1988 5113 ἀπάτο-

393 5169 509 5223 ρος.
554 5153 778 5212 Πάντως
817 5150 875 5202 δὲ
909 5149 1065 5204 οὐδὲν
1089 5149 1412 5204 ὑπεναντίον
1436 5149 1514 5219 τῷ
1547 5149 1694 5220 λόγῳ
1721 5149 1755 5220 ἡ
1780 5149 1990 5203 τούτων

397 5243 562 5312 μέχρι
590 5240 686 5294 καὶ
719 5238 816 5294 νῦν
850 5239 992 5310 πρὸς
1019 5239 1323 5308 ἐπίγνωσιν
1351 5237 1616 5308 ἀναϐολὴ,
1653 5236 1817 5309 ειπερ
1845 5240 1991 5293 κατὰ

393 5333 455 5388 τὸ
473 5333 673 5401 λόγιον,
701 5327 848 5406 ἐὰνῇ
871 5334 901 5384 ό
920 5331 1154 5401 ἀριθμὸς
1180 5331 1292 5385 τῶν
1318 5329 1452 5384 υἱῶν
1465 5329 1798 5402 Ἰσραηλ,ὡς
1818 5331 1850 5403 ἠ
1881 5330 1990 5401 άμο

396 5443 498 5499 μσς
525 5425 628 5496 τῆς
654 5424 955 5496 θαλάσσης,
981 5425 1051 5479 τὸ
1079 5423 1458 5494 acutiusqu
1485 5423 1850 5492 σωθήσεται.
1882 5423 1992 5477 Σω-

393 5517 564 5590 τηρία
590 5517 638 5572 δ’
663 5517 766 5574 οὒκ
813 5515 965 5572 ἐστιν
1003 5518 1065 5572 ἐν
1094 5515 1241 5589 ἄλλῳ
1269 5515 1401 5584 τινὶ,
1429 5513 1464 5587 ἡ
1509 5512 1588 5585 τῷ
1616 5512 1985 5587 σταυρωθέντι

467 5713 512 5746 ’⁸
542 5711 651 5769 lsa.
683 5727 738 5779 ι,
762 5710 827 5766 2!
856 5724 872 5773 ;
899 5707 1057 5766 Rom.
1086 5724 1164 5776 Ix,
1190 5707 1280 5764 27.

2080 4508 2204 4579 ipso
2236 4521 2341 4564 suo
2372 4506 2619 4577 germine
2667 4507 2921 4560 confert:
2948 4504 3112 4559 modo
3145 4519 3175 4559 a
3217 4503 3533 4574 patriarcha
3559 4502 3676 4573 jam

2082 4599 2302 4653 seniore
2343 4593 2612 4649 aduratur
2657 4594 2789 4648 licet
2845 4593 3014 4664 regis,
3066 4602 3312 4649 attamen
3372 4591 3469 4646 lilii
3522 4594 3679 4664 virga

2083 4689 2254 4745 dicta.
2279 4688 2434 4754 Quod
2486 4687 2730 4752 accidit,
2762 4686 2890 4755 quia
2936 4685 3191 4738 futurum
3227 4691 3367 4748 erat,
3413 4690 3472 4737 ut
3523 4683 3676 4738 salu-

2087 4785 2224 4838 taris
2255 4783 2408 4852 virga
2438 4783 2618 4835 crucis
2645 4795 2756 4834 non
2799 4780 2976 4833 solum
3010 4794 3038 4831 a
3064 4777 3492 4846 gentilms,quas
3519 4775 3678 4831 Pater

2084 4874 2228 4930 Filio
2254 4889 2356 4929 suo
2383 4874 2476 4928 dat
2511 4888 2612 4942 pro
2643 4871 2982 4933 haereditate,
3016 4869 3363 4933 adoraretur,
3384 4870 3478 4922 sed
3508 4868 3679 4922 etiam

2084 4966 2302 5036 abipso
2328 4981 2459 5020 sene
2509 4963 2697 5028 Israel,
2749 4963 2842 5033 qui
2909 4962 3213 5016 secundum
3265 4976 3486 5014 carnem
3524 4969 3681 5029 pater

2084 5073 2207 5112 esse
2239 5058 2389 5110 visus
2417 5064 2503 5110 est
2530 5055 2675 5122 ejus,
2708 5053 2803 5123 qui
2840 5052 2961 5108 sine
2992 5059 3145 5121 patre
3175 5051 3395 5120 genitus
3423 5058 3532 5104 est.
3565 5049 3681 5106 Nec

2087 5146 2414 5202 adversatur
2451 5147 2689 5201 orationi
2723 5159 2878 5208 mem,
2913 5143 3058 5213 quod
3091 5144 3178 5198 isti
3214 5143 3281 5195 ad
3308 5143 3553 5197 veritatis
3579 5156 3680 5198 co-

2094 5242 2394 5311 guitiouein
2429 5241 2536 5295 huc
2582 5255 2760 5311 usque
2811 5247 3163 5304 cunctantur,
3204 5238 3331 5308 quia
3371 5238 3680 5292 secundum

2095 5333 2280 5388 divina
2305 5332 2556 5400 oracula,
2587 5333 2634 5388 si
2667 5346 2932 5386 numerus
2966 5330 3202 5383 filiorum
3232 5329 3396 5384 Israel
3426 5329 3592 5382 fuerit
3622 5337 3683 5382 ut

2097 5439 2266 5481 arena
2294 5427 2484 5490 maris,
2509 5423 2719 5478 residui
2743 5423 3093 5478 salvabuntur
3121 5421 3187 5474 ⁷⁸.
3217 5421 3380 5474 Salus
3409 5428 3590 5473 autem
3623 5420 3682 5475 in

2095 5516 2205 5572 alio
2240 5531 2352 5574 non
2377 5526 2458 5574 est
2499 5531 2664 5589 quam
2697 5515 2752 5570 in
2784 5512 3052 5570 cruciﬁxo
3082 5509 3682 5582 Unigenitoﬁcterum
