4098 6292
378 283 458 348 95

1598 279 1796 340 LEON
1815 278 1881 340 IS
1923 277 2398 341 PHILOSOPHI

3609 278 3682 337 96

386 401 569 446 vetera
604 387 802 452 hac,et
830 387 885 443 ld
919 403 1092 457 genus
1138 388 1269 456 alia,
1309 405 1430 461 quae
1462 391 1647 462 ﬁgurae
1678 402 1732 448 et
1780 392 1980 462 imagi-

2085 390 2165 460 τῷ
2196 392 2514 458 Μονογενεῖ.
2567 387 2726 446 Ἀλλὰ
2755 389 2824 442 τὰ
2863 389 2962 461 μὲν
2994 387 3198 445 παλαιὰ
3229 387 3425 455 ταῦτα,
3460 390 3552 441 καὶ
3577 389 3682 442 ὅσα

387 498 487 539 nes
541 483 723 538 crucis
773 483 1233 548 nominabantur,
1283 498 1390 537 nou
1439 484 1601 539 facile
1649 476 1734 539 est
1793 488 1980 538 animo

387 573 876 645 comprehendere.
927 571 1146 627 nedum
1168 574 1354 630 verbis
1383 575 1596 646 eloqui.
1617 575 1699 631 At
1728 575 1976 632 recentia

388 680 510 737 qua!
532 667 556 719 τ

460 757 576 811 Hac
621 765 909 829 martyres
936 762 1139 812 armati
1188 758 1535 829 principatus
1579 767 1632 813 et
1679 764 1981 829 potestates

388 850 657 920 principis
697 850 868 920 hujus
929 852 1121 906 mundi
1174 862 1530 918 everterunt;
1573 853 1674 906 hac
1718 851 1980 905 mulieres

367 943 756 1010 -,mortiticatae,
792 957 916 997 eum
949 944 1043 1013 qui
1078 947 1275 1014 potens
1307 945 1475 999 est'in
1512 945 1823 1014 iniquitate,
1856 944 1981 997 loco

389 1033 625 1103 improbi
677 1032 941 1102 mancipii
1007 1035 1344 1101 habuerunt,
1397 1036 1608 1091 cladem
1651 1052 1678 1089 a
1728 1035 1981 1090 muliebri

389 1131 588 1178 natura
616 1123 822 1177 illatam
873 1127 976 1179 hoc
1006 1123 1126 1193 ipso
1170 1128 1562 1182 resarcientes.
1601 1125 1716 1181 Hac
1754 1126 1983 1196 insuper

389 1214 564 1269 divini
601 1215 1036 1288 pastores‘l‘eras
1068 1216 1138 1270 ab
1173 1217 1303 1270 ovili
1339 1225 1616 1283 arcentes,
1651 1232 1867 1288 gregem
1912 1217 1981 1271 ab

390 1307 611 1363 insidiis
641 1317 814 1362 tutum
846 1317 1131 1377 prmstant.
1170 1309 1287 1364 ilac‘
1334 1311 1589 1365 homines
1625 1310 1805 1375 obliti,
1836 1310 1980 1380 quod

389 1401 574 1454 carnis
623 1400 862 1469 pondere
906 1408 1339 1470 praegravantur,
1385 1402 1452 1455 ad
1497 1403 1813 1472 angelorum
1845 1416 1978 1457 con-

390 1493 625 1548 sortium
657 1493 964 1559 elevantur,
992 1495 1158 1546 vitam
1207 1495 1261 1548 in
1313 1501 1460 1548 terra
1489 1495 1676 1549 carnis
1699 1505 1979 1564 expertem
2014 1535 2018 1537 »

389 1572 652 1656 degentes
674 1603 693 1650 ';
726 1583 838 1639 haec
874 1583 1247 1640 Ecelesiarum
1290 1585 1709 1641 fundamentum
1742 1596 1847 1651 est,
1892 1601 1984 1642 sa-

385 1679 674 1732 cerdotum
707 1677 902 1747 gloria,
933 1693 1121 1747 regum
1178 1694 1408 1742 corona,
1451 1681 1740 1737 civitatum
1790 1680 1981 1734 ﬁrma-
2011 1718 2021 1747 ς

392 1776 658 1830 mentum,
694 1768 912 1823 urbium
940 1763 1221 1823 hostilium
1262 1771 1500 1833 eversio,
1544 1770 1783 1825 ﬁdelium
1818 1771 1977 1826 auxi-

393 1860 547 1924 lium,
577 1859 690 1914 hrec
715 1862 886 1915 totius
913 1859 1104 1914 mundi
1142 1862 1390 1915 custodia
1422 1869 1526 1917 est.
1565 1861 1690 1916 Haec
1715 1862 1979 1918 distantia

391 1951 700 2021 conjunxit,
730 1953 1035 2007 inimicitia:
1084 1954 1350 2022 parietem
1391 1954 1743 2025 interiectum
1775 1956 1978 2012 dissol-
2017 1943 2022 1946 ’

391 2041 490 2102 vit,
518 2056 707 2111 pacem
740 2045 1098 2100 terrestribus
1122 2054 1177 2101 et
1201 2047 1525 2103 caelestibus
1559 2047 1878 2117 impertivit.
1909 2048 1979 2102 At

385 2149 426 2188 ὀ
460 2131 704 2189 Verbum
761 2134 854 2189 Dei
911 2135 1078 2202 Deus,
1128 2139 1221 2208 qui
1273 2138 1548 2194 hominem
1594 2140 1838 2196 bonitate
1882 2153 1978 2195 tua

392 2224 712 2289 condidisti,
746 2225 953 2281 invidia
985 2243 1115 2282 vero
1148 2229 1422 2298 perditum
1456 2238 1510 2284 et
1537 2247 1635 2301 per
1672 2231 1877 2302 lignum
1911 2231 1980 2287 ad

388 2324 633 2367 extrema
698 2315 1042 2372 sublimioris
1089 2318 1218 2372 vitae
1265 2319 1572 2390 delapsum,
1626 2338 1823 2379 rursus
1881 2339 1981 2394 per

391 2405 599 2475 lignum
633 2406 686 2460 in
721 2406 1013 2477 pristinam
1048 2408 1512 2478 impatibilitatem
1538 2413 1862 2478 restituisti,
1884 2415 1980 2485 qui

389 2495 561 2565 guttis
595 2496 825 2565 pretiosi
855 2499 1144 2567 sanguinis
1171 2500 1456 2556 tuiemiSti
1490 2501 1637 2567 illos,
1669 2506 1764 2574 qui
1785 2517 1981 2574 sponte

393 2587 444 2640 tu
481 2589 691 2656 peccati
722 2590 1047 2646 servitutem
1075 2602 1489 2657 concesserant,
1520 2597 1722 2667 quique
1761 2614 1979 2668 gregem

389 2683 445 2731 et
481 2681 743 2747 populum
778 2681 1111 2750 peculiarem
1153 2683 1253 2738 tibi
1285 2688 1646 2753 constituisti,
1683 2689 1844 2758 cujus
1881 2707 1980 2744 cu-

390 2784 508 2825 iam
575 2777 630 2824 et
681 2770 1069 2841 prafeeturam
1104 2775 1308 2840 nobis,
1367 2778 1473 2832 etsi
1533 2779 1977 2847 immerentibus,

389 2861 741 2924 concessisti,
761 2862 965 2933 largire
997 2865 1157 2920 nobis
1189 2880 1411 2922 crucem
1432 2876 1604 2937 tuam,
1637 2869 1975 2926 salutiferam

391 2951 542 3006 illam
577 2961 964 3020 armaturam,
990 2955 1047 3009 in
1083 2955 1510 3027 inexpugnabile
1554 2958 1881 3026 subsidium,
1918 2971 1977 3017 ut

2083 481 2238 547 ἄλλα,
2271 483 2379 536 οὐδ’
2411 483 2505 535 ἐπὶ
2540 481 2662 534 νοῦν
2691 482 2874 534 λαῆεῑν
2903 481 3108 554 ῥᾴδιον,
3145 480 3222 552 μὴ
3260 481 3411 549 δτιγε
3447 479 3535 533 διὰ
3560 496 3704 550 χεια-

2082 573 2219 628 λέων
2251 575 2538 645 προάγειν,
2572 572 2608 627 ἃ
2637 573 2798 626 τύποι
2845 573 2940 626 καὶ
2989 573 3350 643 είκονίσματα
3384 574 3476 625 τοῦ
3509 588 3681 624 σταυ-

2087 661 2180 732 ροῦ
2213 663 2600 733 ἐχρημάτιζον.
2631 663 2712 715 Τὰ
2743 663 2801 715 δὲ
2824 661 2920 716 νέα
2949 665 3148 729 όποῐα;

2155 754 2344 824 Τούτῳ
2370 756 2650 825 μάρτυρες
2675 753 3030 824 ὁπλισάμενοι
3084 755 3182 818 τὰς
3214 753 3391 825 ἀρχὰς
3439 754 3535 809 καὶ
3577 753 3682 819 τὰς

2083 845 2333 911 ἐξουσίας
2377 847 2638 907 ,καθεῖλον
2695 846 2789 901 τοῦ
2852 850 3322 920 κοσμοκράτορος,
3371 850 3550 919 τούτῳ
3582 851 3681 902 καὶ

2085 941 2350 1006 γυναῖκες
2371 938 2758 1010 νεκρούμεναι,
2789 939 3040 1009 καθάπερ
3071 939 3418 1011 τραυματίαν
3449 939 3686 1010 ἡγούμε-

2081 1045 2172 1082 ναι
2195 1028 2289 1082 τδν
2314 1029 2540 1084 δυνατὸν
2578 1031 2636 1081 ὲν
2673 1029 2865 1098 κακίᾳ,
2909 1031 3145 1101 νεανικῷ
3177 1031 3301 1084 ποδὶ
3332 1030 3433 1102 τὴν
3463 1031 3680 1084 ἐκείνου

2083 1120 2473 1190 κατεπάτησαν
2504 1119 2769 1192 κεφαλὴν,
2812 1124 2870 1174 ἐν
2912 1120 3087 1192 τούτῳ
3118 1121 3216 1192 τὴν
3245 1116 3416 1192 ἧτταν
3445 1123 3542 1192 τῆς
3577 1140 3680 1190 γυ·-

2083 1213 2331 1278 ναικείας
2380 1212 2821 1279 ἀνακαλούμεναι
2874 1213 3109 1282 φύσεως.
3154 1214 3346 1284 Τούτῳ
3396 1215 3492 1268 καὶ
3543 1214 3682 1270 θεῖοι

2083 1303 2345 1374 ποιμένες
2378 1304 2480 1374 τῆς
2521 1306 2762 1378 μάνδρας
2817 1305 3218 1370 ἀποσοϐοῦντες
3269 1307 3340 1361 τὰ
3391 1307 3584 1378 θηρία,
3618 1308 3683 1361 τὸ

2085 1397 2337 1466 ποίμνιον
2390 1397 2840 1453 ἀνεπιϐούλευτον
2907 1399 3252 1464 διασώζουσι.
3312 1400 3502 1470 Τούτῳ
3579 1402 3684 1471 τῆς

2086 1487 2292 1555 σαρκὸς
2321 1488 2420 1560 τὴν
2470 1488 2718 1559 ἀνάγκην
2763 1489 3042 1561 ἄνθρωποι
3072 1491 3332 1555 λαθόντες
3363 1491 3521 1563 πηλῷ
3550 1510 3680 1546 συν-

2083 1579 2406 1649 δεδεμένοι..
2430 1584 2540 1645 τοῖς
2569 1582 2826 1650 ἀγγέλοις
2897 1584 3466 1655 συμμετεωρίζονται,
3503 1585 3681 1656 acap-

2085 1688 2182 1726 κον
2207 1675 2266 1725 ὲν
2303 1675 2376 1744 γῇ
2420 1673 2708 1727 πολιτείαν
2726 1675 3182 1745 ἐπιδεικνύμενοι.
3219 1675 3392 1730 Τοῦτο
3429 1677 3682 1747 θεμέλιος

2081 1764 2190 1817 τῶν
2229 1765 2558 1835 ἐκκλησιῶν,
2586 1767 2775 1837 ἱερέων
2804 1766 2952 1833 δόξα,
2980 1768 3248 1838 βασιλέων
3274 1769 3546 1838 διάδημα,
3575 1770 3682 1822 πό-

2078 1856 2220 1910 λεων
2249 1858 2535 1928 ὀχύρωμα,
2584 1858 2755 1912 ἐθνῶν
2791 1859 3071 1929 πολεμίων
3125 1861 3432 1932 ἀνατροπὴ,
3467 1861 3682 1915 πιστῶν

2082 1944 2393 2019 συμμαχία.
2430 1948 2602 2002 Τοῦτο
2645 1950 2848 2014 παντὸς
2883 1950 2976 2004 τοῦ
3017 1951 3227 2024 κόσμου
3275 1953 3676 2024 φυλακτήριον,

2079 2040 2241 2094 τοῦτο
2264 2041 2336 2093 τὰ
2373 2040 2636 2094 διεστῶτα
2668 2024 3100 2114 συνήγαγε,’τῆς
3135 2044 3337 2117 ἔχθρας
3367 2043 3584 2114 διέκοψε
3615 2045 3680 2098 τὸ

2086 2135 2426 2205 μεσότοιχον,
2464 2135 2692 2211 εἰρήνην
2733 2137 2848 2197 τοίς
2895 2137 2952 2212 ὲν
2987 2138 3058 2206 γῇ
3103 2130 3211 2189 καί
3243 2136 3462 2207 οὐρανῷ
3509 2135 3682 2206 ἐϐράδ-

2081 2225 2296 2280 6ευσεν.
2331 2225 2495 2294 ’Δλλ’,
2525 2220 2571 2279 ὧ
2597 2227 2739 2295 Λόγε
2767 2225 2925 2296 Θεοῦ,
2962 2229 2990 2280 ὁ
3018 2227 3233 2290 πλάσας
3262 2229 3363 2298 μὲν
3399 2227 3487 2282 ἐπ’
3519 2229 3679 2298 εὐερ-

2082 2321 2245 2389 γεσίᾳ
2283 2319 2375 2372 τὸν
2433 2318 2745 2390 ἄνθρωπον,
2779 2318 3118 2391 φθονηθέντα
3158 2319 3217 2372 δὲ
3259 2320 3356 2372 καὶ
3396 2319 3486 2374 διὰ
3512 2319 3678 2386 ξύλου

2081 2413 2220 2482 πρὸς
2247 2412 2513 2481 ἐσχατιὰν
2546 2411 2647 2481 τῆς
2678 2410 2890 2481 ὑψηλῆς
2911 2411 3188 2475 πολιτείας
3213 2411 3679 2483 ἀπολισθήσαντα,

2083 2502 2252 2556 πάλιν
2315 2500 2405 2555 διὰ
2431 2483 2616 2565 ’ξύλου
2664 2500 2960 2568 ἀναγαγὼν
2998 2504 3090 2585 ,εἰς
3127 2501 3225 2570 τὴν
3277 2503 3506 2573 πρώτην
3530 2503 3681 2556 ἁπά-

2083 2595 2255 2659 θειαν,
2294 2594 2323 2646 ό
2349 2593 2604 2661 σταγόσιν
2647 2593 2882 2663 αἵματος
2935 2595 3118 2664 τιμίου
3171 2594 3512 2664 ἐξαγοράσας
3547 2594 3680 2659 τοὺς

2081 2685 2561 2757 αὑτοπροαιρέτως
2599 2684 3112 2751 καταδουλωθέντας
3159 2688 3224 2756 τῇ
3273 2685 3544 2756 ἁμαρτίᾳ,
3581 2687 3683 2739 καὶ

2082 2777 2336 2848 ποίμνιον
2383 2777 2479 2831 καὶ
2536 2777 2666 2830 λαὸν
2710 2767 3163 2847 ὑποστησάμενος
3209 2777 3563 2847 περιούσιον,
3613 2771 3679 2831 οὗ

2079 2868 2181 2941 τὴν
2217 2870 2522 2941 ἐπιτροπὴν
2577 2869 2672 2922 καὶ
2706 2868 3045 2940 προστασίαν
3075 2870 3207 2940 ἡμῖν
3230 2869 3281 2922 εἰ
3312 2869 3411 2924 καὶ⁸
3433 2866 3680 2933 ἀναξίοις

2084 2961 2451 3032 ἐνεχείρισας,
2510 2961 2657 3014 δίδου
2716 2961 2812 3013 τὸν
2863 2959 2954 3013 σὸν
3014 2960 3252 3032 σταυρὸν
3289 2959 3352 3014 τὸ
3409 2960 3682 3030 σωτήριον

389 3043 820 3112 inaspectabile's
847 3046 1066 3116 quidem
1097 3047 1283 3103 hostes
1309 3049 1500 3118 perdat
1533 3052 1587 3105 in
1624 3051 1814 3120 ﬁnem,"
1836 3071 1976 3125 quos

2086 3051 2253 3106 ὅπλον
2283 3053 2364 3117 εἰς
2400 3052 2656 3122 βοήθειαν
2696 3048 3145 3122 ἀπροσμάχητον,
3181 3051 3409 3122 ἐχθροὺς
3436 3051 3538 3122 μὲν
3562 3052 3680 3106 ὅσοι

393 3150 524 3188 vero
546 3135 770 3190 dextera
801 3143 893 3190 tua
921 3142 1371 3195 conservos'esse
1411 3142 1559 3206 fecit,
1585 3146 1982 3202 sententiarum

390 3236 572 3280 autem
605 3227 845 3282 varietas
875 3227 1158 3295 distraxit,
1193 3231 1294 3286 bos
1323 3248 1419 3305 per
1449 3249 1672 3289 crucem
1707 3252 1772 3291 eo
1809 3254 1987 3309 usque

395 3318 633 3381 instrue,
668 3319 850 3386 quoad
887 3320 1339 3384 reconcilientur,
1383 3330 1439 3379 et
1471 3326 1771 3381 amicitiam
1798 3329 1986 3385 ineant

391 3424 517 3464 cum
549 3409 635 3464 his
661 3411 754 3480 qui
792 3419 845 3465 te
872 3421 1200 3482 agnosmmt,
1223 3415 1372 3484 quod
1399 3432 1498 3487 pro
1522 3420 1768 3474 omnium
1806 3423 1984 3479 salute

391 3511 614 3552 crucem
647 3498 910 3563 subieris,
953 3509 1014 3555 ut
1054 3516 1245 3557 omnes
1283 3520 1392 3560 uno
1437 3522 1533 3561 ore
1573 3517 1626 3562 et
1676 3525 1788 3565 uno
1816 3512 1985 3567 corde

398 3598 555 3644 tuum
594 3599 847 3647 sanctum
883 3606 1086 3647 nomen
1125 3594 1489 3663 celebremus,
1528 3602 1658 3670 quia
1712 3611 1866 3657 tuum
1904 3611 1991 3659 est

395 3696 626 3752 regnum
681 3694 735 3737 et
771 3683 965 3752 gloria,
1032 3701 1182 3742 nunc
1221 3695 1275 3744 et
1318 3704 1534 3760 semper
1581 3702 1635 3748 et
1684 3694 1741 3749 in
1790 3696 1993 3750 saecula.

391 3773 738 3832 saeculorum.
767 3777 941 3830 Amen
961 3777 1094 3851 (29).

994 4026 1252 4086 ORATIO
1304 4031 1347 4086 X
1359 4067 1374 4083 .

392 4130 464 4188 In
499 4150 751 4206 magnust
781 4154 844 4193 ac
882 4140 1124 4196 salutare
1166 4145 1416 4200 adversus
1441 4156 1669 4203 mortem
1691 4152 1980 4206 excitatura

966 4222 1221 4282 tropwum
1266 4217 1410 4285 (50)..

2094 3142 2317 3211 ἀόρατοι
2346 3141 2631 3196 ἀπολλύων
2659 3143 2740 3204 εἰς
2778 3138 2950 3206 τέλος,
2982 3136 3077 3205 οὓς
3105 3141 3162 3194 δὲ
3195 3143 3520 3211 ὁμοδούλους
3545 3144 3578 3213 ἠ
3610 3141 3681 3213 σὴ

2059 3235 2197 3306 .μὲν
2256 3235 2588 3307 δημιουργὸς
2651 3234 3100 3305 ὲπλαστόύργησε
3160 3233 3329 3300 δεξιὰ,
3380 3234 3577 3304 γνώμη
3633 3235 3681 3287 δ’

2093 3330 2392 3382 ὑπεναντία
2417 3316 2688 3398 διέστησε,
2728 3326 3029 3390 τούτουςιδὲ
3057 3327 3146 3380 διὰ
3177 3326 3274 3381 τοῦ
3309 3326 3548 3399 σταυροῦ
3583 3328 3682 3380 ἐπὶ

2090 3421 2346 3474 τοσοῦτον
2371 3419 2665 3486 παιδεύων,
2699 3421 2822 3474 ὅσον
2857 3422 2938 3484 εἰς
2980 3418 3038 3473 ἓν
3071 3420 3517 3492 συμϐισασθῆναι
3562 3424 3678 3486 τοῖς

2091 3530 2151 3566 σε
2194 3511 2565 3581 γινώσκουσι,
2627 3513 2711 3565 ὅτι
2769 3511 2911 3583 ὑπὲρ
2959 3514 3062 3583 τῆς
3121 3510 3338 3567 πάντων
3401 3514 3681 3584 σωτηρίας

2090 3605 2324 3676 σταυρὸν
2372 3605 2707 3674 ὑπέμεινας,
2762 3605 2851 3656 ἵνα
2902 3605 3105 3666 πάντες
3170 3604 3252 3658 ἑνὶ
3308 3605 3540 3675 στόματι
3587 3607 3683 3658 καὶ

2089 3699 2189 3766 μιᾷ
2236 3696 2433 3768 καρδίᾳ
2464 3696 2526 3747 τὸ
2569 3696 2662 3749 σὺν
2714 3695 2973 3767 ὑμνῶμεν
3022 3697 3292 3764 πανάγιον
3351 3696 3545 3768 ὄνομα,
3595 3696 3688 3751 δτι

2085 3789 2181 3841 σοῦ
2213 3789 2362 3841 ἐστιν
2395 3787 2429 3858 ἡ
2470 3784 2716 3858 βασιλεία
2765 3790 2862 3842 καὶ
2907 3790 2940 3857 ἠ
2981 3788 3130 3855 δόξα,
3166 3786 3262 3842 νῦν
3305 3789 3400 3842 καὶ
3425 3789 3533 3857 ἀεὶ,
3583 3792 3682 3844 καὶ

2087 3881 2168 3944 εἰς
2199 3880 2326 3943 τοὺς
2351 3879 2556 3943 αἰῶνας
2592 3883 2701 3934 τῶν
2740 3881 2975 3937 αἰώνων.
3018 3881 3216 3953 Ἀμήν.

2721 4043 2943 4095 ΛΟΓΟΣ
2988 4041 3046 4097 ι’.

2083 4155 2190 4221 Εἰς
2228 4157 2296 4212 τὸ
2342 4159 2496 4231 μέγα
2542 4153 2649 4220 ικαὶ
2689 4154 2990 4278 σωτέριον
3060 4157 3213 4214 κατὰ
3250 4159 3358 4214 τοῦ
3415 4159 3682 4224 θανάτρυ

2741 4241 2810 4278 το
2849 4242 3051 4278 amor.

2741 4241 3051 4293 τροπαιον.

1566 4335 1884 4404 (Consus.
1918 4343 2143 4394 Auctar.
2181 4357 2232 4408 p.
2269 4338 2456 4410 1691.)

465 4414 825 4477 Resurrectio
872 4421 980 4475 mei
1033 4419 1161 4477 Jesu
1219 4438 1282 4478 ac
1319 4424 1438 4491 Dei,
1491 4429 1807 4497 mortuique
1849 4433 1980 4485 Adae
2012 4435 2058 4489 D

397 4508 463 4563 ad
497 4510 666 4564 vitam
696 4509 1000 4566 revocatio.
1037 4513 1098 4566 In
1121 4513 1250 4567 vitae
1308 4515 1587 4570 hilaritate
1632 4517 1828 4573 festam
1858 4521 1985 4575 vita:

391 4597 741 4653 celebremus
773 4599 940 4655 diem.
971 4598 1303 4656 Resurrexit
1355 4602 1634 4666 Christus,
1686 4605 1880 4662 inferis
1902 4609 1984 4664 .in

391 4687 765 4757 captivitatem
806 4691 1094 4770 redactis,
1125 4708 1191 4748 ac
1228 4694 1482 4750 libertate
1521 4699 1844 4752 annuntiata
1887 4715 1986 4753 ca-

395 4777 590 4848 ptivis;
651 4779 908 4837 laudibus
966 4771 1298 4838 extollamus
1357 4785 1709 4841 liberatorem
1763 4808 1776 4842 :
1837 4789 1984 4846 Mors

390 4871 446 4924 in
473 4871 694 4927 uictoria
727 4887 759 4928 a
794 4880 968 4928 morte
987 4872 1239 4944 absorpta
1264 4885 1344 4929 est
1367 4876 1414 4907 ⁷⁵
1439 4895 1453 4943 ;
1506 4876 1836 4949 fugaturque
1861 4897 1984 4936 cor-

467 4982 515 5014 ⁷⁸
553 4964 754 5038 Ινεοιο.
788 4999 880 5050 xv,

2169 4433 2496 4494 Ἀνάστασις
2549 4430 2644 4484 τοῦ
2695 4431 2832 4502 ἐμοῦ
2874 4431 3049 4502 Ἰησοῦ
3097 4433 3193 4488 καὶ
3242 4433 3402 4500 Θεοῦ,
3437 4436 3534 4490 καὶ
3581 4439 3680 4492 τοῦ

2090 4524 2461 4594 νεκρωθέντος
2501 4523 2673 4592 Ἀδὰμ
2705 4524 3005 4586 ἀναὸίωσις
3025 4543 3039 4556 ·
3080 4527 3139 4580 ἐν
3171 4527 3489 4598 φαιδρότητι
3509 4529 3679 4599 ζωῆς,

2088 4616 2190 4684 τῆς
2225 4616 2375 4684 ζωῆς
2404 4614 2503 4686 τὴν
2526 4617 2838 4685 πανήγυριν
2884 4616 3256 4688 ἑορτάσωμεν.
3301 4619 3538 4689 Χριστὸς
3585 4622 3682 4674 ἀν·-

2091 4706 2223 4776 έατη
2251 4707 2342 4759 τὸν
2371 4707 2504 4776 ᾅδην
2551 4707 2984 4785 αἰχμαλωτίσας,
3018 4712 3115 4762 καὶ
3158 4712 3274 4774 τοῖς
3307 4711 3681 4782 αἰχμαλώτοις

2090 4797 2407 4870 ἐλευθερίαν
2447 4799 2725 4869 κηρύξαςο
2767 4799 3085 4875 δοξάσωμεν
3129 4802 3219 4855 τὸν
3283 4803 3677 4874 ὲλευθερωτήν.

2091 4888 2197 4953 Εἰς
2248 4889 2418 4956 νῖκος
2463 4889 2542 4959 τῷ
2600 4889 2818 4962 θανάτῳ
2868 4891 3132 4958 θάνατος
3199 4879 3532 4964 κατεπόθη,
3581 4897 3681 4949 καὶ

1934 5085 1982 5138 Ν
1987 5083 2170 5141 οΤΛΕ.

466 5167 577 5239 (‘29)
619 5168 852 5226 Exstant
878 5173 932 5226 in
966 5173 1297 5232 bibliotheca
1329 5172 1594 5232 Bavarica
1624 5192 1819 5234 novem
1855 5177 1977 5234 alia:

393 5240 672 5315 orationes
709 5242 871 5310 hujus
899 5244 1271 5314 imperatoris,
1303 5263 1538 5315 quorum
1569 5248 1760 5303 titulos
1797 5260 1853 5305 et
1890 5250 1976 5304 in-

394 5305 732 5388 scriptiones
759 5305 1047 5388 enumerat
1078 5305 1431 5372 Bibliotheca
1455 5318 1686 5373 Gesner.
1709 5318 1976 5388 Epitome,

392 5394 533 5458 quas
580 5394 645 5434 ex
695 5380 958 5438 Bavarico
1006 5387 1129 5440 cod.
1157 5388 1494 5458 exscriptos,
1521 5397 1577 5443 et
1628 5390 1681 5443 in
1726 5380 1980 5445 Latinam

396 5449 647 5530 linguam
665 5465 964 5530 conversas
990 5465 1124 5530 ante
1136 5449 1358 5530 aliquot
1377 5449 1550 5512 annos
1576 5461 1974 5530 evulgavimus.

393 5521 725 5573 Asservatur
756 5522 807 5574 in
841 5525 1030 5578 eadem
1069 5521 1407 5583 bibliotheca
1450 5521 1987 5585 volumen'homilia-

392 5602 525 5668 tum
567 5587 854 5668 Philotbei
889 5597 1216 5668 patriarcha:
1264 5598 1862 5668 Constantinopolitani
1888 5617 1902 5665 ;
1932 5611 1988 5657 et

395 5657 616 5738 quidem
654 5660 801 5738 illius
829 5657 1091 5728 homiliaa,
1124 5683 1248 5738 qua:
1271 5676 1356 5723 est
1388 5668 1444 5722 in
1473 5657 1772 5724 secuit-dam
1803 5657 1988 5726 Donni-

393 5731 575 5785 uicam
606 5740 728 5797 post
762 5731 1156 5806 Pentecosten,’
1188 5739 1325 5795 idem
1359 5754 1590 5810 prorsus
1631 5741 1847 5797 initium
1879 5752 1987 5812 est,

2086 5178 2234 5261 quod
2267 5179 2645 5261 huj_us_,_quam
2673 5196 2786 5252 prae
2806 5185 3071 5261 manibus
3097 5188 3357 5248 habemus
3385 5196 3671 5261 orationis,

2087 5246 2148 5305 tit
2180 5246 2407 5336 proinde
2431 5246 2777 5336 Philothe'nm
2804 5257 2857 5309 id
2881 5271 2947 5310 ex
2976 5257 3156 5336 Leone
3183 5246 3674 5336 suuiegitse'bib‘é.’

2089 5331 2218 5386 teat,
2254 5321 2475 5408 quippe
2493 5322 2862 5408 posteriorem
2885 5341 2949 5380 cx
2987 5330 3204 5398 priore;
3235 5329 3282 5385 sl
3312 5321 3424 5388 .an
3447 5321 3677 5408 uterque

2089 5406 2156 5445 ex
2191 5391 2429 5461 quodam
2463 5393 2628 5446 tertio
2656 5396 2888 5461 accepit.

2164 5461 2276 5542 (30)
2306 5459 2572 5544 videatur
2603 5463 2718 5516 inec
2741 5459 2942 5521 Leonis
2970 5467 3282 5525 orationum
3308 5473 3440 5544 iere
3466 5477 3672 5544 palma-

2085 5530 2206 5614 ria,_
2226 5530 2322 5614 sic-
2340 5531 2501 5614 docte
2525 5544 2849 5614 presseque,
2880 5543 2995 5591 tum
3032 5547 3224 5614 nostra
3256 5530 3671 5614 edisserit,itum

2085 5601 2330 5682 traducit
2393 5601 2645 5657 externa.
2700 5604 2885 5660 Multis
2932 5611 3279 5666 emendatior
3369 5601 3535 5670 rodit,
3567 5601 3674 5687 ope

2087 5669 2243 5739 Regii
2277 5671 2429 5738 eod.,
2459 5688 2524 5728 ex
2549 5689 2662 5739 quo
2719 5674 2985 5734 edendam
3028 5682 3218 5739 putavi
3266 5629 3526 5739 coflaiam
3549 5703 3672 5739 cum

2087 5669 2429 5796 .eod.,
2459 5688 2524 5728 ex
2549 5689 2662 5742 quo
2719 5674 2985 5734 edendam
3028 5682 3218 5749 putavi
3266 5669 3526 5742 collatam
3549 5669 3672 5744 ch‘m

2087 5757 2276 5800 cuius.
