4086 6298
332 310 401 376 97
1046 304 1334 367 ORATIO
1372 306 1427 365 Χ
1479 329 1547 345 -
1570 304 1657 366 ΙΝ
1691 305 2127 369 DOMINICAM
2167 308 2902 378 RESURRECTIONEM.
3545 315 3620 379 9R

332 422 512 495 φθορὰ
554 420 956 492 φυγαδεύεται,
1032 420 1129 471 καὶ
1187 417 1538 471 πολιτεύεται
1607 418 1922 488 ἀφθαρσίαο

2032 422 2213 491 ruptio
2241 431 2295 475 et
2330 423 2609 487 interitus,
2636 437 2701 477 ac
2731 423 3081 493 incorruptio
3114 430 3350 503 regnat:
3377 422 3625 487 Jubilate

342 512 707 577 Ἀλωιάξατε
726 510 805 577 τῷ
822 509 963 575 Θεῷ,
986 507 1159 563 πᾶσα
1185 510 1224 577 ὴ
1246 507 1344 578 τῆ·
1365 510 1636 563 ἁναόοᾶτε
1658 510 1756 579 τήν
1771 512 1930 564 δυνα-

334 607 519 660 στείαν
542 602 711 657 αὑτοῦ
735 618 751 633 ·
787 600 1101 674 καθῄρηται
1133 600 1163 652 6
1207 599 1483 662 ἀντίδικος
1504 614 1519 629 ·
1569 601 1599 652 ό
1635 600 1929 670 ὑπερήφαο

333 712 425 759 νος
484 695 923 748 τεταπείνωταιο
968 694 997 746 ὁ
1058 692 1314 762 δεσμίους
1374 691 1643 761 κατέχων,
1704 691 1927 761 δεσμοῖς

333 788 763 858 περιδῶληταιν
825 789 854 838 ὁ
903 786 967 838 τὸ
1016 786 1171 854 γένος
1241 785 1544 853 ἀφανίζων,
1618 784 1874 842 ἀπώλετο
1906 801 1920 818 ⁸

331 882 570 951 Χριστὸς
605 881 667 947 ἐξ
697 879 826 954 ᾅδου
877 878 1284 948 τροπαιοφόρος
1309 917 1324 941 ,
1370 878 1457 940 τίς
1498 879 1561 930 οὐ
1597 879 1925 950 προῦπαντᾷ

330 967 423 1021 τοῦ
457 967 705 1020 τοιούτου
754 967 1039 1037 τροπαίου,
1074 968 1201 1019 ποσὶ
1249 966 1345 1019 καὶ
1388 969 1596 1035 φωναῖς
1627 968 1811 1033 ἀξίαις
1848 970 1925 1039 τῷ

331 1062 565 1129 νικητῇ;
612 1059 812 1130 ’ᾼδέτω
862 1058 1068 1113 ἄνωθεν
1100 1058 1129 1111 ὁ
1161 1059 1412 1128 οὐρανὸς,
1445 1058 1542 1112 καὶ
1575 1060 1650 1129 γῆ
1677 1060 1925 1114 κάτωθεν

331 1150 398 1204 τὰ
427 1151 726 1221 νικητήρια
752 1150 999 1221 ᾄσματα.
1032 1150 1148 1209 Νῦν
1179 1150 1403 1220 ἄγγελοι
1421 1151 1881 1219 δοξολογείτωσαν
1906 1171 1920 1184 ·

329 1242 425 1297 νῦν
448 1241 731 1313 ἄνθρωποι
786 1242 1188 1313 χορευέτωσαν,
1222 1243 1447 1313 εἰρήνης
1476 1245 1661 1306 αὐτοῖς
1687 1246 1919 1312 ἀναφαιο

330 1336 489 1406 ρὲτου
513 1336 916 1406 δεδωρημένης.
957 1335 1210 1391 Ἐκτεινε
1263 1335 1372 1405 γὰρ
1406 1336 1503 1405 τὴν
1532 1336 1739 1405 ἔχθραν
1765 1339 1822 1388 ὲν
1855 1339 1921 1407 τῇ

332 1426 499 1497 σαρκὶ
522 1427 961 1487 συναποκτείνας
994 1427 1131 1494 αὐτῇ
1159 1426 1251 1478 τὸν
1274 1425 1479 1497 ταύτης
1508 1429 1745 1495 πατέρα,
1775 1427 1805 1478 ὁ
1834 1428 1924 1497 σή-

331 1535 501 1589 μερον
536 1515 557 1555 ι
580 1518 657 1581 ὡς
713 1517 779 1570 ὲκ
839 1516 1116 1580 παστάδος
1169 1515 1453 1586 προελθὼν
1481 1516 1577 1570 τοῦ
1605 1517 1801 1586 τάφου,
1833 1517 1923 1569 δε-

331 1609 487 1679 σμῶν
521 1610 762 1663 αἰωνίων
826 1610 924 1663 καὶ
979 1609 1169 1666 πυλῶν
1214 1606 1312 1664 τοῦ
1373 1609 1608 1664 θανάτου
1654 1608 1922 1680 κρείττων

338 1703 644 1773 γενόμενος.
673 1702 791 1757 Νῦν
815 1704 952 1772 ἡμῖν
986 1700 1179 1755 πασῶν
1223 1700 1450 1771 ἑορτῶν,
1476 1702 1578 1770 ὅση
1622 1703 1680 1760 ὲν
1705 1702 1923 1770 ὁρατοῖς

2037 514 2143 568 Deo
2171 515 2343 568 omnis
2374 528 2521 568 terra
2542 516 2624 582 7';
2652 516 2764 569 alto
2789 516 2940 571 vocis
2964 518 3243 585 pmoonio
3278 517 3404 585 ejus
3430 519 3624 579 euerte

2032 608 2332 672 potentiam
2370 625 2382 657 :
2417 616 2731 675 prostratus
2765 618 2851 662 est
2880 606 3239 664 adversarius
3273 627 3289 664 :
3317 610 3621 680 superbus,

2032 700 2365 768 depressus;
2425 700 2519 768 qui
2576 701 2791 753 vinctos
2827 699 2982 768 prius
3039 705 3281 765 tenebat,
3325 713 3470 760 nunc
3502 704 3625 760 vin.-

2030 792 2172 844 culis
2213 793 2553 845 constrictus
2608 800 2828 845 tenetur
2872 809 2886 844 :
2945 791 3039 860 qui
3093 803 3268 860 genus
3321 794 3621 854 humanum

2030 882 2285 936 abolebat
2344 898 2408 937 ac
2462 882 2872 952 exstinguebat,
2926 883 2973 937 is
3018 883 3130 952 jam
3184 885 3408 944 occidit.-
3453 886 3625 946 Adest

2027 973 2285 1029 Christus
2320 989 2387 1027 ex
2422 973 2614 1027 inferis
2660 973 2884 1039 victor;
2940 974 3069 1043 quis
3117 991 3228 1029 non
3274 977 3490 1031 obviam
3546 979 3620 1041 ei,

2028 1082 2136 1134 qua
2177 1068 2378 1135 pedum
2407 1066 2656 1135 agilitate
2698 1082 2763 1119 ac
2809 1082 3008 1122 vocum
3070 1067 3354 1125 alacritate
3408 1076 3622 1130 tantum

2027 1156 2184 1211 decet
2221 1156 2509 1219 victorem,
2558 1157 2899 1218 occurrerit?
2931 1156 3108 1213 Cenat
3153 1160 3354 1212 etelum
3386 1160 3624 1231 deanper

2029 1250 2277 1301 victoriae
2332 1249 2571 1314 cantica,
2627 1258 2883 1318 terraque
2952 1249 3164 1305 subter.
3221 1249 3377 1303 Nunc
3439 1251 3623 1321 angeli

2029 1340 2261 1408 gloriam
2306 1351 2610 1397 resonent:
2645 1354 2792 1396 nunc
2845 1343 3098 1396 homines
3156 1342 3360 1397 choros
3386 1343 3619 1405 durant.

2027 1434 2099 1484 ob
2144 1448 2356 1501 pacem.
2403 1448 2637 1501 eamque
2668 1433 3087 1502 sempiternam,
3136 1442 3485 1494 Concessam;
3529 1433 3622 1489 l‘h-

2025 1522 2242 1577 terfecit
2260 1523 2407 1577 enim
2434 1523 2753 1579 inimicitias
2772 1525 2825 1577 in
2852 1539 3021 1578 carne
3045 1525 3112 1588 ’⁷,
3140 1524 3431 1579 interiecto
3455 1525 3621 1583 simul

2024 1630 2151 1669 cum
2209 1616 2406 1669 iisdem
2453 1614 2771 1670 earumdem
2805 1626 3036 1685 parente
3086 1630 3149 1669 ac
3185 1615 3424 1681 artilice;
3460 1616 3506 1671 is
3533 1617 3621 1670 ni—-

2025 1705 2251 1767 mirum,
2281 1704 2375 1774 qui
2413 1704 2573 1759 hodie
2600 1721 2663 1759 ex
2686 1707 2965 1774 sepulcro,
2988 1715 3252 1777 tanquam
3277 1724 3345 1762 ex
3381 1708 3623 1763 thalamo

331 1799 423 1848 καὶ
447 1798 548 1864 ὅση
584 1798 641 1849 ὲν
685 1798 921 1863 νοητοῖς,
954 1794 1119 1864 ἑορτὴ
1179 1794 1432 1865 Θειοτέρα
1471 1797 1565 1847 καὶ
1594 1794 1925 1866 ὐῂλοτέρα.

2033 1797 2344 1866 processit,
2394 1798 2619 1851 aeternis
2670 1797 2780 1851 illis
2824 1800 3063 1853 vinculis
3101 1814 3166 1852 ac
3211 1801 3387 1870 portis
3425 1802 3620 1859 mortis

331 1886 443 1943 Καὶ
464 1886 521 1938 εἴ
548 1903 629 1948 τις
654 1885 763 1955 γὰρ
793 1887 928 1955 ἄλλη
963 1887 1116 1938 ἐστὶν
1149 1886 1548 1956 ὑπερουρὰνιος
1575 1886 1921 1954 ἀγαλλίασις,

333 1978 397 2048 ἢν
419 1979 509 2032 διὰ
538 1978 742 2042 παντὸς
787 1980 843 2031 αί
896 1978 1024 2048 περὶ
1077 1977 1212 2031 Θεὸν
1262 1979 1621 2048 ἑορτάζουσαι
1665 1978 1926 2049 δυνάμεις

327 2070 743 2141 εὐφραίνονται,
807 2070 1071 2137 κάκείνην
1119 2069 1465 2138 ὑποληπτέον
1518 2070 1694 2142 ταύτῃ
1742 2088 1924 2141 παρα-

331 2164 531 2237 χωρεῖν
551 2178 567 2193 ο
596 2163 658 2215 οὐ
695 2163 858 2231 μόνον
891 2162 986 2216 διὰ
1039 2164 1130 2215 τὸν
1166 2163 1476 2216 ἀναστάντα
1496 2202 1511 2225 ,
1552 2162 1690 2215 ἀλλὰ
1740 2163 1832 2215 καὶ
1857 2160 1925 2219 δι’

329 2252 425 2313 οὓς
446 2250 629 2322 ἑαυτῷ
686 2252 1093 2324 συνεξήγειρεν.
1127 2254 1192 2309 El.
1224 2255 1335 2323 γὰρ
1366 2255 1458 2307 ἐπὶ
1489 2254 1609 2316 ἑνὸς
1645 2252 1925 2323 ὲξεγέρσει

331 2344 477 2417 χαρὰ
499 2343 709 2408 τούτοις
740 2343 975 2413 γίνεται,
1006 2346 1059 2397 τί
1090 2348 1198 2415 χρὴ
1230 2347 1473 2415 σήμερον
1518 2345 1927 2414 ὑπολαμῢάνειν

330 2437 519 2499 αὐτοῖς
542 2436 813 2504 γίνεσθαι,
848 2438 1056 2506 κόσμου
1092 2438 1293 2499 παντὸς
1329 2436 1784 2507 ὲξεγειρομένους
1821 2437 1927 2508 Σής-

335 2544 503 2600 μερον
544 2528 677 2598 ἡμῖν
709 2530 744 2597 ἡ
774 2525 875 2596 τῆς
906 2528 1155 2597 χαλεπῆς
1183 2527 1463 2597 Αἰγύπτου
1520 2528 1701 2593 ἔξοδος
1732 2526 1928 2598 ἑορτά-

332 2620 509 2685 (erat.
562 2618 685 2673 καθ’
733 2623 801 2690 ἣν
844 2622 942 2689 τῆς
1001 2619 1279 2673 ὲπωδύνου
1324 2620 1419 2673 τοῦ
1470 2618 1647 2687 πηλοῦ
1680 2619 1928 2684 δουλείας

333 2710 816 2781 ἠλευθερώθημεν,
850 2710 945 2763 καὶ
974 2711 1065 2763 τὸν
1091 2711 1262 2780 βαρὺν
1284 2710 1544 2779 ἐλίπομεν
1573 2710 1797 2779 Φαραὼ,
1834 2710 1931 2763 καὶ

330 2802 469 2855 Θεοῦ
499 2802 630 2864 λαὸς
669 2798 806 2859 εἷναί
851 2819 911 2854 τε
955 2803 1051 2855 καὶ
1109 2801 1392 2855 καλεῖσθαι
1446 2801 1787 2872 ἠξιώθημεν,
1835 2805 1931 2856 καὶ

333 2894 432 2961 τῆς
462 2892 737 2967 φερούσης
758 2894 882 2949 ὁδοῦ
918 2893 1055 2965 πρὸς
1075 2892 1177 2962 τὴν
1208 2892 1423 2964 ἀγαθὴν
1452 2894 1552 2964 τῆς
1573 2894 1929 2966 κληροδοσίας

2033 1887 2311 1955 potentior
2353 1886 2603 1941 etfectns.
2667 1885 2924 1941 Omnium
2975 1890 3134 1944 nobis
3183 1891 3617 1957 solemnitatuir,

2033 1978 2079 2033 si
2108 1991 2249 2047 quas
2272 1978 2446 2034 oculis
2470 1980 2756 2049 conspicui
2794 1980 3067 2044 homines,
3102 1996 3167 2034 ac
3211 1982 3255 2035 si
3291 1998 3432 2052 quas
3462 1984 3622 2037 innd»

2033 2070 2364 2139 spectabiles
2410 2083 2621 2127 mentes
2676 2073 2981 2135 celebrant,
3036 2074 3302 2132 hodierna
3352 2076 3623 2130 festivitas

2034 2160 2279 2215 divinior
2307 2162 2711 2231 sublimiorque
2742 2163 2943 2221 illuxit.
2975 2164 3106 2218 Nam
3137 2166 3181 2220 si
3217 2181 3339 2233 qua!
3387 2168 3493 2223 alia
3524 2182 3621 2221 su-

2034 2254 2379 2325 percmlestis
2412 2255 2710 2308 exsultatio
2770 2264 2876 2317 est,
2907 2270 3073 2325 quam
3108 2256 3225 2325 jugi
3301 2258 3621 2311 celebritate

2035 2343 2362 2397 assistentes
2392 2342 2503 2399 Deo
2527 2342 2774 2399 Virtutes
2799 2345 3001 2415 gaudio
3023 2356 3309 2416 peragant,
3333 2362 3454 2401 eam
3483 2339 3621 2415 quo.

2034 2452 2141 2505 que
2184 2445 2390 2492 nostra:
2421 2437 2549 2491 huic
2584 2438 2783 2492 laetitizr
2808 2439 3110 2507 putandum
3143 2448 3229 2495 est
3249 2439 3478 2497 cedere:
3512 2456 3619 2500 non

2035 2526 2200 2581 modo
2236 2538 2461 2597 propter
2487 2542 2615 2581 eum
2647 2527 2741 2596 qui
2787 2527 3112 2592 resurrexit,
3150 2530 3247 2582 sed
3292 2538 3349 2583 et
3398 2541 3623 2600 propter

2032 2634 2130 2672 eos
2164 2633 2307 2687 quos
2337 2631 2528 2673 secum
2572 2620 2884 2673 suscitavit.
2923 2617 2980 2671 Si
3014 2619 3234 2687 quidem
3275 2619 3421 2674 enim
3456 2623 3621 2676 unius

2037 2711 2156 2777 ipsa
2206 2710 2576 2765 suscitatione
2621 2710 2704 2765 eis
2756 2711 3018 2780 gaudium
3054 2720 3159 2775 est,
3194 2710 3324 2782 quid
3357 2712 3623 2771 hodierna

2037 2804 2128 2857 die
2173 2802 2461 2865 acciderit,
2512 2817 2641 2857 cum
2701 2805 2943 2857 mundus
2992 2805 3287 2859 universus
3342 2806 3624 2875 resurgit?

2038 2891 2214 2952 Hodie
2262 2905 2548 2962 egressum
2596 2905 2665 2944 ex
2708 2891 3036 2961 gravissima
3081 2890 3299 2962 Aﬁgypti
3359 2896 3623 2950 servitute

334 2985 622 3055 ἐπέϐημεν
646 2986 774 3055 γῆν,
805 2985 1176 3055 ὑφηγουμὲνῳ
1199 2982 1279 3054 τῷ
1316 2984 1623 3062 Θαυμαστῷ
1657 2986 1925 3060 νομοθέτῃ

2042 2985 2196 3040 testis
2235 2984 2454 3056 gaudiis
2499 2983 2764 3050 colimus;
2825 2998 2957 3053 quo,
3007 2998 3035 3035 a
3101 2986 3335 3038 molesto
3377 2985 3469 3039 illo
3523 2986 3624 3043 luti

337 3077 828 3148 καθοδηγούμενοι,
857 3080 925 3148 τῇ
975 3077 1070 3131 τοῦ
1126 3077 1368 3145 σταυροῦ
1399 3077 1581 3149 ῥάϐδῳ
1632 3095 1925 3151 τερατουρ-

2037 3093 2207 3147 Opere
2254 3076 2496 3141 liberati,
2544 3074 2828 3129 crudelem
2886 3074 3230 3132 Pharaonem
3273 3075 3623 3147 reliquimus,

335 3171 546 3245 τοῦντι.
612 3170 891 3241 Ἑώρταζε
949 3170 1119 3230 πάλαι
1177 3169 1400 3240 Ἰσραὴλ
1442 3170 1646 3235 ἐξόδιον
1702 3172 1923 3243 ἑορτὴν,

2033 3172 2247 3242 Deique
2276 3169 2517 3240 populus
2547 3183 2674 3222 esse
2706 3168 2915 3235 pariter
2972 3180 3037 3218 ac
3077 3165 3260 3221 vocari
3297 3168 3624 3234 meruimus,

337 3263 453 3323 ἀλλ’
486 3266 570 3326 είς
602 3263 788 3315 στενὸν
818 3262 1016 3333 κομιδῇ
1069 3263 1139 3315 τὰ
1175 3263 1277 3333 τῆς
1305 3263 1502 3333 ἑορτῆς
1538 3263 1885 3316 συνεκλείετο
1911 3279 1925 3299 ’

2032 3264 2291 3331 viamque
2340 3261 2509 3324 illam,
2562 3274 2686 3327 qua:
2724 3258 2791 3311 ad
2828 3257 3166 3311 lmreditatis
3198 3258 3486 3326 promissa;
3513 3268 3626 3312 ter.

334 3357 612 3433 ἑώρταζεν
637 3356 854 3427 ἑορτὴν,
895 3350 963 3426 ἧς
994 3357 1048 3407 τί
1098 3355 1183 3408 δεῖ
1234 3356 1420 3424 λέγειν
1466 3356 1542 3419 ὼς
1572 3356 1723 3409 οὐδὲν
1758 3357 1925 3426 μετῆν

2037 3370 2151 3410 ram
2189 3355 2389 3409 bonam
2421 3352 2594 3409 ducit.
2634 3350 2922 3412 inivimus,
2942 3349 3325 3406 admirandum
3363 3352 3515 3404 illum
3549 3354 3628 3405 te.

333 3449 446 3510 τοῖς
474 3445 590 3501 ἄνω
614 3446 1004 3515 ἑορτάζουσιν;
1028 3446 1165 3498 ὅπου
1185 3463 1250 3513 γε
1270 3447 1393 3500 οὐδὲ
1424 3447 1563 3517 πρὸς
1585 3449 1711 3509 τοὺς
1746 3446 1925 3518 μικρῷ

2032 3447 2375 3518 gislatorem,
2428 3458 2492 3496 ac
2540 3441 2636 3507 qui
2690 3441 2839 3509 virga
2884 3440 3066 3494 crucis
3100 3440 3346 3510 prodigia
3383 3449 3625 3515 praestet,

333 3538 730 3610 διῳκισμένους
766 3536 971 3600 αὐτῶν,
1014 3538 1111 3589 καί⁵
1152 3538 1309 3591 κάτω
1336 3538 1607 3589 διέϐαινεν
1642 3539 1676 3606 ή
1715 3538 1925 3609 φαιδρὸ-

2037 3539 2211 3595 secuti
2261 3538 2483 3592 ducem.
2547 3536 2919 3597 Cclebrabant
2992 3536 3212 3604 quidem
3270 3537 3401 3589 olim
3459 3539 3624 3592 etiam

333 3647 435 3698 της
463 3646 480 3663 θ
546 3631 772 3701 εἰκότως
825 3630 893 3697 γέ
950 3646 1035 3684 τοι
1082 3629 1265 3701 πολλῷ
1320 3631 1459 3698 πρὸς
1500 3631 1629 3695 τοὺς
1670 3632 1783 3685 ἄνω
1828 3632 1925 3684 οὐκ

2037 3632 2297 3688 lsraelitae
2330 3630 2669 3700 egressionis
2718 3629 3024 3683 solemnem
3053 3627 3223 3693 diem,
3255 3629 3411 3683 valde
3444 3639 3624 3692 tamen

332 3724 532 3790 ἄφθανε
558 3737 575 3756 υ
609 3724 904 3793 σωματικὰ
950 3723 1060 3792 γὰρ
1094 3720 1161 3793 ἦν
1210 3723 1278 3776 τὰ
1319 3723 1643 3793 τελούμενα,
1677 3726 1772 3785 καὶ
1809 3727 1925 3788 τοῖς

2034 3741 2098 3781 ea
2149 3723 2471 3780 solemnitas
2516 3721 2573 3776 in
2618 3728 2916 3790 angustum
2965 3730 3159 3775 coacta
3191 3729 3334 3775 erat.
3377 3719 3626 3789 Festum,

331 3816 521 3879 ἁΰλοις
551 3815 858 3886 ἐπιστροφὴ
884 3815 988 3869 οὐκ
1013 3817 1248 3883 ἐγίνετο.

2032 3816 2280 3885 inquam,
2330 3814 2576 3869 solemne
2626 3811 2901 3882 agebant;
2944 3818 3001 3863 at
3041 3812 3172 3880 quid
3213 3812 3381 3866 refert
3413 3814 3619 3876 dicere,

334 3921 397 3966 ut
436 3908 575 3967 nihil
630 3908 754 3979 ejus
810 3907 1111 3975 participes
1172 3914 1385 3974 essent,
1430 3908 1525 3977 qui
1558 3907 1616 3964 in
1662 3908 1819 3962 caelis
1858 3909 1975 3962 dies
2014 3905 2188 3961 festos
2236 3911 2407 3974 agunt
2437 3917 2501 3957 ac
2535 3899 2871 3972 epulantur?
2906 3916 3032 3955 cum
3064 3917 3132 3959 ne
3152 3903 3217 3958 ad
3252 3902 3376 3959 illos
3403 3905 3622 3973 quidem

332 4005 428 4076 qui
497 4003 552 4056 in
604 4004 770 4058 terris
825 4018 892 4057 ac
963 4002 1222 4067 proximo
1283 4000 1578 4057 intervallo
1635 4000 1816 4063 dissiti
1876 4000 2186 4069 degebant,
2245 3996 2591 4052 celebritatis
2649 3995 2818 4065 hujus
2861 3995 3047 4049 latitia
3090 4005 3385 4052 manaret:
3424 3996 3625 4067 potiori

336 4094 523 4163 itaque
539 4095 669 4163 jure
691 4108 800 4148 non
836 4094 1184 4163 pertingebat
1204 4090 1273 4149 ad
1319 4106 1574 4162 superos.
1642 4093 1781 4147 Cum
1848 4096 1995 4148 enim
2036 4106 2100 4146 ea
2158 4104 2284 4160 quae
2332 4090 2641 4159 agebantur
2697 4087 2976 4157 corporali
3038 4088 3253 4142 ratione
3305 4097 3626 4149 constarent

324 4188 473 4246 nihil
513 4196 635 4241 erat
686 4195 747 4241 ut
798 4186 1030 4256 spiritus
1093 4199 1157 4239 ac
1206 4186 1406 4240 secreti
1465 4200 1495 4239 a
1552 4188 1783 4241 materia
1824 4188 1891 4241 ad
1933 4200 2054 4241 eam
2110 4183 2488 4239 celebritatem
2546 4180 2930 4236 convenirent.

405 4275 515 4332 Ἦν
564 4295 697 4334 ποτε
755 4279 851 4338 καὶ
904 4277 1166 4347 Ἕλλησιν
1214 4279 1498 4349 ἑορτάζειν
1525 4292 1540 4308 ·
1598 4281 1736 4336 ἀλλὰ
1771 4281 1825 4333 τί
1864 4279 1928 4333 τὸ

336 4372 622 4427 κάλλιστον
665 4371 774 4424 τῶν
823 4370 954 4440 παρ’
989 4371 1175 4433 αὐτοῖς
1210 4372 1457 4443 ὲορτῶνς
1502 4371 1795 4438 Ἐπίδειξις
1836 4374 1925 4426 al-

2108 4275 2395 4332 llabebant
2440 4275 2684 4344 antiquis
2736 4273 3083 4343 temporibus
3123 4276 3288 4334 etiam
3324 4274 3626 4334 Grmcisua

2035 4367 2215 4432 festa;
2257 4369 2351 4420 sed
2395 4364 2678 4433 quodnam
2727 4365 2836 4419 illis
2882 4364 3151 4418 festorum
3206 4365 3456 4419 omnium
3505 4368 3622 4435 pul—

339 4464 654 4531 ozpérntoc,
684 4462 778 4513 καὶ
804 4459 882 4529 τῷ
908 4460 1155 4519 δοκοῦντι
1184 4463 1415 4534 φαιδρῷ,
1448 4465 1543 4516 τοῦ
1563 4465 1662 4534 τῆς
1690 4464 1921 4533 γνώμης

2032 4457 2361 4513 clierrimum
2386 4456 2410 4509 ?
2439 4453 2575 4509 illud
2603 4454 2860 4509 videlicet
2882 4454 3029 4521 quod
3053 4453 3233 4509 omnis
3254 4455 3620 4523 turpitudinis

337 4552 566 4622 ἀνοήτου
597 4550 971 4621 δημοσίευσις.
1033 4553 1191 4615 Τίνος
1220 4555 1331 4625 γὰρ
1386 4554 1633 4623 αἴσχους,
1680 4554 1715 4625 ἦ
1763 4555 1924 4617 ποίοις

337 4643 521 4704 ἀνοίας
580 4640 886 4713 ὑπερϐολῆς
927 4641 1146 4694 ἔλαττον
1186 4645 1317 4713 ἔχει,
1371 4646 1399 4697 ὁ
1463 4644 1575 4698 τῶν
1622 4643 1793 4708 θεῶν,
1849 4645 1926 4708 ὡς

336 4734 493 4792 αὐτοὶ
526 4750 713 4799 φασιν,
749 4733 978 4798 ὕπατος,
1004 4722 1205 4803 ταῦρος
1238 4736 1546 4803 γινόμενος,
1570 4740 1664 4794 καί
1692 4738 1762 4788 τὰ
1805 4754 1926 4793 ttat.

332 4825 464 4881 δικὰ
485 4824 673 4893 φέρων
704 4824 796 4874 ἐπὶ
819 4822 1015 4887 νώτου,
1054 4826 1149 4882 καὶ
1198 4825 1415 4890 τέμνων
1448 4826 1677 4897 πορείαν
1703 4825 1877 4898 ὑγρὰν
1896 4827 1927 4880 ὁ

336 4915 631 4985 θεὸταυρος
657 4955 672 4979 ,
728 4915 1015 4985 μυκήματι
1043 4914 1239 4984 ἁπαλῷ
1274 4915 1547 4979 δελεάζων
1580 4917 1678 4993 τὴν
1717 4918 1925 4986 Κόρην,

338 5009 434 5065 καὶ
460 5008 660 5061 πείθων
679 5005 999 5059 ἁναῦαίνειν
1049 5006 1124 5070 ὡς
1152 5010 1210 5059 ὲν
1260 5009 1499 5078 ὀχήματι
1530 5026 1541 5036 ·
1570 5008 1602 5082 ἢ
1635 5012 1925 5079 μειρακίου

335 5104 580 5172 δύσερως
609 5099 752 5171 ἔρως
783 5098 1186 5168 ὀρνιδεικνύων,
1225 5099 1293 5153 ἶν’
1330 5098 1503 5163 οὕτως
1532 5100 1865 5171 ἀναληφθεὶς
1900 5103 1929 5161 ὸ

338 5190 660 5263 Γανυμήδης
693 5192 754 5242 τὸ
785 5190 991 5260 νέκταρ
1020 5191 1326 5260 οίνοχοήσοι
1364 5191 1513 5261 αὐτῷ
1540 5209 1554 5222 ’
1586 5192 1620 5268 ἢ
1651 5192 1927 5259 γυναικῶν

336 5285 573 5357 ἀσελγὴς
596 5284 761 5355 ἔρως,
789 5282 884 5336 νῦν
912 5284 1011 5351 μὲν
1048 5285 1129 5346 είς
1146 5282 1345 5353 χρυσὸν
1364 5284 1527 5338 αὑτὸν
1553 5283 1927 5354 μεταμείδων,

338 5381 435 5437 καὶ
476 5377 571 5432 τὸν
624 5378 832 5439 πάντας
888 5375 1138 5434 ἀνέλκειν
1184 5376 1340 5439 θεοὺς
1375 5374 1708 5433 ἀπειλοῦντα
1739 5378 1926 5446 σειρᾷ,

424 5515 472 5549 η
514 5512 663 5570 Psat.
708 5526 839 5577 txv,
884 5511 937 5570 1.
1016 5513 1061 5544 ’⁷
1092 5510 1296 5585 Ephes.
1342 5529 1404 5576 ιι.
1458 5511 1543 5570 16.

2032 4556 2417 4620 argumentum
2450 4555 2605 4611 erat;
2637 4554 2693 4601 et
2729 4547 2833 4599 hoc
2877 4548 3020 4615 ipso,
3073 4544 3219 4615 quod
3270 4547 3619 4615 splendidum

2030 4639 2497 4710 magniﬁcumque
2526 4637 2838 4699 videbatur,
2874 4637 3011 4690 niliil
3034 4636 3184 4693 aliud
3215 4638 3322 4691 nisi
3353 4653 3622 4695 summam

2028 4732 2198 4787 animi
2224 4732 2600 4801 insipientiam
2632 4737 2687 4786 et
2718 4729 3073 4783 stoliditatem
3128 4728 3434 4787 testabatur
3462 4769 3476 4783 .
3506 4729 3623 4795 Qua

2030 4827 2177 4881 enim
2212 4823 2575 4891 turpitudine,
2607 4829 2663 4876 et
2699 4836 2831 4890 qua,
2864 4819 3221 4889 quantumvis
3256 4819 3456 4889 insigni
3486 4820 3622 4874 stul-

2033 4916 2183 4978 una.
2229 4915 2413 4971 minor
2454 4913 2665 4967 censeri
2714 4911 2878 4965 debet
2911 4911 3027 4975 illa,
3078 4914 3139 4963 ut
3184 4910 3372 4967 divum
3422 4922 3538 4969 rex,
3575 4918 3622 4965 ul

2045 5009 2351 5080 loquuntur
2373 5007 2498 5074 ipsi,
2527 5006 2581 5058 in
2600 5012 2820 5058 taurum
2856 5010 3127 5065 mutetur;
3157 5000 3214 5053 ut
3247 5015 3465 5054 amores
3497 5006 3621 5055 suos

2034 5099 2201 5155 dorso
2236 5098 2397 5162 ferat,
2447 5098 2695 5167 deusque
2751 5104 2946 5151 taurus
2998 5093 3455 5151 liumiiluinsecet
3488 5095 3622 5153 iter.

2035 5194 2478 5262 blando-mugitu
2509 5191 2782 5260 Europam
2816 5189 3145 5251 demulcet-at,
3181 5187 3345 5255 inque
3371 5188 3621 5257 dorsum,
3700 5200 3701 5203 ‘

2038 5286 2191 5341 velut
2244 5285 2561 5339 vehiculum
2603 5281 2981 5339 conscendere
3001 5279 3266 5337 inducat?
3297 5292 3387 5333 aut
3420 5289 3477 5333 ut
3509 5296 3605 5349 per

2033 5377 2154 5435 ιίίιο
2197 5390 2385 5433 amore
2426 5374 2665 5446 ﬂagrans
2695 5374 2749 5430 in
2811 5387 2965 5429 avem
3002 5384 3124 5425 sese
3173 5378 3525 5435 transmutat.
3564 5376 3626 5433 nt

1700 5619 1936 5681 νΑΒιιΕ
1972 5616 2385 5680 LECTIONES.

411 5728 431 5769 ³
466 5725 566 5784 Ed.
596 5725 740 5781 male
765 5725 1068 5799 ὁσημέραι.

655 5821 932 5884 Panos.
969 5822 1087 5887 Gn.
1144 5821 1326 5888 CVII.
