4086 6298
434 235 504 299 99
1676 222 1945 282 [ΕΘΝιὸ
1984 222 2447 283 PIIILOSOPHI

3608 214 3712 279 100

434 351 508 403 ita
531 352 815 414 assumpto
860 357 926 397 ac
948 350 1103 413 rapto
1121 339 1436 410 Ganymede
1462 337 1783 407 pocillatore
1801 346 2014 392 utatur:

2139 316 2259 409 τρὺς
2289 336 2491 391 κόλπον
2518 337 2582 405 τῇ
2636 333 2817 404 Δανάῃ
2840 340 2878 368 ιη
2910 329 3165 397 κατάγων
3192 342 3207 357 ’
3234 328 3360 399 ἄρτι
3388 308 3391 309 ν
3414 328 3473 382 δὲ
3508 327 3715 383 κύκνον

435 449 530 493 aut
572 445 633 491 ut
681 438 878 491 insano
902 435 1196 489 mulierum
1224 441 1361 486 aestu
1406 430 1677 497 percitus,
1711 445 1836 484 sese
1866 430 2025 484 modo

384 579 387 582 ι
438 530 493 583 in
551 528 671 582 auri
716 528 957 596 speciem
992 524 1225 586 induat,
1296 532 1463 591 atque
1505 523 1574 586 is,
1609 522 1705 590 qui
1735 531 1927 575 catena
1960 522 2027 576 de

438 620 579 672 cmlo
620 618 859 673 demissa
891 618 1022 671 deos
1049 629 1241 669 omnes
1285 629 1408 668 sese
1446 620 1814 666 attracturum
1853 611 2028 665 mina-

436 707 625 770 batur,
672 710 729 761 in
785 706 996 760 Danaes
1022 705 1346 759 detrahatur
1374 706 1647 774 gremium
1678 722 1693 758 :
1732 704 1896 757 modo
1929 717 2028 773 cy-

438 799 529 865 gni
584 796 816 850 formam
875 796 1090 859 subeat,
1142 803 1203 849 ut
1249 795 1510 848 nimirum
1554 794 1833 849 modulata
1872 808 2027 860 voce,

439 889 587 958 quod
639 902 737 957 par
789 898 876 941 est
919 886 1166 948 credere,
1219 885 1423 939 Ledam
1458 885 1733 955 decipiat?
1761 885 2027 939 Caeterum

440 995 621 1034 annon
678 979 800 1034 dies
852 980 945 1032 ille
1002 978 1231 1033 festivus
1317 977 1477 1033 valde
1526 994 1592 1033 ac
1664 980 1873 1045 clarus,
1918 992 2028 1046 quo

441 1074 614 1142 patris
665 1071 891 1127 Saturni
946 1072 1057 1140 (5i)
1115 1071 1431 1125 celebratur
1489 1072 1776 1133 memoria,
1838 1087 1866 1124 a
1918 1073 2031 1124 filio

436 1162 767 1234 gravissima
810 1162 1055 1231 perpessi
1096 1161 1451 1229 exsectique;
1495 1176 1596 1215 nec
1631 1176 1740 1214 non
1774 1175 2030 1230 suprema

442 1254 581 1309 inde,
609 1267 805 1307 rursus
860 1253 1066 1320 proles,
1122 1251 1357 1320 turpiter
1392 1259 1506 1305 tum
1540 1260 1688 1311 nata,
1729 1261 1844 1304 tum
1874 1262 2032 1305 notos

443 1342 719 1399 afﬁciens?
751 1342 1044 1400 Similibus
1072 1342 1343 1397 addamus
1378 1343 1612 1409 similia;
1652 1342 1905 1399 videlicet
1930 1343 2031 1397 Pa-

436 1451 567 1489 nem
608 1436 787 1497 illum,
818 1435 935 1503 qui,
966 1440 1027 1486 ut
1050 1432 1367 1501 gravissimi
1394 1431 1711 1487 Graecorum
1756 1435 2033 1499 sapientes

444 1527 658 1588 volunt,
691 1541 759 1581 ex
783 1525 1165 1580 universorum
1197 1524 1468 1579 seminum
1492 1526 1882 1581 commistione
1919 1511 2032 1580 na;

446 1625 554 1680 tus,
599 1630 777 1685 eaque
819 1613 890 1669 de
920 1628 1089 1669 causa
1124 1613 1238 1669 Pan
1269 1614 1580 1683 appellatus
1628 1625 1714 1670 est
1749 1633 1764 1669 ι
1793 1615 2031 1685 armige-

2129 432 2363 493 δεικνὺς,
2386 430 2476 490 ἶν’,
2493 428 2568 489 ὡς
2589 427 2760 492 ἔοικε,
2784 426 2903 487 ταῖς
2918 424 3083 495 ᾠδαῖς
3097 424 3130 491 ἡ
3152 422 3303 491 Λήδα
3318 420 3709 492 κατακηλοῖτο;

2143 523 2349 573 Ἐκεῖνο
2370 519 2426 571 δὲ
2458 517 2576 579 πῶς
2610 516 2671 569 οὐ
2702 515 2825 568 λίαν
2863 513 3066 583 φαιδρά
3116 510 3304 583 ἑορτὴ,
3351 509 3567 582 Κρόνου
3609 527 3715 563 πα-

2129 612 2231 681 τὴρ
2266 610 2370 663 ὑπὸ
2399 608 2494 661 τοῦ
2531 608 2720 669 παιδὸς
2752 606 2989 676 ἀτυχῶν,
3024 605 3117 657 καὶ
3144 605 3205 657 τὸ
3237 599 3379 660 εἶναι
3411 603 3597 674 πατὴρ
3632 604 3712 656 ἔτι

2131 703 2557 772 ἀποκειρόμενος
2579 716 2591 731 ·
2652 702 2746 753 xal.
2793 698 3081 753 τελευταία
3112 697 3276 750 πάλιν
3317 697 3530 750 ἐκεῖθεν
3554 697 3710 765 γονὴ,

2130 792 2373 864 αἰσχρῶς
2396 794 2490 845 καὶ
2518 794 2735 860 φυείσα,
2766 790 3006 852 καὶτοὺς
3029 788 3342 861 γνωρίμους
3371 787 3708 851 διατιθεῐσα;

2132 882 2469 951 Προσθετέον
2514 880 2719 949 ὁμοίοις
2763 881 2925 949 ὅμοια
2955 894 2968 908 ο
3024 877 3114 930 τὸν
3174 877 3239 929 ὲκ
3297 880 3395 948 τῆς
3431 892 3711 944 πανσπερο

2135 974 2285 1042 μίας,
2317 972 2391 1034 ὼς
2413 974 2446 1041 ἡ
2475 973 2700 1025 ἐκείνων
2752 971 3017 1041 σεμνότης
3062 970 3332 1040 βούλεται,
3372 969 3709 1037 καὶγενόμε-

2133 1083 2221 1118 νον
2255 1074 2279 1101 ιι
2315 1065 2489 1131 Πάνα,
2526 1065 2624 1117 καὶ
2664 1063 3036 1133 ὀνομασθέντα
3059 1080 3072 1095 ·
3127 1064 3220 1117 καὶ
3265 1064 3364 1133 τὴν
3412 1060 3714 1131 ὁπλοφόρον

2133 1158 2405 1229 παρθένον
2451 1160 2551 1228 τῆς
2584 1158 2832 1227 κεφαλῆς
2890 1156 3353 1226 ἀποτικτομένην,
3382 1151 3450 1228 ἧς
3482 1153 3586 1225 τὴν
3609 1170 3716 1222 μη-

2132 1242 2271 1321 τέρα
2307 1250 2591 1303 καταπιὼν
2622 1250 2649 1301 ὀ
2685 1248 2885 1319 θερμὸς
2926 1248 3184 1318 ἐραστὴς,
3216 1248 3377 1310 αὐτὸς
3415 1248 3538 1307 ταῖς
3564 1245 3716 1299 ὠδῖσι

2134 1343 2453 1397 καινότατον
2473 1345 2739 1413 ὑπηρετεῖ
2794 1344 3001 1414 τρόπον
3028 1359 3043 1373 ’
3102 1340 3348 1402 ἔνοπλον,
3380 1332 3526 1409 ᾗπερ
3559 1337 3714 1405 ἔφην,

2132 1432 2233 1501 τῆς
2256 1434 2495 1503 κεφαλῆς
2527 1434 2785 1487 ἁποκύων
2819 1434 2991 1503 γονήν
3015 1448 3028 1460 ⁶
3058 1432 3145 1486 ἵνα
3175 1432 3239 1500 δὴ
3258 1431 3351 1483 καὶ
3383 1428 3652 1497 σύμὸολον
3684 1429 3717 1493 ἡ

2134 1526 2264 1587 παῖς
2290 1525 2471 1592 φέροι,
2512 1526 2737 1595 μήνυμα
2772 1524 2867 1578 τοῦ
2924 1525 3196 1588 τεκόντος,
3259 1517 3341 1583 οἷς
3381 1523 3609 1582 ἐκεῖνοςΔ
3642 1517 3720 1588 τῷ

2136 1616 2294 1683 φύντι
2317 1614 2577 1683 πολέμιος
2634 1612 2816 1685 ὤφθη,
2876 1611 3158 1682 καθαιρῶν
3196 1612 3358 1665 αὑτὸν
3381 1610 3479 1679 τῆς
3518 1607 3718 1678 ἀρχῆς,

436 1719 562 1760 ram
606 1706 734 1759 item
788 1705 935 1758 illam
980 1704 1285 1773 virginem,
1341 1718 1463 1774 qua
1496 1719 1562 1757 ex
1612 1702 1768 1759 Jovis
1818 1704 2025 1758 vertice

2139 1709 2221 1759 nail
2246 1706 2585 1760 κατακλείων
2633 1707 2925 1778 Ταρτάρῳ.
2957 1705 3121 1771 Ἀξιά
3146 1720 3208 1773 γε
3251 1704 3303 1755 οἱ
3354 1701 3493 1755 θεῶν
3523 1700 3721 1770 φύντες

440 1798 656 1853 exstitit
687 1815 701 1851 :
735 1798 896 1866 cujus
931 1804 1160 1850 matrem
1199 1810 1327 1851 cum
1359 1796 1676 1859 vehemens,
1718 1795 2028 1866 ardensque

2139 1799 2427 1854 ἀντέδοσαν
2449 1804 2782 1871 γεννητήρια
2811 1802 2824 1854 ί
3682 1806 3687 1811 ’

440 1888 538 1944 ille
585 1898 798 1943 amator
839 1889 1176 1951 devorasset,
1238 1888 1353 1959 ipse
1407 1889 1672 1943 inusitato
1728 1904 1881 1946 more
1940 1906 2007 1946 ac
2054 1892 2218 1948 modo
2253 1904 2443 1963 partus
2495 1894 2717 1949 dolores
2764 1891 3049 1957 sustinuit,
3098 1900 3156 1944 ut
3226 1887 3483 1943 nimirum
3542 1897 3725 1937 arma-

438 1990 565 2038 tum
609 1984 822 2048 fretum,
878 1984 956 2037 uti
1004 1981 1278 2069 dicebam,
1323 1998 1389 2036 ex
1444 1984 1625 2052 capite
1672 1982 2023 2039 effunderet:
2068 2002 2282 2053 nempe,
2323 2000 2381 2043 ut
2408 1999 2463 2043 et
2531 1991 2641 2043 filia
2704 1989 3017 2061 symbolum
3043 1987 3256 2059 parenti
3288 1991 3724 2039 consentaneum

444 2083 699 2145 gereret;
754 2073 901 2144 quod
949 2074 1040 2128 ille
1089 2073 1338 2144 genitore
1389 2088 1494 2127 suo
1546 2073 1821 2128 hostiliter
1866 2088 2025 2139 usus,
2065 2090 2189 2130 eum
2221 2088 2274 2133 et
2328 2082 2561 2151 imperio
2596 2081 2912 2150 dejecisset,
2968 2097 3032 2139 ac
3079 2082 3311 2136 Tartaro
3381 2074 3724 2133 inclusisset.

448 2166 621 2236 Digna
672 2165 914 2237 profecto
968 2165 1072 2221 diis
1129 2165 1297 2238 geniti
1338 2166 1660 2236 parentibus
1692 2165 1811 2223 suis
1841 2166 1909 2222 ob
1941 2166 2110 2224 vitam
2154 2180 2207 2227 et
2242 2172 2383 2230 lucis
2446 2184 2733 2245 acceptam
2817 2192 3067 2245 usuram,
3134 2176 3521 2247 persolverunt
3583 2188 3728 2244 pra-

448 2262 561 2316 ilia
583 2264 596 2315 ί

516 2355 661 2425 Quid
704 2372 854 2412 nunc
908 2355 1174 2421 referam,
1220 2370 1333 2427 quo
1374 2354 1661 2424 Neptunus
1696 2369 1872 2415 (nstro
1913 2376 2039 2431 per-

442 2465 649 2510 cussus
674 2450 968 2506 insanierit
997 2451 1053 2504 in
1079 2448 1378 2523 Phrygium
1412 2448 1842 2517 adolescentem,
1874 2469 2037 2524 quem

440 2554 502 2601 et
545 2544 686 2615 ipse,
723 2542 919 2597 fratris
953 2545 1037 2597 sui
1066 2544 1319 2612 exemplo
1346 2542 1417 2597 ad
1446 2552 1603 2613 turpe
1626 2542 2041 2617 nefandumque

446 2637 817 2693 ministerium
854 2636 970 2708 (5‘2)
1003 2636 1182 2705 rapit?
1208 2634 1300 2690 Sic
1332 2636 1477 2690 enim
1505 2634 1829 2692 Graecorum
1866 2640 2041 2695 disci-

449 2730 725 2799 plinarum
781 2729 1154 2784 sectatoribus
1189 2729 1429 2790 videtur.
1462 2730 1554 2798 qui
1584 2729 1877 2785 inhonesta
1925 2746 2041 2785 ma-

453 2820 538 2890 gis
586 2820 899 2879 inhonestis
945 2818 1243 2874 emendare
1278 2819 1537 2875 studeant
1569 2838 1582 2874 :
1614 2821 1815 2889 quibus
1845 2821 2041 2893 religio

448 2920 555 2975 est,
592 2916 654 2965 ut
700 2909 887 2963 divum
921 2908 1236 2978 quempiam
1267 2908 1406 2978 gulae
1462 2924 1527 2963 ac
1575 2909 1754 2964 ventri
1788 2910 2037 2965 deditum

451 3001 758 3069 fateantur;
789 3002 955 3072 inque
984 3016 1109 3057 eum
1148 3015 1332 3063 usum,
1366 2999 1623 3069 Pelopem
1677 3012 1983 3071 agnoscant
2008 3018 2038 3057 a

449 3093 702 3164 Neptuno
737 3104 985 3164 raptum,
1010 3103 1091 3158 ut,
1122 3093 1268 3163 quod
1303 3095 1599 3163 proverbio
1651 3094 1859 3160 ferunt,
1904 3096 2035 3150 dum

2208 2365 2273 2416 Τί
2293 2366 2350 2418 δὲ
2379 2364 2472 2417 τὸν
2512 2363 2846 2426 Ποσειδῶνος
2885 2362 2981 2416 νῦν
3037 2362 3137 2432 μὲν
3177 2363 3271 2415 ἐπὶ
3302 2362 3475 2431 Φρυγὶ
3530 2377 3729 2431 μειρα-

2138 2458 2241 2525 κίῳ
2281 2451 2532 2529 οἵστρον,
2582 2457 2641 2511 ὃν
2676 2455 3076 2527 παραπλησίως
3124 2454 3219 2507 καὶ
3271 2454 3433 2517 αὐτὸς
3480 2453 3729 2522 τάδελφῷ

2139 2551 2217 2612 είς
2247 2550 2450 2603 ἄτοπον
2479 2557 2503 2584 °
2533 2549 2771 2619 ἁρπάζει
2796 2548 3072 2600 διακονίαν
3094 2564 3107 2611 ;
3130 2547 3287 2600 Οὕτω
3316 2546 3424 2615 γὰρ
3455 2548 3571 2609 τοῖς
3606 2545 3731 2598 Ἑλε

2139 2638 2314 2710 λήνων
2380 2637 2679 2701 θιασώταις
2743 2638 2929 2702 δοκεῖ,
2986 2639 3351 2708 πειρωμένοις
3394 2634 3730 2707 ἐπανορθοῦν

2142 2732 2638 2802 ἀσχημονεστέροις
2681 2732 2967 2801 ἀσχήμονα
2992 2746 3003 2759 ”
3037 2726 3120 2793 οἷς
3150 2730 3354 2801 ἄπορον
3397 2731 3458 2782 τὸ
3504 2728 3732 2799 γαστρίο

2146 2841 2356 2895 μαργον
2382 2824 2647 2895 μακάρων
2668 2824 2789 2877 τινα
2820 2824 3016 2887 εἰπεῖν,
3041 2821 3241 2876 καὶδιά
3259 2821 3417 2875 τοῦτο
3447 2820 3731 2890 βούλεσθαι

2142 2919 2233 2969 τὸν
2280 2917 2727 2985 Ἀγλαυτριαίναν
2760 2916 3032 2985 ἁρπάζειν
3064 2915 3156 2967 τὸν
3186 2913 3433 2966 Πέλοπα’
3460 2914 3556 2965 καὶ
3602 2910 3736 2980 φεύ-

2144 3026 2331 3076 γοντες
2384 3008 2684 3077 ἄνθρακας,
2718 3007 2779 3059 τὸ
2822 3007 2921 3076 τῆς
2954 3007 3279 3076 παροιμίας,
3317 3006 3476 3075 φλογὶ
3510 3007 3733 3076 περιπί-

2144 3117 2361 3155 πτουσι.
2385 3100 2451 3153 Τί
2479 3100 2650 3169 δὲτὴν
2669 3098 2836 3169 ἀλλην
2854 3098 2949 3151 καὶ
2975 3096 3063 3161 τίς
3087 3097 3152 3151 ἂν
3176 3098 3484 3168 ἀριθμήσαι
3510 3096 3729 3164 μανίαν,

449 3161 719 3240 carbones
751 3161 989 3254 fugiunt,
1023 3161 1273 3239 incidant
1307 3161 1371 3239 in
1430 3184 1727 3239 ﬂammam.
1763 3184 2033 3242 Caeterum

2143 3194 2211 3263 ἢν
2246 3196 2338 3246 ἐπὶ
2382 3161 2624 3273 γυναίοις
2682 3161 3019 3263 ὲκμέμηνεν,
3052 3161 3243 3245 ἄλλοτε
3276 3161 3412 3261 προς
3444 3161 3572 3244 ἄλλο
3594 3184 3737 3252 εἶδος

450 3277 579 3346 quis
629 3274 799 3329 fando
840 3275 1101 3345 explicet,
1153 3289 1394 3344 quonam
1445 3283 1608 3344 pacto
1659 3276 1753 3332 ille
1796 3277 1942 3332 idem
1981 3280 2038 3332 in

451 3364 809 3421 mulierculas
871 3366 1001 3420 item
1052 3367 1422 3422 exardescens
1465 3368 1521 3421 in
1558 3369 1721 3423 aliam
1765 3370 2040 3440 aliamque

452 3459 689 3529 speciem
719 3461 1144 3517 transformatus
1176 3462 1285 3517 sit?
1318 3460 1414 3517 llis
1441 3462 1675 3533 adiunge
1705 3465 2038 3534 Apollinem,

451 3551 544 3621 qui
600 3549 884 3620 Daphnem
919 3551 1163 3607 efﬂictim
1208 3553 1478 3621 deperiit;
1530 3554 1625 3624 qui
1666 3555 1789 3610 aliis
1820 3556 2033 3610 occulta

448 3644 720 3712 pandens,
766 3645 871 3699 sibi
932 3645 1051 3715 ipse
1085 3646 1333 3715 nequivit
1378 3660 1537 3715 opem
1598 3645 1746 3701 ferre
1785 3666 1801 3701 :
1836 3650 2038 3717 quippe

451 3735 691 3791 nescivit
736 3735 883 3802 fore,
926 3745 985 3790 ut
1017 3737 1087 3791 ab
1115 3752 1181 3791 eo
1212 3739 1423 3793 amasia
1460 3738 1703 3808 fugeret;
1758 3739 1873 3808 ipse
1910 3753 2039 3793 vero

454 3826 614 3881 vanis
665 3841 730 3881 ac
768 3827 1048 3882 incassum
1109 3828 1248 3882 fusis
1296 3830 1629 3897 ploratibus,
1678 3829 1838 3898 juxta
1877 3831 2039 3885 arbo-

452 3933 569 3973 rem
601 3917 854 3987 ejularet,
889 3919 1042 3973 nullo
1071 3920 1183 3974 alio
1235 3921 1302 3973 ad
1335 3922 1597 3975 solatium
1629 3920 1842 3981 relicto,
1872 3937 2035 3990 quam

447 4020 514 4063 ut
558 4010 803 4065 dolorem
841 4011 1017 4081 magis
1064 4011 1390 4067 accenderet
1418 4013 1683 4068 :tametsi
1726 4012 1774 4067 is
1806 4012 2033 4068 Martem

451 4102 852 4157 adulterantem
878 4103 1084 4173 prodit.
1110 4104 1402 4173 ipsumque
1425 4105 1662 4161 vinculis
1679 4104 2031 4172 circumqua-

450 4210 558 4266 que
607 4193 884 4266 astringit.
929 4192 1072 4261 Quid
1119 4209 1250 4251 vero
1293 4210 1624 4266 percensere
1674 4197 1869 4253 attinet
1908 4211 2031 4253 oni-

2148 3284 2652 3357 μεταποιούμενος;
2683 3284 2824 3351 Λέγε
2873 3284 2969 3336 καὶ
3001 3284 3091 3336 τὸν
3110 3283 3341 3352 Δάφνης
3372 3282 3608 3352 ἐραστὴν
3642 3281 3736 3334 τὸν

2150 3378 2366 3441 Πύθιον,
2419 3377 2478 3441 ὃς
2529 3381 2708 3429 καίτοι
2764 3374 2975 3442 ἑτέροις
3009 3373 3232 3445 μηνύων
3262 3375 3331 3427 τὰ
3380 3372 3585 3443 ἄδηλα,
3634 3373 3737 3426 οὒκ

2150 3467 2464 3538 ἀπέχρησεν
2529 3465 2743 3537 ἑαυτῷ,
2794 3466 2912 3519 ἀλλ’
2960 3466 3228 3534 ὴγνόησεν
3273 3464 3348 3527 ὡς
3390 3463 3739 3532 διαφεύξεται

2141 3562 2331 3613 τοῦτον
2364 3562 2397 3630 ή
2429 3562 2703 3630 ἐρωμένη,
2731 3559 2830 3612 καὶ
2877 3558 3120 3628 ἀνόνητα
3149 3558 3401 3629 κλαιήσει
3441 3558 3535 3609 ἐπὶ
3561 3555 3736 3626 φυτῷ,

2143 3652 2297 3705 οὐδὲν
2343 3652 2507 3704 πλέον
2560 3650 2748 3721 ήὸσον
2793 3649 3131 3719 ὑπέκκαυμα
3175 3649 3274 3718 τῆς
3326 3648 3522 3716 ὀδύνης
3562 3648 3736 3718 ἔχων

2149 3738 2327 3793 καίτοι
2354 3737 2446 3790 τὸν
2515 3739 2658 3809 Ἀρη
2713 3738 3105 3806 ἀσελγαίνοντα
3150 3736 3363 3808 μηνύει,
3400 3737 3493 3790 καὶ
3520 3737 3740 3808 δεσμοῖς

2150 3829 2487 3901 περιϐάλλει.
2543 3831 2609 3884 Τί
2655 3829 2752 3893 τὰς
2811 3830 3047 3883 πάντων·
3082 3829 3219 3899 ὁμοῦ
3275 3828 3416 3881 θεῶν
3462 3828 3547 3897 ἐφ’
3574 3828 3738 3898 ἕτερα

2149 3922 2262 3994 εἴδη
2303 3923 2713 3993 μεταποιήσεις,
2750 3921 2839 3974 ἵνα
2868 3921 2968 3991 τὴν
3008 3921 3202 3992 Κόρην
3241 3919 3640 3990 διερευνωμένῃ
3671 3922 3736 3990 τῇ

2145 4017 2393 4086 Δήμητρι
2427 4014 2502 4085 μὴ
2529 4016 2613 4084 εἴη
2639 4015 2739 4083 τῆς
2762 4013 2975 4085 πλάνης
3013 4014 3325 4075 ἀπόπαυσις
3344 4052 3359 4077 ,
3395 4014 3495 4065 οὐκ
3537 4014 3736 4082 ἐχούσῃ

2142 4107 2275 4176 παρ’
2304 4106 2427 4158 ὅτου
2468 4105 2651 4176 μάθοι,
2687 4104 2906 4158 πάντων
2946 4103 3086 4171 ὁμοῦ
3130 4102 3229 4167 τὰς
3276 4103 3485 4165 οἰκείας
3516 4102 3738 4173 διαμει-

2138 4197 2357 4267 ψάντων
2382 4195 2581 4264 είδέας,
2617 4196 2711 4257 καὶ
2743 4195 2880 4269 πρὸς
2909 4195 3104 4266 ἐτέρας
3132 4195 3194 4250 οὐ
3226 4196 3536 4266 γνωρίμους
3566 4210 3735 4264 μετα-

1716 4374 1954 4430 VARLE
1996 4374 2292 4432 LECTION
2300 4378 2399 4432 ES.

551 4500 596 4530 ιι
622 4490 712 4546 ed.
739 4491 846 4559 τῆς
866 4486 1100 4560 Δανάης.
1176 4494 1211 4522 π
1252 4486 1342 4542 ed.
1383 4487 1747 4559 νεννώμενον.

1836 4495 1862 4523 °
1904 4487 2092 4542 Grets.
2117 4489 2216 4542 τοῦ
2251 4488 2438 4554 ποτοῦ,
2461 4491 2543 4545 vel
2572 4491 2762 4554 πότου,
2794 4490 2878 4543 vel
2920 4491 2999 4551 εἰς
3016 4487 3265 4541 εὔποτον.

1987 4576 2223 4635 NOTAE.

522 4674 637 4762 te!)
671 4669 2042 4762 ρηοέεττέτίε-δειέιέῖιξιεὲεξξὲἑὲἓξιιεξεέξσὶειὶἒῖρξεξί
2072 4674 2126 4733 D
2152 4690 2262 4732 non
2293 4675 2741 4762 emendatum
2774 4670 3741 4762 ξεςι,ἀερνθ,γξιιίοιειυοάρνειξθηξε

437 4741 760 4825 -Δβθιίιιτιιο
785 4741 923 4825 tilio,
955 4759 1025 4797 ex
1050 4743 1215 4825 cuius
1241 4741 1581 4825 genitalibus
1608 4741 1847 4825 inmare
1873 4741 2049 4820 proje-

450 4817 559 4871 ctis
584 4824 711 4869 nata
751 4815 826 4869 sit
879 4812 1090 4876 Venus,
1123 4809 1304 4881 turpis
1362 4826 1556 4865 revera
1614 4809 1786 4881 fetus,
1827 4810 2049 4881 quique

451 4885 695 4955 turpiter
711 4899 849 4955 suos
868 4898 932 4937 ac
960 4889 1163 4955 nothos
1194 4878 1444 4955 scortum
1472 4878 2050 4955 turpeailiciatLGret-

452 4947 615 5011 seriis
645 4954 786 5008 nihil
815 4968 931 5008 rem
972 4952 1257 5022 exprimit,
1313 4947 1603 5022 refertque
1636 4950 1709 5022 in;
1742 4947 2044 5022 Saturnum

453 5025 597 5080 male
627 5023 908 5089 affectum,
934 5020 1079 5091 quod
1105 5031 1299 5076 auctor
1330 5022 1386 5075 in
1413 5021 1670 5075 eumdem
1698 5020 1859 5091 habet
1903 5020 2047 5091 male

452 5095 807 5158 aﬂicientem,
848 5090 1085 5163 patrem.
1152 5091 1264 5163 Nec
1294 5093 1436 5146 bene
1477 5106 1665 5163 vocem
1717 5090 2043 5163 Graecostasi,

454 5175 716 5234 tanquam
748 5161 1063 5234 suspectam
1098 5162 1295 5234 nititur
1322 5161 1618 5234 emendare
1647 5199 1661 5218 .
1705 5175 1830 5212 cum
1871 5162 2047 5234 ascri-

457 5235 537 5288 bit
572 5231 761 5303 'marg.
811 5232 1297 5303 διατίκτουσαμνεὶ
1332 5231 1693 5303 διατεκοῦξσα·
1732 5244 1854 5297 qua:
1894 5232 2052 5298 plane

453 5320 622 5359 voces
644 5300 781 5356 nihil
808 5303 1105 5372 quadram.
1132 5300 1278 5355 Nihil
1313 5300 1745 5372 mororfabulas
1784 5315 1924 5368 quas
1952 5314 2051 5351 au-

456 5382 578 5426 ctor
605 5371 950 5443 perstringit,
975 5381 1193 5443 tantum
1218 5380 1457 5425 mentem
1479 5371 1628 5443 clare
1651 5378 2053 5443 repraesentare

456 5441 676 5498 conor:
713 5441 872 5510 petet”
895 5442 989 5511 qui
1036 5441 1188 5496 volet
1237 5456 1268 5495 α
1319 5441 1683 5511 mythologis,
1722 5441 1873 5508 apud
1910 5454 2053 5506 quos

458 5515 487 5543 ὀ
509 5524 566 5566 ta
597 5514 784 5569 nervia
814 5520 962 5567 sunt.

530 5529 566 5565 ua
586 5528 784 5621 gemat
814 5528 962 5567 sunt.
1586 5580 1597 5592 ⁸
1647 5581 1658 5592 ι
1777 5581 1786 5591 1

530 5585 641 5653 (5..)
708 5583 792 5635 Ad
849 5592 1003 5653 turpe
1057 5579 1477 5653 infandumque
1526 5589 1882 5635 uttnisterium
1954 5580 2051 5653 Είς

456 5650 660 5709 ἄτοπον
687 5652 923 5720 ἁρπάζει
947 5652 1243 5709 διακονίαν.
1269 5650 1361 5707 Sic
1391 5651 1573 5721 palam
1622 5660 1852 5716 auctor;
1887 5650 2048 5719 cujus

2149 4745 2387 4812 margini
2414 4744 2667 4809 ascribit,
2705 4740 3020 4812 redditque,
3052 4742 3146 4804 Εἰς
3166 4740 3259 4794 τοῦ
3297 4740 3485 4812 ποτοῦ,
3522 4740 3603 4812 uel
3640 4742 3739 4793 πό-

2148 4810 2372 4881 τουήιεί
2393 4818 2472 4877 εἰς
2506 4813 2735 4868 εῠποτον
2760 4828 2775 4843 '
2810 4810 3087 4866 Pincernce
3104 4810 3405 4865 ministerio
3427 4810 3739 4865 destinarit.

2148 4885 2259 4941 Eos
2290 4900 2529 4953 namque
2582 4884 2811 4954 gentiles
2867 4881 3210 4954 perstringit,
3253 4882 3346 4954 qui
3400 4881 3452 4933 in
3484 4881 3743 4954 Neptuno

2149 4973 2213 5011 ac
2250 4956 2393 5010 divis
2423 4949 2550 5009 aliis
2580 4949 2763 5023 gulam
2795 4949 3054 5023 putarent
3091 4949 3280 5006 minus
3316 4952 3531 5023 decere,
3563 4949 3744 5023 liben-

2148 5036 2345 5094 tesque
2385 5020 2743 5094 admitterent
2780 5020 2839 5075 in
2888 5026 2971 5078 eis
2999 5021 3319 5094 luxuriam,_
3356 5021 3522 5089 cujus
3567 5020 3743 5094 liquet

2148 5090 2399 5180 notatum
2452 5093 2809 5180 Neptunum,
2863 5108 2975 5173 non
3019 5102 3201 5180 autem
3230 5091 3410 5180 gulae;
3466 5105 3570 5145 nec
3600 5090 3744 5145 forte

2154 5170 2379 5222 deerant
2400 5166 2493 5234 qui
2520 5160 2896 5235 Ganymedem
2925 5162 3009 5217 sic
3039 5179 3067 5212 ιι
3095 5160 3231 5216 Jove
3263 5166 3482 5235 raptum
3515 5169 3744 5235 conten-

2151 5238 2370 5300 derent,
2405 5228 2463 5289 ut
2497 5236 2547 5288 ei
2591 5228 2660 5288 in'
2690 5233 2911 5288 deliciis
2954 5240 3123 5293 esset,
3156 5228 3301 5299 quod
3332 5228 3539 5300 leniori
3572 5243 3742 5300 voca-

2153 5308 2282 5361 bulo
2314 5298 2655 5374 pecillatoris
2678 5319 2741 5356 ac
2766 5306 3050 5374 pincernae
3095 5301 3400 5374 mollirent.
3430 5298 3549 5374 Non
3573 5299 3746 5368 liquet

2153 5377 2289 5432 mihi
2314 5370 2381 5428 ex
2419 5376 2622 5444 quibus
2671 5370 3005 5444 tnythologis
3040 5370 3249 5444 habeat
3276 5370 3385 5444 Leo
3407 5371 3490 5444 sic
3524 5379 3743 5444 raptum

2154 5462 2185 5500 a
2218 5439 2471 5514 Neptuno
2504 5439 2790 5511 Pelopem,
2836 5451 2897 5496 ut
2922 5439 3069 5514 ξιιοηΔ
3106 5442 3305 5514 ambio
3326 5440 3542 5514 doctior
3568 5439 3742 5514 videri

2158 5518 2212 5571 in
2250 5506 2535 5586 gentilium
2569 5506 2792 5575 fabulis,
2840 5513 2932 5584 qui
2962 5510 3107 5567 nuda
3140 5526 3206 5566 ac
3246 5509 3567 5567 Christiana
3595 5506 3745 5563 veri-

2158 5584 2273 5642 tate
2292 5587 2467 5657 magis
2501 5584 2767 5641 deiecter.
