  <div class='ocr_page' id='page_1' title='image "/cluster/home/n/w/nwhite01/storage/ocr_20150623/107/mdp.39015028571910/094.png"; bbox 0 0 4086 6298; ppageno 0'>
   <div class='ocr_carea' id='block_1_1' title="bbox 334 309 431 379">
    <p class='ocr_par' dir='ltr' id='par_1_1' title="bbox 334 309 431 379">
     <span class='ocr_line' id='line_1_1' title="bbox 334 309 431 379; baseline -0.021 0"><span class='ocrx_word' id='word_1_1' title='bbox 334 309 431 379; x_wconf 65' lang='grc'><strong>191</strong></span> 
     </span>
    </p>
   </div>
   <div class='ocr_carea' id='block_1_2' title="bbox 1047 316 2916 382">
    <p class='ocr_par' dir='ltr' id='par_1_2' title="bbox 1047 316 2916 382">
     <span class='ocr_line' id='line_1_2' title="bbox 1047 316 2916 382; baseline 0.003 -5"><span class='ocrx_word' id='word_1_2' title='bbox 1047 316 1337 378; x_wconf 79' lang='lat' dir='ltr'><strong>ORATIO</strong></span> <span class='ocrx_word' id='word_1_3' title='bbox 1365 318 1441 378; x_wconf 84' lang='lat' dir='ltr'><strong>X.</strong></span> <span class='ocrx_word' id='word_1_4' title='bbox 1481 342 1554 354; x_wconf 85' lang='lat'><strong>-</strong></span> <span class='ocrx_word' id='word_1_5' title='bbox 1591 316 1673 378; x_wconf 86' lang='lat' dir='ltr'><strong>IN</strong></span> <span class='ocrx_word' id='word_1_6' title='bbox 1715 317 2152 380; x_wconf 80' lang='lat' dir='ltr'><strong>DOMINICAM</strong></span> <span class='ocrx_word' id='word_1_7' title='bbox 2174 319 2916 382; x_wconf 81' lang='lat' dir='ltr'><strong>RESURRECTIONEM.</strong></span> 
     </span>
    </p>
   </div>
   <div class='ocr_carea' id='block_1_3' title="bbox 3531 321 3631 389">
    <p class='ocr_par' dir='ltr' id='par_1_3' title="bbox 3531 321 3631 389">
     <span class='ocr_line' id='line_1_3' title="bbox 3531 321 3631 389; baseline -0.01 0"><span class='ocrx_word' id='word_1_8' title='bbox 3531 321 3631 389; x_wconf 64' lang='grc' dir='ltr'><strong>ωε</strong></span> 
     </span>
    </p>
   </div>
   <div class='ocr_carea' id='block_1_4' title="bbox 330 425 1949 504">
    <p class='ocr_par' dir='ltr' id='par_1_4' title="bbox 330 425 1926 504">
     <span class='ocr_line' id='line_1_4' title="bbox 330 425 1926 504; baseline 0.001 -21"><span class='ocrx_word' id='word_1_9' title='bbox 330 428 614 500; x_wconf 84' lang='grc' dir='ltr'>θεμένων;</span> <span class='ocrx_word' id='word_1_10' title='bbox 659 429 777 484; x_wconf 78' lang='grc' dir='ltr'><strong>Οὐκ</strong></span> <span class='ocrx_word' id='word_1_11' title='bbox 825 425 946 484; x_wconf 83' lang='grc' dir='ltr'>οἶδα</span> <span class='ocrx_word' id='word_1_12' title='bbox 980 430 1031 483; x_wconf 83' lang='grc' dir='ltr'><strong>τί</strong></span> <span class='ocrx_word' id='word_1_13' title='bbox 1062 430 1169 500; x_wconf 80' lang='grc' dir='ltr'><strong>φῶ.</strong></span> <span class='ocrx_word' id='word_1_14' title='bbox 1211 432 1312 504; x_wconf 73' lang='grc' dir='ltr'>τὴν</span> <span class='ocrx_word' id='word_1_15' title='bbox 1338 432 1548 502; x_wconf 79' lang='grc' dir='ltr'>κλοπὴν</span> <span class='ocrx_word' id='word_1_16' title='bbox 1581 433 1696 485; x_wconf 82' lang='grc' dir='ltr'>τῶν</span> <span class='ocrx_word' id='word_1_17' title='bbox 1728 431 1926 504; x_wconf 85' lang='grc' dir='ltr'>γάμων</span> 
     </span>
    </p>
   </div>
   <div class='ocr_carea' id='block_1_5' title="bbox 2055 425 3629 504">
    <p class='ocr_par' dir='ltr' id='par_1_5' title="bbox 2055 432 3629 504">
     <span class='ocr_line' id='line_1_5' title="bbox 2055 432 3629 504; baseline 0.003 -16"><span class='ocrx_word' id='word_1_18' title='bbox 2055 434 2186 488; x_wconf 72' lang='lat' dir='ltr'><strong>nium</strong></span> <span class='ocrx_word' id='word_1_19' title='bbox 2241 434 2452 504; x_wconf 86' lang='lat' dir='ltr'><strong>pariter</strong></span> <span class='ocrx_word' id='word_1_20' title='bbox 2496 433 2728 489; x_wconf 89' lang='lat' dir='ltr'><strong>deorum</strong></span> <span class='ocrx_word' id='word_1_21' title='bbox 2763 435 2820 488; x_wconf 88' lang='lat' dir='ltr'><strong>in</strong></span> <span class='ocrx_word' id='word_1_22' title='bbox 2855 434 3068 488; x_wconf 81' lang='lat' dir='ltr'><strong>alienas</strong></span> <span class='ocrx_word' id='word_1_23' title='bbox 3107 432 3315 492; x_wconf 78' lang='lat' dir='ltr'><strong>formas</strong></span> <span class='ocrx_word' id='word_1_24' title='bbox 3345 445 3629 492; x_wconf 77' lang='lat' dir='ltr'><strong>transmu~</strong></span> 
     </span>
    </p>
   </div>
   <div class='ocr_carea' id='block_1_6' title="bbox 333 521 1926 594">
    <p class='ocr_par' dir='ltr' id='par_1_6' title="bbox 333 521 1926 594">
     <span class='ocr_line' id='line_1_6' title="bbox 333 521 1926 594; baseline 0.001 -18"><span class='ocrx_word' id='word_1_25' title='bbox 333 523 789 592; x_wconf 83' lang='grc' dir='ltr'>συγκρυπτόντων</span> <span class='ocrx_word' id='word_1_26' title='bbox 847 521 927 593; x_wconf 84' lang='grc' dir='ltr'>τῷ</span> <span class='ocrx_word' id='word_1_27' title='bbox 977 522 1276 589; x_wconf 78' lang='grc' dir='ltr'><strong>Πλούτωνι,</strong></span> <span class='ocrx_word' id='word_1_28' title='bbox 1324 523 1357 594; x_wconf 83' lang='grc' dir='ltr'>ἦ</span> <span class='ocrx_word' id='word_1_29' title='bbox 1409 524 1771 592; x_wconf 75' lang='grc' dir='ltr'><strong>ἀγνοούντων,</strong></span> <span class='ocrx_word' id='word_1_30' title='bbox 1827 522 1926 578; x_wconf 74' lang='grc' dir='ltr'>καὶ</span> 
     </span>
    </p>
   </div>
   <div class='ocr_carea' id='block_1_7' title="bbox 330 613 1922 688">
    <p class='ocr_par' dir='ltr' id='par_1_7' title="bbox 330 613 1922 688">
     <span class='ocr_line' id='line_1_7' title="bbox 330 613 1922 688; baseline 0.001 -20"><span class='ocrx_word' id='word_1_31' title='bbox 330 614 419 668; x_wconf 76' lang='grc' dir='ltr'>διὰ</span> <span class='ocrx_word' id='word_1_32' title='bbox 444 615 603 668; x_wconf 84' lang='grc' dir='ltr'>τοῦτο</span> <span class='ocrx_word' id='word_1_33' title='bbox 637 615 772 684; x_wconf 78' lang='grc' dir='ltr'>πρὸς</span> <span class='ocrx_word' id='word_1_34' title='bbox 795 613 893 684; x_wconf 86' lang='grc' dir='ltr'>τὴν</span> <span class='ocrx_word' id='word_1_35' title='bbox 942 615 1171 688; x_wconf 77' lang='grc' dir='ltr'>ζήτησιν</span> <span class='ocrx_word' id='word_1_36' title='bbox 1202 615 1586 684; x_wconf 81' lang='grc' dir='ltr'><strong>ἀγωνιώντων,</strong></span> <span class='ocrx_word' id='word_1_37' title='bbox 1621 619 1717 670; x_wconf 71' lang='grc' dir='ltr'><strong>καὶ</strong></span> <span class='ocrx_word' id='word_1_38' title='bbox 1750 634 1922 687; x_wconf 82' lang='grc' dir='ltr'>μετα-</span> 
     </span>
    </p>
   </div>
   <div class='ocr_carea' id='block_1_8' title="bbox 335 699 1926 780">
    <p class='ocr_par' dir='ltr' id='par_1_8' title="bbox 335 699 1926 780">
     <span class='ocr_line' id='line_1_8' title="bbox 335 699 1926 780; baseline 0.001 -21"><span class='ocrx_word' id='word_1_39' title='bbox 335 709 751 778; x_wconf 78' lang='grc' dir='ltr'>μορφουμένων.</span> <span class='ocrx_word' id='word_1_40' title='bbox 803 706 944 760; x_wconf 80' lang='grc' dir='ltr'>Ἀλλ’</span> <span class='ocrx_word' id='word_1_41' title='bbox 1001 699 1149 762; x_wconf 81' lang='grc' dir='ltr'>οῦτοι</span> <span class='ocrx_word' id='word_1_42' title='bbox 1214 709 1314 778; x_wconf 81' lang='grc' dir='ltr'>μὲν</span> <span class='ocrx_word' id='word_1_43' title='bbox 1362 707 1550 780; x_wconf 84' lang='grc' dir='ltr'>ὥσπερ</span> <span class='ocrx_word' id='word_1_44' title='bbox 1606 709 1926 778; x_wconf 71' lang='grc' dir='ltr'><strong>ἐπισφαλῶς</strong></span> 
     </span>
    </p>
   </div>
   <div class='ocr_carea' id='block_1_9' title="bbox 332 796 1926 870">
    <p class='ocr_par' dir='ltr' id='par_1_9' title="bbox 332 796 1926 870">
     <span class='ocr_line' id='line_1_9' title="bbox 332 796 1926 870; baseline 0.001 -20"><span class='ocrx_word' id='word_1_45' title='bbox 332 796 556 868; x_wconf 72' lang='grc' dir='ltr'>ἐξεῦρον</span> <span class='ocrx_word' id='word_1_46' title='bbox 586 797 682 861; x_wconf 76' lang='grc' dir='ltr'>οὓς</span> <span class='ocrx_word' id='word_1_47' title='bbox 713 798 911 869; x_wconf 66' lang='grc' dir='ltr'>ᾔδεσαν</span> <span class='ocrx_word' id='word_1_48' title='bbox 933 800 1112 866; x_wconf 86' lang='grc' dir='ltr'>θεοὺς,</span> <span class='ocrx_word' id='word_1_49' title='bbox 1143 799 1288 854; x_wconf 91' lang='grc' dir='ltr'>οῦτω</span> <span class='ocrx_word' id='word_1_50' title='bbox 1322 801 1414 854; x_wconf 77' lang='grc' dir='ltr'>καὶ</span> <span class='ocrx_word' id='word_1_51' title='bbox 1444 801 1572 870; x_wconf 76' lang='grc' dir='ltr'>περὶ</span> <span class='ocrx_word' id='word_1_52' title='bbox 1601 801 1708 854; x_wconf 83' lang='grc' dir='ltr'><strong>τῶν</strong></span> <span class='ocrx_word' id='word_1_53' title='bbox 1738 800 1926 853; x_wconf 81' lang='grc' dir='ltr'>τελου-</span> 
     </span>
    </p>
   </div>
   <div class='ocr_carea' id='block_1_10' title="bbox 337 889 1923 970">
    <p class='ocr_par' dir='ltr' id='par_1_10' title="bbox 337 889 1923 970">
     <span class='ocr_line' id='line_1_10' title="bbox 337 889 1923 970; baseline 0.001 -26"><span class='ocrx_word' id='word_1_54' title='bbox 337 889 533 960; x_wconf 79' lang='grc' dir='ltr'>μένων,</span> <span class='ocrx_word' id='word_1_55' title='bbox 558 890 780 960; x_wconf 81' lang='grc' dir='ltr'>φαύλως</span> <span class='ocrx_word' id='word_1_56' title='bbox 797 891 1202 962; x_wconf 78' lang='grc' dir='ltr'>ὑπελάμϐανον,</span> <span class='ocrx_word' id='word_1_57' title='bbox 1227 894 1322 946; x_wconf 68' lang='grc' dir='ltr'>καὶ</span> <span class='ocrx_word' id='word_1_58' title='bbox 1346 893 1450 946; x_wconf 79' lang='grc' dir='ltr'>οὐκ</span> <span class='ocrx_word' id='word_1_59' title='bbox 1479 889 1626 964; x_wconf 78' lang='grc' dir='ltr'>εἶχον</span> <span class='ocrx_word' id='word_1_60' title='bbox 1656 895 1923 970; x_wconf 72' lang='grc' dir='ltr'>συνιέναι,</span> 
     </span>
    </p>
   </div>
   <div class='ocr_carea' id='block_1_11' title="bbox 2033 524 3632 597">
    <p class='ocr_par' dir='ltr' id='par_1_11' title="bbox 2033 524 3632 597">
     <span class='ocr_line' id='line_1_11' title="bbox 2033 524 3632 597; baseline 0.004 -17"><span class='ocrx_word' id='word_1_61' title='bbox 2033 528 2295 589; x_wconf 76' lang='lat' dir='ltr'><strong>lationes,</strong></span> <span class='ocrx_word' id='word_1_62' title='bbox 2336 541 2407 581; x_wconf 89' lang='lat' dir='ltr'><strong>ne</strong></span> <span class='ocrx_word' id='word_1_63' title='bbox 2449 525 2617 580; x_wconf 80' lang='lat' dir='ltr'><strong>Ceres</strong></span> <span class='ocrx_word' id='word_1_64' title='bbox 2663 524 3057 596; x_wconf 82' lang='lat' dir='ltr'><strong>Proserpinam</strong></span> <span class='ocrx_word' id='word_1_65' title='bbox 3095 528 3420 597; x_wconf 67' lang='lat' dir='ltr'><strong>quaeritans,</strong></span> <span class='ocrx_word' id='word_1_66' title='bbox 3468 532 3632 587; x_wconf 85' lang='lat' dir='ltr'><strong>linem</strong></span> 
     </span>
    </p>
   </div>
   <div class='ocr_carea' id='block_1_12' title="bbox 2035 617 3634 691">
    <p class='ocr_par' dir='ltr' id='par_1_12' title="bbox 2035 617 3634 691">
     <span class='ocr_line' id='line_1_12' title="bbox 2035 617 3634 691; baseline 0.003 -19"><span class='ocrx_word' id='word_1_67' title='bbox 2035 618 2243 672; x_wconf 88' lang='lat' dir='ltr'><strong>laboris</strong></span> <span class='ocrx_word' id='word_1_68' title='bbox 2277 619 2585 687; x_wconf 77' lang='lat' dir='ltr'><strong>reperiret;</strong></span> <span class='ocrx_word' id='word_1_69' title='bbox 2621 617 2840 672; x_wconf 85' lang='lat' dir='ltr'><strong>nemine</strong></span> <span class='ocrx_word' id='word_1_70' title='bbox 2885 619 3104 673; x_wconf 77' lang='lat' dir='ltr'><strong>scilicet</strong></span> <span class='ocrx_word' id='word_1_71' title='bbox 3127 620 3427 675; x_wconf 77' lang='lat' dir='ltr'><strong>exsistente</strong></span> <span class='ocrx_word' id='word_1_72' title='bbox 3456 636 3484 674; x_wconf 92' lang='lat' dir='ltr'><strong>a</strong></span> <span class='ocrx_word' id='word_1_73' title='bbox 3520 636 3634 691; x_wconf 90' lang='lat' dir='ltr'><strong>quo</strong></span> 
     </span>
    </p>
   </div>
   <div class='ocr_carea' id='block_1_13' title="bbox 2036 711 3634 784">
    <p class='ocr_par' dir='ltr' id='par_1_13' title="bbox 2036 711 3634 784">
     <span class='ocr_line' id='line_1_13' title="bbox 2036 711 3634 784; baseline 0.004 -19"><span class='ocrx_word' id='word_1_74' title='bbox 2036 713 2436 780; x_wconf 88' lang='lat' dir='ltr'><strong>interrogaret,</strong></span> <span class='ocrx_word' id='word_1_75' title='bbox 2498 725 2623 763; x_wconf 84' lang='lat' dir='ltr'><strong>cum</strong></span> <span class='ocrx_word' id='word_1_76' title='bbox 2675 725 2867 765; x_wconf 86' lang='lat' dir='ltr'><strong>omnes</strong></span> <span class='ocrx_word' id='word_1_77' title='bbox 2900 711 3067 766; x_wconf 84' lang='lat' dir='ltr'><strong>simul</strong></span> <span class='ocrx_word' id='word_1_78' title='bbox 3102 711 3199 777; x_wconf 91' lang='lat' dir='ltr'><strong>dii,</strong></span> <span class='ocrx_word' id='word_1_79' title='bbox 3236 713 3412 780; x_wconf 90' lang='lat' dir='ltr'><strong>posita</strong></span> <span class='ocrx_word' id='word_1_80' title='bbox 3457 714 3634 784; x_wconf 84' lang='lat' dir='ltr'><strong>ligura</strong></span> 
     </span>
    </p>
   </div>
   <div class='ocr_carea' id='block_1_14' title="bbox 2036 802 3628 874">
    <p class='ocr_par' dir='ltr' id='par_1_14' title="bbox 2036 802 3628 874">
     <span class='ocr_line' id='line_1_14' title="bbox 2036 802 3628 874; baseline 0.002 -17"><span class='ocrx_word' id='word_1_81' title='bbox 2036 804 2278 872; x_wconf 88' lang='lat' dir='ltr'><strong>propria,</strong></span> <span class='ocrx_word' id='word_1_82' title='bbox 2326 803 2645 872; x_wconf 78' lang='lat' dir='ltr'><strong>peregrinas</strong></span> <span class='ocrx_word' id='word_1_83' title='bbox 2705 802 3037 874; x_wconf 87' lang='lat' dir='ltr'><strong>ignotasque</strong></span> <span class='ocrx_word' id='word_1_84' title='bbox 3075 803 3284 859; x_wconf 84' lang='lat' dir='ltr'><strong>formas</strong></span> <span class='ocrx_word' id='word_1_85' title='bbox 3331 805 3437 860; x_wconf 89' lang='lat' dir='ltr'><strong>sibi</strong></span> <span class='ocrx_word' id='word_1_86' title='bbox 3478 806 3628 860; x_wconf 83' lang='lat' dir='ltr'><strong>asci-</strong></span> 
     </span>
    </p>
   </div>
   <div class='ocr_carea' id='block_1_15' title="bbox 2038 892 3636 967">
    <p class='ocr_par' dir='ltr' id='par_1_15' title="bbox 2038 892 3636 967">
     <span class='ocr_line' id='line_1_15' title="bbox 2038 892 3636 967; baseline 0.004 -23"><span class='ocrx_word' id='word_1_87' title='bbox 2038 892 2451 958; x_wconf 82' lang='lat' dir='ltr'><strong>vissent?Quid</strong></span> <span class='ocrx_word' id='word_1_88' title='bbox 2475 894 2681 959; x_wconf 79' lang='lat' dir='ltr'><strong>dicam,</strong></span> <span class='ocrx_word' id='word_1_89' title='bbox 2710 909 2820 948; x_wconf 92' lang='lat' dir='ltr'><strong>non</strong></span> <span class='ocrx_word' id='word_1_90' title='bbox 2864 894 3004 950; x_wconf 89' lang='lat' dir='ltr'><strong>satis</strong></span> <span class='ocrx_word' id='word_1_91' title='bbox 3027 894 3265 964; x_wconf 81' lang='lat' dir='ltr'><strong>dispicio</strong></span> <span class='ocrx_word' id='word_1_92' title='bbox 3290 915 3304 950; x_wconf 91' lang='lat'>:</span> <span class='ocrx_word' id='word_1_93' title='bbox 3343 912 3475 949; x_wconf 89' lang='lat' dir='ltr'><strong>num</strong></span> <span class='ocrx_word' id='word_1_94' title='bbox 3504 895 3636 967; x_wconf 87' lang='lat' dir='ltr'><strong>quia</strong></span> 
     </span>
    </p>
   </div>
   <div class='ocr_carea' id='block_1_16' title="bbox 331 981 1949 1056">
    <p class='ocr_par' dir='ltr' id='par_1_16' title="bbox 331 981 1937 1054">
     <span class='ocr_line' id='line_1_16' title="bbox 331 981 1937 1054; baseline 0.002 -21"><span class='ocrx_word' id='word_1_95' title='bbox 331 981 415 1034; x_wconf 80' lang='grc' dir='ltr'>ὅτι</span> <span class='ocrx_word' id='word_1_96' title='bbox 466 981 605 1052; x_wconf 70' lang='grc' dir='ltr'>πρὸς</span> <span class='ocrx_word' id='word_1_97' title='bbox 652 983 915 1053; x_wconf 83' lang='grc' dir='ltr'><strong>αἰσχύνην</strong></span> <span class='ocrx_word' id='word_1_98' title='bbox 966 985 1155 1047; x_wconf 86' lang='grc' dir='ltr'>αὐτοῖς</span> <span class='ocrx_word' id='word_1_99' title='bbox 1190 983 1658 1054; x_wconf 83' lang='grc' dir='ltr'>καταστρέφουσιν</span> <span class='ocrx_word' id='word_1_100' title='bbox 1699 984 1756 1036; x_wconf 91' lang='grc' dir='ltr'><strong>αί</strong></span> <span class='ocrx_word' id='word_1_101' title='bbox 1799 1001 1937 1036; x_wconf 80' lang='grc' dir='ltr'>παν-</span> 
     </span>
    </p>
   </div>
   <div class='ocr_carea' id='block_1_17' title="bbox 2055 981 3638 1056">
    <p class='ocr_par' dir='ltr' id='par_1_17' title="bbox 2055 982 3638 1056">
     <span class='ocr_line' id='line_1_17' title="bbox 2055 982 3638 1056; baseline 0.003 -20"><span class='ocrx_word' id='word_1_102' title='bbox 2055 984 2275 1039; x_wconf 69' lang='lat' dir='ltr'><strong>irrtivas</strong></span> <span class='ocrx_word' id='word_1_103' title='bbox 2312 985 2436 1039; x_wconf 86' lang='lat' dir='ltr'><strong>illas</strong></span> <span class='ocrx_word' id='word_1_104' title='bbox 2471 982 2725 1041; x_wconf 84' lang='lat' dir='ltr'><strong>Plutonis</strong></span> <span class='ocrx_word' id='word_1_105' title='bbox 2782 987 3006 1056; x_wconf 88' lang='lat' dir='ltr'><strong>nuptias</strong></span> <span class='ocrx_word' id='word_1_106' title='bbox 3064 987 3349 1041; x_wconf 87' lang='lat' dir='ltr'><strong>communi</strong></span> <span class='ocrx_word' id='word_1_107' title='bbox 3399 987 3638 1043; x_wconf 83' lang='lat' dir='ltr'><strong>consilio</strong></span> 
     </span>
    </p>
   </div>
   <div class='ocr_carea' id='block_1_18' title="bbox 335 1073 1949 1153">
    <p class='ocr_par' dir='ltr' id='par_1_18' title="bbox 335 1073 1768 1153">
     <span class='ocr_line' id='line_1_18' title="bbox 335 1073 1768 1153; baseline 0.003 -28"><span class='ocrx_word' id='word_1_108' title='bbox 335 1073 583 1146; x_wconf 82' lang='grc' dir='ltr'>ηγύρεις,</span> <span class='ocrx_word' id='word_1_109' title='bbox 611 1076 706 1129; x_wconf 72' lang='grc' dir='ltr'><strong>καὶ</strong></span> <span class='ocrx_word' id='word_1_110' title='bbox 739 1076 836 1147; x_wconf 80' lang='grc' dir='ltr'>τὴν</span> <span class='ocrx_word' id='word_1_111' title='bbox 868 1077 1078 1130; x_wconf 76' lang='grc' dir='ltr'>ἑαυτῶν</span> <span class='ocrx_word' id='word_1_112' title='bbox 1098 1076 1452 1148; x_wconf 79' lang='grc' dir='ltr'>ἑορτάζουσιν</span> <span class='ocrx_word' id='word_1_113' title='bbox 1473 1077 1681 1131; x_wconf 80' lang='grc' dir='ltr'>ἄνοιαν.</span> <span class='ocrx_word' id='word_1_114' title='bbox 1765 1149 1768 1153; x_wconf 21' lang='grc'><strong>’</strong></span> 
     </span>
    </p>
   </div>
   <div class='ocr_carea' id='block_1_19' title="bbox 2055 1073 3640 1153">
    <p class='ocr_par' dir='ltr' id='par_1_19' title="bbox 2055 1076 3640 1149">
     <span class='ocr_line' id='line_1_19' title="bbox 2055 1076 3640 1149; baseline 0.001 -20"><span class='ocrx_word' id='word_1_115' title='bbox 2055 1078 2224 1130; x_wconf 77' lang='lat' dir='ltr'><strong>:elare</strong></span> <span class='ocrx_word' id='word_1_116' title='bbox 2266 1076 2614 1140; x_wconf 85' lang='lat' dir='ltr'><strong>statuissent,</strong></span> <span class='ocrx_word' id='word_1_117' title='bbox 2670 1084 2766 1131; x_wconf 87' lang='lat' dir='ltr'><strong>aut</strong></span> <span class='ocrx_word' id='word_1_118' title='bbox 2823 1080 2952 1148; x_wconf 85' lang='lat' dir='ltr'><strong>quia</strong></span> <span class='ocrx_word' id='word_1_119' title='bbox 3005 1078 3368 1149; x_wconf 88' lang='lat' dir='ltr'><strong>ignorarent,</strong></span> <span class='ocrx_word' id='word_1_120' title='bbox 3402 1093 3640 1149; x_wconf 85' lang='lat' dir='ltr'><strong>eamque</strong></span> 
     </span>
    </p>
   </div>
   <div class='ocr_carea' id='block_1_20' title="bbox 335 1168 3640 1243">
    <p class='ocr_par' dir='ltr' id='par_1_20' title="bbox 335 1168 3640 1243">
     <span class='ocr_line' id='line_1_20' title="bbox 335 1168 3640 1243; baseline 0.002 -21"><span class='ocrx_word' id='word_1_121' title='bbox 335 1168 408 1223; x_wconf 87' lang='lat' dir='ltr'><strong>ob</strong></span> <span class='ocrx_word' id='word_1_122' title='bbox 463 1182 689 1224; x_wconf 83' lang='lat' dir='ltr'><strong>causam</strong></span> <span class='ocrx_word' id='word_1_123' title='bbox 741 1168 1019 1226; x_wconf 78' lang='lat' dir='ltr'><strong>dificiliori</strong></span> <span class='ocrx_word' id='word_1_124' title='bbox 1071 1171 1451 1242; x_wconf 84' lang='lat' dir='ltr'><strong>inquisitione,</strong></span> <span class='ocrx_word' id='word_1_125' title='bbox 1505 1169 1713 1226; x_wconf 81' lang='lat' dir='ltr'><strong>formas</strong></span> <span class='ocrx_word' id='word_1_126' title='bbox 1766 1170 1906 1225; x_wconf 90' lang='lat' dir='ltr'><strong>alias</strong></span> <span class='ocrx_word' id='word_1_127' title='bbox 1971 1175 2435 1243; x_wconf 83' lang='lat' dir='ltr'><strong>assumpsissent.</strong></span> <span class='ocrx_word' id='word_1_128' title='bbox 2490 1177 2560 1229; x_wconf 81' lang='lat' dir='ltr'><strong>At</strong></span> <span class='ocrx_word' id='word_1_129' title='bbox 2611 1174 2703 1228; x_wconf 83' lang='lat' dir='ltr'><strong>isti</strong></span> <span class='ocrx_word' id='word_1_130' title='bbox 2789 1174 3036 1243; x_wconf 88' lang='lat' dir='ltr'><strong>quidem,</strong></span> <span class='ocrx_word' id='word_1_131' title='bbox 3086 1183 3147 1228; x_wconf 91' lang='lat' dir='ltr'><strong>ut</strong></span> <span class='ocrx_word' id='word_1_132' title='bbox 3199 1183 3407 1230; x_wconf 85' lang='lat' dir='ltr'><strong>temere</strong></span> <span class='ocrx_word' id='word_1_133' title='bbox 3472 1187 3640 1228; x_wconf 79' lang='lat' dir='ltr'><strong>exco-</strong></span> 
     </span>
    </p>
   </div>
   <div class='ocr_carea' id='block_1_21' title="bbox 336 1259 3641 1334">
    <p class='ocr_par' dir='ltr' id='par_1_21' title="bbox 336 1259 3641 1334">
     <span class='ocr_line' id='line_1_21' title="bbox 336 1259 3641 1334; baseline 0.003 -22"><span class='ocrx_word' id='word_1_134' title='bbox 336 1259 798 1330; x_wconf 84' lang='lat' dir='ltr'><strong>gitarunt,&#39;quos</strong></span> <span class='ocrx_word' id='word_1_135' title='bbox 827 1262 1079 1317; x_wconf 82' lang='lat' dir='ltr'><strong>arbitrati</strong></span> <span class='ocrx_word' id='word_1_136' title='bbox 1129 1271 1263 1318; x_wconf 90' lang='lat' dir='ltr'><strong>sunt</strong></span> <span class='ocrx_word' id='word_1_137' title='bbox 1294 1263 1428 1318; x_wconf 89' lang='lat' dir='ltr'><strong>deos</strong></span> <span class='ocrx_word' id='word_1_138' title='bbox 1455 1303 1472 1328; x_wconf 90' lang='lat'><strong>,</strong></span> <span class='ocrx_word' id='word_1_139' title='bbox 1502 1264 1576 1316; x_wconf 90' lang='lat' dir='ltr'><strong>ita</strong></span> <span class='ocrx_word' id='word_1_140' title='bbox 1617 1264 1783 1318; x_wconf 90' lang='lat' dir='ltr'><strong>etiam</strong></span> <span class='ocrx_word' id='word_1_141' title='bbox 1815 1265 1935 1320; x_wconf 85' lang='lat' dir='ltr'><strong>sine</strong></span> <span class='ocrx_word' id='word_1_142' title='bbox 1973 1267 2191 1320; x_wconf 87' lang='lat' dir='ltr'><strong>ratione</strong></span> <span class='ocrx_word' id='word_1_143' title='bbox 2217 1266 2415 1321; x_wconf 88' lang='lat' dir='ltr'><strong>iisdem</strong></span> <span class='ocrx_word' id='word_1_144' title='bbox 2440 1267 2562 1322; x_wconf 84' lang='lat' dir='ltr'><strong>dies</strong></span> <span class='ocrx_word' id='word_1_145' title='bbox 2602 1266 2772 1322; x_wconf 83' lang='lat' dir='ltr'><strong>festos</strong></span> <span class='ocrx_word' id='word_1_146' title='bbox 2827 1275 3263 1334; x_wconf 86' lang='lat' dir='ltr'><strong>consecrarunt;</strong></span> <span class='ocrx_word' id='word_1_147' title='bbox 3340 1284 3448 1324; x_wconf 90' lang='lat' dir='ltr'><strong>non</strong></span> <span class='ocrx_word' id='word_1_148' title='bbox 3513 1268 3641 1322; x_wconf 87' lang='lat' dir='ltr'><strong>ani-</strong></span> 
     </span>
    </p>
   </div>
   <div class='ocr_carea' id='block_1_22' title="bbox 338 1341 3690 1430">
    <p class='ocr_par' dir='ltr' id='par_1_22' title="bbox 338 1341 3690 1430">
     <span class='ocr_line' id='line_1_22' title="bbox 338 1341 3690 1430; baseline 0.004 -25"><span class='ocrx_word' id='word_1_149' title='bbox 338 1341 766 1418; x_wconf 87' lang='lat' dir='ltr'><strong>madvertentes,</strong></span> <span class='ocrx_word' id='word_1_150' title='bbox 802 1368 941 1423; x_wconf 87' lang='lat' dir='ltr'><strong>quos</strong></span> <span class='ocrx_word' id='word_1_151' title='bbox 991 1354 1074 1409; x_wconf 92' lang='lat' dir='ltr'><strong>eis</strong></span> <span class='ocrx_word' id='word_1_152' title='bbox 1126 1354 1299 1410; x_wconf 86' lang='lat' dir='ltr'><strong>festos</strong></span> <span class='ocrx_word' id='word_1_153' title='bbox 1334 1353 1757 1409; x_wconf 84' lang='lat' dir='ltr'><strong>constituissent</strong></span> <span class='ocrx_word' id='word_1_154' title='bbox 1813 1354 1956 1421; x_wconf 87' lang='lat' dir='ltr'><strong>dies,</strong></span> <span class='ocrx_word' id='word_1_155' title='bbox 1998 1356 2054 1411; x_wconf 89' lang='lat' dir='ltr'><strong>in</strong></span> <span class='ocrx_word' id='word_1_156' title='bbox 2118 1372 2313 1412; x_wconf 90' lang='lat' dir='ltr'><strong>eorum</strong></span> <span class='ocrx_word' id='word_1_157' title='bbox 2355 1358 2598 1414; x_wconf 88' lang='lat' dir='ltr'><strong>dedecus</strong></span> <span class='ocrx_word' id='word_1_158' title='bbox 2620 1373 2685 1413; x_wconf 91' lang='lat' dir='ltr'><strong>ac</strong></span> <span class='ocrx_word' id='word_1_159' title='bbox 2707 1359 3068 1430; x_wconf 81' lang='lat' dir='ltr'><strong>approbrium</strong></span> <span class='ocrx_word' id='word_1_160' title='bbox 3090 1360 3308 1427; x_wconf 85' lang='lat' dir='ltr'><strong>cedere,</strong></span> <span class='ocrx_word' id='word_1_161' title='bbox 3363 1377 3467 1416; x_wconf 88' lang='lat' dir='ltr'><strong>nec</strong></span> <span class='ocrx_word' id='word_1_162' title='bbox 3491 1365 3640 1418; x_wconf 86' lang='lat' dir='ltr'><strong>aliud</strong></span> <span class='ocrx_word' id='word_1_163' title='bbox 3685 1349 3690 1356; x_wconf 67' lang='grc'><em>’</em></span> 
     </span>
    </p>
   </div>
   <div class='ocr_carea' id='block_1_23' title="bbox 339 1444 2292 1518">
    <p class='ocr_par' dir='ltr' id='par_1_23' title="bbox 339 1444 2292 1518">
     <span class='ocr_line' id='line_1_23' title="bbox 339 1444 2292 1518; baseline 0.003 -17"><span class='ocrx_word' id='word_1_164' title='bbox 339 1444 511 1515; x_wconf 76' lang='lat' dir='ltr'><strong>ipsos,</strong></span> <span class='ocrx_word' id='word_1_165' title='bbox 556 1462 722 1516; x_wconf 88' lang='lat' dir='ltr'><strong>quam</strong></span> <span class='ocrx_word' id='word_1_166' title='bbox 777 1462 938 1503; x_wconf 86' lang='lat' dir='ltr'><strong>suam</strong></span> <span class='ocrx_word' id='word_1_167' title='bbox 993 1449 1242 1518; x_wconf 79' lang='lat' dir='ltr'><strong>ipsorum</strong></span> <span class='ocrx_word' id='word_1_168' title='bbox 1298 1447 1664 1504; x_wconf 75' lang='lat' dir='ltr'><strong>stoliditatem</strong></span> <span class='ocrx_word' id='word_1_169' title='bbox 1719 1450 2045 1506; x_wconf 88' lang='lat' dir='ltr'><strong>solemniter</strong></span> <span class='ocrx_word' id='word_1_170' title='bbox 2087 1453 2292 1508; x_wconf 89' lang='lat' dir='ltr'><strong>colere.</strong></span> 
     </span>
    </p>
   </div>
   <div class='ocr_carea' id='block_1_24' title="bbox 421 1537 1949 1619">
    <p class='ocr_par' dir='ltr' id='par_1_24' title="bbox 421 1537 1932 1612">
     <span class='ocr_line' id='line_1_24' title="bbox 421 1537 1932 1612; baseline 0.001 -21"><span class='ocrx_word' id='word_1_171' title='bbox 421 1537 585 1606; x_wconf 82' lang='grc' dir='ltr'>Ἦμῑν</span> <span class='ocrx_word' id='word_1_172' title='bbox 616 1540 673 1592; x_wconf 77' lang='grc' dir='ltr'>δὲ</span> <span class='ocrx_word' id='word_1_173' title='bbox 706 1537 894 1610; x_wconf 82' lang='grc' dir='ltr'>ὥσπερ</span> <span class='ocrx_word' id='word_1_174' title='bbox 929 1543 1010 1605; x_wconf 89' lang='grc' dir='ltr'><strong>είς</strong></span> <span class='ocrx_word' id='word_1_175' title='bbox 1050 1540 1213 1595; x_wconf 80' lang='grc' dir='ltr'>καλὸν</span> <span class='ocrx_word' id='word_1_176' title='bbox 1254 1540 1314 1594; x_wconf 82' lang='grc' dir='ltr'>τὸ</span> <span class='ocrx_word' id='word_1_177' title='bbox 1346 1541 1553 1610; x_wconf 81' lang='grc' dir='ltr'>γνῶναι</span> <span class='ocrx_word' id='word_1_178' title='bbox 1597 1541 1763 1610; x_wconf 77' lang='grc' dir='ltr'>Θεὸν,</span> <span class='ocrx_word' id='word_1_179' title='bbox 1797 1542 1932 1612; x_wconf 82' lang='grc' dir='ltr'>μᾶλ-</span> 
     </span>
    </p>
   </div>
   <div class='ocr_carea' id='block_1_25' title="bbox 2055 1537 3644 1619">
    <p class='ocr_par' dir='ltr' id='par_1_25' title="bbox 2109 1544 3644 1619">
     <span class='ocr_line' id='line_1_25' title="bbox 2109 1544 3644 1619; baseline 0.007 -22"><span class='ocrx_word' id='word_1_180' title='bbox 2109 1544 2283 1602; x_wconf 80' lang='lat' dir='ltr'><strong>Nobis</strong></span> <span class='ocrx_word' id='word_1_181' title='bbox 2318 1561 2510 1617; x_wconf 85' lang='lat' dir='ltr'><strong>porro,</strong></span> <span class='ocrx_word' id='word_1_182' title='bbox 2554 1559 2615 1601; x_wconf 93' lang='lat' dir='ltr'><strong>ut</strong></span> <span class='ocrx_word' id='word_1_183' title='bbox 2667 1547 2839 1603; x_wconf 87' lang='lat' dir='ltr'><strong>Deum</strong></span> <span class='ocrx_word' id='word_1_184' title='bbox 2874 1548 3226 1619; x_wconf 82' lang='lat' dir='ltr'><strong>cognovisse,</strong></span> <span class='ocrx_word' id='word_1_185' title='bbox 3261 1550 3346 1602; x_wconf 89' lang='lat' dir='ltr'><strong>vel</strong></span> <span class='ocrx_word' id='word_1_186' title='bbox 3401 1551 3588 1619; x_wconf 87' lang='lat' dir='ltr'><strong>potius</strong></span> <span class='ocrx_word' id='word_1_187' title='bbox 3614 1568 3644 1608; x_wconf 84' lang='lat' dir='ltr'><strong>a</strong></span> 
     </span>
    </p>
   </div>
   <div class='ocr_carea' id='block_1_26' title="bbox 338 1629 1949 1708">
    <p class='ocr_par' dir='ltr' id='par_1_26' title="bbox 338 1629 1936 1705">
     <span class='ocr_line' id='line_1_26' title="bbox 338 1629 1936 1705; baseline 0.001 -21"><span class='ocrx_word' id='word_1_188' title='bbox 338 1629 430 1684; x_wconf 74' lang='grc' dir='ltr'><strong>λον</strong></span> <span class='ocrx_word' id='word_1_189' title='bbox 478 1631 565 1696; x_wconf 76' lang='grc' dir='ltr'>δὲ,</span> <span class='ocrx_word' id='word_1_190' title='bbox 608 1631 892 1686; x_wconf 81' lang='grc' dir='ltr'>ὑπἀὐτοῦ</span> <span class='ocrx_word' id='word_1_191' title='bbox 936 1632 1297 1705; x_wconf 72' lang='grc' dir='ltr'>γνωσθῆναιν</span> <span class='ocrx_word' id='word_1_192' title='bbox 1347 1634 1516 1702; x_wconf 82' lang='grc' dir='ltr'>ἡμᾶς,</span> <span class='ocrx_word' id='word_1_193' title='bbox 1546 1633 1691 1686; x_wconf 82' lang='grc' dir='ltr'>οὕτω</span> <span class='ocrx_word' id='word_1_194' title='bbox 1736 1635 1832 1688; x_wconf 67' lang='grc' dir='ltr'>καὶ</span> <span class='ocrx_word' id='word_1_195' title='bbox 1875 1634 1936 1686; x_wconf 78' lang='grc' dir='ltr'><strong>τὸ</strong></span> 
     </span>
    </p>
   </div>
   <div class='ocr_carea' id='block_1_27' title="bbox 2055 1629 3641 1708">
    <p class='ocr_par' dir='ltr' id='par_1_27' title="bbox 2055 1634 3641 1708">
     <span class='ocr_line' id='line_1_27' title="bbox 2055 1634 3641 1708; baseline 0.003 -20"><span class='ocrx_word' id='word_1_196' title='bbox 2055 1634 2150 1691; x_wconf 83' lang='lat' dir='ltr'><strong>)eo</strong></span> <span class='ocrx_word' id='word_1_197' title='bbox 2199 1637 2456 1707; x_wconf 86' lang='lat' dir='ltr'><strong>cognitos</strong></span> <span class='ocrx_word' id='word_1_198' title='bbox 2490 1653 2638 1702; x_wconf 87' lang='lat' dir='ltr'><strong>esse,</strong></span> <span class='ocrx_word' id='word_1_199' title='bbox 2681 1639 3012 1708; x_wconf 66' lang='lat' dir='ltr'><strong>praeclarum</strong></span> <span class='ocrx_word' id='word_1_200' title='bbox 3065 1652 3130 1692; x_wconf 89' lang='lat' dir='ltr'><strong>ac</strong></span> <span class='ocrx_word' id='word_1_201' title='bbox 3189 1637 3489 1693; x_wconf 92' lang='lat' dir='ltr'><strong>honestum</strong></span> <span class='ocrx_word' id='word_1_202' title='bbox 3524 1651 3641 1704; x_wconf 84' lang='lat' dir='ltr'><strong>est,</strong></span> 
     </span>
    </p>
   </div>
   <div class='ocr_carea' id='block_1_28' title="bbox 340 1721 1949 1799">
    <p class='ocr_par' dir='ltr' id='par_1_28' title="bbox 340 1721 1936 1796">
     <span class='ocr_line' id='line_1_28' title="bbox 340 1721 1936 1796; baseline 0 -20"><span class='ocrx_word' id='word_1_203' title='bbox 340 1721 644 1793; x_wconf 76' lang='grc' dir='ltr'>ἑορτάζειν.</span> <span class='ocrx_word' id='word_1_204' title='bbox 697 1723 797 1778; x_wconf 83' lang='grc' dir='ltr'><strong>Διὰ</strong></span> <span class='ocrx_word' id='word_1_205' title='bbox 840 1722 1000 1778; x_wconf 88' lang='grc' dir='ltr'>τοῦτο</span> <span class='ocrx_word' id='word_1_206' title='bbox 1055 1725 1298 1796; x_wconf 78' lang='grc' dir='ltr'>σήμερον</span> <span class='ocrx_word' id='word_1_207' title='bbox 1321 1725 1456 1794; x_wconf 77' lang='grc' dir='ltr'>ἡμῖν</span> <span class='ocrx_word' id='word_1_208' title='bbox 1487 1726 1638 1778; x_wconf 80' lang='grc' dir='ltr'>πᾶσα</span> <span class='ocrx_word' id='word_1_209' title='bbox 1671 1726 1770 1794; x_wconf 83' lang='grc' dir='ltr'>μὲν</span> <span class='ocrx_word' id='word_1_210' title='bbox 1800 1724 1936 1795; x_wconf 83' lang='grc' dir='ltr'>ὁμοῦ</span> 
     </span>
    </p>
   </div>
   <div class='ocr_carea' id='block_1_29' title="bbox 2055 1721 3647 1799">
    <p class='ocr_par' dir='ltr' id='par_1_29' title="bbox 2063 1727 3647 1799">
     <span class='ocr_line' id='line_1_29' title="bbox 2063 1727 3647 1799; baseline 0.002 -19"><span class='ocrx_word' id='word_1_211' title='bbox 2063 1739 2114 1781; x_wconf 86' lang='lat' dir='ltr'><strong>ta</strong></span> <span class='ocrx_word' id='word_1_212' title='bbox 2141 1738 2197 1783; x_wconf 92' lang='lat' dir='ltr'><strong>et</strong></span> <span class='ocrx_word' id='word_1_213' title='bbox 2231 1727 2374 1783; x_wconf 89' lang='lat' dir='ltr'><strong>festa</strong></span> <span class='ocrx_word' id='word_1_214' title='bbox 2407 1729 2714 1785; x_wconf 89' lang='lat' dir='ltr'><strong>celebrare.</strong></span> <span class='ocrx_word' id='word_1_215' title='bbox 2772 1727 3126 1799; x_wconf 84' lang='lat' dir='ltr'><strong>QuaprOpter</strong></span> <span class='ocrx_word' id='word_1_216' title='bbox 3163 1738 3275 1783; x_wconf 92' lang='lat' dir='ltr'><strong>tota</strong></span> <span class='ocrx_word' id='word_1_217' title='bbox 3310 1746 3498 1785; x_wconf 87' lang='lat' dir='ltr'><strong>rerum</strong></span> <span class='ocrx_word' id='word_1_218' title='bbox 3527 1731 3647 1785; x_wconf 85' lang='lat' dir='ltr'><strong>uni-</strong></span> 
     </span>
    </p>
   </div>
   <div class='ocr_carea' id='block_1_30' title="bbox 340 1811 1949 1888">
    <p class='ocr_par' dir='ltr' id='par_1_30' title="bbox 340 1811 1942 1888">
     <span class='ocr_line' id='line_1_30' title="bbox 340 1811 1942 1888; baseline 0.003 -22"><span class='ocrx_word' id='word_1_219' title='bbox 340 1811 692 1887; x_wconf 65' lang='grc' dir='ltr'>σψεορτάξει</span> <span class='ocrx_word' id='word_1_220' title='bbox 731 1818 766 1884; x_wconf 80' lang='grc' dir='ltr'>ἡ</span> <span class='ocrx_word' id='word_1_221' title='bbox 798 1815 1009 1878; x_wconf 82' lang='grc' dir='ltr'>κτίσις’</span> <span class='ocrx_word' id='word_1_222' title='bbox 1047 1816 1231 1869; x_wconf 84' lang='grc' dir='ltr'>πάντα</span> <span class='ocrx_word' id='word_1_223' title='bbox 1265 1817 1311 1868; x_wconf 87' lang='grc' dir='ltr'>δ’</span> <span class='ocrx_word' id='word_1_224' title='bbox 1336 1814 1472 1886; x_wconf 86' lang='grc' dir='ltr'>ὁμοῦ</span> <span class='ocrx_word' id='word_1_225' title='bbox 1512 1817 1834 1888; x_wconf 82' lang='grc' dir='ltr'>συνέρχεται</span> <span class='ocrx_word' id='word_1_226' title='bbox 1873 1819 1942 1871; x_wconf 74' lang='grc' dir='ltr'><strong>τὰ</strong></span> 
     </span>
    </p>
   </div>
   <div class='ocr_carea' id='block_1_31' title="bbox 2055 1811 3646 1888">
    <p class='ocr_par' dir='ltr' id='par_1_31' title="bbox 2055 1822 3646 1885">
     <span class='ocr_line' id='line_1_31' title="bbox 2055 1822 3646 1885; baseline 0.001 -10"><span class='ocrx_word' id='word_1_227' title='bbox 2055 1823 2280 1877; x_wconf 82' lang='lat' dir='ltr'><strong>versitas</strong></span> <span class='ocrx_word' id='word_1_228' title='bbox 2314 1837 2424 1876; x_wconf 91' lang='lat' dir='ltr'><strong>una</strong></span> <span class='ocrx_word' id='word_1_229' title='bbox 2477 1822 2771 1878; x_wconf 90' lang='lat' dir='ltr'><strong>nobiscum</strong></span> <span class='ocrx_word' id='word_1_230' title='bbox 2820 1822 2985 1876; x_wconf 85' lang='lat' dir='ltr'><strong>hodie</strong></span> <span class='ocrx_word' id='word_1_231' title='bbox 3015 1822 3286 1885; x_wconf 83' lang='lat' dir='ltr'><strong>celebrat,</strong></span> <span class='ocrx_word' id='word_1_232' title='bbox 3339 1837 3403 1875; x_wconf 91' lang='lat' dir='ltr'><strong>ac</strong></span> <span class='ocrx_word' id='word_1_233' title='bbox 3447 1822 3646 1877; x_wconf 84' lang='lat' dir='ltr'><strong>festum</strong></span> 
     </span>
    </p>
   </div>
   <div class='ocr_carea' id='block_1_32' title="bbox 339 1905 1949 2014">
    <p class='ocr_par' dir='ltr' id='par_1_32' title="bbox 339 1905 1944 1977">
     <span class='ocr_line' id='line_1_32' title="bbox 339 1905 1944 1977; baseline 0.001 -18"><span class='ocrx_word' id='word_1_234' title='bbox 339 1905 511 1960; x_wconf 78' lang='grc' dir='ltr'>καλά’</span> <span class='ocrx_word' id='word_1_235' title='bbox 539 1906 846 1976; x_wconf 75' lang='grc' dir='ltr'>ἐλευθερία,</span> <span class='ocrx_word' id='word_1_236' title='bbox 885 1906 1190 1977; x_wconf 83' lang='grc' dir='ltr'>ἀφθαρσία,</span> <span class='ocrx_word' id='word_1_237' title='bbox 1234 1907 1362 1973; x_wconf 81' lang='grc' dir='ltr'>δόξα</span> <span class='ocrx_word' id='word_1_238' title='bbox 1414 1907 1509 1960; x_wconf 90' lang='grc' dir='ltr'><strong>τοῦ</strong></span> <span class='ocrx_word' id='word_1_239' title='bbox 1566 1909 1633 1961; x_wconf 86' lang='grc' dir='ltr'><strong>δι’</strong></span> <span class='ocrx_word' id='word_1_240' title='bbox 1665 1909 1814 1962; x_wconf 77' lang='grc' dir='ltr'>ἔλεον</span> <span class='ocrx_word' id='word_1_241' title='bbox 1842 1911 1944 1962; x_wconf 83' lang='grc' dir='ltr'><strong>ἐπ-</strong></span> 
     </span>
    </p>
   </div>
   <div class='ocr_carea' id='block_1_33' title="bbox 2055 1905 3648 2014">
    <p class='ocr_par' dir='ltr' id='par_1_33' title="bbox 2055 1912 3648 1982">
     <span class='ocr_line' id='line_1_33' title="bbox 2055 1912 3648 1982; baseline 0.001 -17"><span class='ocrx_word' id='word_1_242' title='bbox 2055 1913 2195 1981; x_wconf 79' lang='lat' dir='ltr'><strong>agit;</strong></span> <span class='ocrx_word' id='word_1_243' title='bbox 2240 1912 2515 1982; x_wconf 88' lang='lat' dir='ltr'><strong>simulque</strong></span> <span class='ocrx_word' id='word_1_244' title='bbox 2545 1912 2731 1966; x_wconf 88' lang='lat' dir='ltr'><strong>omnia</strong></span> <span class='ocrx_word' id='word_1_245' title='bbox 2765 1914 2906 1966; x_wconf 88' lang='lat' dir='ltr'><strong>bona</strong></span> <span class='ocrx_word' id='word_1_246' title='bbox 2945 1912 3104 1982; x_wconf 83' lang='lat' dir='ltr'><strong>quasi</strong></span> <span class='ocrx_word' id='word_1_247' title='bbox 3141 1913 3194 1966; x_wconf 90' lang='lat' dir='ltr'><strong>in</strong></span> <span class='ocrx_word' id='word_1_248' title='bbox 3233 1929 3403 1966; x_wconf 90' lang='lat' dir='ltr'><strong>unum</strong></span> <span class='ocrx_word' id='word_1_249' title='bbox 3443 1914 3648 1968; x_wconf 89' lang='lat' dir='ltr'><strong>fontem</strong></span> 
     </span>
    </p>
   </div>
   <div class='ocr_carea' id='block_1_34' title="bbox 336 1998 1944 2073">
    <p class='ocr_par' dir='ltr' id='par_1_34' title="bbox 336 1998 1944 2073">
     <span class='ocr_line' id='line_1_34' title="bbox 336 1998 1944 2073; baseline 0.002 -22"><span class='ocrx_word' id='word_1_250' title='bbox 336 1998 644 2068; x_wconf 74' lang='grc' dir='ltr'>ιγνωκότος</span> <span class='ocrx_word' id='word_1_251' title='bbox 676 2001 849 2071; x_wconf 75' lang='grc' dir='ltr'>ἡμᾶς,</span> <span class='ocrx_word' id='word_1_252' title='bbox 891 2000 1203 2072; x_wconf 79' lang='grc' dir='ltr'>εὐφροσύνη</span> <span class='ocrx_word' id='word_1_253' title='bbox 1247 1999 1356 2053; x_wconf 84' lang='grc' dir='ltr'><strong>τῶν</strong></span> <span class='ocrx_word' id='word_1_254' title='bbox 1381 2001 1475 2054; x_wconf 71' lang='grc' dir='ltr'><strong>ἐπὶ</strong></span> <span class='ocrx_word' id='word_1_255' title='bbox 1497 2003 1564 2071; x_wconf 80' lang='grc' dir='ltr'>τῇ</span> <span class='ocrx_word' id='word_1_256' title='bbox 1595 2001 1815 2072; x_wconf 79' lang='grc' dir='ltr'>εὑρέσει</span> <span class='ocrx_word' id='word_1_257' title='bbox 1845 2003 1944 2073; x_wconf 86' lang='grc' dir='ltr'>τῆς</span> 
     </span>
    </p>
   </div>
   <div class='ocr_carea' id='block_1_35' title="bbox 340 2089 1946 2165">
    <p class='ocr_par' dir='ltr' id='par_1_35' title="bbox 340 2089 1946 2165">
     <span class='ocr_line' id='line_1_35' title="bbox 340 2089 1946 2165; baseline 0.001 -21"><span class='ocrx_word' id='word_1_258' title='bbox 340 2089 631 2161; x_wconf 78' lang='grc' dir='ltr'>βασιλικῆς</span> <span class='ocrx_word' id='word_1_259' title='bbox 689 2092 1118 2161; x_wconf 81' lang='grc' dir='ltr'>ἁγαλλιωμένων</span> <span class='ocrx_word' id='word_1_260' title='bbox 1185 2092 1474 2164; x_wconf 77' lang='grc' dir='ltr'>δραχμῆςο</span> <span class='ocrx_word' id='word_1_261' title='bbox 1547 2093 1946 2165; x_wconf 81' lang='grc' dir='ltr'>σκυθρωπότης</span> 
     </span>
    </p>
   </div>
   <div class='ocr_carea' id='block_1_36' title="bbox 336 2181 1946 2256">
    <p class='ocr_par' dir='ltr' id='par_1_36' title="bbox 336 2181 1946 2256">
     <span class='ocr_line' id='line_1_36' title="bbox 336 2181 1946 2256; baseline 0.005 -24"><span class='ocrx_word' id='word_1_262' title='bbox 336 2181 449 2236; x_wconf 83' lang='grc' dir='ltr'><strong>τῶν</strong></span> <span class='ocrx_word' id='word_1_263' title='bbox 487 2184 570 2246; x_wconf 87' lang='grc' dir='ltr'><strong>είς</strong></span> <span class='ocrx_word' id='word_1_264' title='bbox 603 2182 758 2247; x_wconf 80' lang='grc' dir='ltr'>τέλος</span> <span class='ocrx_word' id='word_1_265' title='bbox 788 2182 1310 2255; x_wconf 77' lang='grc' dir='ltr'>καταὸεϐ).ημένων,</span> <span class='ocrx_word' id='word_1_266' title='bbox 1348 2184 1476 2256; x_wconf 73' lang='grc' dir='ltr'>ᾅδου</span> <span class='ocrx_word' id='word_1_267' title='bbox 1529 2185 1629 2239; x_wconf 76' lang='grc' dir='ltr'>καὶ</span> <span class='ocrx_word' id='word_1_268' title='bbox 1682 2186 1946 2250; x_wconf 84' lang='grc' dir='ltr'>θανάτου,</span> 
     </span>
    </p>
   </div>
   <div class='ocr_carea' id='block_1_37' title="bbox 340 2277 1947 2350">
    <p class='ocr_par' dir='ltr' id='par_1_37' title="bbox 340 2277 1947 2350">
     <span class='ocr_line' id='line_1_37' title="bbox 340 2277 1947 2350; baseline 0.003 -23"><span class='ocrx_word' id='word_1_269' title='bbox 340 2277 438 2328; x_wconf 74' lang='grc' dir='ltr'>καὶ</span> <span class='ocrx_word' id='word_1_270' title='bbox 465 2277 575 2330; x_wconf 81' lang='grc' dir='ltr'>τῶν</span> <span class='ocrx_word' id='word_1_271' title='bbox 612 2277 900 2349; x_wconf 82' lang='grc' dir='ltr'>στυγηρῶν</span> <span class='ocrx_word' id='word_1_272' title='bbox 933 2278 1248 2348; x_wconf 80' lang='grc' dir='ltr'>δαιμονίων,</span> <span class='ocrx_word' id='word_1_273' title='bbox 1283 2277 1378 2342; x_wconf 83' lang='grc' dir='ltr'><strong>οῦς</strong></span> <span class='ocrx_word' id='word_1_274' title='bbox 1410 2278 1674 2345; x_wconf 83' lang='grc' dir='ltr'>’Έλληνες</span> <span class='ocrx_word' id='word_1_275' title='bbox 1701 2280 1947 2350; x_wconf 82' lang='grc' dir='ltr'>αἰσχρῶς</span> 
     </span>
    </p>
   </div>
   <div class='ocr_carea' id='block_1_38' title="bbox 339 2367 1946 2440">
    <p class='ocr_par' dir='ltr' id='par_1_38' title="bbox 339 2367 1946 2440">
     <span class='ocr_line' id='line_1_38' title="bbox 339 2367 1946 2440; baseline 0.003 -20"><span class='ocrx_word' id='word_1_276' title='bbox 339 2367 692 2436; x_wconf 73' lang='grc' dir='ltr'>ἐπιγνόντες,</span> <span class='ocrx_word' id='word_1_277' title='bbox 721 2369 933 2439; x_wconf 74' lang='grc' dir='ltr'>αἴσχιον</span> <span class='ocrx_word' id='word_1_278' title='bbox 980 2369 1251 2440; x_wconf 76' lang='grc' dir='ltr'>ἐτίμησάν</span> <span class='ocrx_word' id='word_1_279' title='bbox 1292 2387 1350 2423; x_wconf 86' lang='grc' dir='ltr'><strong>τε</strong></span> <span class='ocrx_word' id='word_1_280' title='bbox 1399 2371 1495 2423; x_wconf 73' lang='grc' dir='ltr'>καὶ</span> <span class='ocrx_word' id='word_1_281' title='bbox 1543 2369 1946 2439; x_wconf 78' lang='grc' dir='ltr'>ἐσεϐάσθησαν.</span> 
     </span>
    </p>
   </div>
   <div class='ocr_carea' id='block_1_39' title="bbox 357 2458 1939 2533">
    <p class='ocr_par' dir='ltr' id='par_1_39' title="bbox 357 2458 1939 2533">
     <span class='ocr_line' id='line_1_39' title="bbox 357 2458 1939 2533; baseline 0.001 -20"><span class='ocrx_word' id='word_1_282' title='bbox 357 2459 520 2514; x_wconf 82' lang='grc' dir='ltr'>Ἀλλὰ</span> <span class='ocrx_word' id='word_1_283' title='bbox 553 2458 663 2532; x_wconf 82' lang='grc' dir='ltr'><strong>γὰρ</strong></span> <span class='ocrx_word' id='word_1_284' title='bbox 693 2460 950 2532; x_wconf 81' lang='grc' dir='ltr'>ἀπίωμεν</span> <span class='ocrx_word' id='word_1_285' title='bbox 980 2461 1077 2515; x_wconf 74' lang='grc' dir='ltr'><strong>ἐπὶ</strong></span> <span class='ocrx_word' id='word_1_286' title='bbox 1108 2461 1179 2514; x_wconf 79' lang='grc' dir='ltr'><strong>τὰ</strong></span> <span class='ocrx_word' id='word_1_287' title='bbox 1206 2460 1326 2516; x_wconf 82' lang='grc' dir='ltr'>θεῖα</span> <span class='ocrx_word' id='word_1_288' title='bbox 1346 2462 1518 2526; x_wconf 76' lang='grc' dir='ltr'>ὅντως</span> <span class='ocrx_word' id='word_1_289' title='bbox 1538 2462 1636 2515; x_wconf 73' lang='grc' dir='ltr'>καὶ</span> <span class='ocrx_word' id='word_1_290' title='bbox 1662 2463 1939 2533; x_wconf 80' lang='grc' dir='ltr'>ἡμέτερα,</span> 
     </span>
    </p>
   </div>
   <div class='ocr_carea' id='block_1_40' title="bbox 338 2547 1941 2625">
    <p class='ocr_par' dir='ltr' id='par_1_40' title="bbox 338 2547 1941 2625">
     <span class='ocr_line' id='line_1_40' title="bbox 338 2547 1941 2625; baseline 0 -18"><span class='ocrx_word' id='word_1_291' title='bbox 338 2547 455 2608; x_wconf 72' lang='grc' dir='ltr'>οἷον</span> <span class='ocrx_word' id='word_1_292' title='bbox 484 2553 572 2622; x_wconf 78' lang='grc' dir='ltr'><strong>ἐφ’</strong></span> <span class='ocrx_word' id='word_1_293' title='bbox 607 2555 758 2625; x_wconf 78' lang='grc' dir='ltr'>ίερᾱς</span> <span class='ocrx_word' id='word_1_294' title='bbox 797 2556 1033 2619; x_wconf 78' lang='grc' dir='ltr'>σκοπιᾶς</span> <span class='ocrx_word' id='word_1_295' title='bbox 1078 2555 1452 2625; x_wconf 78' lang='grc' dir='ltr'>ἀναγαγόντες</span> <span class='ocrx_word' id='word_1_296' title='bbox 1484 2556 1578 2609; x_wconf 81' lang='grc' dir='ltr'>τὸν</span> <span class='ocrx_word' id='word_1_297' title='bbox 1609 2555 1805 2622; x_wconf 84' lang='grc' dir='ltr'>λόγον,</span> <span class='ocrx_word' id='word_1_298' title='bbox 1844 2555 1941 2608; x_wconf 76' lang='grc' dir='ltr'>καὶ</span> 
     </span>
    </p>
   </div>
   <div class='ocr_carea' id='block_1_41' title="bbox 341 2643 1940 2718">
    <p class='ocr_par' dir='ltr' id='par_1_41' title="bbox 341 2643 1940 2718">
     <span class='ocr_line' id='line_1_41' title="bbox 341 2643 1940 2718; baseline -0.001 -18"><span class='ocrx_word' id='word_1_299' title='bbox 341 2643 556 2715; x_wconf 77' lang='grc' dir='ltr'>ὄμματι</span> <span class='ocrx_word' id='word_1_300' title='bbox 603 2645 819 2698; x_wconf 82' lang='grc' dir='ltr'>εὐσεΰεῖ</span> <span class='ocrx_word' id='word_1_301' title='bbox 853 2645 953 2717; x_wconf 80' lang='grc' dir='ltr'>τὴν</span> <span class='ocrx_word' id='word_1_302' title='bbox 981 2647 1042 2700; x_wconf 82' lang='grc' dir='ltr'>ὲν</span> <span class='ocrx_word' id='word_1_303' title='bbox 1071 2647 1215 2718; x_wconf 78' lang='grc' dir='ltr'><strong>ἀρχῇ</strong></span> <span class='ocrx_word' id='word_1_304' title='bbox 1235 2646 1396 2713; x_wconf 78' lang='grc' dir='ltr'>δόξαν</span> <span class='ocrx_word' id='word_1_305' title='bbox 1437 2645 1535 2699; x_wconf 88' lang='grc' dir='ltr'><strong>τοῦ</strong></span> <span class='ocrx_word' id='word_1_306' title='bbox 1567 2645 1775 2715; x_wconf 82' lang='grc' dir='ltr'>ταύτης</span> <span class='ocrx_word' id='word_1_307' title='bbox 1803 2649 1940 2717; x_wconf 79' lang='grc' dir='ltr'>ἡμῖν</span> 
     </span>
    </p>
   </div>
   <div class='ocr_carea' id='block_1_42' title="bbox 343 2735 1937 2811">
    <p class='ocr_par' dir='ltr' id='par_1_42' title="bbox 343 2735 1937 2811">
     <span class='ocr_line' id='line_1_42' title="bbox 343 2735 1937 2811; baseline 0.003 -22"><span class='ocrx_word' id='word_1_308' title='bbox 343 2735 522 2790; x_wconf 82' lang='grc' dir='ltr'>αίτίου</span> <span class='ocrx_word' id='word_1_309' title='bbox 555 2737 652 2806; x_wconf 79' lang='grc' dir='ltr'>τῆς</span> <span class='ocrx_word' id='word_1_310' title='bbox 686 2737 882 2808; x_wconf 82' lang='grc' dir='ltr'>ἑορτῆς</span> <span class='ocrx_word' id='word_1_311' title='bbox 939 2736 1296 2807; x_wconf 82' lang='grc' dir='ltr'>θεωροῦντες.</span> <span class='ocrx_word' id='word_1_312' title='bbox 1349 2737 1495 2792; x_wconf 82' lang='grc' dir='ltr'>οῦτω</span> <span class='ocrx_word' id='word_1_313' title='bbox 1546 2757 1608 2794; x_wconf 85' lang='grc' dir='ltr'><strong>τε</strong></span> <span class='ocrx_word' id='word_1_314' title='bbox 1637 2740 1778 2810; x_wconf 83' lang='grc' dir='ltr'>πρὸς</span> <span class='ocrx_word' id='word_1_315' title='bbox 1835 2740 1937 2811; x_wconf 77' lang='grc' dir='ltr'>τὴν</span> 
     </span>
    </p>
   </div>
   <div class='ocr_carea' id='block_1_43' title="bbox 345 2827 1503 2902">
    <p class='ocr_par' dir='ltr' id='par_1_43' title="bbox 345 2827 1503 2902">
     <span class='ocr_line' id='line_1_43' title="bbox 345 2827 1503 2902; baseline 0.003 -20"><span class='ocrx_word' id='word_1_316' title='bbox 345 2827 435 2882; x_wconf 74' lang='grc' dir='ltr'><strong>ἐπ’</strong></span> <span class='ocrx_word' id='word_1_317' title='bbox 464 2828 711 2900; x_wconf 75' lang='grc' dir='ltr'>ἐσχάτων</span> <span class='ocrx_word' id='word_1_318' title='bbox 753 2830 1126 2895; x_wconf 82' lang='grc' dir='ltr'>διαὸαίνοντες</span> <span class='ocrx_word' id='word_1_319' title='bbox 1166 2832 1503 2902; x_wconf 80' lang='grc' dir='ltr'>οἰκονομίαν.</span> 
     </span>
    </p>
   </div>
   <div class='ocr_carea' id='block_1_44' title="bbox 2046 2004 3649 2080">
    <p class='ocr_par' dir='ltr' id='par_1_44' title="bbox 2046 2004 3649 2080">
     <span class='ocr_line' id='line_1_44' title="bbox 2046 2004 3649 2080; baseline 0.001 -22"><span class='ocrx_word' id='word_1_320' title='bbox 2046 2004 2358 2072; x_wconf 83' lang='lat' dir='ltr'><strong>confluunt,</strong></span> <span class='ocrx_word' id='word_1_321' title='bbox 2410 2005 2664 2070; x_wconf 80' lang='lat' dir='ltr'><strong>libertas,</strong></span> <span class='ocrx_word' id='word_1_322' title='bbox 2716 2005 3104 2080; x_wconf 89' lang='lat' dir='ltr'><strong>incorruptio;</strong></span> <span class='ocrx_word' id='word_1_323' title='bbox 3147 2005 3271 2075; x_wconf 89' lang='lat' dir='ltr'><strong>ejus</strong></span> <span class='ocrx_word' id='word_1_324' title='bbox 3317 2006 3515 2075; x_wconf 83' lang='lat' dir='ltr'><strong>gloria,</strong></span> <span class='ocrx_word' id='word_1_325' title='bbox 3553 2005 3649 2075; x_wconf 78' lang='lat' dir='ltr'><strong>qui</strong></span> 
     </span>
    </p>
   </div>
   <div class='ocr_carea' id='block_1_45' title="bbox 2045 2095 3693 2167">
    <p class='ocr_par' dir='ltr' id='par_1_45' title="bbox 2045 2095 3693 2167">
     <span class='ocr_line' id='line_1_45' title="bbox 2045 2095 3693 2167; baseline 0.001 -17"><span class='ocrx_word' id='word_1_326' title='bbox 2045 2111 2143 2166; x_wconf 81' lang='lat' dir='ltr'><strong>per</strong></span> <span class='ocrx_word' id='word_1_327' title='bbox 2214 2095 2614 2150; x_wconf 73' lang='lat' dir='ltr'><strong>misericordiae</strong></span> <span class='ocrx_word' id='word_1_328' title='bbox 2667 2095 2884 2150; x_wconf 77' lang='lat' dir='ltr'><strong>viscera</strong></span> <span class='ocrx_word' id='word_1_329' title='bbox 2944 2111 3047 2150; x_wconf 80' lang='lat' dir='ltr'><strong>nos</strong></span> <span class='ocrx_word' id='word_1_330' title='bbox 3099 2098 3394 2166; x_wconf 81' lang='lat' dir='ltr'><strong>cognovit;</strong></span> <span class='ocrx_word' id='word_1_331' title='bbox 3460 2097 3693 2167; x_wconf 41' lang='lat' dir='ltr'><strong>laetitia.</strong></span> 
     </span>
    </p>
   </div>
   <div class='ocr_carea' id='block_1_46' title="bbox 2044 2186 3652 2260">
    <p class='ocr_par' dir='ltr' id='par_1_46' title="bbox 2044 2186 3652 2260">
     <span class='ocr_line' id='line_1_46' title="bbox 2044 2186 3652 2260; baseline -0.001 -17"><span class='ocrx_word' id='word_1_332' title='bbox 2044 2201 2262 2252; x_wconf 87' lang='lat' dir='ltr'><strong>eorum,</strong></span> <span class='ocrx_word' id='word_1_333' title='bbox 2319 2188 2414 2257; x_wconf 90' lang='lat' dir='ltr'><strong>qui</strong></span> <span class='ocrx_word' id='word_1_334' title='bbox 2449 2186 2522 2241; x_wconf 91' lang='lat' dir='ltr'><strong>ob</strong></span> <span class='ocrx_word' id='word_1_335' title='bbox 2553 2187 2760 2258; x_wconf 64' lang='lat' dir='ltr'><strong>regiam</strong></span> <span class='ocrx_word' id='word_1_336' title='bbox 2827 2187 3149 2242; x_wconf 85' lang='lat' dir='ltr'><strong>drachmam</strong></span> <span class='ocrx_word' id='word_1_337' title='bbox 3189 2188 3468 2242; x_wconf 84' lang='lat' dir='ltr'><strong>inventam</strong></span> <span class='ocrx_word' id='word_1_338' title='bbox 3515 2204 3652 2260; x_wconf 87' lang='lat' dir='ltr'><strong>gau-</strong></span> 
     </span>
    </p>
   </div>
   <div class='ocr_carea' id='block_1_47' title="bbox 2045 2278 3650 2350">
    <p class='ocr_par' dir='ltr' id='par_1_47' title="bbox 2045 2278 3650 2350">
     <span class='ocr_line' id='line_1_47' title="bbox 2045 2278 3650 2350; baseline 0 -16"><span class='ocrx_word' id='word_1_339' title='bbox 2045 2280 2180 2334; x_wconf 89' lang='lat' dir='ltr'><strong>dent</strong></span> <span class='ocrx_word' id='word_1_340' title='bbox 2220 2278 2497 2332; x_wconf 82' lang='lat' dir='ltr'><strong>:tristitia</strong></span> <span class='ocrx_word' id='word_1_341' title='bbox 2545 2293 2609 2332; x_wconf 89' lang='lat' dir='ltr'><strong>ac</strong></span> <span class='ocrx_word' id='word_1_342' title='bbox 2659 2293 2867 2331; x_wconf 73' lang='lat' dir='ltr'><strong>rnmror</strong></span> <span class='ocrx_word' id='word_1_343' title='bbox 2897 2294 3114 2344; x_wconf 89' lang='lat' dir='ltr'><strong>eormn,</strong></span> <span class='ocrx_word' id='word_1_344' title='bbox 3144 2283 3239 2348; x_wconf 88' lang='lat' dir='ltr'><strong>qui</strong></span> <span class='ocrx_word' id='word_1_345' title='bbox 3273 2280 3494 2348; x_wconf 84' lang='lat' dir='ltr'><strong>penitus</strong></span> <span class='ocrx_word' id='word_1_346' title='bbox 3517 2295 3650 2350; x_wconf 60' lang='lat' dir='ltr'><strong>pro-</strong></span> 
     </span>
    </p>
   </div>
   <div class='ocr_carea' id='block_1_48' title="bbox 2049 2367 3648 2433">
    <p class='ocr_par' dir='ltr' id='par_1_48' title="bbox 2049 2367 3648 2433">
     <span class='ocr_line' id='line_1_48' title="bbox 2049 2367 3648 2433; baseline 0.001 -8"><span class='ocrx_word' id='word_1_347' title='bbox 2049 2370 2409 2433; x_wconf 74' lang='lat' dir='ltr'><strong>stratisunt,</strong></span> <span class='ocrx_word' id='word_1_348' title='bbox 2467 2367 2674 2423; x_wconf 86' lang='lat' dir='ltr'><strong>inferni</strong></span> <span class='ocrx_word' id='word_1_349' title='bbox 2734 2369 2952 2424; x_wconf 78' lang='lat' dir='ltr'><strong>scilicet</strong></span> <span class='ocrx_word' id='word_1_350' title='bbox 2999 2385 3064 2423; x_wconf 90' lang='lat' dir='ltr'><strong>ac</strong></span> <span class='ocrx_word' id='word_1_351' title='bbox 3109 2371 3329 2433; x_wconf 87' lang='lat' dir='ltr'><strong>mortis,</strong></span> <span class='ocrx_word' id='word_1_352' title='bbox 3379 2387 3480 2425; x_wconf 90' lang='lat' dir='ltr'><strong>nec</strong></span> <span class='ocrx_word' id='word_1_353' title='bbox 3535 2388 3648 2428; x_wconf 91' lang='lat' dir='ltr'><strong>non</strong></span> 
     </span>
    </p>
   </div>
   <div class='ocr_carea' id='block_1_49' title="bbox 2047 2461 3654 2534">
    <p class='ocr_par' dir='ltr' id='par_1_49' title="bbox 2047 2461 3654 2534">
     <span class='ocr_line' id='line_1_49' title="bbox 2047 2461 3654 2534; baseline 0.002 -18"><span class='ocrx_word' id='word_1_354' title='bbox 2047 2462 2357 2518; x_wconf 80' lang='lat' dir='ltr'><strong>invisorum</strong></span> <span class='ocrx_word' id='word_1_355' title='bbox 2413 2461 2750 2527; x_wconf 67' lang='lat' dir='ltr'><strong>daemonum,</strong></span> <span class='ocrx_word' id='word_1_356' title='bbox 2787 2476 2928 2530; x_wconf 90' lang='lat' dir='ltr'><strong>quos</strong></span> <span class='ocrx_word' id='word_1_357' title='bbox 2979 2477 3105 2516; x_wconf 91' lang='lat' dir='ltr'><strong>cum</strong></span> <span class='ocrx_word' id='word_1_358' title='bbox 3174 2462 3351 2516; x_wconf 71' lang='lat' dir='ltr'><strong>Graeci</strong></span> <span class='ocrx_word' id='word_1_359' title='bbox 3417 2467 3654 2534; x_wconf 86' lang='lat' dir='ltr'><strong>turpiter</strong></span> 
     </span>
    </p>
   </div>
   <div class='ocr_carea' id='block_1_50' title="bbox 2049 2553 3655 2626">
    <p class='ocr_par' dir='ltr' id='par_1_50' title="bbox 2049 2553 3655 2626">
     <span class='ocr_line' id='line_1_50' title="bbox 2049 2553 3655 2626; baseline 0.002 -17"><span class='ocrx_word' id='word_1_360' title='bbox 2049 2555 2433 2626; x_wconf 80' lang='lat' dir='ltr'><strong>agnovissent,</strong></span> <span class='ocrx_word' id='word_1_361' title='bbox 2486 2554 2652 2625; x_wconf 88' lang='lat' dir='ltr'><strong>longe</strong></span> <span class='ocrx_word' id='word_1_362' title='bbox 2705 2553 2890 2609; x_wconf 84' lang='lat' dir='ltr'><strong>adhuc</strong></span> <span class='ocrx_word' id='word_1_363' title='bbox 2949 2555 3172 2624; x_wconf 89' lang='lat' dir='ltr'><strong>turpius</strong></span> <span class='ocrx_word' id='word_1_364' title='bbox 3225 2557 3543 2621; x_wconf 89' lang='lat' dir='ltr'><strong>coluerunt,</strong></span> <span class='ocrx_word' id='word_1_365' title='bbox 3587 2572 3655 2612; x_wconf 88' lang='lat' dir='ltr'><strong>ac</strong></span> 
     </span>
    </p>
   </div>
   <div class='ocr_carea' id='block_1_51' title="bbox 2053 2646 3653 2716">
    <p class='ocr_par' dir='ltr' id='par_1_51' title="bbox 2053 2646 3653 2716">
     <span class='ocr_line' id='line_1_51' title="bbox 2053 2646 3653 2716; baseline 0.003 -16"><span class='ocrx_word' id='word_1_366' title='bbox 2053 2647 2162 2701; x_wconf 85' lang='lat' dir='ltr'><strong>Deo</strong></span> <span class='ocrx_word' id='word_1_367' title='bbox 2212 2647 2416 2702; x_wconf 87' lang='lat' dir='ltr'><strong>debitis</strong></span> <span class='ocrx_word' id='word_1_368' title='bbox 2468 2647 2783 2702; x_wconf 85' lang='lat' dir='ltr'><strong>honoribus</strong></span> <span class='ocrx_word' id='word_1_369' title='bbox 2818 2646 3102 2716; x_wconf 86' lang='lat' dir='ltr'><strong>prosecuti</strong></span> <span class='ocrx_word' id='word_1_370' title='bbox 3153 2656 3306 2702; x_wconf 91' lang='lat' dir='ltr'><strong>sunt.</strong></span> <span class='ocrx_word' id='word_1_371' title='bbox 3346 2647 3549 2702; x_wconf 80' lang='lat' dir='ltr'><strong>Verum</strong></span> <span class='ocrx_word' id='word_1_372' title='bbox 3583 2648 3653 2705; x_wconf 88' lang='lat' dir='ltr'><strong>ad</strong></span> 
     </span>
    </p>
   </div>
   <div class='ocr_carea' id='block_1_52' title="bbox 2049 2737 3652 2808">
    <p class='ocr_par' dir='ltr' id='par_1_52' title="bbox 2049 2737 3652 2808">
     <span class='ocr_line' id='line_1_52' title="bbox 2049 2737 3652 2808; baseline -0.001 -15"><span class='ocrx_word' id='word_1_373' title='bbox 2049 2749 2262 2805; x_wconf 88' lang='lat' dir='ltr'><strong>nostra,</strong></span> <span class='ocrx_word' id='word_1_374' title='bbox 2308 2753 2431 2808; x_wconf 67' lang='lat' dir='ltr'><strong>quae</strong></span> <span class='ocrx_word' id='word_1_375' title='bbox 2462 2753 2591 2793; x_wconf 84' lang='lat' dir='ltr'><strong>vere</strong></span> <span class='ocrx_word' id='word_1_376' title='bbox 2638 2737 2827 2791; x_wconf 90' lang='lat' dir='ltr'><strong>divina</strong></span> <span class='ocrx_word' id='word_1_377' title='bbox 2882 2747 3030 2800; x_wconf 91' lang='lat' dir='ltr'><strong>sunt,</strong></span> <span class='ocrx_word' id='word_1_378' title='bbox 3081 2738 3484 2808; x_wconf 81' lang='lat' dir='ltr'><strong>regrediamur,</strong></span> <span class='ocrx_word' id='word_1_379' title='bbox 3523 2755 3652 2793; x_wconf 79' lang='lat' dir='ltr'><strong>ora-</strong></span> 
     </span>
    </p>
   </div>
   <div class='ocr_carea' id='block_1_53' title="bbox 2048 2827 3652 2899">
    <p class='ocr_par' dir='ltr' id='par_1_53' title="bbox 2048 2827 3652 2899">
     <span class='ocr_line' id='line_1_53' title="bbox 2048 2827 3652 2899; baseline 0.001 -15"><span class='ocrx_word' id='word_1_380' title='bbox 2048 2831 2370 2899; x_wconf 89' lang='lat' dir='ltr'><strong>tionemque</strong></span> <span class='ocrx_word' id='word_1_381' title='bbox 2423 2828 2575 2884; x_wconf 87' lang='lat' dir='ltr'><strong>velut</strong></span> <span class='ocrx_word' id='word_1_382' title='bbox 2603 2827 2673 2882; x_wconf 89' lang='lat' dir='ltr'><strong>ad</strong></span> <span class='ocrx_word' id='word_1_383' title='bbox 2708 2842 2932 2884; x_wconf 88' lang='lat' dir='ltr'><strong>sacram</strong></span> <span class='ocrx_word' id='word_1_384' title='bbox 2971 2828 3254 2898; x_wconf 84' lang='lat' dir='ltr'><strong>speculam</strong></span> <span class='ocrx_word' id='word_1_385' title='bbox 3287 2845 3652 2886; x_wconf 87' lang='lat' dir='ltr'><strong>revocemus:</strong></span> 
     </span>
    </p>
   </div>
   <div class='ocr_carea' id='block_1_54' title="bbox 344 2921 3655 2999">
    <p class='ocr_par' dir='ltr' id='par_1_54' title="bbox 344 2921 3655 2999">
     <span class='ocr_line' id='line_1_54' title="bbox 344 2921 3655 2999; baseline 0 -19"><span class='ocrx_word' id='word_1_386' title='bbox 344 2932 406 2980; x_wconf 87' lang='lat' dir='ltr'><strong>et</strong></span> <span class='ocrx_word' id='word_1_387' title='bbox 448 2926 702 2996; x_wconf 77' lang='lat' dir='ltr'><strong>gloriam,</strong></span> <span class='ocrx_word' id='word_1_388' title='bbox 743 2942 850 2996; x_wconf 88' lang='lat' dir='ltr'><strong>qua</strong></span> <span class='ocrx_word' id='word_1_389' title='bbox 892 2941 924 2980; x_wconf 90' lang='lat' dir='ltr'><strong>a</strong></span> <span class='ocrx_word' id='word_1_390' title='bbox 975 2927 1251 2997; x_wconf 90' lang='lat' dir='ltr'><strong>principio</strong></span> <span class='ocrx_word' id='word_1_391' title='bbox 1298 2929 1504 2983; x_wconf 88' lang='lat' dir='ltr'><strong>claruit</strong></span> <span class='ocrx_word' id='word_1_392' title='bbox 1540 2927 1609 2994; x_wconf 83' lang='lat' dir='ltr'><strong>is,</strong></span> <span class='ocrx_word' id='word_1_393' title='bbox 1643 2927 1738 2999; x_wconf 90' lang='lat' dir='ltr'><strong>qui</strong></span> <span class='ocrx_word' id='word_1_394' title='bbox 1774 2927 1939 2983; x_wconf 88' lang='lat' dir='ltr'><strong>nobis</strong></span> <span class='ocrx_word' id='word_1_395' title='bbox 1979 2925 2148 2996; x_wconf 83' lang='lat' dir='ltr'><strong>hujus</strong></span> <span class='ocrx_word' id='word_1_396' title='bbox 2207 2925 2330 2981; x_wconf 78' lang='lat' dir='ltr'><strong>festi</strong></span> <span class='ocrx_word' id='word_1_397' title='bbox 2377 2931 2572 2977; x_wconf 86' lang='lat' dir='ltr'><strong>auctor</strong></span> <span class='ocrx_word' id='word_1_398' title='bbox 2602 2931 2708 2988; x_wconf 86' lang='lat' dir='ltr'><strong>est,</strong></span> <span class='ocrx_word' id='word_1_399' title='bbox 2752 2921 3016 2993; x_wconf 87' lang='lat' dir='ltr'><strong>religioso</strong></span> <span class='ocrx_word' id='word_1_400' title='bbox 3079 2923 3243 2978; x_wconf 84' lang='lat' dir='ltr'><strong>oculo</strong></span> <span class='ocrx_word' id='word_1_401' title='bbox 3312 2926 3655 2996; x_wconf 84' lang='lat' dir='ltr'><strong>euntcmple-</strong></span> 
     </span>
    </p>
   </div>
   <div class='ocr_carea' id='block_1_55' title="bbox 350 3014 2717 3089">
    <p class='ocr_par' dir='ltr' id='par_1_55' title="bbox 350 3014 2717 3089">
     <span class='ocr_line' id='line_1_55' title="bbox 350 3014 2717 3089; baseline -0.003 -15"><span class='ocrx_word' id='word_1_402' title='bbox 350 3034 502 3083; x_wconf 87' lang='lat' dir='ltr'><strong>mur;</strong></span> <span class='ocrx_word' id='word_1_403' title='bbox 559 3018 751 3088; x_wconf 84' lang='lat' dir='ltr'><strong>sicque</strong></span> <span class='ocrx_word' id='word_1_404' title='bbox 782 3017 850 3072; x_wconf 87' lang='lat' dir='ltr'><strong>ad</strong></span> <span class='ocrx_word' id='word_1_405' title='bbox 903 3020 1270 3074; x_wconf 83' lang='lat' dir='ltr'><strong>oeconomiam</strong></span> <span class='ocrx_word' id='word_1_406' title='bbox 1324 3020 1536 3075; x_wconf 88' lang='lat' dir='ltr'><strong>ultimis</strong></span> <span class='ocrx_word' id='word_1_407' title='bbox 1591 3021 1934 3089; x_wconf 87' lang='lat' dir='ltr'><strong>temporibus</strong></span> <span class='ocrx_word' id='word_1_408' title='bbox 1969 3018 2274 3074; x_wconf 79' lang='lat' dir='ltr'><strong>exhibitam</strong></span> <span class='ocrx_word' id='word_1_409' title='bbox 2325 3014 2717 3087; x_wconf 88' lang='lat' dir='ltr'><strong>procedamus.</strong></span> 
     </span>
    </p>
   </div>
   <div class='ocr_carea' id='block_1_56' title="bbox 421 3106 1950 3198">
    <p class='ocr_par' dir='ltr' id='par_1_56' title="bbox 421 3106 1950 3198">
     <span class='ocr_line' id='line_1_56' title="bbox 421 3106 1950 3198; baseline 0.001 -35"><span class='ocrx_word' id='word_1_410' title='bbox 421 3111 557 3173; x_wconf 75' lang='grc' dir='ltr'>Θεὸς</span> <span class='ocrx_word' id='word_1_411' title='bbox 593 3106 656 3164; x_wconf 79' lang='grc' dir='ltr'><strong>οῦ</strong></span> <span class='ocrx_word' id='word_1_412' title='bbox 688 3111 928 3182; x_wconf 78' lang='grc' dir='ltr'>σήμερον</span> <span class='ocrx_word' id='word_1_413' title='bbox 951 3113 1084 3182; x_wconf 81' lang='grc' dir='ltr'>ἡμῖν</span> <span class='ocrx_word' id='word_1_414' title='bbox 1112 3114 1146 3184; x_wconf 80' lang='grc' dir='ltr'>ἠ</span> <span class='ocrx_word' id='word_1_415' title='bbox 1184 3113 1513 3183; x_wconf 81' lang='grc' dir='ltr'>πανήγυρις,</span> <span class='ocrx_word' id='word_1_416' title='bbox 1541 3108 1628 3198; x_wconf 26' lang='grc' dir='ltr'>ἦν,</span> <span class='ocrx_word' id='word_1_417' title='bbox 1654 3116 1753 3185; x_wconf 77' lang='grc' dir='ltr'>μὲν</span> <span class='ocrx_word' id='word_1_418' title='bbox 1775 3113 1835 3179; x_wconf 75' lang='grc' dir='ltr'>ἐξ</span> <span class='ocrx_word' id='word_1_419' title='bbox 1861 3115 1950 3168; x_wconf 68' lang='lat' dir='ltr'><strong>dii-</strong></span> 
     </span>
    </p>
   </div>
   <div class='ocr_carea' id='block_1_57' title="bbox 349 3200 1945 3276">
    <p class='ocr_par' dir='ltr' id='par_1_57' title="bbox 349 3200 1945 3276">
     <span class='ocr_line' id='line_1_57' title="bbox 349 3200 1945 3276; baseline 0.003 -21"><span class='ocrx_word' id='word_1_420' title='bbox 349 3200 663 3270; x_wconf 77' lang='grc' dir='ltr'>ὃίουξσυνὼν</span> <span class='ocrx_word' id='word_1_421' title='bbox 689 3202 767 3272; x_wconf 84' lang='grc' dir='ltr'>τῷ</span> <span class='ocrx_word' id='word_1_422' title='bbox 788 3203 1022 3264; x_wconf 87' lang='grc' dir='ltr'>τεκόντι.</span> <span class='ocrx_word' id='word_1_423' title='bbox 1039 3206 1152 3273; x_wconf 83' lang='grc' dir='ltr'><strong>οὐχ</strong></span> <span class='ocrx_word' id='word_1_424' title='bbox 1181 3204 1502 3274; x_wconf 76' lang='grc' dir='ltr'>ἁρπαγμὸν</span> <span class='ocrx_word' id='word_1_425' title='bbox 1529 3206 1945 3276; x_wconf 75' lang='grc' dir='ltr'>ἡγησάμενος,</span> 
     </span>
    </p>
   </div>
   <div class='ocr_carea' id='block_1_58' title="bbox 2127 3107 3656 3182">
    <p class='ocr_par' dir='ltr' id='par_1_58' title="bbox 2127 3107 3656 3182">
     <span class='ocr_line' id='line_1_58' title="bbox 2127 3107 3656 3182; baseline -0.002 -16"><span class='ocrx_word' id='word_1_426' title='bbox 2127 3112 2273 3168; x_wconf 87' lang='lat' dir='ltr'><strong>Deus</strong></span> <span class='ocrx_word' id='word_1_427' title='bbox 2319 3111 2482 3182; x_wconf 81' lang='lat' dir='ltr'><strong>cujus</strong></span> <span class='ocrx_word' id='word_1_428' title='bbox 2551 3109 2712 3164; x_wconf 88' lang='lat' dir='ltr'><strong>nobis</strong></span> <span class='ocrx_word' id='word_1_429' title='bbox 2773 3108 2934 3163; x_wconf 82' lang='lat' dir='ltr'><strong>hodie</strong></span> <span class='ocrx_word' id='word_1_430' title='bbox 2986 3107 3261 3163; x_wconf 83' lang='lat' dir='ltr'><strong>festivitas</strong></span> <span class='ocrx_word' id='word_1_431' title='bbox 3320 3109 3527 3180; x_wconf 86' lang='lat' dir='ltr'><strong>agitur,</strong></span> <span class='ocrx_word' id='word_1_432' title='bbox 3585 3113 3656 3168; x_wconf 87' lang='lat' dir='ltr'><strong>ab</strong></span> 
     </span>
    </p>
   </div>
   <div class='ocr_carea' id='block_1_59' title="bbox 2052 3201 3653 3268">
    <p class='ocr_par' dir='ltr' id='par_1_59' title="bbox 2052 3201 3653 3268">
     <span class='ocr_line' id='line_1_59' title="bbox 2052 3201 3653 3268; baseline -0.004 -7"><span class='ocrx_word' id='word_1_433' title='bbox 2052 3212 2262 3261; x_wconf 72' lang='lat' dir='ltr'><strong>aeterno</strong></span> <span class='ocrx_word' id='word_1_434' title='bbox 2307 3201 2521 3258; x_wconf 79' lang='lat' dir='ltr'><strong>exstitit</strong></span> <span class='ocrx_word' id='word_1_435' title='bbox 2573 3216 2639 3256; x_wconf 89' lang='lat' dir='ltr'><strong>ac</strong></span> <span class='ocrx_word' id='word_1_436' title='bbox 2698 3201 2804 3254; x_wconf 90' lang='lat' dir='ltr'><strong>fuit</strong></span> <span class='ocrx_word' id='word_1_437' title='bbox 2852 3215 2979 3255; x_wconf 90' lang='lat' dir='ltr'><strong>cum</strong></span> <span class='ocrx_word' id='word_1_438' title='bbox 3043 3201 3237 3263; x_wconf 85' lang='lat' dir='ltr'><strong>Patre;</strong></span> <span class='ocrx_word' id='word_1_439' title='bbox 3276 3216 3369 3253; x_wconf 85' lang='lat' dir='ltr'><strong>nec</strong></span> <span class='ocrx_word' id='word_1_440' title='bbox 3406 3202 3653 3268; x_wconf 78' lang='lat' dir='ltr'><strong>rapinam</strong></span> 
     </span>
    </p>
   </div>
   <div class='ocr_carea' id='block_1_60' title="bbox 352 3289 1949 3392">
    <p class='ocr_par' dir='ltr' id='par_1_60' title="bbox 352 3291 1949 3369">
     <span class='ocr_line' id='line_1_60' title="bbox 352 3291 1949 3369; baseline 0.002 -21"><span class='ocrx_word' id='word_1_441' title='bbox 352 3294 496 3348; x_wconf 84' lang='grc' dir='ltr'>κατὰ</span> <span class='ocrx_word' id='word_1_442' title='bbox 535 3295 596 3347; x_wconf 71' lang='grc' dir='ltr'>τὸ</span> <span class='ocrx_word' id='word_1_443' title='bbox 639 3295 846 3363; x_wconf 86' lang='grc' dir='ltr'>λόγιον,</span> <span class='ocrx_word' id='word_1_444' title='bbox 894 3295 960 3349; x_wconf 80' lang='grc' dir='ltr'>τὸ</span> <span class='ocrx_word' id='word_1_445' title='bbox 999 3291 1153 3350; x_wconf 76' lang='grc' dir='ltr'>εἶναι</span> <span class='ocrx_word' id='word_1_446' title='bbox 1190 3293 1297 3351; x_wconf 85' lang='grc' dir='ltr'>ἶσα</span> <span class='ocrx_word' id='word_1_447' title='bbox 1341 3297 1485 3364; x_wconf 85' lang='grc' dir='ltr'>Θεῷ,</span> <span class='ocrx_word' id='word_1_448' title='bbox 1531 3297 1647 3352; x_wconf 86' lang='grc' dir='ltr'>ἀλλ’</span> <span class='ocrx_word' id='word_1_449' title='bbox 1675 3299 1817 3368; x_wconf 76' lang='grc' dir='ltr'>ιχων</span> <span class='ocrx_word' id='word_1_450' title='bbox 1850 3299 1949 3369; x_wconf 63' lang='grc' dir='ltr'>μὲν</span> 
     </span>
    </p>
   </div>
   <div class='ocr_carea' id='block_1_61' title="bbox 2055 3289 3656 3392">
    <p class='ocr_par' dir='ltr' id='par_1_61' title="bbox 2056 3289 3656 3362">
     <span class='ocr_line' id='line_1_61' title="bbox 2056 3289 3656 3362; baseline -0.002 -13"><span class='ocrx_word' id='word_1_451' title='bbox 2056 3296 2351 3349; x_wconf 79' lang='lat' dir='ltr'><strong>arbitratus</strong></span> <span class='ocrx_word' id='word_1_452' title='bbox 2387 3301 2490 3354; x_wconf 77' lang='lat' dir='ltr'><strong>est,</strong></span> <span class='ocrx_word' id='word_1_453' title='bbox 2525 3299 2586 3346; x_wconf 88' lang='lat' dir='ltr'><strong>ut</strong></span> <span class='ocrx_word' id='word_1_454' title='bbox 2615 3291 2907 3362; x_wconf 89' lang='lat' dir='ltr'><strong>Scriptura</strong></span> <span class='ocrx_word' id='word_1_455' title='bbox 2941 3289 3207 3359; x_wconf 88' lang='lat' dir='ltr'><strong>loquitur,</strong></span> <span class='ocrx_word' id='word_1_456' title='bbox 3242 3305 3357 3344; x_wconf 75' lang='lat' dir='ltr'><strong>esse</strong></span> <span class='ocrx_word' id='word_1_457' title='bbox 3389 3306 3444 3342; x_wconf 80' lang='lat' dir='ltr'><strong>se</strong></span> <span class='ocrx_word' id='word_1_458' title='bbox 3469 3306 3656 3362; x_wconf 70' lang='lat' dir='ltr'><strong>requa-</strong></span> 
     </span>
    </p>
   </div>
   <div class='ocr_carea' id='block_1_62' title="bbox 351 3381 1952 3460">
    <p class='ocr_par' dir='ltr' id='par_1_62' title="bbox 351 3381 1952 3460">
     <span class='ocr_line' id='line_1_62' title="bbox 351 3381 1952 3460; baseline 0.003 -23"><span class='ocrx_word' id='word_1_459' title='bbox 351 3386 414 3452; x_wconf 78' lang='grc' dir='ltr'><strong>ἐξ</strong></span> <span class='ocrx_word' id='word_1_460' title='bbox 443 3383 611 3438; x_wconf 71' lang='grc' dir='ltr'>αὑτοῦ</span> <span class='ocrx_word' id='word_1_461' title='bbox 639 3386 700 3438; x_wconf 86' lang='grc' dir='ltr'>τὸ</span> <span class='ocrx_word' id='word_1_462' title='bbox 733 3381 906 3440; x_wconf 70' lang='grc' dir='ltr'>εἶναι·</span> <span class='ocrx_word' id='word_1_463' title='bbox 953 3386 1310 3457; x_wconf 81' lang='grc' dir='ltr'>κληρονομῶν</span> <span class='ocrx_word' id='word_1_464' title='bbox 1355 3389 1401 3441; x_wconf 78' lang='grc' dir='ltr'>δ’</span> <span class='ocrx_word' id='word_1_465' title='bbox 1433 3387 1626 3460; x_wconf 84' lang='grc' dir='ltr'>ὥσπερ</span> <span class='ocrx_word' id='word_1_466' title='bbox 1670 3390 1772 3460; x_wconf 81' lang='grc' dir='ltr'>τῆς</span> <span class='ocrx_word' id='word_1_467' title='bbox 1806 3406 1952 3459; x_wconf 77' lang='grc' dir='ltr'>συμ-</span> 
     </span>
    </p>
   </div>
   <div class='ocr_carea' id='block_1_63' title="bbox 352 3478 1960 3551">
    <p class='ocr_par' dir='ltr' id='par_1_63' title="bbox 352 3478 1960 3551">
     <span class='ocr_line' id='line_1_63' title="bbox 352 3478 1960 3551; baseline 0.004 -22"><span class='ocrx_word' id='word_1_468' title='bbox 352 3478 521 3546; x_wconf 79' lang='grc' dir='ltr'><strong>φυῖας</strong></span> <span class='ocrx_word' id='word_1_469' title='bbox 553 3478 648 3530; x_wconf 83' lang='grc' dir='ltr'>καὶ</span> <span class='ocrx_word' id='word_1_470' title='bbox 679 3479 777 3549; x_wconf 83' lang='grc' dir='ltr'>τῆς</span> <span class='ocrx_word' id='word_1_471' title='bbox 808 3478 1134 3548; x_wconf 80' lang='grc' dir='ltr'>ἅῖδιὸτητος,</span> <span class='ocrx_word' id='word_1_472' title='bbox 1165 3478 1308 3532; x_wconf 76' lang='grc' dir='ltr'>οὕτω</span> <span class='ocrx_word' id='word_1_473' title='bbox 1335 3481 1430 3532; x_wconf 76' lang='grc' dir='ltr'>καὶ</span> <span class='ocrx_word' id='word_1_474' title='bbox 1463 3481 1646 3551; x_wconf 75' lang='grc' dir='ltr'>δόξης,</span> <span class='ocrx_word' id='word_1_475' title='bbox 1674 3483 1769 3534; x_wconf 79' lang='grc' dir='ltr'>καὶ</span> <span class='ocrx_word' id='word_1_476' title='bbox 1820 3481 1960 3534; x_wconf 76' lang='grc' dir='ltr'>πάν-</span> 
     </span>
    </p>
   </div>
   <div class='ocr_carea' id='block_1_64' title="bbox 354 3568 1960 3644">
    <p class='ocr_par' dir='ltr' id='par_1_64' title="bbox 354 3568 1960 3644">
     <span class='ocr_line' id='line_1_64' title="bbox 354 3568 1960 3644; baseline -0.001 -21"><span class='ocrx_word' id='word_1_477' title='bbox 354 3587 465 3623; x_wconf 84' lang='grc' dir='ltr'><strong>των</strong></span> <span class='ocrx_word' id='word_1_478' title='bbox 509 3570 614 3623; x_wconf 81' lang='grc' dir='ltr'>ὅσα</span> <span class='ocrx_word' id='word_1_479' title='bbox 661 3569 756 3623; x_wconf 87' lang='grc' dir='ltr'><strong>τοῦ</strong></span> <span class='ocrx_word' id='word_1_480' title='bbox 808 3571 1158 3641; x_wconf 88' lang='grc' dir='ltr'>γεννήτορος.</span> <span class='ocrx_word' id='word_1_481' title='bbox 1194 3571 1446 3643; x_wconf 83' lang='grc' dir='ltr'>Ἔπρεπε</span> <span class='ocrx_word' id='word_1_482' title='bbox 1498 3573 1608 3644; x_wconf 84' lang='grc' dir='ltr'>γὰρ</span> <span class='ocrx_word' id='word_1_483' title='bbox 1660 3574 1819 3644; x_wconf 77' lang='grc' dir='ltr'>δόξης</span> <span class='ocrx_word' id='word_1_484' title='bbox 1864 3568 1960 3629; x_wconf 71' lang='grc' dir='ltr'>καὶ</span> 
     </span>
    </p>
   </div>
   <div class='ocr_carea' id='block_1_65' title="bbox 356 3664 1960 3737">
    <p class='ocr_par' dir='ltr' id='par_1_65' title="bbox 356 3664 1960 3737">
     <span class='ocr_line' id='line_1_65' title="bbox 356 3664 1960 3737; baseline 0.004 -22"><span class='ocrx_word' id='word_1_485' title='bbox 356 3664 681 3733; x_wconf 77' lang='grc' dir='ltr'>κυριότητος</span> <span class='ocrx_word' id='word_1_486' title='bbox 711 3664 808 3716; x_wconf 81' lang='grc' dir='ltr'><strong>ἀπ’</strong></span> <span class='ocrx_word' id='word_1_487' title='bbox 837 3664 1017 3735; x_wconf 82' lang='grc' dir='ltr'>ἀρχῆς</span> <span class='ocrx_word' id='word_1_488' title='bbox 1059 3667 1326 3736; x_wconf 85' lang='grc' dir='ltr'>ὁμοτιμία</span> <span class='ocrx_word' id='word_1_489' title='bbox 1355 3666 1435 3737; x_wconf 82' lang='grc' dir='ltr'>τῷ</span> <span class='ocrx_word' id='word_1_490' title='bbox 1474 3664 1611 3736; x_wconf 83' lang='grc' dir='ltr'>Υίῷ,</span> <span class='ocrx_word' id='word_1_491' title='bbox 1641 3667 1725 3720; x_wconf 86' lang='grc' dir='ltr'>ὃτι</span> <span class='ocrx_word' id='word_1_492' title='bbox 1749 3665 1960 3729; x_wconf 81' lang='grc' dir='ltr'>τέλειος</span> 
     </span>
    </p>
   </div>
   <div class='ocr_carea' id='block_1_66' title="bbox 356 3754 1960 3830">
    <p class='ocr_par' dir='ltr' id='par_1_66' title="bbox 356 3754 1960 3830">
     <span class='ocr_line' id='line_1_66' title="bbox 356 3754 1960 3830; baseline 0.002 -22"><span class='ocrx_word' id='word_1_493' title='bbox 356 3757 421 3808; x_wconf 80' lang='grc' dir='ltr'>ἐκ</span> <span class='ocrx_word' id='word_1_494' title='bbox 449 3754 692 3807; x_wconf 77' lang='grc' dir='ltr'>τελείουο</span> <span class='ocrx_word' id='word_1_495' title='bbox 729 3755 825 3808; x_wconf 76' lang='grc' dir='ltr'>καὶ</span> <span class='ocrx_word' id='word_1_496' title='bbox 860 3756 944 3810; x_wconf 84' lang='grc' dir='ltr'>ὅτι</span> <span class='ocrx_word' id='word_1_497' title='bbox 988 3755 1134 3812; x_wconf 76' lang='grc' dir='ltr'>οὕτω</span> <span class='ocrx_word' id='word_1_498' title='bbox 1169 3757 1371 3828; x_wconf 82' lang='grc' dir='ltr'>μᾶλλον</span> <span class='ocrx_word' id='word_1_499' title='bbox 1406 3757 1624 3822; x_wconf 75' lang='grc' dir='ltr'>σώζοιτ⁹</span> <span class='ocrx_word' id='word_1_500' title='bbox 1656 3759 1724 3812; x_wconf 82' lang='grc' dir='ltr'>ἂν</span> <span class='ocrx_word' id='word_1_501' title='bbox 1771 3761 1804 3830; x_wconf 84' lang='grc' dir='ltr'>ή</span> <span class='ocrx_word' id='word_1_502' title='bbox 1832 3757 1960 3823; x_wconf 77' lang='grc' dir='ltr'>δόξα</span> 
     </span>
    </p>
   </div>
   <div class='ocr_carea' id='block_1_67' title="bbox 357 3842 1960 3921">
    <p class='ocr_par' dir='ltr' id='par_1_67' title="bbox 357 3842 1960 3921">
     <span class='ocr_line' id='line_1_67' title="bbox 357 3842 1960 3921; baseline 0.002 -20"><span class='ocrx_word' id='word_1_503' title='bbox 357 3845 439 3912; x_wconf 87' lang='grc' dir='ltr'>τῷ</span> <span class='ocrx_word' id='word_1_504' title='bbox 475 3845 546 3912; x_wconf 74' lang='grc' dir='ltr'><strong>ἐξ</strong></span> <span class='ocrx_word' id='word_1_505' title='bbox 569 3842 643 3902; x_wconf 86' lang='grc' dir='ltr'>οὗ</span> <span class='ocrx_word' id='word_1_506' title='bbox 669 3845 841 3903; x_wconf 81' lang='grc' dir='ltr'>πᾶσα</span> <span class='ocrx_word' id='word_1_507' title='bbox 872 3849 1113 3916; x_wconf 76' lang='grc' dir='ltr'>πατριὰ,</span> <span class='ocrx_word' id='word_1_508' title='bbox 1151 3850 1210 3904; x_wconf 66' lang='grc' dir='ltr'>ἐν</span> <span class='ocrx_word' id='word_1_509' title='bbox 1245 3849 1325 3920; x_wconf 85' lang='grc' dir='ltr'><strong>τῷ</strong></span> <span class='ocrx_word' id='word_1_510' title='bbox 1359 3849 1530 3920; x_wconf 80' lang='grc' dir='ltr'>μηδὲν</span> <span class='ocrx_word' id='word_1_511' title='bbox 1553 3851 1960 3921; x_wconf 78' lang='grc' dir='ltr'>ύποϐεὸηκέναι</span> 
     </span>
    </p>
   </div>
   <div class='ocr_carea' id='block_1_68' title="bbox 351 3939 1959 4014">
    <p class='ocr_par' dir='ltr' id='par_1_68' title="bbox 351 3939 1959 4014">
     <span class='ocr_line' id='line_1_68' title="bbox 351 3939 1959 4014; baseline 0.004 -20"><span class='ocrx_word' id='word_1_512' title='bbox 351 3939 515 4010; x_wconf 78' lang='grc' dir='ltr'>δόξης</span> <span class='ocrx_word' id='word_1_513' title='bbox 555 3940 654 3994; x_wconf 77' lang='grc' dir='ltr'>καὶ</span> <span class='ocrx_word' id='word_1_514' title='bbox 693 3940 861 4012; x_wconf 83' lang='grc' dir='ltr'>τιμῆς</span> <span class='ocrx_word' id='word_1_515' title='bbox 889 3941 982 3994; x_wconf 84' lang='grc' dir='ltr'><strong>τὸν</strong></span> <span class='ocrx_word' id='word_1_516' title='bbox 1012 3942 1162 3997; x_wconf 81' lang='grc' dir='ltr'>Υίόν.</span> <span class='ocrx_word' id='word_1_517' title='bbox 1197 3942 1510 4014; x_wconf 74' lang='grc' dir='ltr'>’Ἄνθρωποι</span> <span class='ocrx_word' id='word_1_518' title='bbox 1544 3943 1646 4014; x_wconf 84' lang='grc' dir='ltr'>μὲν</span> <span class='ocrx_word' id='word_1_519' title='bbox 1683 3945 1792 4014; x_wconf 82' lang='grc' dir='ltr'>γὰρ</span> <span class='ocrx_word' id='word_1_520' title='bbox 1833 3944 1959 4001; x_wconf 73' lang='grc' dir='ltr'>ἐπεὶ</span> 
     </span>
    </p>
   </div>
   <div class='ocr_carea' id='block_1_69' title="bbox 359 4031 1954 4100">
    <p class='ocr_par' dir='ltr' id='par_1_69' title="bbox 359 4031 1954 4100">
     <span class='ocr_line' id='line_1_69' title="bbox 359 4031 1954 4100; baseline 0.001 -14"><span class='ocrx_word' id='word_1_521' title='bbox 359 4033 478 4087; x_wconf 84' lang='grc' dir='ltr'>κατ’</span> <span class='ocrx_word' id='word_1_522' title='bbox 505 4031 660 4086; x_wconf 68' lang='grc' dir='ltr'>οὐδὲν</span> <span class='ocrx_word' id='word_1_523' title='bbox 689 4032 908 4097; x_wconf 75' lang='grc' dir='ltr'>τέλειοι,</span> <span class='ocrx_word' id='word_1_524' title='bbox 941 4031 1212 4096; x_wconf 69' lang='grc' dir='ltr'>ἐνδέοντες</span> <span class='ocrx_word' id='word_1_525' title='bbox 1237 4033 1514 4088; x_wconf 83' lang='grc' dir='ltr'>τίκτουσιν</span> <span class='ocrx_word' id='word_1_526' title='bbox 1546 4035 1746 4098; x_wconf 81' lang='grc' dir='ltr'>ἐνδεεῖς</span> <span class='ocrx_word' id='word_1_527' title='bbox 1773 4052 1787 4066; x_wconf 86' lang='grc'><strong>·</strong></span> <span class='ocrx_word' id='word_1_528' title='bbox 1812 4038 1842 4089; x_wconf 84' lang='grc' dir='ltr'><strong>ό</strong></span> <span class='ocrx_word' id='word_1_529' title='bbox 1875 4035 1954 4100; x_wconf 78' lang='grc' dir='ltr'>δὲ,</span> 
     </span>
    </p>
   </div>
   <div class='ocr_carea' id='block_1_70' title="bbox 357 4122 1961 4198">
    <p class='ocr_par' dir='ltr' id='par_1_70' title="bbox 357 4122 1961 4198">
     <span class='ocr_line' id='line_1_70' title="bbox 357 4122 1961 4198; baseline 0.002 -22"><span class='ocrx_word' id='word_1_530' title='bbox 357 4124 567 4186; x_wconf 81' lang='grc' dir='ltr'>τέλειος</span> <span class='ocrx_word' id='word_1_531' title='bbox 595 4122 694 4188; x_wconf 77' lang='grc' dir='ltr'>ὢν,</span> <span class='ocrx_word' id='word_1_532' title='bbox 724 4123 926 4194; x_wconf 77' lang='grc' dir='ltr'>μᾶλλον</span> <span class='ocrx_word' id='word_1_533' title='bbox 947 4124 992 4178; x_wconf 81' lang='grc' dir='ltr'>δ’</span> <span class='ocrx_word' id='word_1_534' title='bbox 1015 4125 1341 4197; x_wconf 77' lang='grc' dir='ltr'>ὑπερτελὴς,</span> <span class='ocrx_word' id='word_1_535' title='bbox 1365 4127 1639 4198; x_wconf 83' lang='grc' dir='ltr'>ἀπροσδεῆ</span> <span class='ocrx_word' id='word_1_536' title='bbox 1665 4129 1829 4198; x_wconf 79' lang='grc' dir='ltr'>γεννᾷ</span> <span class='ocrx_word' id='word_1_537' title='bbox 1847 4146 1861 4160; x_wconf 77' lang='grc' dir='ltr'><strong><em>ο</em></strong></span> <span class='ocrx_word' id='word_1_538' title='bbox 1891 4127 1961 4180; x_wconf 85' lang='grc' dir='ltr'><strong>ἵν’</strong></span> 
     </span>
    </p>
   </div>
   <div class='ocr_carea' id='block_1_71' title="bbox 357 4214 1958 4292">
    <p class='ocr_par' dir='ltr' id='par_1_71' title="bbox 357 4214 1958 4292">
     <span class='ocr_line' id='line_1_71' title="bbox 357 4214 1958 4292; baseline 0.003 -24"><span class='ocrx_word' id='word_1_539' title='bbox 357 4214 540 4269; x_wconf 71' lang='grc' dir='ltr'>οἰκεία</span> <span class='ocrx_word' id='word_1_540' title='bbox 577 4215 1058 4287; x_wconf 81' lang='grc' dir='ltr'>μεγαλοπρεπείας</span> <span class='ocrx_word' id='word_1_541' title='bbox 1110 4216 1247 4270; x_wconf 81' lang='grc' dir='ltr'>Θεοῦ</span> <span class='ocrx_word' id='word_1_542' title='bbox 1304 4219 1338 4289; x_wconf 81' lang='grc' dir='ltr'>ἠ</span> <span class='ocrx_word' id='word_1_543' title='bbox 1386 4219 1642 4289; x_wconf 80' lang='grc' dir='ltr'>γέννησις</span> <span class='ocrx_word' id='word_1_544' title='bbox 1669 4215 1727 4292; x_wconf 84' lang='grc' dir='ltr'>ᾖ,</span> <span class='ocrx_word' id='word_1_545' title='bbox 1750 4219 1848 4272; x_wconf 73' lang='grc' dir='ltr'>καὶ</span> <span class='ocrx_word' id='word_1_546' title='bbox 1881 4221 1958 4292; x_wconf 73' lang='grc' dir='ltr'>μὴ</span> 
     </span>
    </p>
   </div>
   <div class='ocr_carea' id='block_1_72' title="bbox 359 4307 1959 4383">
    <p class='ocr_par' dir='ltr' id='par_1_72' title="bbox 359 4307 1959 4383">
     <span class='ocr_line' id='line_1_72' title="bbox 359 4307 1959 4383; baseline 0.003 -23"><span class='ocrx_word' id='word_1_547' title='bbox 359 4309 459 4378; x_wconf 79' lang='grc' dir='ltr'>τῆς</span> <span class='ocrx_word' id='word_1_548' title='bbox 496 4307 708 4362; x_wconf 64' lang='grc' dir='ltr'>ἐκείνου</span> <span class='ocrx_word' id='word_1_549' title='bbox 763 4308 981 4376; x_wconf 82' lang='grc' dir='ltr'>φύσεως</span> <span class='ocrx_word' id='word_1_550' title='bbox 1024 4309 1305 4381; x_wconf 81' lang='grc' dir='ltr'>ἀπρεπής.</span> <span class='ocrx_word' id='word_1_551' title='bbox 1343 4310 1498 4364; x_wconf 60' lang='grc' dir='ltr'><strong>Ἐπεὶ⁵</strong></span> <span class='ocrx_word' id='word_1_552' title='bbox 1525 4310 1582 4363; x_wconf 83' lang='grc' dir='ltr'>δὲ</span> <span class='ocrx_word' id='word_1_553' title='bbox 1619 4311 1959 4383; x_wconf 79' lang='grc' dir='ltr'>κληρονόμος</span> 
     </span>
    </p>
   </div>
   <div class='ocr_carea' id='block_1_73' title="bbox 355 4399 1958 4477">
    <p class='ocr_par' dir='ltr' id='par_1_73' title="bbox 355 4399 1958 4477">
     <span class='ocr_line' id='line_1_73' title="bbox 355 4399 1958 4477; baseline 0.004 -24"><span class='ocrx_word' id='word_1_554' title='bbox 355 4399 435 4453; x_wconf 79' lang='grc' dir='ltr'>ὢν</span> <span class='ocrx_word' id='word_1_555' title='bbox 457 4400 715 4454; x_wconf 79' lang='grc' dir='ltr'>ἁπάντων</span> <span class='ocrx_word' id='word_1_556' title='bbox 738 4401 841 4456; x_wconf 80' lang='grc' dir='ltr'>ὅσα</span> <span class='ocrx_word' id='word_1_557' title='bbox 889 4399 985 4455; x_wconf 88' lang='grc' dir='ltr'><strong>τοῦ</strong></span> <span class='ocrx_word' id='word_1_558' title='bbox 1025 4404 1370 4474; x_wconf 77' lang='grc' dir='ltr'>γεννήτορος,</span> <span class='ocrx_word' id='word_1_559' title='bbox 1415 4405 1617 4470; x_wconf 81' lang='grc' dir='ltr'>ἀγαθὸς</span> <span class='ocrx_word' id='word_1_560' title='bbox 1647 4400 1715 4477; x_wconf 77' lang='grc' dir='ltr'>ἦν</span> <span class='ocrx_word' id='word_1_561' title='bbox 1743 4406 1802 4472; x_wconf 75' lang='grc' dir='ltr'><strong>ἐξ</strong></span> <span class='ocrx_word' id='word_1_562' title='bbox 1821 4407 1958 4475; x_wconf 84' lang='grc' dir='ltr'>ἁγα-</span> 
     </span>
    </p>
   </div>
   <div class='ocr_carea' id='block_1_74' title="bbox 356 4492 1955 4569">
    <p class='ocr_par' dir='ltr' id='par_1_74' title="bbox 356 4492 1955 4569">
     <span class='ocr_line' id='line_1_74' title="bbox 356 4492 1955 4569; baseline 0.003 -23"><span class='ocrx_word' id='word_1_563' title='bbox 356 4492 484 4546; x_wconf 82' lang='grc' dir='ltr'>θοῦ’</span> <span class='ocrx_word' id='word_1_564' title='bbox 518 4492 627 4545; x_wconf 76' lang='grc' dir='ltr'>ἔδει</span> <span class='ocrx_word' id='word_1_565' title='bbox 670 4492 728 4545; x_wconf 74' lang='grc' dir='ltr'>δὲ</span> <span class='ocrx_word' id='word_1_566' title='bbox 770 4493 862 4548; x_wconf 81' lang='grc' dir='ltr'>τὸν</span> <span class='ocrx_word' id='word_1_567' title='bbox 895 4493 1123 4548; x_wconf 88' lang='grc' dir='ltr'>πλοῦτον</span> <span class='ocrx_word' id='word_1_568' title='bbox 1154 4495 1388 4564; x_wconf 82' lang='grc' dir='ltr'>ὀφθῆναι</span> <span class='ocrx_word' id='word_1_569' title='bbox 1431 4497 1532 4565; x_wconf 82' lang='grc' dir='ltr'>τῆς</span> <span class='ocrx_word' id='word_1_570' title='bbox 1576 4497 1916 4569; x_wconf 79' lang='grc' dir='ltr'>ἁγαθότητος</span> <span class='ocrx_word' id='word_1_571' title='bbox 1938 4538 1955 4565; x_wconf 96' lang='grc'><strong>,</strong></span> 
     </span>
    </p>
   </div>
   <div class='ocr_carea' id='block_1_75' title="bbox 363 4582 1955 4658">
    <p class='ocr_par' dir='ltr' id='par_1_75' title="bbox 363 4582 1955 4658">
     <span class='ocr_line' id='line_1_75' title="bbox 363 4582 1955 4658; baseline 0.004 -23"><span class='ocrx_word' id='word_1_572' title='bbox 363 4582 442 4652; x_wconf 81' lang='grc' dir='ltr'>μὴ</span> <span class='ocrx_word' id='word_1_573' title='bbox 499 4584 661 4653; x_wconf 76' lang='grc' dir='ltr'>μόνον</span> <span class='ocrx_word' id='word_1_574' title='bbox 706 4583 766 4636; x_wconf 82' lang='grc' dir='ltr'>ὲν</span> <span class='ocrx_word' id='word_1_575' title='bbox 815 4583 895 4653; x_wconf 81' lang='grc' dir='ltr'>τῷ</span> <span class='ocrx_word' id='word_1_576' title='bbox 943 4585 1353 4657; x_wconf 58' lang='grc' dir='ltr'>ὴμιουργῆσαι</span> <span class='ocrx_word' id='word_1_577' title='bbox 1408 4587 1502 4640; x_wconf 81' lang='grc' dir='ltr'>τὸν</span> <span class='ocrx_word' id='word_1_578' title='bbox 1549 4588 1679 4658; x_wconf 88' lang='grc' dir='ltr'>χοῦν</span> <span class='ocrx_word' id='word_1_579' title='bbox 1725 4590 1955 4643; x_wconf 69' lang='grc' dir='ltr'>εἰκόνας</span> 
     </span>
    </p>
   </div>
   <div class='ocr_carea' id='block_1_76' title="bbox 2062 3381 3653 3455">
    <p class='ocr_par' dir='ltr' id='par_1_76' title="bbox 2062 3381 3653 3455">
     <span class='ocr_line' id='line_1_76' title="bbox 2062 3381 3653 3455; baseline -0.003 -13"><span class='ocrx_word' id='word_1_580' title='bbox 2062 3388 2164 3442; x_wconf 73' lang='lat' dir='ltr'><strong>leni</strong></span> <span class='ocrx_word' id='word_1_581' title='bbox 2199 3386 2309 3440; x_wconf 88' lang='lat' dir='ltr'><strong>Deo</strong></span> <span class='ocrx_word' id='word_1_582' title='bbox 2345 3387 2390 3418; x_wconf 77' lang='grc'><strong>⁷⁸</strong></span> <span class='ocrx_word' id='word_1_583' title='bbox 2414 3404 2430 3438; x_wconf 89' lang='lat'><strong>:</strong></span> <span class='ocrx_word' id='word_1_584' title='bbox 2457 3385 2555 3440; x_wconf 89' lang='lat' dir='ltr'><strong>sed</strong></span> <span class='ocrx_word' id='word_1_585' title='bbox 2579 3384 2647 3438; x_wconf 88' lang='lat' dir='ltr'><strong>ab</strong></span> <span class='ocrx_word' id='word_1_586' title='bbox 2677 3383 2796 3452; x_wconf 85' lang='lat' dir='ltr'><strong>ipso</strong></span> <span class='ocrx_word' id='word_1_587' title='bbox 2819 3381 3041 3452; x_wconf 90' lang='lat' dir='ltr'><strong>quidem</strong></span> <span class='ocrx_word' id='word_1_588' title='bbox 3067 3396 3193 3436; x_wconf 86' lang='lat' dir='ltr'><strong>esse</strong></span> <span class='ocrx_word' id='word_1_589' title='bbox 3227 3397 3386 3436; x_wconf 88' lang='lat' dir='ltr'><strong>suum</strong></span> <span class='ocrx_word' id='word_1_590' title='bbox 3417 3383 3653 3455; x_wconf 85' lang='lat' dir='ltr'><strong>accepit,</strong></span> 
     </span>
    </p>
   </div>
   <div class='ocr_carea' id='block_1_77' title="bbox 2061 3477 3660 3550">
    <p class='ocr_par' dir='ltr' id='par_1_77' title="bbox 2061 3477 3660 3550">
     <span class='ocr_line' id='line_1_77' title="bbox 2061 3477 3660 3550; baseline -0.001 -15"><span class='ocrx_word' id='word_1_591' title='bbox 2061 3481 2339 3550; x_wconf 85' lang='lat' dir='ltr'><strong>particeps</strong></span> <span class='ocrx_word' id='word_1_592' title='bbox 2385 3487 2446 3535; x_wconf 89' lang='lat' dir='ltr'><strong>ut</strong></span> <span class='ocrx_word' id='word_1_593' title='bbox 2488 3477 2737 3548; x_wconf 88' lang='lat' dir='ltr'><strong>ejusdem</strong></span> <span class='ocrx_word' id='word_1_594' title='bbox 2787 3484 3001 3530; x_wconf 72' lang='lat' dir='ltr'><strong>naturas</strong></span> <span class='ocrx_word' id='word_1_595' title='bbox 3063 3481 3120 3530; x_wconf 90' lang='lat' dir='ltr'><strong>et</strong></span> <span class='ocrx_word' id='word_1_596' title='bbox 3159 3478 3489 3531; x_wconf 69' lang='lat' dir='ltr'><strong>mternitatis</strong></span> <span class='ocrx_word' id='word_1_597' title='bbox 3516 3518 3531 3543; x_wconf 91' lang='lat'><strong>,</strong></span> <span class='ocrx_word' id='word_1_598' title='bbox 3584 3479 3660 3534; x_wconf 77' lang='lat' dir='ltr'><strong>ita</strong></span> 
     </span>
    </p>
   </div>
   <div class='ocr_carea' id='block_1_78' title="bbox 2063 3565 3655 3644">
    <p class='ocr_par' dir='ltr' id='par_1_78' title="bbox 2063 3565 3655 3644">
     <span class='ocr_line' id='line_1_78' title="bbox 2063 3565 3655 3644; baseline -0.003 -16"><span class='ocrx_word' id='word_1_599' title='bbox 2063 3581 2119 3628; x_wconf 92' lang='lat' dir='ltr'><strong>et</strong></span> <span class='ocrx_word' id='word_1_600' title='bbox 2153 3571 2343 3644; x_wconf 69' lang='lat' dir='ltr'><strong>gloriae</strong></span> <span class='ocrx_word' id='word_1_601' title='bbox 2398 3579 2454 3627; x_wconf 87' lang='lat' dir='ltr'><strong>et</strong></span> <span class='ocrx_word' id='word_1_602' title='bbox 2483 3569 2756 3637; x_wconf 92' lang='lat' dir='ltr'><strong>omnium,</strong></span> <span class='ocrx_word' id='word_1_603' title='bbox 2787 3584 2912 3639; x_wconf 75' lang='lat' dir='ltr'><strong>qua:</strong></span> <span class='ocrx_word' id='word_1_604' title='bbox 2940 3565 3103 3623; x_wconf 81' lang='lat' dir='ltr'><strong>Pater</strong></span> <span class='ocrx_word' id='word_1_605' title='bbox 3127 3567 3313 3622; x_wconf 85' lang='lat' dir='ltr'><strong>habet.</strong></span> <span class='ocrx_word' id='word_1_606' title='bbox 3338 3565 3482 3623; x_wconf 84' lang='lat' dir='ltr'><strong>Filio</strong></span> <span class='ocrx_word' id='word_1_607' title='bbox 3503 3569 3655 3629; x_wconf 88' lang='lat' dir='ltr'><strong>enim</strong></span> 
     </span>
    </p>
   </div>
   <div class='ocr_carea' id='block_1_79' title="bbox 2061 3659 3657 3733">
    <p class='ocr_par' dir='ltr' id='par_1_79' title="bbox 2061 3659 3657 3733">
     <span class='ocr_line' id='line_1_79' title="bbox 2061 3659 3657 3733; baseline -0.001 -14"><span class='ocrx_word' id='word_1_608' title='bbox 2061 3665 2132 3721; x_wconf 89' lang='lat' dir='ltr'><strong>ab</strong></span> <span class='ocrx_word' id='word_1_609' title='bbox 2181 3664 2342 3720; x_wconf 88' lang='lat' dir='ltr'><strong>initio</strong></span> <span class='ocrx_word' id='word_1_610' title='bbox 2399 3663 2753 3733; x_wconf 80' lang='lat' dir='ltr'><strong>competebat</strong></span> <span class='ocrx_word' id='word_1_611' title='bbox 2801 3668 2858 3716; x_wconf 88' lang='lat' dir='ltr'><strong>et</strong></span> <span class='ocrx_word' id='word_1_612' title='bbox 2911 3660 3124 3732; x_wconf 72' lang='lat' dir='ltr'><strong>gloriae,</strong></span> <span class='ocrx_word' id='word_1_613' title='bbox 3179 3665 3235 3715; x_wconf 91' lang='lat' dir='ltr'><strong>et</strong></span> <span class='ocrx_word' id='word_1_614' title='bbox 3290 3659 3506 3730; x_wconf 89' lang='lat' dir='ltr'><strong>imperii</strong></span> <span class='ocrx_word' id='word_1_615' title='bbox 3557 3677 3657 3718; x_wconf 90' lang='lat' dir='ltr'><strong>seu</strong></span> 
     </span>
    </p>
   </div>
   <div class='ocr_carea' id='block_1_80' title="bbox 2061 3753 3658 3832">
    <p class='ocr_par' dir='ltr' id='par_1_80' title="bbox 2061 3753 3658 3832">
     <span class='ocr_line' id='line_1_80' title="bbox 2061 3753 3658 3832; baseline -0.003 -17"><span class='ocrx_word' id='word_1_616' title='bbox 2061 3759 2358 3832; x_wconf 88' lang='lat' dir='ltr'><strong>potestatis</strong></span> <span class='ocrx_word' id='word_1_617' title='bbox 2414 3756 2723 3827; x_wconf 69' lang='lat' dir='ltr'><strong>aequalitas,</strong></span> <span class='ocrx_word' id='word_1_618' title='bbox 2769 3754 2902 3825; x_wconf 89' lang='lat' dir='ltr'><strong>quia</strong></span> <span class='ocrx_word' id='word_1_619' title='bbox 2954 3753 3234 3824; x_wconf 85' lang='lat' dir='ltr'><strong>perfectus</strong></span> <span class='ocrx_word' id='word_1_620' title='bbox 3290 3768 3357 3808; x_wconf 84' lang='lat' dir='ltr'><strong>ex</strong></span> <span class='ocrx_word' id='word_1_621' title='bbox 3411 3753 3658 3824; x_wconf 86' lang='lat' dir='ltr'><strong>perfecto</strong></span> 
     </span>
    </p>
   </div>
   <div class='ocr_carea' id='block_1_81' title="bbox 2060 3845 3662 3923">
    <p class='ocr_par' dir='ltr' id='par_1_81' title="bbox 2060 3845 3662 3923">
     <span class='ocr_line' id='line_1_81' title="bbox 2060 3845 3662 3923; baseline -0.003 -17"><span class='ocrx_word' id='word_1_622' title='bbox 2060 3858 2367 3923; x_wconf 80' lang='lat' dir='ltr'><strong>pregnatus</strong></span> <span class='ocrx_word' id='word_1_623' title='bbox 2418 3856 2538 3914; x_wconf 85' lang='lat' dir='ltr'><strong>est;</strong></span> <span class='ocrx_word' id='word_1_624' title='bbox 2595 3845 2856 3916; x_wconf 86' lang='lat' dir='ltr'><strong>quodque</strong></span> <span class='ocrx_word' id='word_1_625' title='bbox 2911 3860 2977 3900; x_wconf 88' lang='lat' dir='ltr'><strong>ea</strong></span> <span class='ocrx_word' id='word_1_626' title='bbox 3034 3845 3250 3899; x_wconf 87' lang='lat' dir='ltr'><strong>ratione</strong></span> <span class='ocrx_word' id='word_1_627' title='bbox 3298 3847 3475 3916; x_wconf 86' lang='lat' dir='ltr'><strong>magis</strong></span> <span class='ocrx_word' id='word_1_628' title='bbox 3520 3861 3662 3901; x_wconf 88' lang='lat' dir='ltr'><strong>con-</strong></span> 
     </span>
    </p>
   </div>
   <div class='ocr_carea' id='block_1_82' title="bbox 2061 3937 3661 4014">
    <p class='ocr_par' dir='ltr' id='par_1_82' title="bbox 2061 3937 3661 4014">
     <span class='ocr_line' id='line_1_82' title="bbox 2061 3937 3661 4014; baseline -0.004 -14"><span class='ocrx_word' id='word_1_629' title='bbox 2061 3952 2172 4000; x_wconf 89' lang='lat' dir='ltr'><strong>stet</strong></span> <span class='ocrx_word' id='word_1_630' title='bbox 2212 3943 2334 4014; x_wconf 84' lang='lat' dir='ltr'><strong>ejus</strong></span> <span class='ocrx_word' id='word_1_631' title='bbox 2364 3941 2573 4012; x_wconf 79' lang='lat' dir='ltr'><strong>gloria,</strong></span> <span class='ocrx_word' id='word_1_632' title='bbox 2629 3954 2695 3994; x_wconf 74' lang='lat' dir='ltr'><strong>ex</strong></span> <span class='ocrx_word' id='word_1_633' title='bbox 2749 3955 2853 4003; x_wconf 71' lang='lat' dir='ltr'><strong>quo</strong></span> <span class='ocrx_word' id='word_1_634' title='bbox 2906 3941 3075 3992; x_wconf 75' lang='lat' dir='ltr'><strong>omnis</strong></span> <span class='ocrx_word' id='word_1_635' title='bbox 3101 3938 3400 4007; x_wconf 80' lang='lat' dir='ltr'><strong>paternitas</strong></span> <span class='ocrx_word' id='word_1_636' title='bbox 3427 3937 3661 3996; x_wconf 83' lang='lat' dir='ltr'><strong>descen-</strong></span> 
     </span>
    </p>
   </div>
   <div class='ocr_carea' id='block_1_83' title="bbox 2063 4027 3662 4100">
    <p class='ocr_par' dir='ltr' id='par_1_83' title="bbox 2063 4027 3662 4100">
     <span class='ocr_line' id='line_1_83' title="bbox 2063 4027 3662 4100; baseline -0.003 -13"><span class='ocrx_word' id='word_1_637' title='bbox 2063 4034 2144 4087; x_wconf 90' lang='lat' dir='ltr'><strong>dit</strong></span> <span class='ocrx_word' id='word_1_638' title='bbox 2170 4033 2239 4096; x_wconf 77' lang='grc'><strong>⁷⁸,</strong></span> <span class='ocrx_word' id='word_1_639' title='bbox 2281 4039 2343 4086; x_wconf 91' lang='lat' dir='ltr'><strong>ut</strong></span> <span class='ocrx_word' id='word_1_640' title='bbox 2373 4028 2573 4085; x_wconf 86' lang='lat' dir='ltr'><strong>Filium</strong></span> <span class='ocrx_word' id='word_1_641' title='bbox 2609 4029 2885 4100; x_wconf 89' lang='lat' dir='ltr'><strong>genuerit,</strong></span> <span class='ocrx_word' id='word_1_642' title='bbox 2919 4027 3012 4096; x_wconf 86' lang='lat' dir='ltr'><strong>qui</strong></span> <span class='ocrx_word' id='word_1_643' title='bbox 3037 4043 3216 4097; x_wconf 91' lang='lat' dir='ltr'><strong>neque</strong></span> <span class='ocrx_word' id='word_1_644' title='bbox 3246 4027 3444 4096; x_wconf 79' lang='lat' dir='ltr'><strong>gloria,</strong></span> <span class='ocrx_word' id='word_1_645' title='bbox 3480 4045 3662 4099; x_wconf 82' lang='lat' dir='ltr'><strong>neque</strong></span> 
     </span>
    </p>
   </div>
   <div class='ocr_carea' id='block_1_84' title="bbox 2060 4117 3664 4191">
    <p class='ocr_par' dir='ltr' id='par_1_84' title="bbox 2060 4117 3664 4191">
     <span class='ocr_line' id='line_1_84' title="bbox 2060 4117 3664 4191; baseline -0.004 -12"><span class='ocrx_word' id='word_1_646' title='bbox 2060 4126 2273 4179; x_wconf 86' lang='lat' dir='ltr'><strong>honore</strong></span> <span class='ocrx_word' id='word_1_647' title='bbox 2314 4123 2498 4177; x_wconf 86' lang='lat' dir='ltr'><strong>minor</strong></span> <span class='ocrx_word' id='word_1_648' title='bbox 2519 4121 2651 4191; x_wconf 90' lang='lat' dir='ltr'><strong>quid</strong></span> <span class='ocrx_word' id='word_1_649' title='bbox 2685 4135 2850 4190; x_wconf 90' lang='lat' dir='ltr'><strong>quam</strong></span> <span class='ocrx_word' id='word_1_650' title='bbox 2894 4118 3060 4173; x_wconf 87' lang='lat' dir='ltr'><strong>Pater</strong></span> <span class='ocrx_word' id='word_1_651' title='bbox 3101 4119 3353 4173; x_wconf 77' lang='lat' dir='ltr'><strong>exsistat.</strong></span> <span class='ocrx_word' id='word_1_652' title='bbox 3401 4117 3664 4174; x_wconf 82' lang='lat' dir='ltr'><strong>Homines</strong></span> 
     </span>
    </p>
   </div>
   <div class='ocr_carea' id='block_1_85' title="bbox 2060 4215 3662 4292">
    <p class='ocr_par' dir='ltr' id='par_1_85' title="bbox 2060 4215 3662 4292">
     <span class='ocr_line' id='line_1_85' title="bbox 2060 4215 3662 4292; baseline -0.003 -16"><span class='ocrx_word' id='word_1_653' title='bbox 2060 4220 2283 4292; x_wconf 87' lang='lat' dir='ltr'><strong>quidem</strong></span> <span class='ocrx_word' id='word_1_654' title='bbox 2330 4236 2455 4274; x_wconf 91' lang='lat' dir='ltr'><strong>cum</strong></span> <span class='ocrx_word' id='word_1_655' title='bbox 2490 4217 2852 4289; x_wconf 81' lang='lat' dir='ltr'><strong>perfectionis</strong></span> <span class='ocrx_word' id='word_1_656' title='bbox 2899 4226 3151 4282; x_wconf 82' lang='lat' dir='ltr'><strong>expertes</strong></span> <span class='ocrx_word' id='word_1_657' title='bbox 3182 4215 3314 4280; x_wconf 91' lang='lat' dir='ltr'><strong>sint,</strong></span> <span class='ocrx_word' id='word_1_658' title='bbox 3353 4215 3662 4286; x_wconf 83' lang='lat' dir='ltr'><strong>imperfecti</strong></span> 
     </span>
    </p>
   </div>
   <div class='ocr_carea' id='block_1_86' title="bbox 2061 4311 3665 4384">
    <p class='ocr_par' dir='ltr' id='par_1_86' title="bbox 2061 4311 3665 4384">
     <span class='ocr_line' id='line_1_86' title="bbox 2061 4311 3665 4384; baseline -0.004 -16"><span class='ocrx_word' id='word_1_659' title='bbox 2061 4311 2438 4384; x_wconf 81' lang='lat' dir='ltr'><strong>imperfectos,</strong></span> <span class='ocrx_word' id='word_1_660' title='bbox 2487 4317 2830 4380; x_wconf 84' lang='lat' dir='ltr'><strong>egentesque</strong></span> <span class='ocrx_word' id='word_1_661' title='bbox 2884 4321 3092 4375; x_wconf 80' lang='lat' dir='ltr'><strong>egenos</strong></span> <span class='ocrx_word' id='word_1_662' title='bbox 3139 4316 3514 4375; x_wconf 84' lang='lat' dir='ltr'><strong>progenerant</strong></span> <span class='ocrx_word' id='word_1_663' title='bbox 3554 4323 3568 4359; x_wconf 89' lang='lat'><strong>:</strong></span> <span class='ocrx_word' id='word_1_664' title='bbox 3609 4317 3665 4362; x_wconf 87' lang='lat' dir='ltr'><strong>at</strong></span> 
     </span>
    </p>
   </div>
   <div class='ocr_carea' id='block_1_87' title="bbox 2060 4398 3667 4476">
    <p class='ocr_par' dir='ltr' id='par_1_87' title="bbox 2060 4398 3667 4476">
     <span class='ocr_line' id='line_1_87' title="bbox 2060 4398 3667 4476; baseline -0.005 -16"><span class='ocrx_word' id='word_1_665' title='bbox 2060 4407 2155 4476; x_wconf 87' lang='lat' dir='ltr'><strong>qui</strong></span> <span class='ocrx_word' id='word_1_666' title='bbox 2197 4403 2500 4476; x_wconf 84' lang='lat' dir='ltr'><strong>perfectus,</strong></span> <span class='ocrx_word' id='word_1_667' title='bbox 2551 4401 2660 4466; x_wconf 81' lang='lat' dir='ltr'><strong>vel,</strong></span> <span class='ocrx_word' id='word_1_668' title='bbox 2711 4409 2770 4455; x_wconf 89' lang='lat' dir='ltr'><strong>ut</strong></span> <span class='ocrx_word' id='word_1_669' title='bbox 2827 4398 3034 4455; x_wconf 86' lang='lat' dir='ltr'><strong>rectius</strong></span> <span class='ocrx_word' id='word_1_670' title='bbox 3071 4399 3286 4467; x_wconf 87' lang='lat' dir='ltr'><strong>loquar,</strong></span> <span class='ocrx_word' id='word_1_671' title='bbox 3336 4398 3486 4452; x_wconf 90' lang='lat' dir='ltr'><strong>omni</strong></span> <span class='ocrx_word' id='word_1_672' title='bbox 3539 4414 3667 4469; x_wconf 84' lang='lat' dir='ltr'><strong>per-</strong></span> 
     </span>
    </p>
   </div>
   <div class='ocr_carea' id='block_1_88' title="bbox 2059 4488 3662 4561">
    <p class='ocr_par' dir='ltr' id='par_1_88' title="bbox 2059 4488 3662 4561">
     <span class='ocr_line' id='line_1_88' title="bbox 2059 4488 3662 4561; baseline -0.006 -9"><span class='ocrx_word' id='word_1_673' title='bbox 2059 4497 2295 4552; x_wconf 80' lang='lat' dir='ltr'><strong>fectione</strong></span> <span class='ocrx_word' id='word_1_674' title='bbox 2320 4493 2496 4561; x_wconf 83' lang='lat' dir='ltr'><strong>major</strong></span> <span class='ocrx_word' id='word_1_675' title='bbox 2524 4501 2626 4555; x_wconf 88' lang='lat' dir='ltr'><strong>est,</strong></span> <span class='ocrx_word' id='word_1_676' title='bbox 2654 4492 2700 4544; x_wconf 88' lang='lat' dir='ltr'><strong>is</strong></span> <span class='ocrx_word' id='word_1_677' title='bbox 2723 4492 2982 4548; x_wconf 75' lang='lat' dir='ltr'><strong>omnibus</strong></span> <span class='ocrx_word' id='word_1_678' title='bbox 3010 4488 3189 4542; x_wconf 86' lang='lat' dir='ltr'><strong>modis</strong></span> <span class='ocrx_word' id='word_1_679' title='bbox 3217 4497 3662 4542; x_wconf 85' lang='lat' dir='ltr'><strong>consummatum</strong></span> 
     </span>
    </p>
   </div>
   <div class='ocr_carea' id='block_1_89' title="bbox 2061 4579 3662 4658">
    <p class='ocr_par' dir='ltr' id='par_1_89' title="bbox 2061 4579 3662 4658">
     <span class='ocr_line' id='line_1_89' title="bbox 2061 4579 3662 4658; baseline -0.006 -18"><span class='ocrx_word' id='word_1_680' title='bbox 2061 4588 2274 4658; x_wconf 88' lang='lat' dir='ltr'><strong>gignit;</strong></span> <span class='ocrx_word' id='word_1_681' title='bbox 2318 4595 2379 4639; x_wconf 92' lang='lat' dir='ltr'><strong>ut</strong></span> <span class='ocrx_word' id='word_1_682' title='bbox 2411 4583 2699 4654; x_wconf 67' lang='lat' dir='ltr'><strong>generatio</strong></span> <span class='ocrx_word' id='word_1_683' title='bbox 2755 4582 2844 4635; x_wconf 85' lang='lat' dir='ltr'><strong>illa</strong></span> <span class='ocrx_word' id='word_1_684' title='bbox 2879 4581 3078 4634; x_wconf 80' lang='lat' dir='ltr'><strong>divime</strong></span> <span class='ocrx_word' id='word_1_685' title='bbox 3109 4579 3385 4648; x_wconf 88' lang='lat' dir='ltr'><strong>majestati</strong></span> <span class='ocrx_word' id='word_1_686' title='bbox 3418 4583 3489 4633; x_wconf 89' lang='lat' dir='ltr'><strong>sit</strong></span> <span class='ocrx_word' id='word_1_687' title='bbox 3525 4595 3662 4634; x_wconf 88' lang='lat' dir='ltr'><strong>con-</strong></span> 
     </span>
    </p>
   </div>
   <div class='ocr_carea' id='block_1_90' title="bbox 356 4671 1949 4754">
    <p class='ocr_par' dir='ltr' id='par_1_90' title="bbox 356 4671 1949 4754">
     <span class='ocr_line' id='line_1_90' title="bbox 356 4671 1949 4754; baseline 0.003 -25"><span class='ocrx_word' id='word_1_688' title='bbox 356 4676 499 4729; x_wconf 74' lang='grc' dir='ltr'>Θεοῦ</span> <span class='ocrx_word' id='word_1_689' title='bbox 523 4691 539 4704; x_wconf 78' lang='grc'><strong><em>⁸</em></strong></span> <span class='ocrx_word' id='word_1_690' title='bbox 574 4675 710 4748; x_wconf 86' lang='grc' dir='ltr'>μηδ’</span> <span class='ocrx_word' id='word_1_691' title='bbox 738 4677 832 4745; x_wconf 81' lang='grc' dir='ltr'><strong>ἀφ’</strong></span> <span class='ocrx_word' id='word_1_692' title='bbox 863 4671 939 4730; x_wconf 82' lang='grc' dir='ltr'>ὧν</span> <span class='ocrx_word' id='word_1_693' title='bbox 993 4678 1366 4750; x_wconf 75' lang='grc' dir='ltr'>ὑπέρ-πλοῦτος</span> <span class='ocrx_word' id='word_1_694' title='bbox 1415 4688 1435 4717; x_wconf 75' lang='grc' dir='ltr'><em>τ</em></span> <span class='ocrx_word' id='word_1_695' title='bbox 1466 4680 1496 4732; x_wconf 82' lang='grc' dir='ltr'><strong>ὁ</strong></span> <span class='ocrx_word' id='word_1_696' title='bbox 1515 4681 1772 4752; x_wconf 76' lang='grc' dir='ltr'>τιμηθεὶς</span> <span class='ocrx_word' id='word_1_697' title='bbox 1797 4682 1949 4754; x_wconf 78' lang='grc' dir='ltr'><strong>ἐχρη-</strong></span> 
     </span>
    </p>
   </div>
   <div class='ocr_carea' id='block_1_91' title="bbox 2055 4671 3665 4754">
    <p class='ocr_par' dir='ltr' id='par_1_91' title="bbox 2067 4672 3665 4744">
     <span class='ocr_line' id='line_1_91' title="bbox 2067 4672 3665 4744; baseline -0.008 -7"><span class='ocrx_word' id='word_1_698' title='bbox 2067 4690 2514 4744; x_wconf 81' lang='lat' dir='ltr'><strong>sentanea,-non</strong></span> <span class='ocrx_word' id='word_1_699' title='bbox 2563 4691 2592 4728; x_wconf 89' lang='lat' dir='ltr'><strong>a</strong></span> <span class='ocrx_word' id='word_1_700' title='bbox 2641 4681 2835 4727; x_wconf 84' lang='lat' dir='ltr'><strong>natura</strong></span> <span class='ocrx_word' id='word_1_701' title='bbox 2890 4674 3041 4727; x_wconf 87' lang='lat' dir='ltr'><strong>illius</strong></span> <span class='ocrx_word' id='word_1_702' title='bbox 3099 4673 3297 4725; x_wconf 85' lang='lat' dir='ltr'><strong>aliena.</strong></span> <span class='ocrx_word' id='word_1_703' title='bbox 3338 4672 3477 4736; x_wconf 81' lang='lat' dir='ltr'><strong>Quia</strong></span> <span class='ocrx_word' id='word_1_704' title='bbox 3533 4687 3665 4725; x_wconf 82' lang='lat' dir='ltr'><strong>vero</strong></span> 
     </span>
    </p>
   </div>
   <div class='ocr_carea' id='block_1_92' title="bbox 360 4767 1952 4844">
    <p class='ocr_par' dir='ltr' id='par_1_92' title="bbox 360 4767 1952 4844">
     <span class='ocr_line' id='line_1_92' title="bbox 360 4767 1952 4844; baseline 0.004 -22"><span class='ocrx_word' id='word_1_705' title='bbox 360 4767 586 4840; x_wconf 80' lang='grc' dir='ltr'>μάτιζεν</span> <span class='ocrx_word' id='word_1_706' title='bbox 604 4784 618 4798; x_wconf 87' lang='grc'><strong>·</strong></span> <span class='ocrx_word' id='word_1_707' title='bbox 648 4768 764 4823; x_wconf 82' lang='grc' dir='ltr'>ἀλλ’</span> <span class='ocrx_word' id='word_1_708' title='bbox 784 4769 910 4822; x_wconf 73' lang='grc' dir='ltr'>ἐπεὶ</span> <span class='ocrx_word' id='word_1_709' title='bbox 930 4771 1126 4840; x_wconf 77' lang='grc' dir='ltr'>ῥοπαῖς</span> <span class='ocrx_word' id='word_1_710' title='bbox 1144 4772 1376 4836; x_wconf 85' lang='grc' dir='ltr'>οἰκείαις</span> <span class='ocrx_word' id='word_1_711' title='bbox 1400 4771 1618 4844; x_wconf 82' lang='grc' dir='ltr'>θανάτῳ</span> <span class='ocrx_word' id='word_1_712' title='bbox 1637 4773 1952 4839; x_wconf 72' lang='grc' dir='ltr'>δεδούλωτο,</span> 
     </span>
    </p>
   </div>
   <div class='ocr_carea' id='block_1_93' title="bbox 357 4859 1956 4936">
    <p class='ocr_par' dir='ltr' id='par_1_93' title="bbox 357 4859 1956 4936">
     <span class='ocr_line' id='line_1_93' title="bbox 357 4859 1956 4936; baseline 0.003 -22"><span class='ocrx_word' id='word_1_713' title='bbox 357 4860 454 4914; x_wconf 80' lang='grc' dir='ltr'>καὶ</span> <span class='ocrx_word' id='word_1_714' title='bbox 501 4861 708 4932; x_wconf 81' lang='grc' dir='ltr'>ἄπορον</span> <span class='ocrx_word' id='word_1_715' title='bbox 765 4863 798 4931; x_wconf 81' lang='grc' dir='ltr'><strong>ἡ</strong></span> <span class='ocrx_word' id='word_1_716' title='bbox 851 4862 1120 4933; x_wconf 84' lang='grc' dir='ltr'>λύτρωσις</span> <span class='ocrx_word' id='word_1_717' title='bbox 1152 4859 1244 4936; x_wconf 81' lang='grc' dir='ltr'>ἦν,</span> <span class='ocrx_word' id='word_1_718' title='bbox 1281 4861 1422 4918; x_wconf 79' lang='grc' dir='ltr'>εἶναι</span> <span class='ocrx_word' id='word_1_719' title='bbox 1450 4867 1546 4918; x_wconf 69' lang='grc' dir='ltr'>καὶ</span> <span class='ocrx_word' id='word_1_720' title='bbox 1595 4865 1753 4918; x_wconf 85' lang='grc' dir='ltr'>τοῦτο</span> <span class='ocrx_word' id='word_1_721' title='bbox 1781 4865 1956 4936; x_wconf 83' lang='grc' dir='ltr'>δῶρον</span> 
     </span>
    </p>
   </div>
   <div class='ocr_carea' id='block_1_94' title="bbox 357 4952 1958 5028">
    <p class='ocr_par' dir='ltr' id='par_1_94' title="bbox 357 4952 1958 5028">
     <span class='ocr_line' id='line_1_94' title="bbox 357 4952 1958 5028; baseline 0.003 -23"><span class='ocrx_word' id='word_1_722' title='bbox 357 4952 464 5023; x_wconf 80' lang='grc' dir='ltr'>τῆς</span> <span class='ocrx_word' id='word_1_723' title='bbox 517 4954 728 5022; x_wconf 76' lang='grc' dir='ltr'>ἐκεῖθεν</span> <span class='ocrx_word' id='word_1_724' title='bbox 776 4955 1133 5025; x_wconf 79' lang='grc' dir='ltr'>ἀγαθότητος.</span> <span class='ocrx_word' id='word_1_725' title='bbox 1175 4957 1460 5010; x_wconf 77' lang='grc' dir='ltr'>Ἐϐούλετο</span> <span class='ocrx_word' id='word_1_726' title='bbox 1485 4957 1530 5009; x_wconf 85' lang='grc' dir='ltr'>δ’</span> <span class='ocrx_word' id='word_1_727' title='bbox 1554 4956 1664 5027; x_wconf 82' lang='grc' dir='ltr'>ἄρα</span> <span class='ocrx_word' id='word_1_728' title='bbox 1712 4957 1958 5028; x_wconf 67' lang='grc' dir='ltr'>ὐπερόαο</span> 
     </span>
    </p>
   </div>
   <div class='ocr_carea' id='block_1_95' title="bbox 355 5045 1957 5119">
    <p class='ocr_par' dir='ltr' id='par_1_95' title="bbox 355 5045 1957 5119">
     <span class='ocr_line' id='line_1_95' title="bbox 355 5045 1957 5119; baseline 0.001 -19"><span class='ocrx_word' id='word_1_729' title='bbox 355 5046 550 5100; x_wconf 84' lang='grc' dir='ltr'>λέσθαι</span> <span class='ocrx_word' id='word_1_730' title='bbox 601 5045 764 5110; x_wconf 78' lang='grc' dir='ltr'>αὐτὸς</span> <span class='ocrx_word' id='word_1_731' title='bbox 813 5047 1008 5101; x_wconf 73' lang='grc' dir='ltr'>ἑαυτὸν</span> <span class='ocrx_word' id='word_1_732' title='bbox 1054 5047 1467 5119; x_wconf 80' lang='grc' dir='ltr'>φιλανθρωπίας</span> <span class='ocrx_word' id='word_1_733' title='bbox 1517 5047 1824 5118; x_wconf 76' lang='grc' dir='ltr'>ὑπερϐολῇ·</span> <span class='ocrx_word' id='word_1_734' title='bbox 1867 5049 1957 5102; x_wconf 74' lang='grc' dir='ltr'>διὰ</span> 
     </span>
    </p>
   </div>
   <div class='ocr_carea' id='block_1_96' title="bbox 359 5137 1954 5211">
    <p class='ocr_par' dir='ltr' id='par_1_96' title="bbox 359 5137 1954 5211">
     <span class='ocr_line' id='line_1_96' title="bbox 359 5137 1954 5211; baseline 0.001 -20"><span class='ocrx_word' id='word_1_735' title='bbox 359 5137 520 5192; x_wconf 88' lang='grc' dir='ltr'>τοῦτο</span> <span class='ocrx_word' id='word_1_736' title='bbox 566 5138 800 5203; x_wconf 79' lang='grc' dir='ltr'>εὐδοκεῖ,</span> <span class='ocrx_word' id='word_1_737' title='bbox 836 5139 1018 5193; x_wconf 87' lang='grc' dir='ltr'>πόνων</span> <span class='ocrx_word' id='word_1_738' title='bbox 1065 5138 1284 5192; x_wconf 79' lang='grc' dir='ltr'>οἰκείων</span> <span class='ocrx_word' id='word_1_739' title='bbox 1333 5141 1396 5193; x_wconf 84' lang='grc' dir='ltr'>οὐ</span> <span class='ocrx_word' id='word_1_740' title='bbox 1437 5142 1608 5211; x_wconf 70' lang='grc' dir='ltr'>χωρὶς</span> <span class='ocrx_word' id='word_1_741' title='bbox 1636 5140 1821 5194; x_wconf 86' lang='grc' dir='ltr'>δοῦναι</span> <span class='ocrx_word' id='word_1_742' title='bbox 1851 5143 1954 5210; x_wconf 82' lang='grc' dir='ltr'>τὴν</span> 
     </span>
    </p>
   </div>
   <div class='ocr_carea' id='block_1_97' title="bbox 361 5226 1960 5303">
    <p class='ocr_par' dir='ltr' id='par_1_97' title="bbox 361 5226 1960 5303">
     <span class='ocr_line' id='line_1_97' title="bbox 361 5226 1960 5303; baseline 0.003 -22"><span class='ocrx_word' id='word_1_743' title='bbox 361 5227 699 5303; x_wconf 80' lang='grc' dir='ltr'>ἐλευθερίαν.</span> <span class='ocrx_word' id='word_1_744' title='bbox 733 5226 840 5284; x_wconf 87' lang='grc' dir='ltr'>Ἦν</span> <span class='ocrx_word' id='word_1_745' title='bbox 868 5231 925 5282; x_wconf 86' lang='grc' dir='ltr'>δὲ</span> <span class='ocrx_word' id='word_1_746' title='bbox 959 5230 1119 5284; x_wconf 90' lang='grc' dir='ltr'>τοῦτο</span> <span class='ocrx_word' id='word_1_747' title='bbox 1149 5231 1465 5302; x_wconf 81' lang='grc' dir='ltr'>βουληθέντι</span> <span class='ocrx_word' id='word_1_748' title='bbox 1493 5232 1711 5303; x_wconf 78' lang='grc' dir='ltr'>ἕτοιμον</span> <span class='ocrx_word' id='word_1_749' title='bbox 1731 5249 1746 5266; x_wconf 86' lang='grc'><strong>·</strong></span> <span class='ocrx_word' id='word_1_750' title='bbox 1779 5231 1960 5286; x_wconf 81' lang='grc' dir='ltr'>πάντα</span> 
     </span>
    </p>
   </div>
   <div class='ocr_carea' id='block_1_98' title="bbox 362 5320 1962 5392">
    <p class='ocr_par' dir='ltr' id='par_1_98' title="bbox 362 5320 1962 5392">
     <span class='ocr_line' id='line_1_98' title="bbox 362 5320 1962 5392; baseline 0.002 -18"><span class='ocrx_word' id='word_1_751' title='bbox 362 5320 477 5390; x_wconf 82' lang='grc' dir='ltr'>γὰρ</span> <span class='ocrx_word' id='word_1_752' title='bbox 505 5323 642 5374; x_wconf 82' lang='grc' dir='ltr'>εἴκει</span> <span class='ocrx_word' id='word_1_753' title='bbox 667 5321 788 5391; x_wconf 83' lang='grc' dir='ltr'><strong>Θεῷ</strong></span> <span class='ocrx_word' id='word_1_754' title='bbox 806 5338 820 5352; x_wconf 75' lang='grc' dir='ltr'><strong>ο</strong></span> <span class='ocrx_word' id='word_1_755' title='bbox 849 5322 966 5374; x_wconf 76' lang='grc' dir='ltr'>ἀλλ’</span> <span class='ocrx_word' id='word_1_756' title='bbox 992 5323 1051 5374; x_wconf 80' lang='grc' dir='ltr'>ἐν</span> <span class='ocrx_word' id='word_1_757' title='bbox 1077 5321 1154 5392; x_wconf 80' lang='grc' dir='ltr'>τῷ</span> <span class='ocrx_word' id='word_1_758' title='bbox 1178 5325 1507 5392; x_wconf 78' lang='grc' dir='ltr'>κοινωνῆσαι</span> <span class='ocrx_word' id='word_1_759' title='bbox 1537 5325 1636 5392; x_wconf 82' lang='grc' dir='ltr'>μὲν</span> <span class='ocrx_word' id='word_1_760' title='bbox 1658 5327 1772 5386; x_wconf 83' lang='grc' dir='ltr'>τοῖς</span> <span class='ocrx_word' id='word_1_761' title='bbox 1791 5340 1962 5377; x_wconf 84' lang='grc' dir='ltr'>κατα-</span> 
     </span>
    </p>
   </div>
   <div class='ocr_carea' id='block_1_99' title="bbox 359 5411 1962 5487">
    <p class='ocr_par' dir='ltr' id='par_1_99' title="bbox 359 5411 1962 5487">
     <span class='ocr_line' id='line_1_99' title="bbox 359 5411 1962 5487; baseline 0.002 -21"><span class='ocrx_word' id='word_1_762' title='bbox 359 5411 542 5476; x_wconf 84' lang='grc' dir='ltr'>δίκοις</span> <span class='ocrx_word' id='word_1_763' title='bbox 574 5413 672 5483; x_wconf 82' lang='grc' dir='ltr'>τῆς</span> <span class='ocrx_word' id='word_1_764' title='bbox 699 5415 1171 5485; x_wconf 80' lang='grc' dir='ltr'>συναναστροφῆς,</span> <span class='ocrx_word' id='word_1_765' title='bbox 1206 5413 1351 5468; x_wconf 77' lang='grc' dir='ltr'>οὕτω</span> <span class='ocrx_word' id='word_1_766' title='bbox 1387 5415 1444 5468; x_wconf 79' lang='grc' dir='ltr'>δὲ</span> <span class='ocrx_word' id='word_1_767' title='bbox 1487 5419 1685 5487; x_wconf 83' lang='grc' dir='ltr'>πεῖραν</span> <span class='ocrx_word' id='word_1_768' title='bbox 1707 5417 1807 5485; x_wconf 75' lang='grc' dir='ltr'>τῆς</span> <span class='ocrx_word' id='word_1_769' title='bbox 1862 5434 1962 5469; x_wconf 76' lang='grc' dir='ltr'>καο</span> 
     </span>
    </p>
   </div>
   <div class='ocr_carea' id='block_1_100' title="bbox 444 5588 1652 5660">
    <p class='ocr_par' dir='ltr' id='par_1_100' title="bbox 444 5588 1652 5660">
     <span class='ocr_line' id='line_1_100' title="bbox 444 5588 1652 5660; baseline 0.005 -16"><span class='ocrx_word' id='word_1_770' title='bbox 444 5589 493 5626; x_wconf 78' lang='grc'><strong>⁷⁸</strong></span> <span class='ocrx_word' id='word_1_771' title='bbox 537 5588 781 5660; x_wconf 86' lang='lat' dir='ltr'><strong>Philipp.</strong></span> <span class='ocrx_word' id='word_1_772' title='bbox 833 5604 898 5654; x_wconf 84' lang='grc' dir='ltr'><strong>ιι,</strong></span> <span class='ocrx_word' id='word_1_773' title='bbox 957 5589 1012 5644; x_wconf 88' lang='lat'><strong>6.</strong></span> <span class='ocrx_word' id='word_1_774' title='bbox 1093 5590 1138 5622; x_wconf 82' lang='lat'>&quot;</span> <span class='ocrx_word' id='word_1_775' title='bbox 1180 5589 1391 5648; x_wconf 77' lang='lat' dir='ltr'><strong>thes.</strong></span> <span class='ocrx_word' id='word_1_776' title='bbox 1429 5609 1514 5658; x_wconf 78' lang='grc' dir='ltr'>ιιι,</span> <span class='ocrx_word' id='word_1_777' title='bbox 1561 5593 1652 5650; x_wconf 72' lang='grc'><strong>15.</strong></span> 
     </span>
    </p>
   </div>
   <div class='ocr_carea' id='block_1_101' title="bbox 2068 4761 3667 4831">
    <p class='ocr_par' dir='ltr' id='par_1_101' title="bbox 2068 4761 3667 4831">
     <span class='ocr_line' id='line_1_101' title="bbox 2068 4761 3667 4831; baseline -0.007 -5"><span class='ocrx_word' id='word_1_778' title='bbox 2068 4771 2245 4826; x_wconf 68' lang='lat' dir='ltr'><strong>btet-es</strong></span> <span class='ocrx_word' id='word_1_779' title='bbox 2287 4768 2564 4823; x_wconf 79' lang='lat' dir='ltr'><strong>exsistens</strong></span> <span class='ocrx_word' id='word_1_780' title='bbox 2616 4766 2864 4820; x_wconf 88' lang='lat' dir='ltr'><strong>omnium</strong></span> <span class='ocrx_word' id='word_1_781' title='bbox 2921 4761 3099 4817; x_wconf 82' lang='lat' dir='ltr'><strong>Patris</strong></span> <span class='ocrx_word' id='word_1_782' title='bbox 3169 4762 3440 4814; x_wconf 85' lang='lat' dir='ltr'><strong>bonorum</strong></span> <span class='ocrx_word' id='word_1_783' title='bbox 3499 4771 3667 4831; x_wconf 80' lang='lat' dir='ltr'><strong>atque</strong></span> 
     </span>
    </p>
   </div>
   <div class='ocr_carea' id='block_1_102' title="bbox 2067 4854 3663 4925">
    <p class='ocr_par' dir='ltr' id='par_1_102' title="bbox 2067 4854 3663 4925">
     <span class='ocr_line' id='line_1_102' title="bbox 2067 4854 3663 4925; baseline -0.006 -8"><span class='ocrx_word' id='word_1_784' title='bbox 2067 4863 2365 4925; x_wconf 89' lang='lat' dir='ltr'><strong>donorum,</strong></span> <span class='ocrx_word' id='word_1_785' title='bbox 2399 4862 2578 4914; x_wconf 84' lang='lat' dir='ltr'><strong>bonus</strong></span> <span class='ocrx_word' id='word_1_786' title='bbox 2606 4874 2673 4912; x_wconf 75' lang='lat' dir='ltr'><strong>ex</strong></span> <span class='ocrx_word' id='word_1_787' title='bbox 2721 4859 2868 4911; x_wconf 88' lang='lat' dir='ltr'><strong>bono</strong></span> <span class='ocrx_word' id='word_1_788' title='bbox 2914 4864 3053 4921; x_wconf 84' lang='lat' dir='ltr'><strong>erat,</strong></span> <span class='ocrx_word' id='word_1_789' title='bbox 3117 4854 3457 4923; x_wconf 87' lang='lat' dir='ltr'><strong>decebatque</strong></span> <span class='ocrx_word' id='word_1_790' title='bbox 3491 4864 3552 4909; x_wconf 86' lang='lat' dir='ltr'><strong>ut</strong></span> <span class='ocrx_word' id='word_1_791' title='bbox 3578 4856 3663 4909; x_wconf 85' lang='lat' dir='ltr'><strong>di-</strong></span> 
     </span>
    </p>
   </div>
   <div class='ocr_carea' id='block_1_103' title="bbox 2069 4946 3662 5018">
    <p class='ocr_par' dir='ltr' id='par_1_103' title="bbox 2069 4946 3662 5018">
     <span class='ocr_line' id='line_1_103' title="bbox 2069 4946 3662 5018; baseline -0.006 -10"><span class='ocrx_word' id='word_1_792' title='bbox 2069 4958 2217 5009; x_wconf 71' lang='lat' dir='ltr'><strong>vitia:</strong></span> <span class='ocrx_word' id='word_1_793' title='bbox 2263 4955 2527 5008; x_wconf 79' lang='lat' dir='ltr'><strong>bonitatis</strong></span> <span class='ocrx_word' id='word_1_794' title='bbox 2567 4968 2679 5006; x_wconf 88' lang='lat' dir='ltr'><strong>non</strong></span> <span class='ocrx_word' id='word_1_795' title='bbox 2721 4952 2899 5006; x_wconf 90' lang='lat' dir='ltr'><strong>solum</strong></span> <span class='ocrx_word' id='word_1_796' title='bbox 2948 4949 3002 5002; x_wconf 89' lang='lat' dir='ltr'><strong>in</strong></span> <span class='ocrx_word' id='word_1_797' title='bbox 3032 4965 3098 5003; x_wconf 80' lang='lat' dir='ltr'><strong>eo</strong></span> <span class='ocrx_word' id='word_1_798' title='bbox 3127 4954 3481 5017; x_wconf 84' lang='lat' dir='ltr'><strong>apparerent,</strong></span> <span class='ocrx_word' id='word_1_799' title='bbox 3513 4946 3662 5018; x_wconf 88' lang='lat' dir='ltr'><strong>quod</strong></span> 
     </span>
    </p>
   </div>
   <div class='ocr_carea' id='block_1_104' title="bbox 2070 5037 3665 5116">
    <p class='ocr_par' dir='ltr' id='par_1_104' title="bbox 2070 5037 3665 5116">
     <span class='ocr_line' id='line_1_104' title="bbox 2070 5037 3665 5116; baseline -0.004 -19"><span class='ocrx_word' id='word_1_800' title='bbox 2070 5048 2352 5116; x_wconf 86' lang='lat' dir='ltr'><strong>pulverem</strong></span> <span class='ocrx_word' id='word_1_801' title='bbox 2395 5044 2462 5096; x_wconf 82' lang='lat' dir='ltr'><strong>ad</strong></span> <span class='ocrx_word' id='word_1_802' title='bbox 2502 5042 2594 5096; x_wconf 89' lang='lat' dir='ltr'><strong>Dei</strong></span> <span class='ocrx_word' id='word_1_803' title='bbox 2625 5041 2920 5111; x_wconf 88' lang='lat' dir='ltr'><strong>imaginem</strong></span> <span class='ocrx_word' id='word_1_804' title='bbox 2965 5037 3341 5101; x_wconf 84' lang='lat' dir='ltr'><strong>condidisset;</strong></span> <span class='ocrx_word' id='word_1_805' title='bbox 3379 5051 3444 5090; x_wconf 90' lang='lat' dir='ltr'><strong>ac</strong></span> <span class='ocrx_word' id='word_1_806' title='bbox 3486 5051 3665 5106; x_wconf 86' lang='lat' dir='ltr'><strong>neque</strong></span> 
     </span>
    </p>
   </div>
   <div class='ocr_carea' id='block_1_105' title="bbox 2074 5133 3671 5210">
    <p class='ocr_par' dir='ltr' id='par_1_105' title="bbox 2074 5133 3671 5210">
     <span class='ocr_line' id='line_1_105' title="bbox 2074 5133 3671 5210; baseline -0.004 -17"><span class='ocrx_word' id='word_1_807' title='bbox 2074 5152 2130 5194; x_wconf 85' lang='lat' dir='ltr'><strong>ut</strong></span> <span class='ocrx_word' id='word_1_808' title='bbox 2181 5140 2298 5210; x_wconf 87' lang='lat' dir='ltr'><strong>ipse</strong></span> <span class='ocrx_word' id='word_1_809' title='bbox 2355 5139 2619 5193; x_wconf 89' lang='lat' dir='ltr'><strong>honorem</strong></span> <span class='ocrx_word' id='word_1_810' title='bbox 2674 5136 2906 5199; x_wconf 83' lang='lat' dir='ltr'><strong>habens,</strong></span> <span class='ocrx_word' id='word_1_811' title='bbox 2966 5133 3423 5205; x_wconf 80' lang='lat' dir='ltr'><strong>opulentissimus</strong></span> <span class='ocrx_word' id='word_1_812' title='bbox 3465 5139 3613 5187; x_wconf 86' lang='lat' dir='ltr'><strong>esset</strong></span> <span class='ocrx_word' id='word_1_813' title='bbox 3645 5149 3671 5186; x_wconf 64' lang='grc' dir='ltr'><strong>ε</strong></span> 
     </span>
    </p>
   </div>
   <div class='ocr_carea' id='block_1_106' title="bbox 2072 5228 3663 5300">
    <p class='ocr_par' dir='ltr' id='par_1_106' title="bbox 2072 5228 3663 5300">
     <span class='ocr_line' id='line_1_106' title="bbox 2072 5228 3663 5300; baseline -0.007 -15"><span class='ocrx_word' id='word_1_814' title='bbox 2072 5232 2273 5300; x_wconf 88' lang='lat' dir='ltr'><strong>adjecit</strong></span> <span class='ocrx_word' id='word_1_815' title='bbox 2303 5239 2355 5284; x_wconf 87' lang='lat' dir='ltr'><strong>et</strong></span> <span class='ocrx_word' id='word_1_816' title='bbox 2379 5230 2483 5284; x_wconf 89' lang='lat' dir='ltr'><strong>hoc</strong></span> <span class='ocrx_word' id='word_1_817' title='bbox 2511 5229 2775 5283; x_wconf 85' lang='lat' dir='ltr'><strong>bonitatis</strong></span> <span class='ocrx_word' id='word_1_818' title='bbox 2801 5244 2914 5282; x_wconf 71' lang='lat' dir='ltr'><strong>suae</strong></span> <span class='ocrx_word' id='word_1_819' title='bbox 2943 5242 3146 5281; x_wconf 87' lang='lat' dir='ltr'><strong>munus</strong></span> <span class='ocrx_word' id='word_1_820' title='bbox 3179 5231 3234 5279; x_wconf 90' lang='lat' dir='ltr'><strong>et</strong></span> <span class='ocrx_word' id='word_1_821' title='bbox 3256 5228 3663 5294; x_wconf 88' lang='lat' dir='ltr'><strong>argumentum.</strong></span> 
     </span>
    </p>
   </div>
   <div class='ocr_carea' id='block_1_107' title="bbox 2072 5313 3668 5392">
    <p class='ocr_par' dir='ltr' id='par_1_107' title="bbox 2072 5313 3668 5392">
     <span class='ocr_line' id='line_1_107' title="bbox 2072 5313 3668 5392; baseline -0.007 -16"><span class='ocrx_word' id='word_1_822' title='bbox 2072 5335 2155 5388; x_wconf 91' lang='lat' dir='ltr'><strong>u:,</strong></span> <span class='ocrx_word' id='word_1_823' title='bbox 2204 5333 2496 5392; x_wconf 87' lang='lat' dir='ltr'><strong>postquam</strong></span> <span class='ocrx_word' id='word_1_824' title='bbox 2533 5321 2700 5374; x_wconf 90' lang='lat' dir='ltr'><strong>homo</strong></span> <span class='ocrx_word' id='word_1_825' title='bbox 2744 5319 2966 5390; x_wconf 85' lang='lat' dir='ltr'><strong>propria</strong></span> <span class='ocrx_word' id='word_1_826' title='bbox 3017 5315 3379 5371; x_wconf 86' lang='lat' dir='ltr'><strong>inclinatione</strong></span> <span class='ocrx_word' id='word_1_827' title='bbox 3411 5321 3466 5368; x_wconf 88' lang='lat' dir='ltr'><strong>et</strong></span> <span class='ocrx_word' id='word_1_828' title='bbox 3505 5313 3668 5372; x_wconf 77' lang='lat' dir='ltr'><strong>ruins</strong></span> 
     </span>
    </p>
   </div>
   <div class='ocr_carea' id='block_1_108' title="bbox 2071 5405 3668 5482">
    <p class='ocr_par' dir='ltr' id='par_1_108' title="bbox 2071 5405 3668 5482">
     <span class='ocr_line' id='line_1_108' title="bbox 2071 5405 3668 5482; baseline -0.002 -13"><span class='ocrx_word' id='word_1_829' title='bbox 2071 5416 2126 5469; x_wconf 85' lang='lat' dir='ltr'><strong>iu</strong></span> <span class='ocrx_word' id='word_1_830' title='bbox 2169 5416 2494 5468; x_wconf 78' lang='lat' dir='ltr'><strong>servitutem</strong></span> <span class='ocrx_word' id='word_1_831' title='bbox 2546 5413 2742 5468; x_wconf 85' lang='lat' dir='ltr'><strong>mortis</strong></span> <span class='ocrx_word' id='word_1_832' title='bbox 2789 5411 3083 5478; x_wconf 84' lang='lat' dir='ltr'><strong>inciderat,</strong></span> <span class='ocrx_word' id='word_1_833' title='bbox 3134 5424 3313 5482; x_wconf 83' lang='lat' dir='ltr'><strong>neque</strong></span> <span class='ocrx_word' id='word_1_834' title='bbox 3368 5405 3510 5464; x_wconf 80' lang='lat' dir='ltr'><strong>ratio</strong></span> <span class='ocrx_word' id='word_1_835' title='bbox 3557 5405 3668 5466; x_wconf 72' lang='lat' dir='ltr'><strong>ulla</strong></span> 
     </span>
    </p>
   </div>
   <div class='ocr_carea' id='block_1_109' title="bbox 1685 5683 2392 5744">
    <p class='ocr_par' dir='ltr' id='par_1_109' title="bbox 1685 5683 2392 5744">
     <span class='ocr_line' id='line_1_109' title="bbox 1685 5683 2392 5744; baseline 0 -2"><span class='ocrx_word' id='word_1_836' title='bbox 1685 5686 1924 5743; x_wconf 65' lang='lat' dir='ltr'><strong>VARIE</strong></span> <span class='ocrx_word' id='word_1_837' title='bbox 1983 5683 2392 5744; x_wconf 73' lang='lat' dir='ltr'><strong>LECTIONES.</strong></span> 
     </span>
    </p>
   </div>
   <div class='ocr_carea' id='block_1_110' title="bbox 454 5778 916 5852">
    <p class='ocr_par' dir='ltr' id='par_1_110' title="bbox 454 5778 916 5852">
     <span class='ocr_line' id='line_1_110' title="bbox 454 5778 916 5852; baseline 0.006 -20"><span class='ocrx_word' id='word_1_838' title='bbox 454 5782 588 5837; x_wconf 71' lang='lat' dir='ltr'><strong>aed.</strong></span> <span class='ocrx_word' id='word_1_839' title='bbox 623 5778 916 5852; x_wconf 71' lang='grc' dir='ltr'>ἐγνῶσθαι.</span> 
     </span>
    </p>
   </div>
   <div class='ocr_carea' id='block_1_111' title="bbox 1027 5764 2094 5857">
    <p class='ocr_par' dir='ltr' id='par_1_111' title="bbox 1027 5764 2094 5857">
     <span class='ocr_line' id='line_1_111' title="bbox 1027 5764 2094 5857; baseline 0.007 -25"><span class='ocrx_word' id='word_1_840' title='bbox 1027 5791 1055 5832; x_wconf 75' lang='grc' dir='ltr'><strong>ιι</strong></span> <span class='ocrx_word' id='word_1_841' title='bbox 1083 5779 1170 5837; x_wconf 83' lang='lat' dir='ltr'><strong>ed.</strong></span> <span class='ocrx_word' id='word_1_842' title='bbox 1208 5781 1400 5838; x_wconf 75' lang='grc' dir='ltr'>εἰκόνι.</span> <span class='ocrx_word' id='word_1_843' title='bbox 1488 5791 1510 5821; x_wconf 77' lang='grc'><em>³</em></span> <span class='ocrx_word' id='word_1_844' title='bbox 1541 5799 1633 5854; x_wconf 77' lang='grc' dir='ltr'><strong>γρ.</strong></span> <span class='ocrx_word' id='word_1_845' title='bbox 1666 5764 2094 5857; x_wconf 73' lang='grc' dir='ltr'>ὑπερπλούσιος.</span> 
     </span>
    </p>
   </div>
  </div>
