4086 6298
459 287 561 352 103

1700 279 1976 340 LEONIS
2005 276 2476 339 PHILOSOPHI

3653 267 3754 332 104

451 417 566 472 qua
604 417 664 455 se
708 401 830 454 inde
865 398 1168 468 expediret,
1209 395 1554 467 suppetebat,
1585 410 1712 448 cum
1753 409 1782 448 a
1815 394 2053 448 vinculis

2177 393 2379 454 ιὼσεως
2437 390 2671 443 λαόόντα
2717 387 2964 442 διαλῦσαι
3011 390 3112 462 τὴν
3161 387 3428 444 κάκωσιν.
3499 386 3655 439 Ἐπεὶ
3697 385 3753 437 δὲ

457 490 545 544 his
575 490 906 544 exsolveret.
946 486 1295 556 Quapropter
1326 483 1495 537 nimia
1536 482 1772 552 quadam
1809 481 2050 535 benevo-

426 582 641 635 lentiae
675 578 1019 633 abundantia
1069 579 1190 647 ipse
1225 591 1286 630 se
1336 589 1676 643 exsuperare
1721 574 1918 630 voluit.
1957 573 2048 626 ld-

457 671 612 726 circo
642 671 838 726 statuit
877 670 1152 740 perditum
1184 671 1241 723 in
1271 669 1583 722 libertatem
1622 680 1898 730 asserere,
1935 678 2047 718 non

461 765 581 817 sine
626 761 897 817 molestiis
947 760 1117 833 (quod
1150 761 1357 816 volenti
1399 759 1563 814 facile
1589 768 1737 824 erat;
1775 773 1903 812 nam
1933 772 2055 810 om-

459 856 553 910 nia
586 854 790 911 cedunt
843 840 1016 923 Deo),
1059 853 1156 908 sed
1211 853 1288 907 ita
1342 861 1404 906 ut
1451 851 1894 908 conversationis
1929 866 2053 906 cum

457 947 572 1002 reis
625 947 945 1009 societatem
980 943 1166 1010 iniret,
1222 944 1416 1014 sicque
1452 944 1570 1014 ipse
1602 944 1955 1008 incommoda
1993 956 2057 996 ac

459 1040 716 1096 miserias
766 1045 1053 1109 expertus,
1106 1037 1390 1091 miseriam
1446 1050 1666 1090 omnem
1701 1035 2054 1091 dissolveret.

455 1130 732 1186 Caeterum
766 1143 893 1183 cum
927 1127 983 1181 id
1015 1125 1180 1181 aliter
1213 1124 1465 1196 praestari
1505 1140 1615 1180 non
1650 1135 1858 1196 posset,
1892 1141 2056 1195 quam

462 1230 522 1275 ut
569 1222 642 1283 is,
674 1219 767 1289 qui
818 1233 905 1272 me
941 1218 1198 1283 ﬁnxerat,
1232 1233 1413 1272 meum
1448 1218 1567 1290 ipse
1611 1217 1931 1286 ﬁgmentum
1972 1217 2061 1272 in-

459 1313 682 1380 dueret;
739 1310 1021 1382 peragitur
1071 1310 1220 1380 quod
1269 1318 1448 1365 totum
1481 1311 1829 1380 mysterium,
1863 1310 2057 1365 occul—

2155 485 2314 537 τοῦτο
2338 482 2654 552 πραχθῆναι
2696 481 2873 544 ἄλλως
2901 483 3002 534 οὐκ
3026 477 3094 551 ἦν
3117 481 3150 551 ἦ
3189 479 3500 549 πλασθῆναι
3529 478 3608 549 τῷ
3639 475 3757 547 ἐμῷ

2153 577 2246 631 τὸν
2276 576 2524 644 πλάστην
2555 576 2860 646 φυράματι,
2889 575 3127 628 τελεῖται
3163 574 3226 627 τὸ
3259 574 3370 626 πᾶν
3421 571 3756 642 μυστήριον,

2155 667 2516 737 ἀποκρύπτον
2575 667 2907 736 μυστήριον·
2945 669 3041 720 καὶ
3100 665 3374 734 λαμϐάνει
3427 664 3604 735 ἀρχὴν
3635 663 3756 715 κατ’

2156 761 2260 830 ἐμὲ
2298 764 2326 813 ὁ
2351 758 2427 812 ὢν
2471 762 2530 812 ὲν
2560 763 2703 831 ἀρχῇ
2736 761 2944 828 Λόγος·
2971 758 3065 811 καὶ
3090 760 3119 810 ό
3143 760 3244 827 τῆς
3279 756 3525 826 μεγάλης
3559 754 3760 824 βουλῆς

2155 850 2251 904 τοῦ
2280 849 2493 931 Πατρὸς
2527 849 2794 917 Ἀγγελος
2837 849 2896 902 ὲν
2929 849 3188 918 ἡμετέρῳ
3216 848 3350 900 εῖδει
3375 846 3665 915 ἐπιφοιτᾷ,
3697 843 3760 896 τό

2157 961 2218 997 τε
2275 942 2408 1012 ὕψος
2442 943 2544 1013 τῆς
2573 943 2793 1011 ἀγάπης
2833 942 2903 1011 ἦν
2941 942 3232 1011 ἠγάπησεν
3282 941 3436 1010 ἡμᾶς
3481 941 3510 992 ό
3566 938 3760 1007 Πατὴρ

2158 1037 2226 1091 δι’
2279 1035 2476 1088 ἑαυτοῦ
2525 1035 2830 1103 γνωρίζων,
2864 1034 2957 1087 καὶ
3009 1035 3076 1103 τῇ
3128 1033 3296 1102 σαρκὶ
3347 1030 3530 1093 διδοὺς
3570 1027 3762 1097 olnt-:qu

2159 1127 2492 1197 δικαιώματι
2530 1126 2630 1196 τῆς
2679 1126 2755 1196 τῷ
2795 1125 3014 1193 θανάτῳ
3047 1123 3313 1193 δοκούσης
3343 1122 3572 1190 εὐλόγου
3623 1135 3761 1174 κατε

2162 1219 2298 1290 οχῆς
2331 1218 2726 1272 ἀπολελύσθαι.
2747 1213 2844 1280 Οἷς
2876 1217 2986 1286 γὰρ
3019 1217 3161 1269 κατά
3182 1214 3277 1268 τοῦ
3309 1214 3474 1285 μηδὲν
3506 1216 3762 1285 ἡμαρτηιί

2163 1312 2320 1376 κότος
2349 1311 2566 1380 ἐπήρθη
2599 1309 2697 1382 τὴν
2724 1309 3018 1381 τυραννίδα
3041 1308 3347 1373 ἐπιϐαλεῖν,
3369 1305 3588 1370 τούτοις
3613 1303 3710 1358 καὶ
3733 1304 3766 1357 δ

453 1414 577 1460 tum
631 1417 695 1458 ac
749 1417 1015 1456 arcanum
1065 1402 1390 1471 mysterium
1438 1411 1552 1463 est;
1607 1417 1670 1454 ac
1724 1403 1830 1454 mei
1883 1402 2064 1457 simile

461 1496 701 1564 primum
728 1494 924 1562 incipit
951 1508 1100 1556 esse,
1123 1491 1270 1562 quod
1295 1508 1323 1546 a
1348 1493 1624 1562 principio
1645 1502 1767 1547 erat
1792 1493 2060 1549 Verbum:

2165 1405 2307 1456 κατὰ
2338 1403 2433 1454 τοῦ
2480 1405 2904 1473 ἁμαρτήσαντος
2942 1397 3012 1474 ἦν
3041 1400 3191 1473 αὐτῷ
3227 1400 3482 1454 διόλωλεν
3508 1397 3762 1467 εὔλογον

2166 1497 2260 1548 καὶ
2279 1495 2349 1548 δι’
2372 1494 2489 1555 ἑνὸς
2511 1497 2627 1564 ἀμα
2637 1494 2734 1566 ρτή
2744 1508 2937 1563 ματος,
2959 1493 3104 1546 κατὰ
3118 1493 3181 1545 τὸ
3202 1491 3407 1560 λόγιον,
3434 1494 3537 1561 τὴν
3561 1507 3766 1561 τυραν-

463 1587 758 1656 magnique
804 1585 1025 1640 consilii
1092 1585 1274 1640 Patris
1319 1584 1564 1655 Angelus
1596 1585 1667 1649 '°,
1718 1585 1775 1640 in
1821 1585 2063 1640 humana

2177 1585 2289 1639 νίδα
2319 1586 2668 1656 πηξάμενος,
2704 1584 2773 1638 δι’
2821 1585 2942 1648 ἐνὸς
2992 1584 3325 1638 καταλύεται
3369 1583 3768 1654 δικαιώματος.

462 1679 647 1746 specie
670 1679 823 1732 venit
849 1693 863 1744 ;
901 1676 1112 1732 amoris
1144 1677 1605 1746 magnitudinem,
1637 1694 1748 1748 quo
1774 1693 1879 1734 nos
1900 1680 2065 1734 Pater

2177 1679 2389 1749 Οίηθεὶς
2417 1679 2526 1750 γὰρ
2557 1677 2635 1750 τῷ
2665 1677 2762 1731 τοῦ
2803 1678 3192 1748 ἡμαρτηκότος
3234 1677 3407 1747 Ἀδὰμ
3431 1661 3770 1747 ὁμοιώματι,

461 1769 770 1833 dilexisset,
823 1783 922 1838 per
977 1769 1224 1837 seipsum
1290 1767 1569 1831 ostendit,
1625 1784 1691 1822 ac
1742 1784 1842 1825 sua
1905 1772 2060 1825 carni

2177 1736 2557 1836 rbv'éudp'rlev
2592 1736 2670 1838 μὴ
2711 1736 3338 1839 γνόνταικατασχνήσειν
3369 1736 3570 1836 ζΑδάμ.,
3605 1736 3771 1819 ἔλαθε

457 1857 879 1928 justiﬁeatione,
901 1867 960 1911 ut
990 1873 1021 1911 a
1048 1857 1245 1913 mortis
1264 1857 1640 1912 dominatione
1660 1859 1790 1928 iusti
1822 1861 2060 1928 speciem

2177 1855 2244 1924 τῷ
2269 1857 2574 1930 καθαιρέτῃ
2601 1858 2702 1928 τῆς
2736 1857 3094 1929 πολυχρονίου
3125 1859 3447 1930 τυραννίδος
3490 1846 3769 1928 προσομιδ

462 1948 722 2011 habente,
754 1945 1098 2014 exsolvatur,
1132 1945 1344 1999 tribuit.
1379 1945 1591 2011 Quibus
1615 1947 1764 2001 enim
1795 1949 2064 2004 adversus
2167 1951 2360 2020 λήσας.
2681 1965 2684 1968 ‘

461 2056 612 2104 cum,
650 2039 747 2107 qui
801 2038 939 2092 nihil
989 2037 1197 2108 piaculi
1251 2039 1307 2092 in
1349 2053 1408 2094 se
1462 2049 1768 2109 receperat,
1818 2055 1934 2095 suae
1985 2043 2094 2097 vim
2157 2042 2468 2114 tyrannidis
2525 2045 2806 2115 explicare
2886 2044 3258 2118 praesumpsit,
3308 2059 3376 2098 ns
3431 2041 3622 2108 etiam,
3661 2055 3774 2112 quo

461 2139 734 2194 adversus
763 2145 1048 2207 peccatum
1069 2139 1194 2206 jure
1230 2135 1369 2190 fulta
1394 2144 1536 2203 erat,
1568 2137 1755 2193 amisit
1788 2162 1801 2192 ς
1862 2153 1928 2192 ac
1989 2155 2113 2194 cum
2149 2155 2249 2210 per
2298 2154 2467 2195 unum
2504 2150 2813 2212 peccatum,
2844 2150 2986 2198 teste
3021 2141 3306 2212 Scriptura
3340 2131 3409 2204 εί.
3476 2140 3772 2208 imperium

463 2249 626 2288 suum
673 2232 969 2296 ﬁrmasset,
1016 2232 1158 2287 idem
1220 2248 1319 2301 per
1377 2248 1542 2287 unam
1587 2233 2043 2305 justiticationem
2085 2250 2151 2291 ac
2204 2237 2463 2292 meritum
2510 2242 2922 2309 pessumdatum
2971 2245 3074 2295 est.
3128 2236 3265 2294 Cum
3302 2238 3449 2293 enim
3487 2251 3657 2303 mors,
3705 2239 3772 2292 ad

464 2324 586 2394 ejus
640 2323 860 2377 modum
909 2323 1127 2388 Adami,
1185 2322 1276 2393 qui
1317 2333 1608 2392 peceatum
1647 2324 1969 2400 admiserat.
2019 2341 2146 2382 eum
2189 2343 2252 2384 se
2287 2328 2561 2384 Adamum
2593 2331 2690 2401 qui
2722 2339 3013 2403 peccatum
3055 2329 3399 2393 nescivisset,
3431 2331 3772 2384 retenturam

465 2427 738 2491 speraret,
805 2435 916 2472 non
998 2417 1432 2475 animadvertit-
1481 2435 1599 2475 rem
1648 2419 1755 2476 sibi
1825 2436 1950 2476 cum
2017 2438 2083 2478 eo
2135 2439 2281 2490 esse,
2317 2424 2413 2496 qui
2463 2427 2778 2481 diuturnam
2810 2425 2960 2481 illam
3006 2422 3352 2496 tyrannidem
3402 2422 3776 2494 dissipatur-us

464 2522 632 2570 CSSBL

542 2604 660 2659 Hoc
725 2606 1018 2674 praesentis
1083 2605 1264 2662 nostri
1310 2604 1437 2661 festi
1500 2613 1669 2676 caput
1721 2611 1778 2662 et
1827 2617 2064 2660 summa.

462 2694 638 2761 Deus,
691 2713 801 2751 non
843 2695 1123 2768 suﬁ‘ragiis
1149 2698 1436 2752 hominum
1468 2710 1717 2764 creatus,
1749 2699 1843 2753 sed
1875 2698 2065 2753 divino

468 2791 589 2860 ipse
642 2789 1010 2858 peculiariter
1038 2789 1319 2860 gloriosus
1352 2789 1587 2861 imperio
1629 2801 1796 2860 atque
1839 2792 2061 2856 virtute,

466 2880 852 2937 misericordia
898 2895 1031 2951 erga
1073 2879 1332 2936 homines
1385 2890 1719 2945 commotus,
1765 2881 2062 2934 humanam

468 2980 725 3027 naturam
772 2973 1110 3041 assumpsit,
1155 2987 1222 3027 ac
1278 2987 1500 3026 carnem
1560 2987 1718 3026 suam
1775 2973 1829 3025 in
1886 2979 2064 3025 atram

467 3075 700 3118 mortem
750 3063 996 3128 tradidit,
1048 3071 1106 3118 ut
1153 3078 1255 3118 nos
1304 3064 1740 3118 immortalitatis
1790 3063 1915 3117 luce
1949 3063 2070 3117 col-

466 3155 855 3209 lustraremur.
907 3152 1095 3225 Neque
1125 3157 1271 3210 enim
1306 3154 1422 3209 ﬁeri
1475 3163 1715 3224 poterat,
1765 3163 1825 3208 ut
1858 3154 1928 3208 ab
1953 3156 2076 3224 ipso

472 3256 718 3302 creatum
769 3247 1051 3301 hominem
1082 3249 1137 3300 in
1168 3247 1584 3302 calamitatibus
1622 3255 1938 3302 versantem
1976 3246 2075 3301 de-

471 3339 757 3408 spiceret;
809 3353 1000 3409 quem,
1041 3338 1292 3408 inquam,
1338 3355 1404 3393 ex
1455 3339 1635 3393 nihilo
1666 3338 1734 3392 ad
1779 3338 2073 3408 imaginem

473 3427 860 3495 condidisset;
917 3436 1047 3482 utve
1106 3427 1300 3482 morbo
1341 3443 1410 3482 ex
1444 3427 1573 3498 ligni
1625 3443 1724 3484 esu
1764 3436 2076 3494 contracto,

476 3528 744 3589 perpetuo
791 3519 1105 3574 excruciari
1159 3520 1398 3586 sineret;
1451 3528 1545 3573 aut
1611 3519 1852 3590 paradisi
1898 3521 2077 3576 civem

471 3611 586 3681 iugi
633 3610 885 3664 custodia
931 3609 1200 3664 macerari
1243 3609 1590 3680 permitteret
1622 3625 1636 3661 :
1672 3617 1727 3662 at
1760 3623 1886 3664 cum
1922 3609 2080 3662 auxi-

476 3702 554 3756 lio
576 3700 906 3756 destitutum
932 3700 1232 3770 aspiceret,
1259 3715 1483 3755 manum
1516 3717 1698 3766 suam,
1722 3703 1885 3772 cujus
1912 3704 2079 3759 homo

475 3808 618 3864 opus
667 3802 835 3858 esset,
892 3792 1222 3861 adiutricem
1269 3792 1568 3847 extendit:
1607 3792 1666 3845 ﬁt
1713 3808 2077 3864 personarum

479 3891 816 3952 acceptator,
852 3883 947 3952 qui
978 3883 1330 3952 iustissimus
1361 3890 1447 3938 est
1476 3899 1490 3937 :
1518 3881 1917 3954 decretumque
1941 3883 2077 3938 illud

478 3975 748 4029 adversus
798 3989 946 4038 eum,
985 3974 1079 4043 qui
1126 3974 1448 4028 mandatum
1487 3975 1782 4043 violasset,
1835 3977 2080 4046 legitime

478 4067 882 4137 conscriptum,
919 4067 1084 4121 insita
1120 4067 1632 4134 commiseratione,
1665 4069 1815 4124 velut
1851 4085 2080 4125 munere

482 4161 720 4228 quodam
765 4171 982 4229 captus,
1040 4159 1325 4214 oblitterat
1364 4169 1531 4231 atque
1602 4163 1896 4233 expungit;
1949 4178 2078 4232 pro-

481 4254 715 4323 priaque
781 4260 957 4306 morte
1004 4251 1202 4306 mortis
1246 4253 1300 4305 in
1355 4267 1458 4307 nos
1510 4253 1929 4324 impressionem
1981 4269 2079 4309 co-

2241 2604 2416 2658 Τοῦτο
2452 2606 2556 2676 τῆς
2582 2607 2615 2678 ἡ
2625 2606 2742 2675 μῶν
2775 2607 3145 2679 πανηγύρεως
3170 2607 3233 2661 τδ
3275 2608 3575 2678 κεφάλαιον
3595 2615 3612 2641 δ
3637 2607 3777 2672 Θεὸς

2172 2696 2233 2749 ού
2281 2696 2486 2767 ψήφοις
2532 2698 2938 2769 χειροτονηθεὶς
2996 2699 3409 2770 ἀνθρωπίναις,
3455 2699 3572 2753 ἀλλ’
3627 2698 3779 2762 ἰδίως

2173 2788 2342 2858 θεῖκῷ
2367 2788 2726 2860 δοξαζόμενος
2753 2792 2968 2861 κράτει,
2989 2791 3058 2846 δι’
3085 2792 3240 2846 ἔλεον
3267 2793 3362 2846 τὸν
3393 2793 3534 2863 πρὸς
3561 2790 3780 2862 ἀνθρὼ-

2173 2897 2309 2944 πους
2357 2881 2651 2952 γενόμενος
2705 2884 3017 2954 ἄνθρωπος,
3064 2886 3162 2938 καὶ
3217 2885 3385 2955 σαρκὶ⁸
3427 2885 3508 2956 τῷ
3557 2883 3777 2954 ζοφερῷ

2172 2975 2346 3038 διδοὺς
2395 2977 2781 3046 προσεγγίζειν
2841 2978 3082 3048 θανάτῳ,
3110 2976 3181 3030 ἵν’
3207 2979 3372 3048 ἡμεῖς
3401 2977 3481 3047 τῷ
3510 2978 3651 3046 φωτὶ
3675 2977 3777 3048 τῆς

2177 3068 2478 3133 ἀθανασίας
2505 3070 2929 3142 ὲλλαμφθῶμεν.
2982 3071 3117 3125 Οὐδὲ
3171 3072 3269 3143 γὰρ
3296 3066 3364 3141 ἦν
3396 3069 3534 3140 πρὸς
3566 3069 3778 3122 ἐκείνου

2178 3161 2473 3231 γενόμενον
2522 3163 2581 3214 ἐν
2621 3163 2815 3225 κακοῖς
2848 3162 3100 3232 παριδεῖν
3121 3201 3137 3226 ,
3165 3161 3226 3216 δν
3252 3163 3354 3214 οὐκ
3384 3161 3514 3214 ὄντα
3556 3159 3680 3213 κατ’
3705 3159 3781 3211 ει-

2166 3253 2313 3307 Δκόνα
2337 3252 2699 3323 δημιουργεϊ’
2737 3251 2847 3307 οὐδ’
2880 3253 3231 3323 ἀθεράπευτα
3268 3255 3502 3322 κάμνειν
3544 3251 3640 3305 τοῦ
3663 3242 3782 3316 ’ξύ-

2181 3342 2274 3396 λου
2295 3343 2374 3415 τῷ
2395 3345 2656 3417 ἀρρωστή
2667 3361 2825 3416 ματυ
2847 3345 2970 3398 οὐδὲ
3003 3345 3096 3398 τὸν
3118 3344 3214 3398 τοῦ
3245 3344 3588 3414 παραδείσου
3623 3343 3778 3397 πολί-

2179 3454 2280 3507 την
2305 3438 2522 3506 ἀφεῖναι
2545 3438 3021 3508 κατατρυχόμενον
3047 3437 3106 3491 ὲν
3136 3438 3353 3507 φρουρᾷ
3372 3453 3386 3467 ο
3410 3434 3526 3490 ἀλλ’
3547 3435 3784 3506 ἐπείπερ

2182 3524 2326 3582 εἶδεν
2375 3529 2797 3600 ὲξαπορήσαντα
2853 3527 3132 3599 βοηθείας,
3184 3529 3421 3582 ἐκτείνει
3464 3529 3564 3598 τὴν
3598 3528 3783 3598 χεῖρα,

2179 3614 2250 3692 ἦς
2277 3622 2436 3692 ἔργον
2462 3621 2772 3691 ἄνθρωπος,
2805 3622 2887 3683 είς
2915 3620 3203 3691 βοήθειανο
3238 3619 3335 3674 καὶ
3363 3620 3576 3689 γίνεται
3607 3634 3784 3688 προσ-

2181 3713 2516 3783 ωπολήπτης
2567 3713 2596 3765 ό
2652 3712 2891 3775 δίκαιοςο
2942 3713 3036 3764 καὶ
3089 3712 3226 3781 ὅπερ
3271 3711 3487 3782 ἐγράφη
3558 3709 3787 3780 ἔννομον

2180 3805 2440 3876 ψήφισμα
2491 3805 2633 3858 κατὰ
2690 3804 2784 3856 τοῦ
2843 3803 2918 3874 μὴ
2968 3803 3336 3874 τετηρηκότος
3385 3803 3488 3872 τὴν
3541 3799 3784 3873 ἐντολὴν,

2181 3900 2294 3962 τοῖς
2321 3897 2545 3960 οἰκείοις
2576 3895 2972 3969 δωροδοκηθεὶς
2997 3897 3305 3966 οἰκτιρμοῖς
3328 3892 3626 3962 ἀπαλείφει
3647 3909 3661 3925 ο
3689 3893 3788 3948 καὶ

2182 3990 2371 4061 οἰκείῳ
2415 3990 2632 4059 θανάτῳ
2675 3991 2779 4059 τὴν
2821 3987 2948 4041 καθ’
2992 3987 3152 4058 ἡμῶν
3181 3987 3276 4040 τοῦ
3309 3986 3545 4040 θανάτου
3571 3986 3789 4057 ἵστησιν

2182 4082 2389 4151 ἔφοδον.
2427 4083 2492 4134 Ὢ
2549 4083 2781 4152 ἀπείρου
2839 4080 3209 4149 ἀγαθότητοςῑ
3250 4078 3296 4131 ὣ
3349 4075 3788 4148 σπλάγχνωνιῶ

2184 4175 2443 4243 φίλτρου,
2480 4171 2563 4237 οἷς
2614 4171 2759 4226 οὕτω
2811 4171 2944 4234 Θεὸς
3001 4170 3296 4241 ἀνθρώπου
3330 4171 3469 4240 ὲρᾷί
3513 4170 3608 4222 Ἐκ
3663 4169 3790 4239 χοὸς

2182 4265 2562 4328 διαπλάττεις·
2587 4265 2766 4335 ψυχὴν
2783 4263 2863 4335 τῷ
2893 4263 2972 4336 σῷ
2993 4263 3152 4326 δίδως
3173 4264 3197 4314 ὲ
3207 4264 3393 4333 μφυσὴ
3403 4279 3532 4331 ματι
3551 4269 3573 4296 ⁸
3597 4280 3611 4292 ·
3639 4257 3789 4313 οἷκον

487 4344 659 4398 hibet.
682 4341 727 4398 Ο
751 4344 1072 4399 immensam
1104 4345 1438 4400 bonitatem!
1467 4345 1510 4399 Ο
1532 4346 1776 4401 viscera!
1805 4348 1846 4399 0
1869 4346 2070 4402 amori

2183 4357 2536 4426 παντοδαπῆς
2563 4357 2810 4428 τέρψεως
2828 4356 3111 4427 ἀφορίζεις
3131 4355 3350 4426 μεστόν.
3375 4356 3489 4408 Οὐκ
3507 4354 3790 4425 ἐμέτρησαν.

483 4437 616 4502 vim,
656 4454 766 4507 quo
815 4438 896 4492 sic
941 4437 1084 4491 Deus
1122 4439 1400 4494 hominem
1456 4440 1723 4509 deperiit!
1777 4441 1854 4495 Ex
1912 4449 2076 4496 terra!

484 4527 696 4597 eﬁingis
726 4527 950 4597 pulvere
971 4545 1002 4596 ;«
1028 4539 1118 4582 tua
1163 4529 1530 4598 inspiratione
1561 4531 1803 4589 animam
1836 4531 2072 4597 tribuis;

486 4622 711 4675 domum
762 4622 1009 4677 destinas
1060 4624 1243 4677 omnis
1279 4624 1500 4692 generis
1558 4623 1777 4692 plenam
1815 4622 2072 4679 deliciis:

485 4722 574 4770 ast
621 4729 722 4784 ego
769 4722 882 4768 tam
918 4717 1244 4770 immensam
1291 4717 1591 4771 bonitatem
1632 4732 1740 4771 non
1773 4717 2075 4786 perpemii'

486 4808 856 4879 magnitudini
912 4809 1162 4863 muneris
1210 4809 1350 4863 tanti
1411 4819 1630 4882 gratum
1665 4825 1752 4864 me
1782 4825 1892 4863 non
1924 4811 2081 4863 exhi-

486 4901 615 4968 bui;
646 4915 744 4955 nec
767 4901 1117 4971 dignitatem,
1144 4916 1252 4971 qua
1280 4902 1577 4971 poliebant,
1601 4904 1894 4958 aastimavi.
1925 4905 2078 4975 Ligni

489 5008 589 5047 esu
654 4993 896 5046 divinam
941 4993 1160 5062 prodidi
1215 4993 1729 5058 denuntiationem,
1783 5012 1904 5064 qua:
1951 4997 2084 5049 mihi

489 5087 664 5138 vitam
696 5076 878 5140 oinnis
911 5086 1172 5142 interitus
1201 5096 1484 5157 expertem
1516 5088 1900 5157 pollicebatur.
1928 5087 2084 5154 Quod

494 5177 731 5245 denique
772 5192 1018 5231 meorum
1039 5179 1309 5233 scelerum
1344 5180 1735 5249 gravissimum
1766 5191 1872 5245 est,
1903 5183 2090 5236 dexte—

495 5283 611 5319 ram
642 5269 875 5335 nescivi,
899 5285 1005 5339 qua
1039 5270 1298 5326 conditus
1324 5288 1539 5327 essem:
1576 5277 1784 5328 creatis
1822 5277 2087 5330 honorem

493 5372 606 5425 quo
632 5357 862 5411 Creator
900 5361 1318 5428 prosecuemlus
1367 5373 1487 5416 erat
1545 5363 1740 5418 detuli.
1778 5362 1922 5428 Quid
1955 5379 2085 5418 vero

570 5539 617 5570 ⁸ο
661 5540 767 5595 lsa.
807 5555 883 5603 lx,
932 5540 986 5596 6.
1063 5541 1105 5574 ⁶¹
1149 5542 1309 5596 Rom.
1371 5560 1398 5594 ν
1463 5544 1550 5598 12.

2183 4448 2282 4518 τὴν
2328 4447 2677 4518 ἁγαθότητα·
2721 4448 2824 4500 οὐκ
2851 4447 3125 4517 ἐγενόμην
3153 4444 3478 4515 εὐχάριστος
3529 4443 3789 4497 τοσούτου

2183 4539 2358 4610 δώρου
2411 4540 2664 4610 μεγέθει·
2695 4539 2798 4593 οὐκ
2827 4537 3058 4608 ἔστερξα
3081 4535 3182 4607 τὴν
3233 4539 3404 4608 τιμήν
3449 4554 3464 4569 ν
3492 4534 3790 4605 προύδωκα

2187 4629 2443 4700 βρώσεως
2484 4630 2626 4683 θεῖον
2677 4629 3053 4698 διάγγελμαι,
3087 4629 3115 4681 ὃ
3171 4645 3260 4692 μοι
3313 4624 3625 4694 ἀνώλεθρον
3687 4624 3794 4675 ὐπ-

2189 4725 2424 4792 ισχνεῖτο
2458 4721 2628 4789 ζωήν.
2657 4721 2731 4774 Τὸ
2759 4719 3061 4791 βαρύτατον
3085 4719 3195 4772 τῶν
3223 4719 3374 4788 ὲμῶν
3403 4717 3572 4786 ὲγκλη
3583 4715 3790 4801 μάτων,

2181 4813 2429 4882 ἠγνόησα
2475 4813 2575 4876 τὴν
2611 4812 2948 4881 δημιουργὸν
2989 4810 3207 4876 δεξιάν·
3251 4809 3433 4886 ἔδωκα
3477 4811 3591 4870 τοῖς
3635 4807 3794 4878 ποιή-

2188 4920 2320 4970 μασι
2395 4901 2490 4955 τοῦ
2551 4907 2881 4973 ποιήσαντος
2924 4904 3023 4972 τὴν
3077 4903 3268 4973 τιμήν.
3320 4901 3434 4955 Καὶ
3474 4901 3529 4952 τί
3578 4899 3793 4968 γίνεται

2187 4997 2309 5051 ἀντὶ
2369 4996 2617 5062 τούτων;
2671 4996 2784 5066 Τὴν
2844 4995 3078 5065 πηλίνην
3129 4998 3156 5048 ὁ
3210 4993 3461 5061 πλάστης
3511 4990 3795 5061 ἀμορφίαν

2190 5087 2512 5154 λαμϐάνεις.
2543 5089 2655 5141 Καὶ
2687 5090 2847 5158 μέχρι
2871 5091 2971 5157 τῆς
2995 5089 3234 5159 ἐσχάτης
3260 5086 3485 5156 ἀτιμίας
3515 5084 3613 5136 οὐκ
3635 5086 3796 5135 irrat-

2202 5179 2374 5248 σχύνῃ
2414 5178 2807 5245 συγκατελθεῖν
2853 5193 2866 5208 ⁸
2904 5176 2998 5229 καὶ
3031 5174 3168 5245 γεύῃ
3194 5175 3291 5227 τοῦ
3314 5171 3518 5242 πικροῦ
3549 5171 3796 5240 πόματος

2199 5272 2291 5324 τοῦ
2326 5271 2591 5335 θανάτου,
2638 5270 2704 5324 ἵν’
2732 5270 2842 5337 ἐγὼ
2870 5270 2967 5339 τῆς
3001 5267 3340 5335 γλυκύτητος
3371 5263 3466 5319 τοῦ
3494 5263 3795 5333 χειμάρρου

2197 5365 2298 5434 τῆς
2344 5363 2645 5427 ἀθανασίας
2694 5363 2852 5419 πιὼν.
2897 5362 2996 5432 τὴν
3031 5361 3256 5431 πικρίαν
3298 5361 3396 5428 τῆς
3429 5357 3636 5427 φθορᾶς
3661 5357 3803 5408 ἀπο-

1844 5633 2073 5690 νΑΒΙᾸΞ
2116 5633 2527 5690 LECTIONES.

581 5735 605 5766 ο
636 5727 724 5780 ed.
751 5727 924 5792 διδοὺς
958 5732 1049 5799 ὲμ.
1169 5732 1186 5766 ί
1212 5731 1297 5785 ed.
1337 5732 1583 5800 παρὰγν.
