4086 6298
320 345 416 409 105

993 347 1281 406 ORATIO
1321 346 1392 407 Χ.
1437 375 1504 384 -
1537 347 1615 407 ΙΝ
1655 347 2088 408 DOMlNICAM
2121 344 2842 412 BESURRECTIONEM.

3497 349 3597 410 106

316 463 520 534 θῶμαι.
554 463 654 528 Τίς
679 465 711 518 ὁ
742 461 1046 534 παράδοξος
1087 467 1188 534 τῆς
1240 464 1652 535 φιλανθρωπίας
1677 467 1911 535 τρόπος;

2029 466 2216 521 horum
2268 464 2444 535 gratia
2493 467 2766 519 mercedis
2815 464 3425 533 rependitur?Luleam
3455 469 3598 523 hanc

329 557 616 622 Ἔξέπεσεν
648 555 882 626 οὐρανοῦ
922 559 951 610 ὁ
1001 557 1313 626 Ἐωσφόρος
1346 559 1374 608 ὀ
1403 557 1552 629 πρωϊ
1580 557 1906 618 ἀνατέλλων,

318 650 410 702 καὶ
456 648 620 716 ζόφος
669 647 922 715 ὲγένετο”
955 648 1214 715 ἐξέπεσον
1248 649 1362 718 ἐγὼ
1416 648 1566 712 θείας
1613 646 1780 717 ζωῆς,
1821 650 1914 704 καὶ

317 743 499 795 πᾶσαν
551 741 763 811 ὕϐρεως
820 742 1115 812 ὑπομένεις
1156 741 1358 802 είδὲαν,
1390 741 1476 794 ἵνα
1514 741 1611 794 τοῦ
1642 740 1914 812 προτέρου

317 833 549 905 ποιήσῃς
568 833 984 905 θεοειδέστερον.
1006 833 1071 886 Τί
1094 834 1192 903 τὴν
1208 834 1470 903 φλογίνην
1488 834 1610 886 ἔθου
1631 833 1915 903 ῥομφαίαν

316 925 416 995 τῆς
458 923 605 990 ζωῆς
635 926 694 992 τὸ
733 925 888 992 ξύλον
938 926 1274 996 φυλάσσειν,
1306 927 1454 987 ὅπως
1505 926 1583 994 μὴ
1623 926 1814 992 φαγὼν
1858 923 1919 990 ἐξ

321 1005 484 1070 αὐτοῧ
527 1019 682 1086 ζήσω
715 1019 794 1080 είς
825 1019 915 1070 τὸν
959 1017 1132 1098 αἰῷνα
1153 1035 1168 1048 ·
1196 1017 1254 1086 ἦ,
1282 1018 1349 1069 ἵν’
1383 1019 1475 1069 ἐπὶ
1512 1017 1724 1088 σεαυτῷ
1754 1017 1916 1071 ἑλκύ-

323 1123 420 1171 σας
438 1108 530 1160 τὸν
549 1109 778 1162 θάνατον
819 1109 889 1162 δι’
922 1110 946 1162 ὲ
955 1110 1044 1180 μὲ,
1069 1109 1212 1163 οὕτω
1237 1109 1382 1179 ζωὴν
1411 1109 1636 1162 αἰώνιον
1660 1111 1914 1183 δωρήσῃς

320 1197 386 1250 Τί
405 1198 462 1252 δέ
493 1216 560 1268 με
583 1200 666 1262 είς
683 1201 787 1270 γῆν
809 1200 1177 1273 ἀποστρέφεις
1194 1201 1265 1256 δι⁹
1296 1200 1595 1272 ἐπιθυμίαν
1632 1202 1917 1266 θεὼσεωςς

324 1287 376 1356 ἦ.
411 1287 502 1339 ἳνα
547 1288 683 1359 πρὸς
720 1291 822 1358 ἐμὲ
855 1290 1325 1361 παραγενόμενος,
1373 1290 1518 1344 οὕτω
1558 1289 1916 1361 θεοποιήσῃςς

335 1373 495 1427 Ἀλλὰ
544 1375 656 1446 γὰρ
714 1377 976 1448 ὲνικήθης
1012 1381 1127 1442 τοῖς
1171 1383 1286 1443 σοῖς
1327 1381 1656 1450 οἱκτιρμοῖς,
1698 1381 1793 1433 καὶ
1820 1381 1923 1433 οὐκ

324 1464 522 1537 ἔφερες
554 1468 688 1538 ὁρᾷν
725 1468 943 1542 θανάτῳ
981 1472 1425 1544 κατανεμόμενον
1473 1473 1576 1544 τῆς
1607 1473 1708 1541 σῆς
1744 1473 1922 1527 παλά-

326 1577 436 1630 μης
478 1560 540 1615 τὸ
583 1561 978 1632 φιλοτέχνημα,
1019 1564 1141 1618 οὐδὲ
1173 1564 1268 1619 τοῦ
1325 1564 1418 1619 σοῦ
1467 1559 1608 1618 εἶναι
1657 1566 1786 1637 περὶ
1822 1565 1923 1632 ἐμὲ

325 1650 552 1718 φέλτρου
603 1651 784 1721 κρίσιν
837 1656 992 1724 ποιῇ,
1039 1655 1364 1709 καταλιπεῖν
1414 1655 1752 1727 ἀϐοήθητονο
1807 1655 1923 1709 ἀλλ’

326 1741 628 1811 εὐδόκησας
657 1742 972 1816 ἀντίλυτρον
1002 1743 1189 1799 δοῦναι
1236 1745 1462 1798 σεαυτὸν
1495 1745 1596 1814 τῆς
1623 1745 1762 1815 ἐμῆς
1809 1762 1918 1798 σω-

323 1832 520 1902 τηρίας
540 1849 553 1860 ·
588 1836 682 1888 καὶ
712 1815 955 1908 κατέρχῃ
981 1835 1118 1907 πρὸς
1160 1837 1260 1907 τὴν
1295 1838 1435 1908 ὲμὴν
1479 1837 1757 1907 ἐσχατιὰν,
1797 1837 1861 1890 ἵν’
1891 1840 1920 1891 ὁ
1953 1815 1993 1868 Β

323 1924 391 1978 δι’
423 1925 715 1997 ἐπιϐουλῆς
751 1927 890 1998 πρὸς
912 1928 1119 1999 ταύτην
1144 1927 1494 1990 καταπεσὼν,
1529 1929 1602 1999 μὴ
1637 1928 1797 1999 μόνον
1821 1930 1921 1999 τῆς

325 2019 582 2087 ἐσχατιᾶς
630 2020 1021 2089 ἁνακομισθῶ,
1051 2021 1189 2074 ἀλλὰ
1248 2021 1385 2091 πρὸς
1418 2020 1682 2092 οὐρανὸν,
1747 2011 1808 2073 οὗ
1846 2019 1920 2089 μὴ

325 2109 456 2178 πρὶν
528 2106 738 2179 ῷκουν,
784 2111 1207 2179 ὲγκατοικισθῶ.
1264 2110 1422 2164 Οὕτω
1471 2112 1571 2181 τὴν
1630 2109 1922 2179 ἐπιϐουλὴν

325 2199 450 2269 ἐμοὶ
474 2202 613 2270 πρὸς
645 2202 831 2272 κέρδος
869 2205 1209 2274 μεταποιεῖς,
1242 2203 1336 2256 καὶ
1359 2203 1456 2274 τὴν
1480 2202 1620 2272 ὲμὴν
1651 2203 1923 2272 μαλακίαν

325 2294 618 2362 ἀναφέρει.
642 2303 692 2356 “.
727 2295 824 2349 καὶ
871 2297 970 2357 τὰς
1015 2296 1153 2364 ἐμὰς
1187 2296 1424 2369 ἁναδὲχῃ
1465 2295 1677 2360 ὀδύνας,
1717 2293 1784 2346 ἵν’
1812 2291 1924 2360 ἐγὼ

326 2383 463 2452 πρὸς
492 2383 761 2437 ἀνώδυνον
786 2384 898 2455 βίον
922 2386 1447 2456 μετασκευάσωμαι.

2015 573 2194 612 meam
2248 557 2658 612 deformitatem
2696 557 2954 612 conditor
3015 558 3133 626 ipse
3168 574 3322 614 meus
3375 559 3597 625 induis;

2015 663 2194 717 neque
2249 648 2458 712 renuis,
2505 649 2802 716 quominus
2851 659 2903 704 te
2957 649 3026 702 ad
3071 659 3373 704 extremam
3427 668 3600 719 usque

2017 737 2376 809 ignominiam
2426 737 2708 803 demittas,
2760 748 3063 809 gustesque
3115 753 3362 793 amarum
3408 745 3602 797 mortis

2016 829 2294 897 poculum,
2333 839 2393 882 ut
2427 844 2529 898 ego
2577 827 2646 883 de
2695 838 2940 884 torrente
2981 829 3306 898 voluptatis,
3361 847 3469 899 quo
3497 834 3601 885 im-

2019 922 2329 978 mortalitas
2382 921 2578 989 aﬂluit,
2638 923 2853 988 bibens,
2917 924 3112 980 mortis
3177 926 3601 978 amaritudinem

2021 1015 2313 1082 deponam.
2377 1014 2643 1079 Quisnam
2717 1015 2820 1069 iste
2879 1030 3057 1071 novus
3123 1019 3260 1070 adeo
3312 1034 3373 1068 ac
3412 1029 3605 1084 przrtcr

2019 1107 2332 1174 opinionem
2397 1108 2770 1163 beneficentiae
2829 1123 2893 1161 ac
2969 1108 3330 1163 humanitatis
3377 1110 3608 1162 nmdus?

2019 1198 2234 1255 Cecidit
2263 1214 2294 1254 e
2326 1200 2466 1254 caelo
2491 1198 2734 1266 Lucifer,
2765 1200 2857 1269 qui
2892 1215 3052 1254 mane
3087 1200 3370 1253 oriebatur
3394 1203 3463 1263 δί’,
3493 1209 3606 1253 cst-

2022 1308 2128 1358 que
2174 1290 2403 1346 eli'ectus
2445 1291 2659 1359 caligo;
2705 1290 2884 1344 evcidi
2924 1300 2980 1342 et
3021 1306 3124 1359 ego
3175 1306 3203 1344 a
3250 1290 3433 1344 divina
3468 1293 3604 1350 vita.

2022 1397 2296 1450 omneque
2353 1382 2814 1435 contumeliarum
2850 1397 3024 1450 genus
3084 1381 3305 1441 sulfers,
3345 1391 3402 1435 ut
3436 1382 3607 1452 priori

2023 1476 2081 1528 in
2124 1490 2208 1530 me
2240 1475 2598 1528 illustriorem
2621 1474 2862 1529 divinam
2889 1473 3125 1528 formam
3155 1475 3454 1530 instaurea.
3489 1473 3610 1540 Qua

2024 1570 2092 1622 de
2117 1583 2283 1624 causa
2317 1566 2627 1620 ﬂammeum
2657 1583 2846 1620 etisem
2879 1567 3135 1635 posuisti,
3161 1575 3222 1619 ut
3254 1569 3459 1636 lignum
3488 1568 3610 1621 vitae

2025 1661 2321 1720 custodiat,
2379 1667 2436 1713 ut
2485 1674 2555 1713 ne
2610 1672 2678 1712 eo
2727 1672 2959 1711 vesceus
3014 1659 3068 1710 in
3103 1669 3368 1712 aeternum
3392 1655 3614 1711 vivam?

2028 1749 2221 1803 Nonne
2279 1759 2336 1803 ut
2393 1750 2498 1801 mei
2547 1749 2723 1817 gratia
2769 1748 2823 1800 in
2875 1756 2928 1800 te
2971 1755 3203 1799 mortem
3255 1746 3501 1809 trahens,
3529 1748 3610 1799 sic

2026 1839 2193 1890 vitam
2234 1835 2368 1890 mihi
2402 1836 2793 1904 sempiternam
2827 1836 3040 1910 dones?
3075 1836 3215 1900 Quid
3249 1851 3378 1888 vero
3410 1836 3464 1888 in
3501 1844 3609 1890 ter-

2024 1945 2143 1982 rain
2196 1930 2396 1984 reverti
2439 1928 2578 1984 facis
2611 1928 2683 1984 οἱ)
2709 1927 3016 1983 aﬂ‘ectatam
3054 1929 3312 1981 deitatem
3356 1931 3379 1980 ἰ
3415 1929 3610 1980 Annon

2027 2030 2087 2074 ut
2146 2020 2216 2075 ad
2274 2035 2360 2075 me
2419 2020 2713 2084 accedens,
2765 2019 2967 2074 deitate
3013 2018 3235 2073 dones?
3291 2018 3488 2071 Verum
3543 2017 3617 2071 ab

2024 2112 2213 2174 inuata
2248 2121 2340 2166 tua
2395 2110 2777 2167 misericordia
2820 2113 3002 2166 victus
3041 2126 3135 2175 es;
3175 2125 3276 2164 nec
3320 2126 3380 2165 es
3411 2122 3617 2179 passus

2027 2215 2088 2258 ut
2139 2220 2168 2257 a
2224 2213 2398 2259 morte
2452 2219 2654 2258 manus
2708 2212 2816 2258 tua
2863 2202 3146 2274 Opiﬁcium
3202 2203 3611 2265 absumeretur,

2032 2311 2211 2367 neque
2266 2298 2438 2352 amori
2475 2304 2571 2350 tuo
2602 2296 2874 2350 adversus
2901 2311 2988 2348 me
3019 2302 3458 2350 consentaneum
3489 2311 3615 2350 esse

2029 2387 2263 2455 duxisti,
2313 2389 2359 2442 si
2393 2403 2479 2443 me
2521 2388 2674 2443 omni
2709 2387 2918 2442 auxilio
2965 2386 3338 2440 destitueres:
3373 2385 3468 2439 sed
3505 2399 3615 2437 Sta-

325 2475 483 2529 tnisti
539 2478 775 2546 teipsum
821 2493 920 2547 pro
972 2494 1055 2532 me
1097 2479 1335 2548 pretium
1387 2479 1784 2550 redemptionis
1830 2489 1884 2537 et
1934 2482 2133 2537 salutis
2192 2481 2580 2550 comparandae
2624 2479 2878 2545 tradere;
2913 2477 3313 2548 descendisqne
3382 2477 3449 2530 ad
3517 2477 3615 2530 has

327 2583 480 2633 meas
533 2569 752 2623 intimas
803 2570 981 2636 sedes,
1031 2577 1092 2625 ut
1143 2571 1235 2641 qui
1268 2586 1365 2639 per
1406 2571 1635 2626 insidias
1679 2573 1788 2627 huc
1820 2572 2078 2644 delapsus
2119 2589 2263 2636 sum,
2330 2587 2437 2624 non
2476 2572 2654 2626 solum
2687 2572 2758 2626 ab
2795 2573 2905 2624 imo
2969 2585 3216 2634 revocer,
3258 2570 3353 2626 sed
3421 2579 3477 2626 et
3548 2571 3617 2624 ad

327 2663 523 2728 ctelos,
572 2664 666 2718 ubi
717 2665 871 2734 prius
913 2681 1021 2718 non
1079 2665 1370 2735 degebam,
1420 2665 1750 2721 transferar.
1798 2666 1914 2722 Hoc
1987 2668 2151 2722 modo
2202 2667 2452 2731 insidias,
2506 2669 2710 2736 quibus
2767 2669 3029 2736 deceptus
3080 2682 3282 2730 essem,
3342 2668 3478 2722 mihi
3547 2667 3602 2722 in

330 2752 546 2807 lucrum
601 2753 918 2820 convertis;
954 2769 1245 2824 meamque
1274 2756 1650 2812 inﬁrmitatem
1703 2765 1917 2827 portas,
1958 2772 2025 2812 ac
2081 2758 2303 2813 dolores
2351 2773 2503 2814 meos
2544 2761 2768 2824 recipis,
2802 2768 2864 2814 ut
2905 2775 3008 2825 ego
3067 2760 3135 2814 ad
3208 2762 3380 2818 vitam
3463 2763 3613 2817 omni

331 2850 520 2904 dolore
563 2856 841 2902 carentem
876 2849 1234 2919 commigrem
1273 2852 1340 2904 ⁸³.

403 2940 702 3012 Προδίδωσι
755 2941 1025 3013 μαθητὴς,
1075 2942 1168 2996 καὶ
1207 2944 1311 2996 οὐκ
1367 2945 1600 3018 ὀργίζῃο
1653 2945 1918 3000 τύπτουσι

338 3031 618 3102 μιαιφόνοι
650 3035 857 3100 χεῖρες,
908 3034 1002 3086 καὶ
1043 3034 1143 3086 οὐκ
1192 3035 1407 3107 ἀμύνῃο
1439 3036 1623 3108 κρίνει
1663 3035 1920 3102 Πιλᾶτος,

334 3125 429 3177 καὶ
470 3125 649 3193 σιγᾷς,
672 3125 749 3187 ὡς
779 3125 1144 3195 κατάκριτος·
1178 3127 1506 3196 ἐμπτύουσι,
1541 3128 1638 3181 καὶ
1663 3128 1765 3182 οὐκ
1785 3131 1921 3181 ἁπο-

337 3217 594 3289 στρέφεις
633 3216 695 3270 τὸ
737 3217 1062 3288 πρόσωπον·
1115 3218 1369 3272 ἕλκουσιν
1425 3220 1519 3274 ἐπὶ
1578 3220 1794 3291 σφαγὴν
1846 3220 1923 3283 ὼς

336 3309 532 3381 ἀμνὸν,
580 3309 676 3361 καὶ
714 3309 815 3362 οὐκ
873 3308 1115 3378 ἀνοίγεις
1147 3311 1210 3362 τὺ
1263 3311 1473 3380 στόμα’
1517 3311 1814 3380 καθηλοῦσι
1852 3311 1930 3383 τῷ

341 3398 504 3468 ξύλῳ,
535 3399 633 3452 καὶ
663 3398 963 3470 ὑπερεύχῃ.
997 3400 1111 3452 Νῦν
1141 3400 1233 3454 τὸν
1284 3401 1511 3472 βασιλέα
1542 3403 1928 3472 χλευάζουσιν·

338 3491 412 3543 El
453 3489 759 3555 ,βασιλεὺς
805 3490 1056 3558 Ἰσραήλ
1106 3492 1260 3557 ἐστι,
1315 3495 1624 3549 καταϐάτω
1668 3496 1788 3549 ἀπὸ
1823 3497 1930 3550 τοῦ

340 3581 632 3648 σταυροῦ·
663 3581 758 3635 νῦν
789 3583 870 3646 τὸ,
899 3584 1022 3637 οὐαὶ
1046 3592 1094 3647 ν,
1122 3586 1359 3653 φωνοῦσι
1396 3588 1630 3656 στόμασι
1678 3590 1898 3659 μιαροῖς
1917 3605 1930 3618 ·

343 3674 408 3726 σὺ
440 3674 499 3727 δὲ
535 3673 715 3728 πάντα
763 3673 915 3746 βυθῷ
960 3675 1262 3739 καλύπτεις
1288 3677 1707 3750 φιλοστοργίας,
1742 3679 1935 3750 ὥσπερ

341 3764 439 3818 ἐπὶ
467 3762 644 3834 τούτῳ
669 3764 1018 3837 δημιουργῶν
1050 3767 1115 3820 ἐκ
1135 3765 1312 3837 πηλοῦ
1338 3768 1496 3834 ζῶον,
1528 3770 1594 3822 ἵν’
1629 3770 1804 3822 ἐκεῖνο
1833 3770 1935 3841 μὲν

344 3859 513 3928 μηδὲν
566 3857 780 3928 ὕϐρεως
841 3860 1182 3931 παραλίποιυ
1237 3863 1301 3914 σὺ
1353 3862 1407 3914 δὲ
1467 3862 1674 3933 μηδένα
1733 3865 1936 3934 τρόπον

343 3951 663 4022 εὐεργεσίας
690 3947 769 4014 οἷς
801 3952 902 4004 οὐκ
943 3949 1000 4004 εὖ
1034 3953 1196 4006 πάθοι
1229 3953 1259 4005 ὀ
1287 3953 1575 4024 ὑϐριστής.
1614 3955 1689 4008 Οὐ
1719 3955 1828 4025 γὰρ
1855 3955 1936 4018 είς

341 4046 443 4115 τὴν
479 4047 789 4113 παροινίαν,
821 4046 937 4098 ἀλλ’
974 4048 1056 4108 είς
1109 4045 1210 4118 τὴν
1254 4047 1528 4117 σωτηρίαν
1574 4048 1686 4100 τῶν
1733 4049 1931 4118 ἀχαρίο

344 4155 490 4191 στων
537 4138 892 4202 ἀποσκοπεῖς.
961 4137 1125 4190 Ἀλλὰ
1177 4136 1354 4192 ταῦτα
1406 4139 1508 4208 μὲν
1564 4140 1597 4205 ή
1652 4138 1936 4202 θεοκτόνος

345 4230 666 4299 παλαμᾶται
698 4230 1031 4299 Συναγωγή·
1060 4231 1088 4281 ὁ
1119 4230 1175 4282 δὲ
1203 4230 1297 4282 τοῦ
1345 4229 1478 4282 Θεοῦ
1511 4229 1588 4299 τῷ
1629 4229 1745 4281 om
1806 4229 1936 4293 λαὸς

344 4321 540 4392 Πάσχα
581 4320 644 4374 τὸ
685 4320 828 4374 θεῖον
879 4321 1150 4394 ἑορτάζει,
1183 4321 1278 4374 καὶ
1314 4323 1587 4394 σωτήριον
1616 4325 1682 4391 τῇ
1724 4325 1930 4394 σφαγῇ,

343 4415 442 4467 καὶ
468 4412 549 4484 τῷ
570 4413 738 4484 τιμίῳ
765 4415 1032 4485 χρίσματι
1054 4430 1066 4443 ·
1102 4414 1323 4485 ἀπαθὴς
1359 4415 1456 4482 μὲν
1492 4414 1586 4466 τοῦ
1620 4415 1935 4485 ὀλοθρεύον·

341 4521 437 4568 τος
482 4505 942 4576 συντηρούμενος,
1005 4507 1290 4576 ῥυόμενος,
1332 4506 1390 4558 δὲ
1435 4507 1544 4559 τῶν
1594 4506 1938 4568 κακούντων,

2091 2940 2282 2996 Prodit
2308 2938 2636 3008 discipulus,
2671 2953 2771 2994 nec
2817 2941 3120 3001 irasceris;
3169 2940 3489 3008 percutiunt
3520 2957 3615 2996 sa-

2022 3032 2238 3100 crilegae
2269 3044 2464 3083 manus
2488 3068 2504 3094 ,
2549 3043 2650 3083 nec
2687 3028 3011 3094 ulcisceris;
3059 3027 3272 3098 judicat
3306 3029 3541 3096 Pilatus,
3568 3041 3623 3086 et

2024 3133 2196 3188 taces,
2220 3135 2481 3195 tanquam
2513 3138 2674 3186 reus;
2724 3130 3064 3193 conspuunt,
3106 3139 3206 3177 nec
3236 3123 3429 3178 faciem
3465 3139 3625 3180 aver-

1952 3247 2000 3308 c
2032 3219 2146 3284 tis;
2197 3219 2428 3272 trahunt
2476 3216 2542 3271 ad
2589 3216 2816 3278 aedem,
2895 3224 3156 3283 tanquam
3192 3231 3415 3284 agnum,
3443 3233 3626 3288 neque

2039 3325 2104 3364 os
2136 3308 2358 3378 aperis;
2397 3309 2573 3362 clavis
2605 3307 2752 3376 ligno
2795 3305 3040 3375 ailigunt,
3071 3321 3281 3376 proque
3302 3307 3411 3363 illis
3437 3324 3628 3378 preces

2042 3401 2254 3455 fundis.
2287 3401 2454 3454 Modo
2482 3414 2663 3468 regem
2691 3400 3035 3452 subsannant
3065 3412 3081 3451 :
3119 3397 3178 3452 Si
3201 3414 3295 3454 rex
3328 3398 3503 3454 Israel
3525 3411 3624 3462 est.

2039 3491 2325 3548 descendat
2361 3493 2425 3545 de
2466 3507 2620 3544 cruce
2640 3489 2686 3522 ³⁵
2723 3509 2737 3545 :
2769 3489 2932 3544 modo
2968 3490 3311 3544 exsecranda
3353 3505 3450 3545 ore
3492 3490 3626 3546 illud

2041 3585 2138 3640 vah
2175 3585 2450 3637 intonaut.
2480 3582 2548 3634 At
2581 3593 2634 3635 lu
2666 3581 2849 3634 omnia
2891 3581 3168 3650 profundo
3201 3582 3451 3636 immensi
3484 3597 3630 3636 arno-

2039 3676 2120 3729 rls
2179 3674 2254 3727 tui
2309 3673 2483 3742 tegis.
2532 3671 2689 3740 quasi
2737 3671 3013 3726 hominem
3056 3688 3122 3726 eo
3168 3672 3402 3727 consilio
3431 3688 3462 3726 e
3512 3673 3629 3726 luto

2042 3765 2339 3827 emnxeris,
2387 3774 2444 3817 ut
2489 3763 2626 3818 nihil
2674 3762 2766 3817 ille
2817 3763 2872 3818 in
2910 3773 2961 3818 te
2995 3763 3320 3832 injuriarum
3344 3771 3397 3819 et
3431 3771 3631 3818 contu-

2043 3861 2330 3914 meliarum
2361 3857 2638 3910 omitteret
2668 3872 2683 3920 ;
2733 3863 2789 3906 tu
2823 3868 2956 3908 vero
3010 3856 3218 3908 nullam
3254 3854 3633 3910 beneﬁcentia;

2045 3952 2336 4012 rationem,
2360 3964 2467 4018 qua
2490 3946 2950 4001 contumeliosum
2989 3945 3375 4007 demerereris,
3409 3956 3634 4016 praeter-

2039 4043 2171 4098 ires.
2220 4040 2406 4111 Neque
2454 4041 2597 4094 enim
2643 4039 2697 4091 iu
2732 4038 3038 4099 vesaniam,
3073 4037 3166 4093 sed
3207 4040 3260 4091 in
3291 4039 3524 4092 salutem
3557 4037 3636 4090 in-

2043 4133 2490 4203 gratissirnorum
2523 4147 2812 4186 servorum
2848 4131 3041 4186 oculos
3077 4130 3331 4198 conjicis.
3361 4129 3636 4184 Cazterum

2044 4227 2162 4281 haec
2192 4225 2286 4278 Dei
2317 4223 2662 4278 interfectrix
2698 4222 2986 4293 Synagoga
3019 4222 3282 4277 molitur:
3315 4221 3485 4292 atqui
3512 4236 3633 4276 vere

2046 4320 2143 4375 Dei
2180 4318 2416 4389 populus
2441 4324 2550 4381 est,
2581 4317 2630 4372 is
2663 4315 2908 4370 celebrat
2941 4314 3151 4369 Pascha
3187 4315 3435 4369 divinum
3459 4321 3515 4368 et
3543 4328 3633 4369 sa-

2045 4409 2330 4466 lutiferum
2361 4448 2378 4472 ,
2417 4416 2534 4464 tum
2576 4405 2976 4468 immolatione,
3026 4413 3140 4459 tmn
3182 4405 3492 4459 veneranda
3531 4419 3628 4458 un.

2045 4502 2252 4568 ctione,
2284 4515 2519 4556 securus
2546 4499 2832 4569 plagarum
2857 4513 2998 4566 quas
3023 4498 3415 4552 exterminatur
3453 4498 3636 4551 illatu-

345 4598 442 4652 καὶ
472 4598 608 4669 πρὸς
639 4599 736 4662 τὰς
769 4597 1106 4667 ἐπαγγελίας
1137 4597 1600 4668 μετοικιζόμενος.
1635 4598 1806 4654 Πάλαι
1836 4599 1927 4668 μὲν

2043 4608 2138 4648 rus
2167 4600 2338 4656 esset,
2387 4599 2553 4660 atque
2579 4605 2610 4641 a
2630 4588 2847 4644 cunctis
2881 4589 3081 4658 quibus
3113 4588 3409 4641 vexabatur
3436 4602 3636 4640 mrum-

346 4686 442 4744 οὖν
471 4692 534 4743 τὸ
573 4689 842 4759 Ἐϐραίων
875 4694 1031 4758 γένος
1072 4691 1318 4761 Μωῦσῆς
1349 4690 1654 4761 ἐλευθερῶν
1701 4689 1801 4760 τῆς
1848 4691 1942 4742 Αί-

2042 4688 2127 4739 nis
2145 4685 2429 4750 liberatus,
2450 4698 2514 4736 ac
2537 4681 2604 4736 ad
2624 4682 2876 4736 caelestes
2903 4680 3295 4750 promissiones
3314 4680 3635 4734 translatus.

346 4780 598 4850 γυπτίων
645 4779 963 4843 κακώσεως.
1020 4776 1134 4834 οἷον
1187 4779 1532 4853 σκιαγραφίᾳ
1577 4780 1646 4833 τὰ
1692 4779 1927 4848 παρόντα

2038 4776 2176 4830 Nam
2209 4777 2338 4830 olim
2370 4776 2589 4844 quidem
2633 4773 2868 4842 Moyses,
2929 4772 3284 4826 Hebraeorum
3318 4781 3534 4843 gentem
3569 4786 3635 4825 ex

346 4871 619 4934 είκόνιζε·
670 4874 767 4926 καὶ
819 4873 1072 4943 μαστίζει
1117 4873 1219 4942 μὲν
1265 4873 1543 4938 Αἴγυπτον
1584 4873 1672 4924 ἐπ’
1702 4873 1927 4934 ἄλλαις²

2039 4867 2179 4922 dura
2206 4868 2295 4922 illa
2327 4865 2712 4936 Egyptiorum
2749 4864 3012 4917 servitute
3041 4863 3304 4929 liberans,
3335 4865 3485 4918 velut
3518 4879 3638 4918 um-

348 4966 608 5038 πληγαῖς,
665 4966 943 5037 βαρυτέρᾳ
986 4967 1124 5029 τέως
1167 4965 1373 5035 πληγῇ,
1425 4965 1536 5022 τῶν
1569 4965 1927 5034 πρωτοτόκων

2040 4960 2140 5014 bra
2193 4956 2426 5026 quadam
2467 4971 2534 5010 ac
2579 4955 2995 5008 obscurioribus
3046 4953 3204 5007 lineis
3252 4969 3439 5006 rerum
3496 4969 3635 5024 ρηο-

349 5057 601 5128 θανάτῳ·
639 5057 824 5109 δίδωσι
871 5057 928 5110 δὲ
977 5060 1090 5120 τοῖς
1126 5058 1536 5127 κακουμένοιςῐ
1575 5055 1895 5126 ἐλευθερίαν
1919 5071 1936 5087 ο

351 5147 451 5201 καὶ
504 5147 704 5218 μικρὸν
739 5149 968 5221 ὕστερον
1013 5150 1201 5217 τέμνει
1262 5148 1513 5216 πορείαν,
1550 5148 1585 5217 ἢ
1617 5148 1788 5215 τάφος
1824 5147 1938 5208 τοῖς

420 5263 467 5292 ⁸³
509 5259 619 5316 lsa.
678 5262 913 5327 xw,12.
988 5263 1036 5296 ⁸³
1083 5263 1189 5318 lsa.
1233 5278 1352 5326 Lm,
1409 5265 1460 5317 4.

2045 5058 2257 5106 sentem
2294 5056 2497 5103 statum
2532 5045 2841 5116 designavit
2887 5065 2901 5100 :
2930 5062 2992 5100 ac
3014 5045 3104 5099 ille
3132 5048 3350 5112 quidem
3385 5054 3508 5112 post
3526 5045 3639 5114 pla-

2043 5159 2140 5214 gas
2170 5143 2305 5198 alias
2335 5139 2724 5212 (35),graviori
2748 5140 3018 5194 hactenus
3046 5139 3306 5208 plaga,ac
3323 5137 3640 5206 superiores

1548 5261 1597 5292 “
1622 5260 1812 5315 Matth.
1875 5276 2046 5323 xxvii,
2075 5258 2167 5323 40,
2199 5257 2288 5311 42.

1666 5377 1903 5434 VARUS
1945 5376 2354 5430 LECTIONES.

470 5469 614 5525 ued.
665 5471 877 5542 φέρεις.
947 5478 972 5506 '
1004 5469 1097 5526 ed.
1157 5470 1280 5524 οὑὰ.

355 5545 520 5600 bene.

1378 5482 1402 5512 ι
1434 5470 1617 5526 Grets.
1670 5468 2022 5538 ἐπαλλήλοις,
2082 5468 2165 5521 vel
2201 5467 2394 5530 ἄλλαις
2429 5469 2529 5518 ἐπ’
2554 5465 2770 5529 ἄλλαις.

2884 5473 2916 5514 γ
2951 5462 3038 5518 ed.
3076 5461 3440 5531 καλουμένοις
3471 5497 3486 5523 ,
3525 5472 3636 5512 non

1871 5609 2106 5666 NOTAE.

431 5715 544 5781 (33)
577 5715 704 5768 Post
733 5714 922 5783 plagas
947 5715 1107 5768 alias.
1140 5711 1258 5766 Ἐπ’
1281 5714 1472 5775 ἄλλαις
1495 5711 1751 5783 πληγαῖς.
1785 5710 1950 5783 Clara

366 5786 676 5841 sententia:
723 5781 894 5856 liquet
917 5787 1063 5841 enim
1091 5785 1582 5856 primogenitorum
1617 5781 1821 5837 caedem
1869 5781 1952 5833 ul-

2065 5708 2253 5760 timam
2281 5705 2452 5760 fuisse
2474 5719 2537 5757 ac
2571 5701 2956 5774 gravissimam
2977 5698 3366 5774 Egyptiorum
3387 5695 3640 5774 plagam,

2059 5788 2288 5846 excepta
2333 5766 2602 5830 duntaxat
2630 5773 2936 5828 l’baraonis
2969 5766 3377 5832 submersione,
3411 5766 3501 5820 ubi
3528 5766 3644 5833 jam
