4086 6298
317 334 415 449 tu!)

1022 384 1305 444 ORATIO
1349 385 1417 443 X.
1458 410 1523 418 —
1563 385 1641 442 IN
1686 382 2119 442 DOMINICAM
2167 379 2892 442 RESURRECTSONEM.

3483 371 3583 433 110

315 518 420 567 ,τινες
449 519 466 566 ;
503 500 640 555 ἀλλὰ
670 502 936 572 ῥήγνυται
966 501 1026 553 τὸ
1053 501 1454 568 καταπέτασμα
1483 498 1631 552 οἴκου
1665 499 1759 551 τοῦ
1785 517 1888 551 πα-

2022 499 2107 551 ιοΙὶ
2139 498 2280 552 male
2304 500 2354 550 in
2387 495 2724 551 dubietatem
2755 493 2954 562 abripi.
2985 491 3221 554 Clamat,
3247 489 3385 543 Deus
3418 504 3585 553 meus,

313 590 526 663 τρικοῦ,
572 591 880 653 δεικνύντος
913 591 1006 644 τοῦ
1034 589 1267 661 Πατρὸς,
1299 590 1448 651 ὅπως
1491 590 1583 641 ἐπὶ
1610 590 1687 658 τῷ
1720 589 1893 642 Μονο-

315 685 463 752 γενεϊ
493 681 775 750 ὀργίζεται
811 684 1072 751 πάσχοντι
1094 698 1109 713 ο
1139 682 1233 734 καὶ
1255 680 1332 744 ὼς
1376 680 1493 733 ἀνθ’
1526 673 1601 733 ὧν
1651 680 1899 750 ἐπήρθη-

317 790 416 826 σαν
463 772 650 826 λύσειν
702 773 851 844 αὐτῷ
889 772 982 825 τοῦ
1022 771 1272 840 σώματος
1318 770 1408 824 τὸν
1439 770 1582 830 ναδν,
1616 768 1897 842 διαῤῥήξει

322 867 419 936 μὲν
459 867 660 931 αὐτοὺς
690 866 842 922 οἴκου
878 867 970 920 τοῦ
1003 866 1224 928 ἑαυτοῦ,
1263 865 1543 936 διαρρήξει
1568 864 1622 916 δὲ
1670 863 1766 916 καὶ
1798 863 1898 930 τῆς

318 955 796 1028 περιφρουρούσης
823 955 1130 1025 ὲποπτικῆς
1150 956 1245 1008 καὶ
1275 955 1424 1018 Θείας
1446 954 1728 1024 προνοίας.
1757 955 1898 1006 Κενο

316 1051 492 1102 τεῖται
519 1048 783 1118 πλευρὰν,
830 1046 946 1101 ἀλλ’
979 1050 1082 1121 ὅρα
1105 1049 1207 1118 τῆς
1249 1047 1551 1109 ἀθανασίας
1581 1046 1707 1108 τοὺς
1731 1062 1899 1116 κρου-

318 1144 466 1204 νοὺς.
524 1143 587 1194 τὸ
617 1137 758 1210 αἷμα
796 1141 892 1195 καί
932 1141 994 1193 τὸ
1037 1139 1202 1211 ὕδωρ,
1257 1140 1464 1192 ἐκεῖθεν
1513 1137 1897 1199 ἐκϐλύξοντας.

331 1232 638 1301 Ἐνταφίοις
671 1233 971 1297 ἑλίσσεται,
1014 1233 1106 1284 καὶ
1152 1234 1223 1304 γῇ
1269 1231 1595 1302 κρύπτεται,
1627 1231 1721 1282 καὶ
1768 1229 1903 1298 μετὰ

319 1323 528 1395 νεκρῶν
554 1324 869 1387 αὐλίζεται·
900 1323 1014 1378 ἀλλ’
1042 1322 1184 1378 ἑκὼν
1213 1323 1539 1392 παραχωρεῖ
1575 1320 1904 1390 πειρωμένῳ

320 1415 398 1487 τῷ
438 1415 562 1487 ᾇδη,
612 1415 678 1468 ἵν’
722 1417 782 1467 ὲν
825 1417 890 1486 τῇ
926 1414 1104 1485 οἰκείᾳ
1149 1412 1286 1484 πρὸς
1319 1413 1493 1484 βραχὺ
1522 1415 1727 1482 κατοχῇ
1779 1413 1906 1475 τοὺς

321 1507 574 1571 αἰωνίους
604 1506 864 1574 ἐξαγάγοι
898 1505 1184 1573 κατόχους.
1202 1503 1362 1557 ’Δλλὰ
1387 1502 1495 1572 γὰρ
1529 1501 1717 1554 ἔλαθεν
1752 1499 1904 1570 ᾅδης,

324 1597 642 1669 προσθήκην
669 1596 918 1659 ἐλπίσας,
940 1597 1034 1648 καὶ
1070 1591 1164 1656 οὒς
1193 1595 1525 1663 προκατεῖχε
1575 1590 1904 1660 ζημιωθείς⁹

324 1688 505 1752 ἔλαθε,
531 1688 902 1756 κατασχήσειν
950 1684 1154 1756 οἰηθεὶς
1191 1670 1326 1753 imp"
1362 1683 1540 1754 ἑαυτῷ
1598 1685 1695 1752 τὴν
1738 1681 1906 1749 ζωὴν,

322 1783 450 1842 τοὺς
480 1781 711 1850 νεκροὺς
756 1779 864 1830 τῶν
915 1778 1165 1844 ὲγκὰτων
1209 1773 1588 1854 ἀποκενὼσαςδ
1629 1772 1909 1839 Ἐπεφάνη

1999 589 2185 660 utquid
2223 606 2302 643 me
2355 586 2727 656 deretiquisti.’
2760 594 2817 638 at
2843 583 3119 651 rumpitur
3147 581 3324 634 velum
3347 590 3586 649 paternae

1999 684 2219 743 domus,
2242 695 2351 748 quo
2381 677 2633 734 ostendat
2664 677 2840 741 Pater,
2869 680 3132 745 quautam
3168 671 3463 740 Unigenito
3489 686 3588 739 pa-

2001 778 2172 831 tiente
2212 774 2349 828 iram
2383 772 2724 842 conceperit,
2757 775 2926 837 utque
2969 766 3214 820 futurum
3244 766 3337 829 sit,
3365 772 3425 819 ut
3457 763 3584 832 quia

2002 864 2123 933 eius
2149 861 2402 931 corporis
2431 858 2695 928 templum
2735 857 2948 911 solvere
2990 851 3491 924 prmsumpsissent,
3519 864 3588 903 ex

2003 970 2104 1010 sua
2153 953 2241 1007 ille
2301 952 2467 1006 domo
2511 964 2608 1005 cos
2677 947 2968 1014 abrumpat
3017 953 3184 1012 atque
3235 941 3584 1002 cxterminet,

2003 1047 2136 1117 quin
2174 1054 2227 1099 et
2255 1058 2284 1097 a
2315 1041 2497 1096 divina
2548 1054 2645 1094 sua
2685 1036 3026 1107 providentia
3066 1050 3160 1102 per
3193 1031 3588 1101 iuspectionem

2007 1145 2350 1207 protegente,
2385 1134 2534 1187 velut
2565 1132 2855 1199 abruptos,
2899 1128 3088 1197 procul
3134 1126 3378 1194 ahjiciat.
3422 1121 3592 1175 Latus

2009 1231 2198 1305 lancea
2234 1226 2567 1296 perforatur,
2609 1221 2700 1275 sed
2740 1219 2865 1274 vide
2910 1216 3342 1272 immortalitatis
3391 1212 3591 1274 fontes,

2008 1303 2331 1392 sanguinem
2359 1325 2413 1372 et
2455 1329 2678 1384 aquam,
2723 1312 2850 1366 inde
2892 1317 3203 1364 manantes.
3254 1305 3463 1360 Linteis
3504 1303 3594 1356 fu-

2011 1410 2275 1468 nebribus
2299 1394 2617 1468 involvitur,
2656 1418 2720 1456 ac
2747 1410 2893 1457 terra
2929 1401 3207 1460 conditur,
3235 1408 3594 1463 versaturque

2009 1520 2136 1558 cum
2169 1501 2405 1557 mortuis
2435 1519 2450 1554 :
2489 1497 2582 1553 sed
2611 1501 2810 1566 sponte
2841 1491 2985 1548 cedit
3039 1490 3340 1561 periculum
3374 1486 3596 1540 facienti

2011 1595 2254 1659 inferno,
2286 1603 2346 1644 ut
2378 1604 2479 1645 sua
2510 1589 2630 1658 ipse
2671 1586 2737 1639 ad
2794 1585 2958 1652 breve
3003 1589 3222 1649 tempus
3278 1572 3596 1630 detentione

2012 1702 2133 1750 eos,
2157 1683 2251 1754 qui
2280 1689 2544 1752 perpetuo
2574 1679 2642 1732 ibi
2674 1676 3084 1734 detinebantur,
3105 1671 3389 1725 educeret.
3415 1666 3598 1719 Enim-

2017 1792 2148 1832 vero
2180 1775 2436 1829 nesciens
2467 1759 2740 1833 infernus,
2766 1767 2896 1819 dum
2925 1762 3360 1817 additamentum
3387 1764 3595 1825 sperat,

323 1870 433 1941 γὰρ
466 1871 581 1929 τοῖς
611 1869 672 1920 ὲν
709 1864 1048 1929 σκοτεινο¹ίς¹1
1081 1867 1176 1918 καὶ
1212 1864 1342 1934 σκιᾷ
1380 1843 1617 1917 Θανάτου
1666 1860 1908 1930 καθημέ-

2022 1872 2182 1919 etiam
2216 1877 2312 1918 eos
2339 1861 2523 1915 amisit
2553 1872 2692 1926 quos
2736 1855 2890 1924 prius
2939 1847 3281 1919 possederat.
3315 1843 3599 1903 Nesciens,

323 1978 435 2026 vet;
467 1961 502 2030 ἡ
530 1960 727 2022 ἄδυτος
769 1956 1051 2028 Ἀνατολὴ,
1085 1956 1180 2010 καὶ
1211 1957 1345 2027 πρὸς
1374 1957 1434 2008 τὸ
1465 1953 1582 2022 φῶς
1610 1953 1908 2024 ἐξέδραμον

323 2053 424 2123 τῆς
453 2052 622 2122 ζωῆς.
663 2051 778 2104 Οὐκ
812 2048 1073 2117 ἔστερξαν
1101 2049 1150 2100 οἱ
1181 2047 1425 2116 πυλωροὶ
1454 2046 1548 2099 τὸν
1588 2047 1666 2108 είς
1696 2044 1914 2116 ἐκδίκη-

328 2159 412 2196 σιν
444 2142 557 2194 τῶν
595 2140 956 2211 κακουμένων
1001 2137 1467 2208 παραγενόμενον.
1527 2131 1675 2188 Εἶδον
1709 2135 1912 2188 παναλ-

326 2237 414 2287 κεῐ
445 2235 621 2304 δεξιᾷ,
659 2234 730 2286 τὰ
761 2234 1051 2287 ἁθάναταο
1099 2227 1473 2300 σκυλευόμενα
1518 2229 1764 2296 ταμιεῖα,
1822 2225 1914 2278 καὶ

328 2325 558 2394 ἔφριξα-δ
598 2322 868 2377 ἀνθοῦσαν
912 2324 1010 2394 τὴν
1053 2323 1388 2393 ἀφθαρσίαν,
1438 2320 1534 2375 καὶ
1580 2321 1678 2391 τὴν
1710 2318 1915 2387 φθορὰν

332 2418 767 2489 μαραινομένην,
809 2417 904 2471 καὶ
961 2418 1132 2490 ταύτῃ
1185 2417 1772 2486 συναπεμαρὰνθησαν.
1825 2408 1917 2466 Εἷ-

328 2512 420 2565 δον
478 2514 720 2582 μνημεῖα
756 2511 1083 2579 ἀνοιγόμενα
1119 2508 1163 2572 ί,
1199 2509 1294 2560 καὶ
1346 2507 1575 2577 νεκροὺς
1617 2507 1724 2558 τῶν
1781 2506 1918 2575 ἀφύ·

332 2617 480 2655 κτων
509 2599 696 2652 πυλῶν
724 2599 949 2668 ἀκμαίῳ
975 2598 1099 2650 ποδὶ
1134 2597 1396 2663 ἐξιόντας,
1431 2599 1526 2649 καὶ
1576 2598 1677 2664 τὴν
1705 2595 1920 2648 ἐλευθε-

336 2692 460 2764 ρίαν
507 2691 858 2761 χορεύοντας,
901 2691 998 2744 καὶ⁹
1044 2690 1184 2760 προς
1249 2689 1478 2750 ἑαυτοὺς
1532 2686 1917 2757 συνεφύροντο.

335 2781 491 2839 Εἴδεν
527 2783 659 2855 ᾅδης
688 2784 748 2837 τὸ
780 2785 977 2853 πικρὸν
1018 2782 1266 2850 κέντρον,
1302 2781 1330 2833 ὃ
1361 2780 1442 2850 τῷ
1482 2782 1626 2847 γένει
1673 2779 1918 2849 καθήλω-

339 2893 429 2930 σεν
464 2879 497 2947 ἡ
528 2877 848 2946 παράϐασις
896 2875 1306 2946 ἐξαιρούμενον,
1339 2875 1434 2925 καὶ
1475 2872 1610 2940 πρὸς
1631 2872 1693 2922 τὸ
1720 2872 1922 2922 οἰκεῖον

334 2972 813 3042 ἁνακομιζομένην
848 2972 948 3040 τὴν
989 2969 1170 3036 φύσιν,
1190 2968 1290 3037 τῆς
1322 2967 1724 3038 ἐπινεμομένης
1755 2964 1922 3032 αὐτὴν

336 3062 785 3135 ἀναρῤωσθεῖσαν
851 3048 1030 3121 νόσου,
1079 3060 1174 3112 καὶ
1222 3058 1298 3120 ὡς
1373 3057 1556 3110 οὐκέτι
1626 3053 1925 3122 συναγάγοι

337 3155 530 3224 ῥέοντα
554 3153 646 3206 τὸν
673 3152 877 3223 ταύτης
903 3151 1112 3224 καρπὸν
1146 3150 1366 3212 ἐννοῶν,
1396 3148 1590 3216 ὀδύνης
1613 3147 1710 3217 τὴν
1751 3145 1929 3215 ἄπλη-

2017 1958 2146 2011 dum
2178 1955 2344 2008 vitam
2377 1951 2518 2024 apud
2549 1964 2608 2004 se
2637 1947 2887 2000 detinere
2919 1949 3096 2012 putat,
3141 1946 3389 1993 mortuos
3422 1936 3601 1988 visce-

2020 2053 2175 2105 ribus
2202 2048 2404 2117 quibus
2441 2043 2758 2104 coercebat,
2785 2035 2998 2091 eﬂ‘udit.
3041 2029 3309 2101 Apparuit
3355 2025 3498 2079 enim
3535 2025 3602 2076 iis

2019 2136 2113 2205 qui
2149 2111 2482 2188 in-tenebris
2537 2143 2601 2198 ac
2631 2125 2822 2180 umbra
2859 2120 3052 2176 mortis
3081 2111 3603 2176 sedebaul,0riens,

2020 2227 2115 2296 qui
2150 2237 2408 2281 occasum
2441 2219 2641 2278 nescit,
2678 2216 2827 2284 iique
2855 2211 2921 2265 ad
2964 2210 3088 2262 vita:
3127 2205 3310 2259 lumen
3344 2213 3605 2254 accurre-

2025 2312 2479 2371 ιἰιιιι..1ξιιιίιοτθε
2526 2313 2788 2377 impetum
2833 2303 2955 2371 ejus
2995 2314 3058 2352 ac
3111 2293 3478 2364 prmsentiam,
3509 2289 3604 2359 qui

2024 2405 2088 2462 ad
2121 2402 2349 2460 aﬁlictos
2380 2394 2731 2456 ulciscendos
2765 2399 3012 2450 venerat,
3049 2385 3272 2442 nunime
3322 2387 3605 2440 sustinue-

2026 2509 2172 2550 runt.
2234 2490 2570 2548 Immortalia
2641 2487 2730 2539 illa
2812 2479 3154 2550 receptacula
3242 2473 3604 2542 omnipotenti

2025 2593 2248 2643 dextera
2279 2583 2505 2655 'spoliari
2535 2580 2812 2641 videntes,
2842 2572 3249 2626 cohorruerunt
3268 2567 3605 2621 efllorentem

2027 2677 2493 2745 incorruptionem
2531 2687 2593 2724 ac
2638 2664 3047 2735 corruptionem
3089 2660 3479 2717 tabescentem,
3509 2665 3607 2722 pa-

2030 2773 2272 2838 riterque
2320 2766 2421 2834 ipsi
2463 2759 2680 2815 abunde
2715 2755 3146 2812 contabuerunt.
3183 2747 3448 2802 Viderunt
3484 2756 3611 2811 ape-

2028 2863 2124 2917 riri
2156 2865 2534 2918 monumenta,
2584 2859 2946 2917 mortuosque
2973 2855 3171 2912 vegeto
3202 2839 3340 2910 pede
3393 2852 3457 2890 ac
3496 2837 3612 2889 ala-

2030 2957 2132 3019 cri,
2164 2947 2506 3008 ineluctabili
2535 2964 2563 3000 e
2591 2943 2839 2998 custodia
2871 2936 3299 3008 progredientes,
3332 2942 3612 3000 paruaque

2028 3045 2301 3102 libertatis
2328 3039 2529 3111 gaudio
2557 3037 2791 3090 choreas
2814 3031 3100 3091 ducentes,
3129 3040 3192 3078 ac
3227 3023 3366 3094 apud
3400 3036 3458 3074 se
3482 3036 3614 3074 cou-

2033 3137 2425 3194 fundebantur.
2465 3129 2615 3184 Vidit
2655 3123 2905 3181 infernus
2945 3129 3193 3173 amarum
3240 3114 3373 3168 illud
3419 3127 3484 3166 ac
3537 3111 3613 3164 le-

340 3209 464 3297 στον
496 3242 745 3312 ἐνεφόρει
777 3209 1042 3312 γαστέρα.
1074 3239 1261 3307 Τάφος
1311 3209 1508 3302 ξενίζει
1543 3209 1640 3290 τὸν
1668 3209 1919 3308 ύπεράνοέ

2033 3230 2181 3286 thaie
2211 3227 2506 3296 spiculum,
2549 3232 2660 3288 quo
2691 3231 2860 3286 genus
2883 3213 3180 3267 humanum
3207 3209 3280 3263 ob
3306 3214 3615 3273 transgres-

336 3333 444 3388 τῶν
474 3333 754 3405 οὐρανῶν·
787 3333 926 3386 ἀλλὰ
965 3332 1064 3402 τὴν
1104 3332 1350 3403 σαπρίαν
1395 3330 1503 3382 τῶν
1559 3327 1746 3397 τάφων
1793 3329 1929 3381 ἀποα

335 3427 609 3497 δυόμενοι,
656 3429 857 3496 νεαρὰν
890 3424 1082 3494 στολὴν
1113 3424 1210 3493 τῆς
1246 3421 1396 3490 ζωῆς
1441 3423 1492 3475 οί
1533 3423 1651 3474 ἐκεῖ
1681 3436 1926 3473 κατασα-

338 3519 534 3581 πέντες
588 3518 900 3571 ἐνδύονταιο
938 3516 1053 3569 ἀλλ’
1092 3515 1181 3568 ῐνα
1213 3518 1310 3568 καὶ
1358 3515 1616 3582 γυναῖκες
1663 3515 1728 3565 ἐκ
1756 3511 1931 3578 τάφου

339 3611 519 3682 χαρᾶς
542 3610 842 3678 εὐαγγέλια
879 3608 1164 3674 δέξωνται,
1197 3599 1273 3660 ὧν
1303 3605 1465 3678 ἔργον
1492 3606 1526 3675 ἠ
1557 3603 1725 3673 λύπη,
1769 3601 1863 3654 καὶ
1899 3602 1932 3670 ἡ

340 3703 518 3772 πρὸςε
541 3702 710 3768 τάφον
745 3700 1090 3768 κατοίκησις.
1129 3693 1238 3751 Ἦν
1273 3699 1383 3767 γὰρ
1426 3697 1490 3768 δὴ
1520 3695 1616 3750 καὶ
1644 3696 1804 3748 τοῦτο
1836 3693 1932 3744 τοῦ

342 3793 546 3854 παντὸς
600 3792 763 3863 ἔργου
817 3792 914 3859 τῆς
969 3790 1249 3859 σωτηρίας
1335 3787 1664 3848 ἀκόλουθον,
1723 3783 1936 3835 ἐκεῖθεν

341 3883 609 3937 ὁκοῦσαι·
661 3884 756 3951 Μὴ
789 3882 1065 3936 κλαίετεο
1109 3875 1172 3934 οὗ
1225 3879 1314 3932 διὰ
1361 3877 1460 3949 τὴν
1518 3879 1794 3943 ἀπόφασιν
1863 3873 1934 3924 τὰ

341 3977 558 4048 δάκρυα
612 3973 960 4042 ἀνεπήγαζε·
1011 3972 1104 4026 καὶ
1169 3970 1316 4040 ζωῆς
1373 3969 1582 4023 ἐκεῖθεν
1635 3967 1935 4036 λαμϐάνειν

348 4064 668 4134 μηνύματα,
703 4055 766 4116 οὗ
793 4061 1061 4132 νέκρωσις
1091 4059 1486 4130 ἐπεχωρίαζεν.

343 4171 434 4212 res
482 4157 700 4226 plenum
735 4154 920 4207 lmtitia
963 4154 1220 4206 nuntium
1251 4168 1281 4204 e
1311 4150 1562 4219 sepulcro
1608 4146 1925 4215 accipiunt;
1966 4151 2200 4209 quorum

347 4249 620 4318 sepulcro.
651 4245 790 4300 Nam
822 4246 1005 4300 ethoc
1039 4246 1319 4299 communi
1369 4243 1568 4296 salutis
1637 4249 1840 4294 nostrae
1900 4230 2255 4305 uegotiationi
2346 4233 2776 4281 consentaneum
2850 4227 2992 4279 erat,

348 4309 480 4396 illud
513 4357 528 4393 :
563 4338 747 4394 Nolite
791 4341 918 4410 ﬂere
939 4339 1023 4402 3';
1076 4339 1166 4391 ubi
1224 4345 1451 4407 propter
1503 4335 1669 4387 latam
1729 4331 2058 4387 sententiam
2114 4324 2261 4396 (55),
2338 4321 2597 4388 lacryma:
2650 4316 2807 4384 c0pia
2860 4309 3179 4365 difﬂuebant
3222 4322 3236 4358 :

2031 3325 2239 3381 sionem
2270 3315 2595 3372 transfixum
2649 3310 2820 3365 fuerat
2848 3345 2866 3370 ,
2911 3306 3022 3376 jam
3068 3307 3401 3360 extractum,
3458 3301 3617 3348 uatu-

2028 3424 2256 3478 ramque
2301 3407 2355 3460 in
2413 3403 2707 3473 pristinum
2756 3396 3066 3451 restitutam
3111 3398 3339 3453 statum,
3393 3398 3613 3439 recrea-

2029 3476 2254 3569 tamque
2279 3512 2345 3552 ex
2374 3511 2440 3549 eo
2491 3509 2602 3562 quo
2642 3486 3066 3544 conﬂictabatur
3111 3481 3342 3544 morbo;
3391 3476 3619 3541 foreque

2030 3594 2370 3660 intelligens,
2403 3595 2463 3640 ut
2498 3601 2564 3639 ne
2596 3581 2832 3651 amplius
2860 3563 3194 3631 difﬂuentem
3226 3571 3348 3640 ejus
3373 3567 3614 3621 fructum

2030 3686 2368 3741 collecturus
2402 3686 2571 3738 esset,
2601 3670 2990 3740 inexplebilem
3044 3673 3286 3718 ventrem
3333 3673 3494 3716 suum
3537 3656 3622 3709 in-

2031 3773 2176 3845 genti
2202 3769 2456 3825 cruciatu
2496 3761 2811 3831 complevit.
2850 3755 3176 3824 Sepulcrum
3210 3763 3336 3804 eum
3382 3744 3623 3815 hospitio

2031 3832 2253 3932 Excipit,
2303 3858 2398 3928 qui
2447 3855 2605 3908 crelis
2661 3850 2955 3904 sublimior
2997 3854 3122 3909 est;
3170 3851 3231 3895 at-
3276 3838 3475 3893 mortui
3527 3832 3622 3904 qui

2035 3954 2199 4010 isthic
2222 3952 2700 4019 computruerant,
2733 3939 2983 4010 deposita
3021 3935 3401 4005 sepulcrorum
3433 3935 3626 3998 putre-

2034 4049 2182 4109 dine,
2214 4015 2413 4096 uova'm
2447 4040 2572 4092 vita:
2604 4035 2803 4091 stolam
2855 4029 3114 4085 induunt.
3145 4015 3290 4092 Quin
3337 4032 3399 4077 et
3434 4017 3630 4074 mulie-

2252 4142 2410 4186 autea
2471 4143 2696 4193 munus,
2767 4139 2992 4188 mceror,
3027 4136 3092 4175 ac
3167 4113 3529 4172 commoratio
3569 4109 3627 4164 in

3054 4221 3114 4268 ut
3166 4211 3296 4266 inde
3378 4206 3634 4262 audirent

3304 4310 3359 4356 οι
3443 4305 3501 4352 υι
3569 4309 3636 4349 eo

349 4434 470 4488 loco
501 4432 626 4485 vitae
651 4429 854 4484 indicia
878 4431 1233 4490 sortirentur,
1261 4443 1425 4498 quem
1461 4440 1610 4479 mors
1651 4423 1806 4493 prius
1836 4420 2148 4475 obsederat.

432 4526 576 4579 Ἀλλ’
635 4523 682 4577 ὣ
741 4524 1008 4594 μακάριαι
1061 4515 1368 4590 γυναῖκες,Δ
1404 4520 1501 4574 καὶ
1554 4521 1654 4589 τῆς
1702 4517 1792 4567 ἐπὶ
1848 4518 1940 4567 τὸν
1975 4518 2017 4570 υ

348 4617 520 4685 τάφον
540 4615 860 4686 ὀρθρίσεως,
894 4611 1106 4667 καὶτοῦ
1139 4612 1307 4666 καλοῦ
1340 4611 1549 4664 ἐκείνου
1577 4611 1676 4664 καὶ
1695 4607 1944 4677 φθέγμα-

349 4726 440 4772 τος
460 4709 556 4763 καὶ
574 4708 865 4777 Θεάματοςί
887 4706 942 4759 αἳ
969 4705 1186 4776 πρῶται
1210 4706 1312 4777 μὲν
1328 4706 1389 4757 τὸ
1407 4702 1606 4774 χωρίον
1624 4701 1721 4770 τῆς
1739 4699 1950 4768 ἀφθαρ-

352 4801 473 4864 σίας
487 4799 675 4871 ὡραίῳ
695 4800 814 4853 ποδὶ
842 4798 1204 4864 κατελάϐετε,
1240 4796 1452 4868 πρῶται
1472 4796 1527 4848 δὲ
1555 4794 1616 4846 τί)
1643 4793 1784 4864 μέγα
1822 4790 1948 4860 τρό-

459 4958 505 4991 ³⁶
529 4956 664 5013 Luc.
697 4973 855 5014 mu.
879 4956 951 5009 28

2119 4510 2247 4575 Sed,
2292 4525 2326 4564 ο
2358 4507 2533 4561 beatte
2575 4501 2860 4560 mulieres,
2890 4502 3005 4546 tum
3036 4491 3107 4546 ob
3139 4489 3434 4542 adventum
3460 4481 3637 4550 primo

2055 4605 2297 4659 diluculo
2336 4600 2403 4654 ad
2446 4600 2883 4650 monumentum,
2934 4592 3049 4638 tum
3098 4583 3169 4635 ob
3208 4578 3638 4650 pulcherrimum

2059 4694 2189 4750 illud
2223 4700 2277 4747 et
2323 4690 2619 4759 alloquium
2657 4692 2712 4737 et
2762 4676 3161 4750 spectaculum,
3211 4685 3335 4741 qua:
3380 4666 3640 4721 nimirum

2061 4790 2248 4858 prima:
2301 4777 2734 4838 immortalitatis
2785 4774 2939 4827 illum
2990 4770 3171 4824 locum
3219 4763 3474 4836 specioso
3507 4757 3644 4828 pede

1645 5079 1882 5134 VAleE
1924 5075 2334 5133 LECTIONES.

876 5223 900 5250 θ
931 5210 1019 5266 ed.
1051 5207 1280 5261 ἀθέατα.
1399 5202 1418 5241 ί
1457 5201 1544 5258 ed.
1587 5199 1816 5268 διανοιγ.

426 5218 453 5258 ἀ
470 5218 557 5273 ed.
585 5215 792 5270 σκότει.

1895 5205 1921 5243 ε
1960 5197 2049 5251 ed.
2077 5194 2232 5266 περί.

1882 5312 2117 5370 NOTIE.

437 5427 548 5495 (35)
584 5425 810 5485 Propter
829 5420 1000 5495 _l_ata_m
1023 5416 1358 5495 sententiam.
1398 5413 1500 5495 me
1526 5413 1625 5479 τὴν
1653 5410 1949 5495 ἀπόφασιν.

359 5479 547 5556 miihi
577 5479 770 5548 auctor
791 5492 986 5544 alludit
1020 5488 1088 5541 ad
1120 5486 1299 5539 locum
1327 5484 1494 5556 horti,
1520 5496 1630 5551 quo
1661 5483 1809 5547 prius
1839 5479 1947 5556 lata

364 5550 474 5624 fuit
503 5566 697 5622 mortis
733 5559 1035 5619 sententia,
1073 5556 1316 5610 auctrice
1366 5550 1566 5607 femina
1615 5550 1948 5624 praevarica-

364 5618 640 5699 ﬁdium}.
681 5618 858 5698 cuius
887 5618 1105 5699 poenam
1156 5625 1247 5699 illa
1298 5624 1413 5699 lata
1444 5631 1528 5677 est
1558 5641 1571 5676 :
1606 5618 1766 5699 cujus
1821 5618 1943 5671 ideo

366 5691 567 5762 munus
601 5707 674 5758 sit
725 5691 928 5755 ni‘aerdr
975 5713 1037 5750 ac
1094 5695 1360 5749 habitatio
1402 5693 1456 5745 in
1516 5691 1800 5762 sepulcro;
1845 5702 1940 5754 pa-

368 5761 560 5832 rientis
587 5777 642 5829 in
672 5786 927 5830 maerore,
965 5770 1022 5820 ἐν
1053 5765 1249 5827 λύπαις
1273 5781 1286 5794 ·
1313 5764 1367 5817 in
1399 5761 1653 5825 tristitiis,
1692 5773 1854 5825 quam
1887 5766 1939 5832 et

373 5827 563 5903 ait-iiii
586 5827 784 5901 retinet
825 5827 1036 5904 vocem,
1090 5849 1191 5891 nec
1223 5834 1328 5889 nisi
1370 5833 1629 5888 mortales
1664 5844 1727 5884 ac
1756 5827 1934 5896 scpul-

2063 5408 2140 5460 cri
2186 5405 2543 5458 habitatores.
2587 5400 2836 5453 mortalis
2870 5398 2984 5464 ipsa
3027 5410 3090 5447 ac
3147 5391 3384 5461 sepulcri
3443 5389 3650 5443 incola.

2061 5475 2352 5545 Perperam
2380 5487 2511 5545 ergo
2553 5471 3075 5545 interpres,‘aptaiu
3132 5477 3346 5543 mecm,
3377 5477 3484 5514 non
3527 5465 3649 5526 apta

2057 5529 2745 5601 οόηῖηιιιιθιιε,’ἀπόϐασιή
2777 5529 2898 5590 ἀντὶ
2927 5529 3202 5601 ἀπόφασιν
3222 5529 3248 5561 ’“
3267 5533 3410 5596 quod
3439 5544 3639 5584 secun-

2053 5616 2182 5669 dum
2207 5619 2527 5668 constanter
2564 5610 2767 5662 habent
2809 5606 3050 5663 codices,
3086 5619 3183 5656 sua
3222 5617 3330 5654 nun
3360 5601 3524 5659 bona,
3573 5613 3640 5650 ac

2051 5684 2304 5738 acumine
2356 5697 2545 5744 vacua,
2586 5679 2745 5732 bonis
2787 5692 2850 5731 ac
2885 5674 3182 5728 subtilibus
3229 5671 3468 5724 auctoris
3500 5673 3644 5721 sub-

2046 5755 2248 5811 stituit.
