4086 6298
425 332 530 401 115
1697 337 1978 401 LEONIS
2015 337 2485 402 PHILOSOPHI
2794 399 2797 402 _
3615 333 3721 401 116

425 445 554 500 cat?
582 443 639 499 Id
674 443 838 500 hodie
879 445 1200 516 unigenitus
1239 444 1336 502 Dei
1368 444 1545 503 Filius
1592 447 1829 519 impleas
1854 488 1871 513 ,
1907 456 2016 503 ter-
2048 448 2071 508 1

2176 451 2268 504 ετά
2306 451 2419 505 τῶν
2439 450 2597 505 κάτω
2634 446 2712 514 ὡς
2749 448 3040 521 ἅνθρωπος
3068 443 3522 517 συναναστροφὴν
3544 460 3560 477 ο
3590 434 3725 517 πρὸς

426 543 660 592 restrem
697 537 943 606 quidem,
968 553 1068 608 pro
1098 538 1342 593 humana
1374 538 1607 605 ratione,
1640 541 2020 596 conversatio.

2176 560 2184 594 :
2236 542 2326 596 τον
2381 539 2785 596 ἀποστείλαντα
2834 526 3416 608 ἀνασαίνειῐιατέρα,
3467 536 3725 609 ἀπαρχὴν

428 646 553 685 nem
609 630 915 699 relinquit;
978 630 1234 684 ascendit
1281 645 1418 685 vero
1472 630 1540 685 ad
1599 630 1817 686 Patrem
1857 670 1874 691 .
1923 631 2021 702 qui

2176 633 2281 705 5τῷ
2328 633 2427 688 καὶ
2470 630 2933 703 διαλλακτήριον,
2980 630 3050 702 ἢν
3107 628 3170 695 si
3212 626 3381 701 ἡμῶν
3431 626 3722 701 εξεφὸρεσε

428 720 713 786 misisset,
753 720 919 789 eique
954 720 1270 791 primitias,
1316 736 1385 777 ac
1433 738 1544 792 quo
1592 724 2024 791 reconcilietur,

2176 726 2331 796 ἄρκα,
2366 727 2574 799 φέρων.
2617 725 2873 797 Σήμερον
2920 722 3034 796 γὰρ
3085 720 3413 795 δήμέτερος
3458 719 3591 791 χούς
3636 718 3725 774 ἔπ’

426 832 592 886 quam
618 830 685 871 ex
720 816 884 871 nobis
908 829 1130 870 carnem
1164 816 1441 881 induerat,
1463 816 1642 873 ollert.
1673 816 1846 873 Hodie
1874 833 2029 873 nam-

2181 834 2299 889 μων
2347 816 2797 889 ἁναλαμδάνεται
2839 813 3147 886 Χερουϐὶμ,
3188 812 3285 870 καὶ
3316 811 3428 867 τῶν
3456 810 3727 868 ὶνδοτὰτω

431 922 542 976 que
572 905 754 976 pulvis
791 917 982 961 noster
1017 921 1184 976 supra
1228 904 1672 962 Cherubinorum
1722 908 2028 979 suscipitur

2176 908 2664 981 αραπετασμάτων
2724 904 3021 979 γενόμενος
3074 905 3154 979 τῷ
3208 902 3475 977 βασιλικῷ
3517 902 3730 975 ἑνιδρύο

429 996 719 1061 humeros,
765 996 1024 1068 intraque
1063 998 1258 1053 intima
1309 1006 1571 1070 receptus
1616 1001 1805 1073 adyta,
1856 1002 2028 1071 regali

2176 1018 2281 1056 ιται
2332 1001 2533 1073 θρόνῳ.
2583 1000 2834 1074 Σήμερον
2891 998 2954 1056 αἱ
3011 995 3127 1056 ἄνω
3187 997 3461 1068 Δυνάμεις
3519 994 3728 1067 ὁρῶσαι

432 1088 573 1145 solio
602 1089 932 1145 collocatur.
980 1088 1155 1144 Hodie
1202 1104 1456 1162 supernae
1479 1092 1750 1159 Virtutes,
1792 1093 2027 1149 formam

2176 1091 2355 1162 ορφὴν
2391 1090 2579 1144 ἔνυλον
2622 1090 2717 1145 ἐπὶ
2752 1088 2945 1147 νώτων
2978 1088 3354 1159 ἔποχουμένην
3375 1086 3583 1152 ἀΰλων,
3632 1086 3729 1158 καὶ

431 1183 683 1238 videntes
726 1182 972 1236 materia:
1006 1195 1349 1249 concretam,
1396 1185 1557 1254 quasi
1595 1185 1767 1241 dorso
1805 1184 2030 1255 spirita-

2176 1184 2476 1245 εσποτικῶς
2524 1184 2662 1256 πρὸς
2720 1183 2823 1248 τὰς
2850 1181 3264 1256 ὓπερκοσμίους
3306 1179 3571 1235 ἀνιοῦσαν
3598 1179 3729 1248 ditt

439 1275 573 1328 lium
596 1288 663 1329 ac
692 1275 1003 1345 expet-tium
1021 1288 1256 1345 corpore
1273 1275 1570 1337 invectam,
1594 1273 1805 1329 Domini
1834 1287 2029 1329 aucto-

2176 1292 2251 1341 ις,
2284 1273 2364 1338 είς
2390 1273 2600 1346 ἄπορον
2634 1273 3010 1345 περιίσταντο.
3050 1271 3303 1345 Σήμερον
3332 1272 3361 1323 ὁ
3387 1267 3582 1341 Σωτὴρ
3615 1270 3731 1332 τοῖς

434 1368 602 1420 ritate
656 1362 732 1419 in'
775 1365 1034 1421 ctelestes
1086 1364 1476 1421 ascendentem
1529 1382 1664 1421 axes
1693 1406 1709 1429 ,
1759 1367 2033 1435 ancipites

2181 1365 2404 1436 αοηταῖι,
2451 1368 2509 1419 ὲν
2534 1364 2656 1438 ὄρει
2696 1365 2804 1419 τῶν
2840 1362 3109 1429 Ἐλαιῶν,
3133 1363 3205 1417 τὰ
3262 1361 3470 1416 ὕστατα
3519 1362 3597 1424 ὡς
3642 1358 3735 1415 ἄν·-

437 1457 630 1523 animi,
663 1457 929 1527 quidnam
961 1456 1065 1512 hoc
1090 1466 1261 1522 esset,
1305 1456 1656 1512 hzesitarunt.
1693 1456 1870 1513 llodie
1908 1457 2031 1512 Sal-

2176 1474 2353 1528 ρωπος
2380 1457 2618 1527 ὁμιλῶν,
2664 1454 2921 1530 civi-tnui
2965 1454 3303 1530 ἀπ’-αὑτῶν,
3346 1454 3422 1519 ὡς
3451 1453 3607 1519 Θεὸς.
3652 1455 3735 1515 εἰς

437 1557 634 1611 vatur,
683 1556 979 1619 postquam
1039 1547 1331 1619 discipulis
1387 1550 1441 1604 in
1495 1558 1686 1605 monte
1749 1550 2033 1606 Olivarum

2176 1550 2393 1619 ὒρανόν.
2436 1549 2602 1606 Ἀλλὰ
2632 1551 2747 1619 γὰρ
2780 1528 3205 1623 παραλαμέάνει
3236 1549 3365 1610 τοὺς
3407 1546 3659 1617 μαθητὰς
3703 1544 3733 1597 6

439 1638 607 1693 verba
640 1652 902 1708 suprema
933 1638 1179 1695 humano
1215 1654 1373 1694 more
1403 1638 1665 1704 fecisset,
1709 1640 1893 1696 divina
1932 1656 2032 1711 po-

2178 1639 2350 1713 ωτὴρ,
2388 1641 2487 1695 καὶ
2508 1642 2719 1696 ἄνεισιν
2757 1640 2839 1706 εἰς
2864 1640 2925 1694 τὸ
2962 1640 3092 1711 ὅρος
3116 1638 3228 1693 τῶν
3268 1636 3501 1692 Ἐλαιῶν
3528 1654 3544 1668 ο
3576 1635 3735 1692 τοῦτο

440 1738 641 1787 testate
673 1733 744 1787 ab
772 1733 855 1787 eis
895 1732 950 1787 in
994 1733 1198 1787 ctelum
1228 1736 1484 1790 evolavit.
1506 1733 1836 1800 Enimvero,
1872 1746 2036 1792 asan-

2176 1732 2263 1794 .ὲν,
2301 1734 2385 1787 ὅτι
2419 1733 2600 1787 ἐκεῖνο
2623 1733 2686 1787 τι
2716 1728 2863 1804 ἱερὸν
2901 1729 3031 1804 ὅρος
3050 1728 3163 1784 τῶν
3187 1728 3617 1802 μυπικωτέρων
3643 1727 3737 1801 Ep.

441 1836 599 1876 mens
629 1820 883 1876 Salvator
914 1822 1241 1891 discipulos,
1275 1838 1381 1877 una
1410 1840 1538 1883 cum
1574 1826 1656 1880 eis
1697 1825 1944 1882 ascendit
1978 1828 2033 1882 in
2066 1813 2071 1860 λ

2176 1842 2252 1877 ων
2292 1816 2468 1897 Ἰησοῦ
2489 1823 2689 1895 χωρίον
2730 1826 2936 1878 εἴθιστο
2973 1823 3225 1893 γίνεσθαι
3253 1838 3269 1853 ο
3314 1821 3439 1889 ἐμοὶ
3462 1820 3520 1874 δὲ
3564 1819 3737 1884 δοκεῖ,

444 1922 688 1967 montem
718 1909 1006 1967 Olivarum
1040 1932 1055 1969 :
1084 1911 1231 1984 quod
1262 1914 1521 1970 nimirum
1549 1932 1711 1972 mons
1736 1916 1829 1972 ille
1852 1933 2033 1980 sacer,

2176 1914 2353 1985 ψηλῆς
2405 1914 2686 1980 πολιτείας
2725 1917 2819 1972 καὶ
2855 1916 2943 1970 διὰ
2980 1914 3176 1969 τούτου
3203 1913 3453 1983 δόγματα
3478 1912 3603 1975 ταῖς
3629 1910 3742 1965 τῶν

442 2001 598 2059 locus
644 2018 769 2061 esse
804 2004 1191 2062 consuevisset
1213 2045 1229 2073 ,
1273 2007 1366 2061 ubi
1396 2004 1560 2063 Jesus
1599 2021 1768 2075 opera
1803 2023 2038 2081 quaeque

2180 2008 2452 2078 νθρώπων
2473 2010 2771 2080 ἐγγράφων
2802 2004 3024 2079 ψυχαῖς.
3057 2008 3302 2077 Οὐδεμία
3328 2006 3441 2077 γὰρ
3469 2005 3741 2074 σωτήριος

441 2097 788 2152 abstrusiora
833 2098 1170 2167 designaret.
1207 2101 1275 2153 At
1309 2100 1529 2154 videtur
1567 2101 1700 2155 mihi
1763 2102 1865 2157 hoc
1900 2116 2040 2173 pne;

2176 2101 2367 2172 τρᾶξις,
2394 2104 2455 2154 εν
2475 2095 2510 2177 ᾖ
2530 2100 2654 2175 οὐχὶ
2682 2101 2888 2174 θεωρία
2920 2102 3309 2173 μυπικωτέρα
3338 2096 3739 2169 ὲγκέκρυπται.

442 2193 592 2242 terea
629 2202 730 2243 suo
763 2188 911 2242 facto
941 2189 1186 2244 voluisse
1207 2228 1221 2251 .
1255 2188 1599 2245 sublimioris
1630 2191 1924 2261 cujusdam
1954 2192 2039 2244 ri-

2176 2197 2208 2247 ’ί
2258 2190 2354 2251 οὖν
2384 2192 2638 2248 ἐντεῦθεν
2684 2193 2972 2259 παιδεύεις
3020 2194 3234 2266 Χρῆναι
3281 2194 3410 2256 τοὺς
3459 2192 3577 2247 ὅσοι
3633 2189 3744 2244 τῶν

440 2280 604 2334 vendi
640 2280 874 2335 rationis
919 2281 1267 2351 disciplinam
1291 2321 1308 2348 ,
1346 2282 1664 2337 mortalium
1714 2284 1916 2340 animis
1950 2285 2038 2338 iu-

2176 2284 2415 2355 ὑρανίων
2463 2286 2674 2356 ἀψίδων
2724 2285 3058 2340 ἐπιϐαίνειν
3093 2284 3277 2357 ἔρωτα
3331 2284 3556 2355 ἔχουσι,
3632 2282 3746 2335 τῶν

430 2373 710 2428 :scribere.
738 2373 896 2426 Nulla
929 2374 1073 2426 enim
1098 2380 1183 2427 est
1206 2371 1414 2427 Christi
1452 2371 1763 2428 Salvatoris
1785 2375 1952 2438 actio,
1983 2374 2037 2429 in

2176 2377 2445 2448 εεριγείων
2491 2379 2587 2430 καὶ
2638 2377 3001 2447 χαμαιζήλων
3039 2377 3299 2449 ὑπεράνω
3336 2374 3618 2446 γενέσθαι,
3650 2371 3748 2427 διαὶ

443 2480 551 2534 qua
581 2479 689 2519 non
730 2463 1037 2534 spiritalior
1071 2464 1431 2533 intelligentia
1492 2479 1559 2519 ac
1611 2479 1811 2520 sensus
1853 2466 2041 2521 lateat.

2176 2469 2255 2540 ψη
2294 2468 2590 2539 βεϐηκέναι
2614 2469 2715 2539 τῆς
2738 2470 2943 2541 ἀρετῆς
2973 2481 2988 2499 ο
3017 2469 3255 2539 μάλιστα
3284 2469 3383 2538 μιν
3406 2469 3495 2520 διὰ
3518 2464 3748 2529 παντὸς,

443 2554 587 2623 Quid
618 2554 785 2625 igitur
817 2555 1083 2609 doctrinae
1112 2554 1206 2609 hic
1228 2552 1387 2609 nobis
1407 2555 1829 2622 praescribitur?
1857 2554 2027 2609 Vide-

2179 2562 2271 2615 ἰδὲ
2302 2562 2375 2631 μή
2395 2578 2483 2629 γε,
2539 2558 2657 2613 ἀλλ’
2686 2556 2780 2614 οὖν
2809 2576 2875 2630 γε
2902 2561 3032 2624 τοὺς
3059 2560 3169 2614 ἀπὸ
3196 2559 3291 2615 τοῦ
3322 2558 3559 2629 γεώδους
3593 2557 3751 2626 uixq-

449 2648 580 2702 licet
612 2662 711 2702 eos
745 2646 839 2716 qui
885 2660 1050 2717 regna
1082 2646 1331 2702 crelestia
1368 2649 1633 2701 scandere
1673 2648 2036 2710 desiderant,

2180 2651 2339 2722 ηρίου
2376 2651 2692 2724 ἀποδημίαν
2745 2653 3129 2725 ποιουμένους,
3173 2652 3334 2724 εἴπερ
3384 2648 3569 2721 μέλλοι
3614 2649 3752 2719 ἡμῖν

444 2736 646 2794 debere
681 2739 890 2792 caduca
920 2738 1034 2792 haec
1059 2745 1113 2791 et
1154 2737 1384 2791 humilia
1426 2737 1823 2792 transcendere
1846 2782 1859 2803 ,
1896 2751 1951 2793 et
1982 2739 2038 2793 in

2176 2742 2530 2814 ιποδημοῦσιν
2551 2742 2734 2807 καλῶς
2764 2742 2933 2816 ἔχειν.

446 2829 617 2885 altum
654 2828 877 2883 virtutis
908 2827 1027 2883 sine
1063 2826 1479 2884 intermissione
1508 2828 1644 2883 eniti
1695 2837 1747 2883 et
1793 2830 2090 2886 subvolare
2132 2850 2150 2887 :
2204 2834 2288 2888 sin
2320 2833 2526 2898 minus,
2573 2844 2631 2889 at
2692 2845 2846 2892 certe
2919 2848 3019 2889 eos
3057 2831 3155 2904 qui
3236 2848 3267 2886 a
3316 2829 3567 2886 terrestri
3642 2828 3754 2885 isto

449 2924 773 2994 emigraturi
814 2933 944 2979 sunt
972 2922 1375 2986 tabernaculo;
1412 2921 1686 2992 siquidem
1711 2936 1862 2977 curre
1884 2922 2050 2979 nobis
2089 2925 2200 2989 sit,
2234 2942 2361 2982 cum
2393 2926 2525 2982 hinc
2566 2926 2952 2998 emigrandum
2987 2926 3096 2981 erit
3119 2966 3134 2988 .
3164 2925 3302 2979 bene
3369 2919 3531 2979 nobis
3603 2936 3753 2978 esse.

524 3016 703 3073 Vultis
719 3025 781 3071 ut
806 3025 860 3071 et
888 3029 1183 3069 numerum
1213 3012 1431 3068 dierum
1452 3012 1833 3084 expendamus
1852 3013 1880 3068 3
1903 3011 2047 3068 Puto

451 3110 600 3165 enim
629 3124 740 3164 non
764 3108 1036 3178 ingratam
1071 3106 1381 3176 spiritalem
1416 3120 1615 3159 eorum
1638 3106 2049 3161 consideratio-

2229 3015 2497 3071 Βούλεσθε
2533 3015 2629 3074 καί
2662 3017 2794 3088 περί⁸
2828 3015 2924 3070 τοῦ
2971 3015 3084 3070 τῶν
3109 3013 3331 3086 ἡμερῶν
3358 3012 3595 3083 ἀριθμοῦ
3621 3012 3763 3067 θεω-

2158 3110 2417 3181 ρήσωμεν
2442 3124 2458 3175 ;
2476 3101 2645 3179 Οἶμαι
2666 3108 2779 3179 γὰρ
2797 3108 2900 3163 οὐκ
2917 3108 3088 3180 ἄχαρι
3111 3109 3223 3170 τοῖς
3243 3104 3759 3178 θεωρητικωτὲροις

456 3215 582 3256 nem
618 3199 687 3255 iis
725 3197 862 3260 fore.
903 3197 995 3268 qui
1040 3196 1283 3267 penitins
1320 3195 1452 3250 talia
1504 3192 1871 3264 intrOSpicere
1914 3210 2052 3249 con-

2176 3198 2307 3265 ῑόξαι
2354 3198 2427 3252 τὰ
2470 3198 2882 3270 τεθεωρημένα.
2927 3197 3070 3266 Ἐγὼ
3098 3197 3207 3268 γὰρ
3240 3198 3339 3270 οὐχ
3380 3195 3569 3259 ἁπλῶς
3610 3195 3761 3250 οὕτω

458 3299 782 3348 sueverunt.
809 3286 1000 3359 Neque
1022 3288 1168 3343 enim
1203 3286 1279 3341 ita
1308 3294 1539 3349 temere,
1567 3301 1632 3339 ac
1661 3286 1814 3340 nulla
1844 3286 2061 3343 ratione

465 3384 680 3450 habita,
706 3399 834 3439 eum
870 3396 1167 3437 numerum
1198 3380 1443 3434 arbitror
1487 3378 1776 3433 Dominum
1819 3380 2063 3450 comple-

460 3478 633 3543 visse,
670 3491 774 3532 nec
793 3475 902 3531 nisi
939 3487 1148 3529 arcano
1179 3486 1245 3526 ac
1272 3471 1564 3525 secretiori
1592 3470 1850 3533 consilio.
1873 3471 2062 3527 statim

462 3578 748 3628 transacto
777 3569 872 3621 illo
894 3566 1109 3622 dierum
1146 3578 1405 3626 numero,
1427 3563 1600 3617 caelos
1633 3562 1880 3633 petiisse.
1917 3561 2061 3630 Quid

461 3674 598 3732 ergo
634 3656 912 3713 dicimus?
933 3653 1237 3720 Nimirum,
1266 3652 1517 3708 videmus
1546 3652 1719 3724 legem
1749 3650 2063 3707 futurorum

462 3754 671 3812 habere
688 3754 1001 3822 unaginem,
1027 3763 1091 3804 ac
1113 3763 1235 3819 quae
1252 3754 1399 3802 statu
1432 3762 1534 3802 suo
1554 3785 1573 3811 ,
1593 3754 1798 3801 statum
1821 3745 1900 3799 illi
1936 3760 2065 3801 suc.

464 3844 769 3902 cedaneum
812 3843 881 3899 iis
932 3848 1293 3912 repraesentet
1358 3849 1525 3909 atque
1559 3839 1925 3902 demonstret,
1969 3838 2065 3906 qui

468 3944 706 3993 mentem
727 3936 889 4006 plane
904 3941 1240 3990 excaecatam
1266 3947 1375 3986 non
1398 3930 1620 3985 habent.
1642 3928 1785 3984 Cum
1805 3944 1936 3999 ergo
1979 3928 2067 3982 lex

467 4031 600 4095 illis,
623 4031 717 4100 qui
736 4044 802 4084 ex
824 4027 1187 4097 corruptione
1200 4025 1313 4081 nati
1336 4025 1575 4086 fuerant,
1592 4038 1690 4094 per
1711 4022 1859 4077 hunc
1876 4035 2070 4075 nume-

468 4139 594 4179 rum
620 4133 881 4192 tanquam
916 4135 1014 4191 per
1044 4133 1268 4175 sacrum
1300 4115 1596 4188 quemdam
1630 4114 2069 4171 introductorent

469 4232 537 4273 ac
560 4216 820 4271 aedituum
845 4255 862 4280 ,
894 4212 1105 4267 aditum
1129 4209 1199 4265 ad
1233 4216 1426 4265 sancta
1449 4202 1873 4264 concederet'ac
1912 4214 2075 4275 pate-

471 4310 675 4365 faceret
709 4328 724 4362 :
758 4305 887 4361 hinc
910 4304 1078 4373 etiam
1105 4303 1212 4357 hoc
1234 4314 1473 4356 numero
1531 4298 1748 4355 dierum
1783 4297 2069 4361 absoluto,

468 4401 725 4458 Christus
777 4396 1187 4469 primogenitae
1242 4408 1309 4449 ex
1361 4390 1598 4446 mortuis
1646 4390 1865 4455 lactus,
1905 4403 1970 4443 ac
2011 4388 2074 4441 ll—

457 4486 691 4570 gmeuto
727 4488 1202 4546 immortalitatem
1254 4483 1524 4548 initians,
1569 4482 1625 4537 in
1671 4481 2071 4570 supercmleste

461 4600 636 4645 suum
664 4582 931 4652 templum
970 4581 1348 4651 ingressurus,
1378 4574 1710 4630 assumitur.
1754 4570 1957 4627 Verum
1994 4569 2071 4624 ita

464 4684 746 4753 stiritalis
776 4676 1053 4750 ejusmodi
1080 4670 1444 4742 intelligentia
1476 4670 1678 4725 habeat
1706 4687 1720 4735 ;
1756 4682 1923 4737 quam
1954 4665 2074 4721 lor-

468 4776 641 4833 tassis
689 4768 1145 4841 contemplationi
1187 4764 1430 4822 deditior
1477 4762 1700 4818 animus
1746 4758 1896 4814 haud
1946 4770 2074 4829 gra-

466 4885 521 4920 νι
544 4876 600 4924 te
641 4864 861 4935 assequi
896 4868 1083 4933 queat.
1115 4858 1227 4915 Nos
1263 4866 1451 4935 autem
1515 4852 1583 4907 ad
1628 4849 2075 4908 sacratissimum

470 4959 629 5013 illum
665 4931 1234 5015 montem—abeamus,
1259 4948 1353 5005 ubi
1378 4931 1634 5001 Salvator
1654 4956 1855 5001 manus
1883 4951 2077 4996 exten-

480 5053 618 5107 dens
654 5045 1101 5105 benedictionem
1136 5036 1433 5111 discipulis
1467 5034 1733 5105 impertit.
1773 5032 1945 5087 Sacro
1977 5047 2075 5102 pa-

476 5146 618 5200 riter
647 5144 822 5197 choro
855 5150 1221 5210 aggregemur
1243 5174 1261 5200 ,
1292 5147 1359 5188 ac
1398 5142 1620 5200 eaquae
1651 5126 1709 5182 in
1743 5135 1929 5180 monte
1955 5139 2081 5195 per—

478 5223 741 5308 aguntur,
775 5230 1047 5289 secretius
1077 5224 1491 5282 condiscamus.
1520 5219 1639 5275 Sub
1667 5218 1793 5273 illas
1821 5229 1923 5270 nos
1963 5229 2079 5268 ma-

480 5342 587 5384 nus
640 5326 998 5395 ingeramus,
1045 5332 1173 5390 quae
1206 5329 1466 5386 expansa:
1495 5309 1824 5382 discipulis,
1874 5323 1925 5361 at
1986 5322 2085 5377 per

481 5435 579 5477 eos
611 5417 878 5472 universo
931 5410 1184 5475 mundo,
1231 5406 1674 5464 benedictionem
1730 5401 1883 5458 velut
1929 5408 2083 5457 sorte

483 5510 856 5569 distribuunt.
907 5501 1170 5560 Extendit
1213 5500 1362 5556 enim
1422 5512 1579 5553 meus
1623 5492 1788 5551 Iesus
1840 5501 2086 5559 manus,

486 5620 596 5663 non
633 5604 745 5677 iam
773 5596 1071 5658 transiian
1133 5608 1311 5653 neeue
1346 5598 1406 5649 ut
1445 5588 1800 5647 maledictum
1835 5585 1956 5657 ipse
1989 5596 2085 5638 vo-

2163 3290 2302 3363 μετὰ
2360 3291 2463 3362 τὴν
2515 3292 2737 3360 ἔγερσιν
2827 3289 3288 3361 συμπερανασθαι
3359 3288 3547 3342 τοῦτόν
3614 3304 3762 3357 φημι

2158 3380 2252 3434 τὸν
2293 3379 2530 3453 ἀριθμὸν
2575 3381 2669 3433 τὸν
2710 3380 3015 3451 Δεσπότην,
3045 3380 3168 3434 οὐδὲ
3204 3378 3379 3452 χωρὶς
3414 3379 3578 3449 λόγου
3614 3380 3763 3443 τινὸς

2166 3474 2607 3546 μυστικωτέρου,
2633 3470 2837 3527 αὐτίκα
2884 3472 3023 3543 μετὰ
3056 3471 3159 3541 τὴν
3204 3469 3605 3542 συμπλήρωσιν
3649 3470 3766 3523 τῶν

2161 3564 2387 3637 ἡμερῶν
2412 3567 2494 3628 είς
2522 3562 2790 3635 οὐρανοὺς
2834 3562 3149 3631 ἀναπτῆναι
3193 3563 3285 3613 τὸν
3330 3560 3536 3631 Λόγον.
3594 3559 3763 3615 Ἀλλά

2162 3657 2218 3710 τί
2238 3671 2424 3727 φημις
2477 3653 2733 3726 Ὁρῶμεν
2757 3653 2849 3707 τὸν
2882 3652 3071 3723 νόμον,
3096 3648 3269 3704 τύπον
3309 3649 3421 3703 τῶν
3457 3648 3766 3723 μελλόντων

2166 3748 2439 3817 ὲπέχοντα
2464 3783 2482 3809 ,
2536 3746 2633 3797 καὶ
2683 3743 2781 3815 τὴν
2842 3742 3057 3799 ἐκεῖθεν
3107 3740 3473 3803 κατάστασιν,
3523 3742 3638 3802 τοῖς
3689 3741 3766 3809 μὴ

2167 3834 2452 3900 παντελῶς
2484 3835 2579 3891 τὸν
2616 3833 2744 3888 νοῦν
2789 3834 3122 3903 ἀναπήροις,
3145 3834 3213 3902 τῇ
3246 3830 3373 3885 καθ’
3413 3829 3608 3885 ἑαυτὸν
3640 3830 3770 3883 ὑποο

2168 3931 2433 4001 φαίνοντα
2483 3927 2840 3982 καταστάσει.
2889 3924 3045 3979 Ἐπεὶ
3082 3920 3179 3978 οὖν
3210 3916 3368 3987 οὗτος
3394 3926 3507 3987 τοῖς
3537 3922 3770 3992 ὲκ-φθοο

2172 4022 2276 4092 ρᾶς
2312 4018 2768 4089 ἀποτικτομένοις
2806 4014 2896 4071 διὰ
2921 4014 3021 4070 τοῦ
3050 4013 3290 4087 ἀριθμοῦ
3324 4012 3542 4075 τούτου,
3576 4012 3773 4085 ὥσπερ

2169 4112 2317 4174 τινὸς
2340 4109 2491 4181 ἱεροῦ
2519 4108 2898 4179 είσαγωγέως,
2931 4106 3035 4178 τὴν
3056 4106 3196 4178 πρὸς
3214 4105 3276 4158 τὸ
3300 4105 3458 4175 ἅγιον
3484 4103 3776 4176 ἐχαρίζετο

2172 4203 2399 4267 εἴσοδον,
2454 4201 2543 4255 διὰ
2590 4200 2751 4254 τοῦτο
2793 4200 2888 4253 καὶ
2919 4198 3016 4253 νῦν
3042 4196 3392 4269 πρωτότοκος
3447 4198 3514 4251 ὲκ
3559 4196 3776 4269 νεκρῶν

2172 4294 2409 4365 Χριστὸς
2458 4290 2726 4364 γεγονὼς,
2777 4290 2876 4344 καὶ
2927 4288 3030 4361 τὴν
3080 4288 3395 4361 ἀφθαρσίαν
3450 4287 3777 4357 ὲγκαινίσας

2173 4388 2253 4459 τῷ
2281 4387 2588 4457 πλάσματι,
2622 4383 2761 4455 πρὸς
2795 4383 2857 4436 τὸ
2898 4380 3300 4452 ὑπερονράνιου
3348 4378 3516 4434 αὑτοῦ
3562 4378 3777 4436 εἰσελά-

2178 4496 2291 4534 σων
2326 4477 2775 4549 ἀναλαμϐάνεται
2832 4475 2914 4528 Τὰ
2950 4472 3049 4546 μὲν
3084 4472 3179 4527 οὖν
3217 4474 3317 4543 τῆς
3370 4471 3605 4543 θεωρίας
3644 4474 3779 4536 ἴσως

2175 4570 2279 4623 οὐκ
2322 4568 2388 4624 ἂν
2415 4569 2483 4639 τῇ
2528 4563 2848 4636 φιλοθεὼρῳ
2882 4562 3093 4633 διανοίᾳ
3123 4562 3495 4615 δυσέντευκτα
3539 4561 3781 4632 ἐσόμενα

2170 4654 2426 4711 τοσοῦτον
2480 4653 2673 4724 ἐχέτω.
2731 4650 2928 4721 Ἡμεῖς
2975 4650 3033 4703 δὲ
3092 4649 3231 4721 πρὸς
3298 4651 3478 4703 ἐκεῖνο
3522 4649 3586 4703 τὸ
3631 4651 3781 4718 ἱερὸν

2173 4752 2302 4822 ὅρος
2361 4745 2638 4816 ἀπίωμεν,
2679 4736 2745 4799 ob
2772 4741 2961 4797 ἁπλῶν
3008 4739 3109 4805 τὰς
3166 4743 3357 4812 χεῖρας
3397 4740 3489 4793 τὸν
3538 4741 3643 4809 τῆς
3693 4760 3786 4795 ευ-

2173 4841 2367 4911 λογίας
2411 4837 2617 4909 κλῆρον
2669 4836 2917 4905 διανέμει
2976 4836 3093 4896 τοῖς
3146 4834 3417 4904 μαθηταῖς
3473 4836 3503 4887 6
3559 4834 3781 4904 Σωτήρ.

2176 4927 2688 5003 Συναριθμηθῶμεν
2717 4926 2795 4998 τῷ
2825 4924 2957 4997 θείῳ
3001 4922 3171 4997 χορῷ,
3204 4927 3299 4978 καὶ
3325 4924 3396 4978 τὰ
3444 4926 3503 4977 ἐν
3543 4923 3624 4994 τῷ
3664 4924 3785 4995 ὄρει

2185 5044 2249 5079 συ
2258 5019 2831 5096 μμυσταγωγηθῶμεν
2852 5016 3179 5086 τελούμενα.
3206 5016 3544 5091 ,Ὑποῦὠμεν
3590 5020 3787 5091 χεῖρας

2183 5116 2423 5180 ὲκείνας,
2475 5112 2534 5167 αἳ
2589 5110 2987 5182 διαπλούμεναι
3012 5106 3116 5181 τὴν
3150 5107 3402 5179 εὐλογίαν
3434 5111 3546 5171 τοῖς
3580 5109 3784 5177 φίλοις,

2185 5208 2284 5266 καὶ
2353 5206 2422 5259 δι’
2481 5203 2667 5259 αὐτῶν
2720 5202 2887 5256 παντὶ
2938 5200 3018 5273 τῷ
3079 5198 3274 5271 κόσμῳ
3336 5198 3783 5271 κληρώοτοῦσιν.

2203 5298 2396 5353 ’Ᾱπλοί
2423 5296 2534 5369 γὰρ
2560 5298 2753 5366 χεῖρας
2799 5294 2830 5349 6
2892 5290 3105 5364 Ἰησοῦς
3144 5293 3175 5346 6
3212 5291 3369 5362 ὶμδς,
3404 5292 3508 5347 οὐκ
3555 5289 3638 5345 ἔτι
3673 5291 3789 5345 δια-

2190 5386 2575 5460 πειρομέναςσ
2603 5384 2718 5440 οὐδ’
2768 5384 2859 5441 ἵνα
2900 5383 3065 5439 τοῦτο
3114 5384 3333 5454 κατάρα
3380 5375 3633 5455 κληθείη,
3683 5386 3789 5455 τῆς

2191 5485 2441 5553 κατάρας
2484 5477 2693 5535 ἐκλύων
2743 5478 2844 5551 ἓ,μέ
2869 5493 2884 5512 ⁸
2939 5477 3059 5533 ἀλλ’
3110 5474 3200 5533 ἴνα
3241 5476 3344 5549 τὴν
3398 5472 3654 5545 εὐλογίαν
3694 5474 3789 5530 διὰ

2194 5578 2306 5634 τῶν
2354 5574 2618 5650 μαθητῶν
2636 5577 2672 5651 ή
2711 5571 3004 5647 οἰκουμένη
3029 5571 3293 5644 πλουτίσῃ
3317 5586 3335 5605 ο
3363 5568 3453 5625 ἵνα
3481 5567 3584 5642 τὴν
3613 5569 3789 5625 απαν-

1830 5695 2071 5758 ἾᾹΜΑΞ
2100 5691 2404 5753 ιΕοΤιυΝ
2413 5690 2521 5749 ES.

602 5813 618 5864 i
656 5810 743 5871 ed.
771 5809 994 5883 ἀνέστη.
