4086 6298
187 1121 189 1123 ι
293 1047 507 1117 ἀμείνω
533 1053 890 1122 μεταχωρετιν,
925 1053 1218 1108 καταλίποι
1271 1056 1504 1124 τούτοις,
1560 1057 1596 1112 ἃ
1643 1061 1785 1123 τέως
1819 1061 1896 1112 διο

299 375 400 444 117
1045 389 1336 451 ORATIO
1371 391 1477 452 XI.
1507 415 1574 426 --
1614 391 1697 450 ΙΝ
1741 391 2183 458 DOMINICAM
2219 395 2846 462 ASSUMPTIONEM.
3492 387 3594 454 “8

292 494 461 570 ταχοῦ
544 497 652 571 γῆς
725 499 1138 564 ὲξαπλωθεῖσαν
1221 505 1387 575 χεῖρα
1464 504 1552 559 τοί
1643 505 1894 560 διαϐόλου

2011 520 2177 576 retur,
2207 514 2304 582 qui
2353 527 2439 565 me
2469 527 2497 564 a
2541 511 2839 565 maledicto
2873 509 3121 564 exsolvat
3155 507 3224 574 ⁸⁵⁸,
3265 506 3360 562 sed
3396 519 3455 564 ut
3497 526 3596 578 per

290 591 658 664 ἀνενέργητον
700 590 852 666 δείξῃ
877 611 894 628 ο
955 595 1122 649 ἁπλοῖ
1150 600 1363 670 χεῖρας,
1409 599 1730 664 τελευταίας
1757 617 1899 671 παρ-

2011 603 2312 673 discipulos
2367 603 2661 657 universus
2716 601 3083 670 locupletetur
3133 600 3288 654 orbis
3348 615 3364 656 :
3424 609 3595 670 utque

303 682 548 746 αινέσεις
603 685 727 747 ταῖς
782 685 1035 757 καρδίαις
1082 689 1266 742 αὐτῶν
1299 689 1754 770 ὲπισφραγίζων,
1801 691 1897 745 καὶ

2011 693 2207 748 diaboli
2227 707 2447 758 manus,
2472 699 2588 746 toto
2607 699 2879 746 terrarum
2899 691 3034 745 'orbe
3058 697 3408 758 exporrecta,
3431 689 3592 746 irrita

293 774 668 848 παρακροτιῖω
693 777 922 851 εὐλογίᾳ
954 781 1092 851 πρὸς
1129 781 1195 834 τὸ
1226 781 1370 851 μέγα
1407 780 1504 837 τοῦ
1551 782 1893 854 Εὐαγγελίου

2011 784 2266 840 reddatur
2299 801 2364 839 ac
2389 784 2660 840 inellicax.
2695 780 2950 852 Explicat
2987 797 3206 844 manus,
3245 791 3306 835 ut
3336 794 3593 851 suprema

293 865 497 939 ἔργον·
538 869 618 932 ὡς
664 870 720 923 el'
762 885 848 934 τις
903 871 1087 943 πατὴρ
1135 873 1230 926 bal
1278 873 1442 929 παισὶ
1483 874 1740 944 φλέγοιτο
1792 879 1892 946 μὲν

2011 879 2208 933 monita
2258 877 2312 932 in
2359 877 2622 931 cordibus
2667 890 2858 930 eorum
2889 874 3203 944 eonslgnet,
3258 889 3323 928 ac
3368 872 3596 928 benedi-

293 958 394 1026 τὴν
431 959 614 1030 ψυχὴν
644 959 726 1033 τῷ
766 961 977 1034 φίλτρῳ
1001 1005 1020 1030 ,
1055 965 1206 1033 ὅμως
1246 966 1334 1033 ἐφ’
1375 964 1543 1038 ἕτερα
1585 967 1892 1040 πράγματα

2011 972 2183 1025 ctione
2216 968 2284 1022 ad
2312 968 2580 1024 eximium
2633 966 2918 1036 Evangelii
2965 964 3299 1036 praedicandi
3341 964 3594 1018 ministe-

1999 1062 2142 1117 rium
2191 1061 2407 1125 incitet,
2447 1075 2602 1114 more
2641 1058 2814 1126 patris
2848 1056 2988 1112 ﬁlios
3020 1071 3156 1112 suos
3197 1056 3500 1110 tenerrime
3525 1067 3593 1108 ac

293 1143 512 1208 ῳκείτο.
578 1141 722 1196 Ἀλλ’
750 1144 903 1196 οὐδὲν
942 1139 1053 1197 οἷον
1089 1144 1271 1202 αὐτῶν
1302 1149 1538 1203 ἀκοῦσαι
1572 1151 1680 1206 τῶν
1733 1151 1898 1223 ἱερῶν

2011 1154 2395 1210 ardentissime
2429 1153 2672 1206 amantis
2707 1170 2718 1204 :
2749 1152 2845 1221 qui
2869 1149 3179 1220 potioribus
3202 1149 3326 1204 aliis
3353 1162 3593 1201 evocan-

293 1230 516 1304 λογίων.
541 1234 610 1290 Τί
635 1235 731 1289 οὖν
755 1236 942 1291 ἐκείνὰ
969 1253 1104 1307 φησι
1130 1254 1145 1302 ;

2015 1250 2140 1303 ibus
2171 1247 2261 1300 vix
2296 1246 2504 1300 invitus
2547 1243 2850 1307 recedens,
2892 1242 2964 1298 iis
3005 1242 3095 1295 illa
3136 1241 3445 1295 committat
3473 1253 3596 1308 qua}

295 1325 413 1395 ipse
463 1327 740 1385 hactenus
786 1329 1182 1387 administrare
1265 1333 1487 1392 soleret.
1569 1336 1772 1393 Verum
1825 1341 1967 1396 nihil
2003 1344 2182 1398 satius
2228 1357 2393 1412 quam
2455 1346 2514 1395 ut
2561 1339 2749 1394 divina
2817 1339 2936 1407 ipsa
2995 1336 3224 1390 oracula
3277 1334 3591 1389 audiamus.

293 1418 439 1488 Quid
474 1421 643 1492 igitur
672 1423 804 1478 illal

377 1513 655 1582 Ἐγένετο
670 1515 744 1568 ἐν
767 1512 849 1580 τῷ
875 1515 1157 1586 εὐλογεῖν
1190 1517 1382 1575 αὐτὸν
1401 1520 1650 1589 αὐτοὺς,
1680 1523 1891 1594 διέστη

2074 1529 2139 1583 Et
2179 1529 2381 1597 factum
2418 1532 2495 1576 est
2522 1560 2535 1579 ,
2577 1532 2705 1571 dum
2736 1517 3061 1570 benedicere:
3094 1513 3205 1567 illis
3231 1550 3251 1576 ,
3284 1513 3498 1566 recessit
3528 1510 3594 1563 ab

292 1603 398 1658 ἀπ’
463 1605 703 1670 αὐτῶν,
769 1606 869 1659 καί
928 1607 1254 1678 ἀνεφέρετο
1304 1613 1392 1678 είς
1450 1613 1556 1668 τὸν
1607 1615 1891 1682 οὐραγόν.

2011 1620 2096 1684 eis,
2138 1626 2186 1671 et
2228 1613 2499 1686 ferebatur
2532 1614 2585 1667 in
2630 1609 2820 1665 caelum
2863 1608 2933 1661 θ’.
2973 1605 3017 1660 Ο
3059 1604 3460 1674 spectaculum,
3501 1600 3594 1672 ju-

294 1701 362 1754 Ὠ
406 1701 683 1773 θεάματος
734 1704 951 1774 ἡδίστου
995 1694 1097 1776 μὲν
1133 1705 1224 1762 διὰ
1254 1707 1353 1776 τὴν
1400 1708 1496 1762 τοῦ
1535 1710 1895 1782 Παρακλήτου

2011 1710 2407 1768 cundissimum
2437 1704 2663 1777 quidem
2697 1710 2924 1774 propter
2966 1701 3302 1769 [immissum
3337 1695 3598 1751 Paracle-

295 1793 681 1863 ἐπαγγελίαν,
736 1796 998 1865 φέροντος
1050 1798 1108 1853 δέ
1139 1815 1193 1852 τι
1228 1801 1324 1852 καὶ
1364 1800 1612 1870 στυγνὸν,
1658 1801 1737 1867 ὼς
1783 1803 1898 1872 ἐγὼ

2011 1815 2142 1866 tum,
2173 1811 2235 1856 ut
2263 1807 2449 1855 tamen
2485 1806 2622 1870 puto
2648 1795 2817 1851 etiam
2852 1792 3089 1848 tristitiae
3124 1787 3330 1859 aliquid
3360 1787 3597 1856 discipuo

293 1879 477 1991 οἶμαι,
516 1888 630 1950 τοῖς
668 1890 965 1959 μαθηταῖς,
1014 1890 1104 1944 διὰ
1168 1892 1268 1958 τὴν
1321 1891 1506 1947 οὐκέτι
1554 1894 1674 1965 μετ’
1715 1892 1898 1952 αὐτῶν

2011 1893 2072 1948 lis
2091 1889 2356 1953 afferret;
2409 1903 2477 1944 eo
2507 1883 2655 1957 quod
2697 1885 2753 1939 in
2796 1892 3076 1953 posterum
3110 1896 3220 1934 non
3260 1885 3448 1935 essent
3477 1894 3597 1932 am-

293 1976 568 2049 ἐσομένην
615 1982 781 2049 σαρκὶ
808 1980 1069 2050 γλυκεῖαν
1094 1981 1188 2036 τοῦ
1212 1983 1553 2039 Διδασκάλου
1583 1987 1898 2058 παρουσίαν

2011 1986 2153 2056 plius
2181 1980 2405 2037 fruituri
2439 1979 2587 2035 dulci
2647 1979 2740 2031 illa
2771 1974 3018 2045 Magistri
3063 1971 3356 2042 praesentia
3400 1986 3598 2025 secun—

294 2066 391 2121 καὶ
423 2068 796 2139 ἀναστροφὴν.
857 2067 918 2122 El
969 2072 1078 2140 γὰρ
1125 2067 1220 2125 καὶ
1273 2073 1494 2124 πάντων
1545 2072 1902 2143 ἀνθρωπίνων

2011 2077 2137 2130 dum
2174 2088 2399 2128 cantem
2455 2081 2620 2139 atque
2668 2068 2955 2123 convictu.
3004 2063 3163 2117 Nam
3206 2062 3312 2118 etsi
3345 2062 3414 2116 ab
3446 2061 3597 2116 onmi

295 2159 576 2215 ἀπαντάτω
600 2159 979 2228 διεστήκεσαν,
1011 2162 1148 2215 ἀλλὰ
1177 2160 1339 2217 τοῦτό
1366 2177 1429 2231 γε
1469 2163 1574 2218 οὐκ
1615 2164 1684 2219 ἂν
1732 2164 1902 2236 φαίην

297 2250 502 2313 αὐτοὺς
542 2251 617 2321 μὴ
671 2253 890 2312 παθεῖν.
939 2254 1002 2306 τὸ
1041 2253 1118 2323 μὴ
1155 2253 1409 2324 δριμεῖαν
1437 2255 1634 2326 ὀδύνην
1665 2253 1758 2310 διὰ
1792 2257 1902 2309 τῶν

299 2340 555 2408 ὲγκὰτων
583 2341 773 2394 ἐλάσαι
828 2342 1034 2404 αὐτῶν,
1071 2339 1152 2406 οἷς
1193 2342 1380 2413 ἐώρων
1424 2345 1518 2399 τὸν
1566 2345 1656 2416 ἐφ’
1696 2346 1758 2400 ὃν
1805 2347 1904 2400 ἀν·-

302 2431 502 2485 ιίθεσαν
526 2432 682 2495 ὅλους
706 2433 956 2497 ἑαυτοὺς,
982 2433 1172 2486 τοῦτον
1196 2434 1292 2488 ἀπ’
1329 2435 1513 2503 αὐτῶν
1533 2435 1899 2506 διιστάμενον.

304 2523 368 2577 El
399 2523 532 2595 γὰρ,
563 2525 684 2576 ἐπεὶ
711 2524 819 2595 πρὸ
846 2523 940 2577 τοῦ
966 2524 1174 2588 πάθους
1198 2528 1227 2579 ὁ
1261 2525 1454 2595 Σωτὴρ
1483 2527 1694 2594 ἔλεγεν,
1717 2527 1793 2590 ὡς
1818 2529 1902 2599 εἴη

308 2614 502 2687 καιρὸς
527 2616 768 2679 ἐκείνους
804 2616 905 2668 usu
937 2615 1119 2670 λιπεῖν
1149 2657 1164 2678 ,
1210 2615 1470 2669 ἀπελθεῖν
1502 2615 1562 2671 δὲ
1602 2619 1737 2690 πρὸς
1765 2620 1903 2673 ἀπο-

309 2707 598 2761 στείλαντα
631 2707 724 2759 τὸν
758 2707 979 2777 Πατέρα
1008 2748 1024 2771 ,
1071 2706 1281 2760 τούτων
1318 2708 1610 2772 ἀκούοντες
1642 2711 1737 2762 ὑπ’
1769 2709 1906 2763 ἀθυ-

311 2801 442 2870 μίας
476 2799 819 2868 κεκάρωντο,
864 2799 1043 2853 καίτοι
1070 2799 1158 2852 ἐπ’
1188 2798 1381 2860 ὄψεσιν
1400 2801 1585 2854 αὐτῶν
1613 2801 1908 2872 ὁμιλοῦντα

305 2890 545 2964 ὁρῶντες
570 2908 586 2922 ·
621 2890 768 2954 τίνες
808 2891 874 2945 ἂν
917 2891 1271 2960 ἐγεγόνεισαν
1315 2892 1438 2947 τότε
1479 2894 1676 2965 μόνους
1707 2896 1907 2958 αὐτοὺς

307 2984 546 3057 ὁρῶντες
583 2984 1097 3052 καταλιπομένουςς
1143 2981 1454 3040 Ἐνεννόουν
1514 2985 1614 3054 μὲν
1667 2987 1799 3056 γὰρ,
1831 2987 1908 3051 ὼς

306 3075 480 3139 είκδς.
536 3073 614 3146 τῷ
659 3075 792 3146 θείῳ
846 3077 948 3146 τῆς
974 3074 1166 3130 ἀνόδου
1198 3075 1302 3144 τὴν
1378 3075 1679 3146 κυριότητα
1729 3076 1911 3147 πάσης

310 3167 544 3231 κτίσεως
595 3167 689 3220 τοῦ
749 3165 1072 3221 διδασκάλου
1102 3183 1116 3198 ·
1177 3166 1281 3221 οὐκ
1347 3167 1625 3222 ἀπέϐαλον
1684 3168 1744 3222 δὲ
1807 3169 1910 3238 τῆς

2005 2167 2250 2222 humano
2273 2163 2472 2217 affectu
2505 2176 2670 2231 quam
2695 2158 3020 2226 longissime
3055 2162 3422 2217 recesserant,
3449 2151 3598 2207 haud

2006 2267 2187 2313 tamen
2218 2253 2343 2325 jure
2386 2253 2707 2306 allirmarim
2755 2249 2894 2303 nihil
2926 2263 3021 2302 eos
3051 2245 3278 2300 affectos
3313 2258 3459 2305 esse,
3495 2259 3600 2298 ne.

2005 2363 2112 2420 que
2135 2348 2350 2403 intimis
2374 2344 2684 2401 visceribus
2717 2343 2832 2396 acri
2866 2341 3061 2396 dolore
3083 2339 3254 2393 fuisse
3286 2337 3596 2407 perculsos,

2006 2454 2132 2493 cum
2169 2454 2294 2492 eum
2328 2437 2381 2489 in
2410 2448 2519 2504 quo
2557 2447 2750 2487 omnes
2786 2447 2911 2501 spes
2949 2445 3079 2486 suas
3121 2429 3253 2484 sitas
3282 2426 3599 2490 habebant,

2008 2547 2072 2584 ac
2102 2529 2191 2584 cui
2229 2544 2288 2583 se
2322 2539 2472 2581 totos
2513 2523 2865 2588 addixeram,
2892 2523 2959 2577 ab
3002 2521 3134 2591 ipsis
3173 2521 3289 2586 jam
3323 2517 3598 2589 segregari

2009 2622 2259 2677 viderent
2285 2622 2356 2674 ’°.
2412 2619 2468 2673 Si
2522 2620 2669 2673 enim
2713 2625 2840 2671 ante
2888 2615 3201 2676 passionem
3246 2627 3425 2678 suam,
3472 2625 3600 2666 cum

2012 2712 2278 2768 Dominus
2309 2710 2543 2766 dixisset
2586 2708 2886 2763 adventare
2915 2718 3128 2776 tempus
3171 2712 3232 2761 ut
3265 2705 3416 2776 ipsos
3441 2703 3602 2759 dese-

2010 2814 2177 2866 reret,
2203 2810 2260 2857 et
2296 2802 2362 2856 ad
2386 2816 2512 2856 eum
2542 2816 2571 2854 a
2601 2816 2712 2868 quo
2739 2799 2947 2853 missus
2976 2797 3177 2863 fuerat,
3209 2802 3600 2858 reverteretur,

2009 2912 2123 2968 pra:
2169 2897 2437 2967 languore
2469 2893 2671 2949 mentis
2715 2893 2768 2946 in
2802 2907 3023 2962 gravem
3067 2904 3358 2944 lltCBl‘Ofem
3399 2885 3606 2942 incide-

2010 2997 2178 3055 runt,
2212 3001 2533 3056 quanquam
2577 2986 2759 3054 ipsum
2791 2997 2980 3038 coram
3026 2981 3395 3045 intuerentur,
3428 2994 3495 3035 ac
3522 2979 3603 3032 lo-

2011 3090 2276 3150 quentem
2314 3078 2618 3132 audirent:
2656 3076 2786 3146 quid
2830 3074 2937 3130 illis
2974 3074 3228 3128 evenisse
3262 3072 3600 3127 censendum

2012 3181 2125 3236 est,
2168 3179 2462 3241 postquam
2508 3183 2568 3223 se
2616 3168 2768 3222 solos
2811 3166 3034 3220 relictos
3083 3162 3392 3234 conspicati
3426 3162 3605 3217 sunt?

309 3260 557 3329 μνήμης,
609 3259 640 3313 ὃ
687 3258 988 3323 ὲπέσταζεν
1038 3259 1138 3329 ἡδὺ
1185 3261 1309 3323 ταῖς
1359 3257 1566 3329 ψυχαῖς
1621 3259 1826 3326 αὐτῶν,
1874 3261 1909 3334 ἡ

2013 3260 2148 3315 Nam
2182 3260 2370 3314 animo
2389 3259 2610 3329 quidem
2638 3272 2826 3313 secum
2850 3256 3143 3311 volvebant
3196 3268 3259 3307 ac
3286 3253 3606 3324 cogitabant

307 3352 522 3405 ικείνου
575 3352 718 3420 μετὰ
763 3351 971 3419 σαρκὸς
1007 3352 1300 3422 παρουσία.
1353 3354 1566 3407 Ἀνεισι
1614 3355 1908 3426 τοιγαροῦν

307 3443 404 3496 ἐπὶ
453 3441 566 3496 τῶν
611 3441 853 3511 νεφελῶν
899 3445 930 3496 ό
978 3444 1193 3515 Σωτὴρ,
1234 3445 1331 3498 καὶ
1384 3445 1515 3508 τοὺς
1568 3443 1905 3514 ὀφθαλμοὺς,

310 3531 505 3600 ὥσπερ
536 3531 636 3587 σὺν
666 3533 862 3604 ἐκείνῳ
893 3533 1169 3602 ἀφιέντες,
1220 3535 1315 3588 τοῦ
1366 3533 1644 3607 μακαρίου
1695 3537 1910 3592 ἐκείνου

309 3621 590 3693 θεάματος
617 3622 1010 3694 ὲξεκρέμαντο,
1057 3625 1119 3676 οὐ
1165 3625 1483 3696 βουλόμενοι
1537 3625 1752 3682 ἐκεῖθεν
1781 3629 1914 3682 καθ-

309 3713 497 3768 έλκειν
540 3715 641 3778 τὰς
688 3715 859 3787 κόρας
891 3731 906 3744 ·
958 3717 1160 3786 ἤκουον
1232 3717 1288 3770 δὲ
1339 3717 1547 3772 ἄνωθεν
1607 3717 1862 3788 βοώντων
1893 3739 1908 3754 ο

314 3807 382 3864 Τί
434 3807 627 3872 οὕτως
691 3806 990 3874 ἑστήκατε
1038 3808 1423 3874 βλέποντες;
1479 3809 1575 3865 καὶ
1619 3811 1698 3876 ὡς
1753 3813 1914 3868 ἴδοιεν

314 3897 479 3953 πάλιν
505 3897 729 3970 ἥξοντα,
770 3897 956 3960 καθὼς
1003 3899 1204 3969 ὁρῶσιν
1247 3901 1772 3973 ἀναλαμϐανόμενον
1816 3905 1919 3976 ’1η-

313 3991 465 4044 σοῦν.
521 3989 588 4043 Τί
644 3991 847 4058 τοῦτος
897 3990 1061 4060 Μέγα
1107 3995 1204 4044 καὶ
1242 3990 1405 4046 τοῦτο
1446 3995 1527 4058 είς
1560 3993 1914 4064 παραμῦθιον

309 4081 428 4143 τοῖς
446 4078 736 4150 μαθηταῖς.
763 4079 1064 4150 Μονονουχὶ
1087 4082 1197 4151 γὰρ
1218 4083 1251 4151 ἡ
1278 4085 1432 4156 φωνὴ
1455 4084 1638 4139 ελάλει
1661 4085 1916 4152 ’Ἄνδρες

313 4171 616 4237 Γαλιλαῖοι,
650 4172 751 4226 οὐκ
806 4173 890 4235 εἰς
935 4172 1084 4238 ἆπαξ
1137 4171 1295 4242 ὑμῶν
1342 4174 1371 4227 ό
1420 4175 1760 4241 Διδάσκαλος
1809 4195 1917 4247 χω-

317 4263 532 4338 ρίζεται
561 4279 579 4300 ’
613 4264 725 4318 οὐδ’
776 4263 915 4336 ὅπερ
950 4259 1020 4335 ἦν
1067 4263 1246 4318 συνὼν
1292 4265 1420 4337 ὑμῖν
1457 4268 1918 4340 ἀποσκευασάμε-

313 4373 431 4420 νος,
458 4356 578 4420 δέος
621 4357 942 4426 ἐμποιήσει,
971 4353 1072 4427 τὴν
1096 4353 1234 4426 πρὸς
1263 4358 1426 4411 αὑτὸν
1454 4358 1612 4429 ὑμῶν
1657 4359 1922 4430 διακοπῆ-

2014 3369 2083 3408 ex
2121 3352 2310 3407 divino
2345 3352 2440 3407 illo
2473 3365 2707 3406 ascensu
2736 3388 2750 3412 ,
2797 3350 3094 3418 pollentem
3138 3345 3458 3416 Magistrum
3500 3343 3606 3397 do-

2014 3445 2186 3500 minio
2217 3445 2272 3499 in
2309 3458 2504 3498 omnes
2551 3450 2882 3497 creaturas:
2920 3439 3065 3494 haud
3120 3445 3363 3492 attamen
3404 3449 3611 3492 mento-

2014 3541 2097 3596 ria
2127 3539 2421 3595 excidebat
2453 3537 2687 3593 dulcedo
2713 3535 2805 3590 illa
2849 3549 3015 3606 quam
3056 3533 3139 3589 eis
3185 3532 3347 3603 quasi
3374 3530 3610 3586 instillao

2015 3632 2150 3695 bat,
2209 3630 2358 3686 illius
2414 3631 2470 3684 in
2528 3643 2698 3683 carne
2761 3627 3053 3696 praesentia
3116 3640 3182 3678 ac
3239 3619 3606 3679 consuetudo.

2016 3720 2278 3778 Ascendit
2311 3736 2445 3790 ergo
2489 3717 2746 3773 Salvator
2789 3734 2955 3787 super
3005 3717 3224 3774 nubes:
3256 3730 3495 3784 euntque
3528 3713 3606 3768 illi

2018 3811 2198 3866 oculis
2215 3810 2497 3873 comitati,
2528 3808 2690 3863 beato
2718 3808 2814 3862 illo
2831 3808 3151 3877 spectaculo
3180 3805 3608 3876 quasisuspensi

2017 3903 2382 3962 tenebantur,
2419 3915 2598 3969 neque
2633 3899 2762 3954 inde
2815 3899 3106 3970 palpebras
3159 3909 3409 3953 avertere
3461 3896 3607 3953 fere-

2018 3994 2168 4048 bant.
2202 3992 2512 4047 Audiernut
2540 4007 2674 4048 vero
2700 3993 2794 4062 qui
2823 3993 2894 4047 de
2923 3993 3078 4053 cmlis
3099 3994 3155 4047 in
3190 3993 3288 4047 bas
3311 4006 3473 4047 voces
3496 3992 3610 4044 cla-

2019 4096 2232 4141 utarent
2265 4105 2278 4141 :
2315 4086 2457 4152 Quid
2486 4088 2564 4140 sic
2592 4088 2754 4142 statis
2789 4088 3099 4157 aspicientes
3131 4087 3219 4143 "2
3251 4088 3456 4158 quique
3489 4088 3607 4142 fore

2019 4179 2357 4241 nuntiarent,
2394 4186 2452 4230 ut
2483 4175 2738 4232 eumdem
2760 4176 2950 4234 Jesum
2976 4180 3173 4233 iterum
3200 4178 3369 4233 visuri
3395 4183 3607 4241 essent,

2016 4286 2127 4339 qua
2169 4287 2297 4325 eum
2329 4269 2550 4326 ratione
2588 4273 2798 4326 assumi
2827 4269 3110 4325 videbant.
3147 4268 3292 4336 Quid
3335 4270 3440 4323 hoc
3487 4269 3612 4323 rei?

2016 4358 2311 4432 Egregium
2352 4357 2611 4431 quiddam
2665 4369 2722 4416 et
2776 4359 2846 4414 ad
2892 4359 3264 4415 consolandos
3303 4357 3609 4428 discipulos

314 4467 407 4506 ναι
462 4449 776 4520 οἰκειότητα
804 4465 819 4480 ·
873 4447 993 4502 ἀλλ’
1040 4448 1096 4501 εἴ
1138 4465 1204 4518 γε
1235 4449 1488 4522 ἀκριϐεῖς
1519 4451 1632 4506 τῶν
1685 4453 1909 4507 ἐντολῶν

2021 4441 2283 4520 perquam
2338 4449 2839 4508 accommodatum.
2881 4449 3118 4503 Tantum
3143 4448 3290 4504 enim
3318 4464 3429 4504 non
3460 4447 3613 4503 dice-

317 4541 689 4612 κατασταίητε
715 4540 981 4612 φύλακες,
999 4539 1200 4611 δψεσθε
1218 4541 1382 4596 πάλιν
1411 4543 1599 4607 αὐτὸν,
1632 4543 1710 4606 ὡς
1727 4545 1909 4615 ὁρᾶτε,

2022 4542 2114 4595 bat
2143 4543 2235 4596 illa
2265 4556 2365 4594 vox
2405 4561 2420 4595 :
2457 4541 2573 4595 Viri
2602 4541 2810 4597 Galilazi
2830 4584 2846 4607 ,
2879 4540 3136 4610 Magister
3183 4553 3289 4596 non
3320 4538 3548 4594 omnino
3576 4553 3613 4594 tt

323 4633 494 4705 μηδὲν
541 4650 597 4685 τι
639 4631 744 4702 τῆς
787 4632 886 4685 νῦν
937 4632 1284 4696 διαστάσεως
1320 4633 1532 4688 ἀλλοῖον
1573 4635 1909 4707 διατεθείσης

2023 4633 2178 4687 vobis
2206 4643 2516 4700 separatur,
2561 4647 2741 4702 neque.
2783 4637 2869 4687 est
2897 4629 3044 4700 quod
3075 4627 3373 4684 vereamini
3408 4627 3526 4686 fore
3547 4633 3610 4681 ut

316 4725 505 4782 αὐτόν.
527 4725 619 4794 Μή
643 4739 728 4788 τις
757 4719 853 4778 οὖν
882 4724 1032 4796 ὑμᾶς
1063 4727 1403 4780 κατασειέτω
1442 4725 1725 4796 λογισμός.
1765 4729 1909 4798 Μνη-

2018 4737 2047 4774 a
2080 4722 2240 4777 vobis
2286 4721 2575 4793 digressus
2604 4762 2620 4786 ,
2673 4721 3112 4776 benevolentiam
3147 4718 3299 4773 illam
3332 4733 3462 4788 erga
3487 4732 3611 4784 vos,

321 4815 585 4889 μονεύετε
617 4809 695 4868 ὧν
726 4813 883 4869 εἶπεν
913 4817 996 4872 ἔτι
1028 4815 1205 4870 συνὼν
1253 4817 1404 4888 ὑμῖν,
1451 4816 1529 4882 ὡς
1579 4819 1676 4872 σὺν
1724 4819 1909 4888 ἐκείνᾳ

2016 4829 2180 4883 quam
2229 4829 2468 4882 praesens
2500 4829 2611 4883 prie
2647 4829 2705 4867 se
2738 4811 2979 4876 ferebat,
3016 4809 3314 4866 intercidat
3356 4825 3372 4864 ι
3416 4809 3522 4865 sed
3561 4811 3610 4867 si

317 4909 418 4963 ἐπὶ
476 4908 672 4980 θρόνου
728 4907 1035 4978 καθήμενοι
1097 4910 1338 4976 κρινεῖτε
1389 4909 1485 4963 τὸν
1560 4910 1804 4982 Ἰσραήλ.
1859 4910 1909 4962 Et

2017 4909 2275 4960 mandata
2332 4905 2456 4977 ejus
2518 4914 2778 4958 accurate
2838 4902 3298 4964 observaveritis,
3347 4900 3610 4956 videbitis

315 4999 366 5055 δ’
399 4998 761 5061 ἐπελάθεσθε,
797 4997 936 5052 ἀλλὰ
974 4997 1070 5051 νῦν
1101 4993 1184 5061 οἷς
1214 4997 1468 5062 ἀκούετε.
1513 4997 1742 5053 ἐκείνων
1789 4999 1909 5054 ἁνα-

2019 5013 2215 5053 rursus
2247 5014 2395 5062 eum,
2425 5007 2487 5053 ut
2517 4995 2630 5067 jam
2674 4997 2929 5062 videtis,-
2962 5011 3142 5065 neque
3195 4993 3470 5060 seiunctio
3495 4993 3611 5050 ulla

319 5091 631 5163 ζωπυρείτε
672 5091 775 5160 τὴν
825 5091 1070 5162 μνήμηνο
1103 5083 1294 5155 Οὗτος
1323 5092 1357 5143 ό
1407 5090 1651 5158 Ἰησοῦς
1689 5091 1909 5158 ἀναλη-

2023 5089 2238 5145 ratione
2264 5105 2291 5141 a
2320 5089 2477 5144 vobis
2499 5088 2737 5144 alienum
2769 5087 2980 5142 reddet.
3014 5084 3095 5141 Ne
3123 5084 3294 5157 igitur
3313 5082 3614 5157 cogitatio-

319 5183 494 5255 φθείς
539 5182 641 5254 ἀφ’
668 5180 834 5251 ὑμῶν
856 5184 946 5247 είς
973 5181 1082 5235 τὸν
1117 5179 1402 5249 οὐρανὸν,
1439 5180 1630 5250 οὕτως
1674 5181 1909 5236 ἐλεύσε-

2028 5198 2126 5238 nes
2159 5191 2358 5237 vestrae
2388 5199 2485 5238 vos
2514 5180 2868 5236 conturbent.
2898 5179 3173 5234 Revocate
3203 5178 3260 5233 in
3287 5176 3612 5232 memoriam

317 5291 443 5339 ται,
497 5274 572 5328 ὃν
618 5275 842 5344 τρόπον
894 5271 1232 5328 ἐθεάσασθε
1280 5270 1474 5326 αὐτὸν
1514 5275 1909 5342 πορευόμενον

2028 5291 2092 5330 ea
2137 5292 2259 5346 quae
2307 5290 2549 5346 praesens
2598 5271 2758 5328 vobis
2794 5270 2936 5327 dixit
2966 5269 3053 5324 ’δι
3087 5268 3207 5325 fore
3245 5267 3509 5324 nimirum
3553 5276 3613 5323 ut

319 5369 412 5432 είς
439 5365 849 5432 τὸνοὺραγόν.
880 5364 1069 5419 Ταῦτα
1097 5364 1148 5416 οί
1177 5363 1280 5433 μὲν
1302 5365 1646 5435 ἐπεφώνουν.

2029 5381 2156 5421 cum
2188 5383 2255 5422 eo
2281 5367 2517 5423 sedeatis
2540 5383 2703 5436 super
2722 5366 2983 5423 thronum
3000 5362 3304 5435 iudicaturi
3331 5361 3609 5420 lsraelem.

323 5459 487 5529 Quod
518 5460 566 5515 si
603 5457 719 5516 hac
748 5458 1012 5514 oblivioni
1060 5456 1372 5514 tradidistis
1392 5498 1409 5522 ,
1448 5465 1504 5512 at
1547 5456 1661 5525 jam
1691 5472 1756 5512 ex
1789 5455 1877 5510 bis
1904 5494 1922 5520 ,
1959 5474 2085 5528 qua:
2114 5459 2318 5516 auditis
2343 5501 2357 5523 ,
2391 5461 2715 5516 memoriam
2747 5466 3008 5514 revocate
3038 5474 3056 5513 :
3089 5455 3190 5513 Hie
3255 5452 3454 5520 Iesus,
3521 5454 3614 5524 qui

323 5560 631 5620 assumptus
661 5559 740 5607 est
767 5569 801 5608 α
833 5551 977 5606 vobis
1005 5550 1060 5607 in
1091 5551 1306 5612 calum.
1331 5551 1412 5606 sic
1437 5552 1628 5615 veniet,
1650 5550 2098 5607 auem'admodum
2131 5554 2337 5609 vidistis
2398 5570 2518 5610 eum
2584 5563 2789 5609 euntem
2829 5552 2886 5606 in
2951 5551 3138 5609 mlum
3164 5549 3232 5605 “.
3302 5547 3431 5604 Hac
3477 5547 3610 5605 oui~

324 5648 450 5702 dem
481 5643 574 5700 isti
602 5643 1000 5700 inclamabant.

400 5822 449 5860 ⁸⁸
486 5822 663 5882 Galat.
695 5841 750 5892 v,
800 5822 888 5882 t5.
966 5823 1011 5857 ⁸⁹
1047 5820 1184 5879 Luc.
1216 5836 1367 5890 xxiv,
1398 5819 1452 5880 5.
1534 5821 1575 5853 ’°
1636 5818 1798 5879 Joan.
1839 5837 1907 5878 xv

2011 5827 2036 5881 ἰ.
2117 5821 2159 5854 ⁸³
2201 5820 2322 5880 Att.
2360 5837 2397 5888 I,
2443 5819 2529 5877 10.
2605 5821 2649 5854 ³³
2679 5818 2874 5878 Matth.
2909 5817 3143 5889 sin-28.
3217 5815 3266 5854 ”
3290 5815 3413 5876 Act.
3451 5831 3492 5886 ι,
3521 5817 3610 5874 ιο.
