4086 6298
434 358 538 423 119

1707 357 1986 422 LEOle
2014 352 2473 425 PHILOSOPHI

3604 348 3713 416 120

501 468 610 524 Alii
642 483 798 535 vero,
829 474 893 523 ut
926 475 1095 538 porta:
1125 466 1514 523 attollerentur
1545 467 1863 531 monebant,
1886 483 2027 522 nun—

2201 463 2266 518 υί
2311 462 2369 515 δὲ
2410 461 2521 515 τῶν
2554 457 2741 514 πυλῶν
2766 457 3073 529 ἑκέκραγον
3116 469 3373 528 επαρσιν.
3412 459 3535 524 ταῖς
3574 460 3711 515 ἀνωο

434 560 633 615 tiantes
683 556 1074 628 superioribus
1129 554 1440 612 Virtutibus
1484 554 1649 627 Regis
1698 557 1888 627 gloriae
1929 559 2026 611 ad-

435 660 681 715 ventum.
713 653 778 711 At
808 650 917 707 illa:
944 689 960 713 ,
1005 663 1151 705 novo
1192 650 1390 704 nuntio
1414 650 1835 721 obstupefacta,
1867 665 2027 722 rogas

435 746 569 804 bant
599 760 615 798 :
642 743 774 809 Quis
802 751 882 797 est
937 742 1039 796 iste
1086 738 1203 796 Rea:
1246 741 1435 812 gloria:
1465 742 1550 795 “?
1580 739 1850 797 Nimirum
1872 782 1888 807 ,
1928 742 2023 813 qui

437 841 764 895 descensum
846 849 956 890 non
1030 835 1446 903 intellexerant,
1553 835 1908 891 subdubitant
1959 834 2027 890 de

437 942 693 991 ascensu.
746 926 1118 987 Nihilominus
1182 937 1364 983 tamen
1420 933 1612 998 portas
1666 927 2026 997 pandunt,ae

440 1018 572 1089 Βεςί
605 1019 822 1074 obviam
860 1017 1206 1088 procedunt;
1237 1018 1558 1087 stipantque
1604 1027 1660 1072 et
1693 1020 2028 1072 comitantur

439 1110 677 1179 eumqui
705 1119 897 1167 nostro
920 1110 1143 1165 nomine
1167 1109 1537 1165 obedientiam
1563 1109 1711 1166 Patri
1738 1109 2025 1165 oﬂ‘erebat:

442 1215 607 1274 atque
632 1202 686 1256 in
716 1202 887 1272 gloria
924 1200 1231 1270 maiestatis
1264 1202 1477 1263 sedenti
1499 1202 1743 1258 astitere.
1775 1203 1889 1258 Hoc
1921 1203 2030 1258 dis-

445 1293 785 1362 peusationis
811 1294 959 1348 circa
999 1308 1100 1348 nos
1132 1302 1368 1361 peractae
1396 1294 1881 1361 complementum.
1915 1292 2028 1350 Hoc

444 1381 567 1449 ejus
608 1382 702 1451 qui
728 1382 1053 1437 incarnatus
1089 1382 1307 1448 fuerat,
1352 1382 1595 1437 studium
1638 1396 1704 1437 ac
1762 1381 1917 1437 labor
1948 1383 2031 1438 in-

447 1471 741 1533 defessus:
778 1481 837 1529 ut
869 1475 1129 1529 nimirum
1180 1475 1461 1530 hominem
1503 1489 1601 1544 per
1642 1473 1904 1529 invidiam
1944 1476 2031 1530 de-

443 1562 674 1633 iectum,
696 1577 860 1636 atque
883 1565 949 1618 ad
978 1572 1250 1619 terrenam
1270 1573 1474 1619 sortem
1495 1563 1801 1632 delapsum,
1829 1562 2029 1619 nedum

448 1658 518 1712 ad
563 1658 926 1714 immortalem
970 1666 1173 1711 statum
1226 1658 1515 1713 reduceret
1541 1695 1558 1719 .
1601 1657 1696 1711 sed
1745 1665 1804 1710 et
1848 1672 2031 1727 regem

448 1757 720 1811 creatum,
754 1750 967 1803 cmlesti
1000 1749 1167 1807 solio.
1211 1763 1279 1803 ex
1314 1763 1430 1818 quo
1452 1748 1675 1806 invidus
1705 1748 1795 1804 ille
1815 1747 2033 1802 excide-

448 1849 535 1897 rat
564 1883 582 1907 ,
631 1840 972 1912 dignaretur.
997 1842 1088 1905 At,
1122 1856 1156 1899 ο
1181 1839 1274 1895 Dei
1305 1838 1571 1905 Verbum,
1596 1840 1692 1911 qui
1726 1842 1795 1896 ad
1825 1848 2030 1894 tantam

450 1933 681 2004 gloriam
730 1940 981 1987 nostrum
1040 1932 1318 2002 pulverem
1376 1931 1606 1987 evexisti
1642 1970 1659 1994 ,
1711 1930 1805 2002 qui
1845 1930 2031 1984 divina

449 2023 635 2087 omnia
673 2023 960 2091 majestate
1013 2024 1191 2094 reples
1220 2063 1236 2088 ,
1276 2023 1373 2093 qui
1420 2022 1491 2080 iis
1534 2022 1625 2091 qui
1656 2031 1709 2078 te
1759 2023 2033 2078 sustinent

452 2130 670 2183 semper
692 2124 744 2167 te
777 2104 1080 2168 affuturum
1112 2115 1440 2185 promisisti,
1467 2115 1727 2184 populum
1758 2129 1922 2184 quem
1944 2129 2030 2169 me

453 2221 642 2274 regere
672 2205 917 2270 voluisti,
946 2206 1063 2275 ipse
1106 2220 1350 2274 praesens
1374 2206 1532 2261 nobis
1556 2213 1650 2259 tua
1675 2207 1897 2261 dextera
1924 2220 2028 2276 gu-

453 2299 644 2359 berna.
676 2297 887 2367 ducens
909 2299 965 2351 in
997 2298 1140 2352 viam
1167 2299 1363 2354 salutis
1391 2340 1406 2361 ,
1446 2301 1741 2367 omniaque
1773 2298 2027 2360 adversa,

455 2389 690 2448 maxime
735 2403 866 2444 vero
891 2403 957 2445 ea
995 2404 1119 2460 qua:
1163 2390 1454 2446 animabus
1482 2389 1870 2444 detrimentum
1905 2386 2035 2443 alio-

453 2486 619 2543 runt,
659 2480 1016 2549 propulsans.
1078 2482 1157 2537 Da
1198 2489 1261 2536 ut
1292 2482 1386 2550 qui
1431 2482 1591 2536 nobis
1633 2481 1708 2535 tui
1740 2484 2035 2537 occasione

456 2571 697 2627 nominis
730 2572 1093 2628 adversantur
1120 2612 1138 2639 ,
1168 2582 1262 2627 tua
1294 2574 1537 2644 potentia
1583 2573 1765 2642 agnita
1799 2588 1906 2626 una
1941 2588 2037 2627 no-

457 2662 667 2718 biscum
708 2671 761 2717 te
804 2662 1133 2730 concinam,
1175 2662 1322 2734 quod
1353 2663 1599 2721 omnium
1637 2664 1832 2718 salutis
1866 2677 2034 2718 causa

454 2751 787 2810 ineﬂabilem
820 2751 971 2807 illam
1005 2751 1205 2811 feceris
1240 2750 1707 2823 dispensationem
1731 2771 1744 2808 :
1766 2752 2033 2823 decetque

455 2851 518 2897 ut
543 2853 594 2899 te
616 2843 799 2899 omnis
825 2844 1012 2917 lingua
1036 2845 1296 2909 celebret,
1348 2847 1476 2913 quia
1507 2854 1656 2898 tuum
1677 2852 1762 2905 est
1783 2858 2033 2916 regnum,

454 2945 509 2996 et
565 2936 855 3007 potentia,
911 2946 967 2993 et
1023 2939 1238 3008 gloria,
1298 2939 1355 2997 iu
1421 2938 1622 2993 saecula
1686 2937 2035 2993 saculorum.

454 3029 632 3087 Amen

1048 3199 1311 3256 ORATIO
1341 3198 1437 3253 XII

465 3313 532 3371 In
572 3314 931 3398 Pentecosten.
979 3330 1099 3368 cum
1142 3314 1376 3395 Spiritus
1408 3314 1820 3398 sancti-gratio...
1862 3316 2043 3398 ignea-

540 3402 655 3467 rum
695 3386 1004 3456 linguarum
1034 3385 1223 3455 specie,
1252 3385 1306 3437 in
1329 3384 1727 3439 sacratissimo:
1753 3384 2046 3448 dissimiles

534 3466 670 3510 venit
676 3493 692 3508 .

530 3591 769 3659 Quando
780 3607 931 3649 nunc
950 3592 1113 3649 etiam
1137 3593 1324 3649 divina
1346 3595 1641 3653 celebritas
1676 3594 1852 3663 adest,
1867 3612 2045 3668 quan-

471 3695 586 3745 tum
624 3685 768 3743 Deus
799 3685 916 3756 ipse
935 3685 1151 3743 dederit
1187 3686 1257 3742 ad
1280 3688 1528 3757 ejusdem
1567 3687 1833 3746 honorem
1861 3688 2049 3745 confe-

472 3792 660 3834 remus
695 3792 716 3832 :
743 3792 845 3833 nec
870 3787 1161 3849 propterea
1197 3780 1591 3836 cunctabimur
1619 3782 1765 3851 quod
1806 3781 1931 3850 ejus
1959 3797 2051 3836 ce-

474 3869 756 3928 lebrandis
800 3871 1097 3941 praeconiis
1146 3886 1256 3927 non
1287 3874 1463 3929 simus
1507 3874 1677 3942 satis;
1719 3877 1845 3943 quis
1902 3874 2047 3930 enim

472 3960 593 4028 ejus
619 3975 722 4031 pro
748 3959 1015 4031 dignitate
1044 3961 1234 4017 laudes
1264 3961 1717 4031 dreprtedicaverit
1742 3962 1883 4019 ised
1903 3962 2050 4034 quod

2126 556 2317 627 τέραις
2364 552 2686 622 Δυνάμεσι,
2740 552 2840 623 τῆς
2898 551 3060 619 δόξης
3112 550 3273 622 ήκειν
3330 552 3421 606 τὸν
3478 552 3715 611 Βασιλέα

2132 645 2451 718 μηνύοντες.
2500 645 2568 697 Δί
2603 644 2681 706 δὲ,
2713 642 2792 711 τῷ
2821 640 2957 713 ξένῳ
2988 641 3084 696 τοῦ
3116 644 3445 714 πράγματος
3475 642 3715 715 ἐκπλητ-

2123 738 2352 809 τόμεναι
2375 752 2390 767 ’
2424 736 2519 802 Τίς
2542 738 2576 789 ό
2596 734 2709 800 τῆς
2731 735 2937 804 δόξης,
2963 735 3352 798 ἐπυνθάνοντο,
3376 736 3715 801 βασιλεύω

2128 831 2225 886 ἆτε
2279 827 2354 899 μὴ
2390 826 2489 898 τὴν
2529 824 2836 881 κατάϐασιν
2870 828 3158 892 συνιεῖσαι,
3195 824 3534 896 ὲπαποροῦσι
3581 828 3717 898 πρὸς

2126 923 2224 994 τὴν
2266 922 2552 976 ἀνάϐασιν.
2586 920 2774 989 Ὅμως
2821 917 2865 971 δ’
2902 918 3189 989 ἐπαίρουσι
3238 918 3434 981 πύλας,
3488 917 3585 972 καὶ
3638 917 3718 987 τῷ

2130 1014 2349 1070 Βασιλεῖ
2396 1011 2841 1085 προσυπαντῶσι,
2892 1012 2987 1065 καὶ
3018 1009 3379 1082 δορυφοροῦσι
3418 1010 3520 1081 τὴν
3557 1010 3718 1081 ήμῶν

2130 1107 2462 1176 προσάγοντι
2515 1104 2798 1174 ὑποταγὴν
2848 1101 2925 1172 τῷ
2978 1104 3176 1171 Πατρὶ,
3212 1103 3306 1156 καὶ
3349 1104 3407 1157 ὲν
3459 1101 3588 1175 δόξῃ
3618 1101 3718 1171 τῆς

2134 1196 2531 1270 μεγαλωσύνης
2587 1195 2969 1266 παρεστήκασι
3023 1193 3339 1264 καθημένῳ.
3407 1192 3558 1263 Δῦτη
3619 1192 3719 1262 τῆς

2133 1290 2263 1359 περὶ
2297 1290 2445 1360 ἡμᾶς
2497 1288 2814 1357 οἰκονομίας
2849 1286 3268 1358 συμπλήρωσις.
3305 1286 3479 1340 Τοῦτο
3512 1279 3584 1355 ἦν
3610 1286 3721 1354 ἄρα.

2130 1380 2227 1434 τοῦ
2274 1378 2651 1453 σαρκωθέντος
2693 1380 2723 1432 ὁ
2773 1378 2965 1442 πολὺς,
3023 1377 3094 1431 ἵν’
3125 1377 3301 1444 οὕτως
3349 1377 3511 1444 εἴπω,
3546 1375 3717 1446 ἀγὼν.

2130 1474 2223 1528 τὸν
2253 1472 2612 1545 φθονηθέντα,
2658 1470 2924 1543 καὶπρὸς
2976 1471 3080 1536 τὰς
3124 1470 3351 1539 γεώδεις
3397 1469 3573 1541 κῆρας
3621 1485 3721 1521 κα-

2130 1567 2466 1629 ταπεσόντα,
2504 1564 2584 1635 μὴ
2614 1564 2775 1635 μόνον
2803 1564 2941 1635 πρὸς
2989 1562 3092 1633 τὴν
3124 1562 3402 1633 ἀκήρατον
3443 1564 3723 1628 ἐπαναγα-

2132 1660 2248 1726 γεῖν
2295 1655 2594 1721 πολιτείαν,
2647 1655 2783 1709 ἀλλὰ
2820 1655 2920 1708 καὶ
2965 1653 3193 1725 βασιλέα
3230 1654 3435 1719 δεῖξαι,
3494 1651 3590 1706 καὶ
3625 1652 3718 1706 οὐ·

2137 1751 2320 1821 ρανοῖς
2346 1748 2677 1820 ὲνθρονίσαι,
2702 1740 2776 1801 ὧν
2805 1748 2834 1801 ὁ
2860 1745 3136 1817 φθονήσας
3164 1745 3490 1801 κατέπεσεν.
3529 1743 3717 1808 Ἀλλὰ,

2133 1835 2177 1894 ὧ
2210 1841 2351 1909 Λόγε
2384 1838 2546 1902 Θεοῦ,
2574 1839 2604 1893 ό
2651 1838 2787 1909 πρὸς
2819 1838 3076 1894 τοσοῦτον
3112 1836 3270 1909 δόξης
3315 1837 3408 1890 τὸν
3450 1836 3724 1907 ἡμέτερον

2131 1934 2263 2004 χοῦν
2296 1925 2587 2002 ἀνυψὼίτας
2617 1950 2632 1964 ·
2664 1932 2693 1985 ό
2737 1932 2915 1986 πάντα
2944 1929 3169 2000 πληρῶν
3193 1927 3270 1993 ὡς
3314 1928 3447 1992 Θεός
3478 1945 3492 1959 ·
3537 1929 3568 1981 ό
3606 1929 3723 1991 τοῖς

2133 2025 2417 2097 ἀνέχουσιν
2460 2025 2539 2087 είς
2596 2025 2655 2081 σὲ
2696 2025 3068 2093 συμπαρεῖναι
3099 2021 3170 2075 δι’
3217 2019 3413 2089 αἰῶνος
3458 2021 3726 2090 ἐπαγγει-

2130 2116 2388 2186 λάμενος,
2438 2115 2623 2181 αὐτὸς,
2668 2114 2729 2169 ὃν
2771 2114 2968 2181 ἔταξας
3018 2112 3148 2167 λαόν
3204 2128 3299 2166 σου
3338 2110 3722 2182 διακυϐερνᾷν,

2134 2207 2444 2283 συμπαρὼν
2481 2210 2614 2279 ἡμῖν
2660 2209 2727 2279 τῇ
2786 2208 2853 2278 σῇ
2901 2204 3311 2276 διακυϐερνῴης
3351 2204 3519 2274 δεξιᾷ,
3572 2202 3725 2272 ἄγων

2132 2301 2193 2355 ὲν
2238 2300 2448 2373 τρίϐοις
2491 2299 2591 2369 τῆς
2646 2296 3020 2368 δικαιοσύνης,
3076 2297 3172 2352 και
3221 2294 3403 2350 πάντα
3452 2294 3721 2360 κίνδυνον,

2134 2393 2259 2457 ὅσος
2290 2393 2529 2464 μάλιστα
2552 2390 2751 2461 ψυχαῖς
2789 2388 2951 2459 φέρει
2984 2387 3087 2459 τὴν
3115 2386 3382 2448 κὰκωσιν,
3403 2382 3722 2456 έπαμύνων.

2137 2487 2237 2547 Δὸς
2281 2486 2408 2551 τοὺς
2449 2482 2824 2553 πολεμοῦντας
2851 2480 3005 2550 ἡμᾶς
3042 2478 3139 2533 διὰ
3170 2478 3264 2533 σὺν
3291 2477 3484 2548 ὄνομα,
3529 2474 3593 2529 τὸ
3628 2475 3726 2529 σὺν

2140 2576 2462 2645 ὲπιγνόντας
2513 2574 2740 2646 κράτος,
2800 2571 2921 2645 ἃμα
2972 2574 3164 2644 ὑμνεῖν
3209 2587 3300 2639 σε,
3340 2573 3424 2627 δτι
3479 2569 3570 2624 διὰ
3622 2570 3731 2639 τὴν

2141 2665 2397 2719 ἁπάντων
2427 2662 2704 2734 σωτηρίαν
2752 2662 2853 2733 τὴν
2880 2663 3091 2732 ἄφατον
3116 2660 3370 2723 ὲτέλεσας
3391 2658 3726 2732 οίκονομίανο

2138 2756 2237 2811 καὶ
2260 2754 2345 2808 σοὶ
2393 2754 2595 2824 πρέπει
2632 2754 2814 2809 πᾶσαν
2837 2752 3090 2823 γλῶσσαν
3125 2753 3312 2824 φέρειν
3350 2752 3447 2824 τὴν
3483 2751 3725 2809 αἷνεσιν’

2138 2848 2223 2899 ὅτι
2277 2846 2372 2899 σοῦ
2419 2848 2568 2900 ἐστιν
2617 2848 2651 2910 ἠ
2710 2844 2981 2917 βασιλεία,
3035 2847 3131 2900 καὶ
3168 2846 3203 2917 η
3250 2844 3502 2914 δύναμις,
3549 2847 3647 2900 καὶ
3689 2845 3729 2917 ἡ

2139 2935 2291 3002 δόξα,
2324 2934 2409 2999 είς
2439 2934 2568 2999 τοὺς
2598 2932 2807 3000 αἰῶνας
2836 2933 2948 2988 τῶν
2976 2933 3211 2989 αἰώνων.
3242 2933 3444 3003 Ἀμήν.

2748 3202 2973 3262 ΛΟΓΟΣ
3009 3201 3113 3260 IB’.

2143 3320 2341 3388 Λόγος
2366 3320 2456 3385 είς
2482 3317 2598 3387 τὴν
2628 3316 3083 3388 Πεντηκοστὴν,
3124 3314 3226 3376 ὅτε
3262 3315 3335 3388 ἐν
3362 3314 3513 3370 εῖδει
3535 3316 3729 3388 r196-

2218 3385 2351 3447 ἀῶν
2392 3385 2682 3458 πυρίνων,
2739 3389 2778 3457 ἠ
2807 3387 2913 3441 τοῦ
2948 3385 3116 3458 ,θείου
3162 3386 3510 3458 Πνεύματος
3555 3385 3732 3455 χάρις

2221 3458 2321 3512 ἐπὶ
2353 3455 2496 3525 tein}
2515 3457 2712 3527 ιεροὺς
2735 3455 3006 3528 μαθητὰς
3028 3455 3483 3531 κατεφοίτησεν.

2231 3599 2491 3669 Ἐπείπερ
2535 3600 2631 3655 καὶ
2676 3598 2772 3653 νῦν
2814 3597 2933 3651 θεία
2967 3597 3174 3668 ἐπέστη
3206 3596 3537 3665 πανήγυρις.
3585 3593 3729 3650 κατὰ

2147 3690 2246 3763 τὴν
2274 3691 2424 3748 Θείαν
2452 3692 2735 3764 χορηγίαν,
2765 3690 2833 3747 τὰ
2861 3693 2943 3755 είς
2968 3688 3134 3761 τιμὴν
3165 3691 3233 3761 τῇ
3263 3686 3571 3758 πανηγύρει
3605 3703 3734 3741 συν-

2148 3786 2396 3857 οίσομεν·
2426 3786 2526 3854 οὐχ
2552 3787 2636 3839 ὅτι
2681 3785 2756 3855 μή
2782 3782 3151 3853 ἀποχρώντως
3183 3782 3316 3852 ἡμῖν
3345 3778 3459 3851 ἔχει
3487 3778 3559 3832 τὰ
3591 3776 3736 3846 πρὸς

2149 3875 2251 3947 τήν
2279 3875 2612 3939 συντέλειαν,
2660 3874 2750 3929 διὰ
2794 3874 2954 3928 τοῦτο
2990 3870 3127 3943 πρὸς
3164 3871 3226 3925 τὸ
3265 3869 3574 3941 ἐγχείρημα
3622 3867 3735 3923 ἀπ-

2149 3966 2433 4029 οκνοῦντες
2447 3981 2463 3998 ο
2480 3965 2656 4036 ταύτῃ
2675 3968 2788 4035 γὰρ
2802 3964 2977 4026 οὐδεὶς
3005 3961 3141 4033 πρὸς
3165 3959 3319 4015 θείαν
3342 3958 3626 4029 αὐτάρκης
3645 3974 3733 4010 τι·

472 4051 715 4113 l‘scultas
743 4057 938 4106 nostra
981 4050 1376 4121 suppeditabit,
1420 4052 1657 4114 libenter
1690 4053 1758 4107 ad
1790 4054 1913 4109 festi
1949 4053 2038 4107 bu-

2155 4060 2297 4129 μήν·
2330 4058 2449 4113 ἀλλ’
2479 4057 2676 4128 ἐφόσον
2721 4054 2953 4125 εὔπορον
2987 4054 3046 4108 ιν
3079 4051 3159 4122 τῷ
3199 4050 3413 4107 ἑλέσθαι
3445 4050 3634 4121 τιμᾷν,
3665 4048 3736 4103 τὰ

467 4142 563 4213 jus
613 4140 1013 4199 solemnitatem
1067 4140 1433 4198 decorandum
1497 4158 1835 4212 promemus.
1893 4142 2038 4210 Quod

2153 4152 2329 4204 οἰκετα
2350 4152 2417 4220 τῇ
2454 4150 2615 4222 ἑορτῇ
2649 4146 3114 4218 συνεισφέροντες.
3146 4145 3244 4209 Τίς
3267 4144 3326 4198 δὲ
3355 4142 3489 4212 ἄλλη
3520 4157 3739 4196 συνεισ-

469 4248 605 4291 vero
660 4248 881 4297 munus,
925 4232 1176 4291 oratione
1213 4235 1613 4303 congruentius
1646 4236 1897 4305 praestari
1921 4251 2038 4305 pos-

2156 4243 2298 4310 φορὰ
2342 4240 2504 4310 λόγου
2546 4240 2885 4308 οἰκειοτέρα;
2910 4240 2987 4294 Οὐ
3020 4236 3184 4308 μόνον
3213 4236 3297 4292 ότι
3338 4235 3560 4289 πάντων
3587 4232 3734 4287 tunc

473 4324 546 4383 sit
572 4323 598 4376 τ
630 4339 741 4383 ιιοιι
772 4338 840 4378 ea
868 4322 1045 4381 solum
1096 4323 1313 4378 ratione
1340 4324 1489 4393 quod
1521 4325 1660 4383 nihil
1683 4340 1939 4384 sermone
1982 4340 2038 4381 ae

2155 4332 2389 4403 μότατον
2412 4333 2498 4402 λόγ
2511 4348 2573 4396 ος
2590 4374 2608 4400 ,
2644 4330 2760 4387 ἀλλ’
2787 4331 2868 4385 ὅτι
2891 4329 2988 4385 καὶ
3011 4328 3091 4399 τῷ
3121 4326 3351 4398 παρόντι
3377 4321 3553 4394 καιρῷ
3576 4324 3742 4395 dapin-

471 4414 724 4477 oratione
780 4414 859 4468 sit
890 4413 1291 4477 honorabilius,
1316 4414 1412 4470 sed
1446 4414 1577 4485 quia
1604 4415 1861 4484 praesenti
1908 4430 2038 4485 quo-

2155 4423 2266 4489 σῶς
2308 4425 2345 4496 ἡ
2390 4422 2487 4477 τοῦ
2517 4423 2679 4490 λόγου
2727 4421 2962 4491 ἁρμόσει
2990 4417 3331 4491 προσένεεις.
3363 4410 3461 4480 οἷς
3486 4415 3599 4486 γὰρ
3620 4413 3738 4468 τῶν

473 4519 582 4575 que
635 4506 869 4575 tempori
928 4505 1069 4560 nihil
1098 4504 1275 4575 magis
1304 4506 1564 4575 competit
1586 4521 1750 4577 quam
1781 4506 2038 4562 orationi:

2151 4513 2414 4584 γλωσσῶν
2454 4514 2516 4567 τὸ
2562 4513 2736 4583 δῶρον
2776 4513 3020 4582 σήμερον
3051 4506 3450 4577 κατεπέμφθη,
3485 4505 3736 4577 σήμερον

472 4613 697 4653 munus.
721 4595 858 4655 Nam
890 4598 1091 4667 quibus
1117 4598 1382 4655 hodierna
1395 4599 1483 4657 die
1505 4598 1710 4659 donum
1742 4598 2038 4669 linguarum

2156 4604 2404 4675 ἀκριϐῶς
2434 4603 2727 4672 εὐλόγωςή
2783 4600 2880 4655 τοῦ
2904 4600 3067 4669 λόγου
3097 4596 3593 4669 προσενεχθήσεται
3632 4594 3743 4653 δω-

480 4691 711 4745 missum
744 4689 870 4755 fuit,
898 4690 986 4744 his
1017 4690 1183 4745 hodie
1211 4704 1474 4760 perquam
1501 4697 1627 4761 apte
1665 4704 1731 4745 ac
1759 4698 2038 4747 consenta-

2160 4696 2279 4768 ρεά.
2304 4689 2472 4760 Οὗτος
2500 4694 2601 4767 μὲν
2617 4688 2710 4749 οὖν
2730 4695 2759 4746 ὁ
2777 4693 2880 4761 τῆς
2905 4691 3278 4761 προαιρέσεως
3300 4688 3458 4757 λόγος
3474 4704 3491 4718 ·
3515 4684 3743 4758 ᾐτήσθω

478 4795 584 4837 nee
616 4780 886 4836 orationis
914 4796 1119 4835 munus
1146 4780 1512 4837 dedicandum
1550 4788 1657 4837 est.
1686 4779 1813 4837 Haec
1851 4794 2038 4850 propo-

2152 4789 2199 4845 δ’
2243 4790 2377 4861 ἡμῖν
2404 4789 2505 4858 τὴν
2534 4789 2773 4857 τεχνῖτιν
2808 4784 3244 4856 συνεργάζεσθαι
3270 4779 3525 4851 δύναμιν,
3558 4780 3593 4850 ἢ
3639 4780 3739 4849 σή-

476 4870 574 4927 siti
648 4884 713 4925 ac
752 4870 989 4927 instituti
1036 4871 1214 4927 nostri
1249 4873 1391 4925 ratio
1418 4878 1524 4925 est.
1560 4870 1855 4932 Precemur
1899 4886 2056 4935 vero,

481 4972 539 5021 ut
566 4960 763 5021 artifex
811 4962 902 5015 illa
960 4961 1141 5017 virtus
1174 4962 1337 5023 nobis
1366 4962 1689 5018 auxiliatrix
1736 4962 1907 5029 adsit,
1934 4977 2058 5032 quae

475 5053 646 5116 hodie
678 5053 838 5111 rudia
874 5054 1212 5123 piscatorum
1260 5070 1357 5113 ora
1385 5056 1624 5119 aperuit,
1659 5064 1826 5125 atque
1865 5052 2062 5115 adver-

481 5163 582 5204 sus
614 5162 711 5202 eos
730 5148 827 5216 qui
862 5146 1084 5205 dicendi
1115 5148 1167 5202 vi
1202 5147 1659 5218 inexpugnabiles
1685 5146 2018 5202 videbantur
2040 5184 2060 5213 ,

470 5239 756 5295 armavit;
783 5239 1061 5310 simulque
1107 5250 1164 5297 et
1191 5239 1327 5304 illis,
1362 5249 1417 5301 et
1446 5254 1507 5294 ea
1539 5256 1647 5310 qua
1694 5238 2063 5309 loquebantur

483 5330 772 5399 rapientis,
824 5332 1143 5402 superiores
1181 5330 1381 5391 effecit.
1427 5331 1561 5399 Ejus
1613 5344 1852 5399 namque
1893 5328 2059 5384 etiam

482 5422 647 5478 modo
668 5423 913 5479 muneris
936 5424 1010 5482 sit
1051 5433 1111 5479 ut
1135 5423 1415 5479 indoctam
1456 5422 1703 5491 linguam
1727 5420 1953 5486 excitet,
1997 5433 2063 5475 ac

481 5514 757 5578 sermonis
773 5513 989 5584 copiam
1013 5514 1157 5573 haud
1187 5529 1413 5585 prorsus
1436 5522 1760 5585 argumento
1789 5513 2056 5584 imparem

484 5605 770 5664 concedat.
803 5605 933 5662 Veni
958 5607 1147 5679 igitur,
1182 5621 1322 5663 vera
1351 5605 1686 5678 cognitionis
1711 5606 1926 5663 doctrix
1957 5604 2061 5662 Sa-

566 5808 610 5839 ”
651 5806 801 5862 Psal.
833 5821 991 5872 mn,
1027 5804 1076 5858 'l.

2158 4896 2324 4951 μερον
2346 4880 2413 4937 τὰ
2437 4878 2624 4949 ἀμαθῆ
2647 4878 2754 4933 τῶν
2782 4878 2979 4937 ἀλιέων
3016 4876 3331 4941 διανοίξασα
3354 4873 3619 4943 στόματα,
3646 4871 3742 4924 καὶ

2158 4970 2302 5027 κατὰ
2354 4968 2465 5026 τῶν
2511 4969 2816 5040 ἀμαχήτων
2848 4968 2907 5022 έν
2934 4966 3015 5037 τῷ
3059 4966 3238 5036 λέγειν
3276 4963 3568 5026 ὁπλίσασα,
3603 4962 3742 5034 ὁμοῦ

2093 5118 2097 5121 ,
2158 5064 2206 5118 τ’
2236 5061 2486 5125 ἐκείνων,
2508 5062 2606 5118 καὶ
2641 5061 2743 5131 τῆς
2770 5055 2837 5134 ἧς
2866 5058 3091 5117 ἐλάλουν
3118 5058 3331 5128 σοφίας,
3365 5057 3744 5128 ὑπερήκοντας

2161 5153 2355 5218 ἔδειξε.
2381 5152 2600 5223 Ταύτης
2638 5153 2750 5223 γὰρ
2790 5151 2889 5205 καὶ
2913 5150 3009 5204 νῦν
3039 5150 3223 5220 ἔργον,
3271 5149 3460 5220 ἀμαθῆ
3491 5146 3747 5215 γλῶσσαν

2163 5245 2607 5317 πυαρακροτῆσαι,
2651 5245 2747 5299 καὶ
2780 5242 2967 5298 δοῦναι
2997 5243 3194 5308 εἰπεῖν,
3228 5242 3305 5310 μὴ
3332 5237 3514 5309 πολλῷ
3546 5236 3745 5306 φαυλό-

2161 5353 2321 5405 τερον
2355 5337 2457 5405 τῆς
2500 5334 2836 5397 ὑποθέσεως.
2872 5330 3026 5388 Ἐλθὲ
3054 5330 3121 5401 δὴ
3164 5329 3279 5393 οῦν,
3308 5332 3342 5400 ή
3369 5330 3471 5399 τῆς
3508 5326 3747 5399 ἀληθοῦς

2163 5426 2420 5497 γνώσεως
2439 5423 2762 5488 διδάσκαλος
2787 5422 2983 5493 Σοφία,
3009 5421 3072 5476 τὸ
3094 5420 3323 5490 Πνεῦμα
3349 5420 3448 5488 τῆς
3467 5416 3745 5484 ἀληθείας,

2168 5518 2264 5576 καὶ
2297 5518 2360 5572 σὲ
2387 5516 2624 5583 θειάζειν
2648 5513 3035 5589 προελομένοις
3075 5513 3304 5583 φθέγξαι
3344 5511 3471 5581 περὶ
3493 5506 3745 5570 σεαυτοῦ,

2166 5609 2226 5663 ὲν
2252 5607 2332 5678 τῷ
2361 5607 2650 5679 πληρῶσαι
2686 5607 2749 5663 τὸ
2779 5607 2956 5677 στόμα
2987 5604 3170 5676 ήμῶν.
3216 5602 3466 5672 Ἐξουσίᾳ
3500 5602 3611 5670 γὰρ
3644 5612 3751 5649 πα-
