4108 6306
328 269 411 334 1‘21
1348 267 1634 332 ORATIO
1656 269 1793 330 XII.
1828 295 1898 303 -
1929 267 2012 329 IN
2049 265 2602 332 PENTECOSTEN.

3515 265 3614 328 122

325 384 509 457 ραγῐνῃ
556 385 873 454 Δεσποτικῇ
927 385 1020 436 καὶ
1050 383 1150 454 τὴν
1185 382 1304 454 σὴν,
1353 384 1480 437 ὅποι
1518 380 1717 452 βούλει,
1755 379 1913 440 δίδως

2030 377 2244 443 pientia,
2282 375 2524 446 Spiritus
2559 376 2825 443 veritatis,
2871 391 2934 430 ac
2972 383 3027 430 te
3051 375 3332 432 celebrare
3379 375 3611 429 volenti-

324 471 634 529 ἐπίπνοιαν·
676 477 728 530 εἰ
771 478 866 529 καὶ
909 477 1062 544 παρὰ
1101 475 1196 528 τοῦ
1247 476 1371 528 καθ’
1405 477 1556 547 ἡμᾶς
1585 475 1673 526 διὰ
1720 472 1911 541 φιλανο

325 567 568 638 θρωπίαν
599 568 897 636 γεγονότος
945 568 1146 633 Λόγου,
1199 567 1336 637 πρὸς
1368 567 1460 618 τὸν
1494 565 1749 633 σύνεδρον
1783 565 1913 615 ἁνα-

327 660 558 722 πτάντος
594 661 854 731 Πατέρα,
906 662 1268 731 καταπέμπῃ.
1301 661 1378 712 Οὐ
1405 659 1537 728 γὰρ,
1589 656 1665 718 ὡς
1693 656 1880 709 δοῦλον
1901 696 1916 720 ν

325 749 442 803 ἀλλ’
466 749 544 812 ὡς
589 750 886 819 ὁμότιμον,
920 749 1036 802 ἀλλ’
1063 751 1137 812 ὡς
1162 750 1424 817 συγγενὲς
1467 746 1720 816 Πνεῦμα,
1750 743 1918 798 αὑτοῦ

326 839 384 906 ἐξ
429 840 590 910 ήμῶν
625 841 998 905 ἁναπτάντος,
1033 841 1096 892 σὺ
1144 840 1442 910 παραγίνῃ,
1494 839 1632 909 πρὸς
1683 835 1776 897 οὒς
1825 835 1922 887 σὺν

326 933 521 1002 ἐκείνῳ
563 930 1031 1002 ἐδημιούργησας.
1065 925 1208 984 Ἧκε
1241 929 1306 1000 δὴ
1328 929 1422 983 οὖν
1449 931 1581 999 ἡμῖν
1625 929 1724 996 τὴν
1753 930 1917 996 ἐργα-

328 1025 448 1076 σίαν
492 1023 590 1076 τοῦ
638 1025 821 1092 λόγου,
852 1025 946 1076 καὶ
990 1024 1265 1094 χορηγῶν,
1306 1024 1400 1075 καὶ
1440 1019 1774 1088 διακοσμῶν.
1811 1016 1920 1068 Καὶ

325 1115 494 1185 πάρει
525 1132 588 1182 γε
613 1116 856 1177 πάντως,
894 1118 922 1166 ὁ
945 1115 1122 1169 πάντα
1147 1113 1482 1183 διακοσμῶν.
1520 1113 1630 1166 Καὶ
1651 1110 1781 1180 γοῦν
1812 1110 1920 1162 ὑπὸ

327 1208 409 1260 σοὶ
435 1208 750 1278 κυϐερνήτῃ
774 1207 868 1260 τὸν
894 1206 1062 1261 πλοῦν
1085 1207 1443 1276 ἐπιτρεπτέον
1470 1205 1549 1275 τῷ
1572 1205 1735 1271 λόγῳ.

2017 470 2122 523 bus
2176 472 2245 524 de
2303 477 2354 522 te
2403 469 2520 537 ipse
2551 470 2798 536 loquere,
2835 483 2899 521 os
2944 479 3198 522 nostrum
3238 468 3610 537 adimplenda.

2021 559 2237 613 Domini
2275 559 2422 613 enim
2450 568 2722 628 potestate
2752 559 2904 621 ades,
2942 569 3208 629 tuumque
3241 561 3331 613 ubi
3367 560 3502 614 velis
3520 559 3610 614 dl-

2017 653 2206 703 vinum
2269 649 2510 703 amatum
2575 657 2810 720 praestas
2862 659 3024 718 atque
3082 649 3353 717 impendis
3388 668 3401 703 :
3436 665 3615 721 quatt-

2019 755 2186 809 quam
2216 755 2244 792 a
2277 738 2483 805 Verbo,
2510 740 2657 809 quod
2703 741 3041 808 benignitate
3088 742 3244 793 nobis
3270 741 3449 795 simile
3489 739 3608 794 fac-

2032 845 2172 895 tttm,
2199 832 2264 886 ad
2292 831 2532 894 Patrem,
2567 834 2653 886 cui
2712 834 2940 896 assidet,
2976 849 3257 887 reversum
3285 843 3391 898 est,
3419 833 3610 888 mitta-

2032 923 2130 976 ris.
2156 921 2344 992 Neque
2375 923 2519 977 enim
2583 935 2644 976 ut
2675 937 2891 986 servus,
2948 925 3040 977 sed
3073 935 3129 976 ut
3174 923 3361 978 divino
3399 926 3612 979 honore

2029 1013 2261 1083 aequalis
2308 1023 2478 1082 utque
2511 1022 2781 1082 cognatus
2825 1013 3086 1082 Spiritus,
3135 1016 3255 1084 ipso
3309 1017 3362 1069 in
3415 1019 3615 1071 caelum

2028 1106 2302 1177 profecto,
2336 1107 2403 1160 ad
2431 1107 2554 1160 illos
2581 1107 2809 1161 advenis
2841 1122 2982 1176 quos
3019 1123 3126 1161 una
3158 1122 3281 1162 cum
3324 1110 3444 1179 ipso
3473 1121 3613 1163 con-

2027 1200 2242 1254 didisti.
2280 1199 2410 1251 Veni
2442 1199 2629 1266 igitur,
2653 1201 2924 1254 orationis
2952 1202 3109 1254 nobis
3145 1215 3469 1270 apparatum
3499 1203 3615 1256 lar-

326 1303 481 1370 giens
513 1301 931 1370 pariter.atque
964 1313 1284 1353 exornans:
1313 1298 1502 1351 adesto
1534 1297 1682 1348 omni
1722 1293 1904 1358 modo,
1945 1289 2039 1361 qui
2104 1290 2444 1344 coudeeoras
2484 1291 2689 1343 omnia.
2738 1289 2815 1346 Te
2859 1292 3004 1346 enim
3045 1292 3450 1363 gubernatore,
3484 1307 3616 1349 ora-

326 1395 461 1450 tioni
494 1395 563 1450 ad
604 1395 1009 1466 navigationem
1032 1393 1149 1448 vela
1178 1391 1503 1462 pandemus.

401 1581 567 1649 ’Δρτι
610 1578 709 1648 μὲν
748 1577 776 1630 ὀ
821 1575 1147 1640 Μονογενὴς
1199 1572 1336 1644 πρὸς
1374 1570 1469 1636 οὓς
1501 1572 1602 1624 οὐκ
1633 1571 1784 1622 ἔλιπε
1814 1565 1908 1618 τοῦ

2084 1558 2205 1612 Non
2238 1555 2449 1626 pridem
2483 1554 2811 1626 Unigeuitus
2856 1555 3062 1619 Patris,
3112 1575 3254 1628 quos
3308 1576 3417 1614 non
3462 1562 3622 1620 dese-

329 1673 546 1741 Πατρὸς
576 1670 732 1741 ἀνῄει
757 1669 990 1730 κόλπους
1012 1685 1024 1697 ·
1049 1669 1111 1719 τὸ
1138 1668 1283 1736 μέγα
1307 1666 1494 1735 ἔργον,
1515 1665 1615 1734 τὴν
1636 1659 1914 1732 ἡμετέραν

327 1765 483 1836 αὐτῷ
530 1761 917 1831 προσκομίσων
975 1757 1346 1827 καταλλαγὴν,
1407 1756 1502 1808 καὶ
1557 1754 1723 1806 τόπον
1782 1753 1918 1820 ἡμῖν

328 1855 639 1924 ἐτοιμάσων
658 1854 798 1905 ἐκεῖ.
832 1850 982 1902 Ἔδει
1014 1849 1068 1900 δὲ
1105 1847 1235 1915 ἄρα,
1272 1847 1484 1898 ὲκεξνου
1514 1845 1576 1908 ἐξ
1600 1843 1759 1913 ἡμῶν
1785 1843 1918 1893 ἁνα-

330 1944 590 2006 πτάντος,
632 1940 790 1996 ἄλλον
833 1933 951 1992 ἴσον
997 1940 1190 2006 ἐκείνῳ
1236 1937 1334 1989 καὶ
1383 1937 1543 2004 δόξης
1595 1935 1690 1987 καὶ
1750 1932 1921 2002 τιμῆς

329 2032 550 2104 ἔχοντα,
578 2031 658 2093 εις
687 2029 788 2098 τὴν
825 2027 926 2096 τῆς
959 2027 1281 2098 εὐεργεσίας
1311 2022 1776 2089 ἀντικαταστῆναι
1815 2019 1925 2090 χὼ-

330 2139 456 2195 ραν,
511 2123 592 2183 ὡς
644 2119 721 2190 μὴ
766 2117 1049 2188 λάθοιμεν,
1107 2115 1271 2170 πάλιν
1319 2115 1419 2184 τὴν
1454 2109 1802 2181 καταλλαγὴν
1848 2111 1928 2171 εἰς

2027 1652 2250 1713 ruisset,
2299 1650 2455 1704 sinus
2505 1650 2825 1718 repetierat;
2879 1651 3071 1720 ingens
3102 1653 3236 1706 illud
3289 1667 3450 1722 opus,
3515 1671 3618 1710 no—

2035 1752 2206 1800 stram
2237 1743 2312 1795 illi
2340 1742 2610 1796 allaturus
2635 1758 2698 1795 ac
2725 1744 3016 1799 oblaturus
3049 1746 3506 1815 redemptionem,
3531 1759 3613 1803 ιιι-

2031 1852 2140 1905 que
2182 1834 2362 1888 locum
2396 1835 2509 1890 illic
2539 1836 2702 1890 nobis
2731 1845 3046 1906 paraturus.
3071 1837 3370 1906 Oportebat
3412 1852 3617 1908 autem,

2031 1928 2124 1980 illo
2174 1941 2204 1978 a
2246 1925 2405 1979 nobis
2443 1927 2650 1988 ablato,
2702 1930 2870 1980 alium
2929 1929 3009 1982 illi
3039 1937 3097 1983 et
3123 1931 3297 2000 gloria
3323 1942 3378 1986 et
3407 1933 3621 1989 houo’re

2039 2032 2254 2088 parem,
2289 2017 2378 2070 ubi
2420 2018 2612 2072 fuisset
2653 2020 2976 2074 beneficium
3015 2024 3302 2087 collatum,
3351 2024 3407 2079 in
3441 2027 3615 2081 vicem

2039 2114 2332 2181 constitui,
2393 2127 2461 2167 ne
2491 2111 2698 2166 incauti
2733 2126 2798 2165 ac
2827 2112 3107 2168 oblivione
3150 2116 3618 2177 reconciliationis

1852 2338 2088 2397 ΝΟΤΔΞ.

409 2510 530 2578 (37)
566 2507 756 2570 Docte,
779 2516 833 2561 et
857 2516 917 2560 ut
941 2503 1266 2578 theologuni'
1298 2503 1512 2578 deceat,
1546 2504 1786 2575 Spiritus
1815 2505 1934 2560 dei-

331 2573 520 2636 tatem
549 2577 793 2631 vindicat
856 2593 919 2629 ac
956 2576 1113 2629 ﬁdem
1136 2573 1455 2644 'Trinitatis
1488 2573 1749 2644 explicat.
1807 2591 1920 2631 uno

331 2653 606 2704 duntaxat
631 2656 880 2716 excepto,
915 2648 969 2699 in
1002 2659 1112 2715 quo
1142 2644 1281 2716 forte
1302 2643 1616 2716 Graecorum
1644 2646 1918 2699 schisutao

333 2724 575 2774 ticorum
605 2714 784 2770 errori
810 2714 1088 2770 adhaerere
1120 2714 1289 2768 videri
1329 2715 1519 2782 possit,
1564 2723 1622 2766 ut
1659 2716 1916 2768 nimirum

331 2791 572 2844 omnino
619 2787 877 2840 excludat
925 2803 955 2838 a
1005 2784 1144 2838 Filio
1190 2797 1370 2837 causa:
1425 2787 1715 2848 rationem,
1753 2799 1916 2849 quam

332 2867 563 2920 vocant,
597 2857 714 2912 sive
763 2868 822 2910 ut
854 2857 960 2908 ulla
1013 2855 1228 2907 ratione
1259 2853 1528 2923 producat
1572 2869 1696 2906 cum
1761 2855 1918 2909 Patre

334 2930 608 2998 Spiritum
662 2939 941 2998 “uerum.
995 2924 1260 2990 Quamvis
1287 2925 1438 2998 enim
1483 2939 1587 2998 non
1639 2924 1713 2977 ita
1756 2927 1919 2998 _clare

335 2994 621 3069 loquatur,
654 2997 737 3069 sig
769 3006 951 3049 tamen
986 2998 1202 3069 sentire
1221 2994 1808 3069 velutjundammodo
1836 2995 1920 3069 in-

335 3062 482 3123 dicat
509 3084 524 3120 :
557 3083 680 3120 eum
701 3065 918 3121 Patrem
967 3065 1045 3117 ait
1075 3062 1206 3116 Υισῦ
1248 3067 1347 3134 και
1373 3062 1692 3134 Πνεύματος
1713 3066 1814 3133 τὴν
1836 3067 1921 3116 σιξ-

2041 2506 2265 2573 quando
2294 2507 2456 2560 etiam
2494 2505 2630 2560 Galli
2671 2504 2722 2557 in
2755 2503 2973 2558 Grecos
3008 2503 3339 2573 peculiarius
3374 2520 3617 2573 noscun-

2029 2571 2118 2630 tur
2149 2579 2498 2639 inclamasse,
2539 2587 2598 2628 ut
2634 2575 2803 2640 liquet
2834 2590 2897 2628 ex
2928 2571 3086 2628 certe.
3126 2571 3321 2626 Rheni.
3347 2575 3451 2629 sub
3479 2572 3618 2634 Ehe.

2029 2662 2193 2700 rene.
2237 2646 2405 2700 Multo
2452 2647 2769 2713 adiumento
2812 2656 2978 2707 esset,
3003 2653 3060 2696 nt
3101 2643 3170 2713 ita
3203 2645 3287 2706 pie
3311 2659 3616 2712 exponere-

2037 2733 2182 2776 mus,
2223 2715 2452 2784 cpistola
2492 2712 2611 2782 qua:
2639 2724 2818 2769 exstat
2869 2725 2980 2768 tom
3009 2713 3071 2767 Ill
3113 2712 3372 2768 Biblioth.
3407 2713 3510 2769 PP.
3548 2717 3615 2771 ad

2026 2784 2288 2839 Omarum
2324 2785 2727 2839 Saracenorum
2793 2800 2970 2853 regem
3007 2785 3074 2837 de
3128 2784 3249 2837 lidei
3283 2785 3618 2842 Christiana

2028 2857 2274 2917 veritate,
2307 2857 2466 2916 cuius
2493 2856 2780 2919 Barunius,
2814 2872 2901 2907 an.
2944 2853 3070 2915 9H,
3107 2869 3168 2907 ea
3199 2855 3359 2908 verba
3395 2856 3559 2909 refert
3593 2877 3608 2911 :

2027 2928 2138 2993 Ego
2166 2943 2282 2979 sum
2337 2926 2593 2979 Dominus
2647 2925 2787 2977 Deus
2826 2934 2967 2980 tuus.
3003 2922 3225 2993 Creator
3263 2933 3403 2986 tuus,
3435 2926 3616 2980 lumen

2027 2992 2089 3048 de
2118 2997 2332 3057 lumine,
2373 2994 2594 3048 l’erbunt
2623 2997 2687 3050 de
2713 2994 2896 3053 Patre,
2923 3009 2988 3046 cx
3012 2992 3198 3063 quibus
3227 2993 3458 3060 Spiritus
3485 3013 3510 3048 s
3534 3013 3616 3049 nt-

2027 3075 2141 3118 ctus
2173 3066 2405 3128 procedit
2439 3082 2456 3118 :
2494 3075 2551 3119 ut
2590 3066 2681 3120 illa
2713 3066 2938 3119 omnino
2981 3072 3302 3127 constaret;
3360 3079 3425 3118 ac
3481 3081 3616 3120 con-

333 3136 460 3209 έῐαν
492 3135 838 3209 ἀνῃρῃμένον
861 3151 873 3163 ο
924 3133 1220 3209 ΡειςιιιίιηψΔ
1257 3131 1479 3209 habere,
1525 3131 1641 3187 esse
1673 3131 1917 3209 causam
1947 3135 1990 3190 C
2026 3145 2198 3209 staret
2248 3137 2382 3209 nihil
2435 3137 2545 3209 sibi
2570 3137 2916 3209 interpretem
2959 3136 3012 3189 in
3048 3150 3110 3189 ea
3141 3134 3455 3199 indulsisse,
3497 3137 3615 3209 sive

336 3207 476 3263 Filii
513 3204 856 3274 ar'VSpiritus
892 3205 1085 3266 sancti,
1130 3204 1222 3257 ubi
1247 3205 1599 3272 praemisisset
1654 3205 1918 3272 distingui

336 3293 608 3349 personas
624 3273 744 3349 ulto
771 3276 895 3339 hoc,
920 3275 998 3343 τῷ
1023 3274 1202 3349 αἰτίῳ,
1229 3274 1413 3349 καὶ-τῇ
1438 3273 1711 3349 γεννήσει,
1737 3278 1831 3326 καὶ
1853 3278 1920 3345 τῇ

338 3344 596 3418 ἒτροόδῳνο
619 3346 803 3399 inusta
853 3361 915 3418 ac
945 3344 1456 3418 principiiratioqe,
1474 3345 1831 3418 generatione,
1858 3344 1919 3397 ac

335 3412 694 3488 processione,
740 3431 863 3488 cum
905 3415 1056 3488 item.
1102 3412 1327 3488 Latinos
1370 3412 1560 3488 procul
1606 3413 1774 3488 dubio
1824 3430 1924 3488 np-

336 3477 487 3552 ἱππῆς,
517 3489 588 3539 ita
620 3477 688 3539 ad
723 3487 881 3539 linem
942 3487 1035 3548 ait,
1083 3482 1207 3554 μηδ’,
1249 3485 1327 3545 εἰς
1353 3477 1533 3536 αἰτίαν
1560 3477 1691 3554 αὐτὸ
1726 3484 1923 3553 διπλῆν

335 3558 742 3627 ἀναφέροντες
771 3571 935 3627 neque
953 3556 1008 3606 in
1025 3553 1168 3627 duas
1194 3553 1366 3623 ipsum
1389 3571 1593 3627 causas
1607 3553 1923 3627 referentes:

337 3624 489 3690 quod
523 3624 620 3687 ait,
652 3624 987 3693 πολυαρχίαν
1018 3626 1076 3676 ὲν
1113 3627 1178 3694 τῇ
1217 3627 1516 3693 μοναρχικῇ
1553 3625 1744 3691 Τριάδι
1791 3641 1924 3693 πιρ-

335 3695 711 3764 εινσαγόντωνο
758 3711 940 3748 eorum
994 3696 1084 3764 qui
1127 3695 1297 3747 multa
1330 3695 1622 3764 gpriucipia
1666 3695 1722 3748 in
1764 3696 1922 3749 unius

336 3761 594 3838 principii
622 3764 937 3838 Trinitatem
975 3761 1254 3838 ἱίιίι-ιιειιηιτ
1312 3761 1575 3830 Quamvis
1603 3766 1923 3838 _eni_m_ipsa

340 3833 475 3892 tum
520 3833 847 3889 Latinorum
916 3848 980 3887 ac
1048 3833 1305 3889 Ecclesia:
1379 3835 1650 3888 sententia
1706 3833 1923 3901 habeat,

339 3911 722 3974 uniusqueiet
783 3903 882 3974 ipsi
912 3905 1168 3973 principii
1220 3903 1542 3957 Trinitatem
1607 3904 1920 3968 credamus,

339 3979 506 4033 Patre
536 3973 601 4030 ac
628 3973 921 4040 Filio,nno
952 3989 1014 4028 ac
1045 3974 1236 4042 eodem
1262 3975 1499 4038 Spiritus
1517 3974 1688 4028 sancti
1716 3974 1924 4042 princi-

342 4051 456 4118 pio,
494 4060 605 4114 qua
648 4048 857 4118 ratione
884 4042 1037 4098 Mens
1064 4055 1116 4098 et
1141 4041 1376 4118 Verbum
1416 4058 1521 4096 una
1557 4041 1925 4118 sunt__’amoris

339 4113 536 4180 causa,
600 4129 702 4169 nec
735 4115 840 4168 alia
888 4129 1052 4183 quam
1086 4129 1239 4183 mens
1277 4115 1416 4180 ipsa,
1448 4129 1569 4180 quae
1591 4123 1645 4168 et
1685 4113 1844 4167 Verbi
1872 4124 1926 4166 et

339 4189 554 4242 aii-oris
580 4200 746 4239 causa
776 4182 1016 4250 exsistit,
1054 4185 1147 4237 sed
1188 4182 1351 4238 Verbi
1383 4184 1522 4250 sola,
1556 4185 1779 4243 amoris.
1800 4199 1923 4238 cmn

345 4257 550 4321 \‘erbo,
608 4271 673 4307 ac
720 4270 817 4322 per
851 4253 1121 4317 Verbum;
1185 4268 1347 4321 quem
1403 4253 1665 4309 Tarasius
1723 4255 1926 4320 aliique

339 4328 516 4382 Graeci
561 4325 852 4377 orthodoxi
893 4323 1414 4394 modumloquendi
1453 4325 1686 4379 subinde
1724 4326 1928 4394 proha-

343 4404 496 4452 ruut.
537 4395 650 4448 Leo
701 4402 880 4447 tamen
930 4395 1080 4448 velut
1128 4391 1375 4447 insinuat
1424 4395 1496 4446 ita
1543 4391 1767 4459 sentire,
1817 4409 1923 4447 non

2026 3204 2304 3269 Latinmn,
2336 3208 2454 3260 sive
2477 3207 2640 3261 etiam
2673 3205 3032 3260 Chaldaicum
3059 3243 3074 3266 ,
3127 3220 3194 3257 ex
3249 3221 3360 3274 quo
3391 3207 3610 3259 tandem

2024 3276 2214 3330 Latina
2246 3275 2466 3344 prodiit.
2528 3275 2628 3329 Vix
2655 3275 2798 3328 enim
2833 3278 3067 3341 primum
3101 3284 3283 3341 putem
3315 3274 3611 3330 (llialdaiec

2025 3346 2308 3413 scriptam,
2334 3347 2600 3414 siquidem
2634 3362 2760 3399 vere
2791 3344 2988 3398 Leonis
3019 3346 3252 3412 cpistola
3285 3355 3390 3399 est.
3428 3344 3612 3400 Facile

2024 3409 2158 3470 vero
2183 3415 2367 3470 Grieca
2392 3409 2452 3469 οὗ
2481 3427 2535 3469 et
2564 3409 2638 3468 ὧν
2671 3409 3082 3484 permutantur;
3111 3414 3255 3485 quod
3286 3416 3336 3467 in
3364 3417 3615 3470 oratione

2027 3487 2203 3540 sancti
2239 3486 2450 3556 Etllogii
2486 3487 2539 3540 in
2579 3486 2782 3539 Ramos
2815 3486 3123 3538 Palmarum
3160 3485 3363 3538 factum
3413 3487 3612 3555 depre-

2026 3556 2210 3620 hendi,
2247 3571 2310 3609 ac
2341 3555 2660 3610 tlevnratum
2693 3571 2721 3608 a
2762 3556 2950 3624 Cyrilli
2999 3571 3141 3608 novo
3188 3555 3484 3621 interprete
3513 3571 3613 3610 no-

2025 3628 2157 3679 tavi.
2202 3625 2354 3679 Haud
2395 3637 2543 3680 certe
2592 3627 2750 3679 facile
2800 3635 2991 3696 putem
3031 3624 3266 3680 Leonem
3301 3624 3614 3696 dogmatica

2028 3698 2116 3750 illa
2175 3697 2405 3766 epistola
2475 3699 2634 3749 aliam
2691 3696 2931 3750 edidisse
2966 3694 3151 3761 fidem,
3186 3710 3353 3766 quam
3386 3694 3618 3751 haberet

2029 3781 2164 3822 usus
2191 3765 2306 3821 Suae
2344 3766 2624 3826 Ecclesiae,
2669 3782 2731 3818 ae
2763 3781 2927 3834 quam
2959 3767 3233 3831 eitprimat
3271 3765 3372 3818 ista
3409 3769 3616 3820 oratio-

2029 3853 2118 3900 ne,
2147 3837 2307 3900 cnjus
2339 3846 2451 3891 tota
2481 3838 2644 3891 verba
2677 3837 2840 3890 etiam
2891 3835 3234 3889 orthodoxns
3257 3850 3392 3888 sane
3433 3837 3615 3904 profe-

2031 3908 2350 3971 rat..Qnare
2395 3923 2500 3959 neu
2531 3907 2701 3976 probo
2737 3905 2964 3976 omnino
3012 3904 3254 3960 Gretseri
3297 3920 3613 3976 censuram,

2029 3977 2094 4030 ad
2143 3979 2312 4030 relata
2363 3974 2550 4038 verba,
2583 3977 2785 4042 quibus
2815 3974 2926 4031 Leo
2974 3976 3226 4044 reprobat
3275 3985 3330 4027 ut
3375 3975 3614 4044 Spiritus

2030 4046 2301 4100 referatur
2325 4047 2380 4100 in
2413 4048 2520 4100 duo
2557 4048 2849 4114 principia,
2884 4062 3010 4103 cum
3067 4048 3138 4098 ita
3167 4046 3396 4112 margini
3441 4047 3614 4099 ascri-

2029 4116 2153 4170 bit:
2200 4115 2370 4170 Error
2409 4117 2867 4170 schismaticorum
2925 4115 3230 4170 (ercorum
3287 4115 3350 4166 de
3409 4130 3617 4182 proces-

2028 4186 2174 4239 sione
2204 4185 2436 4254 Spiritus
2465 4188 2636 4239 sancti
2669 4203 2731 4238 ea:
2759 4186 2874 4239 solo
2904 4186 3082 4241 Patre.
3119 4184 3264 4239 Nihil
3295 4200 3427 4237 sane
3463 4186 3616 4251 ejus-

2029 4259 2175 4310 modi
2208 4258 2416 4311 erroris
2452 4257 2653 4310 habent
2685 4256 2774 4309 illa
2808 4258 2992 4319 verba,
3020 4258 3114 4312 sed
3150 4255 3396 4310 indicare
3428 4256 3617 4308 viden-

2029 4332 2140 4391 tur,
2164 4342 2270 4395 qua
2305 4337 2497 4382 notant.
2527 4325 2773 4383 Latinus.
2809 4337 2867 4379 ut
2894 4343 2959 4381 eo
2987 4333 3191 4395 ponant
3213 4325 3320 4378 duo
3349 4324 3615 4392 principia

2031 4395 2268 4465 Spiritus
2322 4400 2521 4460 sancti,
2565 4398 2710 4465 quod
2753 4397 2951 4450 Filium
3004 4397 3073 4450 ab
3107 4397 3228 4462 ejus
3255 4395 3617 4465 productione

343 4482 506 4537 posse
555 4463 819 4537 Spiritum
887 4471 1139 4518 sanetum
1193 4461 1473 4537 referriin
1506 4461 1728 4524 Filium,
1786 4465 1922 4533 quin
1962 4461 2138 4537 Dnbn
2197 4467 2495 4522 excludant
2532 4485 2545 4522 :
2585 4461 2764 4534 ’utque
2825 4481 3014 4520 revera
3055 4461 3159 4520 Leo
3221 4461 3274 4518 in
3326 4464 3546 4537 aliquos
3586 4481 3618 4520 e

341 4530 547 4606 duplex
569 4530 691 4606 eius
716 4548 879 4588 causa
907 4540 1142 4606 ponatur
1172 4548 1184 4584 :
1214 4548 1336 4603 qum.
1361 4530 1675 4606 Graecorum
1712 4530 1928 4606 semper

342 4603 576 4661 ofl‘ensio
605 4605 729 4662 fuit.
777 4603 992 4656 tametsi
1026 4603 1155 4673 olim
1186 4611 1411 4656 sanctus
1461 4603 1732 4658 Maximus
1761 4604 1930 4673 probe

343 4678 740 4745 explicavcrat‘,
773 4680 833 4725 ut
865 4687 1028 4726 unam
1061 4672 1240 4725 Latini
1271 4673 1512 4741 Spiritus
1543 4672 1790 4745 causam,
1812 4675 1928 4728 sive

346 4742 681 4818 principium
714 4742 930 4818 Patrem
963 4751 1352 4818 agnoscerent,
1377 4758 1486 4818 pec
1511 4745 1631 4818 ejus
1657 4744 1796 4797 duas
1831 4759 1930 4812 po-

346 4811 543 4871 nerent
582 4828 804 4875 cauSas,
857 4811 1016 4866 licet’
1045 4813 1209 4866 etiam
1267 4827 1330 4866 ex
1373 4811 1513 4866 Filio
1557 4811 1845 4876 dicerent,’
1869 4822 1928 4866 ut

348 4887 519 4955 liquet
543 4901 606 4937 ex
631 4885 861 4955 epistola
893 4883 959 4936 ad
988 4881 1257 4955 Maritum:
1285 4883 1458 4955 altero
1488 4885 1834 4955 tomoedita,
1864 4898 1929 4937 ac

345 4971 377 5008 a
405 4949 710 5008 'Metocbit'e
741 4952 1024 5022 explicata.
1060 4949 1150 5004 Illa
1192 4952 1366 5006 Patris
1410 4954 1581 5020 notio,
1612 4953 1672 5004 τὸ
1718 4953 1925 5017 αἴτιον,

346 5038 429 5078 est
457 5026 623 5078 etiam
653 5020 900 5092 Gregorii
933 5020 1262 5075 Nazianzeni
1298 5030 1440 5092 erat.
1477 5026 1569 5090 ιιι,
1605 5023 1696 5076 ubi
1725 5025 1803 5076 ait
1841 5022 1931 5077 Fio

348 5096 479 5155 litim
518 5094 720 5146 habere
770 5091 988 5155 omnia,
1042 5105 1161 5159 quae
1202 5092 1364 5145 habet
1402 5091 1583 5158 Pater,
1642 5093 1781 5162 πλὴν
1831 5093 1929 5162 τῆς

346 5166 529 5225 αἰτίας
555 5180 569 5192 ·
593 5173 805 5229 excepta
836 5178 1014 5214 causa:
1036 5177 1099 5214 ac
1117 5163 1370 5230 principii
1418 5166 1624 5217 ratione
1642 5179 1660 5216 :
1684 5179 1726 5217 SI
1752 5177 1927 5217 tamen

348 5250 474 5287 Vera
511 5235 671 5287 lectio
708 5242 815 5296 est,
871 5247 1034 5298 quam
1075 5231 1332 5299 praefatus
1380 5231 1700 5288 Metochites
1737 5233 1928 5286 falsam

350 5307 554 5373 arguit,
585 5319 652 5356 ex
686 5320 751 5356 eo
775 5302 921 5371 quod
945 5303 1286 5369 probatiores
1313 5303 1473 5373 codd.
1508 5303 1746 5359 habeant
1791 5304 1929 5371 πλὴν

349 5371 445 5443 τῆξ
468 5373 799 5443 ἀγεννησίας
821 5391 831 5402 ·
861 5371 1512 5443 exceptainuascibilitate
1531 5388 1550 5426 :
1575 5388 1736 5441 quam
1763 5377 1928 5426 etiam

353 5441 514 5497 unam
553 5441 838 5506 aliisvlocis
871 5441 1172 5512 Gregorius
1223 5443 1464 5510 excipit;
1498 5458 1771 5512 nusquam
1800 5459 1928 5496 vero

351 5516 552 5577 αἰτίαν,
592 5522 948 5582 praeterquam
993 5510 1268 5578 suspecto
1319 5512 1410 5567 illo
1459 5513 1598 5582 loco.
1627 5510 1634 5511 ί
1663 5510 1730 5565 Ut
1769 5514 1929 5565 aliter

351 5581 982 5652 Leottcmexpltccrnus,
1041 5595 1104 5634 ac
1157 5595 1347 5635 sanam
1386 5581 1615 5637 velimus
1665 5584 1928 5636 habuisse

354 5666 608 5713 mentem,
635 5656 806 5722 pietas
833 5653 958 5722 e_rit,
990 5653 1288 5722 praesertim
1321 5653 1622 5719 quaestione
1647 5653 1920 5720 ejusmodi

353 5722 565 5778 Graecos
598 5718 740 5776 tuter
768 5737 831 5776 ac
855 5718 1080 5776 Latinos
1108 5721 1228 5790 ejus
1251 5718 1492 5790 tempore
1520 5718 1919 5788 valde—celebri,

2035 4535 2246 4592 Latinis
2302 4537 2376 4592 ita
2438 4539 2631 4590 rudius
2697 4547 3034 4604 exponentes
3092 4536 3500 4604 processionem
3549 4548 3616 4590 ex

2036 4606 2194 4664 Patre
2250 4623 2314 4661 ae
2375 4605 2534 4668 Filio.
2599 4609 2814 4661 locutus
2850 4610 2941 4669 sit,
2980 4617 3036 4659 ut
3069 4615 3152 4659 est
3181 4605 3463 4672 probabile
3497 4619 3610 4657 non

2034 4677 2277 4734 defuisse
2305 4681 2490 4748 plures
2514 4679 2605 4746 qui
2635 4679 2716 4731 sic
2745 4678 3226 4748 intelligerentLac
3248 4677 3388 4748 duas
3417 4689 3618 4728 causas

2032 4749 2151 4803 sive
2185 4745 2452 4819 principia
2487 4749 2747 4816 Spiritus,
2773 4745 2989 4799 Patrem
3025 4761 3089 4801 ac
3111 4745 3308 4819 Fili-um
3335 4745 3612 4819 dicerent:

2034 4834 2141 4872 noa
2185 4814 2355 4872 modo
2405 4814 2542 4872 nnn_
2571 4820 2795 4886 protulit
2829 4832 3092 4878 errorem,
3127 4816 3221 4870 sed
3255 4824 3309 4868 et
3353 4815 3406 4869 id
3435 4814 3616 4882 ipsum

2033 4890 2176 4956 quod
2226 4897 2416 4958 postea
2452 4888 2749 4941 universali
2801 4887 3040 4940 concilio
3083 4895 3315 4954 utraque
3376 4887 3616 4958 Ecclesia

2034 4955 2265 5013 sanxit}
2298 4959 2544 5024 nihilque
2573 4967 2718 5010 vetat
2754 4967 2810 5010 ut
2838 4973 2904 5009 ne
2941 4958 3023 5010 vir
3068 4958 3359 5023 theologus
3390 4969 3451 5007 ac
3482 4955 3616 5008 insi.

2035 5031 2215 5096 gniter
2264 5030 2538 5088 eruditus,
2593 5028 2665 5080 ita
2708 5027 2986 5081 subtiliter
3038 5027 3390 5086 intellexerit,
3426 5028 3620 5094 sicque

2034 5097 2302 5152 alfectarit
2332 5101 2479 5166 loqui
2510 5108 2567 5150 ut
2593 5107 2644 5150 et
2668 5098 2801 5151 nihil
2825 5113 3063 5151 errorem
3087 5096 3292 5150 habens
3313 5096 3616 5166 proferret,

2037 5170 2281 5236 nihilque
2305 5164 2456 5232 suos,
2493 5184 2557 5221 ac
2578 5166 3156 5223 Graccos.rnnteutioni
3202 5164 3510 5236 studenti-8,
3552 5179 3620 5222 ex

2037 5234 2290 5306 seruiene
2312 5237 2614 5292 oli‘euderet
2646 5252 2659 5288 :
2704 5237 2905 5306 alioqui
2935 5240 3080 5291 enim
3123 5237 3401 5290 addictum
3439 5234 3615 5302 ipsum

2033 5305 2298 5362 Romana:
2351 5307 2490 5369 sedi,
2520 5323 2548 5359 a
2582 5323 2691 5376 qua
2741 5305 2904 5363 etiam
2959 5308 3262 5361 reluctante
3307 5306 3618 5376 patriarcha

2034 5373 2646 5446 Constantinopolitano
2718 5378 3032 5447 nuptiarum
3111 5373 3426 5430 Graecorum
3495 5373 3620 5447 jure

2037 5445 2440 5515 prohibitarum
2465 5445 2842 5503 remissionem
2886 5449 3278 5516 impetraverit,
3309 5447 3426 5514 ipso
3453 5445 3619 5498 etiam

2034 5519 2349 5587 patriarcha
2386 5519 2704 5571 Latinorum
2751 5532 2815 5571 ac
2846 5516 3280 5587 Occidentalium
3325 5519 3619 5587 sententia,

2036 5584 2099 5641 ea
2129 5590 2423 5713 opcasiuue
2453 5598 2830 5655 exauctorato,
2867 5589 3060 5660 liquet.
3092 5590 3209 5653 Qua
3244 5585 3313 5641 de
3341 5599 3397 5642 re
3421 5584 3621 5642 Barea.

2037 5667 2091 5712 et
2130 5673 2160 5713 a
2186 5676 2245 5713 It.

2037 5667 2091 5712 et
2130 5661 2245 5714 alii.
