4108 6306
396 270 501 338 123
1674 270 1954 331 LEONIS
1980 271 2009 333 Ι

2113 268 2452 333 ζιΟΞΟΡΗΙ
3584 257 3730 328 124

399 399 605 450 munus
634 399 690 439 m
736 381 1061 438 inimicitias
1096 380 1694 447 solveremus.7Facile
1722 382 1870 437 enim
1902 388 1989 437 est

2113 381 2294 451 ζχθραν
2332 378 2745 451 διαλυσάμενοι.
2799 377 3037 433 Εὕκολον
3083 377 3193 449 γάρ
3244 394 3365 442 πως
3409 376 3471 431 τὸ
3531 378 3731 446 γένος

398 490 574 548 genus
621 475 937 529 mortalium
996 483 1057 529 ut
1089 474 1143 527 in
1175 470 1447 542 ejuSmodi
1479 473 1669 528 dolum
1706 473 1986 529 fraudem-

2113 474 2232 541 τρὸς
2276 471 2375 543 τὴν
2424 471 2684 537 τοιαύτην
2714 471 3041 540 ὑπαγωγὴν.
3074 469 3229 539 ’Δμα
3266 468 3325 522 δὲ
3365 469 3462 523 καὶ
3489 486 3731 539 γνωρι-

400 584 509 639 que
534 567 875 623 inducatur.
916 565 1094 620 Simul
1123 581 1256 621 vero
1296 580 1423 620 cum
1454 564 1629 621 Filius
1660 566 1730 621 ab
1782 575 1992 622 aeterno

401 652 632 730 genitus
673 657 994 715 hominibus
1048 657 1387 713 innotuisset
1414 697 1429 721 ,
1475 658 1768 728 oportebat
1822 661 1990 715 etiam

401 761 737 805 coaeternum
765 748 1032 819 Spiritum
1060 765 1317 817 noscere,
1348 758 1408 804 ut
1433 751 1506 804 ita
1535 751 1784 805 divinum
1814 759 1992 806 totum

398 843 772 913 principatum
829 843 1097 905 colentes,
1132 854 1305 917 .recte
1351 840 1463 897 Deo
1511 842 1566 896 in
1627 858 1991 911 personarum

400 934 676 989 Trinitate
710 935 979 988 honorem
1012 933 1350 988 haberemus
1382 952 1395 989 :
1430 943 1601 1004 atque
1630 943 1691 988 ut
1726 936 1820 990 ille
1855 934 1993 991 Uni—

400 1027 570 1095 geniti
601 1027 832 1096 gloriam
866 1022 1163 1094 proferret,
1198 1025 1323 1093 ejus
1350 1027 1407 1079 iu
1433 1028 1624 1080 orbem
1664 1026 1992 1080 universum

300 1124 301 1127 ‘
400 1119 746 1186 maiestatem
803 1117 1120 1179 declarans,
1169 1116 1514 1186 viviﬁcaeque
1558 1117 1680 1186 ejus
1728 1115 1995 1171 doctrinae

401 1208 672 1279 praeclara
722 1208 936 1264 semina
987 1210 1289 1277 adaugens.
1330 1206 1802 1274 Quemadmodum
1844 1202 1992 1262 enim

402 1302 578 1359 Filius
603 1302 860 1358 humana:
891 1310 1106 1357 naturae
1124 1317 1501 1358 consuescens
1524 1301 1747 1356 Patrem
1781 1300 1993 1357 clarifi-

402 1397 569 1458 cavit,
609 1397 684 1449 ita
716 1412 814 1465 par
849 1404 968 1451 erat
992 1403 1130 1450 utet
1159 1394 1403 1464 Spiritus
1428 1394 1779 1450 substantiali
1808 1395 1874 1448 ad
1896 1410 1997 1451 nos

403 1488 644 1542 adventu
677 1486 874 1540 Filium
907 1487 1264 1541 clariﬁcarel.
1292 1486 1464 1541 Nemo
1487 1486 1696 1541 idcirco
1726 1494 1996 1556 angustus

405 1578 741 1647 rixosusque
790 1577 989 1641 adeat;
1041 1592 1143 1631 nec
1196 1579 1323 1646 quis
1381 1576 1648 1632 Paracleti
1691 1575 1997 1632 dominium

406 1669 463 1725 in
528 1670 847 1725 servitutem
904 1668 1160 1722 demittat
1234 1668 1603 1737 deducatque.
1657 1667 2000 1724 Clariticavit

2095 564 2316 625 σοέντος
2362 560 2674 629 ἀνθρώποις
2711 561 2807 613 τοῦ
2848 560 3097 631 ἀχρόνους
3135 560 3488 630 γεννηθέντος
3522 555 3671 613 Υἰοῦ
3696 594 3722 618 ,

2095 656 2203 707 ἔδει
2246 657 2343 707 καὶ
2391 653 2453 706 τὸ
2487 654 2828 724 συνὰναρχον
2876 651 3250 724 γνωρισθῆναι
3297 650 3563 722 Πνεῦμα,
3625 646 3724 703 ἵν’

2093 745 2236 799 οὕτω
2297 745 2478 808 καλῶς
2532 745 2743 815 τιμῷτο
2797 745 2928 809 Θεὸς
2978 748 3037 798 ὲν
3084 747 3153 816 τῇ
3208 744 3319 797 τῶν
3381 742 3723 816 προσώπων

2095 837 2311 906 Τριάδι,
2345 839 2446 907 τῆς
2476 837 2605 905 ὅλης
2635 839 2768 908 ἡμῖν
2798 836 3063 908 θεαρχίας
3101 836 3448 906 τιμωμένης·
3479 836 3576 888 καὶ
3605 835 3724 888 ἵνα

2095 930 2296 1003 δοξάσῃ
2328 930 2421 985 τὸν
2456 932 2762 1001 Μονογενῆ,
2797 930 3069 1002 φανεροῦν
3107 928 3213 983 ἀνὰ
3244 930 3425 983 πᾶσαν
3455 929 3557 999 τὴν
3588 928 3720 999 γῆν

2096 1022 2195 1094 τὴν
2225 1021 2438 1074 ἐκείνου
2468 1022 2888 1093 μεγαλειότητα,
2914 1020 3101 1075 καὶτὰ
3130 1019 3272 1073 καλά
3294 1022 3397 1090 τῆς
3420 1017 3715 1084 ζωοποιοῦ

2097 1114 2448 1178 διδασκαλίας
2486 1115 2653 1169 αὐτοῦ
2686 1115 2943 1186 πληθύων
2983 1114 3295 1185 σπέρματα.
3335 1114 3551 1184 ’Ὥσπερ
3585 1115 3717 1191 γὰρ

2097 1210 2127 1261 ὀ
2162 1207 2293 1271 Υἱὸς
2325 1207 2494 1279 σαρκὶ
2523 1207 2817 1278 ὁμιλήσας,
2852 1206 3070 1272 ὲδόξασε
3105 1208 3197 1259 τὸν
3229 1206 3473 1277 Πατέρα,
3519 1204 3713 1269 οὕτως

2099 1302 2309 1371 ἔπρεπε
2362 1303 2459 1356 καὶ
2495 1303 2558 1355 τὸ
2584 1300 2813 1373 Πνεῦμα
2836 1302 2928 1354 τὸν
2961 1302 3091 1356 Υίὸν
3117 1301 3390 1367 δοξάσειν,
3417 1297 3708 1362 οὑσιωδῶς

2101 1398 2235 1467 ἡμῖν
2278 1397 2672 1466 παραγεγονός.
2742 1395 2949 1462 Μηδεὶς
3007 1393 3094 1449 διὰ
3148 1394 3307 1447 τοῦτο
3370 1391 3707 1463 μικρολόγος

2104 1488 2341 1558 παρίτω,
2391 1487 2529 1559 μηδὲ
2556 1487 2658 1557 τὴν
2714 1486 2810 1539 τοῦ
2844 1486 3209 1557 Παρακλήτου
3234 1484 3576 1549 δεσποτείαν,
3614 1482 3707 1546 εἰς

2104 1579 2353 1632 δουλείαν
2379 1578 2820 1643 καταϐιϐαζέτω.
2865 1577 3118 1644 Ἐδόξασε
3154 1578 3248 1630 τὸν
3276 1574 3411 1630 Θεὸν
3457 1575 3551 1629 καὶ
3582 1575 3708 1628 Πα-

2104 1672 2238 1742 τέρα
2269 1673 2298 1722 ὁ
2333 1669 2619 1742 γεννηθεὶς
2650 1670 2756 1742 πρὸ
2795 1669 3113 1740 Ἑωσφόρου
3153 1660 3289 1730 Θεὸς
3310 1684 3324 1699 ’
3362 1664 3575 1733 δοξάζει
3605 1663 3707 1719 τὸν

408 1761 580 1817 Deum
627 1771 682 1816 et
733 1760 978 1823 Patrem,
1037 1760 1129 1830 qui
1180 1770 1308 1815 ante
1366 1760 1685 1816 Luciferum
1728 1770 1892 1814 natus
1915 1769 2001 1814 est

2113 1764 2389 1834 Μονογενῆ
2443 1764 2472 1814 ὁ
2507 1762 2797 1823 συναῖδίως
2842 1761 3037 1832 ἐκείνῳ
3077 1761 3284 1830 προῖὼν
3313 1761 3450 1824 Θεὸς
3484 1761 3551 1815 ὲκ
3585 1760 3708 1813 Πα-

407 1854 555 1909 Deus
590 1872 606 1921 ;
638 1853 906 1908 clarificat
934 1851 1320 1921 Unigenitum,
1356 1854 1449 1922 qui
1494 1869 1603 1907 una
1641 1867 1767 1907 cum
1812 1853 1910 1905 illo
1935 1854 2004 1906 ab

408 1955 621 2001 aeterno
645 1962 711 1999 ex
764 1944 923 1999 Patre
948 1944 1222 2014 processit
1258 1945 1426 1999 Deus.
1460 1942 1579 1998 Non
1611 1959 1857 2008 servum,
1893 1959 2004 1998 non

410 2041 745 2097 creaturam,
773 2048 882 2086 non
925 2048 955 2086 a
990 2031 1085 2086 Dei
1109 2045 1306 2087 natura
1342 2033 1580 2088 alienum
1610 2049 1734 2089 eum
1757 2042 2003 2104 reputes,

411 2122 507 2195 qtti
538 2130 853 2176 creaturam
896 2122 1101 2177 deitate
1146 2121 1315 2176 donet
1348 2140 1361 2176 :
1389 2139 1458 2177 ne
1494 2124 1635 2177 male
1667 2125 2008 2191 compositos

412 2212 639 2269 ordines
687 2224 783 2266 aut
816 2214 1021 2283 gradus
1051 2202 1369 2285 excogites,
1412 2230 1549 2268 neve
1608 2215 1733 2268 huic
1781 2215 2006 2285 quidem

413 2300 709 2366 minorem,
738 2301 815 2354 illi
841 2316 974 2355 vero
1008 2302 1355 2371 superiorem
1394 2304 1577 2357 locum
1609 2305 1843 2359 tribuas.
1863 2303 2011 2359 Nihil

412 2390 484 2445 ad
540 2390 911 2445 immortalem
980 2391 1474 2463 iucorruptamque
1534 2403 1791 2448 naturam
1851 2411 2000 2466 spec~

414 2487 537 2535 tant
578 2495 868 2536 cerearqu
927 2497 992 2537 ac
1043 2483 1383 2538 eaducarum
1439 2486 1553 2556 (38)
1596 2487 1875 2541 rationum
1925 2488 2012 2541 in-

415 2581 600 2628 venta.
632 2572 714 2628 Ne
752 2574 900 2628 unde
932 2575 1141 2630 honore
1176 2576 1324 2631 aucti
1362 2592 1579 2644 sumus,
1623 2578 1753 2633 inde
1817 2587 2013 2632 contra

418 2671 679 2719 naturam
727 2666 1074 2735 superiorem
1126 2669 1276 2720 omni
1318 2678 1543 2733 natura,
1596 2672 1917 2741 honoreque
1949 2686 2014 2725 ac

419 2754 618 2825 gloria,
668 2756 1063 2809 contumeliam
1104 2759 1509 2827 excogitemus.
1554 2760 1754 2815 Missus
1784 2762 2012 2831 quidem

418 2854 505 2899 cst
532 2842 708 2901 Filius
742 2844 810 2899 ad
834 2848 1077 2917 ﬁgmenti
1110 2862 1175 2903 ac
1200 2849 1440 2903 hominis
1466 2852 1701 2915 salutem
1736 2864 2012 2921 praestau-

425 2938 551 2992 dam
583 2953 599 3005 ;
632 2953 743 2993 non
795 2940 952 3007 quasi
987 2939 1152 2995 Patre
1204 2943 1409 3008 minor,
1443 2944 1540 2997 sed
1568 2945 1700 3014 quia
1727 2960 1852 3000 eum
1889 2955 2014 3000 tan-

420 3065 587 3121 quam
612 3051 886 3107 heredem
914 3052 1258 3123 dispensatio
1288 3056 1530 3123 deceret,
1564 3074 1672 3127 qua
1705 3073 1807 3115 nos
1830 3061 2016 3117 cohae—

2106 1855 2259 1925 τρός.
2292 1857 2368 1909 Οὐ
2395 1855 2604 1919 δοῦλον,
2632 1854 2753 1908 οὐδὲ
2785 1857 3010 1926 ιιτίσμα,
3043 1855 3165 1909 οὐδὲ
3195 1855 3297 1925 τῆς
3327 1854 3514 1925 θεῐκῆς
3542 1851 3708 1921 δόξης

2106 1949 2391 2021 ἀλλότριον
2420 1949 2481 2002 τὸ
2513 1949 2801 2004 θεοποιοῦν
2834 1950 2934 2020 τὴν
2978 1950 3191 2004 κτίσινο
3236 1950 3314 2021 μὴ
3351 1948 3533 2016 τάξεις
3562 1948 3707 2002 ἀτά-

2108 2059 2289 2108 κτους,
2336 2041 2471 2113 μηδὲ
2512 2042 2756 2114 βαθμοὺς
2800 2044 3136 2114 ἐπινοήσῃς·
3190 2042 3327 2114 μηδὲ
3374 2043 3551 2115 τούτῳ
3599 2041 3709 2112 μὲν

2110 2136 2210 2208 τὴν
2236 2122 2519 2199 ἐλάττονα,
2550 2135 2726 2203 τούτῳ
2749 2136 2805 2189 δὲ
2831 2135 2931 2207 τὴν
2964 2136 3374 2208 ὑπερκειμένην
3400 2137 3709 2208 ἀπονείμῃς

2113 2229 2319 2301 χώραν.
2346 2228 2512 2282 Οὐδὲν
2541 2228 2680 2299 πρὸς
2712 2227 2812 2298 τὴν
2841 2229 3118 2299 ἀκήρατον
3140 2228 3304 2297 φύσιν
3325 2229 3382 2281 αί
3410 2228 3518 2283 τῶν
3545 2229 3709 2301 κηρί-

2113 2339 2222 2373 νων
2249 2321 2488 2374 ἐπίνοιαι
2510 2319 2809 2389 λογισμῶν.
2837 2320 2931 2388 Μὴ
2953 2319 3047 2389 ἀφ’
3068 2311 3144 2372 ὧν
3177 2319 3543 2390 ὲτιμήθημεν,
3565 2320 3712 2371 ἐκεῖ·

2114 2412 2204 2465 Θεν
2236 2413 2377 2466 κατὰ
2404 2414 2503 2480 τῆς
2528 2413 2793 2466 ἀνωτάτω
2815 2411 3053 2480 φύσεως,
3077 2412 3263 2482 πάσης
3292 2415 3388 2465 καὶ
3418 2412 3579 2482 τιμῆς
3613 2411 3712 2465 καὶ

2114 2503 2294 2574 δόξης,
2323 2504 2423 2573 τὴν
2459 2504 2617 2575 ὓὸριν
2653 2504 2981 2575 ἐπινοῶμεν.
3039 2503 3348 2573 Ἀπεστάλη
3392 2505 3492 2574 μὲν
3520 2504 3549 2557 ὁ
3580 2502 3714 2567 Υἱὸς

2116 2599 2255 2667 πρὸς
2286 2598 2386 2667 τὴν
2429 2596 2523 2650 τοῦ
2559 2596 2879 2667 πλάσματος
2914 2598 3211 2669 σωτηρίαν,
3241 2599 3340 2667 οὐχ
3370 2599 3447 2663 ὼς
3472 2596 3715 2668 ὑπερϐε-

2118 2687 2336 2758 6η>ιὼς¹Ιι
2359 2689 2452 2742 τοῦ
2472 2690 2686 2761 Πατρός
2704 2706 2716 2720 ·
2741 2689 2857 2743 ἀλλ’
2882 2691 2966 2743 ὅτι
2992 2688 3256 2759 ἔπρεπεν,
3280 2690 3357 2752 ὡς
3380 2688 3712 2759 κληρονόμῳ

2120 2782 2329 2851 συγκλη
2338 2782 2460 2851 ρονό
2467 2799 2597 2847 μους
2608 2782 2915 2852 βουλομένῳ
2930 2787 3176 2853 ποιήσειν
3195 2782 3341 2851 ἡμᾶς
3359 2785 3391 2851 η
3403 2781 3712 2851 οἰκονομία.

2131 2872 2555 2926 Ἀποστέλλεται
2578 2873 2634 2926 δὲ
2654 2875 2749 2926 καὶ
2770 2873 2830 2926 τὸ
2853 2872 3102 2944 Πνεῦμα,
3126 2873 3225 2944 οὐχ
3242 2872 3319 2937 ὼς
3348 2872 3567 2925 ἔλαττον
3586 2872 3715 2942 ἔχον

2120 2962 2215 3017 τοῦ
2244 2962 2409 3017 Υίοῦο
2459 2962 2576 3018 ἀλλ’
2611 2965 2688 3027 ὡς
2722 2964 3083 3035 Παράκλητος
3123 2963 3221 3017 καὶ
3260 2964 3446 3027 αὐτὸς,
3482 2963 3577 3018 καὶ
3608 2962 3716 3033 τὴν

2121 3054 2303 3127 ἡμῶν
2334 3053 2800 3127 συνεργαςῖόμενο(¹
2830 3053 3006 3126 τούτῳ
3037 3052 3338 3109 υἱοθεσίαν.
3383 3053 3478 3125 Μὴ
3514 3054 3715 3124 τομὰς,

421 3144 583 3201 redes
609 3144 937 3201 eﬂ'ecturum
967 3162 1028 3202 se
1062 3149 1377 3204 statuisset.
1402 3151 1505 3205 Sed
1540 3162 1597 3205 et
1623 3150 1864 3223 Spiritus
1879 3171 2009 3211 san-

2120 3149 2256 3218 μηδὶ
2287 3147 2553 3217 διαίρεσιν
2597 3147 2911 3222 ὑποσάλλῃς
2957 3148 3020 3202 τὸ
3056 3149 3127 3202 δι’
3148 3141 3210 3201 οὗ
3241 3149 3308 3203 σὺ
3337 3148 3487 3223 θείας
3520 3164 3720 3201 κοινω-

421 3242 548 3291 ctus
596 3237 870 3302 mittitur,
922 3254 1035 3293 non
1087 3243 1251 3309 quasi
1296 3244 1484 3298 minus
1548 3246 1829 3314 quoddam
1878 3247 2018 3303 Filio

422 3329 644 3395 haheat,
681 3330 775 3385 sed
820 3330 969 3384 velut
997 3330 1166 3385 etiam
1220 3334 1338 3401 ipse
1379 3334 1729 3403 Paracletus,
1781 3349 2020 3395 nostrae-

422 3429 533 3485 que
553 3418 759 3485 pariter
783 3416 1099 3487 adoptionis
1126 3430 1323 3475 auctor
1343 3425 1647 3483 exsistens.
1692 3428 1772 3482 Ne
1815 3430 2022 3486 sectio.

423 3521 549 3561 nem
583 3506 1026 3579 divisionemque
1062 3510 1194 3565 illud
1226 3516 1535 3584 suspiceris
1566 3534 1713 3585 esse,
1749 3490 1847 3590 per
1869 3524 2018 3593 quod

423 3609 483 3654 tu
518 3600 720 3656 divinae
745 3611 957 3657 naturae
987 3606 1331 3660 consortium
1361 3609 1593 3679 accipis.
1641 3610 1801 3670 Unus
1837 3612 2020 3671 Patris

427 3693 664 3764 Filiique
718 3709 785 3748 ac
823 3695 1002 3749 sancti
1061 3697 1307 3767 Spiritus
1339 3709 1429 3754 est
1478 3703 1698 3761 honor:
1751 3707 2019 3775 quoniam

425 3802 536 3840 una
562 3794 787 3853 natura,
824 3796 990 3858 atque
1019 3804 1249 3860 regnum
1285 3807 1480 3849 unum.
1504 3792 1726 3851 Nullius
1765 3798 2021 3869 indigens

427 3873 579 3930 Deus
599 3873 785 3942 Pater,
817 3877 1089 3947 aqualem
1130 3880 1234 3935 sibi
1264 3882 1443 3952 gignit
1475 3883 1649 3940 Deum
1682 3886 1911 3959 Filium,
1953 3905 2021 3945 ac

425 3968 692 4039 aequalem
745 3970 1004 4040 producit
1054 3975 1325 4043 optimum
1376 3976 1669 4047 Spiritum,
1717 3998 1825 4036 non
1867 3994 2019 4039 secta

426 4074 529 4129 per
560 4074 933 4130 personarum
964 4060 1359 4119 discretionem
1389 4067 1717 4137 Divinitate,
1754 4050 1849 4128 sed
1880 4076 2021 4131 citra

426 4151 816 4209 confusionem
895 4154 953 4210 in
1009 4158 1435 4216 enumeratione
1486 4159 1778 4220 Trinitatis
1842 4168 2019 4223 unita.

424 4239 577 4296 Nihil
628 4243 684 4297 in
742 4260 807 4299 ea
850 4247 1152 4314 posterius,
1197 4258 1294 4303 aut
1328 4261 1576 4306 creatum
1602 4270 1667 4309 ex
1723 4255 1923 4323 nihilo,
1957 4275 2022 4316 ac

427 4335 640 4390 idcirco
669 4339 973 4400 recentius,
1007 4342 1103 4395 sed
1122 4350 1411 4397 coaaterna:
1440 4359 1713 4413 personae,
1736 4350 2020 4419 ejusdem-

426 4441 537 4496 que
574 4429 789 4485 ordinis
820 4446 885 4484 ac
918 4432 1109 4500 glorise
1145 4452 1159 4488 :
1191 4436 1291 4489 hoc
1328 4437 1507 4491 solum
1528 4438 1804 4507 discretae,
1842 4457 2021 4498 causa:
2049 4437 2101 4495 D
2129 4441 2378 4513 παρόντι.

2121 3242 2242 3296 νίαν
2269 3242 2485 3312 φύσεως
2512 3241 2833 3312 λαμϐάνεις.
2866 3242 2982 3299 Μία
3017 3243 3255 3313 Πατρὸς,
3292 3244 3388 3296 καὶ
3427 3242 3583 3303 Υίοῦ,
3617 3244 3717 3296 καὶ

2122 3334 2441 3406 Πνεύματος
2487 3336 2521 3406 ἡ
2573 3331 2732 3403 τιμὴ,
2792 3333 2877 3387 δτι
2928 3335 3030 3401 μία
3089 3333 3252 3404 φύσις
3296 3334 3390 3387 καὶ
3437 3333 3713 3404 βασιλεία.

2121 3425 2253 3488 Θεὸς
2296 3414 2604 3497 ἀπροσδεὴς
2650 3427 2679 3479 ὁ
2724 3425 2919 3497 Πατὴρ
2977 3420 3097 3481 ἴσον
3148 3426 3299 3497 αὐτῷ
3346 3427 3511 3497 γεννᾷ
3554 3426 3715 3490 Θεὸν.

2120 3519 2214 3573 τὸν
2258 3518 2420 3573 Υίόνσ
2467 3518 2565 3573 καὶ
2590 3515 2709 3572 ἶσον
2739 3518 2973 3588 προάγει
3001 3517 3064 3571 τὸ
3092 3518 3411 3587 πανάγαθον
3451 3517 3712 3589 Πνεῦμα·

2120 3611 2182 3665 οὗ
2210 3610 2553 3682 τεμνομένης
2587 3611 2688 3681 τῆς
2713 3609 2980 3683 Θεότητος
3009 3612 3078 3682 τῇ
3108 3610 3376 3681 διαιρέσει
3404 3611 3514 3664 τῶν
3539 3626 3717 3681 προσ-

2123 3700 2312 3766 ώπων,
2337 3700 2454 3756 ἀλλ’
2480 3702 2778 3773 ἐνουμένης
2811 3699 3133 3772 ἀσυγχύτως
3157 3703 3216 3757 ὲν
3237 3703 3302 3773 τῇ
3329 3696 3717 3772 ἀπαριθμήσει

2122 3791 2487 3863 τῆς,Τριὰδος.
2510 3791 2678 3846 Οὐδὲν
2692 3791 2818 3847 ὓστε
2826 3809 2940 3863 ρον,
2962 3791 3070 3844 οὐδ’
3091 3791 3151 3857 ἐξ
3164 3790 3264 3844 οὐκ
3278 3790 3448 3844 ὀντων
3466 3787 3715 3858 γεγονὸς,

2124 3884 2221 3937 καὶ⁵
2248 3883 2338 3937 διὰ
2365 3883 2527 3937 τοῦτο
2572 3882 2870 3955 νεώτερον*
2912 3883 3051 3937 ἀλλὰ
3088 3883 3421 3954 συνάναρχα,
3452 3882 3548 3935 καὶ
3576 3882 3719 3951 ὁμο-

2122 3978 2289 4048 ταγῆ,
2337 3978 2433 4030 καὶ
2479 3978 2747 4047 ὁμότιμα·
2802 3975 2979 4047 τούτῳ
3032 3974 3192 4046 μόνον
3240 3973 3589 4044 διαφέροντα,
3632 3971 3717 4045 τῷ

2124 4071 2306 4144 αίτίῳ,
2336 4073 2434 4126 καὶ
2461 4073 2528 4142 τῇ
2556 4070 2832 4141 γεννήσει,
2864 4069 2962 4124 καὶ
2989 4070 3056 4138 τῇ
3088 4067 3333 4139 προόδῳ’
3367 4065 3583 4135 Πατρὸς
3612 4064 3717 4135 μὲν

2126 4165 2259 4219 Υἱοῦ
2304 4164 2399 4219 καὶ
2438 4162 2758 4233 Πνεύματος
2801 4160 2903 4233 τὴν
2943 4160 3126 4215 αίτίαν
3154 4159 3540 4231 ἀνῃρημένου·
3583 4155 3719 4211 Υίοῦ

2124 4259 2170 4310 δ’
2193 4256 2420 4320 ἀπαθῶς
2443 4253 2813 4325 γεννωμένου,
2839 4255 2933 4307 καὶ
2961 4248 3403 4324 ἐκπορευομένου
3423 4250 3520 4306 τοῦ
3547 4249 3724 4305 Πνεῦ-

2132 4366 2325 4421 ματος.
2391 4347 2554 4403 Ἀλλὰ
2583 4344 2791 4401 τούτων
2821 4346 2921 4416 μὲν
2956 4344 3177 4417 ἀπόχρη
3204 4344 3314 4399 τῶν
3350 4342 3529 4413 λόγων
3554 4344 3615 4398 ἐν
3638 4341 3723 4413 τῷ

430 4534 497 4574 ac
528 4521 783 4591 principii
824 4527 1061 4588 ratione,
1100 4531 1457 4596 generatione
1491 4541 1543 4585 et
1586 4536 1991 4603 processione:
2033 4538 2111 4592 ita
2156 4544 2218 4591 ut
2253 4536 2419 4591 Pater
2474 4532 2597 4588 Filii
2628 4546 2694 4587 ac
2721 4528 2961 4602 Spiritus
2991 4529 3166 4586 sancti
3222 4530 3295 4585 sit
3360 4526 3720 4599 principium.

431 4611 606 4696 Filius
643 4628 774 4667 vero
806 4629 1119 4683 generetur.
1139 4633 1202 4673 ac
1222 4620 1462 4690 Spiritus
1489 4634 1716 4681 sanctus
1743 4630 2025 4691 procedat.
2067 4628 2272 4685 Verum
2304 4630 2373 4684 de
2407 4627 2494 4683 his
2523 4627 2577 4681 in
2600 4624 2859 4696 praesenti
2889 4623 3161 4679 hactenus
3193 4632 3398 4677 oratio.

504 4704 669 4761 Venit
696 4723 822 4763 vero
856 4725 1014 4765 sacer
1050 4710 1315 4781 Spiritus,
1352 4719 1615 4786 implente
1646 4720 1826 4776 Verbo
1859 4736 2018 4777 suam

432 4797 882 4865 promissionem,
926 4816 1089 4870 quam
1141 4804 1292 4859 velut
1321 4807 1686 4865 arrhaboncm
1736 4813 1854 4867 suis
1887 4814 2019 4867 reli-

430 4898 626 4960 querat
656 4908 671 4946 :
698 4890 865 4962 idque
894 4893 1173 4962 praestitit,
1199 4895 1288 4953 die
1317 4898 1537 4968 quidem
1586 4899 1658 4955 ab
1694 4902 2024 4957 ascensione

431 4981 556 5050 ejus
588 4981 831 5050 decimo,
862 5000 892 5038 a
932 4989 1347 5047 resurrectione
1381 4998 1571 5045 autem
1605 4993 1694 5049 die
1742 4989 2059 5065 quinquag

2204 4723 2464 4793 Ἔρχεται
2510 4719 2570 4773 δὲ
2599 4718 2954 4790 περαίνοντος
2994 4715 3089 4770 τοῦ
3122 4717 3298 4784 Λόγου
3331 4715 3434 4785 τὴν
3475 4717 3721 4785 ὲπαγγερ

2128 4813 2267 4878 λίαν,
2297 4814 2365 4882 ἦν
2391 4807 2480 4866 οἷα
2513 4812 2577 4882 δή
2613 4828 2737 4863 τινα
2776 4811 2888 4873 τοῖς
2918 4808 3147 4872 οἰκείοις
3172 4808 3472 4879 ἀρραϐῶνα
3500 4806 3721 4862 κατέλιο

2132 4922 2264 4960 πενο
2308 4904 2492 4976 ἡμέρᾳ
2548 4903 2649 4975 μὲν
2696 4902 2798 4974 τῆς
2854 4901 3190 4963 ἀνελεύσεως
3228 4899 3463 4973 δεκάτῃ.
3520 4900 3621 4969 τῆς
3662 4897 3721 4953 δὲ

2129 4996 2485 5061 ἀναστάσεως
2529 4994 3001 5068 συμπληρουμένῃ
3028 4996 3395 5066 πεντηκοστῇ.
3428 4993 3495 5046 Τί
3526 4991 3720 5059 conto;

1654 5224 1662 5231 -
1772 5193 2011 5252 VARIE
2035 5196 2441 5257 LECTIONES.

548 5274 570 5314 ¹⁶
597 5276 728 5347 ch.
773 5278 1012 5348 ὐποὸεση
1022 5277 1147 5344 κὼς,

1958 5404 2191 5462 NOTAE.

506 5505 618 5589 (ῇὸ)
651 5511 997 5591 ﬁerem-um”
1029 5530 1094 5591 ac
1144 5515 1491 5591 caditcarum.
1549 5520 1806 5589 Κηρίνων
1876 5522 2024 5591 λογι-

435 5581 613 5663 σμῷν.
651 5581 879 5663 videtur
928 5585 1178 5663 alludere
1218 5588 1526 5663 aducereas
1579 5581 1869 5663 imagines.
1901 5581 2025 5663 qua:

437 5660 567 5706 sunt
606 5652 739 5729 quid
795 5653 1089 5729 admodum
1154 5655 1385 5726 fragile:
1437 5652 1716 5729 simulque
1739 5652 2021 5717 etiam-ad

435 5735 625 5777 vocem
655 5721 762 5794 κὴρ
788 5727 1082 5797 respicere,
1111 5741 1139 5781 a
1188 5721 1294 5797 qua
1326 5736 1407 5782 est
1463 5721 1766 5801 ἀκήρατος,
1814 5734 1901 5787 cui
1934 5749 2026 5806 op~

2138 5527 2401 5600 punitcb,
2437 5529 2685 5600 κήρινον.
2724 5528 2814 5584 Vel
2845 5539 3024 5599 potius
3063 5528 3258 5600 alludit
3290 5529 3356 5585 ad
3390 5544 3573 5594 ceras,
3604 5530 3728 5600 qui-

2132 5598 2238 5673 bus
2299 5598 2566 5673 inscripta
2621 5599 2805 5673 faciie
2837 5598 3299 5655 eblitterabantur
3335 5619 3348 5656 :
3382 5601 3529 5673 quod
3562 5598 3727 5673 plane

2135 5669 2648 5740 incorruptibilibus
2676 5670 2900 5725 minime
2934 5681 3222 5741 congruat.
