4108 6306
300 278 393 343 125

1311 283 1596 344 ORATIO
1618 283 1758 345 XII.
1788 307 1858 320 --·
1881 284 1967 345 ΙΝ
2005 280 2570 344 PENTECOSTEN.

3454 277 3556 342 126
3584 303 3589 309 ·

295 386 409 463 Ἆρ’
437 386 529 444 οὖν
564 390 677 463 ἔχει
722 390 813 445 καὶ
838 390 907 445 τὰ
944 391 1188 464 παρόντα
1224 390 1321 461 τῆς
1363 391 1541 463 Ἰησοῦ
1572 392 1867 462 κρυφιότη-

1975 393 2207 462 gesimo.
2251 389 2369 445 Hoc
2392 405 2526 445 vero
2569 402 2810 460 quanam
2861 403 2931 442 ex
2971 385 3187 442 causa?
3233 386 3393 442 Anne
3436 386 3553 443 haec

297 501 380 545 τος
411 482 634 548 ἐπάξιον
666 486 987 554 μυστήριον,
1017 483 1049 555 ἢ
1081 482 1265 546 ἁπλῶς
1285 482 1430 536 οὓτω
1466 481 1872 555 παραδέχεσθαι

295 577 387 645 χρή
409 592 425 641 ;
450 575 653 646 Οὺ-μέν
675 574 767 628 οὖν
787 590 802 605 ’
831 575 985 628 οὐδὲν
1012 574 1156 645 εἰκῆ,
1182 575 1290 627 οὐδ’
1312 573 1627 644 ἀθεώρητον
1650 575 1677 627 ό
1700 572 1873 641 Λόγος

295 666 545 737 ἐπλήρου.
591 667 705 719 Καὶ
758 665 910 732 γοῦν,
941 665 990 717 εί
1041 663 1321 735 βούλεσθε,
1373 662 1761 733 συγχωρητέον
1793 660 1873 730 τῷ

295 758 462 828 Λόγῳ,
490 759 573 821 είς
595 758 657 811 τὸ
687 758 849 828 βάθος
880 758 989 810 τῶν
1018 756 1357 827 τελουμένων
1385 756 1692 828 ἐγκύψαντι
1723 756 1871 807 ἐκεῖ·

294 849 395 913 θεν,
423 850 595 914 εἴπως
620 850 869 915 δύναιτο,
899 849 1267 919 πειράσασθαι
1301 846 1615 912 ἀνελκύσαι,
1650 848 1780 909 ἴσως
1806 848 1867 898 οὺ

293 942 481 1011 φαῦλον
520 942 750 1013 θεωροῖς
788 943 1089 1012 ὀφθαλμοῖς
1128 941 1327 1012 θέαμα.
1367 941 1621 1011 Εὑρίσκω
1668 940 1732 1010 δὴ
1775 938 1869 994 οὖν

289 1034 599 1104 τιμωμένην
616 1035 714 1105 τὴν
732 1035 1133 1105 Πεντηκοστήν·
1159 1033 1221 1085 οὐ
1239 1033 1401 1104 μόνον
1427 1035 1508 1086 ὅτι
1531 1031 1722 1102 ὥσπερ
1748 1032 1870 1103 ἱερά

291 1127 344 1190 ἐξ
371 1128 521 1198 ἱερᾶς
546 1127 666 1197 ἔχει
693 1126 850 1197 ῥίζης
883 1126 982 1198 τὴν
1012 1126 1248 1194 γένεσιν,
1275 1124 1491 1195 ἐκείνης
1529 1126 1627 1196 τῆς
1654 1124 1868 1195 ἡμέρας

289 1217 343 1270 ἐν
362 1218 436 1288 τῷ
455 1260 471 1283 ,
492 1218 633 1289 πρὸς
655 1218 824 1288 αὐτὴν
845 1216 1307 1281 άνακυκλοῦσθαι,
1332 1214 1539 1285 ταύτην
1566 1215 1865 1284 γεννώσης,

285 1300 347 1377 ἦς
368 1307 475 1361 ἀπὸ
508 1307 731 1359 πάντων
762 1305 1107 1360 ἀνεπαύσατο
1133 1308 1161 1359 ὁ
1198 1305 1565 1374 Δημιουργὸς,
1592 1302 1868 1371 ὁποτέρων

287 1396 457 1467 βούλει
479 1437 495 1463 ,
534 1397 649 1450 τῶν
693 1397 792 1465 τῆς
829 1395 1152 1467 ἐπιδημίας,
1175 1395 1209 1465 ἢ
1240 1392 1351 1447 τῶν
1374 1394 1471 1464 τῆς
1504 1392 1866 1464 δημιουργίας

284 1488 486 1560 ἔργων’
530 1488 649 1540 ἀλλ’
700 1487 786 1541 ὅτι
832 1486 928 1540 καὶ
968 1484 1140 1540 τύπον
1186 1486 1425 1555 ἐπλήρου
1462 1484 1561 1556 τῆς
1591 1481 1865 1555 ἀφεσίμου

284 1583 368 1634 καὶ
412 1581 719 1651 άνεσπέρου
767 1579 1025 1651 ἡμέρας·
1076 1577 1167 1630 διά
1208 1577 1367 1630 τοῦτο
1396 1578 1490 1631 καὶ
1521 1580 1651 1648 παρ’
1674 1570 1760 1639 οἷς
1804 1575 1867 1628 τὸ

282 1673 502 1726 παλαιὸν
543 1671 891 1725 ἐπολιτεύετο
918 1672 1176 1743 γράμμα,
1210 1670 1401 1739 ὥσπερ
1428 1673 1485 1723 ἐν
1511 1672 1640 1742 σκιᾷ
1677 1687 1865 1739 φαινο-

1972 486 2117 555 ipsa,
2138 484 2356 538 occulta
2375 480 2507 538 Jesu
2539 482 2979 552 dispensatione,
3019 480 3246 549 dignum
3272 478 3402 548 quid
3445 494 3564 551 my-

1974 575 2368 639 steriihabent,
2399 583 2496 628 aut
2520 574 2601 629 sic
2619 582 2828 629 temere
2856 574 3120 641 nulloque
3148 573 3383 627 consilio
3401 582 3556 643 gesta

1971 674 2194 737 oportet
2228 667 2522 738 accipere?
2548 666 2704 721 Absit
2730 666 2745 720 l
2768 663 2920 720 Nihil
2954 674 3160 721 temere
3213 679 3279 718 ac
3312 662 3560 730 frustra;

1972 761 2111 816 nihil
2141 760 2382 816 Verbum
2424 758 2687 828 implebat
2730 758 2877 827 quod
2933 772 3041 811 non
3068 757 3333 827 spiritalis
3351 757 3561 828 aliquid

1970 850 2349 920 intelligentiae
2376 849 2624 902 haberet.
2651 846 2865 916 Itaque,
2899 849 2945 901 si
2977 848 3131 911 libet,
3159 847 3407 902 habenas
3435 861 3563 902 ora-

1969 941 2109 995 tioni
2153 941 2490 1005 laxabimus,
2543 946 2603 993 ut
2640 939 2695 992 iu
2753 938 3153 1009 mysteriorum
3212 938 3558 993 altitudinem

1970 1029 2215 1093 intuens,
2266 1028 2416 1094 inde,
2446 1026 2630 1097 quoad
2679 1027 2795 1081 ﬁeri
2832 1035 3035 1095 potest,
3073 1028 3365 1081 extrahere
3400 1028 3562 1097 quid-

1968 1120 2115 1191 piam
2144 1127 2397 1185 conetur,
2436 1119 2583 1173 haud
2608 1118 2749 1173 forte
2786 1119 2943 1183 illud,
2978 1118 3314 1188 spiritalium
3362 1134 3562 1174 senso-

1968 1224 2092 1263 rum
2135 1209 2604 1278 contemplatione
2647 1210 2887 1264 eruditis
2924 1211 3107 1264 oculis
3186 1212 3558 1279 spernendum

1969 1301 2034 1354 ad
2076 1304 2476 1369 spectaculum.
2528 1300 2769 1372 Reperio
2838 1302 3024 1371 itaque
3072 1302 3268 1357 honori
3314 1303 3559 1356 habitam

1969 1390 2525 1463 Quinquagesimam,
2559 1391 2764 1448 nedum
2793 1408 2862 1448 eo
2894 1392 3079 1456 titulo,
3109 1393 3258 1463 quod
3286 1395 3435 1448 velut
3455 1409 3559 1447 'sa-

1968 1500 2086 1548 cra,
2116 1501 2274 1541 sacra
2306 1500 2376 1540 ex
2416 1486 2602 1539 radice
2655 1484 2926 1554 originem
2977 1485 3178 1539 habeat
3208 1500 3222 1538 :
3251 1500 3317 1541 ex
3348 1486 3441 1539 illa
3469 1486 3559 1539 ni-

1970 1574 2169 1626 mirum
2198 1572 2311 1636 die,
2342 1589 2465 1643 quae
2493 1574 2547 1627 in
2580 1575 2823 1645 seipsam
2858 1588 3157 1632 recurrens
3190 1590 3256 1631 ac
3275 1576 3559 1646 aliquanto
3648 1624 3651 1627 λ

1969 1667 2198 1735 repetita
2243 1666 2386 1718 hanc
2418 1677 2665 1736 generat,
2726 1680 2837 1736 qua
2887 1682 3084 1738 nempe
3121 1683 3307 1727 rerum
3363 1668 3558 1738 Upifex

264 1752 413 1833 pév'q
443 1761 618 1815 ἐδίδου
652 1762 871 1815 πάντων
913 1760 1254 1832 ἐλευθερίαν,
1298 1760 1580 1815 ἐπὶτοῦτο
1620 1760 1861 1830 ἀριθμοῦ

1968 1758 2040 1810 ab
2088 1755 2237 1809 omni
2279 1760 2551 1827 requievit
2595 1774 2786 1828 opere,
2835 1776 3180 1831 quaecunque
3234 1761 3453 1816 tandem
3494 1760 3561 1815 li-

278 1853 367 1906 τοῦ
402 1853 511 1906 τῶν
541 1851 808 1906 ἐνιαυτῶν
846 1852 1048 1906 κύκλου
1080 1851 1509 1921 καθισταμένου·
1531 1847 1863 1921 δηλούντων,

226 1938 231 1943 ’
278 1937 447 2014 οἶμαι,
498 1943 615 1998 τῶν
657 1942 1024 2013 τελουμένων,
1068 1941 1145 2006 ὡς
1174 1942 1314 2011 μετὰ
1355 1943 1456 2013 τὴν
1504 1941 1867 2013 ἐϐδοματικὴν

277 2035 473 2106 ταύτην
497 2035 774 2106 περίοδον,
806 2036 908 2106 τῆς
948 2034 1243 2105 ἐπικαίρου
1281 2035 1379 2088 καὶ
1414 2033 1667 2105 ὣυλικῆς
1705 2033 1865 2105 ἡμῶν

279 2126 437 2197 ζωῆς,
476 2128 840 2199 ἐπιστήσεται
883 2126 1070 2198 ἐκείνη
1104 2128 1139 2197 ὴ
1173 2126 1380 2197 ήμέρα,
1406 2124 1527 2179 καθ’
1555 2126 1622 2199 ἢν
1659 2126 1760 2197 τὴν
1782 2128 1867 2192 είς

276 2218 333 2270 τὸ
371 2220 607 2289 ἀρχαῖον
649 2220 1101 2275 ἀποκατάστασιν
1143 2217 1333 2271 λαῦεἰν
1384 2217 1594 2289 δεήσει,
1626 2218 1723 2271 καὶ
1757 2217 1859 2291 τὴν

277 2305 472 2361 ἄνωθεν
495 2306 594 2361 καὶ
624 2306 815 2378 πρώην
845 2306 1160 2379 ἐλευθερίαν

1968 1849 2152 1904 buerit
2181 1863 2371 1918 opera,
2411 1850 2528 1905 sive
2554 1852 2825 1906 adventus
2867 1868 2931 1907 ac
2984 1852 3410 1919 incarnationis,
3442 1854 3560 1908 sive

1968 1940 2267 1997 creationis
2300 1960 2313 1996 :
2343 1957 2533 1997 verum
2560 1945 2728 1997 etiam
2776 1943 2922 2013 quod
2960 1943 3067 1999 diei
3107 1945 3459 2001 remissionis
3493 1959 3559 1998 ac

1967 2048 2255 2103 vesperam
2320 2049 2432 2089 non
2486 2035 2742 2090 habentis
2791 2034 3023 2104 ﬁguram
3074 2045 3311 2106 gereret.
3344 2035 3558 2090 Idcirco

1966 2127 2133 2181 etiam
2161 2124 2304 2196 apud
2334 2140 2430 2182 eos
2469 2142 2703 2196 quorum
2750 2142 2838 2181 res
2885 2142 2953 2181 ex
2981 2127 3203 2197 scriptae
3232 2128 3369 2196 legis
3413 2142 3556 2197 pra:-

1964 2217 2169 2285 scripto
2189 2216 2740 2281 administrabantur,
2755 2217 2904 2274 velut
2925 2219 2977 2271 iu
3004 2219 3197 2273 umbra
3211 2220 3557 2290 obscuraque

1964 2309 2336 2364 deliueatione
2377 2325 2659 2380 apparens
2687 2311 2759 2365 ab
2788 2311 3067 2367 universis
3098 2311 3303 2367 liberos
3327 2325 3556 2382 praesta-

279 2399 382 2465 bat,
409 2401 501 2456 ubi
538 2418 813 2456 annorum
856 2403 1101 2457 circulus
1139 2416 1206 2456 ao
1233 2416 1359 2456 eum
1394 2416 1685 2457 numerum
1711 2402 1995 2459 revolutus
2024 2410 2194 2459 esset.
2230 2404 2472 2470 Quibus,
2544 2404 2765 2473 opinor,
2840 2404 3260 2474 signiﬁcabatur
3310 2404 3430 2460 fore
3498 2414 3557 2460 ut

277 2501 393 2559 post
424 2495 798 2564 septenariam
828 2494 969 2549 hanc
997 2495 1120 2550 vitae
1153 2504 1360 2549 nostrae
1382 2493 1695 2564 periodum,
1724 2504 2133 2565 temporaneam
2176 2496 2325 2549 illam
2377 2510 2441 2548 ac
2512 2496 2767 2549 servituti
2814 2495 3134 2562 obnoxiam,

3224 2498 3318 2552 ille
3389 2496 3555 2552 adve-

278 2588 383 2643 niat
411 2590 532 2645 dies
570 2606 685 2662 quo
716 2593 771 2647 in
795 2592 1072 2663 integrum
1100 2591 1429 2646 restituendi
1458 2591 1658 2654 simus,
1692 2594 2093 2661 pristinamque
2119 2609 2183 2647 ac
2213 2594 2495 2663 antiquam
2524 2593 2833 2648 libertatem
2865 2594 3163 2663 recepturi.

352 2706 508 2762 Ἐπεὶ
531 2706 630 2761 οὖν
655 2707 750 2761 καὶ
775 2708 871 2763 νῦν
892 2710 926 2780 ἡ
949 2709 1041 2761 τοῦ
1079 2710 1394 2781 Πνεύματος
1425 2712 1692 2784 ἐπιδημία
1727 2713 1855 2765 νέαν

276 2798 401 2868 ἡμῖν
442 2793 582 2870 ἦλθε
635 2798 752 2869 βίου
798 2800 1135 2854 κατάστασιν
1172 2801 1535 2873 διαθήσουσα,
1582 2804 1678 2855 καὶ
1717 2803 1853 2872 πρὸς

2036 2712 2307 2780 Quoniam
2357 2715 2526 2783 igitur
2567 2716 2877 2770 etiamnum
2932 2715 3155 2770 divinus
3204 2714 3445 2785 Spiritus
3486 2731 3554 2771 eo

1964 2806 2130 2870 venit,
2195 2816 2254 2859 ut
2312 2821 2507 2859 novam
2560 2807 2719 2860 nobis
2772 2806 2897 2860 vita:
2945 2804 3212 2860 rationem
3259 2808 3557 2865 constituat

276 2890 485 2961 ἐκείνην
510 2889 617 2962 τὴν
651 2890 868 2962 ἡμέραν
894 2892 1006 2946 ἀπὸ
1027 2891 1121 2945 τοῦ
1140 2893 1369 2956 σκότους
1400 2894 1496 2963 τῆς
1528 2896 1585 2946 ἐν
1615 2894 1691 2963 τῷ
1715 2910 1861 2961 παρ-

1968 2911 2179 2966 nosque
2206 2896 2275 2950 ad
2312 2897 2455 2949 illam
2485 2898 2625 2950 diem
2658 2898 2728 2951 ab
2758 2897 2925 2974 hujus
2959 2898 3151 2953 saeculi
3185 2900 3367 2953 noctis
3402 2906 3555 2952 tene-

275 2983 381 3036 όντι
421 2982 531 3055 βίῳ
578 2983 777 3044 νυκτὸς
842 2983 1221 3054 διεγείρουσα,
1260 2985 1348 3039 διὰ
1381 2986 1541 3038 τοῦτο
1590 2987 1649 3037 ἐν
1691 2985 1865 3056 ταύτῃ

277 3078 643 3146 παραγίνεται
680 3080 749 3149 τῇ
795 3078 1006 3150 ἡμέρᾳ.
1042 3080 1116 3132 Τὸ
1159 3078 1215 3132 δέ
1254 3095 1320 3148 γε
1355 3079 1496 3146 μετὰ
1536 3078 1635 3150 τὴν
1682 3078 1866 3133 ἄνοδον

274 3168 409 3225 εἶναι
432 3173 699 3244 δεκάτην,
722 3173 807 3226 ὅτι
828 3171 1020 3245 ὥσπερ
1043 3175 1077 3245 ή
1102 3173 1329 3244 ἑϐδόμη,
1360 3173 1506 3228 οὕτω
1532 3176 1626 3227 καὶ
1650 3175 1683 3244 ἡ
1708 3173 1864 3243 τρίτη

277 3263 356 3333 ἐφ’
390 3264 601 3335 ἑαυτὴν
640 3266 1112 3339 άνακυκλουμένη,
1153 3266 1362 3337 ταύτην
1397 3269 1532 3338 ἡμῖν
1566 3267 1667 3339 τὴν
1716 3267 1867 3336 ἱερὰν

275 3355 484 3425 ἡμέραν
522 3354 844 3410 ἀνέστελλεν
872 3357 934 3411 ι.ιῖ
960 3353 1071 3412 Ἦν
1100 3361 1145 3412 δ’
1177 3360 1286 3433 ἄρα
1314 3361 1408 3414 καὶ
1451 3359 1609 3413 τοῦτο
1643 3359 1869 3413 ἀκόλουο

276 3446 382 3512 θον,
406 3448 469 3501 οὐ
514 3448 680 3518 μόνον
701 3448 790 3503 διὰ
813 3450 912 3519 τὴν
940 3451 1040 3520 τῆς
1068 3450 1328 3522 θεαρχίας
1359 3453 1605 3521 τριττὴν,
1638 3452 1754 3504 ἀλλ’
1783 3453 1865 3505 ὅτι

276 3538 365 3591 καὶ
407 3538 471 3591 τὸ
514 3537 660 3607 μέγα
687 3538 849 3610 ἔργον
890 3540 989 3612 τῆς
1021 3541 1112 3594 τοῦ
1157 3542 1367 3610 κόσμου
1411 3544 1705 3613 ἐγέρσεως,
1751 3559 1868 3615 τρι-

275 3628 421 3691 ταῖος
467 3630 501 3682 ὁ
546 3628 720 3696 Λόγος
773 3629 1347 3700 διεπραγματεύσατο.
1408 3631 1568 3684 Ἀλλά
1618 3631 1714 3685 τοῦ
1767 3631 1868 3702 μὲν

275 3717 474 3773 κείσθω
505 3718 570 3772 οὐ
608 3720 886 3791 πάρεργον
923 3720 1053 3785 ἴσως
1079 3725 1195 3786 τοῖς
1234 3722 1670 3793 φιλακροάμοσιν
1700 3723 1868 3777 ἄκου-

278 3827 405 3882 σμα·
438 3813 903 3883 ἐπαναχωρητέον
928 3813 974 3865 δ’
997 3814 1121 3867 ὅθεν
1151 3813 1577 3885 ἐξεληλύθαμεν.
1608 3814 1867 3885 Ἔρχεται

274 3905 335 3977 δὴ
363 3904 595 3977 πληρῶν
619 3904 718 3975 τὴν
747 3903 1086 3973 ἀπαγγελίαν
1111 3905 1205 3958 τοῦ
1229 3904 1387 3971 Υίοῦ,
1427 3908 1455 3960 ὁ
1484 3905 1865 3978 Παρὰκλητος,

277 3996 334 4050 τὸ
358 3995 592 4065 Πνεῦμα
620 3995 682 4047 τὸ
713 3994 940 4063 ἀγαθὸν,
968 3996 1063 4048 ἐπὶ
1101 3997 1229 4059 τοὺς
1254 3996 1436 4067 ἱεροὺς
1473 3997 1745 4066 μαθητὰς,
1773 3998 1869 4049 καὶ

274 4089 338 4145 δι’
364 4090 596 4145 ἐκείνων
628 4088 875 4158 ἀγιάσων
916 4087 1018 4159 τὴν
1045 4086 1245 4154 κτίσιν,
1283 4088 1383 4156 τὴν
1417 4088 1522 4140 ὑπὸ
1559 4087 1670 4140 τῶν
1695 4104 1867 4161 πονη-

280 4182 384 4252 ρῶν
415 4180 934 4251 διαλελυμασμένην
956 4181 1308 4251 πνευμάτων.
1344 4181 1460 4232 Οὐκ
1491 4179 1574 4233 ἐτι
1603 4178 1729 4233 καθ’
1748 4179 1865 4243 ἕνα,

1970 2987 2085 3043 bris
2135 2990 2362 3052 excitet,
2416 2988 2623 3041 idcirco
2656 2986 2761 3041 hoc.
2791 2988 2911 3057 ipso
2958 2986 3046 3043 die
3096 2988 3339 3042 advenit.
3397 2988 3551 3054 Quod

1969 3088 2149 3133 autem
2180 3079 2392 3133 decima
2414 3084 2481 3132 ah
2510 3080 2631 3147 ejus
2661 3080 2715 3134 in
2743 3081 2942 3135 caelum
2977 3080 3321 3135 Ascensione
3357 3082 3551 3145 llat,ea

1968 3172 2109 3225 ratio
2154 3171 2246 3236 sit,
2274 3168 2423 3241 quod
2448 3156 2589 3226 sicut
2614 3172 2867 3242 septima,
2906 3173 2989 3226 sic
3030 3181 3086 3226 et
3129 3173 3290 3226 tertia
3322 3174 3557 3244 repetita

1969 3279 2034 3317 ac
2060 3264 2343 3331 revoluta,
2406 3279 2623 3320 sacram
2678 3266 2823 3320 hanc
2862 3265 3025 3321 nobis
3072 3264 3330 3320 conﬁciat
3386 3250 3567 3321 diem.

1968 3353 2101 3409 Erat
2151 3371 2282 3411 vero
2322 3356 2425 3411 hoc
2458 3357 2660 3411 rationi
2711 3367 3171 3425 consentaneum,
3212 3374 3324 3412 non
3373 3359 3554 3415 solum

1968 3458 2195 3522 prapter
2222 3449 2466 3503 divinam
2497 3448 2859 3517 Trinitatem,
2894 3452 2989 3506 scd
3037 3452 3167 3521 quia
3210 3451 3379 3505 etiam
3419 3449 3555 3505 Vero

1970 3544 2099 3598 bum
2135 3556 2390 3612 magnum
2427 3542 2564 3596 illud
2604 3544 2834 3597 excitati
2881 3557 2950 3596 ac
3003 3544 3322 3599 resuscitati
3364 3545 3557 3598 mundi

1968 3649 2110 3707 opus
2159 3635 2331 3690 tridui
2367 3636 2546 3706 spatio
2591 3635 2947 3691 absolvisset.
2973 3632 3180 3690 Verum
3208 3636 3325 3689 haec
3353 3634 3559 3691 fortas-

1970 3727 2050 3781 sis
2077 3741 2186 3781 non
2214 3725 2314 3779 abs
2342 3740 2402 3779 re
2423 3725 2569 3780 dicta
2600 3725 2746 3795 apud
2772 3740 2868 3779 eos
2900 3724 3108 3779 fuerint
3133 3725 3227 3794 qui
3280 3725 3553 3795 ejusmodi

1972 3818 2152 3874 scrisis
2200 3817 2585 3881 delectantur,
2640 3816 2736 3872 sed
2793 3817 2957 3873 nobis
3016 3817 3435 3888 regrediendum
3491 3834 3558 3875 eo

1972 3911 2115 3965 unde
2141 3925 2331 3965 sumus
2361 3908 2594 3980 egressi.
2625 3907 2791 3966 Venit
2817 3925 2951 3980 ergo
2968 3909 3094 3965 Filii
3131 3912 3557 3980 promissionem

1970 4002 2299 4071 impleturus
2332 4000 2681 4067 Paracletus,
2744 4002 2945 4067 bonus,
2978 4002 3229 4073 inquam,
3260 4002 3352 4058 ille
3379 4003 3559 4075 Spiri-

1970 4102 2083 4156 tus,
2134 4094 2189 4147 in
2217 4102 2471 4148 sacratos
2502 4092 2837 4162 discipulos,
2857 4100 3029 4162 utque
3055 4108 3154 4164 per
3182 4093 3306 4150 illos
3334 4099 3556 4149 creatu-

1970 4200 2087 4239 ram
2122 4186 2514 4250 sanctiticaret,
2539 4199 2570 4237 a
2603 4184 2763 4240 malis
2794 4187 2936 4239 male
2956 4185 3198 4239 habitam
3223 4185 3557 4255 damnisque

277 4276 367 4327 καὶ
403 4272 555 4327 κατὰ
601 4271 768 4342 μέρος
798 4270 1018 4341 ἁγιάζει
1041 4286 1057 4301 '
1094 4270 1204 4324 οὐδ’
1234 4269 1314 4323 ἐνὶ
1344 4272 1491 4339 γένει
1520 4270 1617 4332 τὰς
1645 4272 1867 4340 εὐεργε-

1972 4276 2222 4331 aﬂ‘ectam
2270 4276 2584 4345 spiritibus.
2624 4273 2781 4329 Haud
2829 4260 2976 4330 ultra
3027 4277 3119 4332 ille
3172 4254 3556 4347 sigillatimac

268 4366 395 4432 ’σίας
444 4363 929 4434 ἐπιδαψιλεύεταιο
979 4363 1094 4416 ἀλλ’
1139 4362 1275 4433 ὁμοῦ
1308 4362 1485 4416 πάντα
1520 4362 1722 4432 πληροῖ
1760 4361 1867 4414 κό-

279 4473 412 4528 σμον
448 4456 753 4525 άγιασμοῦ.
796 4452 919 4508 Οὐδ’
946 4455 1027 4509 ἔτι
1055 4455 1216 4525 μόνος
1248 4454 1278 4506 ὁ
1306 4455 1581 4524 ἀγνώμων
1618 4453 1870 4518 Ἰουδαῖος

276 4548 366 4601 τοῦ
394 4550 546 4602 θείου
578 4546 812 4600 πλούτου
845 4547 1197 4618 κατατρυφᾷ,
1227 4545 1438 4609 πάντας
1465 4547 1545 4609 εἰς
1578 4544 1672 4599 τὸν
1702 4541 1868 4598 αὐτοῦ

278 4637 478 4709 κλῆρον
500 4638 912 4707 εἰσαγαγόντος,
937 4634 1033 4689 τοῦ
1053 4636 1237 4696 κακῶς
1261 4636 1354 4689 ὑπ’
1374 4638 1586 4690 ἐκείνου
1604 4636 1867 4700 παθόντο,

280 4733 644 4803 κληρονόμου’
702 4730 828 4784 οὐδὲ
885 4732 1047 4801 μόνος
1119 4730 1286 4800 εἰδείη
1325 4731 1425 4803 τὴν
1482 4732 1633 4784 θείαν
1686 4732 1863 4798 δόξαν,

280 4824 458 4895 πάσης
498 4821 880 4893 μανθανούσης
924 4823 1128 4892 σαρκὸς
1172 4824 1234 4877 τὸ
1279 4825 1545 4895 σωτήριον
1577 4822 1672 4876 τοῦ
1704 4822 1863 4876 Θεοῦ.

277 4912 407 4966 Οὐδὲ
435 4911 685 4965 κείσεται
710 4909 842 4981 παρ’
866 4910 1016 4983 αὐτῷ
1035 4912 1133 4983 τῆς
1156 4915 1492 4983 προφητείας
1514 4913 1576 4966 τὸ
1592 4912 1861 4983 χάρισμα,
1884 4974 1896 4984 ,

276 5002 365 5056 ἐπὶ
396 5005 586 5058 πᾶσαν
610 5003 789 5074 σάρκα
817 5003 1079 5075 χεομένου
1111 5004 1208 5057 τοῦ
1233 5005 1572 5077 Πνεῦματος,
1604 5007 1700 5061 καὶ
1734 5023 1866 5080 προ-

277 5097 623 5166 φητευόντων
703 5094 871 5161 υἱῶν,
944 5096 1041 5151 καὶ
1102 5095 1423 5169 θυγατέρων
1485 5099 1861 5171 ὼδινηθέντων

273 5186 564 5257 ἀκράντοις
594 5184 772 5241 ὠδῖσι.

342 5494 395 5528 ’⁸
418 5494 619 5551 Matth.
651 5509 773 5554 nt.
807 5496 900 5552 59.

1970 4383 2034 4423 ex
2067 4378 2222 4438 parte
2260 4368 2589 4433 sanctiﬁcat,
2633 4383 2733 4423 nec
2780 4368 2874 4422 uni
2912 4375 3125 4421 tantum
3186 4368 3397 4423 nationi
3454 4382 3555 4422 sua

1971 4462 2116 4515 dona
2145 4461 2374 4529 copiose
2406 4459 2658 4525 ellundit,
2695 4460 2791 4515 sed
2830 4461 2995 4514 simul
3029 4459 3349 4514 universum
3388 4476 3553 4514 mun-

1973 4551 2103 4607 dum
2132 4551 2500 4605 sanctimonia
2525 4550 2746 4620 plenum
2771 4549 2951 4604 cllicit.
2987 4550 3099 4605 Nec
3122 4566 3289 4621 porro
3315 4552 3553 4621 amplius

1973 4639 2226 4708 ingratus
2250 4637 2645 4708 improhusque
2668 4636 2898 4692 Judaeus
2930 4638 3247 4693 divinarum
3279 4640 3432 4695 solus
3470 4640 3554 4701 di-

1964 4733 2226 4787 vitiarum
2262 4732 2491 4787 delicias
2522 4732 2779 4801 percipit,
2814 4747 2940 4787 cum
2974 4733 3236 4787 nimirum
3265 4749 3428 4803 quem
3462 4733 3553 4789 ille

1964 4824 2235 4880 haeredem
2263 4827 2405 4878 male
2438 4834 2615 4878 morte
2647 4823 2853 4890 atfecit,
2884 4824 2938 4876 in
2974 4838 3131 4877 suam
3160 4838 3352 4878 omnes
3379 4824 3554 4877 intro-

1961 4918 2134 4973 ducat
2182 4915 2567 4970 barreditatem
2603 4914 2791 4969 :baud
2837 4915 2966 4969 item
3002 4916 3155 4969 solus
3209 4914 3426 4969 noverit
3460 4913 3553 4968 Dei

1959 5006 2217 5076 gloriam,
2247 5019 2373 5057 cum
2399 5004 2586 5058 omnis
2618 5019 2750 5059 caro
2802 5002 2900 5058 Dei
2935 5006 3179 5059 salutare
3209 5004 3551 5060 doceatur“.

1958 5096 2071 5151 Nec
2121 5094 2342 5150 demum
2402 5090 2703 5166 prophetia:
2749 5094 2894 5165 apud
2947 5112 3075 5151 eum
3100 5095 3306 5151 donum
3337 5094 3557 5168 deposi-

1955 5195 2075 5241 tum
2109 5188 2235 5249 erit,
2274 5201 2402 5240 cum
2442 5185 2686 5256 Spiritus
2731 5186 3047 5241 eﬁ'undatur
3082 5188 3137 5242 in
3176 5201 3395 5243 omnem
3425 5203 3553 5242 car-

1976 5294 2145 5342 nem,
2192 5278 2626 5348 propheteutquc
2675 5278 2770 5333 ﬁlii
2811 5288 2977 5350 atque
3024 5278 3152 5334 ﬁliae
3221 5280 3551 5334 intemerato

1951 5372 2098 5428 editi
2134 5379 2325 5443 partu.

1556 5623 1795 5682 VARUS
1814 5690 1822 5695 ‘
1839 5625 2246 5687 LECTIONES.

395 5710 411 5751 1
445 5707 583 5783 Leg,
613 5705 920 5767 ἀνέτελλεν.
