4108 6306
526 284 627 351 127

1776 270 2057 344 LEONIS
2092 278 2195 339 PH
2206 278 2560 341 [LOSOPHI

3694 263 3816 344 l28

592 395 753 452 Nunc
780 392 953 449 effusa
986 400 1072 449 est
1107 392 1396 449 afﬂuenter
1426 393 1606 448 sancti
1635 390 1879 461 Spiritus
1902 390 2103 462 gratia;

2280 385 2397 441 Νῦν
2444 386 2677 461 ἐξεχύθη
2727 388 3003 452 πλουσίως
3054 386 3151 442 τοῦ
3184 388 3506 460 Πνιύματος
3530 390 3567 461 ἡ
3615 392 3818 462 χάρις.

520 488 667 562 quod
699 488 923 557 quidam
953 487 1344 555 prophetarum
1372 485 1506 539 olim
1543 484 1597 538 in
1638 483 1840 551 spiritu
1893 481 2109 545 videns,

522 581 859 635 vaticinatus
885 587 969 633 est
1006 578 1075 631 ’⁸.
1126 574 1356 645 Propter
1380 576 1483 629 hoc
1518 591 1550 631 e
1585 575 1755 630 labris
1788 573 2020 628 rudibus
2055 582 2113 627 et

521 670 759 727 indoctis
826 669 1111 740 sapientia:
1186 665 1464 738 proﬂuunt
1513 665 1740 728 ﬂuenta,
1824 665 2112 731 tribusque

523 773 580 819 et
622 763 823 833 linguae
850 761 1097 817 enarrari
1142 760 1373 814 audiunt
1417 758 1507 814 Dei
1554 758 1828 828 magnalia
1850 759 1919 811 ".
1953 756 2112 812 Nunc

522 856 680 927 probi
708 854 890 908 coloni
927 853 1133 906 virtute
1172 867 1236 906 ex
1271 852 1383 905 alto
1421 850 1664 905 roborati
1719 858 1886 919 atque
1931 851 2114 902 ﬁrma-

523 947 587 1011 ti,
623 962 692 1002 ex
719 961 853 1017 agro
905 944 1194 999 Dominico
1236 943 1499 1013 nequitiae
1554 942 1769 999 zizania
1825 941 2110 1003 auferunt,

527 1038 884 1107 caelestisqu‘e
941 1052 1083 1091 areae
1137 1035 1381 1090 fructum
1440 1034 1508 1089 ad
1567 1037 1873 1089 ubertatem
1935 1049 2113 1103 usque

522 1131 893 1201 adaugebunt.
919 1129 1077 1184 Nunc
1104 1129 1304 1198 linguae
1329 1128 1473 1198 ignis
1497 1127 1804 1198 dispertita:
1823 1125 2115 1182 divisionis

522 1225 655 1278 olim
681 1223 840 1277 factae
870 1221 988 1293 (59)
1015 1222 1285 1275 unitatem
1317 1220 1579 1274 efﬁciunt.
1609 1219 1751 1273 Nam
1784 1227 1841 1272 et
1863 1218 1996 1273 mihi
2030 1219 2115 1274 id-

521 1316 676 1370 circo
706 1315 925 1369 videtur
958 1314 1131 1369 forma
1160 1314 1262 1367 hac
1292 1313 1511 1382 linguas
1538 1312 1902 1382 apparuisse;
1937 1325 2116 1382 quan-

522 1423 691 1479 quam
738 1408 976 1462 liberum
1018 1416 1124 1469 est,
1159 1414 1219 1459 ut
1249 1406 1377 1476 quis
1411 1405 1533 1473 ejus
1579 1404 1656 1458 rei
1694 1404 1833 1459 alias
1869 1405 2115 1459 rationes

522 1502 658 1555 velit
707 1502 1016 1570 assignare.
1075 1501 1154 1553 Ac
1206 1514 1341 1553 vero
1394 1496 1563 1567 hujus
1605 1505 1797 1567 specta
1849 1497 2117 1552 doctrina:

524 1582 876 1662 mysterium.
916 1589 1061 1644 Olim
1106 1589 1330 1658 quidem
1378 1589 1653 1651 dividens,
1684 1602 1750 1641 ac
1776 1588 1847 1641 ab
1881 1589 2114 1643 invicem

525 1697 791 1753 separatis
820 1684 1117 1736 humanam
1147 1682 1398 1751 stirpem,
1424 1681 1555 1750 quid
1577 1681 1739 1752 agit?
1770 1680 1976 1747 Venite,
2025 1680 2113 1733 in-

526 1775 670 1845 quit,
703 1773 1104 1840 ducendamus,
1126 1782 1175 1827 et
1196 1772 1584 1842 confundamus
1604 1773 1812 1842 linguas
1834 1787 2019 1826 eorum
2035 1771 2112 1827 ":

525 1865 914 1920 descendentis
956 1879 1091 1919 voce
1152 1864 1209 1918 in
1244 1863 1657 1917 multitudinem
1690 1862 1943 1917 dividens
1996 1876 2115 1929 eos,

527 1959 750 2029 quinnn
780 1958 881 2013 rite
904 1958 1128 2012 adunati
1163 1957 1419 2012 fuissent.
1447 1954 1607 2011 Nunc
1637 1969 1790 2018 vero,
1825 1955 2115 2025 ignearum

525 2043 839 2115 linguarum
870 2044 1166 2110 divisione,
1197 2045 1533 2100 divisionem
1583 2046 1640 2100 in
1679 2051 1851 2100 unum
1881 2045 2112 2112 colligit.

526 2132 775 2193 Observa
836 2151 968 2191 vero
1014 2139 1231 2191 unitum
1269 2136 1472 2206 ignem,
1506 2137 1561 2190 in
1596 2145 1732 2206 quot
1781 2151 1846 2190 ac
1881 2148 2118 2205 quantas

527 2238 716 2301 partes
743 2231 1127 2300 dispertiatur.
1161 2230 1231 2285 Et
1253 2232 1358 2285 hoc
1373 2231 1597 2301 quidem
1637 2231 1787 2285 hunc
1809 2232 1865 2284 in
1893 2231 2114 2284 modum

526 2338 559 2376 a
583 2323 744 2378 nobis
784 2323 1143 2378 observatum
1207 2332 1318 2379 est.
1366 2323 1710 2378 Audiebatur
1752 2329 1937 2376 autem
1974 2322 2121 2377 inter

528 2421 720 2482 gentes
742 2414 1017 2467 variarum
1051 2413 1363 2485 linguarum
1419 2414 1626 2483 cuique
1651 2415 2119 2485 proprialoquens

528 2522 723 2561 eorum
771 2505 981 2575 lingua,
1021 2519 1163 2575 quos
1200 2505 1569 2562 nescivisseut
1611 2506 1835 2576 quidem
1894 2508 2117 2561 ubinam

530 2600 779 2669 gentium
836 2598 1191 2662 habitarent,
1242 2598 1567 2667 priusquam
1612 2599 1692 2653 illi
1744 2596 1878 2654 Jesu
1925 2598 2118 2654 sociati

527 2698 738 2746 essent.
764 2688 1005 2760 Eratque
1033 2704 1123 2744 res
1143 2692 1293 2745 omni
1309 2690 1673 2746 admiratione
1696 2692 1855 2761 plena
1880 2710 1893 2747 :
1916 2692 2120 2762 quippe

527 2793 651 2839 erat
705 2782 863 2851 plane
921 2782 1211 2848 inusitata,
1268 2791 1434 2852 atque
1483 2798 1515 2836 a
1547 2782 1886 2853 loquentium
1924 2792 2122 2837 natura

533 2887 603 2930 ac
637 2874 887 2928 moribus
920 2873 1084 2942 longe
1108 2869 1311 2927 aliena.
1359 2872 1632 2939 Quocirca
1662 2874 1733 2928 ab
1776 2871 2120 2929 absurdissi-

530 2966 637 3021 mis
668 2966 983 3020 mortalium
1005 2967 1063 3017 in
1091 2964 1763 3020 absurdisnumerabatur
1809 2979 1873 3019 ac
1903 2973 2117 3019 tantum

2210 482 2348 553 ὅπερ
2390 498 2475 545 τις
2508 482 2678 536 πάλαι
2710 480 2926 552 βλέπων
2956 484 3015 534 ἐν
3061 481 3338 552 πνεύματι
3371 480 3665 553 προύλεγε.
3701 485 3821 540 Διὰ

2210 579 2371 632 τοῦτο
2421 579 2488 631 ἐκ
2533 577 2759 648 χειλέων
2794 576 3101 630 ἀδιδάκτων
3152 575 3345 645 σοφίας
3386 576 3682 647 προχέεται
3710 576 3823 632 νά-

2219 687 2370 739 ματα
2394 707 2412 733 ,
2460 668 2559 722 καὶ
2615 668 2784 738 φυλαὶ
2832 669 2928 722 καὶ
2976 668 3224 736 γλῶσσαι
3284 667 3356 721 τὰ
3400 670 3660 739 μεγαλεῖα
3706 668 3817 723 τοῦ

2210 762 2350 817 Θεοῦ
2392 762 2653 817 ἀκούουσι
2680 759 3045 831 διηγούμενα.
3077 760 3195 814 Νῦν
3222 763 3292 831 τῇ
3324 761 3384 827 ἐξ
3421 760 3589 830 ὕψους
3618 762 3671 814 οί
3700 778 3819 815 κα-

2211 855 2296 910 λολ⁸
2352 855 2583 927 ἐργάται
2641 854 2869 924 δυνάμει
2928 852 3263 925 ῥωσθέντες,
3313 852 3407 906 τοῦ
3470 853 3815 908 Δεσποτικοῦ

2212 947 2514 1017 γεωργίου,
2551 944 2613 997 τὸ
2636 944 2737 1015 τῆς
2764 943 3033 1014 πονηρίας
3060 942 3439 1013 ἀποκαθαίρου
3451 960 3504 995 σι
3538 942 3814 1008 ζιζάνιον,

2214 1041 2311 1094 καὶ
2353 1042 2423 1111 τῇ
2468 1038 2709 1109 οὐρανίῳ
2742 1038 2857 1108 ἅλῳ
2882 1037 2976 1092 τὸν
3006 1036 3219 1106 καρπὸν
3254 1037 3334 1099 είς
3382 1035 3586 1104 πλῆθος
3634 1036 3814 1106 αύξή-

2216 1148 2389 1184 σουσι.
2425 1130 2542 1184 Νῦν
2569 1131 2815 1198 γλῶσσαι
2856 1130 3031 1199 πυρὸς
3071 1126 3523 1199 διαμεριζόμεναι
3568 1126 3664 1179 τοῦ
3704 1128 3817 1181 πά-

2215 1224 2304 1278 λαι
2366 1222 2639 1295 μερισμοῦ
2690 1222 2791 1293 τὴν
2856 1221 3084 1292 ἑνότητα
3128 1218 3645 1291 πραγματεύονταιέ
3708 1219 3816 1272 Διὰ

2216 1316 2380 1370 τοῦτο
2410 1316 2601 1386 ἔμοιγε
2658 1316 2757 1369 καὶ
2781 1315 3008 1387 τοιούτῳ
3037 1313 3169 1367 εἴδει
3219 1312 3320 1375 τὰς
3348 1311 3600 1378 γλώσσας
3636 1310 3816 1379 ὀφθῆο

2216 1422 2307 1459 ναι
2337 1405 2518 1460 δοκεῖ·
2569 1405 2619 1459 ει
2668 1405 2762 1458 καὶ
2817 1405 2937 1457 κατ’
2992 1403 3159 1465 ἄλλας
3190 1402 3373 1469 αἰτίας
3405 1400 3689 1454 ἀκώλυτον
3726 1395 3812 1466 τῷ

2219 1495 2531 1566 βουλομένῳ
2576 1493 2822 1565 θεωρεῖν.
2876 1494 2987 1552 Καὶ
3036 1496 3230 1548 σκόπει
3272 1510 3366 1563 μοι
3402 1490 3499 1545 τοῦ
3530 1491 3812 1561 δόγματος

2214 1588 2280 1641 τὸ
2314 1588 2633 1658 μυστήριον.
2687 1586 2865 1640 Πάλαι
2900 1586 3001 1657 μὲν
3045 1583 3267 1639 διιστῶν
3295 1581 3355 1648 ἐξ
3399 1582 3646 1653 ἀλλήλων
3676 1581 3814 1644 Θεὸς

2215 1678 2327 1731 τῶν
2364 1678 2669 1749 ἀνθρώπων
2714 1677 2814 1747 τὴν
2840 1676 3057 1745 γενεὰν,
3096 1677 3151 1728 τί
3202 1676 3375 1739 ποιεῖς
3404 1674 3607 1737 Δεῦτε,
3634 1674 3811 1743 φησὶ,

2218 1769 2586 1836 καταϐάντες
2629 1768 2984 1837 συτχέωμεν
3008 1765 3209 1821 αὐτῶν
3254 1770 3358 1831 τὰς
3388 1766 3708 1834 γλώσσας
3737 1765 3812 1836 τῇ

2217 1865 2472 1937 προφορᾷ
2513 1863 2609 1916 τοῦ
2648 1862 2987 1925 καταϐάντος
3047 1860 3287 1930 μερίζων
3330 1860 3411 1922 εἰς
3445 1858 3649 1928 πλῆθος
3681 1858 3813 1917 τοῦς

2214 1958 2276 2010 οὐ
2307 1956 2490 2019 καλῶς
2516 1955 2855 2030 ἡνωμένους.
2904 1951 3021 2006 Νῦν
3050 1952 3108 2005 δὲ
3136 1951 3248 2005 τῶν
3275 1951 3520 2021 πυρίνων
3548 1948 3813 2017 γλωσσῶν

2214 2055 2281 2123 τῇ
2314 2051 2543 2122 διανομῇ
2610 2050 2688 2112 εἰς
2720 2048 2779 2101 ἓν
2824 2047 3050 2115 συνάγει
3080 2045 3175 2099 τὸν
3216 2041 3604 2123 διαμερισμόν.
3659 2040 3817 2092 Ἐπιο

2214 2115 2373 2215 eliget
2424 2115 2483 2195 δέ
2517 2115 2626 2211 ’μοι
2675 2140 2738 2192 τὸ
2789 2138 2900 2211 πῦρ
2932 2138 3245 2208 ἡνωμένον,
3280 2136 3362 2199 είς
3389 2115 3563 2188 ὀπόσά
3593 2130 3663 2185 ἂν
3711 2132 3819 2184 καὶ

2222 2234 2536 2307 μερίζηται.
2585 2232 2725 2287 Ἀλλ’
2752 2232 2884 2301 ἡμῖν
2913 2231 3011 2300 μέν
3041 2224 3143 2284 ὧδε
3175 2228 3270 2284 καὶ
3298 2226 3457 2280 τοῦτο
3487 2224 3814 2296 τετήρηται.

2230 2329 2490 2382 Ἦκούετο
2529 2326 2587 2378 δέ
2627 2325 2850 2393 γλῶσσα
2900 2321 3252 2393 φθεγγομένη
3304 2321 3363 2373 ἐν
3398 2316 3817 2387 πολυγλώσσοις

2219 2421 2431 2475 ἔθνεσιν
2482 2419 2700 2489 ἑκάστῳ
2749 2416 2923 2471 οἰκεία
2967 2415 3198 2486 ἀνδρῶν,
3235 2411 3360 2484 μηδ’
3413 2413 3521 2481 ὅπη
3568 2411 3670 2480 τῆς
3727 2412 3819 2463 ἐν’

2221 2512 2536 2584 εγκαμένης
2578 2510 2777 2582 ᾤκουν,
2803 2508 2932 2579 πρὶν
2965 2508 3064 2561 σὺν
3092 2506 3171 2577 τῷ
3210 2504 3386 2575 Ἰησοῦ
3414 2500 3696 2572 γενέσθαι,
3726 2517 3819 2569 γε·

2221 2604 2603 2675 νωσκομένων.
2650 2600 2762 2657 Καὶ
2804 2600 2869 2652 τὸ
2917 2599 3150 2670 πρᾶγμα
3185 2593 3491 2669 παράδοξον
3513 2608 3527 2623 ⁶
3552 2593 3676 2648 οὐδὲ
3700 2590 3814 2663 γὰρ

2221 2693 2290 2767 ἦν
2318 2696 2427 2750 τῶν
2461 2694 2732 2765 συνήθων,
2780 2691 2897 2747 οἴετ’
2936 2687 3087 2762 εἶχεν
3118 2689 3334 2753 οἰκείως
3376 2686 3518 2761 πρὸς
3561 2686 3664 2757 τὴν
3699 2684 3816 2739 τῶν
3848 2698 3851 2699 ⁷

2221 2786 2530 2843 λαλούντων
2561 2782 2744 2856 φύσιν.
2769 2785 2871 2841 Διά
2894 2781 3057 2835 τοῦτο
3084 2783 3198 2844 τοῖς
3228 2770 3660 2843 πάνταάτόποις
3688 2776 3813 2831 ἐδό-

2222 2898 2310 2938 κει
2342 2880 2566 2944 ἄτοπον,
2601 2877 2683 2939 εἰς
2730 2876 3020 2949 τερατείαν
3057 2872 3120 2927 τὸ
3152 2871 3341 2943 θαῦμα
3384 2867 3815 2934 διαδαλλόντων,

2224 2973 2322 3025 καὶ
2351 2969 2523 3042 μέθην
2548 2964 2927 3036 ἐγκαλούντων
2948 2961 3056 3017 τῶν
3086 2958 3442 3032 ἀθεράπευτα
3474 2955 3812 3028 μεθυόντων.

532 3056 885 3118 miraculum,
910 3067 1170 3126 tanquam
1202 3055 1699 3120 incantamentum,
1728 3071 1790 3109 ac
1810 3059 2116 3127 praestigia-

2236 3065 2488 3134 Ἀρχαϊος
2520 3053 2676 3122 οὗτος
2700 3058 2778 3129 τῷ
2803 3055 2925 3126 Θεῷ
2950 3055 3273 3127 μαχομένων
3299 3052 3521 3117 σκοπὸς,
3546 3049 3622 3121 μὴ
3648 3051 3817 3120 μόνον

532 3158 655 3201 rum
688 3140 989 3200 ludibrium
1018 3144 1414 3201 traducebatur
1438 3186 1453 3210 ,
1484 3146 1925 3216 teuiulentizeque
1947 3147 2116 3202 ascri-

530 3235 770 3292 bebatur
799 3237 867 3288 ab
897 3236 1005 3302 his,
1041 3235 1133 3305 qui
1174 3235 1571 3290 immedicabili
1604 3237 1930 3291 temulentis
1963 3237 2120 3292 labo-

530 3316 749 3382 rabant.
794 3325 960 3381 Vetus
996 3327 1085 3381 hic
1121 3342 1339 3392 eorum,
1389 3328 1641 3398 quicum
1690 3327 1803 3384 Deo
1850 3337 2118 3400 pugnant,

533 3432 656 3471 nios
682 3426 769 3473 est
788 3458 803 3483 ,
841 3427 903 3471 ut
934 3434 1043 3473 non
1071 3417 1249 3474 solum
1279 3419 1485 3475 divinis
1513 3419 1776 3491 operibus
1803 3423 2011 3475 nullam
2061 3421 2123 3476 li-

534 3510 661 3566 dem
692 3509 1008 3575 adhibeant,
1042 3527 1231 3567 rerum
1265 3511 1434 3565 etiam
1465 3522 1762 3580 conentur,
1795 3522 1857 3569 ut
1888 3514 1956 3568 de
1989 3527 2122 3583 pro-

540 3605 660 3676 pria
691 3605 1047 3674 improbitate
1108 3606 1371 3675 improba:
1394 3605 1601 3672 aliquid
1637 3606 1995 3675 suspicionis,
2042 3606 2127 3660 in-

540 3698 780 3767 culpatis
834 3710 899 3752 ac
930 3697 985 3751 in
1029 3697 1232 3767 quibus
1267 3696 1405 3753 nihil
1431 3697 1775 3762 crimineris,
1804 3706 2123 3769 aspergant.

536 3784 801 3846 Patrabat
828 3785 1066 3841 Verbum
1102 3789 1355 3843 indutum
1386 3802 1613 3843 carnem
1648 3788 1703 3842 in
1734 3789 1940 3858 Spiritu
1992 3803 2126 3843 san-

535 3885 631 3932 cto
670 3876 914 3931 humana
960 3876 1168 3945 majora
1199 3878 1401 3931 virtute
1426 3878 1729 3944 miracula;
1775 3879 1940 3948 inque
1970 3878 2123 3934 Beel-

537 3966 717 4024 zebub
795 3966 1194 4022 daemoniorum
1282 3968 1584 4038 principem
1660 3977 1870 4022 tantam
1951 3970 2125 4024 virtu.

538 4068 649 4114 tem
677 4056 986 4114 referebant
1018 4059 1065 4090 τη
1098 4074 1115 4111 :
1153 4057 1269 4129 agit
1287 4073 1433 4112 nunc
1457 4059 1761 4114 secundum
1791 4061 2128 4117 convenien-

535 4160 651 4205 tem
721 4149 830 4204 sibi
888 4158 1213 4219 potestatem
1273 4148 1514 4221 Spiritus
1574 4163 1838 4219 sanctus,
1900 4166 2125 4224 remque

519 4240 710 4297 musti
735 4255 877 4311 opus
906 4254 1031 4297 esse
1073 4250 1394 4311 nugantur:
1440 4242 1495 4296 in
1527 4244 1673 4298 hunc
1705 4244 1932 4300 modum
1969 4245 2121 4300 arbi-

540 4342 757 4388 trantes
800 4348 862 4389 se
914 4332 1185 4388 miraculo
1228 4333 1484 4389 illaturos
1514 4334 1848 4390 calumniam
1883 4353 1897 4390 :
1933 4350 2123 4392 verum

2227 3156 2477 3208 ἀπιστείν
2521 3152 2706 3223 ἔργοις
2752 3151 2864 3212 τοῖς
2905 3148 3128 3214 θεῖκοῖς,
3179 3145 3317 3202 ἀλλὰ
3364 3145 3461 3202 καὶ
3512 3140 3816 3216 πειρᾶσθαι

2228 3244 2337 3297 ἀπὸ
2378 3243 2475 3312 τῆς
2522 3242 2726 3305 οἰκείας
2770 3238 3108 3309 φαυλότητος
3155 3234 3367 3305 φαύλην
3424 3232 3665 3301 ὑποψίαν
3704 3229 3820 3285 τῶν

2226 3337 2548 3408 ἀμωμήτων
2586 3330 3035 3396 κατασκεδάζειν.
3084 3326 3291 3383 Ἐποίει
3316 3327 3387 3380 τὰ
3425 3327 3568 3397 ὑπὲρ
3596 3322 3816 3395 ἄνθρωο

2227 3444 2329 3482 πον
2373 3429 2432 3481 ἐν
2480 3426 2621 3497 ἁγίῳ
2665 3423 2944 3495 Πνεύματι
2986 3421 3015 3477 6
3052 3420 3227 3487 Λόγος
3262 3417 3444 3488 σάρκα
3494 3414 3702 3486 φορῶν⁹
3733 3414 3821 3478 τις

2227 3518 2558 3584 Βεελζεεοὺλ
2590 3518 2830 3588 ἀνῆπτον
2854 3514 2952 3584 τὴν
2982 3514 3234 3584 δύναμιν.
3263 3510 3510 3581 Ἐνεργεϊ
3541 3505 3639 3561 νῦν
3669 3504 3819 3562 κατὰ

2226 3613 2327 3684 τὴν
2354 3609 2505 3682 αὐτῷ
2539 3608 2860 3678 πρέπουσαν
2903 3605 3153 3674 ἐξουσίαν
3183 3602 3246 3657 τὸ
3291 3601 3502 3689 θαῦμα2
3532 3599 3630 3658 καὶ
3652 3597 3820 3668 γλεύο
3878 3612 3879 3615 ‘

2228 3723 2360 3771 κους
2394 3701 2536 3760 εἶναι
2580 3702 2644 3757 τὸ
2683 3701 2845 3773 ἔργον
2894 3698 3152 3771 ληροῦσιν
3175 3735 3195 3763 ,
3224 3694 3369 3751 οὕτω
3397 3696 3461 3750 τὸ
3481 3693 3673 3764 θαῦμα
3697 3693 3820 3749 δια-

2230 3796 2416 3867 σύρειν
2441 3792 2755 3864 νομίζοντες
2771 3808 2789 3822 ο
2814 3790 2952 3843 ἀλλὰ
2976 3789 3103 3858 νικᾷ
3125 3788 3225 3857 τὴν
3250 3785 3541 3858 παροινίαν
3565 3786 3599 3854 ἡ
3623 3782 3816 3853 σοφία,

2230 3891 2329 3963 καὶ
2352 3888 2629 3959 ’στόματα
2692 3882 2954 3939 λαλοῦντα
3019 3881 3197 3950 φθόνῳ
3259 3878 3434 3949 στόμα
3483 3875 3821 3946 λαλούμενον

2231 3968 2533 4051 Πνεύματι.
2569 3979 2628 4033 ’0
2666 3975 2777 4045 γὰρ
2815 3974 2908 4030 τὸν
2938 3972 3190 4040 κάλαμον
3233 3969 3362 4042 άρτι
3390 3968 3583 4035 λιπὼν,
3612 3967 3821 4024 καλ-τά

2229 4069 2419 4125 δίκτυα
2465 4067 2671 4131 ἁλιεὺς,
2701 4063 2909 4124 ἁπλοῦν
2950 4063 3050 4119 καὶ
3099 4061 3326 4131 ἄτεχνον
3352 4058 3818 4127 ἀνοίξαςστόμα,

2230 4162 2321 4215 τὸν
2349 4160 2513 4231 λῆρον
2552 4162 2653 4229 τῆς
2702 4154 3037 4225 πανουργίας
3072 4153 3312 4224 σώφρονι
3360 4151 3506 4225 λόγῳ
3546 4148 3818 4204 διέλυσεν.

2245 4252 2405 4306 Ἀλλά
2422 4251 2586 4305 πόθεν
2608 4249 2839 4319 γλεῦκος
2857 4247 2956 4311 τὰς
2977 4246 3172 4309 καινάς
3194 4243 3446 4312 γλώσσας
3467 4239 3817 4311 δημιουργεῖ,

2230 4346 2260 4398 6
2288 4346 2354 4414 τῇ
2391 4342 2559 4412 μανίᾳ
2585 4340 2752 4404 θύωνς
2777 4337 3180 4406 Καταμάνθανέ
3208 4353 3299 4405 μοι
3330 4335 3421 4390 τὸν
3455 4334 3615 4405 δῆλον
3639 4333 3821 4404 δημης

540 4429 1018 4499 vincitsapientia
1068 4429 1455 4499 petulantiam,
1504 4430 1761 4499 quodque
1809 4428 2018 4501 Spiritu
2060 4443 2118 4484 os

2229 4402 2497 4506 γοροῦντα
2516 4402 2748 4502 ἀέτρονέ
2779 4431 2877 4485 καὶ
2902 4402 3139 4501 ’μετάθες
3166 4402 3246 4489 είς
3266 4427 3493 4497 φρικτὸν
3509 4402 3703 4496 θαῦμα
3716 4402 3821 4501 τὴν

540 4523 895 4592 loquebatur,
938 4537 1131 4576 eorum
1188 4536 1285 4577 ora
1341 4538 1465 4591 qua:
1502 4522 1569 4575 ad
1608 4522 1957 4591 loquendum
1990 4522 2118 4577 livor

2227 4524 2593 4597 συκοφαντίαν
2635 4522 2732 4577 καὶ
2769 4520 2925 4589 δόξαν
2952 4518 3048 4572 τοῦ
3074 4519 3131 4572 ιν
3158 4518 3305 4587 αύτῷ
3334 4515 3620 4579 λαλοῦντος
3647 4516 3823 4570 Πνεῦ-

542 4613 927 4681 conipellebat.
957 4612 1051 4669 llle
1091 4614 1236 4669 enim
1268 4613 1361 4683 qui
1396 4629 1505 4668 non
1535 4614 1741 4684 pridem
1773 4615 1980 4685 virgam
2017 4613 2118 4684 pis-

2229 4636 2420 4692 ματος.
2445 4617 2560 4671 υύκ
2578 4615 2695 4669 ἐστι
2719 4608 3041 4683 γλεύκουςή
3066 4612 3373 4685 παρρησία,
3399 4608 3538 4663 ἀλλά
3560 4610 3663 4677 τῆς
3691 4608 3823 4679 ἄρτι

542 4706 813 4761 catoriam
841 4719 905 4759 ac
932 4707 1070 4761 retia
1097 4708 1338 4775 piscator
1370 4707 1688 4774 reliquerat,
1713 4722 1776 4761 os
1811 4707 2043 4778 simplex
2066 4722 2118 4762 ac

2226 4711 2596 4778 κατελθούσης
2645 4708 2929 4781 δυνάμεως
2992 4703 3238 4771 ἀνωθεν,
3310 4704 3347 4779 ἢ
3397 4704 3493 4756 καὶ
3544 4701 3674 4755 νοῦν
3721 4702 3821 4756 καὶ

545 4795 684 4851 rude
708 4796 987 4865 aperiens,
1010 4798 1369 4867 malignitatis
1397 4812 1573 4867 nugas
1601 4798 1786 4852 sobria
1819 4813 1883 4852 ac
1905 4799 2118 4869 sapien-

2225 4804 2481 4875 γλῶσσαν
2529 4801 2678 4871 αὐτῷ
2712 4799 3054 4871 διανέστησε.
3106 4796 3279 4856 Πόθεν
3304 4794 3450 4849 οὕτω
3473 4784 3663 4864 γέγονε
3691 4794 3815 4849 τολ-

544 4894 602 4940 te
643 4884 892 4941 oratione
945 4885 1221 4940 dissolvit.
1274 4883 1429 4941 Unde
1485 4900 1618 4941 vero
1664 4896 1904 4941 mustum
1957 4903 2118 4946 novat

2237 4889 2724 4964 μηρὸς,ἐνθυμοῦ,
2772 4892 2801 4944 ὁ
2831 4890 2907 4959 μὴ
2954 4888 3056 4957 τῆς
3085 4886 3377 4957 παιδίσκης
3421 4884 3725 4953 ὑπομείνας
3751 4885 3823 4942 τά

547 4976 765 5045 linguas
809 4973 1014 5045 eﬂingit
1055 4990 1121 5030 ac
1167 4985 1354 5039 creat,
1406 4983 1467 5031 tu
1509 4976 1603 5045 qui
1658 4976 1891 5032 insaniae
1958 4980 2118 5035 liras“!

2225 4983 2484 5059 βήματα.
2534 4981 2696 5036 ’Λλλὰ
2738 4980 2849 5053 γὰρ
2892 4980 3039 5042 ὅσοις
3083 4975 3330 5048 ἀργοῦσα
3378 4976 3471 5030 καὶ
3522 4975 3685 5044 ἀκοὴ,
3726 4973 3825 5033 καὶ

546 5065 727 5125 Nosce
786 5064 1003 5121 Petrum
1058 5065 1209 5120 illum
1258 5067 1533 5131 timidum,
1592 5066 1807 5136 publica
1859 5073 2118 5126 concione

2234 5077 2467 5141 διάνοια,
2499 5073 2644 5128 οὕτω
2664 5074 2757 5126 τοῦ
2790 5072 2987 5144 φθόνου
3015 5069 3440 5141 ἐξειργασμένου
3467 5068 3687 5130 αὐτοὺς,
3710 5065 3823 5122 τῶν

548 5167 820 5221 orantem,
840 5171 914 5210 .ac
936 5157 1267 5211 calumniam
1292 5158 1344 5210 in
1371 5159 1587 5227 plenum
1609 5167 1834 5229 stupore
1865 5171 2118 5215 converte

2237 5162 2335 5216 τοῦ
2375 5162 2695 5233 Πνεύματος
2722 5161 2781 5214 ού
2818 5163 3086 5229 συνὴεσαν
3115 5158 3414 5230 ῥημάτων⁹
3455 5151 3537 5220 οἷς
3562 5155 3608 5211 δ’
3644 5157 3823 5226 ἀνεμν

618 5272 792 5327 "lsa.
824 5246 913 5337 alt,
945 5272 1168 5339 5;Luc.
1216 5289 1276 5328 ιιι
1326 5273 1381 5327 6.
1458 5276 1499 5308 ⁸⁷
1540 5274 1659 5330 .loel
1689 5293 1725 5332 ιι
1772 5277 1864 5332 21:
1935 5279 1979 5314 ⁸³
2008 5280 2118 5334 Gen

2221 5298 2258 5345 I,
2300 5281 2355 5335 7.
2426 5281 2475 5314 "
2506 5278 2700 5334 Matth.
2730 5295 2829 5345 XII,
2856 5279 2943 5339 27.

2058 5390 2293 5452 NOTAE.

620 5479 739 5563 169),
764 5479 1048 5561 Diuisionis
1078 5479 1208 5535 olim
1226 5480 1663 5563 [ασιωηνίιξειιιι-
1682 5498 1803 5537 eam
1834 5483 2125 5563 ignispro-
2232 5502 2367 5563 ergo
2392 5485 2536 5557 ignis
2587 5498 2782 5563 8p€CIt_:_
2809 5483 3048 5563 Spiritus
3077 5490 3327 5563 sanctns,
3358 5490 3417 5540 ut
3450 5482 3506 5539 in
3554 5482 3825 5555 symbolis

552 5551 839 5621 prietatem
857 5551 1186 5633 Arespicere,
1226 5551 1344 5620 qua
1379 5551 1625 5633 ejusdem
1657 5567 1746 5607 res
1800 5551 2031 5633 rationis
2069 5559 2124 5609 in
2230 5551 2463 5633 divisus,
2488 5551 3082 5633 acsingulisﬁseorsim
3108 5551 3820 5626 insidenlmnum'omnes,

553 5619 720 5674 unum
745 5619 947 5674 conﬁat
964 5636 1031 5675 ac
1064 5619 1298 5676 invicem
1321 5619 1489 5697 uuit__:
1530 5623 1607 5675 uti
1645 5638 1678 5678 e
1697 5632 1892 5697 contra
1919 5623 2129 5697 disgre-
2230 5642 2296 5684 ac
2331 5619 2498 5685 unius
2528 5619 2731 5697 lingua:
2757 5623 3017 5683 calcaret.

550 5698 645 5766 gat
688 5704 751 5745 ac
799 5700 1021 5763 separat
1061 5705 1185 5763 qua;
1235 5700 1368 5748 sunt
1426 5691 1658 5749 diversae
1690 5694 1939 5753 rationis.
1976 5691 2135 5754 Venit
