4086 6298
325 353 427 418 129

1343 351 1631 411 ORATIO
1668 352 1810 412 XII.
1849 377 1904 384 -
1933 352 2015 414 IN
2045 353 2609 415 PENTECOSTEN.

3530 353 3630 417 130

322 469 579 529 πόδιστος
625 464 880 535 αἴσθησις
925 459 1015 536 ἦν,
1048 457 1195 517 οῦτοι
1229 463 1327 518 καὶ
1361 466 1627 534 συνῆκαν,
1667 469 1763 519 καὶ
1814 466 1924 520 τῶν

2041 468 2381 531 miraculum,
2415 481 2580 539 atque
2609 471 2966 542 loquentlsin
2999 485 3065 526 eo
3096 459 3341 547 Spiritus
3367 469 3630 542 gloriam.

315 560 526 616 ἁλιέων
575 559 688 613 τῶν
728 559 977 629 χειλέων,
1031 558 1253 612 καὶτοῦ
1294 558 1614 629 Πνεύματος
1645 554 1791 630 ἦσαν
1836 560 1931 631 θή-

326 672 503 726 ραμα.
545 655 609 706 Ὢ
645 653 938 724 μακαρίως
973 651 1435 723 σαγηνευθέντεςῑ
1466 652 1530 704 Ὢ
1555 651 1655 722 τῆς
1685 654 1930 722 σαγήνης

323 747 581 818 ὀλεθρίας
631 745 1091 813 ἁπολειφθέντεςί
1130 745 1196 797 Ὢ
1230 744 1367 815 πρὸς
1409 745 1556 816 ζωὴν
1586 743 1931 815 ἀπαχθέντες

322 841 384 892 ὲν
411 839 488 908 τῷ
518 837 759 892 ἁλῶναιί
796 839 863 890 Ὢ
894 836 1032 908 πρὸς
1063 835 1299 890 θάνατον
1324 836 1733 908 ζωγρηθέντες,
1765 838 1822 889 ὲν
1854 837 1933 907 τῷ

321 930 424 1002 τὴν
457 931 634 1002 θήραν
667 929 986 998 διαφυγεῖνί
1024 929 1166 982 Ἀλλ’
1208 929 1445 1000 ἐκάθητο
1472 930 1678 1002 πυρίνη
1704 927 1934 1001 γλώσσῃ

320 1023 387 1076 τὸ
435 1023 664 1092 Πνεῦμα
712 1021 800 1091 ἐφ’
846 1021 946 1075 ἕνα
997 1022 1232 1074 ἕκαστον
1274 1020 1385 1073 τῶν
1425 1020 1721 1089 μαθητῶν,
1774 1021 1934 1072 συνὸν

327 1113 432 1185 μὲν
464 1114 560 1168 καὶ
595 1112 788 1185 πρώην
816 1114 1004 1177 αὐτοῖς
1027 1153 1042 1179 ,
1105 1112 1201 1166 νῦν
1234 1111 1292 1165 δὲ
1344 1112 1545 1183 μᾶλλον
1579 1116 1680 1183 τὴν
1722 1129 1935 1182 παρου-

325 1204 452 1258 σίαν
479 1205 826 1273 ποιούμενον,
848 1204 946 1258 καὶ
974 1207 1103 1270 πᾶν,
1131 1205 1185 1258 εί
1206 1223 1260 1258 τι
1281 1205 1392 1258 τῶν
1425 1205 1578 1258 κάτω
1601 1206 1693 1258 καὶ
1728 1205 1934 1276 χοῖκῶν

325 1297 516 1368 παρῆν
563 1298 772 1364 αὐτοῖς,
823 1295 1119 1364 καταλύον,
1167 1296 1266 1350 καὶ
1309 1298 1450 1368 πρὸς
1502 1297 1692 1369 θεῖκὴν
1730 1298 1935 1361 αὐτοὺς

325 1389 856 1459 ἀναλαμϐανόμενον
903 1390 1252 1460 συγγένειαν.
1305 1391 1447 1455 Τοὺς
1487 1391 1596 1462 γάρ
1623 1407 1706 1444 τοι
1746 1407 1935 1443 καινο-

325 1482 584 1552 ποιήσειν
615 1481 710 1535 τὸν
764 1482 970 1552 κόσμον
1017 1483 1489 1553 ἀπεσταλμένους,
1529 1481 1676 1546 εἰκὸς
1710 1477 1801 1553 ἦν,
1832 1481 1935 1550 τῆς

325 1573 680 1644 Δημιουργοῦ
718 1573 1046 1643 μεταλαὸεἶν
1074 1574 1349 1646 θεότητος.
1381 1576 1498 1628 Οὐκ
1529 1574 1624 1628 οῦν
1652 1573 1731 1627 ἔτι
1767 1574 1934 1654 ζητή-

327 1682 484 1719 σουσι
538 1666 732 1736 μαθεῖν
774 1667 870 1720 τὸν
915 1667 1175 1738 Πατέρα,
1203 1668 1326 1721 οὐδὲ
1353 1669 1421 1740 ἢν
1462 1668 1522 1735 ἐξ
1554 1666 1738 1721 αὐτῶν
1777 1669 1805 1719 ό
1846 1668 1935 1718 Δι-

323 1759 604 1821 δάσκαλος
633 1758 753 1812 ὁδὸν
785 1758 1146 1831 ὲπορεύσατο.
1187 1761 1376 1814 oram
1425 1762 1535 1832 γὰρ
1569 1761 1665 1815 καὶ
1694 1760 1787 1814 τὸν
1819 1761 1933 1813 Πα-

2033 559 2154 614 Non
2188 570 2274 615 est
2303 564 2470 616 musti
2509 577 2575 616 ac
2631 564 2917 617 temulenti
2951 564 3066 618 hare
3097 563 3356 633 loquendi
3385 564 3632 628 libertus,

2034 652 2130 705 sed
2171 653 2418 717 virtutis,
2464 669 2587 723 quae
2642 669 2838 711 recens
2886 656 3177 711 descendit
3214 658 3281 711 de
3323 657 3486 717 cmlo,
3525 672 3632 726 qua

2033 745 2158 814 ejus
2186 753 2301 799 tum
2342 761 2522 811 mens,
2555 754 2670 800 tum
2708 748 2896 818 lingua
2943 750 3187 803 excitata
3238 758 3390 825 sunt.
3444 750 3632 817 Cogita

2037 849 2096 893 ut
2128 837 2306 892 factus
2341 841 2412 891 sit
2446 848 2557 893 tam
2590 841 2870 896 animatus
2904 857 2967 894 ac
2998 841 3232 901 audens.
3283 842 3379 910 qui
3411 855 3480 894 ne
3535 856 3632 893 an-

2035 931 2177 984 cilla
2207 931 2426 998 quidem
2464 931 2627 986 verba
2660 933 2806 988 ferre
2839 932 3154 1003 potuisset?
3195 931 3304 986 Sed
3337 926 3481 988 éuim
3514 933 3631 1000 qui-

2035 1025 2367 1096 buscnnque
2398 1027 2644 1090 auditus,
2678 1041 2947 1095 mensque
2991 1026 3143 1096 pigra
3199 1032 3377 1091 erant,
3417 1039 3482 1078 ac
3518 1035 3631 1077 tor-

2036 1109 2184 1187 pida,
2212 1119 2281 1172 ab
2322 1118 2526 1170 invidia
2565 1118 2701 1171 tales
2736 1116 2964 1183 redditi,
2993 1117 3240 1187 Spiritus
3267 1116 3444 1172 sancti
3470 1115 3633 1169 verba

2037 1224 2147 1262 non
2193 1210 2588 1263 intellexerunt
2629 1226 2643 1262 :
2682 1210 2887 1278 quibus
2922 1221 3108 1264 autem
3143 1225 3342 1278 sensus
3377 1224 3487 1264 non
3518 1217 3629 1263 eral

2037 1300 2355 1370 impeditus,
2408 1301 2462 1353 hi
2512 1309 2566 1353 et
2618 1302 3038 1363 intellexerunt,
3074 1313 3127 1356 et
3158 1303 3358 1371 linguae
3398 1303 3633 1372 piscato-

2036 1409 2159 1447 rum
2197 1409 2262 1448 ac
2303 1393 2548 1465 Spiritus
2581 1393 2764 1464 praeda
2813 1397 3153 1450 exstiterunt
3179 1394 3223 1450 Ο
3261 1409 3429 1464 quam
3477 1394 3634 1448 heate

2036 1485 2381 1558 feliciterque
2412 1504 2613 1557 sagena
2650 1490 2980 1558 iutcrceptil
3010 1487 3054 1542 Ο
3083 1505 3113 1543 e
3149 1504 3353 1558 sagena
3401 1488 3634 1542 exitiosa

2036 1577 2269 1631 extracti
2295 1578 2306 1631 ι
2339 1579 2384 1633 0
2410 1580 2536 1631 dum
2565 1583 2864 1648 capiuntur
2895 1578 2961 1632 ad
2995 1580 3162 1632 vitam
3198 1578 3448 1634 reducti!
3491 1575 3536 1630 Ο
3567 1577 3636 1629 ad

2037 1678 2272 1723 mortem
2327 1670 2470 1738 capti
2519 1681 2740 1732 venatu,
2785 1669 2916 1723 dum
2967 1669 3019 1723 id
3064 1677 3284 1735 cavent,
3335 1684 3406 1722 ne
3436 1680 3634 1723 venatu

2037 1761 2373 1831 capiantur!
2424 1759 2630 1816 Verum
2668 1761 2910 1832 Spiritus
2944 1774 3176 1817 sanctus
3231 1763 3434 1833 lingua:
3463 1762 3637 1831 ignea:

324 1850 502 1920 τέρα,
550 1850 648 1904 καὶ
691 1851 784 1904 τὸν
821 1852 910 1904 ἀεὶ
958 1852 1058 1922 μὲν
1088 1854 1413 1925 ἀχωρίστως
1460 1853 1657 1923 ἐκείνῳ
1704 1853 1933 1906 συνόντα

2043 1852 2248 1920 specie,
2294 1852 2496 1922 cuique
2540 1852 2946 1923 discipulorum
3001 1855 3245 1920 insedit;
3297 1870 3435 1912 cum
3481 1854 3638 1925 prius

325 1940 481 2007 Υίὸν,
529 1942 656 2012 ἄρτι
705 1942 762 1995 δὲ
790 1943 889 2012 τὴν
926 1945 991 1997 ὲκ
1023 1945 1133 1997 τῶν
1177 1946 1331 1999 κάτω
1371 1945 1510 2017 πρὸς
1543 1945 1709 1998 αὐτὸν
1751 1945 1936 2014 διηνυ-

2041 1943 2260 2012 quidem
2288 1944 2542 2014 olimque
2574 1945 2657 2000 eis
2695 1945 2937 2012 adesset,
2978 1961 3127 2000 nunc
3173 1960 3305 2000 vero
3356 1961 3470 2000 suae.
3498 1961 3638 2016 prae-

325 2036 463 2088 κότα
495 2037 634 2098 ὁδὸν,
669 2037 775 2105 ὅπη
820 2036 1018 2105 διάγει.
1055 2037 1130 2091 Τὸ
1184 2037 1294 2109 γὰρ
1341 2040 1415 2092 τὰ
1447 2038 1610 2105 βάθη
1644 2036 1752 2092 τοῦ
1786 2036 1934 2090 Θεοῦ

2041 2039 2229 2090 sentiae
2259 2036 2440 2105 majus
2470 2051 2535 2090 ac
2562 2038 2904 2106 peculiarius
2946 2039 3230 2105 specimen
3256 2037 3470 2102 ederet,
3520 2037 3636 2092 dis-

327 2126 559 2192 Πνεῦμα
589 2126 889 2196 ἐρευνῶν,
921 2131 1101 2182 ἐκεῖνο
1132 2130 1313 2184 πάντα
1344 2129 1698 2200 ἐπιδημῆσαν
1727 2130 1936 2182 ὑπανα-

2041 2127 2407 2199 solveretque,
2429 2130 2475 2184 si
2506 2132 2637 2201 quid
2660 2131 2715 2184 in
2740 2132 2822 2188 eis
2849 2141 3090 2186 terrente
3129 2133 3269 2186 labis
3315 2145 3379 2185 ac
3410 2146 3638 2186 concrc-

332 2221 663 2290 μιμνήσκει,
696 2222 798 2274 ὅσα
827 2239 890 2274 τε
939 2221 1136 2293 παρὼν
1167 2224 1196 2274 ό
1234 2222 1568 2287 Διδάσκαλος
1605 2219 1935 2291 ὲμυσταγώ-

2041 2221 2208 2278 tionis
2263 2223 2594 2288 adhaereret,
2628 2232 2800 2294 atque
2849 2225 2918 2278 ad
2952 2225 3198 2279 divinam
3228 2226 3378 2292 ipsos
3421 2238 3633 2294 cogna-

325 2327 493 2379 γησε,
525 2312 622 2363 καὶ
652 2313 754 2364 ὅσα
779 2313 853 2383 μὴ
883 2313 1154 2384 χωροῦσιν
1186 2314 1408 2382 αὐτοῖς,
1439 2313 1521 2378 είς
1545 2313 1645 2385 τὴν
1678 2312 1774 2368 νῦν
1802 2315 1931 2368 ετα-

2041 2314 2247 2366 tionem
2274 2321 2608 2367 assumeret.
2638 2312 2851 2368 Etenim
2877 2314 3080 2367 rationi
3114 2322 3544 2369 consentaneum
3573 2328 3638 2367 ac

327 2403 531 2476 μιεύθη
564 2404 940 2460 διδασκαλίαν.

2041 2416 2141 2469 par
2171 2412 2315 2468 erat,
2364 2410 2426 2456 ut
2459 2403 2553 2474 qui
2592 2403 2748 2458 missi
2801 2411 2990 2458 essent
3023 2407 3088 2457 ad
3122 2406 3390 2458 mundum
3421 2405 3638 2459 instau-

325 2498 584 2561 randum,
622 2498 822 2551 summi
870 2513 1053 2553 rerum
1093 2495 1321 2568 Opiﬂcis
1352 2496 1578 2552 deitatis
1619 2496 1920 2567 participes
1963 2492 2180 2549 tierent.
2222 2494 2379 2550 [laud
2408 2511 2542 2567 ergo
2585 2496 2733 2550 ultro
2756 2496 3043 2567 quaesituri
3093 2508 3260 2560 sunt,
3318 2505 3379 2551 ut
3435 2513 3639 2567 cogno-

324 2597 487 2647 scant
517 2590 735 2644 Patrem
754 2591 822 2656 ⁸⁸,
856 2599 1110 2662 utneque
1154 2591 1298 2647 viam
1332 2605 1438 2660 qua
1477 2589 1738 2658 Magister
1779 2589 1848 2644 ab
1921 2588 2004 2642 eis
2042 2587 2326 2659 digressus
2363 2595 2470 2644 est.
2498 2585 2619 2642 Jam
2647 2589 2793 2643 enim
2826 2598 2880 2643 et
2905 2587 3124 2643 Patrem
3151 2602 3551 2659 cognoverunt,
3583 2601 3640 2646 et

324 2689 374 2740 ei
411 2687 695 2742 iudividue
735 2703 955 2757 semper
985 2687 1344 2756 conjunctum
1379 2685 1581 2740 Filium
1618 2686 1770 2754 :jam
1798 2686 1930 2739 item
1971 2693 2249 2740 noverunt
2306 2687 2452 2739 viam
2487 2685 2804 2740 confecisse
2835 2694 3036 2740 eterra
3123 2685 3192 2740 ad
3240 2687 3448 2756 ipsum,
3528 2703 3640 2758 quo

325 2796 478 2836 nunc
518 2781 642 2836 loco
694 2783 831 2852 agit.
863 2781 998 2835 Nam
1051 2783 1316 2852 Spiritus,
1345 2782 1438 2851 qui
1488 2783 1759 2853 profunda
1807 2781 1907 2835 Dei
1950 2790 2228 2834 scrutatur
2251 2780 2318 2846 ”,
2371 2795 2474 2836 suo
2513 2779 2604 2835 ille
2650 2782 2891 2836 adventu
2922 2781 3169 2850 suggerit
3219 2782 3448 2857 .ompia,
3519 2791 3639 2836 tum

326 2889 451 2946 qum
483 2872 746 2944 Magister
773 2890 1021 2944 praesens
1045 2874 1255 2943 docuit,
1303 2883 1420 2929 tum
1447 2876 1654 2944 quaead
1696 2873 1970 2945 'Spiritus
2011 2887 2254 2943 presens
2281 2873 2663 2943 magisterium
2687 2883 2968 2929 reservata
2990 2873 3183 2941 voluit,
3204 2889 3330 2928 cum
3401 2875 3638 2931 necdum

323 2969 406 3024 illi
439 2983 631 3023 eorum
674 2982 912 3038 capaces
934 2974 1142 3023 essent.

397 3058 543 3115 Ἀλλ’
572 3062 623 3114 ot
660 3064 760 3131 μὲν
795 3061 1082 3132 ίερώτατοι
1117 3061 1364 3132 μαθηταὶ
1393 3061 1653 3130 τοιαύτης
1690 3061 1935 3114 ἀπέλαυε

2107 3057 2181 3110 At
2220 3057 2587 3112 sacratissimi
2623 3056 2844 3125 quidem
2875 3055 3160 3128 discipuli,
3196 3059 3466 3127 ejusmodi
3514 3073 3639 3130 gra-

330 3171 432 3208 σαν
466 3157 526 3207 ὲν
551 3153 632 3225 τῷ
662 3152 793 3225 ἱερῷ
819 3154 1065 3224 χάριτος,
1098 3156 1156 3208 ὲν
1183 3157 1251 3225 τῇ
1277 3155 1401 3226 ίερᾷ
1427 3155 1526 3226 τῆς
1551 3153 1936 3224 Πεντηκοστῆς

2045 3153 2177 3206 tiam
2226 3149 2280 3201 in
2340 3163 2498 3203 sacra
2543 3149 2659 3202 aede
2713 3163 2778 3202 ac
2835 3150 3128 3204 caenaculo
3164 3151 3448 3205 consecuti
3487 3161 3673 3215 sunt,.

326 3246 515 3316 ἡμέρᾳ
534 3259 548 3273 ·
579 3245 798 3308 πάντως
824 3245 883 3298 δὲ
910 3247 1002 3300 καὶ
1032 3245 1150 3312 νῦν,
1185 3248 1233 3299 εί
1261 3246 1357 3299 καὶ
1391 3247 1466 3318 μὴ
1499 3245 1778 3314 τοιαύτης,
1800 3244 1936 3298 ἀλλά

2044 3257 2205 3297 sacro
2250 3240 2607 3296 Pentecostes
2648 3239 3041 3318 dictamnino
3071 3257 3200 3297 vero
3243 3243 3406 3310 etiam
3468 3259 3636 3303 nunc,

327 3355 395 3408 γε
429 3338 590 3405 ἀξίας
634 3337 732 3391 τοῦ
778 3337 1122 3408 Πνεύματος,
1168 3338 1283 3391 ὅσοι
1310 3331 1478 3409 τιμᾷν
1508 3337 1810 3407 ἐγνώκασι.
1842 3338 1936 3390 Τι-

2043 3334 2148 3389 etsi
2187 3349 2296 3387 non
2364 3340 2538 3397 tanta,
2584 3312 2963 3386 verumtamen
3021 3333 3189 3402 digno
3230 3329 3474 3403 Spiritus
3513 3350 3642 3388 san-

331 3429 484 3502 μῷεν
508 3430 553 3481 δ’
573 3428 641 3483 ἂν
669 3429 719 3482 οί
749 3427 885 3484 Θεὸν
931 3430 1141 3494 εἰδότες
1168 3429 1420 3501 ὁμοτίμῳ
1460 3429 1590 3502 δόξῃ
1629 3431 1725 3484 καὶ
1753 3429 1940 3498 κυριό-

327 3541 477 3595 τητι,
529 3524 710 3591 Πατρὶ
756 3521 1356 3594 συμπροσκυνούμενον
1405 3523 1502 3576 καὶ
1533 3522 1682 3594 Υίῷ,
1719 3522 1940 3576 πάντων

331 3615 616 3681 κοινωνὸν,
645 3613 785 3686 πλὴν
810 3609 893 3679 οἷς
918 3615 988 3668 τὰ
1023 3614 1296 3686 πρόσωπα
1321 3614 1729 3668 διαστέλλεται·
1759 3613 1940 3666 πάντα

331 3707 479 3778 ἕχον,
511 3708 613 3760 ὅσα
641 3706 799 3760 θείαν
847 3705 1012 3775 φύσιν
1055 3705 1224 3773 εἰκὸς,
1253 3707 1622 3778 Δημιουργὸν,
1657 3707 1936 3770 ἄκτιστον,

334 3798 564 3867 συνέχον
594 3796 693 3869 τὴν
726 3796 930 3862 κτίσιν,
963 3797 1213 3866 ἁγιάζον,
1251 3799 1431 3852 πάντα
1463 3796 1708 3868 πληροῦν
1743 3799 1940 3866 ἀπερι-

331 3888 554 3960 λήπτως
574 3905 589 3920 ·
637 3888 733 3941 καὶ
786 3887 861 3960 μὴ
913 3889 1078 3961 μόνον
1103 3890 1234 3961 περὶ
1263 3890 1363 3962 τὴν
1391 3889 1554 3960 φύσιν
1585 3889 1646 3943 οὺ
1689 3905 1939 3944 καινοτο-

333 3980 588 4053 μοῦντες,
614 3981 751 4035 ἀλλὰ
779 3981 900 4053 μηδ’
923 3983 1005 4046 είς
1037 3983 1218 4037 αἰτίαν
1249 3982 1383 4036 αὐτὸ
1408 3982 1604 4053 διπλῆν
1637 3981 1940 4051 ἀναφέρον-

329 4090 446 4137 τες.
464 4073 760 4144 Ἑκάτερον
793 4075 903 4145 γὰρ
933 4075 1099 4145 ἀπείη
1127 4074 1355 4146 γνώμης
1383 4074 1573 4146 ὀρθῆς.
1597 4075 1671 4128 Τὸ
1705 4074 1806 4143 μὲν
1829 4073 1939 4143 γάρ

331 4165 485 4218 ἐστιν
518 4165 602 4228 είς
636 4165 844 4235 κτίσμα
876 4164 978 4234 τὴν
1007 4164 1410 4236 δημιουργικὴν
1457 4164 1811 4233 καταγόντων
1844 4163 1936 4216 οὐ·

333 4257 493 4310 σίαν·
543 4256 605 4309 τὸ
650 4257 730 4321 δὲ,
767 4255 1109 4327 πολυαρχίαν
1155 4257 1216 4310 ἐν
1265 4259 1330 4328 τῇ
1385 4258 1692 4329 μοναρχικῇ
1743 4255 1936 4327 Τριάδι

333 4349 808 4423 παρεισαγόντων.
854 4349 1130 4419 Τιμητέον
1178 4345 1272 4402 οῦν
1323 4347 1522 4412 θεῖκῶς
1571 4348 1634 4401 τὸ
1683 4348 1932 4418 Πνεῦμα.

2043 3429 2117 3480 cti
2153 3442 2380 3485 munere
2414 3428 2718 3493 donantur,
2755 3434 3025 3496 quotquot
3065 3426 3331 3496 Spiritum
3382 3436 3639 3482 sanctum

2044 3520 2339 3574 honorant.
2404 3517 2692 3573 Honorare
2748 3527 2934 3573 autem
3006 3528 3310 3573 censentur
3369 3520 3474 3584 illi,
3544 3523 3638 3590 qui

2043 3611 2216 3668 Deum
2277 3629 2406 3668 esse
2453 3614 2812 3679 conﬁtentur,
2880 3612 3113 3682 aequalis
3171 3629 3296 3668 cum
3364 3613 3529 3669 Patre
3581 3623 3642 3668 et

2045 3704 2184 3761 Filio
2242 3707 2475 3776 gloriae,
2541 3706 2828 3774 potentiae,
2895 3707 3083 3761 ettltus
3130 3720 3195 3762 ac
3255 3707 3641 3776 adoratiouis;

2043 3798 2312 3869 quidquid
2354 3800 2643 3853 amborum
2685 3808 2792 3862 est,
2842 3814 3138 3855 commune
3173 3801 3492 3864 habentem,
3546 3817 3644 3856 ex-

2042 3891 2216 3959 ceptis
2247 3890 2316 3945 iis
2345 3905 2441 3960 per
2461 3906 2582 3960 qua:
2630 3906 2882 3961 personae
2921 3892 3377 3961 distinguuntur;
3414 3893 3628 3956 omnia,

2046 3981 2295 4048 inquam,
2339 3981 2657 4049 trahentem,
2697 3997 2821 4051 qua
2883 3997 2984 4050 par
3031 3991 3117 4037 est
3157 3981 3328 4037 Deum
3391 3983 3636 4039 habere:

2045 4083 2105 4127 nt
2141 4075 2214 4128 sit
2265 4073 2521 4136 Creator,
2588 4075 2660 4129 sit
2693 4075 3010 4139 increatns;
3062 4075 3367 4142 contineat,
3414 4091 3479 4130 ac
3509 4090 3641 4131 con-

2043 4174 2223 4222 servet
2240 4177 2446 4231 creata,
2481 4167 2936 4236 incomprehensa
2963 4169 3178 4222 ratione
3201 4167 3394 4222 omnia
3413 4167 3636 4243 replen-

2044 4267 2192 4314 tem:
2243 4260 2336 4330 qui
2386 4276 2496 4313 non
2537 4267 2751 4312 tantum
2815 4260 2965 4313 circa
3023 4267 3279 4314 naturam
3332 4258 3456 4328 ejus
3503 4261 3640 4314 nihil

2045 4353 2334 4417 innovant,
2392 4352 2488 4407 sed
2543 4369 2725 4422 neque
2757 4338 3029 4424 originem
3074 4334 3195 4421 ejus
3227 4351 3297 4406 ad
3330 4353 3472 4410 duas
3513 4368 3644 4408 cau-

332 4441 470 4506 Θεὸς
499 4443 643 4512 γὰρ,
679 4442 777 4513 οὺχ
809 4435 921 4504 οἷος
953 4442 987 4513 ἡ
1018 4441 1147 4510 πρὶν
1182 4440 1528 4495 διαπλάσασα
1563 4440 1741 4511 πλάνη
1785 4441 1936 4511 νομί⁴

2047 4460 2160 4509 sas,
2197 4461 2294 4500 seu
2333 4447 2605 4516 principia
2637 4444 2907 4500 referunt.
2962 4445 3277 4515 Utrumque
3317 4447 3466 4501 enim
3528 4446 3644 4501 abit

334 4523 453 4600 ζειν
481 4537 757 4606 ὴπάτησε,
793 4534 978 4605 μικρῷ
1013 4535 1109 4588 καὶ
1141 4534 1366 4605 μεγάλῳ
1393 4535 1551 4606 μέρει
1579 4534 1640 4588 τὸ
1670 4535 1825 4590 Θείον
1858 4535 1938 4588 δι-

331 4630 610 4700 αιροῦσα⁶
657 4629 772 4683 ἀλλ’
801 4623 916 4682 οἷον
957 4629 992 4701 ἡ
1035 4628 1102 4682 δι’
1147 4624 1217 4702 ἧς
1263 4628 1554 4700 ήνώθημεν
1584 4629 1705 4698 Θεῷ
1741 4630 1943 4698 γνῶσις

333 4721 567 4787 ἐδίδαξε,
598 4722 699 4792 τὴν
728 4722 1008 4796 ἀγνωσίαν
1033 4721 1132 4793 τῆς
1168 4722 1379 4793 πλάνης
1406 4721 1939 4794 ἀποκαθάρασα.Μὴ

333 4815 502 4871 πάλιν
532 4815 628 4868 ἐπὶ
658 4815 727 4868 τὰ
768 4815 1049 4887 κτίσματα
1074 4815 1519 4886 καταϐαίνωμεν,
1549 4813 1686 4886 πρὸς
1721 4814 1811 4866 τὸν
1841 4812 1939 4865 ἕνα

335 4908 472 4962 Θεὸν
519 4907 934 4980 ἀνεληλυθότες.
977 4907 1291 4979 Κτίσμασίν
1338 4908 1488 4960 ἐστιν
1531 4893 1847 4978 λατρεύειν,
1879 4905 1940 4957 τὸ

333 5001 547 5071 κτίσμα
589 5000 833 5065 νομίζειν
866 5001 930 5055 τὸ
973 5000 1227 5070 Πνεῦμα,
1272 5000 1409 5071 μηδὲ
1455 5001 1553 5070 τὴν
1602 4999 1812 5068 ἄφατον
1842 4996 1940 5050 τοῦ

334 5091 587 5147 θεοποιοῦ
622 5093 947 5162 Πνεύματος
982 5092 1305 5164 εὐεργεσίαν
1345 5090 1657 5161 ὲλαττώσῃς
1694 5089 1941 5160 λυμηνά-

336 5204 503 5258 μενος
532 5185 732 5258 eme.
758 5188 834 5239 Οὐ
866 5186 975 5255 γὰρ
999 5186 1151 5238 ἔστιν
1171 5187 1320 5249 ὅπως
1348 5183 1565 5253 φύσεως
1595 5184 1820 5251 κτιστῆς
1840 5181 1940 5252 τὴν

335 5278 646 5332 ἀνάπλασιν
676 5275 980 5345 ἀπολάὸῃς,
1000 5275 1109 5328 οὐδ’
1131 5274 1327 5328 ἕνωσιν
1350 5275 1450 5346 τὴν
1475 5274 1612 5345 πρὸς
1642 5273 1796 5338 Θεὸν,
1821 5272 1938 5326 ἀλλ’

336 5374 372 5442 ἣ
407 5372 625 5441 ἐκείνῳ,
659 5372 792 5441 παρ’
819 5363 904 5428 οὗ,
935 5371 1032 5422 καὶ
1059 5364 1266 5420 οὐκῶν
1295 5367 1607 5439 δημιουργῇ
1628 5382 1641 5395 ·
1681 5366 1780 5419 καὶ¹
1822 5364 1940 5418 δια-

336 5465 591 5535 φθαρεὶς,
628 5462 759 5532 θείῳ
788 5461 982 5532 κράτει
1009 5463 1322 5531 καινοποιῇ.
1341 5459 1482 5512 Ἀλλ’
1501 5453 1592 5523 ὀἷς
1627 5457 1726 5530 μὲν
1763 5455 1824 5510 εὖ
1856 5457 1936 5508 εί-

333 5557 450 5612 δόσι
493 5559 528 5628 ή
564 5556 655 5627 σὴ,
694 5554 1048 5626 Παράκλητε.
1076 5553 1308 5616 σώζεται
1337 5552 1494 5623 τιμὴ,
1519 5552 1618 5605 καὶ
1659 5551 1760 5618 τῆς
1787 5549 1939 5620 παρὰ

337 5651 433 5707 σοῦ
461 5650 632 5724 τιμῆς
662 5648 894 5719 ὑπάρξει
927 5647 1236 5700 ἀντιλαϐεῖν
1255 5665 1269 5677 ο
1299 5648 1414 5701 ὅσοι
1444 5646 1488 5699 δ’
1516 5646 1776 5710 ἐναντίως
1801 5645 1939 5699 ὑπο-

403 5815 450 5846 ¹⁸
487 5811 648 5870 Joan.
683 5810 876 5871 κικκι,
912 5809 965 5864 9.
1042 5810 1089 5840 ⁸⁸
1125 5809 1138 5861 I
1171 5807 1297 5864 Cor.
1323 5825 1384 5873 ιι,
1424 5808 1510 5863 10.

705 5907 993 5965 J’A'rnoL.
1035 5902 1156 5963 Gn.
1202 5903 1386 5965 ενιι.

2044 4554 2074 4593 a
2112 4551 2259 4594 recta
2306 4540 2605 4594 sententia.
2670 4540 2923 4591 Alterum
2965 4547 3050 4592 est
3098 4553 3290 4593 eorum
3343 4539 3438 4608 qui
3489 4553 3645 4594 crea-

2047 4628 2241 4683 tricem
2311 4637 2564 4682 naturam
2613 4629 2668 4682 in
2700 4638 3017 4682 creatorum
3075 4629 3640 4697 dejiciunt'sortem;

2044 4721 2277 4774 alterum
2305 4734 2498 4773 eorum
2528 4719 2621 4790 qui
2677 4720 2850 4772 multa
2893 4720 3172 4788 principia
3204 4720 3260 4772 in
3288 4720 3455 4775 unius
3480 4720 3644 4790 prin—

2045 4815 2196 4884 cipii,
2231 4829 2296 4868 ac
2337 4813 2683 4884 principatus
2728 4811 3064 4866 Trinitatem
3104 4811 3404 4866 inducunt.
3444 4811 3644 4867 Diviuo

2043 4907 2212 4978 igitur
2259 4907 2470 4961 honore
2505 4905 2928 4976 prosequendus
2960 4911 3047 4959 est
3094 4904 3338 4974 Spiritus
3378 4913 3642 4960 sanctus:

2043 4999 2247 5068 quippe
2273 5014 2398 5053 cum
2430 4996 2574 5052 Deus
2617 4998 2712 5062 sit,
2765 5012 2876 5051 non
2921 4997 3145 5067 quidem
3175 4994 3375 5070 quales
3423 4997 3644 5066 priscus

2045 5107 2204 5146 error
2234 5092 2368 5146 deos
2419 5089 2597 5153 tinxit,
2647 5103 2712 5143 ac
2739 5089 2996 5161 tingendo
3023 5090 3079 5143 in
3114 5095 3362 5142 errorem
3399 5088 3642 5152 induxit,

2043 5183 2242 5254 majori
2294 5197 2359 5237 ac
2417 5182 2619 5237 minori
2679 5193 2836 5251 parte
2883 5182 3143 5237 deitatem
3210 5173 3487 5246 dividens,
3549 5180 3647 5237 sed

2043 5277 2259 5345 qualem
2315 5271 2572 5336 scientia,
2618 5289 2727 5342 qua
2775 5271 2887 5327 Deo
2941 5272 3080 5326 uniti
3120 5274 3334 5336 sumus,
3395 5269 3645 5338 ﬁdesque

2044 5367 2253 5432 docuit,
2306 5366 2459 5419 omni
2494 5367 2706 5429 erroris
2761 5364 3076 5434 ignorantia
3113 5371 3442 5435 perpurgata
3475 5371 3644 5430 atque

2045 5459 2282 5515 sublata.
2312 5458 2423 5512 Nec
2443 5458 2753 5512 rursum‘ad
2777 5465 2963 5513 creata
2981 5455 3507 5535 descendamus,qui
3530 5453 3643 5522 jam

2046 5553 2113 5604 ad
2141 5550 2312 5604 Deum
2343 5552 2552 5604 unitate
2577 5559 2924 5604 constantem
2955 5537 3335 5604 ascendimus.
3360 5545 3467 5613 Qui
3501 5545 3647 5602 cnim

2051 5643 2319 5715 Spiritum
2373 5651 2632 5700 sanctum
2677 5651 2993 5699 creaturam
3043 5644 3174 5698 esse
3213 5641 3519 5724 existimat,
3555 5633 3647 5690 ille

3249 5896 3280 5956 5
