  <div class='ocr_page' id='page_1' title='image "/cluster/home/n/w/nwhite01/storage/ocr_20150623/107/mdp.39015028571910/109.png"; bbox 0 0 4086 6298; ppageno 0'>
   <div class='ocr_carea' id='block_1_1' title="bbox 410 262 3731 384">
    <p class='ocr_par' dir='ltr' id='par_1_1' title="bbox 410 262 3731 384">
     <span class='ocr_line' id='line_1_1' title="bbox 410 262 3731 384; baseline -0.012 -1"><span class='ocrx_word' id='word_1_1' title='bbox 410 315 523 384; x_wconf 64' lang='grc' dir='ltr'><strong>ῚΒὶ</strong></span> <span class='ocrx_word' id='word_1_2' title='bbox 1252 262 1260 266; x_wconf 24' lang='grc'><strong>⁴</strong></span> <span class='ocrx_word' id='word_1_3' title='bbox 1678 306 1879 367; x_wconf 84' lang='lat' dir='ltr'><strong>LEON</strong></span> <span class='ocrx_word' id='word_1_4' title='bbox 1885 305 1956 364; x_wconf 92' lang='lat' dir='ltr'><strong>IS</strong></span> <span class='ocrx_word' id='word_1_5' title='bbox 1993 296 2463 366; x_wconf 82' lang='lat' dir='ltr'><strong>PHILOSOPHI</strong></span> <span class='ocrx_word' id='word_1_6' title='bbox 3622 296 3731 363; x_wconf 67' lang='lat'><strong>132</strong></span> 
     </span>
    </p>
   </div>
   <div class='ocr_carea' id='block_1_2' title="bbox 416 404 2029 490">
    <p class='ocr_par' dir='ltr' id='par_1_2' title="bbox 416 411 2024 490">
     <span class='ocr_line' id='line_1_2' title="bbox 416 411 2024 490; baseline -0.012 -4"><span class='ocrx_word' id='word_1_7' title='bbox 416 425 692 486; x_wconf 76' lang='lat' dir='ltr'><strong>creaturis</strong></span> <span class='ocrx_word' id='word_1_8' title='bbox 727 422 948 477; x_wconf 88' lang='lat' dir='ltr'><strong>divinos</strong></span> <span class='ocrx_word' id='word_1_9' title='bbox 991 418 1236 473; x_wconf 83' lang='lat' dir='ltr'><strong>honores</strong></span> <span class='ocrx_word' id='word_1_10' title='bbox 1288 415 1582 490; x_wconf 89' lang='lat' dir='ltr'><strong>impendit.</strong></span> <span class='ocrx_word' id='word_1_11' title='bbox 1626 412 1709 468; x_wconf 87' lang='lat' dir='ltr'><strong>Nc</strong></span> <span class='ocrx_word' id='word_1_12' title='bbox 1742 411 2024 468; x_wconf 66' lang='lat' dir='ltr'><strong>ineffabile</strong></span> 
     </span>
    </p>
   </div>
   <div class='ocr_carea' id='block_1_3' title="bbox 2135 404 3748 490">
    <p class='ocr_par' dir='ltr' id='par_1_3' title="bbox 2135 404 3748 482">
     <span class='ocr_line' id='line_1_3' title="bbox 2135 404 3748 482; baseline -0.004 -18"><span class='ocrx_word' id='word_1_13' title='bbox 2135 409 2271 482; x_wconf 61' lang='grc' dir='ltr'>λαροὸ</span> <span class='ocrx_word' id='word_1_14' title='bbox 2288 411 2530 473; x_wconf 82' lang='grc' dir='ltr'>ἁνοντες,</span> <span class='ocrx_word' id='word_1_15' title='bbox 2582 407 2642 460; x_wconf 83' lang='grc' dir='ltr'>ὲν</span> <span class='ocrx_word' id='word_1_16' title='bbox 2688 405 2768 477; x_wconf 74' lang='grc' dir='ltr'><strong>τῷ</strong></span> <span class='ocrx_word' id='word_1_17' title='bbox 2815 405 3117 477; x_wconf 79' lang='grc' dir='ltr'>πειρᾶσθαι</span> <span class='ocrx_word' id='word_1_18' title='bbox 3173 404 3338 478; x_wconf 78' lang='grc' dir='ltr'><strong>δόξης</strong></span> <span class='ocrx_word' id='word_1_19' title='bbox 3386 406 3748 477; x_wconf 76' lang='grc' dir='ltr'>ἀποστερεῖν,</span> 
     </span>
    </p>
   </div>
   <div class='ocr_carea' id='block_1_4' title="bbox 419 496 2032 587">
    <p class='ocr_par' dir='ltr' id='par_1_4' title="bbox 419 510 2016 587">
     <span class='ocr_line' id='line_1_4' title="bbox 419 510 2016 587; baseline -0.012 -9"><span class='ocrx_word' id='word_1_20' title='bbox 419 522 601 578; x_wconf 88' lang='lat' dir='ltr'><strong>deilici</strong></span> <span class='ocrx_word' id='word_1_21' title='bbox 651 517 896 587; x_wconf 79' lang='lat' dir='ltr'><strong>Spiritus</strong></span> <span class='ocrx_word' id='word_1_22' title='bbox 953 510 1306 573; x_wconf 74' lang='lat' dir='ltr'><strong>beneficium,</strong></span> <span class='ocrx_word' id='word_1_23' title='bbox 1361 522 1678 578; x_wconf 87' lang='lat' dir='ltr'><strong>munusque</strong></span> <span class='ocrx_word' id='word_1_24' title='bbox 1725 515 2016 569; x_wconf 80' lang='lat' dir='ltr'><strong>extendes,</strong></span> 
     </span>
    </p>
   </div>
   <div class='ocr_carea' id='block_1_5' title="bbox 2130 496 3743 587">
    <p class='ocr_par' dir='ltr' id='par_1_5' title="bbox 2130 496 3743 569">
     <span class='ocr_line' id='line_1_5' title="bbox 2130 496 3743 569; baseline -0.004 -14"><span class='ocrx_word' id='word_1_25' title='bbox 2130 503 2362 566; x_wconf 78' lang='grc' dir='ltr'>ἑαυτοὺς</span> <span class='ocrx_word' id='word_1_26' title='bbox 2399 498 2764 569; x_wconf 79' lang='grc' dir='ltr'><strong>ἀφαιροῦνται</strong></span> <span class='ocrx_word' id='word_1_27' title='bbox 2793 498 2895 569; x_wconf 75' lang='grc' dir='ltr'><strong>τὴν</strong></span> <span class='ocrx_word' id='word_1_28' title='bbox 2926 500 3093 569; x_wconf 80' lang='grc' dir='ltr'><strong>ζωήν.</strong></span> <span class='ocrx_word' id='word_1_29' title='bbox 3112 498 3272 553; x_wconf 84' lang='grc' dir='ltr'><strong>Ἀλλὰ</strong></span> <span class='ocrx_word' id='word_1_30' title='bbox 3294 498 3359 552; x_wconf 83' lang='grc' dir='ltr'>σύ</span> <span class='ocrx_word' id='word_1_31' title='bbox 3391 515 3455 566; x_wconf 84' lang='grc' dir='ltr'>γε</span> <span class='ocrx_word' id='word_1_32' title='bbox 3487 499 3585 551; x_wconf 72' lang='grc' dir='ltr'>καὶ</span> <span class='ocrx_word' id='word_1_33' title='bbox 3613 496 3743 550; x_wconf 76' lang='grc' dir='ltr'><strong>τού-</strong></span> 
     </span>
    </p>
   </div>
   <div class='ocr_carea' id='block_1_6' title="bbox 422 589 2035 672">
    <p class='ocr_par' dir='ltr' id='par_1_6' title="bbox 422 598 2018 672">
     <span class='ocr_line' id='line_1_6' title="bbox 422 598 2018 672; baseline -0.013 -2"><span class='ocrx_word' id='word_1_34' title='bbox 422 630 535 671; x_wconf 95' lang='lat' dir='ltr'><strong>non</strong></span> <span class='ocrx_word' id='word_1_35' title='bbox 587 612 708 667; x_wconf 85' lang='lat' dir='ltr'><strong>sine</strong></span> <span class='ocrx_word' id='word_1_36' title='bbox 752 620 847 663; x_wconf 83' lang='lat' dir='ltr'><strong>tuo</strong></span> <span class='ocrx_word' id='word_1_37' title='bbox 892 606 1260 669; x_wconf 84' lang='lat' dir='ltr'><strong>detrimento;</strong></span> <span class='ocrx_word' id='word_1_38' title='bbox 1312 616 1495 672; x_wconf 89' lang='lat' dir='ltr'><strong>neque</strong></span> <span class='ocrx_word' id='word_1_39' title='bbox 1559 600 1709 654; x_wconf 88' lang='lat' dir='ltr'><strong>enim</strong></span> <span class='ocrx_word' id='word_1_40' title='bbox 1763 598 1884 652; x_wconf 84' lang='lat' dir='ltr'><strong>fieri</strong></span> <span class='ocrx_word' id='word_1_41' title='bbox 1923 612 2018 667; x_wconf 84' lang='lat' dir='ltr'><strong>po-</strong></span> 
     </span>
    </p>
   </div>
   <div class='ocr_carea' id='block_1_7' title="bbox 2128 589 3741 672">
    <p class='ocr_par' dir='ltr' id='par_1_7' title="bbox 2128 589 3741 663">
     <span class='ocr_line' id='line_1_7' title="bbox 2128 589 3741 663; baseline -0.002 -17"><span class='ocrx_word' id='word_1_42' title='bbox 2128 610 2275 657; x_wconf 77' lang='grc' dir='ltr'><strong>τους,</strong></span> <span class='ocrx_word' id='word_1_43' title='bbox 2325 591 2674 663; x_wconf 83' lang='grc' dir='ltr'>μακρόθυμε,</span> <span class='ocrx_word' id='word_1_44' title='bbox 2705 590 2857 661; x_wconf 76' lang='grc' dir='ltr'>ὁσίης</span> <span class='ocrx_word' id='word_1_45' title='bbox 2882 592 2984 659; x_wconf 82' lang='grc' dir='ltr'><strong>τῆς</strong></span> <span class='ocrx_word' id='word_1_46' title='bbox 3035 589 3219 660; x_wconf 76' lang='grc' dir='ltr'><strong>λώὸης</strong></span> <span class='ocrx_word' id='word_1_47' title='bbox 3260 590 3614 659; x_wconf 73' lang='grc' dir='ltr'>ἀνενεγκεῖν*</span> <span class='ocrx_word' id='word_1_48' title='bbox 3650 590 3741 643; x_wconf 75' lang='grc' dir='ltr'>ἵνα</span> 
     </span>
    </p>
   </div>
   <div class='ocr_carea' id='block_1_8' title="bbox 422 675 2035 763">
    <p class='ocr_par' dir='ltr' id='par_1_8' title="bbox 422 688 2018 763">
     <span class='ocr_line' id='line_1_8' title="bbox 422 688 2018 763; baseline -0.011 -2"><span class='ocrx_word' id='word_1_49' title='bbox 422 715 534 763; x_wconf 88' lang='lat' dir='ltr'><strong>test</strong></span> <span class='ocrx_word' id='word_1_50' title='bbox 583 714 645 760; x_wconf 90' lang='lat' dir='ltr'><strong>ut</strong></span> <span class='ocrx_word' id='word_1_51' title='bbox 691 719 723 756; x_wconf 89' lang='lat' dir='ltr'><strong>a</strong></span> <span class='ocrx_word' id='word_1_52' title='bbox 770 708 957 756; x_wconf 84' lang='lat' dir='ltr'><strong>creata</strong></span> <span class='ocrx_word' id='word_1_53' title='bbox 1012 711 1213 751; x_wconf 79' lang='lat' dir='ltr'><strong>natura</strong></span> <span class='ocrx_word' id='word_1_54' title='bbox 1269 693 1688 749; x_wconf 86' lang='lat' dir='ltr'><strong>renovationem</strong></span> <span class='ocrx_word' id='word_1_55' title='bbox 1747 688 2018 758; x_wconf 88' lang='lat' dir='ltr'><strong>accipias,</strong></span> 
     </span>
    </p>
   </div>
   <div class='ocr_carea' id='block_1_9' title="bbox 2131 675 3744 763">
    <p class='ocr_par' dir='ltr' id='par_1_9' title="bbox 2131 675 3744 757">
     <span class='ocr_line' id='line_1_9' title="bbox 2131 675 3744 757; baseline -0.002 -20"><span class='ocrx_word' id='word_1_56' title='bbox 2131 687 2235 739; x_wconf 82' lang='grc' dir='ltr'>πάν</span> <span class='ocrx_word' id='word_1_57' title='bbox 2254 703 2341 748; x_wconf 81' lang='grc' dir='ltr'><strong>τες</strong></span> <span class='ocrx_word' id='word_1_58' title='bbox 2370 683 2505 755; x_wconf 85' lang='grc' dir='ltr'>ὀρθῇ</span> <span class='ocrx_word' id='word_1_59' title='bbox 2545 684 2783 746; x_wconf 79' lang='grc' dir='ltr'>πίστεως</span> <span class='ocrx_word' id='word_1_60' title='bbox 2813 682 3127 753; x_wconf 77' lang='grc' dir='ltr'><strong>συμφωνίᾳ,</strong></span> <span class='ocrx_word' id='word_1_61' title='bbox 3159 681 3253 745; x_wconf 86' lang='grc' dir='ltr'><strong>οὒς</strong></span> <span class='ocrx_word' id='word_1_62' title='bbox 3284 683 3371 751; x_wconf 58' lang='lat' dir='ltr'><strong>te?</strong></span> <span class='ocrx_word' id='word_1_63' title='bbox 3411 675 3456 751; x_wconf 84' lang='grc' dir='ltr'><strong>ᾧ</strong></span> <span class='ocrx_word' id='word_1_64' title='bbox 3486 683 3744 757; x_wconf 74' lang='grc' dir='ltr'>σὺρανοῖς</span> 
     </span>
    </p>
   </div>
   <div class='ocr_carea' id='block_1_10' title="bbox 423 772 2036 867">
    <p class='ocr_par' dir='ltr' id='par_1_10' title="bbox 423 781 2019 867">
     <span class='ocr_line' id='line_1_10' title="bbox 423 781 2019 867; baseline -0.014 -10"><span class='ocrx_word' id='word_1_65' title='bbox 423 810 522 858; x_wconf 87' lang='lat' dir='ltr'><strong>aut</strong></span> <span class='ocrx_word' id='word_1_66' title='bbox 584 813 648 854; x_wconf 87' lang='lat' dir='ltr'><strong>ea</strong></span> <span class='ocrx_word' id='word_1_67' title='bbox 715 800 1015 867; x_wconf 70' lang='lat' dir='ltr'><strong>praastante</strong></span> <span class='ocrx_word' id='word_1_68' title='bbox 1063 788 1178 844; x_wconf 88' lang='lat' dir='ltr'><strong>Deo</strong></span> <span class='ocrx_word' id='word_1_69' title='bbox 1236 786 1602 858; x_wconf 87' lang='lat' dir='ltr'><strong>conjungaris</strong></span> <span class='ocrx_word' id='word_1_70' title='bbox 1668 785 1754 838; x_wconf 86' lang='lat' dir='ltr'><strong>vel</strong></span> <span class='ocrx_word' id='word_1_71' title='bbox 1804 783 1911 838; x_wconf 88' lang='lat' dir='ltr'><strong>nisi</strong></span> <span class='ocrx_word' id='word_1_72' title='bbox 1968 781 2019 835; x_wconf 91' lang='lat' dir='ltr'><strong>is</strong></span> 
     </span>
    </p>
   </div>
   <div class='ocr_carea' id='block_1_11' title="bbox 2129 772 3742 867">
    <p class='ocr_par' dir='ltr' id='par_1_11' title="bbox 2129 772 3742 844">
     <span class='ocr_line' id='line_1_11' title="bbox 2129 772 3742 844; baseline -0.002 -14"><span class='ocrx_word' id='word_1_73' title='bbox 2129 796 2224 830; x_wconf 86' lang='grc' dir='ltr'><strong>συν</strong></span> <span class='ocrx_word' id='word_1_74' title='bbox 2241 778 2365 843; x_wconf 60' lang='grc' dir='ltr'><strong>ἅψει</strong></span> <span class='ocrx_word' id='word_1_75' title='bbox 2394 777 2423 828; x_wconf 90' lang='grc' dir='ltr'>ὁ</span> <span class='ocrx_word' id='word_1_76' title='bbox 2452 776 2644 843; x_wconf 76' lang='grc' dir='ltr'><strong>Λόγος,</strong></span> <span class='ocrx_word' id='word_1_77' title='bbox 2685 772 2751 826; x_wconf 82' lang='grc' dir='ltr'><strong>σύ</strong></span> <span class='ocrx_word' id='word_1_78' title='bbox 2794 790 2855 825; x_wconf 82' lang='grc' dir='ltr'>τε</span> <span class='ocrx_word' id='word_1_79' title='bbox 2890 773 3235 835; x_wconf 81' lang='grc' dir='ltr'>ἀναπτάντος</span> <span class='ocrx_word' id='word_1_80' title='bbox 3268 774 3508 841; x_wconf 81' lang='grc' dir='ltr'>ἐκείνου,</span> <span class='ocrx_word' id='word_1_81' title='bbox 3538 775 3742 844; x_wconf 74' lang='grc' dir='ltr'><strong>ἐπεδή-</strong></span> 
     </span>
    </p>
   </div>
   <div class='ocr_carea' id='block_1_12' title="bbox 421 862 2034 966">
    <p class='ocr_par' dir='ltr' id='par_1_12' title="bbox 421 862 2020 965">
     <span class='ocr_line' id='line_1_12' title="bbox 421 862 2020 965; baseline -0.016 -18"><span class='ocrx_word' id='word_1_82' title='bbox 421 884 669 965; x_wconf 61' lang='lat' dir='ltr'><strong>praesim,</strong></span> <span class='ocrx_word' id='word_1_83' title='bbox 697 862 791 959; x_wconf 77' lang='lat' dir='ltr'><strong>qui</strong></span> <span class='ocrx_word' id='word_1_84' title='bbox 812 892 904 953; x_wconf 86' lang='lat' dir='ltr'><strong>,te,</strong></span> <span class='ocrx_word' id='word_1_85' title='bbox 934 898 1062 937; x_wconf 89' lang='lat' dir='ltr'><strong>cum</strong></span> <span class='ocrx_word' id='word_1_86' title='bbox 1093 895 1204 935; x_wconf 92' lang='lat' dir='ltr'><strong>non</strong></span> <span class='ocrx_word' id='word_1_87' title='bbox 1240 892 1419 943; x_wconf 82' lang='lat' dir='ltr'><strong>esses,</strong></span> <span class='ocrx_word' id='word_1_88' title='bbox 1447 874 1737 939; x_wconf 83' lang='lat' dir='ltr'><strong>condidit;</strong></span> <span class='ocrx_word' id='word_1_89' title='bbox 1791 887 1855 927; x_wconf 88' lang='lat' dir='ltr'><strong>ac</strong></span> <span class='ocrx_word' id='word_1_90' title='bbox 1893 885 2020 924; x_wconf 90' lang='lat' dir='ltr'><strong>cum</strong></span> 
     </span>
    </p>
   </div>
   <div class='ocr_carea' id='block_1_13' title="bbox 2126 862 3739 966">
    <p class='ocr_par' dir='ltr' id='par_1_13' title="bbox 2129 862 3739 934">
     <span class='ocr_line' id='line_1_13' title="bbox 2129 862 3739 934; baseline 0.002 -20"><span class='ocrx_word' id='word_1_91' title='bbox 2129 880 2342 934; x_wconf 81' lang='grc' dir='ltr'>μησας,</span> <span class='ocrx_word' id='word_1_92' title='bbox 2371 863 2565 933; x_wconf 76' lang='grc' dir='ltr'>εἴημεν</span> <span class='ocrx_word' id='word_1_93' title='bbox 2594 862 2869 932; x_wconf 74' lang='grc' dir='ltr'><strong>ἡνωμέναι</strong></span> <span class='ocrx_word' id='word_1_94' title='bbox 2893 901 2908 927; x_wconf 88' lang='grc'><strong>,</strong></span> <span class='ocrx_word' id='word_1_95' title='bbox 2940 864 3035 915; x_wconf 79' lang='grc' dir='ltr'>καὶ</span> <span class='ocrx_word' id='word_1_96' title='bbox 3064 862 3266 924; x_wconf 78' lang='grc' dir='ltr'>πάντες</span> <span class='ocrx_word' id='word_1_97' title='bbox 3294 862 3405 916; x_wconf 87' lang='grc' dir='ltr'>τῶν</span> <span class='ocrx_word' id='word_1_98' title='bbox 3436 864 3547 917; x_wconf 84' lang='grc' dir='ltr'>σῶν</span> <span class='ocrx_word' id='word_1_99' title='bbox 3580 864 3739 918; x_wconf 84' lang='grc' dir='ltr'>θείων</span> 
     </span>
    </p>
   </div>
   <div class='ocr_carea' id='block_1_14' title="bbox 419 953 2032 1049">
    <p class='ocr_par' dir='ltr' id='par_1_14' title="bbox 419 953 2022 1049">
     <span class='ocr_line' id='line_1_14' title="bbox 419 953 2022 1049; baseline -0.016 -8"><span class='ocrx_word' id='word_1_100' title='bbox 419 953 580 1041; x_wconf 72' lang='lat' dir='ltr'><strong>esses</strong></span> <span class='ocrx_word' id='word_1_101' title='bbox 632 953 952 1049; x_wconf 70' lang='lat' dir='ltr'><strong>corruptus,</strong></span> <span class='ocrx_word' id='word_1_102' title='bbox 999 973 1250 1045; x_wconf 88' lang='lat' dir='ltr'><strong>potentia</strong></span> <span class='ocrx_word' id='word_1_103' title='bbox 1304 971 1471 1041; x_wconf 80' lang='lat' dir='ltr'><strong>digna</strong></span> <span class='ocrx_word' id='word_1_104' title='bbox 1521 965 1875 1027; x_wconf 82' lang='lat' dir='ltr'><strong>instauravit.</strong></span> <span class='ocrx_word' id='word_1_105' title='bbox 1904 963 2022 1017; x_wconf 82' lang='lat' dir='ltr'><strong>Cae-</strong></span> 
     </span>
    </p>
   </div>
   <div class='ocr_carea' id='block_1_15' title="bbox 2128 953 3741 1049">
    <p class='ocr_par' dir='ltr' id='par_1_15' title="bbox 2131 953 3741 1027">
     <span class='ocr_line' id='line_1_15' title="bbox 2131 953 3741 1027; baseline 0.002 -20"><span class='ocrx_word' id='word_1_106' title='bbox 2131 972 2230 1025; x_wconf 84' lang='grc' dir='ltr'><strong>μετ</strong></span> <span class='ocrx_word' id='word_1_107' title='bbox 2244 953 2585 1027; x_wconf 65' lang='grc' dir='ltr'>αληψώμεθα</span> <span class='ocrx_word' id='word_1_108' title='bbox 2614 954 2866 1024; x_wconf 81' lang='grc' dir='ltr'>δωρεῶν,</span> <span class='ocrx_word' id='word_1_109' title='bbox 2902 957 2967 1025; x_wconf 81' lang='grc' dir='ltr'><strong>τῇ</strong></span> <span class='ocrx_word' id='word_1_110' title='bbox 3004 957 3104 1027; x_wconf 72' lang='grc' dir='ltr'><strong>μιᾷ</strong></span> <span class='ocrx_word' id='word_1_111' title='bbox 3148 955 3396 1027; x_wconf 71' lang='grc' dir='ltr'>βασιλείᾳ</span> <span class='ocrx_word' id='word_1_112' title='bbox 3424 960 3521 1009; x_wconf 75' lang='grc' dir='ltr'><strong>καὶ</strong></span> <span class='ocrx_word' id='word_1_113' title='bbox 3553 957 3741 1027; x_wconf 83' lang='grc' dir='ltr'><strong>κυριό-</strong></span> 
     </span>
    </p>
   </div>
   <div class='ocr_carea' id='block_1_16' title="bbox 423 1044 2036 1142">
    <p class='ocr_par' dir='ltr' id='par_1_16' title="bbox 423 1044 2022 1142">
     <span class='ocr_line' id='line_1_16' title="bbox 423 1044 2022 1142; baseline -0.016 -12"><span class='ocrx_word' id='word_1_114' title='bbox 423 1088 628 1138; x_wconf 86' lang='lat' dir='ltr'><strong>terum,</strong></span> <span class='ocrx_word' id='word_1_115' title='bbox 673 1073 772 1142; x_wconf 86' lang='lat' dir='ltr'><strong>qui</strong></span> <span class='ocrx_word' id='word_1_116' title='bbox 833 1044 1013 1130; x_wconf 76' lang='lat' dir='ltr'><strong>tuum,</strong></span> <span class='ocrx_word' id='word_1_117' title='bbox 1067 1064 1377 1129; x_wconf 85' lang='lat' dir='ltr'><strong>Paraclete,</strong></span> <span class='ocrx_word' id='word_1_118' title='bbox 1421 1060 1694 1115; x_wconf 81' lang='lat' dir='ltr'><strong>honorem</strong></span> <span class='ocrx_word' id='word_1_119' title='bbox 1745 1057 2022 1127; x_wconf 87' lang='lat' dir='ltr'><strong>integrum</strong></span> 
     </span>
    </p>
   </div>
   <div class='ocr_carea' id='block_1_17' title="bbox 2126 1044 3739 1142">
    <p class='ocr_par' dir='ltr' id='par_1_17' title="bbox 2126 1044 3739 1117">
     <span class='ocr_line' id='line_1_17' title="bbox 2126 1044 3739 1117; baseline 0.001 -19"><span class='ocrx_word' id='word_1_120' title='bbox 2126 1064 2258 1117; x_wconf 55' lang='lat' dir='ltr'><strong>&#39;tT‘Tt</strong></span> <span class='ocrx_word' id='word_1_121' title='bbox 2307 1044 2403 1098; x_wconf 85' lang='grc' dir='ltr'><strong>τοῦ</strong></span> <span class='ocrx_word' id='word_1_122' title='bbox 2453 1044 2574 1108; x_wconf 81' lang='grc' dir='ltr'>ἑνὸς</span> <span class='ocrx_word' id='word_1_123' title='bbox 2625 1046 2683 1096; x_wconf 80' lang='grc' dir='ltr'>ὲν</span> <span class='ocrx_word' id='word_1_124' title='bbox 2736 1045 2934 1115; x_wconf 80' lang='grc' dir='ltr'>Πατρὶ,</span> <span class='ocrx_word' id='word_1_125' title='bbox 2963 1047 3060 1098; x_wconf 74' lang='grc' dir='ltr'><strong>καὶ</strong></span> <span class='ocrx_word' id='word_1_126' title='bbox 3089 1044 3227 1116; x_wconf 81' lang='grc' dir='ltr'>Υίῷ,</span> <span class='ocrx_word' id='word_1_127' title='bbox 3281 1048 3376 1099; x_wconf 73' lang='grc' dir='ltr'>καὶ</span> <span class='ocrx_word' id='word_1_128' title='bbox 3432 1047 3739 1117; x_wconf 83' lang='grc' dir='ltr'>Πνεύματι,</span> 
     </span>
    </p>
   </div>
   <div class='ocr_carea' id='block_1_18' title="bbox 422 1135 2035 1230">
    <p class='ocr_par' dir='ltr' id='par_1_18' title="bbox 422 1135 2025 1230">
     <span class='ocr_line' id='line_1_18' title="bbox 422 1135 2025 1230; baseline -0.017 -5"><span class='ocrx_word' id='word_1_129' title='bbox 422 1135 784 1230; x_wconf 44' lang='lat' dir='ltr'><strong>conserva-nt,</strong></span> <span class='ocrx_word' id='word_1_130' title='bbox 839 1160 930 1217; x_wconf 91' lang='lat' dir='ltr'><strong>his</strong></span> <span class='ocrx_word' id='word_1_131' title='bbox 984 1158 1153 1215; x_wconf 90' lang='lat' dir='ltr'><strong>etiam</strong></span> <span class='ocrx_word' id='word_1_132' title='bbox 1183 1173 1215 1211; x_wconf 88' lang='lat' dir='ltr'><strong>a</strong></span> <span class='ocrx_word' id='word_1_133' title='bbox 1276 1165 1331 1211; x_wconf 90' lang='lat' dir='ltr'><strong>te</strong></span> <span class='ocrx_word' id='word_1_134' title='bbox 1370 1155 1550 1209; x_wconf 91' lang='lat' dir='ltr'><strong>honos</strong></span> <span class='ocrx_word' id='word_1_135' title='bbox 1580 1140 1887 1218; x_wconf 74' lang='lat' dir='ltr'><strong>obtinget:</strong></span> <span class='ocrx_word' id='word_1_136' title='bbox 1927 1143 2025 1215; x_wconf 91' lang='lat' dir='ltr'><strong>qui</strong></span> 
     </span>
    </p>
   </div>
   <div class='ocr_carea' id='block_1_19' title="bbox 2129 1135 3742 1230">
    <p class='ocr_par' dir='ltr' id='par_1_19' title="bbox 2129 1135 3742 1209">
     <span class='ocr_line' id='line_1_19' title="bbox 2129 1135 3742 1209; baseline 0.001 -19"><span class='ocrx_word' id='word_1_137' title='bbox 2129 1136 2273 1190; x_wconf 84' lang='grc' dir='ltr'>Θεοῦ</span> <span class='ocrx_word' id='word_1_138' title='bbox 2298 1154 2311 1167; x_wconf 91' lang='grc'><strong>·</strong></span> <span class='ocrx_word' id='word_1_139' title='bbox 2364 1136 2495 1207; x_wconf 87' lang='grc' dir='ltr'>μίαν</span> <span class='ocrx_word' id='word_1_140' title='bbox 2530 1136 2625 1189; x_wconf 70' lang='grc' dir='ltr'>καὶ</span> <span class='ocrx_word' id='word_1_141' title='bbox 2652 1137 2750 1207; x_wconf 83' lang='grc' dir='ltr'><strong>τὴν</strong></span> <span class='ocrx_word' id='word_1_142' title='bbox 2779 1135 3061 1206; x_wconf 80' lang='grc' dir='ltr'>λατρείαν,</span> <span class='ocrx_word' id='word_1_143' title='bbox 3095 1138 3189 1189; x_wconf 79' lang='grc' dir='ltr'>καὶ</span> <span class='ocrx_word' id='word_1_144' title='bbox 3230 1140 3333 1208; x_wconf 81' lang='grc' dir='ltr'><strong>τὴν</strong></span> <span class='ocrx_word' id='word_1_145' title='bbox 3368 1138 3742 1209; x_wconf 79' lang='grc' dir='ltr'>προσκύνησιν</span> 
     </span>
    </p>
   </div>
   <div class='ocr_carea' id='block_1_20' title="bbox 419 1229 2032 1318">
    <p class='ocr_par' dir='ltr' id='par_1_20' title="bbox 419 1229 2026 1318">
     <span class='ocr_line' id='line_1_20' title="bbox 419 1229 2026 1318; baseline -0.017 -1"><span class='ocrx_word' id='word_1_146' title='bbox 419 1275 556 1318; x_wconf 84' lang='lat' dir='ltr'><strong>vero</strong></span> <span class='ocrx_word' id='word_1_147' title='bbox 604 1229 1026 1317; x_wconf 80' lang='lat' dir='ltr'><strong>aliter.aﬂ‘ecti,</strong></span> <span class='ocrx_word' id='word_1_148' title='bbox 1076 1258 1143 1305; x_wconf 85' lang='lat' dir='ltr'><strong>te</strong></span> <span class='ocrx_word' id='word_1_149' title='bbox 1160 1247 1351 1305; x_wconf 82' lang='lat' dir='ltr'><strong>debito</strong></span> <span class='ocrx_word' id='word_1_150' title='bbox 1375 1246 1594 1300; x_wconf 83' lang='lat' dir='ltr'><strong>honore</strong></span> <span class='ocrx_word' id='word_1_151' title='bbox 1625 1241 1847 1313; x_wconf 86' lang='lat' dir='ltr'><strong>privare</strong></span> <span class='ocrx_word' id='word_1_152' title='bbox 1887 1252 2026 1294; x_wconf 90' lang='lat' dir='ltr'><strong>con-</strong></span> 
     </span>
    </p>
   </div>
   <div class='ocr_carea' id='block_1_21' title="bbox 1819 1229 3432 1318">
    <p class='ocr_par' dir='ltr' id='par_1_21' title="bbox 1819 1229 3432 1303">
     <span class='ocr_line' id='line_1_21' title="bbox 1819 1229 3432 1303; baseline -0.006 -8"><span class='ocrx_word' id='word_1_153' title='bbox 1819 1255 1847 1295; x_wconf 89' lang='lat' dir='ltr'><strong>e</strong></span> <span class='ocrx_word' id='word_1_154' title='bbox 1887 1252 2026 1294; x_wconf 89' lang='lat' dir='ltr'><strong>con-</strong></span> <span class='ocrx_word' id='word_1_155' title='bbox 2131 1233 2424 1302; x_wconf 76' lang='grc' dir='ltr'>φέροντες,</span> <span class='ocrx_word' id='word_1_156' title='bbox 2460 1229 2557 1283; x_wconf 82' lang='grc' dir='ltr'>νῦν</span> <span class='ocrx_word' id='word_1_157' title='bbox 2589 1230 2684 1282; x_wconf 71' lang='grc' dir='ltr'>καὶ</span> <span class='ocrx_word' id='word_1_158' title='bbox 2718 1231 2800 1293; x_wconf 76' lang='grc' dir='ltr'><strong>εἰς</strong></span> <span class='ocrx_word' id='word_1_159' title='bbox 2828 1230 2957 1292; x_wconf 81' lang='grc' dir='ltr'><strong>τοὺς</strong></span> <span class='ocrx_word' id='word_1_160' title='bbox 2988 1230 3432 1303; x_wconf 76' lang='grc' dir='ltr'><strong>αἰῶνας.Ἀμήν.</strong></span> 
     </span>
    </p>
   </div>
   <div class='ocr_carea' id='block_1_22' title="bbox 422 1321 3744 1416">
    <p class='ocr_par' dir='ltr' id='par_1_22' title="bbox 422 1321 3744 1416">
     <span class='ocr_line' id='line_1_22' title="bbox 422 1321 3744 1416; baseline -0.008 -9"><span class='ocrx_word' id='word_1_161' title='bbox 422 1352 683 1416; x_wconf 91' lang='lat' dir='ltr'><strong>tendunt,</strong></span> <span class='ocrx_word' id='word_1_162' title='bbox 738 1346 797 1403; x_wconf 89' lang='lat' dir='ltr'><strong>hi</strong></span> <span class='ocrx_word' id='word_1_163' title='bbox 827 1346 1041 1416; x_wconf 89' lang='lat' dir='ltr'><strong>seipsos</strong></span> <span class='ocrx_word' id='word_1_164' title='bbox 1101 1342 1215 1397; x_wconf 82' lang='lat' dir='ltr'><strong>vita</strong></span> <span class='ocrx_word' id='word_1_165' title='bbox 1275 1340 1517 1409; x_wconf 89' lang='lat' dir='ltr'><strong>privant.</strong></span> <span class='ocrx_word' id='word_1_166' title='bbox 1571 1334 1681 1390; x_wconf 89' lang='lat' dir='ltr'><strong>Sed</strong></span> <span class='ocrx_word' id='word_1_167' title='bbox 1734 1342 1817 1398; x_wconf 88' lang='lat' dir='ltr'><strong>tu,</strong></span> <span class='ocrx_word' id='word_1_168' title='bbox 1863 1346 1899 1386; x_wconf 89' lang='grc' dir='ltr'>ο</span> <span class='ocrx_word' id='word_1_169' title='bbox 1959 1327 2178 1401; x_wconf 88' lang='lat' dir='ltr'><strong>patiens</strong></span> <span class='ocrx_word' id='word_1_170' title='bbox 2243 1340 2309 1379; x_wconf 87' lang='lat' dir='ltr'><strong>ac</strong></span> <span class='ocrx_word' id='word_1_171' title='bbox 2368 1322 2738 1393; x_wconf 84' lang='lat' dir='ltr'><strong>longanimis!</strong></span> <span class='ocrx_word' id='word_1_172' title='bbox 2798 1321 2901 1376; x_wconf 91' lang='lat' dir='ltr'><strong>hos</strong></span> <span class='ocrx_word' id='word_1_173' title='bbox 2975 1338 3196 1393; x_wconf 89' lang='lat' dir='ltr'><strong>quoque</strong></span> <span class='ocrx_word' id='word_1_174' title='bbox 3283 1343 3314 1379; x_wconf 84' lang='lat' dir='ltr'><strong>a</strong></span> <span class='ocrx_word' id='word_1_175' title='bbox 3400 1324 3744 1394; x_wconf 82' lang='lat' dir='ltr'><strong>blasphemia</strong></span> 
     </span>
    </p>
   </div>
   <div class='ocr_carea' id='block_1_23' title="bbox 424 1418 3746 1502">
    <p class='ocr_par' dir='ltr' id='par_1_23' title="bbox 424 1418 3746 1502">
     <span class='ocr_line' id='line_1_23' title="bbox 424 1418 3746 1502; baseline -0.008 0"><span class='ocrx_word' id='word_1_176' title='bbox 424 1463 492 1502; x_wconf 89' lang='lat' dir='ltr'><strong>ac</strong></span> <span class='ocrx_word' id='word_1_177' title='bbox 579 1458 774 1501; x_wconf 88' lang='lat' dir='ltr'><strong>errore</strong></span> <span class='ocrx_word' id='word_1_178' title='bbox 794 1441 1018 1497; x_wconf 89' lang='lat' dir='ltr'><strong>liberari</strong></span> <span class='ocrx_word' id='word_1_179' title='bbox 1071 1435 1338 1500; x_wconf 86' lang='lat' dir='ltr'><strong>concede,</strong></span> <span class='ocrx_word' id='word_1_180' title='bbox 1381 1442 1443 1488; x_wconf 91' lang='lat' dir='ltr'><strong>ut</strong></span> <span class='ocrx_word' id='word_1_181' title='bbox 1478 1446 1675 1489; x_wconf 91' lang='lat' dir='ltr'><strong>omnes</strong></span> <span class='ocrx_word' id='word_1_182' title='bbox 1735 1436 1884 1483; x_wconf 88' lang='lat' dir='ltr'><strong>recta</strong></span> <span class='ocrx_word' id='word_1_183' title='bbox 1945 1424 2074 1479; x_wconf 81' lang='lat' dir='ltr'><strong>fidei</strong></span> <span class='ocrx_word' id='word_1_184' title='bbox 2153 1420 2475 1486; x_wconf 88' lang='lat' dir='ltr'><strong>concordia,</strong></span> <span class='ocrx_word' id='word_1_185' title='bbox 2522 1434 2663 1488; x_wconf 86' lang='lat' dir='ltr'><strong>quos</strong></span> <span class='ocrx_word' id='word_1_186' title='bbox 2719 1427 2783 1473; x_wconf 90' lang='lat' dir='ltr'><strong>ut</strong></span> <span class='ocrx_word' id='word_1_187' title='bbox 2839 1418 3074 1501; x_wconf 85' lang='lat' dir='ltr'><strong>verbum</strong></span> <span class='ocrx_word' id='word_1_188' title='bbox 3147 1420 3203 1474; x_wconf 90' lang='lat' dir='ltr'><strong>in</strong></span> <span class='ocrx_word' id='word_1_189' title='bbox 3255 1421 3415 1476; x_wconf 75' lang='lat' dir='ltr'><strong>caelis</strong></span> <span class='ocrx_word' id='word_1_190' title='bbox 3453 1430 3746 1476; x_wconf 83' lang='lat' dir='ltr'><strong>connectat</strong></span> 
     </span>
    </p>
   </div>
   <div class='ocr_carea' id='block_1_24' title="bbox 422 1514 3744 1613">
    <p class='ocr_par' dir='ltr' id='par_1_24' title="bbox 422 1514 3744 1613">
     <span class='ocr_line' id='line_1_24' title="bbox 422 1514 3744 1613; baseline -0.007 -16"><span class='ocrx_word' id='word_1_191' title='bbox 422 1543 545 1613; x_wconf 84' lang='lat' dir='ltr'><strong>ipse</strong></span> <span class='ocrx_word' id='word_1_192' title='bbox 573 1556 818 1612; x_wconf 88' lang='lat' dir='ltr'><strong>quoque,</strong></span> <span class='ocrx_word' id='word_1_193' title='bbox 850 1552 977 1594; x_wconf 89' lang='lat' dir='ltr'><strong>cum</strong></span> <span class='ocrx_word' id='word_1_194' title='bbox 1008 1536 1101 1590; x_wconf 88' lang='lat' dir='ltr'><strong>ille</strong></span> <span class='ocrx_word' id='word_1_195' title='bbox 1130 1530 1501 1593; x_wconf 84' lang='lat' dir='ltr'><strong>ascendisset,</strong></span> <span class='ocrx_word' id='word_1_196' title='bbox 1536 1524 1832 1591; x_wconf 80' lang='lat' dir='ltr'><strong>advenisti,</strong></span> <span class='ocrx_word' id='word_1_197' title='bbox 1894 1522 2100 1576; x_wconf 89' lang='lat' dir='ltr'><strong>unione</strong></span> <span class='ocrx_word' id='word_1_198' title='bbox 2155 1520 2330 1575; x_wconf 90' lang='lat' dir='ltr'><strong>simus</strong></span> <span class='ocrx_word' id='word_1_199' title='bbox 2392 1514 2659 1613; x_wconf 70' lang='lat' dir='ltr'><strong>conserti,</strong></span> <span class='ocrx_word' id='word_1_200' title='bbox 2739 1529 3047 1586; x_wconf 88' lang='lat' dir='ltr'><strong>omnesque</strong></span> <span class='ocrx_word' id='word_1_201' title='bbox 3120 1514 3438 1571; x_wconf 87' lang='lat' dir='ltr'><strong>divinorum</strong></span> <span class='ocrx_word' id='word_1_202' title='bbox 3521 1526 3744 1574; x_wconf 86' lang='lat' dir='ltr'><strong>tuorum</strong></span> 
     </span>
    </p>
   </div>
   <div class='ocr_carea' id='block_1_25' title="bbox 426 1607 3746 1701">
    <p class='ocr_par' dir='ltr' id='par_1_25' title="bbox 426 1607 3746 1701">
     <span class='ocr_line' id='line_1_25' title="bbox 426 1607 3746 1701; baseline -0.007 -10"><span class='ocrx_word' id='word_1_203' title='bbox 426 1607 726 1691; x_wconf 48' lang='lat' dir='ltr'><strong>mune—rum</strong></span> <span class='ocrx_word' id='word_1_204' title='bbox 808 1630 1115 1701; x_wconf 77' lang='lat' dir='ltr'><strong>participes</strong></span> <span class='ocrx_word' id='word_1_205' title='bbox 1189 1624 1518 1689; x_wconf 81' lang='lat' dir='ltr'><strong>efficiamur,</strong></span> <span class='ocrx_word' id='word_1_206' title='bbox 1588 1619 1685 1675; x_wconf 91' lang='lat' dir='ltr'><strong>uni</strong></span> <span class='ocrx_word' id='word_1_207' title='bbox 1723 1631 1895 1688; x_wconf 86' lang='lat' dir='ltr'><strong>regno</strong></span> <span class='ocrx_word' id='word_1_208' title='bbox 1938 1628 2004 1668; x_wconf 92' lang='lat' dir='ltr'><strong>ac</strong></span> <span class='ocrx_word' id='word_1_209' title='bbox 2037 1611 2446 1675; x_wconf 71' lang='lat' dir='ltr'><strong>dominatione,</strong></span> <span class='ocrx_word' id='word_1_210' title='bbox 2509 1607 2687 1662; x_wconf 88' lang='lat' dir='ltr'><strong>unius</strong></span> <span class='ocrx_word' id='word_1_211' title='bbox 2721 1607 2777 1661; x_wconf 90' lang='lat' dir='ltr'><strong>in</strong></span> <span class='ocrx_word' id='word_1_212' title='bbox 2834 1607 3023 1675; x_wconf 86' lang='lat' dir='ltr'><strong>Patre,</strong></span> <span class='ocrx_word' id='word_1_213' title='bbox 3092 1615 3148 1663; x_wconf 92' lang='lat' dir='ltr'><strong>et</strong></span> <span class='ocrx_word' id='word_1_214' title='bbox 3199 1608 3361 1673; x_wconf 87' lang='lat' dir='ltr'><strong>Filio,</strong></span> <span class='ocrx_word' id='word_1_215' title='bbox 3429 1620 3487 1667; x_wconf 85' lang='lat' dir='ltr'><strong>et</strong></span> <span class='ocrx_word' id='word_1_216' title='bbox 3536 1610 3746 1685; x_wconf 87' lang='lat' dir='ltr'><strong>Spiritu</strong></span> 
     </span>
    </p>
   </div>
   <div class='ocr_carea' id='block_1_26' title="bbox 424 1700 3415 1793">
    <p class='ocr_par' dir='ltr' id='par_1_26' title="bbox 424 1700 3415 1793">
     <span class='ocr_line' id='line_1_26' title="bbox 424 1700 3415 1793; baseline -0.008 -9"><span class='ocrx_word' id='word_1_217' title='bbox 424 1734 645 1793; x_wconf 84' lang='lat' dir='ltr'><strong>sancto,</strong></span> <span class='ocrx_word' id='word_1_218' title='bbox 707 1700 827 1789; x_wconf 76' lang='lat' dir='ltr'><strong>Dei,</strong></span> <span class='ocrx_word' id='word_1_219' title='bbox 860 1734 1182 1792; x_wconf 86' lang='lat' dir='ltr'><strong>supremum</strong></span> <span class='ocrx_word' id='word_1_220' title='bbox 1215 1731 1389 1772; x_wconf 91' lang='lat' dir='ltr'><strong>unum</strong></span> <span class='ocrx_word' id='word_1_221' title='bbox 1438 1715 1647 1769; x_wconf 90' lang='lat' dir='ltr'><strong>cultum</strong></span> <span class='ocrx_word' id='word_1_222' title='bbox 1677 1725 1743 1763; x_wconf 89' lang='lat' dir='ltr'><strong>ac</strong></span> <span class='ocrx_word' id='word_1_223' title='bbox 1786 1708 2074 1763; x_wconf 78' lang='lat' dir='ltr'><strong>adoration</strong></span> <span class='ocrx_word' id='word_1_224' title='bbox 2089 1721 2173 1761; x_wconf 89' lang='lat' dir='ltr'><strong>em</strong></span> <span class='ocrx_word' id='word_1_225' title='bbox 2207 1701 2553 1765; x_wconf 80' lang='lat' dir='ltr'><strong>exhibentes,</strong></span> <span class='ocrx_word' id='word_1_226' title='bbox 2586 1715 2737 1754; x_wconf 86' lang='lat' dir='ltr'><strong>nunc</strong></span> <span class='ocrx_word' id='word_1_227' title='bbox 2762 1709 2818 1757; x_wconf 90' lang='lat' dir='ltr'><strong>et</strong></span> <span class='ocrx_word' id='word_1_228' title='bbox 2842 1700 2899 1756; x_wconf 91' lang='lat' dir='ltr'><strong>in</strong></span> <span class='ocrx_word' id='word_1_229' title='bbox 2944 1701 3170 1757; x_wconf 66' lang='lat' dir='ltr'><strong>saecula.</strong></span> <span class='ocrx_word' id='word_1_230' title='bbox 3211 1703 3415 1759; x_wconf 82' lang='lat' dir='ltr'><strong>Amen.</strong></span> 
     </span>
    </p>
   </div>
   <div class='ocr_carea' id='block_1_27' title="bbox 931 2035 3200 2107">
    <p class='ocr_par' dir='ltr' id='par_1_27' title="bbox 931 2035 3200 2107">
     <span class='ocr_line' id='line_1_27' title="bbox 931 2035 3200 2107; baseline -0.005 0"><span class='ocrx_word' id='word_1_231' title='bbox 931 2044 1312 2107; x_wconf 88' lang='lat' dir='ltr'><strong>SCIPIONIS</strong></span> <span class='ocrx_word' id='word_1_232' title='bbox 1339 2038 1623 2099; x_wconf 85' lang='lat' dir='ltr'><strong>MAFFEI</strong></span> <span class='ocrx_word' id='word_1_233' title='bbox 1686 2037 2089 2101; x_wconf 61' lang='lat' dir='ltr'><strong>PRJEFATIO</strong></span> <span class='ocrx_word' id='word_1_234' title='bbox 2151 2036 2235 2098; x_wconf 86' lang='lat' dir='ltr'><strong>IN</strong></span> <span class='ocrx_word' id='word_1_235' title='bbox 2293 2036 2753 2107; x_wconf 82' lang='lat' dir='ltr'><strong>SEQUENTEM</strong></span> <span class='ocrx_word' id='word_1_236' title='bbox 2787 2035 3200 2098; x_wconf 83' lang='lat' dir='ltr'><strong>HOMILIAM.</strong></span> 
     </span>
    </p>
   </div>
   <div class='ocr_carea' id='block_1_28' title="bbox 503 2386 3745 2470">
    <p class='ocr_par' dir='ltr' id='par_1_28' title="bbox 503 2386 3745 2470">
     <span class='ocr_line' id='line_1_28' title="bbox 503 2386 3745 2470; baseline -0.001 -27"><span class='ocrx_word' id='word_1_237' title='bbox 503 2389 723 2446; x_wconf 85' lang='lat' dir='ltr'><strong>Accidit</strong></span> <span class='ocrx_word' id='word_1_238' title='bbox 756 2407 955 2463; x_wconf 89' lang='lat' dir='ltr'><strong>nuper,</strong></span> <span class='ocrx_word' id='word_1_239' title='bbox 1001 2404 1061 2449; x_wconf 89' lang='lat' dir='ltr'><strong>ut</strong></span> <span class='ocrx_word' id='word_1_240' title='bbox 1091 2395 1383 2456; x_wconf 79' lang='lat' dir='ltr'><strong>Ruthenus</strong></span> <span class='ocrx_word' id='word_1_241' title='bbox 1406 2400 1664 2470; x_wconf 86' lang='lat' dir='ltr'><strong>quidam;</strong></span> <span class='ocrx_word' id='word_1_242' title='bbox 1686 2416 1799 2457; x_wconf 88' lang='lat' dir='ltr'><strong>non</strong></span> <span class='ocrx_word' id='word_1_243' title='bbox 1828 2391 2034 2457; x_wconf 66' lang='lat' dir='ltr'><strong>inﬁmae</strong></span> <span class='ocrx_word' id='word_1_244' title='bbox 2063 2403 2235 2457; x_wconf 84' lang='lat' dir='ltr'><strong>sortis</strong></span> <span class='ocrx_word' id='word_1_245' title='bbox 2268 2402 2460 2468; x_wconf 91' lang='lat' dir='ltr'><strong>homo,</strong></span> <span class='ocrx_word' id='word_1_246' title='bbox 2500 2416 2603 2457; x_wconf 84' lang='lat' dir='ltr'><strong>nec</strong></span> <span class='ocrx_word' id='word_1_247' title='bbox 2628 2400 2910 2462; x_wconf 89' lang='lat' dir='ltr'><strong>indoctus,</strong></span> <span class='ocrx_word' id='word_1_248' title='bbox 2939 2395 3036 2468; x_wconf 88' lang='lat' dir='ltr'><strong>qui</strong></span> <span class='ocrx_word' id='word_1_249' title='bbox 3070 2394 3259 2467; x_wconf 86' lang='lat' dir='ltr'><strong>plures</strong></span> <span class='ocrx_word' id='word_1_250' title='bbox 3293 2389 3520 2446; x_wconf 71' lang='lat' dir='ltr'><strong>Grmcrae</strong></span> <span class='ocrx_word' id='word_1_251' title='bbox 3555 2386 3745 2458; x_wconf 79' lang='lat' dir='ltr'><strong>regio-</strong></span> 
     </span>
    </p>
   </div>
   <div class='ocr_carea' id='block_1_29' title="bbox 434 2478 3747 2561">
    <p class='ocr_par' dir='ltr' id='par_1_29' title="bbox 434 2478 3747 2561">
     <span class='ocr_line' id='line_1_29' title="bbox 434 2478 3747 2561; baseline -0.001 -29"><span class='ocrx_word' id='word_1_252' title='bbox 434 2493 535 2533; x_wconf 90' lang='lat' dir='ltr'><strong>nes</strong></span> <span class='ocrx_word' id='word_1_253' title='bbox 559 2482 896 2552; x_wconf 84' lang='lat' dir='ltr'><strong>pcragravit,</strong></span> <span class='ocrx_word' id='word_1_254' title='bbox 932 2499 1018 2539; x_wconf 88' lang='lat' dir='ltr'><strong>me</strong></span> <span class='ocrx_word' id='word_1_255' title='bbox 1054 2486 1344 2543; x_wconf 83' lang='lat' dir='ltr'><strong>inviseret.</strong></span> <span class='ocrx_word' id='word_1_256' title='bbox 1374 2489 1505 2545; x_wconf 88' lang='lat' dir='ltr'><strong>Post</strong></span> <span class='ocrx_word' id='word_1_257' title='bbox 1538 2506 1715 2561; x_wconf 83' lang='lat' dir='ltr'><strong>pauca</strong></span> <span class='ocrx_word' id='word_1_258' title='bbox 1748 2493 1815 2547; x_wconf 92' lang='lat' dir='ltr'><strong>de</strong></span> <span class='ocrx_word' id='word_1_259' title='bbox 1836 2491 2106 2547; x_wconf 86' lang='lat' dir='ltr'><strong>Photiano</strong></span> <span class='ocrx_word' id='word_1_260' title='bbox 2140 2492 2291 2546; x_wconf 89' lang='lat' dir='ltr'><strong>circa</strong></span> <span class='ocrx_word' id='word_1_261' title='bbox 2331 2488 2572 2561; x_wconf 87' lang='lat' dir='ltr'><strong>Spiritus</strong></span> <span class='ocrx_word' id='word_1_262' title='bbox 2600 2489 2777 2544; x_wconf 85' lang='lat' dir='ltr'><strong>sancti</strong></span> <span class='ocrx_word' id='word_1_263' title='bbox 2805 2486 3222 2557; x_wconf 87' lang='lat' dir='ltr'><strong>processiouem</strong></span> <span class='ocrx_word' id='word_1_264' title='bbox 3254 2494 3465 2543; x_wconf 89' lang='lat' dir='ltr'><strong>errore,</strong></span> <span class='ocrx_word' id='word_1_265' title='bbox 3498 2478 3587 2531; x_wconf 92' lang='lat' dir='ltr'><strong>cui</strong></span> <span class='ocrx_word' id='word_1_266' title='bbox 3618 2478 3747 2546; x_wconf 84' lang='lat' dir='ltr'><strong>qui-</strong></span> 
     </span>
    </p>
   </div>
   <div class='ocr_carea' id='block_1_30' title="bbox 433 2564 3752 2650">
    <p class='ocr_par' dir='ltr' id='par_1_30' title="bbox 433 2564 3752 2650">
     <span class='ocr_line' id='line_1_30' title="bbox 433 2564 3752 2650; baseline -0.002 -29"><span class='ocrx_word' id='word_1_267' title='bbox 433 2567 559 2621; x_wconf 91' lang='lat' dir='ltr'><strong>dem</strong></span> <span class='ocrx_word' id='word_1_268' title='bbox 590 2568 1009 2630; x_wconf 90' lang='lat' dir='ltr'><strong>addictissimus</strong></span> <span class='ocrx_word' id='word_1_269' title='bbox 1040 2583 1146 2642; x_wconf 87' lang='lat' dir='ltr'><strong>est,</strong></span> <span class='ocrx_word' id='word_1_270' title='bbox 1183 2591 1521 2642; x_wconf 89' lang='lat' dir='ltr'><strong>sermonem,</strong></span> <span class='ocrx_word' id='word_1_271' title='bbox 1579 2595 1675 2635; x_wconf 92' lang='lat' dir='ltr'><strong>seu</strong></span> <span class='ocrx_word' id='word_1_272' title='bbox 1713 2581 1900 2650; x_wconf 90' lang='lat' dir='ltr'><strong>potius</strong></span> <span class='ocrx_word' id='word_1_273' title='bbox 1944 2578 2383 2650; x_wconf 85' lang='lat' dir='ltr'><strong>disputationem</strong></span> <span class='ocrx_word' id='word_1_274' title='bbox 2439 2576 2649 2630; x_wconf 89' lang='lat' dir='ltr'><strong>intulit.</strong></span> <span class='ocrx_word' id='word_1_275' title='bbox 2711 2573 2872 2641; x_wconf 84' lang='lat' dir='ltr'><strong>Quod</strong></span> <span class='ocrx_word' id='word_1_276' title='bbox 2903 2572 3157 2644; x_wconf 78' lang='lat' dir='ltr'><strong>urgebat,</strong></span> <span class='ocrx_word' id='word_1_277' title='bbox 3191 2577 3246 2624; x_wconf 92' lang='lat' dir='ltr'><strong>et</strong></span> <span class='ocrx_word' id='word_1_278' title='bbox 3275 2570 3333 2622; x_wconf 90' lang='lat' dir='ltr'><strong>in</strong></span> <span class='ocrx_word' id='word_1_279' title='bbox 3368 2581 3479 2637; x_wconf 88' lang='lat' dir='ltr'><strong>quo</strong></span> <span class='ocrx_word' id='word_1_280' title='bbox 3508 2564 3752 2618; x_wconf 81' lang='lat' dir='ltr'><strong>maxime</strong></span> 
     </span>
    </p>
   </div>
   <div class='ocr_carea' id='block_1_31' title="bbox 435 2655 3749 2740">
    <p class='ocr_par' dir='ltr' id='par_1_31' title="bbox 435 2655 3749 2740">
     <span class='ocr_line' id='line_1_31' title="bbox 435 2655 3749 2740; baseline -0.001 -33"><span class='ocrx_word' id='word_1_281' title='bbox 435 2656 741 2724; x_wconf 85' lang='lat' dir='ltr'><strong>nitebatur,</strong></span> <span class='ocrx_word' id='word_1_282' title='bbox 768 2658 821 2712; x_wconf 90' lang='lat' dir='ltr'><strong>id</strong></span> <span class='ocrx_word' id='word_1_283' title='bbox 842 2670 962 2714; x_wconf 91' lang='lat' dir='ltr'><strong>erat</strong></span> <span class='ocrx_word' id='word_1_284' title='bbox 996 2681 1010 2715; x_wconf 92' lang='lat'><strong>:</strong></span> <span class='ocrx_word' id='word_1_285' title='bbox 1044 2662 1337 2720; x_wconf 87' lang='lat' dir='ltr'><strong>Ostensam</strong></span> <span class='ocrx_word' id='word_1_286' title='bbox 1360 2668 1466 2723; x_wconf 87' lang='lat' dir='ltr'><strong>sibi</strong></span> <span class='ocrx_word' id='word_1_287' title='bbox 1491 2668 1666 2724; x_wconf 90' lang='lat' dir='ltr'><strong>fuisse</strong></span> <span class='ocrx_word' id='word_1_288' title='bbox 1696 2668 1944 2740; x_wconf 75' lang='lat' dir='ltr'><strong>Smyrnae</strong></span> <span class='ocrx_word' id='word_1_289' title='bbox 1973 2669 2027 2722; x_wconf 92' lang='lat' dir='ltr'><strong>in</strong></span> <span class='ocrx_word' id='word_1_290' title='bbox 2061 2670 2232 2723; x_wconf 88' lang='lat' dir='ltr'><strong>veteri</strong></span> <span class='ocrx_word' id='word_1_291' title='bbox 2258 2668 2581 2722; x_wconf 85' lang='lat' dir='ltr'><strong>membrana</strong></span> <span class='ocrx_word' id='word_1_292' title='bbox 2619 2666 2985 2737; x_wconf 86' lang='lat' dir='ltr'><strong>perscriptam</strong></span> <span class='ocrx_word' id='word_1_293' title='bbox 3019 2662 3222 2718; x_wconf 88' lang='lat' dir='ltr'><strong>Leonis</strong></span> <span class='ocrx_word' id='word_1_294' title='bbox 3253 2656 3534 2728; x_wconf 89' lang='lat' dir='ltr'><strong>Sapientis</strong></span> <span class='ocrx_word' id='word_1_295' title='bbox 3564 2655 3749 2708; x_wconf 83' lang='lat' dir='ltr'><strong>homi-</strong></span> 
     </span>
    </p>
   </div>
   <div class='ocr_carea' id='block_1_32' title="bbox 435 2743 3750 2828">
    <p class='ocr_par' dir='ltr' id='par_1_32' title="bbox 435 2743 3750 2828">
     <span class='ocr_line' id='line_1_32' title="bbox 435 2743 3750 2828; baseline -0.004 -18"><span class='ocrx_word' id='word_1_296' title='bbox 435 2744 587 2810; x_wconf 68' lang='lat' dir='ltr'><strong>liam.</strong></span> <span class='ocrx_word' id='word_1_297' title='bbox 618 2745 782 2815; x_wconf 79' lang='lat' dir='ltr'><strong>cujus</strong></span> <span class='ocrx_word' id='word_1_298' title='bbox 811 2748 915 2803; x_wconf 91' lang='lat' dir='ltr'><strong>hac</strong></span> <span class='ocrx_word' id='word_1_299' title='bbox 941 2749 1009 2805; x_wconf 84' lang='lat' dir='ltr'><strong>de</strong></span> <span class='ocrx_word' id='word_1_300' title='bbox 1045 2766 1108 2807; x_wconf 88' lang='lat' dir='ltr'><strong>re</strong></span> <span class='ocrx_word' id='word_1_301' title='bbox 1137 2765 1465 2822; x_wconf 87' lang='lat' dir='ltr'><strong>argumenta</strong></span> <span class='ocrx_word' id='word_1_302' title='bbox 1491 2773 1639 2828; x_wconf 81' lang='lat' dir='ltr'><strong>:egre</strong></span> <span class='ocrx_word' id='word_1_303' title='bbox 1669 2773 1701 2813; x_wconf 88' lang='lat' dir='ltr'><strong>a</strong></span> <span class='ocrx_word' id='word_1_304' title='bbox 1724 2759 1888 2814; x_wconf 89' lang='lat' dir='ltr'><strong>nobis</strong></span> <span class='ocrx_word' id='word_1_305' title='bbox 1913 2758 2088 2813; x_wconf 81' lang='lat' dir='ltr'><strong>refelli</strong></span> <span class='ocrx_word' id='word_1_306' title='bbox 2115 2758 2351 2827; x_wconf 88' lang='lat' dir='ltr'><strong>possint,</strong></span> <span class='ocrx_word' id='word_1_307' title='bbox 2381 2756 2548 2825; x_wconf 87' lang='lat' dir='ltr'><strong>idque</strong></span> <span class='ocrx_word' id='word_1_308' title='bbox 2592 2757 2649 2810; x_wconf 91' lang='lat' dir='ltr'><strong>in</strong></span> <span class='ocrx_word' id='word_1_309' title='bbox 2684 2770 2855 2810; x_wconf 92' lang='lat' dir='ltr'><strong>causa</strong></span> <span class='ocrx_word' id='word_1_310' title='bbox 2891 2767 3039 2817; x_wconf 88' lang='lat' dir='ltr'><strong>esse,</strong></span> <span class='ocrx_word' id='word_1_311' title='bbox 3092 2766 3216 2815; x_wconf 89' lang='lat' dir='ltr'><strong>cur,</strong></span> <span class='ocrx_word' id='word_1_312' title='bbox 3273 2745 3494 2803; x_wconf 89' lang='lat' dir='ltr'><strong>etiamsi</strong></span> <span class='ocrx_word' id='word_1_313' title='bbox 3526 2744 3582 2798; x_wconf 90' lang='lat' dir='ltr'><strong>in</strong></span> <span class='ocrx_word' id='word_1_314' title='bbox 3617 2743 3750 2813; x_wconf 92' lang='lat' dir='ltr'><strong>qui-</strong></span> 
     </span>
    </p>
   </div>
   <div class='ocr_carea' id='block_1_33' title="bbox 436 2831 3745 2918">
    <p class='ocr_par' dir='ltr' id='par_1_33' title="bbox 436 2831 3745 2918">
     <span class='ocr_line' id='line_1_33' title="bbox 436 2831 3745 2918; baseline -0.001 -30"><span class='ocrx_word' id='word_1_315' title='bbox 436 2836 676 2891; x_wconf 89' lang='lat' dir='ltr'><strong>busdam</strong></span> <span class='ocrx_word' id='word_1_316' title='bbox 706 2835 878 2894; x_wconf 66' lang='lat' dir='ltr'><strong>Italiae</strong></span> <span class='ocrx_word' id='word_1_317' title='bbox 904 2840 1257 2900; x_wconf 90' lang='lat' dir='ltr'><strong>bibliothecis</strong></span> <span class='ocrx_word' id='word_1_318' title='bbox 1288 2846 1581 2913; x_wconf 83' lang='lat' dir='ltr'><strong>habeatur,</strong></span> <span class='ocrx_word' id='word_1_319' title='bbox 1621 2864 1909 2918; x_wconf 86' lang='lat' dir='ltr'><strong>nunquam</strong></span> <span class='ocrx_word' id='word_1_320' title='bbox 1939 2848 2089 2903; x_wconf 89' lang='lat' dir='ltr'><strong>edita</strong></span> <span class='ocrx_word' id='word_1_321' title='bbox 2137 2847 2231 2902; x_wconf 91' lang='lat' dir='ltr'><strong>sit.</strong></span> <span class='ocrx_word' id='word_1_322' title='bbox 2265 2837 2510 2900; x_wconf 69' lang='lat' dir='ltr'><strong>Prim&#39;um</strong></span> <span class='ocrx_word' id='word_1_323' title='bbox 2553 2860 2683 2916; x_wconf 85' lang='lat' dir='ltr'><strong>ergo</strong></span> <span class='ocrx_word' id='word_1_324' title='bbox 2714 2850 2927 2915; x_wconf 89' lang='lat' dir='ltr'><strong>quanto</strong></span> <span class='ocrx_word' id='word_1_325' title='bbox 2975 2842 3033 2897; x_wconf 91' lang='lat' dir='ltr'><strong>in</strong></span> <span class='ocrx_word' id='word_1_326' title='bbox 3062 2854 3255 2895; x_wconf 90' lang='lat' dir='ltr'><strong>errore</strong></span> <span class='ocrx_word' id='word_1_327' title='bbox 3290 2840 3611 2896; x_wconf 77' lang='lat' dir='ltr'><strong>versentur,</strong></span> <span class='ocrx_word' id='word_1_328' title='bbox 3646 2831 3745 2902; x_wconf 89' lang='lat' dir='ltr'><strong>qui</strong></span> 
     </span>
    </p>
   </div>
   <div class='ocr_carea' id='block_1_34' title="bbox 436 2919 3756 3003">
    <p class='ocr_par' dir='ltr' id='par_1_34' title="bbox 436 2919 3756 3003">
     <span class='ocr_line' id='line_1_34' title="bbox 436 2919 3756 3003; baseline -0.001 -26"><span class='ocrx_word' id='word_1_329' title='bbox 436 2926 711 2994; x_wconf 90' lang='lat' dir='ltr'><strong>supprimi</strong></span> <span class='ocrx_word' id='word_1_330' title='bbox 740 2941 772 2980; x_wconf 89' lang='lat' dir='ltr'><strong>a</strong></span> <span class='ocrx_word' id='word_1_331' title='bbox 806 2929 991 2994; x_wconf 90' lang='lat' dir='ltr'><strong>nobis,</strong></span> <span class='ocrx_word' id='word_1_332' title='bbox 1022 2942 1191 3001; x_wconf 88' lang='lat' dir='ltr'><strong>atque</strong></span> <span class='ocrx_word' id='word_1_333' title='bbox 1229 2932 1395 2987; x_wconf 90' lang='lat' dir='ltr'><strong>etiam</strong></span> <span class='ocrx_word' id='word_1_334' title='bbox 1430 2935 1640 2990; x_wconf 88' lang='lat' dir='ltr'><strong>aboleri</strong></span> <span class='ocrx_word' id='word_1_335' title='bbox 1678 2934 2123 2991; x_wconf 80' lang='lat' dir='ltr'><strong>adversariorum</strong></span> <span class='ocrx_word' id='word_1_336' title='bbox 2159 2944 2480 2990; x_wconf 85' lang='lat' dir='ltr'><strong>nostrorum</strong></span> <span class='ocrx_word' id='word_1_337' title='bbox 2532 2945 2716 2989; x_wconf 87' lang='lat' dir='ltr'><strong>vetera</strong></span> <span class='ocrx_word' id='word_1_338' title='bbox 2749 2932 2961 3003; x_wconf 90' lang='lat' dir='ltr'><strong>scripta</strong></span> <span class='ocrx_word' id='word_1_339' title='bbox 2986 2930 3311 2999; x_wconf 88' lang='lat' dir='ltr'><strong>opinantur,</strong></span> <span class='ocrx_word' id='word_1_340' title='bbox 3339 2923 3558 2980; x_wconf 89' lang='lat' dir='ltr'><strong>ostendi</strong></span> <span class='ocrx_word' id='word_1_341' title='bbox 3595 2919 3756 2975; x_wconf 87' lang='lat' dir='ltr'><strong>facil-</strong></span> 
     </span>
    </p>
   </div>
   <div class='ocr_carea' id='block_1_35' title="bbox 437 3009 3753 3091">
    <p class='ocr_par' dir='ltr' id='par_1_35' title="bbox 437 3009 3753 3091">
     <span class='ocr_line' id='line_1_35' title="bbox 437 3009 3753 3091; baseline -0.001 -26"><span class='ocrx_word' id='word_1_342' title='bbox 437 3011 568 3067; x_wconf 91' lang='lat' dir='ltr'><strong>lime</strong></span> <span class='ocrx_word' id='word_1_343' title='bbox 595 3028 609 3064; x_wconf 90' lang='lat'><strong>:</strong></span> <span class='ocrx_word' id='word_1_344' title='bbox 643 3029 770 3067; x_wconf 87' lang='lat' dir='ltr'><strong>nam</strong></span> <span class='ocrx_word' id='word_1_345' title='bbox 807 3014 1015 3072; x_wconf 87' lang='lat' dir='ltr'><strong>latebat</strong></span> <span class='ocrx_word' id='word_1_346' title='bbox 1044 3020 1281 3089; x_wconf 81' lang='lat' dir='ltr'><strong>exempli</strong></span> <span class='ocrx_word' id='word_1_347' title='bbox 1318 3021 1519 3091; x_wconf 86' lang='lat' dir='ltr'><strong>gratia,</strong></span> <span class='ocrx_word' id='word_1_348' title='bbox 1551 3029 1607 3078; x_wconf 87' lang='lat' dir='ltr'><strong>et</strong></span> <span class='ocrx_word' id='word_1_349' title='bbox 1634 3024 1988 3091; x_wconf 86' lang='lat' dir='ltr'><strong>paucissimis</strong></span> <span class='ocrx_word' id='word_1_350' title='bbox 2022 3031 2141 3079; x_wconf 87' lang='lat' dir='ltr'><strong>erat</strong></span> <span class='ocrx_word' id='word_1_351' title='bbox 2168 3033 2320 3086; x_wconf 88' lang='lat' dir='ltr'><strong>nota,</strong></span> <span class='ocrx_word' id='word_1_352' title='bbox 2384 3020 2572 3076; x_wconf 88' lang='lat' dir='ltr'><strong>Photii</strong></span> <span class='ocrx_word' id='word_1_353' title='bbox 2599 3022 2668 3075; x_wconf 91' lang='lat' dir='ltr'><strong>ad</strong></span> <span class='ocrx_word' id='word_1_354' title='bbox 2694 3019 3113 3091; x_wconf 82' lang='lat' dir='ltr'><strong>Aquileiensem</strong></span> <span class='ocrx_word' id='word_1_355' title='bbox 3135 3015 3463 3086; x_wconf 87' lang='lat' dir='ltr'><strong>cpisc0pum</strong></span> <span class='ocrx_word' id='word_1_356' title='bbox 3495 3009 3753 3087; x_wconf 61' lang='lat' dir='ltr'><strong>epistola,</strong></span> 
     </span>
    </p>
   </div>
   <div class='ocr_carea' id='block_1_36' title="bbox 439 3097 3757 3181">
    <p class='ocr_par' dir='ltr' id='par_1_36' title="bbox 439 3097 3757 3181">
     <span class='ocr_line' id='line_1_36' title="bbox 439 3097 3757 3181; baseline 0 -31"><span class='ocrx_word' id='word_1_357' title='bbox 439 3112 567 3181; x_wconf 84' lang='lat' dir='ltr'><strong>cum</strong></span> <span class='ocrx_word' id='word_1_358' title='bbox 609 3114 729 3153; x_wconf 87' lang='lat' dir='ltr'><strong>eam</strong></span> <span class='ocrx_word' id='word_1_359' title='bbox 772 3116 839 3155; x_wconf 82' lang='lat' dir='ltr'><strong>ex</strong></span> <span class='ocrx_word' id='word_1_360' title='bbox 875 3106 1276 3176; x_wconf 87' lang='lat' dir='ltr'><strong>manuscriptis</strong></span> <span class='ocrx_word' id='word_1_361' title='bbox 1310 3108 1477 3181; x_wconf 88' lang='lat' dir='ltr'><strong>eruit,</strong></span> <span class='ocrx_word' id='word_1_362' title='bbox 1507 3116 1674 3178; x_wconf 89' lang='lat' dir='ltr'><strong>atque</strong></span> <span class='ocrx_word' id='word_1_363' title='bbox 1700 3110 1758 3164; x_wconf 90' lang='lat' dir='ltr'><strong>in</strong></span> <span class='ocrx_word' id='word_1_364' title='bbox 1788 3110 2068 3179; x_wconf 89' lang='lat' dir='ltr'><strong>publicam</strong></span> <span class='ocrx_word' id='word_1_365' title='bbox 2094 3111 2274 3163; x_wconf 89' lang='lat' dir='ltr'><strong>lucem</strong></span> <span class='ocrx_word' id='word_1_366' title='bbox 2311 3108 2542 3178; x_wconf 90' lang='lat' dir='ltr'><strong>protulit</strong></span> <span class='ocrx_word' id='word_1_367' title='bbox 2570 3106 2878 3163; x_wconf 89' lang='lat' dir='ltr'><strong>cardinalis</strong></span> <span class='ocrx_word' id='word_1_368' title='bbox 2912 3105 3222 3171; x_wconf 88' lang='lat' dir='ltr'><strong>Baronius;</strong></span> <span class='ocrx_word' id='word_1_369' title='bbox 3257 3117 3322 3158; x_wconf 90' lang='lat' dir='ltr'><strong>ea</strong></span> <span class='ocrx_word' id='word_1_370' title='bbox 3359 3100 3553 3171; x_wconf 86' lang='lat' dir='ltr'><strong>procul</strong></span> <span class='ocrx_word' id='word_1_371' title='bbox 3586 3097 3757 3153; x_wconf 87' lang='lat' dir='ltr'><strong>dubio</strong></span> 
     </span>
    </p>
   </div>
   <div class='ocr_carea' id='block_1_37' title="bbox 438 3180 3754 3267">
    <p class='ocr_par' dir='ltr' id='par_1_37' title="bbox 438 3180 3754 3267">
     <span class='ocr_line' id='line_1_37' title="bbox 438 3180 3754 3267; baseline 0 -30"><span class='ocrx_word' id='word_1_372' title='bbox 438 3180 658 3241; x_wconf 83' lang='lat' dir='ltr'><strong>ratione</strong></span> <span class='ocrx_word' id='word_1_373' title='bbox 689 3188 974 3255; x_wconf 89' lang='lat' dir='ltr'><strong>inductus,</strong></span> <span class='ocrx_word' id='word_1_374' title='bbox 1003 3193 1269 3260; x_wconf 84' lang='lat' dir='ltr'><strong>quoniam</strong></span> <span class='ocrx_word' id='word_1_375' title='bbox 1303 3180 1588 3265; x_wconf 85' lang='lat' dir='ltr'><strong>nunquam</strong></span> <span class='ocrx_word' id='word_1_376' title='bbox 1613 3196 1841 3261; x_wconf 90' lang='lat' dir='ltr'><strong>clarius,</strong></span> <span class='ocrx_word' id='word_1_377' title='bbox 1874 3212 2040 3267; x_wconf 90' lang='lat' dir='ltr'><strong>quam</strong></span> <span class='ocrx_word' id='word_1_378' title='bbox 2074 3212 2199 3251; x_wconf 91' lang='lat' dir='ltr'><strong>cum</strong></span> <span class='ocrx_word' id='word_1_379' title='bbox 2229 3205 2608 3266; x_wconf 78' lang='lat' dir='ltr'><strong>oppugnatur,</strong></span> <span class='ocrx_word' id='word_1_380' title='bbox 2640 3195 2850 3251; x_wconf 86' lang='lat' dir='ltr'><strong>veritas</strong></span> <span class='ocrx_word' id='word_1_381' title='bbox 2881 3194 3107 3248; x_wconf 88' lang='lat' dir='ltr'><strong>emicat.</strong></span> <span class='ocrx_word' id='word_1_382' title='bbox 3150 3191 3218 3245; x_wconf 83' lang='lat' dir='ltr'><strong>At</strong></span> <span class='ocrx_word' id='word_1_383' title='bbox 3268 3204 3454 3243; x_wconf 86' lang='lat' dir='ltr'><strong>nonne</strong></span> <span class='ocrx_word' id='word_1_384' title='bbox 3478 3194 3754 3257; x_wconf 62' lang='lat' dir='ltr'><strong>praestan-</strong></span> 
     </span>
    </p>
   </div>
   <div class='ocr_carea' id='block_1_38' title="bbox 432 3274 3757 3355">
    <p class='ocr_par' dir='ltr' id='par_1_38' title="bbox 432 3274 3757 3355">
     <span class='ocr_line' id='line_1_38' title="bbox 432 3274 3757 3355; baseline 0 -28"><span class='ocrx_word' id='word_1_385' title='bbox 432 3275 551 3328; x_wconf 78' lang='lat' dir='ltr'><strong>tior</strong></span> <span class='ocrx_word' id='word_1_386' title='bbox 588 3276 851 3333; x_wconf 89' lang='lat' dir='ltr'><strong>oumibus</strong></span> <span class='ocrx_word' id='word_1_387' title='bbox 886 3278 1150 3333; x_wconf 83' lang='lat' dir='ltr'><strong>Alcorani</strong></span> <span class='ocrx_word' id='word_1_388' title='bbox 1176 3281 1349 3336; x_wconf 77' lang='lat' dir='ltr'><strong>editib</strong></span> <span class='ocrx_word' id='word_1_389' title='bbox 1375 3285 1636 3348; x_wconf 81' lang='lat' dir='ltr'><strong>Arabice,</strong></span> <span class='ocrx_word' id='word_1_390' title='bbox 1664 3292 1718 3339; x_wconf 90' lang='lat' dir='ltr'><strong>et</strong></span> <span class='ocrx_word' id='word_1_391' title='bbox 1743 3282 1937 3341; x_wconf 87' lang='lat' dir='ltr'><strong>Latine</strong></span> <span class='ocrx_word' id='word_1_392' title='bbox 1964 3283 2178 3340; x_wconf 84' lang='lat' dir='ltr'><strong>Patavii</strong></span> <span class='ocrx_word' id='word_1_393' title='bbox 2212 3285 2503 3340; x_wconf 83' lang='lat' dir='ltr'><strong>elaborata</strong></span> <span class='ocrx_word' id='word_1_394' title='bbox 2529 3281 2776 3355; x_wconf 84' lang='lat' dir='ltr'><strong>prodiit?</strong></span> <span class='ocrx_word' id='word_1_395' title='bbox 2805 3280 3004 3337; x_wconf 81' lang='lat' dir='ltr'><strong>Nonne</strong></span> <span class='ocrx_word' id='word_1_396' title='bbox 3035 3278 3284 3335; x_wconf 79' lang='lat' dir='ltr'><strong>Venetiis</strong></span> <span class='ocrx_word' id='word_1_397' title='bbox 3321 3278 3600 3332; x_wconf 88' lang='lat' dir='ltr'><strong>virulenta</strong></span> <span class='ocrx_word' id='word_1_398' title='bbox 3627 3274 3757 3346; x_wconf 86' lang='lat' dir='ltr'><strong>plu-</strong></span> 
     </span>
    </p>
   </div>
   <div class='ocr_carea' id='block_1_39' title="bbox 433 3361 1710 3442">
    <p class='ocr_par' dir='ltr' id='par_1_39' title="bbox 433 3361 1710 3442">
     <span class='ocr_line' id='line_1_39' title="bbox 433 3361 1710 3442; baseline 0.007 -26"><span class='ocrx_word' id='word_1_399' title='bbox 433 3363 586 3416; x_wconf 83' lang='lat' dir='ltr'><strong>rium</strong></span> <span class='ocrx_word' id='word_1_400' title='bbox 619 3361 1003 3421; x_wconf 69' lang='lat' dir='ltr'><strong>llabbinorum</strong></span> <span class='ocrx_word' id='word_1_401' title='bbox 1026 3382 1198 3439; x_wconf 84' lang='lat' dir='ltr'><strong>opera</strong></span> <span class='ocrx_word' id='word_1_402' title='bbox 1228 3385 1407 3441; x_wconf 89' lang='lat' dir='ltr'><strong>nuper</strong></span> <span class='ocrx_word' id='word_1_403' title='bbox 1434 3372 1662 3442; x_wconf 82' lang='lat' dir='ltr'><strong>vulgata</strong></span> <span class='ocrx_word' id='word_1_404' title='bbox 1686 3372 1710 3425; x_wconf 86' lang='lat'><strong>?</strong></span> 
     </span>
    </p>
   </div>
   <div class='ocr_carea' id='block_1_40' title="bbox 512 3472 3755 3554">
    <p class='ocr_par' dir='ltr' id='par_1_40' title="bbox 512 3472 3755 3554">
     <span class='ocr_line' id='line_1_40' title="bbox 512 3472 3755 3554; baseline 0 -24"><span class='ocrx_word' id='word_1_405' title='bbox 512 3472 720 3554; x_wconf 72' lang='lat' dir='ltr'><strong>V&#39;erum</strong></span> <span class='ocrx_word' id='word_1_406' title='bbox 746 3478 897 3546; x_wconf 91' lang='lat' dir='ltr'><strong>quod</strong></span> <span class='ocrx_word' id='word_1_407' title='bbox 923 3479 992 3534; x_wconf 88' lang='lat' dir='ltr'><strong>ad</strong></span> <span class='ocrx_word' id='word_1_408' title='bbox 1021 3481 1225 3539; x_wconf 86' lang='lat' dir='ltr'><strong>Leonis</strong></span> <span class='ocrx_word' id='word_1_409' title='bbox 1254 3484 1567 3539; x_wconf 80' lang='lat' dir='ltr'><strong>orationem</strong></span> <span class='ocrx_word' id='word_1_410' title='bbox 1623 3486 1845 3553; x_wconf 90' lang='lat' dir='ltr'><strong>attinet,</strong></span> <span class='ocrx_word' id='word_1_411' title='bbox 1894 3486 2045 3543; x_wconf 83' lang='lat' dir='ltr'><strong>unde</strong></span> <span class='ocrx_word' id='word_1_412' title='bbox 2066 3486 2293 3543; x_wconf 86' lang='lat' dir='ltr'><strong>erudito</strong></span> <span class='ocrx_word' id='word_1_413' title='bbox 2342 3483 2527 3541; x_wconf 76' lang='lat' dir='ltr'><strong>Russo</strong></span> <span class='ocrx_word' id='word_1_414' title='bbox 2574 3482 2901 3553; x_wconf 87' lang='lat' dir='ltr'><strong>plenissime</strong></span> <span class='ocrx_word' id='word_1_415' title='bbox 2951 3480 3365 3543; x_wconf 79' lang='lat' dir='ltr'><strong>satisfacerem,</strong></span> <span class='ocrx_word' id='word_1_416' title='bbox 3400 3478 3459 3533; x_wconf 89' lang='lat' dir='ltr'><strong>in</strong></span> <span class='ocrx_word' id='word_1_417' title='bbox 3489 3484 3755 3548; x_wconf 86' lang='lat' dir='ltr'><strong>promptu</strong></span> 
     </span>
    </p>
   </div>
   <div class='ocr_carea' id='block_1_41' title="bbox 434 3562 3757 3642">
    <p class='ocr_par' dir='ltr' id='par_1_41' title="bbox 434 3562 3757 3642">
     <span class='ocr_line' id='line_1_41' title="bbox 434 3562 3757 3642; baseline 0 -24"><span class='ocrx_word' id='word_1_418' title='bbox 434 3562 579 3618; x_wconf 80' lang='lat' dir='ltr'><strong>mihi</strong></span> <span class='ocrx_word' id='word_1_419' title='bbox 608 3562 730 3617; x_wconf 85' lang='lat' dir='ltr'><strong>fuit.</strong></span> <span class='ocrx_word' id='word_1_420' title='bbox 766 3564 1027 3621; x_wconf 87' lang='lat' dir='ltr'><strong>Codicem</strong></span> <span class='ocrx_word' id='word_1_421' title='bbox 1060 3570 1281 3625; x_wconf 89' lang='lat' dir='ltr'><strong>ostendi</strong></span> <span class='ocrx_word' id='word_1_422' title='bbox 1308 3571 1651 3635; x_wconf 90' lang='lat' dir='ltr'><strong>inauratum,</strong></span> <span class='ocrx_word' id='word_1_423' title='bbox 1677 3581 1739 3627; x_wconf 93' lang='lat' dir='ltr'><strong>ut</strong></span> <span class='ocrx_word' id='word_1_424' title='bbox 1766 3574 2119 3642; x_wconf 86' lang='lat' dir='ltr'><strong>imperatoris</strong></span> <span class='ocrx_word' id='word_1_425' title='bbox 2145 3574 2564 3629; x_wconf 87' lang='lat' dir='ltr'><strong>lucubrationes</strong></span> <span class='ocrx_word' id='word_1_426' title='bbox 2590 3580 2899 3626; x_wconf 85' lang='lat' dir='ltr'><strong>servantem</strong></span> <span class='ocrx_word' id='word_1_427' title='bbox 2929 3570 3113 3636; x_wconf 88' lang='lat' dir='ltr'><strong>decet,</strong></span> <span class='ocrx_word' id='word_1_428' title='bbox 3139 3571 3194 3622; x_wconf 93' lang='lat' dir='ltr'><strong>in</strong></span> <span class='ocrx_word' id='word_1_429' title='bbox 3220 3566 3430 3623; x_wconf 66' lang='lat' dir='ltr'><strong>Graecia</strong></span> <span class='ocrx_word' id='word_1_430' title='bbox 3462 3568 3757 3636; x_wconf 85' lang='lat' dir='ltr'><strong>scriptum,</strong></span> 
     </span>
    </p>
   </div>
   <div class='ocr_carea' id='block_1_42' title="bbox 441 3650 3759 3730">
    <p class='ocr_par' dir='ltr' id='par_1_42' title="bbox 441 3650 3759 3730">
     <span class='ocr_line' id='line_1_42' title="bbox 441 3650 3759 3730; baseline 0.001 -26"><span class='ocrx_word' id='word_1_431' title='bbox 441 3650 839 3721; x_wconf 78' lang='lat' dir='ltr'><strong>eleganterque</strong></span> <span class='ocrx_word' id='word_1_432' title='bbox 873 3667 1248 3725; x_wconf 89' lang='lat' dir='ltr'><strong>compactum,</strong></span> <span class='ocrx_word' id='word_1_433' title='bbox 1292 3656 1492 3713; x_wconf 87' lang='lat' dir='ltr'><strong>Leonis</strong></span> <span class='ocrx_word' id='word_1_434' title='bbox 1518 3657 1583 3713; x_wconf 88' lang='lat' dir='ltr'><strong>Vl</strong></span> <span class='ocrx_word' id='word_1_435' title='bbox 1619 3659 1784 3728; x_wconf 71' lang='lat' dir='ltr'><strong>vulgo</strong></span> <span class='ocrx_word' id='word_1_436' title='bbox 1824 3659 2105 3730; x_wconf 87' lang='lat' dir='ltr'><strong>Sapientis</strong></span> <span class='ocrx_word' id='word_1_437' title='bbox 2147 3660 2406 3714; x_wconf 88' lang='lat' dir='ltr'><strong>homilias</strong></span> <span class='ocrx_word' id='word_1_438' title='bbox 2442 3660 2820 3713; x_wconf 85' lang='lat' dir='ltr'><strong>continentem</strong></span> <span class='ocrx_word' id='word_1_439' title='bbox 2862 3658 2932 3710; x_wconf 76' lang='lat'><strong>55</strong></span> <span class='ocrx_word' id='word_1_440' title='bbox 2987 3671 3051 3711; x_wconf 85' lang='lat' dir='ltr'><strong>ea</strong></span> <span class='ocrx_word' id='word_1_441' title='bbox 3100 3655 3296 3710; x_wconf 89' lang='lat' dir='ltr'><strong>morali</strong></span> <span class='ocrx_word' id='word_1_442' title='bbox 3330 3654 3586 3724; x_wconf 80' lang='lat' dir='ltr'><strong>epistola,</strong></span> <span class='ocrx_word' id='word_1_443' title='bbox 3640 3652 3759 3707; x_wconf 81' lang='lat' dir='ltr'><strong>sive</strong></span> 
     </span>
    </p>
   </div>
   <div class='ocr_carea' id='block_1_43' title="bbox 441 3740 3754 3815">
    <p class='ocr_par' dir='ltr' id='par_1_43' title="bbox 441 3740 3754 3815">
     <span class='ocr_line' id='line_1_43' title="bbox 441 3740 3754 3815; baseline 0.001 -24"><span class='ocrx_word' id='word_1_444' title='bbox 441 3740 738 3808; x_wconf 69' lang='lat' dir='ltr'><strong>paraenesi,</strong></span> <span class='ocrx_word' id='word_1_445' title='bbox 775 3742 922 3796; x_wconf 85' lang='lat' dir='ltr'><strong>inter</strong></span> <span class='ocrx_word' id='word_1_446' title='bbox 947 3741 1049 3799; x_wconf 88' lang='lat' dir='ltr'><strong>has</strong></span> <span class='ocrx_word' id='word_1_447' title='bbox 1072 3753 1415 3813; x_wconf 88' lang='lat' dir='ltr'><strong>computata,</strong></span> <span class='ocrx_word' id='word_1_448' title='bbox 1450 3761 1618 3815; x_wconf 88' lang='lat' dir='ltr'><strong>quam</strong></span> <span class='ocrx_word' id='word_1_449' title='bbox 1648 3744 1846 3802; x_wconf 89' lang='lat' dir='ltr'><strong>Latine</strong></span> <span class='ocrx_word' id='word_1_450' title='bbox 1875 3748 1941 3801; x_wconf 90' lang='lat' dir='ltr'><strong>ad</strong></span> <span class='ocrx_word' id='word_1_451' title='bbox 1982 3762 2186 3802; x_wconf 88' lang='lat' dir='ltr'><strong>annum</strong></span> <span class='ocrx_word' id='word_1_452' title='bbox 2238 3748 2337 3803; x_wconf 84' lang='lat' dir='ltr'><strong>9ll</strong></span> <span class='ocrx_word' id='word_1_453' title='bbox 2367 3746 2640 3801; x_wconf 85' lang='lat' dir='ltr'><strong>Baronius</strong></span> <span class='ocrx_word' id='word_1_454' title='bbox 2667 3746 2865 3800; x_wconf 90' lang='lat' dir='ltr'><strong>edidit.</strong></span> <span class='ocrx_word' id='word_1_455' title='bbox 2903 3744 3076 3808; x_wconf 87' lang='lat' dir='ltr'><strong>Ordo,</strong></span> <span class='ocrx_word' id='word_1_456' title='bbox 3114 3758 3225 3814; x_wconf 91' lang='lat' dir='ltr'><strong>quo</strong></span> <span class='ocrx_word' id='word_1_457' title='bbox 3275 3749 3664 3800; x_wconf 86' lang='lat' dir='ltr'><strong>recensentur.</strong></span> <span class='ocrx_word' id='word_1_458' title='bbox 3704 3741 3754 3794; x_wconf 82' lang='lat' dir='ltr'><strong>is</strong></span> 
     </span>
    </p>
   </div>
   <div class='ocr_carea' id='block_1_44' title="bbox 441 3825 3758 3905">
    <p class='ocr_par' dir='ltr' id='par_1_44' title="bbox 441 3825 3758 3905">
     <span class='ocr_line' id='line_1_44' title="bbox 441 3825 3758 3905; baseline 0.001 -27"><span class='ocrx_word' id='word_1_459' title='bbox 441 3825 566 3895; x_wconf 86' lang='lat' dir='ltr'><strong>ipse</strong></span> <span class='ocrx_word' id='word_1_460' title='bbox 592 3835 697 3892; x_wconf 90' lang='lat' dir='ltr'><strong>est,</strong></span> <span class='ocrx_word' id='word_1_461' title='bbox 734 3829 824 3881; x_wconf 90' lang='lat' dir='ltr'><strong>cui</strong></span> <span class='ocrx_word' id='word_1_462' title='bbox 855 3827 1156 3885; x_wconf 85' lang='lat' dir='ltr'><strong>Vaticanus</strong></span> <span class='ocrx_word' id='word_1_463' title='bbox 1194 3832 1335 3888; x_wconf 91' lang='lat' dir='ltr'><strong>liber</strong></span> <span class='ocrx_word' id='word_1_464' title='bbox 1380 3834 1712 3900; x_wconf 81' lang='lat' dir='ltr'><strong>inhaerebat,</strong></span> <span class='ocrx_word' id='word_1_465' title='bbox 1764 3850 1793 3889; x_wconf 91' lang='lat' dir='ltr'><strong>a</strong></span> <span class='ocrx_word' id='word_1_466' title='bbox 1826 3850 1940 3905; x_wconf 90' lang='lat' dir='ltr'><strong>quo</strong></span> <span class='ocrx_word' id='word_1_467' title='bbox 1974 3835 2244 3890; x_wconf 89' lang='lat' dir='ltr'><strong>Baronius</strong></span> <span class='ocrx_word' id='word_1_468' title='bbox 2290 3850 2481 3891; x_wconf 83' lang='lat' dir='ltr'><strong>earum</strong></span> <span class='ocrx_word' id='word_1_469' title='bbox 2522 3842 2855 3904; x_wconf 83' lang='lat' dir='ltr'><strong>argumenta</strong></span> <span class='ocrx_word' id='word_1_470' title='bbox 2909 3832 3279 3902; x_wconf 89' lang='lat' dir='ltr'><strong>deprompsit.</strong></span> <span class='ocrx_word' id='word_1_471' title='bbox 3312 3829 3394 3884; x_wconf 85' lang='lat' dir='ltr'><strong>Ex</strong></span> <span class='ocrx_word' id='word_1_472' title='bbox 3417 3830 3506 3885; x_wconf 90' lang='lat' dir='ltr'><strong>his</strong></span> <span class='ocrx_word' id='word_1_473' title='bbox 3530 3829 3598 3884; x_wconf 74' lang='lat'><strong>15</strong></span> <span class='ocrx_word' id='word_1_474' title='bbox 3628 3838 3758 3883; x_wconf 82' lang='lat' dir='ltr'><strong>tan-</strong></span> 
     </span>
    </p>
   </div>
   <div class='ocr_carea' id='block_1_45' title="bbox 442 3913 3754 3993">
    <p class='ocr_par' dir='ltr' id='par_1_45' title="bbox 442 3913 3754 3993">
     <span class='ocr_line' id='line_1_45' title="bbox 442 3913 3754 3993; baseline 0.001 -27"><span class='ocrx_word' id='word_1_475' title='bbox 442 3913 741 3969; x_wconf 88' lang='lat' dir='ltr'><strong>tummodo</strong></span> <span class='ocrx_word' id='word_1_476' title='bbox 765 3915 818 3969; x_wconf 91' lang='lat' dir='ltr'><strong>in</strong></span> <span class='ocrx_word' id='word_1_477' title='bbox 848 3917 1126 3986; x_wconf 89' lang='lat' dir='ltr'><strong>publicam</strong></span> <span class='ocrx_word' id='word_1_478' title='bbox 1164 3920 1343 3975; x_wconf 88' lang='lat' dir='ltr'><strong>lucem</strong></span> <span class='ocrx_word' id='word_1_479' title='bbox 1380 3922 1609 3993; x_wconf 69' lang='lat' dir='ltr'><strong>prolatae</strong></span> <span class='ocrx_word' id='word_1_480' title='bbox 1640 3932 1790 3992; x_wconf 87' lang='lat' dir='ltr'><strong>sunt,</strong></span> <span class='ocrx_word' id='word_1_481' title='bbox 1821 3923 1889 3976; x_wconf 84' lang='lat' dir='ltr'><strong>l8</strong></span> <span class='ocrx_word' id='word_1_482' title='bbox 1915 3923 2108 3989; x_wconf 89' lang='lat' dir='ltr'><strong>latent,</strong></span> <span class='ocrx_word' id='word_1_483' title='bbox 2140 3930 2195 3978; x_wconf 89' lang='lat' dir='ltr'><strong>et</strong></span> <span class='ocrx_word' id='word_1_484' title='bbox 2222 3922 2292 3976; x_wconf 87' lang='lat' dir='ltr'><strong>ab</strong></span> <span class='ocrx_word' id='word_1_485' title='bbox 2317 3920 2557 3975; x_wconf 91' lang='lat' dir='ltr'><strong>eruditis</strong></span> <span class='ocrx_word' id='word_1_486' title='bbox 2588 3920 2912 3988; x_wconf 89' lang='lat' dir='ltr'><strong>cupiuntur.</strong></span> <span class='ocrx_word' id='word_1_487' title='bbox 2944 3918 3307 3990; x_wconf 79' lang='lat' dir='ltr'><strong>Vulgatarum</strong></span> <span class='ocrx_word' id='word_1_488' title='bbox 3341 3933 3373 3972; x_wconf 91' lang='lat' dir='ltr'><strong>a</strong></span> <span class='ocrx_word' id='word_1_489' title='bbox 3395 3916 3754 3977; x_wconf 76' lang='lat' dir='ltr'><strong>Combeﬁsio.</strong></span> 
     </span>
    </p>
   </div>
   <div class='ocr_carea' id='block_1_46' title="bbox 441 4003 3756 4081">
    <p class='ocr_par' dir='ltr' id='par_1_46' title="bbox 441 4003 3756 4081">
     <span class='ocr_line' id='line_1_46' title="bbox 441 4003 3756 4081; baseline 0.001 -26"><span class='ocrx_word' id='word_1_490' title='bbox 441 4014 567 4072; x_wconf 67' lang='lat' dir='ltr'><strong>qua:</strong></span> <span class='ocrx_word' id='word_1_491' title='bbox 600 4005 775 4059; x_wconf 75' lang='lat' dir='ltr'><strong>beata:</strong></span> <span class='ocrx_word' id='word_1_492' title='bbox 806 4003 1054 4077; x_wconf 83' lang='lat' dir='ltr'><strong>Virginis</strong></span> <span class='ocrx_word' id='word_1_493' title='bbox 1088 4007 1629 4078; x_wconf 89' lang='lat' dir='ltr'><strong>Annuntiationem,</strong></span> <span class='ocrx_word' id='word_1_494' title='bbox 1679 4010 2009 4081; x_wconf 89' lang='lat' dir='ltr'><strong>Dominique</strong></span> <span class='ocrx_word' id='word_1_495' title='bbox 2066 4011 2555 4065; x_wconf 80' lang='lat' dir='ltr'><strong>Resurrectionem</strong></span> <span class='ocrx_word' id='word_1_496' title='bbox 2612 4007 2919 4074; x_wconf 89' lang='lat' dir='ltr'><strong>celebrant,</strong></span> <span class='ocrx_word' id='word_1_497' title='bbox 2986 4022 3089 4063; x_wconf 89' lang='lat' dir='ltr'><strong>nec</strong></span> <span class='ocrx_word' id='word_1_498' title='bbox 3129 4006 3377 4061; x_wconf 82' lang='lat' dir='ltr'><strong>Vaticani</strong></span> <span class='ocrx_word' id='word_1_499' title='bbox 3430 4022 3461 4059; x_wconf 91' lang='lat' dir='ltr'><strong>a</strong></span> <span class='ocrx_word' id='word_1_500' title='bbox 3512 4004 3756 4060; x_wconf 84' lang='lat' dir='ltr'><strong>Baronio</strong></span> 
     </span>
    </p>
   </div>
   <div class='ocr_carea' id='block_1_47' title="bbox 442 4092 3758 4167">
    <p class='ocr_par' dir='ltr' id='par_1_47' title="bbox 442 4092 3758 4167">
     <span class='ocr_line' id='line_1_47' title="bbox 442 4092 3758 4167; baseline 0.001 -22"><span class='ocrx_word' id='word_1_501' title='bbox 442 4093 684 4162; x_wconf 85' lang='lat' dir='ltr'><strong>inspecti</strong></span> <span class='ocrx_word' id='word_1_502' title='bbox 718 4092 878 4149; x_wconf 86' lang='lat' dir='ltr'><strong>ﬁdem</strong></span> <span class='ocrx_word' id='word_1_503' title='bbox 916 4097 1357 4167; x_wconf 86' lang='lat' dir='ltr'><strong>comprobarunt</strong></span> <span class='ocrx_word' id='word_1_504' title='bbox 1390 4098 1637 4163; x_wconf 84' lang='lat' dir='ltr'><strong>codices,</strong></span> <span class='ocrx_word' id='word_1_505' title='bbox 1667 4114 1774 4154; x_wconf 86' lang='lat' dir='ltr'><strong>nec</strong></span> <span class='ocrx_word' id='word_1_506' title='bbox 1804 4110 1997 4155; x_wconf 90' lang='lat' dir='ltr'><strong>noster</strong></span> <span class='ocrx_word' id='word_1_507' title='bbox 2026 4097 2375 4167; x_wconf 91' lang='lat' dir='ltr'><strong>comprobat,</strong></span> <span class='ocrx_word' id='word_1_508' title='bbox 2407 4096 2504 4167; x_wconf 91' lang='lat' dir='ltr'><strong>qui</strong></span> <span class='ocrx_word' id='word_1_509' title='bbox 2543 4110 2641 4151; x_wconf 90' lang='lat' dir='ltr'><strong>eas</strong></span> <span class='ocrx_word' id='word_1_510' title='bbox 2696 4111 2805 4150; x_wconf 90' lang='lat' dir='ltr'><strong>non</strong></span> <span class='ocrx_word' id='word_1_511' title='bbox 2857 4096 3083 4150; x_wconf 89' lang='lat' dir='ltr'><strong>habent.</strong></span> <span class='ocrx_word' id='word_1_512' title='bbox 3144 4093 3266 4157; x_wconf 87' lang='lat' dir='ltr'><strong>llla,</strong></span> <span class='ocrx_word' id='word_1_513' title='bbox 3304 4093 3374 4148; x_wconf 89' lang='lat' dir='ltr'><strong>de</strong></span> <span class='ocrx_word' id='word_1_514' title='bbox 3435 4109 3542 4164; x_wconf 91' lang='lat' dir='ltr'><strong>qua</strong></span> <span class='ocrx_word' id='word_1_515' title='bbox 3569 4109 3758 4149; x_wconf 87' lang='lat' dir='ltr'><strong>sermo</strong></span> 
     </span>
    </p>
   </div>
   <div class='ocr_carea' id='block_1_48' title="bbox 442 4182 3759 4258">
    <p class='ocr_par' dir='ltr' id='par_1_48' title="bbox 442 4182 3759 4258">
     <span class='ocr_line' id='line_1_48' title="bbox 442 4182 3759 4258; baseline 0.001 -22"><span class='ocrx_word' id='word_1_516' title='bbox 442 4189 585 4247; x_wconf 87' lang='lat' dir='ltr'><strong>erat,</strong></span> <span class='ocrx_word' id='word_1_517' title='bbox 611 4183 836 4236; x_wconf 90' lang='lat' dir='ltr'><strong>tertium</strong></span> <span class='ocrx_word' id='word_1_518' title='bbox 876 4183 932 4237; x_wconf 90' lang='lat' dir='ltr'><strong>in</strong></span> <span class='ocrx_word' id='word_1_519' title='bbox 961 4201 1094 4241; x_wconf 89' lang='lat' dir='ltr'><strong>mss.</strong></span> <span class='ocrx_word' id='word_1_520' title='bbox 1129 4188 1342 4243; x_wconf 90' lang='lat' dir='ltr'><strong>obtinet</strong></span> <span class='ocrx_word' id='word_1_521' title='bbox 1375 4188 1579 4243; x_wconf 91' lang='lat' dir='ltr'><strong>locum.</strong></span> <span class='ocrx_word' id='word_1_522' title='bbox 1617 4186 1678 4242; x_wconf 94' lang='lat' dir='ltr'><strong>ln</strong></span> <span class='ocrx_word' id='word_1_523' title='bbox 1709 4203 1771 4242; x_wconf 88' lang='lat' dir='ltr'><strong>ea</strong></span> <span class='ocrx_word' id='word_1_524' title='bbox 1801 4187 2070 4258; x_wconf 89' lang='lat' dir='ltr'><strong>quidquid</strong></span> <span class='ocrx_word' id='word_1_525' title='bbox 2102 4200 2202 4256; x_wconf 91' lang='lat' dir='ltr'><strong>pro</strong></span> <span class='ocrx_word' id='word_1_526' title='bbox 2233 4182 2549 4240; x_wconf 85' lang='lat' dir='ltr'><strong>Graecorum</strong></span> <span class='ocrx_word' id='word_1_527' title='bbox 2588 4197 2779 4236; x_wconf 82' lang='lat' dir='ltr'><strong>errore</strong></span> <span class='ocrx_word' id='word_1_528' title='bbox 2813 4183 2881 4237; x_wconf 86' lang='lat' dir='ltr'><strong>de</strong></span> <span class='ocrx_word' id='word_1_529' title='bbox 2911 4184 3091 4236; x_wconf 87' lang='lat' dir='ltr'><strong>saneti</strong></span> <span class='ocrx_word' id='word_1_530' title='bbox 3120 4182 3364 4250; x_wconf 85' lang='lat' dir='ltr'><strong>Spiritus</strong></span> <span class='ocrx_word' id='word_1_531' title='bbox 3393 4185 3759 4252; x_wconf 88' lang='lat' dir='ltr'><strong>processione</strong></span> 
     </span>
    </p>
   </div>
   <div class='ocr_carea' id='block_1_49' title="bbox 442 4269 3759 4346">
    <p class='ocr_par' dir='ltr' id='par_1_49' title="bbox 442 4269 3759 4346">
     <span class='ocr_line' id='line_1_49' title="bbox 442 4269 3759 4346; baseline 0.001 -25"><span class='ocrx_word' id='word_1_532' title='bbox 442 4270 822 4339; x_wconf 84' lang='lat' dir='ltr'><strong>excogitatum</strong></span> <span class='ocrx_word' id='word_1_533' title='bbox 858 4271 986 4337; x_wconf 90' lang='lat' dir='ltr'><strong>fuit,</strong></span> <span class='ocrx_word' id='word_1_534' title='bbox 1030 4275 1243 4346; x_wconf 85' lang='lat' dir='ltr'><strong>colligit</strong></span> <span class='ocrx_word' id='word_1_535' title='bbox 1293 4274 1429 4338; x_wconf 88' lang='lat' dir='ltr'><strong>Leo,</strong></span> <span class='ocrx_word' id='word_1_536' title='bbox 1461 4284 1628 4344; x_wconf 89' lang='lat' dir='ltr'><strong>atque</strong></span> <span class='ocrx_word' id='word_1_537' title='bbox 1659 4286 1911 4345; x_wconf 88' lang='lat' dir='ltr'><strong>apparat.</strong></span> <span class='ocrx_word' id='word_1_538' title='bbox 1950 4275 2301 4344; x_wconf 85' lang='lat' dir='ltr'><strong>Quapropter</strong></span> <span class='ocrx_word' id='word_1_539' title='bbox 2332 4269 2529 4325; x_wconf 91' lang='lat' dir='ltr'><strong>nullibi</strong></span> <span class='ocrx_word' id='word_1_540' title='bbox 2570 4270 2747 4340; x_wconf 87' lang='lat' dir='ltr'><strong>magis</strong></span> <span class='ocrx_word' id='word_1_541' title='bbox 2779 4270 2984 4338; x_wconf 89' lang='lat' dir='ltr'><strong>elucet,</strong></span> <span class='ocrx_word' id='word_1_542' title='bbox 3011 4285 3179 4341; x_wconf 90' lang='lat' dir='ltr'><strong>quam</strong></span> <span class='ocrx_word' id='word_1_543' title='bbox 3214 4270 3437 4327; x_wconf 83' lang='lat' dir='ltr'><strong>miseris</strong></span> <span class='ocrx_word' id='word_1_544' title='bbox 3481 4270 3759 4340; x_wconf 83' lang='lat' dir='ltr'><strong>captioni-</strong></span> 
     </span>
    </p>
   </div>
   <div class='ocr_carea' id='block_1_50' title="bbox 448 4348 2644 4433">
    <p class='ocr_par' dir='ltr' id='par_1_50' title="bbox 448 4348 2644 4433">
     <span class='ocr_line' id='line_1_50' title="bbox 448 4348 2644 4433; baseline 0.001 -22"><span class='ocrx_word' id='word_1_545' title='bbox 448 4358 577 4421; x_wconf 85' lang='lat' dir='ltr'><strong>bus,</strong></span> <span class='ocrx_word' id='word_1_546' title='bbox 612 4348 778 4426; x_wconf 85' lang='lat' dir='ltr'><strong>quam</strong></span> <span class='ocrx_word' id='word_1_547' title='bbox 813 4359 1050 4416; x_wconf 80' lang='lat' dir='ltr'><strong>inﬁrmis</strong></span> <span class='ocrx_word' id='word_1_548' title='bbox 1082 4364 1406 4419; x_wconf 87' lang='lat' dir='ltr'><strong>schismatis</strong></span> <span class='ocrx_word' id='word_1_549' title='bbox 1435 4371 1882 4433; x_wconf 83' lang='lat' dir='ltr'><strong>propugnatores</strong></span> <span class='ocrx_word' id='word_1_550' title='bbox 1913 4364 2225 4417; x_wconf 89' lang='lat' dir='ltr'><strong>innitantur</strong></span> <span class='ocrx_word' id='word_1_551' title='bbox 2256 4358 2644 4429; x_wconf 82' lang='lat' dir='ltr'><strong>sophismatis.</strong></span> 
     </span>
    </p>
   </div>
   <div class='ocr_carea' id='block_1_51' title="bbox 519 4442 3755 4516">
    <p class='ocr_par' dir='ltr' id='par_1_51' title="bbox 519 4442 3755 4516">
     <span class='ocr_line' id='line_1_51' title="bbox 519 4442 3755 4516; baseline 0 -19"><span class='ocrx_word' id='word_1_552' title='bbox 519 4443 661 4497; x_wconf 89' lang='lat' dir='ltr'><strong>Cum</strong></span> <span class='ocrx_word' id='word_1_553' title='bbox 698 4453 881 4500; x_wconf 89' lang='lat' dir='ltr'><strong>autem</strong></span> <span class='ocrx_word' id='word_1_554' title='bbox 914 4448 984 4503; x_wconf 89' lang='lat' dir='ltr'><strong>ad</strong></span> <span class='ocrx_word' id='word_1_555' title='bbox 1014 4450 1302 4506; x_wconf 88' lang='lat' dir='ltr'><strong>chartulas</strong></span> <span class='ocrx_word' id='word_1_556' title='bbox 1338 4466 1490 4506; x_wconf 88' lang='lat' dir='ltr'><strong>meas</strong></span> <span class='ocrx_word' id='word_1_557' title='bbox 1524 4451 1919 4516; x_wconf 88' lang='lat' dir='ltr'><strong>accessissem,</strong></span> <span class='ocrx_word' id='word_1_558' title='bbox 1948 4449 2194 4505; x_wconf 89' lang='lat' dir='ltr'><strong>libellum</strong></span> <span class='ocrx_word' id='word_1_559' title='bbox 2220 4447 2459 4512; x_wconf 78' lang='lat' dir='ltr'><strong>extraxi,</strong></span> <span class='ocrx_word' id='word_1_560' title='bbox 2492 4446 2547 4499; x_wconf 91' lang='lat' dir='ltr'><strong>in</strong></span> <span class='ocrx_word' id='word_1_561' title='bbox 2574 4460 2686 4515; x_wconf 91' lang='lat' dir='ltr'><strong>quo</strong></span> <span class='ocrx_word' id='word_1_562' title='bbox 2718 4452 2845 4499; x_wconf 89' lang='lat' dir='ltr'><strong>ante</strong></span> <span class='ocrx_word' id='word_1_563' title='bbox 2871 4445 2975 4500; x_wconf 86' lang='lat' dir='ltr'><strong>hos</strong></span> <span class='ocrx_word' id='word_1_564' title='bbox 2999 4444 3072 4500; x_wconf 67' lang='lat'><strong>20</strong></span> <span class='ocrx_word' id='word_1_565' title='bbox 3101 4450 3198 4498; x_wconf 89' lang='lat' dir='ltr'><strong>aut</strong></span> <span class='ocrx_word' id='word_1_566' title='bbox 3240 4444 3452 4515; x_wconf 86' lang='lat' dir='ltr'><strong>plures,</strong></span> <span class='ocrx_word' id='word_1_567' title='bbox 3479 4444 3535 4498; x_wconf 91' lang='lat' dir='ltr'><strong>ni</strong></span> <span class='ocrx_word' id='word_1_568' title='bbox 3568 4442 3755 4511; x_wconf 85' lang='lat' dir='ltr'><strong>fallor,</strong></span> 
     </span>
    </p>
   </div>
   <div class='ocr_carea' id='block_1_52' title="bbox 447 4534 3758 4606">
    <p class='ocr_par' dir='ltr' id='par_1_52' title="bbox 447 4534 3758 4606">
     <span class='ocr_line' id='line_1_52' title="bbox 447 4534 3758 4606; baseline 0.002 -22"><span class='ocrx_word' id='word_1_569' title='bbox 447 4543 651 4596; x_wconf 86' lang='lat' dir='ltr'><strong>annos,</strong></span> <span class='ocrx_word' id='word_1_570' title='bbox 673 4534 957 4604; x_wconf 79' lang='lat' dir='ltr'><strong>exscripta</strong></span> <span class='ocrx_word' id='word_1_571' title='bbox 1000 4551 1098 4604; x_wconf 90' lang='lat' dir='ltr'><strong>per</strong></span> <span class='ocrx_word' id='word_1_572' title='bbox 1130 4551 1218 4592; x_wconf 89' lang='lat' dir='ltr'><strong>me</strong></span> <span class='ocrx_word' id='word_1_573' title='bbox 1249 4552 1280 4592; x_wconf 92' lang='lat' dir='ltr'><strong>e</strong></span> <span class='ocrx_word' id='word_1_574' title='bbox 1301 4538 1495 4593; x_wconf 89' lang='lat' dir='ltr'><strong>codice</strong></span> <span class='ocrx_word' id='word_1_575' title='bbox 1527 4539 1708 4593; x_wconf 90' lang='lat' dir='ltr'><strong>oratio</strong></span> <span class='ocrx_word' id='word_1_576' title='bbox 1740 4538 1944 4606; x_wconf 91' lang='lat' dir='ltr'><strong>fuerat,</strong></span> <span class='ocrx_word' id='word_1_577' title='bbox 1980 4536 2177 4591; x_wconf 90' lang='lat' dir='ltr'><strong>Latine</strong></span> <span class='ocrx_word' id='word_1_578' title='bbox 2206 4535 2446 4598; x_wconf 88' lang='lat' dir='ltr'><strong>reddita,</strong></span> <span class='ocrx_word' id='word_1_579' title='bbox 2474 4543 2528 4591; x_wconf 88' lang='lat' dir='ltr'><strong>et</strong></span> <span class='ocrx_word' id='word_1_580' title='bbox 2565 4534 2637 4589; x_wconf 92' lang='lat' dir='ltr'><strong>ob</strong></span> <span class='ocrx_word' id='word_1_581' title='bbox 2668 4548 2895 4590; x_wconf 87' lang='lat' dir='ltr'><strong>causam</strong></span> <span class='ocrx_word' id='word_1_582' title='bbox 2923 4535 3067 4587; x_wconf 86' lang='lat' dir='ltr'><strong>hanc</strong></span> <span class='ocrx_word' id='word_1_583' title='bbox 3107 4534 3330 4588; x_wconf 84' lang='lat' dir='ltr'><strong>abunde</strong></span> <span class='ocrx_word' id='word_1_584' title='bbox 3354 4534 3668 4601; x_wconf 84' lang='lat' dir='ltr'><strong>confutata,</strong></span> <span class='ocrx_word' id='word_1_585' title='bbox 3702 4545 3758 4591; x_wconf 88' lang='lat' dir='ltr'><strong>et</strong></span> 
     </span>
    </p>
   </div>
   <div class='ocr_carea' id='block_1_53' title="bbox 449 4618 3761 4693">
    <p class='ocr_par' dir='ltr' id='par_1_53' title="bbox 449 4618 3761 4693">
     <span class='ocr_line' id='line_1_53' title="bbox 449 4618 3761 4693; baseline 0.002 -23"><span class='ocrx_word' id='word_1_586' title='bbox 449 4618 679 4687; x_wconf 73' lang='lat' dir='ltr'><strong>reiecta.</strong></span> <span class='ocrx_word' id='word_1_587' title='bbox 715 4618 834 4675; x_wconf 88' lang='lat' dir='ltr'><strong>Hoc</strong></span> <span class='ocrx_word' id='word_1_588' title='bbox 872 4625 1469 4693; x_wconf 71' lang='lat' dir='ltr'><strong>autemprtestiteram,</strong></span> <span class='ocrx_word' id='word_1_589' title='bbox 1504 4641 1633 4679; x_wconf 91' lang='lat' dir='ltr'><strong>cum</strong></span> <span class='ocrx_word' id='word_1_590' title='bbox 1667 4626 2062 4681; x_wconf 89' lang='lat' dir='ltr'><strong>anecdotorum</strong></span> <span class='ocrx_word' id='word_1_591' title='bbox 2116 4624 2173 4679; x_wconf 90' lang='lat' dir='ltr'><strong>in</strong></span> <span class='ocrx_word' id='word_1_592' title='bbox 2210 4638 2347 4679; x_wconf 87' lang='lat' dir='ltr'><strong>mss.</strong></span> <span class='ocrx_word' id='word_1_593' title='bbox 2404 4621 2825 4678; x_wconf 83' lang='lat' dir='ltr'><strong>Veronensibus</strong></span> <span class='ocrx_word' id='word_1_594' title='bbox 2874 4622 3165 4677; x_wconf 86' lang='lat' dir='ltr'><strong>latentium</strong></span> <span class='ocrx_word' id='word_1_595' title='bbox 3208 4622 3594 4677; x_wconf 88' lang='lat' dir='ltr'><strong>collectionem</strong></span> <span class='ocrx_word' id='word_1_596' title='bbox 3628 4634 3761 4680; x_wconf 84' lang='lat' dir='ltr'><strong>tunc</strong></span> 
     </span>
    </p>
   </div>
   <div class='ocr_carea' id='block_1_54' title="bbox 453 4708 3762 4783">
    <p class='ocr_par' dir='ltr' id='par_1_54' title="bbox 453 4708 3762 4783">
     <span class='ocr_line' id='line_1_54' title="bbox 453 4708 3762 4783; baseline 0.002 -25"><span class='ocrx_word' id='word_1_597' title='bbox 453 4708 725 4774; x_wconf 87' lang='lat' dir='ltr'><strong>temporis</strong></span> <span class='ocrx_word' id='word_1_598' title='bbox 764 4708 1116 4778; x_wconf 76' lang='lat' dir='ltr'><strong>adornarent,</strong></span> <span class='ocrx_word' id='word_1_599' title='bbox 1140 4727 1376 4781; x_wconf 89' lang='lat' dir='ltr'><strong>quorum</strong></span> <span class='ocrx_word' id='word_1_600' title='bbox 1414 4714 1694 4783; x_wconf 66' lang='lat' dir='ltr'><strong>quaedam,</strong></span> <span class='ocrx_word' id='word_1_601' title='bbox 1723 4714 2020 4769; x_wconf 88' lang='lat' dir='ltr'><strong>occasione</strong></span> <span class='ocrx_word' id='word_1_602' title='bbox 2044 4712 2249 4777; x_wconf 83' lang='lat' dir='ltr'><strong>oblata,</strong></span> <span class='ocrx_word' id='word_1_603' title='bbox 2293 4711 2527 4766; x_wconf 88' lang='lat' dir='ltr'><strong>seorsim</strong></span> <span class='ocrx_word' id='word_1_604' title='bbox 2555 4720 2747 4780; x_wconf 90' lang='lat' dir='ltr'><strong>postea</strong></span> <span class='ocrx_word' id='word_1_605' title='bbox 2781 4710 3062 4781; x_wconf 90' lang='lat' dir='ltr'><strong>prodiere,</strong></span> <span class='ocrx_word' id='word_1_606' title='bbox 3099 4711 3208 4765; x_wconf 88' lang='lat' dir='ltr'><strong>alia</strong></span> <span class='ocrx_word' id='word_1_607' title='bbox 3239 4725 3353 4764; x_wconf 92' lang='lat' dir='ltr'><strong>non</strong></span> <span class='ocrx_word' id='word_1_608' title='bbox 3385 4726 3559 4781; x_wconf 90' lang='lat' dir='ltr'><strong>pauca</strong></span> <span class='ocrx_word' id='word_1_609' title='bbox 3586 4711 3762 4768; x_wconf 87' lang='lat' dir='ltr'><strong>latent</strong></span> 
     </span>
    </p>
   </div>
   <div class='ocr_carea' id='block_1_55' title="bbox 445 4792 3758 4874">
    <p class='ocr_par' dir='ltr' id='par_1_55' title="bbox 445 4792 3758 4874">
     <span class='ocr_line' id='line_1_55' title="bbox 445 4792 3758 4874; baseline 0.002 -27"><span class='ocrx_word' id='word_1_610' title='bbox 445 4792 655 4859; x_wconf 86' lang='lat' dir='ltr'><strong>adhuc,</strong></span> <span class='ocrx_word' id='word_1_611' title='bbox 683 4806 739 4850; x_wconf 92' lang='lat' dir='ltr'><strong>et</strong></span> <span class='ocrx_word' id='word_1_612' title='bbox 758 4798 1219 4865; x_wconf 42' lang='lat' dir='ltr'><strong>‘obdormiscunt.</strong></span> <span class='ocrx_word' id='word_1_613' title='bbox 1255 4802 1405 4857; x_wconf 87' lang='lat' dir='ltr'><strong>inter</strong></span> <span class='ocrx_word' id='word_1_614' title='bbox 1428 4802 1618 4859; x_wconf 70' lang='lat' dir='ltr'><strong>Graeca</strong></span> <span class='ocrx_word' id='word_1_615' title='bbox 1644 4804 1909 4874; x_wconf 86' lang='lat' dir='ltr'><strong>opuscula</strong></span> <span class='ocrx_word' id='word_1_616' title='bbox 1935 4804 2078 4857; x_wconf 89' lang='lat' dir='ltr'><strong>hanc</strong></span> <span class='ocrx_word' id='word_1_617' title='bbox 2104 4800 2383 4871; x_wconf 85' lang='lat' dir='ltr'><strong>praecipue</strong></span> <span class='ocrx_word' id='word_1_618' title='bbox 2406 4798 2688 4864; x_wconf 70' lang='lat' dir='ltr'><strong>homiliam</strong></span> <span class='ocrx_word' id='word_1_619' title='bbox 2718 4800 3043 4867; x_wconf 84' lang='lat' dir='ltr'><strong>selegeram,</strong></span> <span class='ocrx_word' id='word_1_620' title='bbox 3075 4798 3205 4867; x_wconf 90' lang='lat' dir='ltr'><strong>quia</strong></span> <span class='ocrx_word' id='word_1_621' title='bbox 3225 4798 3758 4867; x_wconf 87' lang='lat' dir='ltr'><strong>opportunissimum</strong></span> 
     </span>
    </p>
   </div>
   <div class='ocr_carea' id='block_1_56' title="bbox 443 4881 3759 4956">
    <p class='ocr_par' dir='ltr' id='par_1_56' title="bbox 443 4881 3759 4956">
     <span class='ocr_line' id='line_1_56' title="bbox 443 4881 3759 4956; baseline 0.002 -21"><span class='ocrx_word' id='word_1_622' title='bbox 443 4892 716 4953; x_wconf 68' lang='lat' dir='ltr'><strong>praestare</strong></span> <span class='ocrx_word' id='word_1_623' title='bbox 740 4886 947 4941; x_wconf 89' lang='lat' dir='ltr'><strong>aditum</strong></span> <span class='ocrx_word' id='word_1_624' title='bbox 980 4887 1278 4944; x_wconf 82' lang='lat' dir='ltr'><strong>videbatur</strong></span> <span class='ocrx_word' id='word_1_625' title='bbox 1315 4892 1448 4947; x_wconf 90' lang='lat' dir='ltr'><strong>mibi</strong></span> <span class='ocrx_word' id='word_1_626' title='bbox 1489 4891 1557 4946; x_wconf 91' lang='lat' dir='ltr'><strong>ad</strong></span> <span class='ocrx_word' id='word_1_627' title='bbox 1591 4892 1925 4947; x_wconf 90' lang='lat' dir='ltr'><strong>catholicam</strong></span> <span class='ocrx_word' id='word_1_628' title='bbox 1952 4890 2009 4944; x_wconf 90' lang='lat' dir='ltr'><strong>in</strong></span> <span class='ocrx_word' id='word_1_629' title='bbox 2044 4888 2149 4942; x_wconf 89' lang='lat' dir='ltr'><strong>hoc</strong></span> <span class='ocrx_word' id='word_1_630' title='bbox 2173 4894 2503 4956; x_wconf 84' lang='lat' dir='ltr'><strong>argumento</strong></span> <span class='ocrx_word' id='word_1_631' title='bbox 2534 4884 2846 4940; x_wconf 86' lang='lat' dir='ltr'><strong>doctrinam</strong></span> <span class='ocrx_word' id='word_1_632' title='bbox 2890 4897 2918 4943; x_wconf 86' lang='lat' dir='ltr'><strong>a</strong></span> <span class='ocrx_word' id='word_1_633' title='bbox 2949 4881 3273 4953; x_wconf 77' lang='lat' dir='ltr'><strong>scphisticis</strong></span> <span class='ocrx_word' id='word_1_634' title='bbox 3293 4886 3559 4940; x_wconf 90' lang='lat' dir='ltr'><strong>omnibus</strong></span> <span class='ocrx_word' id='word_1_635' title='bbox 3600 4887 3759 4941; x_wconf 88' lang='lat' dir='ltr'><strong>tricis</strong></span> 
     </span>
    </p>
   </div>
   <div class='ocr_carea' id='block_1_57' title="bbox 447 4971 3761 5045">
    <p class='ocr_par' dir='ltr' id='par_1_57' title="bbox 447 4971 3761 5045">
     <span class='ocr_line' id='line_1_57' title="bbox 447 4971 3761 5045; baseline 0.002 -23"><span class='ocrx_word' id='word_1_636' title='bbox 447 4984 682 5039; x_wconf 89' lang='lat' dir='ltr'><strong>prorsus</strong></span> <span class='ocrx_word' id='word_1_637' title='bbox 711 4971 1127 5030; x_wconf 88' lang='lat' dir='ltr'><strong>vindicandam.</strong></span> <span class='ocrx_word' id='word_1_638' title='bbox 1156 4975 1287 5033; x_wconf 74' lang='lat' dir='ltr'><strong>Haec</strong></span> <span class='ocrx_word' id='word_1_639' title='bbox 1320 4979 1453 5035; x_wconf 89' lang='lat' dir='ltr'><strong>item</strong></span> <span class='ocrx_word' id='word_1_640' title='bbox 1491 4981 1660 5045; x_wconf 88' lang='lat' dir='ltr'><strong>ratio,</strong></span> <span class='ocrx_word' id='word_1_641' title='bbox 1703 4987 1764 5034; x_wconf 90' lang='lat' dir='ltr'><strong>ut</strong></span> <span class='ocrx_word' id='word_1_642' title='bbox 1814 4977 1979 5033; x_wconf 86' lang='lat' dir='ltr'><strong>modo</strong></span> <span class='ocrx_word' id='word_1_643' title='bbox 2004 4976 2278 5040; x_wconf 87' lang='lat' dir='ltr'><strong>emittam,</strong></span> <span class='ocrx_word' id='word_1_644' title='bbox 2325 4974 2582 5043; x_wconf 80' lang='lat' dir='ltr'><strong>impellit,</strong></span> <span class='ocrx_word' id='word_1_645' title='bbox 2617 4987 2795 5044; x_wconf 77' lang='lat' dir='ltr'><strong>eoque</strong></span> <span class='ocrx_word' id='word_1_646' title='bbox 2851 4973 3054 5042; x_wconf 87' lang='lat' dir='ltr'><strong>magis,</strong></span> <span class='ocrx_word' id='word_1_647' title='bbox 3109 4971 3283 5041; x_wconf 90' lang='lat' dir='ltr'><strong>quod,</strong></span> <span class='ocrx_word' id='word_1_648' title='bbox 3327 4986 3455 5027; x_wconf 88' lang='lat' dir='ltr'><strong>cum</strong></span> <span class='ocrx_word' id='word_1_649' title='bbox 3496 4972 3761 5029; x_wconf 87' lang='lat' dir='ltr'><strong>adnotata</strong></span> 
     </span>
    </p>
   </div>
   <div class='ocr_carea' id='block_1_58' title="bbox 446 5057 3761 5139">
    <p class='ocr_par' dir='ltr' id='par_1_58' title="bbox 446 5057 3761 5139">
     <span class='ocr_line' id='line_1_58' title="bbox 446 5057 3761 5139; baseline 0 -24"><span class='ocrx_word' id='word_1_650' title='bbox 446 5057 676 5115; x_wconf 83' lang='lat' dir='ltr'><strong>advenae</strong></span> <span class='ocrx_word' id='word_1_651' title='bbox 710 5074 833 5114; x_wconf 89' lang='lat' dir='ltr'><strong>meo</strong></span> <span class='ocrx_word' id='word_1_652' title='bbox 870 5062 1237 5133; x_wconf 84' lang='lat' dir='ltr'><strong>perlegerem,</strong></span> <span class='ocrx_word' id='word_1_653' title='bbox 1277 5068 1410 5137; x_wconf 91' lang='lat' dir='ltr'><strong>quid</strong></span> <span class='ocrx_word' id='word_1_654' title='bbox 1424 5076 1764 5139; x_wconf 71' lang='lat' dir='ltr'><strong>&#39;reponeret,</strong></span> <span class='ocrx_word' id='word_1_655' title='bbox 1810 5082 1924 5122; x_wconf 90' lang='lat' dir='ltr'><strong>non</strong></span> <span class='ocrx_word' id='word_1_656' title='bbox 1977 5063 2237 5119; x_wconf 88' lang='lat' dir='ltr'><strong>habebat.</strong></span> <span class='ocrx_word' id='word_1_657' title='bbox 2282 5060 2548 5118; x_wconf 78' lang='lat' dir='ltr'><strong>erciam</strong></span> <span class='ocrx_word' id='word_1_658' title='bbox 2585 5061 2945 5118; x_wconf 78' lang='lat' dir='ltr'><strong>orthodoxam</strong></span> <span class='ocrx_word' id='word_1_659' title='bbox 2970 5061 3065 5133; x_wconf 51' lang='lat' dir='ltr'><strong>.illi</strong></span> <span class='ocrx_word' id='word_1_660' title='bbox 3095 5062 3244 5117; x_wconf 92' lang='lat' dir='ltr'><strong>dono</strong></span> <span class='ocrx_word' id='word_1_661' title='bbox 3268 5062 3420 5129; x_wconf 89' lang='lat' dir='ltr'><strong>dedi,</strong></span> <span class='ocrx_word' id='word_1_662' title='bbox 3452 5071 3643 5133; x_wconf 88' lang='lat' dir='ltr'><strong>atque,</strong></span> <span class='ocrx_word' id='word_1_663' title='bbox 3678 5078 3761 5131; x_wconf 81' lang='lat' dir='ltr'><strong>ut,</strong></span> 
     </span>
    </p>
   </div>
   <div class='ocr_carea' id='block_1_59' title="bbox 445 5144 2640 5219">
    <p class='ocr_par' dir='ltr' id='par_1_59' title="bbox 445 5144 2640 5219">
     <span class='ocr_line' id='line_1_59' title="bbox 445 5144 2640 5219; baseline 0.002 -21"><span class='ocrx_word' id='word_1_664' title='bbox 445 5144 517 5199; x_wconf 90' lang='lat' dir='ltr'><strong>de</strong></span> <span class='ocrx_word' id='word_1_665' title='bbox 545 5158 659 5214; x_wconf 80' lang='lat' dir='ltr'><strong>quo</strong></span> <span class='ocrx_word' id='word_1_666' title='bbox 684 5146 889 5216; x_wconf 81' lang='lat' dir='ltr'><strong>agitur,</strong></span> <span class='ocrx_word' id='word_1_667' title='bbox 926 5147 1198 5219; x_wconf 87' lang='lat' dir='ltr'><strong>Spiritum</strong></span> <span class='ocrx_word' id='word_1_668' title='bbox 1224 5163 1482 5209; x_wconf 87' lang='lat' dir='ltr'><strong>sanctum</strong></span> <span class='ocrx_word' id='word_1_669' title='bbox 1507 5163 1625 5210; x_wconf 89' lang='lat' dir='ltr'><strong>toto</strong></span> <span class='ocrx_word' id='word_1_670' title='bbox 1657 5153 1828 5210; x_wconf 89' lang='lat' dir='ltr'><strong>cordo</strong></span> <span class='ocrx_word' id='word_1_671' title='bbox 1856 5153 2165 5214; x_wconf 86' lang='lat' dir='ltr'><strong>invocaret,</strong></span> <span class='ocrx_word' id='word_1_672' title='bbox 2198 5150 2459 5207; x_wconf 87' lang='lat' dir='ltr'><strong>hortatus</strong></span> <span class='ocrx_word' id='word_1_673' title='bbox 2493 5165 2640 5206; x_wconf 88' lang='lat' dir='ltr'><strong>sum.</strong></span> 
     </span>
    </p>
   </div>
   <div class='ocr_carea' id='block_1_60' title="bbox 518 5230 3781 5313">
    <p class='ocr_par' dir='ltr' id='par_1_60' title="bbox 518 5230 3781 5313">
     <span class='ocr_line' id='line_1_60' title="bbox 518 5230 3781 5313; baseline 0.003 -28"><span class='ocrx_word' id='word_1_674' title='bbox 518 5230 801 5303; x_wconf 84' lang='lat' dir='ltr'><strong>Sapientis</strong></span> <span class='ocrx_word' id='word_1_675' title='bbox 836 5237 1082 5303; x_wconf 89' lang='lat' dir='ltr'><strong>titulum,</strong></span> <span class='ocrx_word' id='word_1_676' title='bbox 1114 5253 1283 5309; x_wconf 87' lang='lat' dir='ltr'><strong>quem</strong></span> <span class='ocrx_word' id='word_1_677' title='bbox 1316 5232 1564 5296; x_wconf 77' lang='lat' dir='ltr'><strong>studium</strong></span> <span class='ocrx_word' id='word_1_678' title='bbox 1600 5241 1913 5311; x_wconf 83' lang='lat' dir='ltr'><strong>multiplex,</strong></span> <span class='ocrx_word' id='word_1_679' title='bbox 1944 5241 2246 5312; x_wconf 65' lang='lat' dir='ltr'><strong>variaeque,</strong></span> <span class='ocrx_word' id='word_1_680' title='bbox 2278 5258 2423 5313; x_wconf 88' lang='lat' dir='ltr'><strong>quas</strong></span> <span class='ocrx_word' id='word_1_681' title='bbox 2447 5242 2698 5313; x_wconf 87' lang='lat' dir='ltr'><strong>impense</strong></span> <span class='ocrx_word' id='word_1_682' title='bbox 2730 5242 2928 5309; x_wconf 91' lang='lat' dir='ltr'><strong>coluit,</strong></span> <span class='ocrx_word' id='word_1_683' title='bbox 2955 5241 3228 5297; x_wconf 72' lang='lat' dir='ltr'><strong>doctrina:</strong></span> <span class='ocrx_word' id='word_1_684' title='bbox 3256 5239 3431 5295; x_wconf 89' lang='lat' dir='ltr'><strong>Leoni</strong></span> <span class='ocrx_word' id='word_1_685' title='bbox 3472 5255 3781 5311; x_wconf 85' lang='lat' dir='ltr'><strong>peperere,</strong></span> 
     </span>
    </p>
   </div>
   <div class='ocr_carea' id='block_1_61' title="bbox 444 5322 3758 5401">
    <p class='ocr_par' dir='ltr' id='par_1_61' title="bbox 444 5322 3758 5401">
     <span class='ocr_line' id='line_1_61' title="bbox 444 5322 3758 5401; baseline 0.003 -28"><span class='ocrx_word' id='word_1_686' title='bbox 444 5334 607 5373; x_wconf 85' lang='lat' dir='ltr'><strong>error</strong></span> <span class='ocrx_word' id='word_1_687' title='bbox 643 5322 861 5389; x_wconf 90' lang='lat' dir='ltr'><strong>adimit,</strong></span> <span class='ocrx_word' id='word_1_688' title='bbox 893 5341 1007 5394; x_wconf 93' lang='lat' dir='ltr'><strong>quo</strong></span> <span class='ocrx_word' id='word_1_689' title='bbox 1047 5338 1257 5383; x_wconf 88' lang='lat' dir='ltr'><strong>arecto</strong></span> <span class='ocrx_word' id='word_1_690' title='bbox 1288 5330 1418 5385; x_wconf 83' lang='lat' dir='ltr'><strong>fidei</strong></span> <span class='ocrx_word' id='word_1_691' title='bbox 1483 5333 1707 5386; x_wconf 88' lang='lat' dir='ltr'><strong>tramite</strong></span> <span class='ocrx_word' id='word_1_692' title='bbox 1757 5330 2075 5396; x_wconf 82' lang='lat' dir='ltr'><strong>deﬂexisse,</strong></span> <span class='ocrx_word' id='word_1_693' title='bbox 2131 5341 2335 5401; x_wconf 74' lang='lat' dir='ltr'><strong>praeter</strong></span> <span class='ocrx_word' id='word_1_694' title='bbox 2387 5336 2693 5385; x_wconf 83' lang='lat' dir='ltr'><strong>multorum</strong></span> <span class='ocrx_word' id='word_1_695' title='bbox 2735 5331 3083 5401; x_wconf 85' lang='lat' dir='ltr'><strong>opinionem,</strong></span> <span class='ocrx_word' id='word_1_696' title='bbox 3144 5331 3265 5384; x_wconf 61' lang='lat' dir='ltr'><strong>haec</strong></span> <span class='ocrx_word' id='word_1_697' title='bbox 3321 5329 3552 5384; x_wconf 88' lang='lat' dir='ltr'><strong>homilia</strong></span> <span class='ocrx_word' id='word_1_698' title='bbox 3575 5329 3758 5385; x_wconf 88' lang='lat' dir='ltr'><strong>docet.</strong></span> 
     </span>
    </p>
   </div>
   <div class='ocr_carea' id='block_1_62' title="bbox 443 5403 3762 5489">
    <p class='ocr_par' dir='ltr' id='par_1_62' title="bbox 443 5403 3762 5489">
     <span class='ocr_line' id='line_1_62' title="bbox 443 5403 3762 5489; baseline 0.005 -30"><span class='ocrx_word' id='word_1_699' title='bbox 443 5403 618 5461; x_wconf 85' lang='lat' dir='ltr'><strong>Miror</strong></span> <span class='ocrx_word' id='word_1_700' title='bbox 642 5417 824 5465; x_wconf 91' lang='lat' dir='ltr'><strong>tamen</strong></span> <span class='ocrx_word' id='word_1_701' title='bbox 853 5421 909 5466; x_wconf 86' lang='lat' dir='ltr'><strong>et</strong></span> <span class='ocrx_word' id='word_1_702' title='bbox 944 5413 1067 5469; x_wconf 90' lang='lat' dir='ltr'><strong>sine</strong></span> <span class='ocrx_word' id='word_1_703' title='bbox 1098 5414 1203 5470; x_wconf 87' lang='lat' dir='ltr'><strong>hac</strong></span> <span class='ocrx_word' id='word_1_704' title='bbox 1228 5419 1384 5471; x_wconf 88' lang='lat' dir='ltr'><strong>viros</strong></span> <span class='ocrx_word' id='word_1_705' title='bbox 1412 5416 1611 5473; x_wconf 86' lang='lat' dir='ltr'><strong>doctos</strong></span> <span class='ocrx_word' id='word_1_706' title='bbox 1642 5432 1805 5474; x_wconf 86' lang='lat' dir='ltr'><strong>secus</strong></span> <span class='ocrx_word' id='word_1_707' title='bbox 1839 5418 2099 5489; x_wconf 86' lang='lat' dir='ltr'><strong>opinatos</strong></span> <span class='ocrx_word' id='word_1_708' title='bbox 2128 5434 2280 5474; x_wconf 87' lang='lat' dir='ltr'><strong>esse.</strong></span> <span class='ocrx_word' id='word_1_709' title='bbox 2314 5416 2456 5473; x_wconf 84' lang='lat' dir='ltr'><strong>Nam</strong></span> <span class='ocrx_word' id='word_1_710' title='bbox 2505 5419 2745 5489; x_wconf 88' lang='lat' dir='ltr'><strong>primum</strong></span> <span class='ocrx_word' id='word_1_711' title='bbox 2806 5420 2941 5489; x_wconf 87' lang='lat' dir='ltr'><strong>quid</strong></span> <span class='ocrx_word' id='word_1_712' title='bbox 2976 5418 3125 5472; x_wconf 87' lang='lat' dir='ltr'><strong>aliud</strong></span> <span class='ocrx_word' id='word_1_713' title='bbox 3165 5434 3197 5471; x_wconf 90' lang='lat' dir='ltr'><strong>a</strong></span> <span class='ocrx_word' id='word_1_714' title='bbox 3243 5415 3431 5471; x_wconf 88' lang='lat' dir='ltr'><strong>Pbotii</strong></span> <span class='ocrx_word' id='word_1_715' title='bbox 3484 5418 3762 5489; x_wconf 89' lang='lat' dir='ltr'><strong>discipulo</strong></span> 
     </span>
    </p>
   </div>
   <div class='ocr_carea' id='block_1_63' title="bbox 442 5499 3763 5577">
    <p class='ocr_par' dir='ltr' id='par_1_63' title="bbox 442 5499 3763 5577">
     <span class='ocr_line' id='line_1_63' title="bbox 442 5499 3763 5577; baseline 0.004 -31"><span class='ocrx_word' id='word_1_716' title='bbox 442 5499 906 5563; x_wconf 68' lang='lat' dir='ltr'><strong>chpectatctur?</strong></span> <span class='ocrx_word' id='word_1_717' title='bbox 939 5500 1140 5557; x_wconf 86' lang='lat' dir='ltr'><strong>deinde</strong></span> <span class='ocrx_word' id='word_1_718' title='bbox 1169 5519 1337 5574; x_wconf 89' lang='lat' dir='ltr'><strong>quam</strong></span> <span class='ocrx_word' id='word_1_719' title='bbox 1372 5506 1669 5576; x_wconf 88' lang='lat' dir='ltr'><strong>perspicue</strong></span> <span class='ocrx_word' id='word_1_720' title='bbox 1698 5506 1923 5576; x_wconf 85' lang='lat' dir='ltr'><strong>vulgata</strong></span> <span class='ocrx_word' id='word_1_721' title='bbox 1956 5507 2014 5560; x_wconf 90' lang='lat' dir='ltr'><strong>in</strong></span> <span class='ocrx_word' id='word_1_722' title='bbox 2058 5507 2424 5563; x_wconf 82' lang='lat' dir='ltr'><strong>Pentecosten</strong></span> <span class='ocrx_word' id='word_1_723' title='bbox 2459 5507 2689 5562; x_wconf 92' lang='lat' dir='ltr'><strong>homilia</strong></span> <span class='ocrx_word' id='word_1_724' title='bbox 2724 5506 3050 5561; x_wconf 90' lang='lat' dir='ltr'><strong>Photianam</strong></span> <span class='ocrx_word' id='word_1_725' title='bbox 3096 5522 3162 5561; x_wconf 90' lang='lat' dir='ltr'><strong>eo</strong></span> <span class='ocrx_word' id='word_1_726' title='bbox 3191 5506 3316 5561; x_wconf 91' lang='lat' dir='ltr'><strong>loco</strong></span> <span class='ocrx_word' id='word_1_727' title='bbox 3339 5506 3525 5577; x_wconf 89' lang='lat' dir='ltr'><strong>prodit</strong></span> <span class='ocrx_word' id='word_1_728' title='bbox 3551 5506 3763 5561; x_wconf 82' lang='lat' dir='ltr'><strong>doctri-</strong></span> 
     </span>
    </p>
   </div>
   <div class='ocr_carea' id='block_1_64' title="bbox 442 5587 3762 5667">
    <p class='ocr_par' dir='ltr' id='par_1_64' title="bbox 442 5587 3762 5667">
     <span class='ocr_line' id='line_1_64' title="bbox 442 5587 3762 5667; baseline 0.004 -30"><span class='ocrx_word' id='word_1_729' title='bbox 442 5600 594 5651; x_wconf 83' lang='lat' dir='ltr'><strong>nam,</strong></span> <span class='ocrx_word' id='word_1_730' title='bbox 624 5602 732 5656; x_wconf 91' lang='lat' dir='ltr'><strong>quo</strong></span> <span class='ocrx_word' id='word_1_731' title='bbox 765 5587 1036 5661; x_wconf 87' lang='lat' dir='ltr'><strong>Spiritum</strong></span> <span class='ocrx_word' id='word_1_732' title='bbox 1077 5605 1332 5651; x_wconf 86' lang='lat' dir='ltr'><strong>sanctum</strong></span> <span class='ocrx_word' id='word_1_733' title='bbox 1366 5596 1437 5651; x_wconf 90' lang='lat' dir='ltr'><strong>ab</strong></span> <span class='ocrx_word' id='word_1_734' title='bbox 1470 5596 1541 5652; x_wconf 87' lang='lat' dir='ltr'><strong>iis</strong></span> <span class='ocrx_word' id='word_1_735' title='bbox 1568 5604 1722 5652; x_wconf 88' lang='lat' dir='ltr'><strong>recte</strong></span> <span class='ocrx_word' id='word_1_736' title='bbox 1747 5596 1853 5651; x_wconf 87' lang='lat' dir='ltr'><strong>coli</strong></span> <span class='ocrx_word' id='word_1_737' title='bbox 1894 5597 2198 5661; x_wconf 82' lang='lat' dir='ltr'><strong>asseritur,</strong></span> <span class='ocrx_word' id='word_1_738' title='bbox 2220 5597 2312 5667; x_wconf 79' lang='lat' dir='ltr'><strong>qui</strong></span> <span class='ocrx_word' id='word_1_739' title='bbox 2350 5605 2515 5667; x_wconf 83' lang='lat' dir='ltr'><strong>neque</strong></span> <span class='ocrx_word' id='word_1_740' title='bbox 2543 5597 2690 5650; x_wconf 82' lang='lat' dir='ltr'><strong>circa</strong></span> <span class='ocrx_word' id='word_1_741' title='bbox 2720 5596 2837 5664; x_wconf 77' lang='lat' dir='ltr'><strong>ejus</strong></span> <span class='ocrx_word' id='word_1_742' title='bbox 2863 5605 3123 5650; x_wconf 84' lang='lat' dir='ltr'><strong>naturam</strong></span> <span class='ocrx_word' id='word_1_743' title='bbox 3151 5594 3449 5667; x_wconf 80' lang='lat' dir='ltr'><strong>quidquam</strong></span> <span class='ocrx_word' id='word_1_744' title='bbox 3482 5596 3762 5662; x_wconf 78' lang='lat' dir='ltr'><strong>innovant,</strong></span> 
     </span>
    </p>
   </div>
   <div class='ocr_carea' id='block_1_65' title="bbox 442 5669 2055 5759">
    <p class='ocr_par' dir='ltr' id='par_1_65' title="bbox 442 5678 2018 5755">
     <span class='ocr_line' id='line_1_65' title="bbox 442 5678 2018 5755; baseline 0.01 -30"><span class='ocrx_word' id='word_1_745' title='bbox 442 5690 608 5744; x_wconf 81' lang='lat' dir='ltr'><strong>neque</strong></span> <span class='ocrx_word' id='word_1_746' title='bbox 647 5678 763 5747; x_wconf 80' lang='lat' dir='ltr'><strong>ejus</strong></span> <span class='ocrx_word' id='word_1_747' title='bbox 804 5680 1064 5751; x_wconf 76' lang='lat' dir='ltr'><strong>originem</strong></span> <span class='ocrx_word' id='word_1_748' title='bbox 1094 5684 1165 5738; x_wconf 86' lang='lat' dir='ltr'><strong>ad</strong></span> <span class='ocrx_word' id='word_1_749' title='bbox 1203 5685 1344 5739; x_wconf 78' lang='lat' dir='ltr'><strong>duas</strong></span> <span class='ocrx_word' id='word_1_750' title='bbox 1376 5696 1571 5739; x_wconf 66' lang='lat' dir='ltr'><strong>causa:</strong></span> <span class='ocrx_word' id='word_1_751' title='bbox 1610 5684 1891 5755; x_wconf 78' lang='lat' dir='ltr'><strong>referunt?</strong></span> <span class='ocrx_word' id='word_1_752' title='bbox 1924 5685 2018 5755; x_wconf 85' lang='grc' dir='ltr'><strong>Μὴ</strong></span> 
     </span>
    </p>
   </div>
   <div class='ocr_carea' id='block_1_66' title="bbox 2151 5669 3764 5759">
    <p class='ocr_par' dir='ltr' id='par_1_66' title="bbox 2151 5669 3764 5759">
     <span class='ocr_line' id='line_1_66' title="bbox 2151 5669 3764 5759; baseline -0.001 -20"><span class='ocrx_word' id='word_1_753' title='bbox 2151 5702 2223 5739; x_wconf 76' lang='grc' dir='ltr'><strong>νον</strong></span> <span class='ocrx_word' id='word_1_754' title='bbox 2255 5685 2388 5756; x_wconf 71' lang='grc' dir='ltr'>περὶ</span> <span class='ocrx_word' id='word_1_755' title='bbox 2416 5687 2517 5755; x_wconf 77' lang='grc' dir='ltr'>τὴν</span> <span class='ocrx_word' id='word_1_756' title='bbox 2561 5684 2726 5754; x_wconf 84' lang='grc' dir='ltr'>φύσιν</span> <span class='ocrx_word' id='word_1_757' title='bbox 2752 5685 2813 5737; x_wconf 84' lang='grc' dir='ltr'>οὐ</span> <span class='ocrx_word' id='word_1_758' title='bbox 2848 5669 3329 5759; x_wconf 63' lang='grc' dir='ltr'><strong>καινοτομοῦντες,</strong></span> <span class='ocrx_word' id='word_1_759' title='bbox 3362 5684 3503 5738; x_wconf 78' lang='grc' dir='ltr'>ἀλλὰ</span> <span class='ocrx_word' id='word_1_760' title='bbox 3527 5683 3653 5757; x_wconf 80' lang='grc' dir='ltr'><strong>μηδ’</strong></span> <span class='ocrx_word' id='word_1_761' title='bbox 3678 5686 3764 5749; x_wconf 81' lang='grc' dir='ltr'>είς</span> 
     </span>
    </p>
   </div>
   <div class='ocr_carea' id='block_1_67' title="bbox 441 5763 2054 5846">
    <p class='ocr_par' dir='ltr' id='par_1_67' title="bbox 441 5763 2054 5840">
     <span class='ocr_line' id='line_1_67' title="bbox 441 5763 2054 5840; baseline 0.01 -25"><span class='ocrx_word' id='word_1_762' title='bbox 441 5763 623 5819; x_wconf 74' lang='grc' dir='ltr'>αἰτίαν</span> <span class='ocrx_word' id='word_1_763' title='bbox 659 5768 792 5824; x_wconf 79' lang='grc' dir='ltr'>αὐτὸ</span> <span class='ocrx_word' id='word_1_764' title='bbox 832 5769 1029 5838; x_wconf 76' lang='grc' dir='ltr'><strong>διπλῆν</strong></span> <span class='ocrx_word' id='word_1_765' title='bbox 1052 5772 1457 5840; x_wconf 75' lang='grc' dir='ltr'>ἀναφέροντεςο</span> <span class='ocrx_word' id='word_1_766' title='bbox 1484 5773 1690 5839; x_wconf 84' lang='lat' dir='ltr'><strong>quibus</strong></span> <span class='ocrx_word' id='word_1_767' title='bbox 1719 5774 1904 5833; x_wconf 86' lang='lat' dir='ltr'><strong>verbis</strong></span> <span class='ocrx_word' id='word_1_768' title='bbox 1937 5772 2054 5832; x_wconf 84' lang='lat' dir='ltr'><strong>Cati</strong></span> 
     </span>
    </p>
   </div>
   <div class='ocr_carea' id='block_1_68' title="bbox 2152 5763 3765 5846">
    <p class='ocr_par' dir='ltr' id='par_1_68' title="bbox 2152 5774 3765 5846">
     <span class='ocr_line' id='line_1_68' title="bbox 2152 5774 3765 5846; baseline 0 -15"><span class='ocrx_word' id='word_1_769' title='bbox 2152 5789 2259 5833; x_wconf 80' lang='lat' dir='ltr'><strong>.cos</strong></span> <span class='ocrx_word' id='word_1_770' title='bbox 2289 5776 2590 5845; x_wconf 81' lang='lat' dir='ltr'><strong>perstringi</strong></span> <span class='ocrx_word' id='word_1_771' title='bbox 2647 5783 2819 5846; x_wconf 84' lang='lat' dir='ltr'><strong>patet,</strong></span> <span class='ocrx_word' id='word_1_772' title='bbox 2876 5774 3364 5846; x_wconf 80' lang='lat' dir='ltr'><strong>orthodoxamque</strong></span> <span class='ocrx_word' id='word_1_773' title='bbox 3422 5774 3765 5834; x_wconf 82' lang='lat' dir='ltr'><strong>sententiam</strong></span> 
     </span>
    </p>
   </div>
  </div>
