4086 6298
437 315 540 381 135

1684 322 1966 385 LEONIS
2004 325 2474 386 PIIILOSOPIII

3636 331 3740 396 136

431 428 521 481 die
553 426 660 482 ista
701 442 800 483 nos
837 426 1093 482 adventui
1138 427 1258 495 ejus
1291 426 1508 482 debitos
1543 428 1780 484 honores
1808 431 2023 500 persol-

2130 436 2280 504 ἡμᾶς
2313 436 2476 504 ἐτίμα
2512 437 2578 506 τῇ
2635 435 2933 507 παρουσίᾳ,
2969 437 3213 507 σήμερον
3243 438 3409 507 ἡμεῖς
3433 436 3535 508 τὴν
3563 441 3737 494 αὐτοῦ

431 519 636 574 vimus.
675 518 807 574 lleri
854 519 1178 573 henelicium
1236 533 1265 571 a
1317 519 1482 573 nobis
1528 531 1837 590 acceptum,
1873 520 2035 574 hodie

433 622 667 668 sanctus
703 613 943 683 Spiritus
967 611 1141 682 gloria
1162 619 1547 680 argumentum
1573 613 1892 682 suppeditat
1916 613 2034 665 lau-

432 706 615 759 dibus.
643 705 908 771 Quamam
941 718 1074 758 vero
1100 703 1254 756 illum
1285 703 1460 772 magis
1490 705 1684 757 deceat
1711 703 1872 756 laus?
1899 704 2033 756 Pro-

430 804 520 857 cul
559 802 731 858 dubio
761 801 934 858 Deum
967 801 1242 857 conﬁteri.
1274 800 1575 872 PrOpterea
1604 802 1819 857 scilicet
1842 817 1872 856 a
1893 802 2031 858 Filio

430 893 693 958 mittitur,
717 893 822 947 hoc
852 892 955 964 ipsi
982 904 1274 961 praestans,
1307 907 1436 948 cum
1467 893 1535 947 ad
1563 908 1689 948 eum
1717 893 2033 964 gloriﬁcan-

429 987 561 1040 dum
591 985 936 1065 advenerit‘.
973 983 1137 1040 Venit
1167 1001 1298 1054 ergo
1337 985 1615 1055 propriam
1660 1002 1880 1056 quoque
1910 987 2031 1057 glo-

422 1076 568 1133 riam
601 1075 920 1134 hominibus
953 1077 1358 1147 patefacturus.
1394 1077 1698 1146 Oportebat
1725 1080 1895 1142 enim,
1936 1095 2031 1134 eo-

429 1171 646 1226 lendam
678 1179 815 1244 ante
838 1172 1029 1227 orbem
1077 1170 1362 1226 conditum
1418 1171 1741 1226 Trinitatem
1774 1174 1842 1227 ab
1876 1173 2030 1228 orbis

430 1261 631 1317 incolis
660 1262 1031 1317 communiter
1072 1262 1373 1331 aliquando
1405 1262 1548 1328 coli;
1597 1263 1742 1331 quod
1777 1272 1836 1316 ut
1866 1264 2030 1321 hodie

428 1351 686 1407 alacriter
714 1351 973 1407 ostendat
1002 1352 1204 1429 oratio,
1234 1351 1453 1407 initium
1487 1353 1570 1408 sic
1604 1361 1812 1409 statuo.

498 1629 652 1686 Unus
697 1628 843 1684 Deus
889 1628 942 1681 in
980 1627 1165 1692 Patre,
1195 1636 1249 1684 et
1276 1627 1440 1690 Filio,
1473 1639 1527 1683 et
1559 1627 1768 1698 Spiritu
1805 1637 2024 1693 sancto,

2137 526 2392 595 τιμῶμεν
2429 526 2758 596 ἐπιδημίαν·
2805 526 2932 596 χθὲς
2979 529 3115 596 ἡμῖν
3151 528 3413 590 ὑπόθεσις
3445 528 3549 597 τῆς
3595 545 3739 583 παν-

2138 618 2392 691 ηγύρεως
2421 621 2453 689 ή
2485 621 2730 689 ὑμετέρα
2760 619 3072 689 εὐεργεσία,
3105 621 3346 690 σήμερον
3377 621 3604 691 ἀφορμὴ
3634 623 3732 676 τοῦ

2137 711 2534 781 πανηγυρίζειν
2576 712 2610 781 ἡ
2655 710 2747 762 τοῦ
2796 709 3116 780 Πνεύματος
3167 710 3468 779 δοξολογία.
3508 696 3605 776 Τίς
3637 712 3736 768 οῦν

2136 801 2335 871 ἐκείνῳ
2365 802 2654 871 πρέπουσα
2695 801 2894 869 γένοιτ’
2923 801 2990 854 ἂν
3025 800 3341 868 δοξολογία;
3387 802 3452 856 Ἦ
3478 805 3580 875 τῆς
3611 803 3735 857 θεοο

2136 891 2386 964 πρεποῦς
2423 891 2582 961 δόξης
2639 891 2919 961 ὁμολογία.
2952 889 3032 942 Δι’
3085 890 3156 960 ἠν
3207 892 3603 948 ἀποστέλλεται
3634 897 3733 964 μὲν

2136 983 2290 1050 παρὰ
2341 982 2434 1035 τοῦ
2498 981 2671 1044 Υίοῦ,
2727 982 3292 1054 πραγματευσόμενος
3343 983 3504 1037 τοῦτο
3555 984 3728 1055 αὐτῷ.

2149 1074 2356 1128 Ἐκεῖνο
2390 1074 2500 1144 γὰρ
2548 1073 2789 1138 δοξάσων
2819 1074 3099 1144 ἐλήλυθεν.
3127 1067 3275 1128 Ἥλιε
3313 1075 3373 1127 δὲ
3398 1077 3494 1129 καὶ
3521 1077 3623 1147 τὴν
3646 1078 3729 1130 oi-

2134 1167 2289 1220 κείαν
2318 1167 2485 1237 τιμὴν
2521 1167 2842 1238 ὲμφανίσων
2865 1166 2945 1236 τῷ
2981 1167 3290 1238 πλάσματι.
3329 1167 3730 1238 Ἐπείπερέδει

2132 1259 2232 1331 τὴν
2263 1260 2371 1330 πρὸ
2405 1259 2501 1312 τοῦ
2565 1259 2660 1312 τὸν
2710 1259 2918 1329 κόσμον
2954 1255 3096 1312 εἶναι
3150 1261 3470 1331 τιμωμένην
3498 1262 3725 1332 Τριὰδα,

2132 1352 2228 1404 καὶ
2284 1352 2390 1405 ὑπὸ
2435 1351 2546 1405 τῶν
2569 1354 2624 1405 ὲν
2651 1353 2841 1421 κόσμῳ
2879 1340 3017 1421 ’ἅμα
3050 1354 3336 1423 τιμᾶσθαι.
3374 1356 3440 1407 Ὃ
3487 1355 3729 1425 σήμερον

2133 1444 2590 1515 προθυμούμενος
2653 1444 2682 1496 ὁ
2735 1445 2896 1510 λόγος
2964 1446 3166 1510 ποιεῖν,
3225 1445 3372 1499 οὕτω
3418 1445 3516 1500 τοῦ
3565 1447 3724 1516 λόγου

2131 1537 2462 1606 ἀπάρχεται.
2825 1585 2831 1592 .

2204 1623 2300 1690 Εἷς
2332 1628 2465 1690 Θεὸς
2496 1629 2554 1681 ἐν
2588 1629 2765 1699 Πατρὶ
2801 1628 2896 1681 καὶ
2953 1627 3070 1700 Υίῷ
3114 1629 3209 1681 καὶ
3249 1627 3390 1699 ἁγίῳ
3423 1627 3724 1697 Πνεύματι,

427 1719 669 1775 Trinitas
707 1735 1069 1790 personarum
1111 1720 1322 1775 unitate
1358 1729 1570 1774 natura:
1605 1720 1661 1775 in
1695 1737 1862 1775 unum
1894 1736 2023 1776 coa-

2134 1716 2489 1769 ὑποστάσεων
2517 1717 2688 1786 Τριὰς
2736 1720 2819 1780 είς
2860 1718 2918 1770 ἓν
2951 1718 3228 1784 συνιοῦσα,
3265 1719 3455 1790 μονάδι
3485 1719 3723 1787 φύσεως,

427 1812 665 1876 Iescens,
692 1825 759 1864 ex
802 1825 861 1864 se
912 1810 1198 1881 perfecta,
1266 1813 1539 1878 completa
1563 1851 1579 1878 ,
1614 1826 1831 1881 semper
1878 1813 2029 1868 exsi-

424 1914 606 1972 stens,
638 1914 691 1959 et
726 1907 817 1970 iis,
852 1920 973 1974 qua:
1024 1914 1175 1969 sunt,
1210 1920 1331 1960 esse
1380 1907 1632 1972 praebens
1663 1925 1676 1961 :
1713 1919 1816 1960 nec
1869 1905 2032 1960 Patre

423 1997 762 2066 sempiterna
807 1996 982 2066 gloria
1012 2011 1257 2065 unquam
1318 1996 1587 2061 multato,
1623 1998 1837 2051 etiamsi
1870 1995 2028 2064 Filio,

422 2089 517 2159 qui
570 2088 754 2142 Patris
803 2096 887 2142 est
922 2087 1119 2157 gloria,
1157 2089 1396 2141 nondum
1434 2096 1730 2156 apparente
1759 2087 1835 2158 (ὅ)
1890 2087 2026 2142 late-

423 2188 541 2248 ret;
578 2195 678 2236 nec
707 2179 872 2245 Filio,
907 2180 1136 2237 etiamsi
1171 2180 1383 2235 tardius
1416 2181 1681 2248 illuxerit,
1710 2181 1894 2236 minus
1925 2183 2028 2234 ha-

421 2273 604 2339 bente,
637 2287 804 2342 quam
837 2272 1037 2339 Pater;
1070 2288 1174 2327 nec
1211 2271 1446 2342 Spiritu.
1478 2274 1698 2328 etiamsi
1732 2276 1784 2328 in
1815 2274 2028 2329 theolo-

421 2367 511 2436 gia
560 2367 782 2420 tertiu’m
832 2362 1084 2420 obtiii‘eat
1133 2364 1340 2431 locum,
1375 2365 1657 2434 posterius
1707 2381 1831 2421 esse
1880 2365 2026 2419 acci-

421 2458 610 2526 piente
641 2475 654 2511 :
699 2455 796 2511 sed
829 2456 1301 2512 coexsistentibus
1339 2456 1536 2523 simul,
1569 2471 1634 2511 ac
1663 2471 1820 2526 aeque
1854 2458 2025 2528 glori-

421 2546 676 2610 ilcandis,
705 2546 958 2617 quamvis
986 2544 1155 2600 Pater
1181 2547 1331 2601 velut
1365 2546 1696 2617 principium
1730 2547 1820 2610 sit,
1854 2557 1909 2602 et
1928 2563 2022 2602 ra-

421 2640 515 2693 dix
536 2679 551 2703 ,
587 2638 764 2693 Filius
797 2653 946 2703 vero,
977 2652 1043 2692 ac
1073 2636 1322 2706 Spiritus
1345 2638 1495 2692 velut
1519 2639 1659 2691 rami
1695 2637 1919 2708 quidam
1954 2643 2022 2695 ab

419 2739 626 2785 aeterno
663 2730 1074 2801 pullulaverint.
1103 2728 1222 2784 Hoc
1254 2730 1321 2783 de
1350 2729 1462 2785 Deo
1491 2730 1688 2800 dogma
1715 2731 2021 2802 antiquitus
2066 2731 2077 2745 ι

420 2821 643 2891 quidem
680 2822 859 2876 edocti
885 2821 1061 2890 aliqui
1093 2830 1246 2884 sunt,
1279 2821 1467 2875 divina
1494 2821 1741 2877 bonitate
1760 2837 1820 2878 se
1842 2822 2018 2892 ipsam

419 2915 736 2984 benigniter
786 2913 1072 2982 prodente,
1106 2912 1344 2966 obscure
1391 2919 1598 2976 tamen,
1634 2911 1865 2981 ejusque
1898 2914 2021 2985 pul-

419 3005 733 3059 chritudine
782 3003 957 3059 fuscis
1016 3012 1232 3057 tantum
1287 3003 1571 3057 coloribus
1640 3001 1908 3073 depicta,
1963 3012 2018 3060 et

2136 1807 2458 1875 αὐτοτελὴς,
2493 1807 2876 1878 ὑπερπλήρης,
2915 1811 3002 1862 disi.
3040 1810 3201 1874 οῦσα,
3241 1812 3334 1864 καὶ
3373 1813 3489 1873 τοῖς
3513 1807 3636 1864 οὖσι
3669 1810 3727 1862 τὸ

2136 1896 2278 1952 εῖναι
2327 1900 2711 1970 παρασχοῦσα,
2775 1902 2900 1954 οὔτε
2929 1901 3024 1954 τοῦ
3061 1901 3279 1973 Harpe;
3310 1902 3727 1972 ἀκρωτηριαζο-

2137 1991 2301 2059 μένου
2361 1990 2465 2059 τῆς
2521 1991 2696 2043 ἁῖδίου
2745 1991 2924 2060 δόξης,
2983 1991 3063 2063 τῷ
3107 1992 3334 2064 ὕστερον
3366 1992 3466 2064 τὴν
3511 1993 3723 2047 ἐκείνου

2129 2081 2288 2145 δόξαν
2319 2083 2411 2135 τὸν
2442 2081 2570 2134 Υἱδν
2604 2084 2970 2151 ὲκπεφάνθαι,
2999 2085 3131 2155 πρὶν
3163 2085 3219 2137 δὲ
3249 2084 3561 2155 ἀνυπαρξίᾳ
3586 2102 3724 2156 κρυ-

2131 2173 2407 2242 πτομένου
2437 2189 2450 2204 ο
2487 2172 2612 2226 οὔτε
2647 2173 2742 2227 τοῦ
2778 2175 2910 2228 Υίοῦ
2965 2176 3024 2229 ὲν
3058 2179 3136 2246 τῷ
3174 2177 3496 2243 ἀπαυγάσαι
3544 2176 3723 2245 ὀψιαί-

2127 2285 2307 2338 τερον,
2345 2269 2498 2338 μεῖον
2519 2267 2782 2338 φέροντος
2808 2269 2904 2320 τοῦ
2939 2267 3174 2339 Πατρδς,
3206 2266 3330 2321 οὗτε
3355 2265 3448 2320 τοῦ
3475 2268 3727 2338 Πνεῦμα-

2127 2379 2220 2425 τος
2244 2361 2338 2414 τοῦ
2367 2361 2526 2428 ἁγίου
2551 2377 2566 2394 ο
2597 2362 2646 2413 εί
2712 2360 2807 2413 καὶ
2844 2361 3039 2430 τρίτην
3071 2363 3129 2414 ὲν
3173 2363 3241 2431 τῇ
3290 2359 3542 2432 θεολογίᾳ
3570 2360 3724 2426 τάξιν

2128 2451 2263 2521 ἔχει,
2310 2449 2780 2521 μεταγενεστέραν
2810 2449 3070 2520 λαχόντος
3121 2451 3222 2522 τὴν
3279 2449 3535 2522 ὕπαρξιν.
3580 2449 3725 2504 Ἀλλ’

2126 2544 2263 2613 ὁμοῦ
2298 2544 2407 2598 τῶν
2430 2543 2600 2615 τριῶν
2636 2544 2906 2598 συνόντων
2960 2545 3056 2599 καὶ
3095 2545 3376 2614 ὁμοτίμως
3431 2544 3727 2616 δοξαζομέ-

2126 2654 2270 2691 νωνο
2327 2637 2428 2691 κᾶν
2477 2639 2506 2690 ὁ
2573 2639 2671 2709 μὲν
2719 2637 2797 2702 ὼς
2846 2637 2990 2709 ἁρχὴ
3034 2639 3125 2691 καὶ
3181 2637 3343 2709 ῥίζα,
3376 2638 3504 2701 Υἱὸς
3535 2639 3592 2692 δὲ
3629 2640 3726 2694 καὶ

2127 2731 2354 2801 Πνεῦμα
2410 2725 2521 2784 οἷον
2571 2729 2794 2801 βλαστοί
2829 2747 2975 2794 τινες
3020 2731 3208 2794 ἀϊδίως
3271 2731 3720 2802 συνεκτεθήλασι.

2123 2825 2303 2878 Τοῦτο
2333 2825 2395 2896 δὴ
2427 2825 2487 2878 τὸ
2520 2825 2648 2895 περὶ¹
2677 2822 2815 2875 Θεοῦ
2853 2824 3031 2893 δόγμα
3059 2824 3226 2877 πάλαι
3255 2822 3355 2895 μέν
3383 2841 3528 2888 τινες
3549 2825 3725 2896 ὲμυή⁸

2124 2917 2319 2990 θησαν,
2361 2914 2784 2986 ἐφιλανθρώπως
2833 2915 3040 2985 ἑαυτὴν
3109 2915 3566 2987 ὲκκαλυπτούσης
3618 2915 3723 2985 τῆς

2121 3009 2421 3081 θεαρχικῆς
2454 3008 2819 3078 ἀγαθότητος,
2865 3006 3006 3078 πλὴν
3064 3007 3347 3079 ἀμυδρῶς,
3389 3007 3723 3080 ὥσπερ,τισὶ

419 3097 619 3166 aptiori
669 3110 788 3151 aevo
843 3104 1146 3152 reservata.
1184 3093 1325 3150 Hinc
1357 3097 1642 3151 colebatur
1691 3097 1823 3153 olim
1873 3097 2017 3153 Deus

2126 3102 2379 3172 χρώμασι
2430 3101 2814 3169 στυγνοτέροις
2839 3098 3189 3169 γραφομένου
3232 3095 3327 3150 τοῦ
3358 3098 3590 3159 κάλλους
3621 3100 3723 3167 τῆς

417 3189 581 3243 Pater
611 3204 639 3242 a
669 3188 895 3259 populo,
921 3189 1101 3259 ipsum
1133 3196 1343 3242 tantum
1373 3202 1676 3258 agnoscere
1704 3189 2014 3258 proﬁtente,

417 3296 521 3336 nec
545 3280 748 3335 Filium
773 3319 788 3342 ,
822 3280 919 3350 qui
965 3279 1154 3333 omnia
1195 3278 1464 3350 possidet,
1502 3294 1625 3350 qua:
1656 3280 1838 3343 Pater.
1870 3280 2020 3350 ejus-

416 3374 542 3429 dem
598 3372 784 3428 cultus
830 3371 1156 3441 participem
1211 3369 1472 3434 faciente,
1498 3371 1716 3426 etiamsi
1765 3372 2017 3443 pluribus

420 3462 598 3517 modis
630 3476 689 3516 se
715 3460 1048 3531 prodidisset
1070 3460 1114 3514 ³.
1144 3457 1282 3513 Cum
1309 3475 1436 3513 vero
1467 3460 1712 3514 nondum
1750 3461 1890 3530 apud
1917 3475 2018 3516 nos

416 3555 513 3608 lux
543 3553 887 3616 emicuisset,
911 3566 1035 3621 quae
1056 3549 1222 3604 simul
1255 3564 1383 3603 cum
1407 3549 1666 3607 Genitore
1690 3559 1817 3608 ante
1840 3567 2015 3607 aevum

415 3645 669 3709 emicuit,
706 3645 1073 3698 collucentem
1132 3656 1259 3697 cum
1319 3658 1385 3698 eo
1441 3640 1711 3712 Spiritum
1770 3645 2017 3699 nondum

415 3739 673 3793 homines
724 3736 912 3793 debito
960 3736 1174 3790 honore
1222 3736 1700 3805 prosequebantur
1736 3754 1750 3790 :
1784 3747 1870 3791 ast
1919 3736 2016 3791 ubi

415 3830 597 3884 Patris
626 3829 798 3898 gloria
834 3843 933 3898 per
975 3826 1335 3897 Unigenitum
1394 3842 1556 3882 suum
1612 3829 1818 3884 clarior
1852 3843 2020 3900 appa-

415 3923 550 3985 ruit,
579 3923 766 3976 statim
826 3921 1003 3991 ipsius
1057 3919 1323 3975 divinitas
1374 3918 1619 3975 innotuit
1646 3921 1925 3986 omnibus,
1958 3937 2019 3978 se

413 4015 568 4084 ipsos
613 4015 672 4068 in
720 4027 878 4070 Suam
914 4010 1219 4083 perniciem
1258 4026 1369 4066 non
1402 4013 1834 4068 excaecantibus.
1863 4013 2019 4070 Tunc

413 4119 550 4174 ergo
584 4104 753 4160 simul
787 4118 1030 4175 regnans
1061 4101 1305 4174 Spiritus
1338 4101 1576 4172 eﬂulsit;
1607 4106 1762 4175 prius
1791 4107 2014 4177 quidem

415 4211 542 4250 cum
575 4194 818 4250 Verbum
871 4195 928 4249 in
971 4202 1121 4250 terra
1151 4195 1373 4262 degeret
1402 4196 1582 4264 ipsum
1615 4196 1889 4252 comitans
1911 4237 1926 4261 ,
1962 4206 2018 4253 et

415 4301 543 4340 cum
578 4289 720 4358 ipso,
747 4301 869 4356 qua“:
904 4286 1076 4341 Deum
1112 4284 1398 4350 decerent,
1430 4301 1718 4356 peragens,
1752 4288 2016 4342 testiﬁca-

415 4379 738 4448 tionemque
773 4389 1067 4449 praestans,
1097 4386 1153 4432 et
1186 4377 1442 4432 vicissim
1473 4379 1748 4447 recipiens
1780 4395 1792 4431 :
1821 4379 2019 4435 deinde
2059 4434 2064 4444 λ

2121 3192 2430 3256 εὐσεϐείας,
2461 3192 2558 3244 καὶ
2585 3190 2991 3262 ταμιευομένης
3025 3191 3105 3253 είς
3137 3191 3228 3242 τὸν
3258 3190 3569 3261 καθήκοντα
3593 3207 3723 3245 και-

2121 3283 2215 3355 ρὸν
2242 3282 2342 3353 τῆς
2376 3281 2709 3352 τρανοτέρας
2760 3281 3169 3351 λαμπρότητος.
3193 3279 3351 3334 Οὕτω
3373 3279 3436 3350 δὴ
3453 3280 3723 3351 πρότερον

2119 3374 2148 3426 ὁ
2183 3373 2316 3436 Θεὸς
2346 3375 2441 3426 καὶ
2465 3375 2655 3442 Πατὴρ
2679 3373 2785 3425 ὑπὸ
2818 3371 2911 3426 τοῦ
2958 3374 3120 3442 μόνον
3150 3373 3362 3425 ἐκεῖνον
3388 3370 3597 3424 ειδέναι
3626 3370 3720 3422 λέ-

2119 3482 2308 3534 γοντος
2343 3466 2574 3534 ἐτιμᾶτο
2602 3463 2758 3527 λαοῦ,
2793 3463 2872 3534 μὴ
2893 3463 3239 3533 ποιουμένων
3264 3461 3413 3532 αὐτῷ
3442 3460 3718 3533 συμμερί-

2119 3574 2219 3627 την
2250 3556 2350 3626 τῆς
2379 3557 2544 3626 τιμῆς
2565 3555 2656 3610 τὸν
2685 3557 2886 3621 πάντα,
2935 3556 3038 3609 ὅσα
3068 3557 3183 3625 ἔχει
3222 3554 3250 3607 ὁ
3280 3555 3494 3628 Πατὴρ,
3520 3570 3721 3620 κεκτη-

2123 3647 2283 3718 μένον
2302 3647 2452 3711 Υἰὸν,
2484 3649 2532 3698 εί
2563 3645 2657 3698 καὶ
2687 3645 2973 3708 πλείσταις
3002 3645 3156 3709 ὅσαις
3189 3646 3498 3715 ἐμφάσεσιν
3524 3643 3719 3698 ἑαυτὸν

2119 3739 2472 3792 διεδείκνυεν.
2505 3736 2673 3791 Οὔπω
2701 3737 2760 3790 δὲ
2790 3737 2884 3790 τοῦ
2915 3737 3162 3809 ἀχρόνως
3193 3738 3292 3790 σὺν
3315 3736 3394 3807 τῷ
3423 3737 3719 3808 Γεννήτορι

2119 3831 2434 3901 ἀνίσχοντος
2469 3829 2649 3900 φωτὸς
2670 3831 2728 3882 ὲν
2763 3829 2942 3900 χρόνῳ
2975 3827 3053 3898 τῷ
3078 3827 3204 3882 καθ’
3223 3829 3374 3898 ἡμᾶς
3403 3827 3715 3898 ὀραθέντος,

2119 3928 2181 3982 τὸ
2241 3928 2658 3998 συναστράπτον
2728 3926 2878 3997 αὑτῷ
2920 3926 3148 3996 Πνεῦμα
3190 3925 3346 3978 οὔπω
3399 3925 3499 3994 τῆς
3545 3939 3718 3995 προσ-

2120 4019 2364 4091 ηκούσης
2413 4020 2568 4091 παρὰ
2613 4018 2723 4074 τῶν
2770 4017 3078 4089 ἀνθρώπων
3129 4015 3490 4088 ἐκληρονόμει
3522 4015 3716 4085 τιμῆς.

2132 4114 2287 4167 Ἐπεὶ
2305 4113 2362 4168 δὲ
2396 4113 2514 4182 ἅμα
2543 4113 2642 4182 μὲν
2668 4113 2702 4184 ἠ
2739 4111 2834 4165 τοῦ
2869 4111 3084 4181 [ἰατρὸς
3111 4109 3239 4172 δόξα
3286 4108 3375 4163 διὰ
3406 4106 3504 4162 τοῦ
3538 4108 3717 4162 Mavo-

2119 4199 2313 4268 γενοῦς
2347 4201 2704 4271 φανερωτέρα
2733 4200 3022 4270 γεγένητο,
3079 4198 3198 4270 ἅμα
3231 4198 3290 4251 δὲ
3335 4197 3433 4252 καὶ
3483 4197 3518 4267 ἡ
3547 4194 3716 4250 αὐτοῦ

2121 4290 2483 4362 πεφανέρωτο
2505 4291 2619 4353 τοῖς
2654 4292 2792 4361 πρὸς
2819 4289 2918 4360 τὴν
2950 4289 3102 4360 σφῶν
3131 4288 3191 4341 οὐ
3217 4288 3421 4360 μύσασι
3440 4288 3718 4358 σωτηρίαν

2121 4382 2349 4453 Θεότης,
2381 4381 2484 4452 ήδη
2514 4380 2703 4434 λοιπὸν
2731 4381 2825 4435 καὶ
2839 4381 2900 4434 τὸ
2928 4378 3331 4450 συμϐασιλεῦον
3353 4376 3716 4448 ἐμφανίζεται

414 4470 580 4524 etiam
616 4470 992 4535 manifestius,
1018 4481 1073 4525 et
1116 4470 1172 4524 in
1221 4469 1455 4525 ﬂamma:
1484 4472 1725 4540 speciem
1771 4472 2002 4528 descen-

2126 4474 2479 4544 Ινεῦμα.Καὶ
2512 4476 2644 4544 πρὶν
2680 4474 2779 4545 μὲν
2811 4473 3099 4542 ὲνξσώματι
3134 4470 3718 4542 συναναστρεφομένου

414 4562 574 4629 deus,
609 4578 736 4618 cum
770 4564 861 4618 ille
887 4564 956 4617 ad
995 4561 1168 4617 co:los
1198 4560 1314 4630 jam
1349 4562 1649 4618 evolasset.

2119 4566 2214 4621 τοῦ
2243 4568 2420 4636 Λόγου
2453 4567 2744 4637 συμπαρδν
2805 4564 2957 4635 αὐτῷ
3007 4565 3104 4617 καὶ
3154 4560 3625 4634 συνεργαζόμενον
3649 4561 3721 4615 τὰ

415 4658 718 4730 Θεοπρεπῆ,
751 4659 844 4712 καὶ
877 4655 1338 4730 προσμαρτυροῦν
1382 4655 1480 4727 τὴν
1511 4658 1759 4730 υῑὸτητα,
1791 4660 1888 4714 καὶ
1914 4657 2013 4732 τὴν
2053 4663 2184 4732 παρ’
2205 4661 2374 4716 αὑτοῦ
2417 4661 2726 4732 μαρτυρίαν
2761 4659 3160 4730 ἀντιλαμϐάνον
3183 4674 3198 4690 ο
3249 4657 3477 4730 ὕστερον
3533 4657 3591 4711 δὲ
3657 4656 3749 4730 ἐξ.

411 4751 572 4823 ἡμῶν
599 4751 940 4813 ἁναπτάντος
957 4752 1190 4819 ἐκείνου,
1214 4750 1563 4822 αὐτοκαθόδῳ
1585 4753 1788 4824 πυρίνῃ
1809 4755 2006 4824 ὁραθὲν
2045 4754 2475 4825 ἐμφανέστερον.

485 4843 643 4897 Nune
667 4844 810 4898 enim
849 4843 1144 4912 perspicue
1166 4844 1324 4899 visus
1353 4852 1439 4898 est
1469 4843 1818 4899 descendens
1853 4844 2022 4898 Para-

412 4937 598 5002 clitus,
623 4936 902 4990 Paraclito
931 4937 1110 4991 altero
1139 4935 1193 4990 in
1216 4934 1400 4992 Patris
1434 4936 1560 4991 sinu
1591 4945 1850 5008 recepto;
1888 4952 2019 5008 pro-

486 5089 502 5121 ί
541 5088 706 5144 Joan.
746 5087 984 5161 “1,”.
1061 5092 1083 5122 ³
1122 5085 1284 5143 Joan.
1319 5105 1432 5154 xvr,
1467 5089 1558 5144 15.

2200 4845 2318 4899 Νῦν
2372 4845 2484 4918 γὰρ
2542 4844 2802 4913 ἐμφανῶς
2860 4843 3016 4916 ὤφθη
3067 4842 3358 4905 καταπτὰς
3399 4843 3429 4895 ὁ
3465 4840 3589 4896 ἀντὶ
3617 4841 3715 4896 τοῦ

2127 4937 2266 5011 πρὸς
2322 4937 2414 4994 τὸν
2464 4938 2688 5009 Πατέρα
2753 4938 3120 5009 Παρακλήτου
3179 4933 3525 4998 ἁναπτάντος
3559 4933 3720 4997 ἄλλος

1967 5176 2200 5236 ΝΟΤᾸΕ.

487 5275 564 5339 (5)
609 5272 863 5327 Nondum
897 5281 1205 5342 apparente.
1244 5272 1505 5338 Quasdam
1539 5272 1630 5328 hic
1658 5271 1886 5326 adhibet
1910 5284 2010 5325 au-

411 5355 536 5402 (:tor
556 5345 825 5436 vocahqua
845 5359 910 5399 ex
938 5344 1232 5436 Οιριιγείιὲ,Χ
1255 5354 1312 5395 ιιι
1336 5345 1634 5436 appellant,
1679 5343 2010 5436 Areoppgita

412 5423 668 5470 lnutuata
702 5434 715 5469 :
748 5411 1125 5483 ‘Avurrapﬁiai,
1180 5411 1437 5483 mactet,
1491 5413 1782 5482 Θεαρχική.
1839 5411 2010 5464 Paulo

412 5496 539 5554 post
581 5485 786 5539 radicis
833 5493 888 5539 et
940 5498 1235 5554 ramorum
1262 5483 1679 5536 sin'iilitudinem
1712 5498 1817 5536 non
1849 5483 2009 5554 affert

414 5553 536 5610 sine
563 5557 691 5608 dolo
721 5575 735 5608 ε
772 5570 964 5609 verum
992 5553 1110 5607 haec
1139 5553 1274 5606 satis
1299 5555 1411 5621 jam
1445 5555 1714 5620 explicata
1759 5562 1812 5605 et
1835 5553 2009 5605 diluta

415 5621 569 5689 sunt,
610 5626 885 5695 praecipue
917 5639 948 5678 a
978 5622 1289 5690 Nicephoro
1324 5621 1646 5695 Blemmida,
1677 5632 1731 5676 et
1755 5637 1785 5675 a
1810 5621 2009 5695 Bessa-

416 5697 592 5758 rione,
613 5692 752 5750 cum
781 5692 947 5750 decis
978 5708 1044 5748 ex
1089 5693 1442 5762 suppositltio
1473 5694 1738 5764 Dionysio
1772 5692 2009 5760 objectis

416 5766 836 5837 responderent.
867 5765 1054 5835 Neque
1080 5765 1284 5819 mirum
1315 5771 1425 5832 est,
1450 5779 1482 5822 e
1512 5777 1847 5836 quacunque
1882 5777 2012 5819 san-

2114 5272 2381 5329 ctissimae
2411 5271 2708 5329 Trinitatis
2749 5275 3112 5332 similitudine
3159 5277 3321 5332 allata
3368 5277 3718 5334 ditﬁcultates

2115 5346 2380 5406 suboriri,
2414 5360 2542 5400 cum
2589 5353 2716 5414 apta
2766 5347 2823 5399 in
2874 5347 3017 5402 hanc
3046 5363 3162 5401 rem
3196 5350 3504 5403 similitudo
3530 5349 3716 5403 aderri

2114 5415 2289 5488 possit
2319 5416 2470 5488 nulla
2513 5431 2528 5469 :
2564 5415 2636 5468 ita
2669 5422 2732 5488 ut
2761 5417 2884 5471 illas
2916 5419 3275 5487 perpendenti
3297 5458 3314 5477 .
3346 5433 3470 5488 quae
3503 5419 3714 5486 pueris,

2115 5485 2673 5558 cuminstituuntur,
2711 5487 2855 5541 bona
2896 5485 3119 5552 mente,
3169 5499 3229 5542 ut
3277 5488 3329 5542 id
3364 5485 3714 5558 intelligant,

2114 5555 2263 5625 quod
2293 5557 2522 5624 intelligi
2556 5558 2766 5623 nequit,
2795 5559 3014 5612 recitari
3046 5559 3246 5623 solent,
3279 5574 3377 5613 eos
3405 5555 3590 5613 minus
3621 5572 3714 5612 rc-

2114 5628 2219 5680 ctis
2269 5625 2675 5693 quodammodo
2725 5627 3136 5699 phantasmatis
3184 5631 3463 5686 interdum
3517 5628 3715 5695 imbui,

2117 5697 2293 5752 videri
2328 5697 2524 5752 possit.

2117 5697 2293 5752 videri
2328 5697 2524 5767 possit.
