4086 6298
339 382 445 446 137

1309 381 1591 443 ORATIO
1631 382 1807 445 XIII.
1844 408 1912 419 -τ
1950 384 2045 444 DE
2074 384 2390 445 SPIRITU
2425 383 2735 444 SANCTO.

3526 378 3634 442 138

340 492 722 563 Παράκλητος,
778 490 1005 562 πληρῶν
1062 491 1162 561 μὲν
1228 494 1438 546 ἐκείνου
1470 493 1584 565 ῖτὴν
1615 495 1930 565 ὑπόσχεσιν,

2040 496 2362 553 missionem
2420 494 2570 551 illius
2608 494 2709 566 (Δ),
2743 499 2801 548 et
2832 491 2971 564 [quae
2998 491 3067 548 de
3094 506 3153 549 se
3180 492 3505 564 praphetlca
3549 495 3635 550 la-

340 585 567 655 πληρῶν
592 583 651 639 δὲ
690 583 784 637 καὶ
813 583 849 638 ἃ
870 583 1001 653 περὶ
1032 583 1224 637 αὐτοῦ’
1248 585 1512 657 θεοφορου
1522 586 1698 657 μένων
1735 587 1935 658 ὑπήχει

340 674 569 746 χείλεσι,
596 674 698 746 τὴν
725 675 821 728 ἐπὶ
854 676 1040 728 πᾶσαν
1071 672 1252 745 σάρκα
1288 676 1555 746 διάχυσιν.
1589 677 1705 731 Νῦν
1737 676 1936 749 ἀμερί-

342 785 485 832 στως
510 769 569 821 ὲν
592 770 708 834 τοῖς
728 766 1001 839 μαθηταῖς
1030 768 1413 840 μεριζόμενον,
1444 770 1504 824 τὸ
1526 771 1728 826 οίκεῖον
1755 772 1937 843 ἔμφα-

341 856 480 921 νίξει
508 858 750 928 ἀξίωμα,
790 857 916 928 οὐχ)⁸
942 858 1239 929 συνεργοῦν
1275 860 1466 932 ῶσπερ
1500 862 1787 933 πρότερον,
1820 863 1937 919 ἀλλ’

342 952 474 1006 αὐτὸ
504 952 873 1023 ἐργαζόμενον
925 952 994 1005 τὰ
1046 952 1348 1021 θαυμάσια,
1394 955 1490 1007 καὶ⁷
1534 957 1602 1025 τῇ
1642 955 1933 1026 συγγενείᾳ

341 1041 450 1095 τῶν
481 1042 659 1113 ἔργων
683 1043 783 1113 τῆς
812 1041 1031 1113 φύσεως
1060 1041 1423 1112 πιστούμενον
1449 1043 1550 1112 τὴν
1580 1044 1925 1111 συγγένειαν·

342 1132 540 1204 πρώην
575 1134 642 1186 ὲκ
671 1133 900 1203 χειλέων
954 1132 1339 1203 ἀγραμμάτων
1366 1131 1461 1185 τοῦ
1490 1133 1813 1187 διδασκάλου
1846 1152 1934 1188 σο-

341 1224 474 1294 φίας
493 1224 726 1294 ἠκούετο
764 1226 1008 1297 ῥήματα,
1057 1224 1184 1295 ἄρτι
1233 1224 1487 1295 γλώσσης
1527 1224 1639 1279 τῶν
1672 1225 1934 1296 μαθητῶν

341 1317 591 1387 ἀμαθοῦς
621 1318 899 1388 γνωστική
923 1318 1194 1389 διηχεῖται
1221 1318 1623 1389 φθογγή.,¹’1σον
1656 1318 1720 1373 τὸ
1751 1318 1934 1374 θεῖκδν

340 1405 584 1478 ἀξίωμα,
612 1408 702 1464 διὰ
730 1409 889 1465 τοῦτο
914 1408 1086 1463 πάλαι
1114 1408 1214 1463 καὶ
1241 1408 1339 1463 νῦν
1369 1409 1530 1480 ὃμοια
1549 1408 1620 1463 τὰ
1641 1409 1928 1481 γινόμενα.

340 1496 542 1569 Πρώην
592 1499 674 1571 τῷ
722 1498 1138 1565 συνδεσπόζοντι
1172 1499 1333 1572 Λόγῳ
1378 1500 1480 1571 τὴν
1509 1500 1809 1572 θεραπείαν
1835 1499 1931 1555 τοῦ

340 1590 666 1661 πλάσματος
721 1591 1112 1664 συνεργάζετο,
1171 1592 1268 1648 νῦν
1309 1595 1424 1658 τοῖς
1450 1593 1755 1664 ὑπηρέταις
1783 1594 1937 1666 ἐνδη-

343 1680 479 1750 μοῦν
500 1684 714 1751 ἐνεργεῖ
742 1683 815 1737 τὰ
843 1684 1145 1754 μυστήρια.
1168 1682 1438 1754 Τιμάσθω
1474 1684 1771 1757 τοιγαροῦν
1802 1685 1938 1759 ὁμο-

339 1773 516 1843 τίμως
547 1774 609 1829 τὸ
638 1777 753 1831 ἴσον
793 1778 860 1849 τῇ
893 1777 1170 1849 ἐνεργείᾳ,
1211 1777 1304 1831 καὶ
1346 1776 1435 1831 διὰ
1490 1777 1650 1831 τοῦτο
1674 1771 1806 1847 ⁶ἴσον
1843 1777 1940 1831 καὶ

338 1863 405 1930 τῇ
438 1862 603 1935 οὐσίᾳ
650 1866 919 1934 πανάγιον
975 1866 1204 1937 Πνεῦμα
1241 1866 1350 1920 ὑπὸ
1398 1866 1509 1921 τῶν
1569 1867 1938 1937 εὐγνωμονεῖν

336 1954 583 2056 sto-drum,
610 1955 708 2010 καὶ
732 1957 1065 2029 δεσππικῆς
1091 1959 1514 2031 μεγαλειότητος
1553 1961 1935 2029 φυλαττόντων
1963 1998 2011 2056 Β

337 2046 665 2118 ἀνύϐριστον
697 2049 758 2106 τὸ
808 2049 1047 2122 ἀξίωμα.

408 2140 732 2206 Δοξαζέσθω
778 2141 978 2207 θεῖκῶς
1036 2140 1143 2195 ὑπὸ
1176 2140 1287 2194 τῶν
1338 2141 1581 2197 συνιέναι
1610 2141 1935 2213 ἠξιωμένων

336 2232 440 2303 τῆς
470 2232 631 2302 δόξης
661 2232 831 2287 αὐτοῦ
856 2233 955 2305 τὴν
993 2233 1250 2302 θεότητα.
1288 2233 1544 2297 Ἰουδαῖος
1586 2235 1685 2304 μὲν
1718 2235 1827 2305 γὰρ
1857 2234 1934 2304 τῷ

336 2323 665 2394 τοῦξφθόνου
726 2324 877 2396 ζόφῳ
911 2324 1432 2398 περιλυγαζόμενος,
1470 2327 1564 2378 καὶ
1602 2327 1751 2389 ὅστις
1788 2326 1935 2397 ἄλλῳ

339 2415 520 2485 σκότῳ
551 2415 810 2479 ἀπιστίας
843 2416 903 2469 τὺ
926 2416 1144 2486 βλέπειν
1161 2417 1471 2488 ἀφῄρηται,
1496 2419 1620 2471 ἀντὶ
1657 2417 1754 2471 τοῦ
1782 2418 1934 2471 θειά-

337 2506 457 2571 ζειν
481 2504 734 2575 διασύρει
764 2505 837 2560 τὰ
856 2506 1163 2577 τελούμενα
1186 2524 1200 2538 ·
1228 2508 1324 2560 καὶ
1348 2507 1809 2576 κατειρωνεύεται
1840 2506 1933 2561 τοῦ

341 2595 670 2667 μυστηρίου,
703 2596 767 2649 οὐ
808 2596 1015 2659 συνιεὶς
1047 2596 1107 2662 ἐξ
1141 2597 1406 2661 ἀπονοίας
1450 2597 1832 2667 ἀθεραπεύτου
1872 2598 1936 2653 τὸ

339 2686 646 2759 παράδοξον
675 2686 785 2740 τῶν
802 2688 1143 2757 τελουμένων
1162 2704 1178 2719 ο
1202 2688 1325 2742 οὐδὲ
1355 2689 1416 2741 τὸ
1446 2688 1664 2752 ἀναιδὲς
1684 2689 1934 2761 ἐμφράτ-

338 2796 450 2831 των
483 2777 682 2849 στόμα,
710 2777 777 2832 δι’
813 2772 888 2833 ὧν
950 2778 1152 2855 ἄνδρας
1186 2779 1293 2851 ὁρᾷ
1332 2780 1459 2852 μηδ’
1488 2780 1627 2852 αὐτῇ
1666 2780 1933 2852 πρότερον

338 2871 555 2935 εἰδότας
586 2875 651 2941 τῇ
684 2872 865 2944 οἰκείᾳ
893 2872 1113 2945 γλώσσῃ
1164 2872 1425 2945 χρῆσθαι,
1454 2873 1650 2943 ἀθρόον
1678 2874 1737 2926 ὲν
1755 2873 1932 2947 ταύτῃ

335 2963 400 3014 τὸ
455 2964 726 3033 πρωτεῖον
775 2963 1132 3033 κατέχοντας,
1194 2963 1293 3017 καὶ
1335 2966 1458 3029 ταῖς
1504 2965 1815 3034 ἀλλοτρίαις
1854 2965 1932 3029 ὡς

338 3055 498 3110 ἐθάσι
548 3056 989 3125 διαλεγομένους.
1060 3055 1204 3110 Ἀλλ’
1255 3057 1377 3111 ἀντὶ
1426 3055 1523 3111 τοῦ
1558 3057 1696 3129 πρὸς
1746 3058 1932 3110 πίστιν

337 3147 654 3217 όδηγεῖσθαι
716 3148 797 3219 τῷ
846 3148 1110 3219 Θαύματι,
1159 3148 1300 3220 πρὸς
1336 3148 1537 3220 χλεύην
1579 3148 1930 3204 ἀνασοϐεῖται

336 3239 448 3293 τῶν
472 3234 554 3303 οἷς
580 3239 842 3310 ἆμπνέων
864 3241 1082 3311 ἐνεργεῖ
1104 3239 1175 3294 τά
1208 3240 1510 3311 παράδοξα.

2038 589 2130 645 bia
2161 589 2239 660 (5)
2270 594 2891 655 resonuerunt,cnempe
2918 585 3147 653 spiritus
3176 585 3501 642 eﬂ‘usionem
3534 602 3632 641 su-

2040 696 2139 753 per
2169 695 2388 736 omnem
2419 664 2643 733 carnem
2677 676 3006 748 adimplens.
3035 675 3195 731 Nunc
3224 692 3357 730 vero
3390 677 3635 747 dignita-

2041 785 2148 830 tem
2181 773 2363 843 prodit
2400 788 2583 836 suam,
2608 770 2843 827 indivise
2876 770 3023 823 inter
3053 769 3360 838 discipulos
3393 768 3635 837 divisus,

2040 879 2144 919 nec
2176 865 2283 931 jam
2315 878 2623 933 cooperans
2657 870 2718 915 ut
2750 860 2935 930 prius,
2962 858 3060 915 sed
3115 859 3231 928 ipse
3282 858 3633 913 admirabilia

2040 970 2332 1026 peragens,
2359 962 2414 1009 et
2444 969 2628 1009 rerum
2651 960 2899 1007 actarum
2932 949 3299 1007 similitudine
3322 950 3635 1005 similitudi-

2040 1061 2165 1102 nem
2216 1031 2583 1117 comprobans
2630 1052 2861 1100 natura.
2896 1041 3081 1112 Nuper
3108 1057 3175 1098 ex
3205 1042 3467 1112 magistro
3497 1042 3631 1097 illit-

1998 1132 2007 1138 ”
2039 1146 2219 1195 terato
2240 1140 2315 1211 (6)
2348 1140 2517 1195 verba
2540 1137 2826 1210 sapientiae
2856 1136 3245 1201 audiebantur,
3272 1149 3422 1191 nunc
3450 1150 3517 1191 ex
3550 1134 3635 1189 in—

2040 1233 2205 1291 docta
2230 1232 2627 1304 discipulorum
2655 1232 2841 1302 lingua
2872 1229 3035 1285 docta
3075 1236 3300 1283 resonat
3334 1244 3461 1283 vox.
3492 1227 3628 1283 Cum

2039 1329 2190 1385 enim
2231 1325 2425 1381 eadem
2467 1324 2539 1379 sit
2585 1336 2804 1392 semper
2851 1320 3038 1377 divina
3066 1320 3267 1384 virtus,
3297 1332 3632 1389 quocunque

2036 1431 2287 1491 tempore
2314 1418 2518 1474 similia
2547 1415 2984 1489 praestat.Antea
3006 1428 3117 1468 una
3143 1425 3271 1468 cum
3295 1410 3631 1469 condomino

2038 1509 2222 1567 Verbo
2266 1519 2645 1567 creaturarum
2689 1508 2852 1564 saluti
2884 1521 3115 1579 operam
3134 1504 3324 1573 dabat,
3360 1503 3527 1560 modo
3561 1503 3627 1559 ad

2037 1617 2228 1660 servos
2260 1602 2490 1657 veniens
2518 1601 2636 1671 ipse
2661 1599 2922 1671 mysteria
2949 1598 3194 1653 coniicit.
3216 1595 3397 1667 Eque
3416 1593 3631 1651 colatur

2035 1696 2229 1766 igitur,
2261 1697 2354 1767 qui
2392 1695 2619 1765 aequalis
2651 1702 2734 1749 est
2762 1693 2964 1747 virtute
3000 1706 3065 1747 ac
3091 1688 3427 1753 substantia,
3459 1686 3529 1741 ab
3561 1686 3629 1741 iis

2036 1789 2319 1855 omnibus,
2357 1787 2558 1859 quibus
2593 1794 2743 1840 recte
2768 1786 2995 1852 sentire,
3024 1782 3356 1852 divinosque
3387 1777 3629 1835 honores

2034 1890 2184 1938 recte
2216 1860 2479 1952 per'agere
2512 1877 2667 1933 cordi
2697 1885 2803 1933 est.

2111 2145 2308 2203 Divino
2340 2160 2464 2202 cum
2493 2144 2647 2200 cultu
2678 2128 3105 2214 prosequantur,
3137 2142 3232 2212 qui
3263 2140 3391 2208 eius
3427 2141 3630 2199 divini-

2039 2250 2204 2294 tatem
2224 2253 2560 2308 cognoscere
2577 2244 2921 2293 meruerunt.
2942 2232 3167 2290 Iudaeus
3186 2233 3409 2305 qu.Jem
3441 2236 3511 2290 ab
3540 2236 3629 2291 in-

2036 2330 2195 2386 vidiae
2225 2328 2461 2401 caligine
2489 2328 2745 2389 obrutus,
2768 2334 2822 2383 et
2845 2327 3166 2396 quicunque
3194 2326 3338 2382 alius
3364 2326 3627 2381 incredu-

2037 2423 2208 2478 litatis
2238 2420 2482 2478 tenebris
2511 2429 2841 2483 excaacatur,
2874 2417 3091 2473 colendi
3122 2418 3267 2487 loco,
3294 2418 3531 2473 oblatrat
3562 2418 3635 2474 iis

2035 2531 2159 2588 quae
2182 2515 2341 2580 ﬁunt,
2378 2521 2436 2571 et
2458 2512 2781 2585 mysterium
2810 2510 3031 2575 irridet,
3054 2510 3126 2565 ob
3155 2510 3450 2566 amentiam
3480 2511 3629 2566 insa—

2038 2608 2273 2664 nabilem
2305 2607 2578 2661 mirabilia
2612 2620 2720 2658 non
2746 2602 3084 2672 intelligens,
3116 2617 3239 2671 quae
3269 2610 3635 2671 praestantur,

2036 2716 2137 2755 nec
2157 2716 2220 2755 os
2245 2698 2535 2769 impudens
2559 2696 2865 2762 cohibens;
2891 2693 3110 2749 etiamsi
3145 2694 3398 2748 homines
3422 2694 3627 2754 videat,

2035 2806 2214 2863 nuper
2238 2792 2329 2845 vix
2358 2788 2581 2860 proprio
2612 2802 2866 2844 sermone
2892 2786 3138 2841 valentes
3186 2785 3375 2853 loqui,
3404 2796 3631 2855 repente

2033 2898 2145 2939 non
2200 2880 2257 2935 in
2306 2893 2373 2935 eo
2418 2885 2632 2933 tantum
2680 2877 2858 2944 prima
2894 2876 3157 2939 ferentes,
3188 2876 3285 2932 sed
3332 2875 3386 2929 in
3433 2875 3631 2932 alienis

2032 2975 2221 3038 etiam,
2251 2970 2608 3042 tanquamdiu
2647 2968 2991 3033 assueverin,
3019 2967 3409 3038 disputantes:
3433 2982 3535 3023 nec
3559 2968 3627 3024 ad

2034 3066 2194 3121 ﬁdem
2221 3078 2253 3117 a
2283 3062 2550 3118 miraculo
2578 3060 2894 3131 impellitur,
2926 3059 3022 3115 sed
3070 3060 3251 3129 potius
3301 3058 3370 3113 ad
3400 3073 3498 3115 eos
3546 3058 3629 3113 ri-

2032 3157 2267 3221 dendos,
2302 3155 2361 3210 in
2388 3153 2593 3225 quibus
2632 3152 2976 3208 incredibilia
3007 3152 3447 3223 conspiciuntur,

408 3330 475 3384 Τί
498 3330 705 3413 λέγεις,
729 3325 772 3384 ὦ
800 3332 866 3403 τῇ
905 3332 1077 3403 μανίᾳ
1105 3332 1340 3402 μεθύων,
1364 3333 1455 3402 ὑφ’
1475 3328 1543 3406 ἧς
1570 3333 1719 3400 ἅπαξ
1738 3335 1765 3388 ό
1784 3334 1929 3404 λογι-

2104 3330 2245 3399 Quid
2300 3328 2569 3400 loqueris,
2616 3327 2804 3390 miser,
2845 3340 2911 3381 eo
2960 3323 3148 3380 furore
3198 3324 3464 3395 percitus,
3516 3338 3627 3396 quo

340 3420 478 3490 σμὸς
515 3422 920 3494 σκοτοδινήσας,
945 3424 1007 3476 οὐ
1039 3424 1265 3477 δύναται
1312 3424 1554 3493 γεγονὼς
1608 3425 1803 3479 ἑαυτοῦ
1837 3428 1931 3480 ἀν-

337 3512 569 3584 ανῆψαι,
624 3514 740 3568 ἀλλ’
788 3514 884 3570 ἐπὶ
946 3515 1285 3586 προλαϐοῦσι
1333 3516 1677 3587 πταίσμασιν
1707 3519 1931 3572 ἐπισυν-

336 3603 501 3657 άπτει
529 3604 776 3676 νεώτερα
801 3604 1151 3675 πταίσματα;
1210 3606 1445 3671 Γλεῦκος
1474 3606 1617 3662 οὕτω
1636 3608 1705 3663 τὰ
1740 3609 1930 3681 ἀμαθῆ

335 3694 669 3765 διετράνωσε
708 3696 975 3766 στόματα,
1012 3698 1110 3751 καὶ
1143 3699 1389 3769 ποταμὸν
1422 3701 1616 3767 σοφίας
1652 3700 1793 3774 μέθῃ
1824 3719 1933 3773 πη-

337 3785 602 3855 γάξουσι;
654 3788 718 3840 Ὠ
764 3788 864 3856 τῆς
899 3788 1196 3853 δυσσεϐοῦς
1234 3789 1651 3860 ἀναισχυντίας,
1709 3791 1931 3846 Ἰουδαῖε

338 3878 571 3947 ἀνόητεο
629 3878 819 3948 ἐπειδὴ
869 3880 982 3943 τοῖς
1018 3880 1189 3934 πάλαι
1232 3881 1579 3951 προσομιλῶν
1634 3882 1928 3950 θεολόγοις,

343 3969 420 4039 μὴ
453 3964 563 4033 οἷός
618 3987 681 4024 τε
729 3971 965 4039 γέγονας
1017 3971 1226 4025 ἐκεῖθεν
1273 3973 1755 4044 χειραγωγηθῆναι
1795 3975 1934 4045 πρὸς

342 4061 679 4131 κατανόησιν
700 4060 809 4115 τῶν
850 4063 1093 4131 σήμερον
1127 4063 1451 4133 γινομένων,
1482 4064 1663 4135 φθόνῳ
1694 4066 1931 4118 ἀποστε-

345 4150 610 4221 ρούμενος
644 4152 784 4206 έκὼν
805 4153 905 4224 τῆς
960 4154 1356 4223 χειραγωγίας,
1384 4155 1624 4226 πρόσχες
1666 4158 1779 4219 τοῖς
1807 4156 1933 4227 ἄρτι

344 4240 660 4312 θεολογοῦσι
690 4244 935 4315 χείλεσιν
963 4246 1374 4317 ἀγραμμάτοις,
1407 4247 1507 4301 καὶ
1537 4248 1775 4319 μάνθανε
1798 4248 1931 4319 παρ’

341 4335 547 4397 αὐτῶν.
579 4337 662 4389 ὅτι
706 4338 781 4407 μὴ
807 4337 1058 4405 γλεῦκος,
1086 4338 1161 4403 ὡς
1194 4341 1259 4394 σὺ
1287 4340 1499 4412 ληρεῖς,
1527 4340 1643 4394 ἀλλ’
1662 4342 1695 4410 ἠ
1722 4339 1933 4395 ἄνωθεν

342 4427 604 4481 ἐπίπνοια
632 4429 694 4482 τὸ
720 4427 945 4484 εὗλαλον
968 4431 1369 4502 ἀπειργάσατο.
1406 4428 1677 4486 Παιδεύου
1713 4429 1810 4486 νῦν
1838 4430 1933 4485 καὶ

343 4516 495 4571 ἄκων
525 4515 562 4569 ἃ
596 4517 836 4586 μελετῶν
854 4518 954 4572 οὐκ
979 4520 1235 4574 αίσθάνου
1279 4522 1527 4590 ῥήματα,
1557 4521 1656 4589 τὴν
1690 4521 1933 4591 σήμερον

341 4605 440 4661 τοῦ
469 4606 616 4660 θείου
646 4608 785 4661 Πνεύ
795 4625 962 4679 ματος
985 4608 1209 4680 ἔκχυσιν
1239 4610 1407 4663 πάλαι
1440 4610 1929 4681 προμεμηνυκότα,

1962 4670 2009 4726 D

2032 3438 2161 3478 cum
2191 3422 2359 3478 semel
2403 3418 2762 3475 obtenehrata
2800 3432 2957 3473 mens
2999 3426 3085 3473 est
3105 3456 3121 3482 ,
3150 3416 3369 3475 restitui
3401 3416 3493 3471 vix
3524 3433 3627 3488 po-

2034 3523 2162 3578 test,
2201 3513 2299 3569 sed
2341 3511 2626 3568 erroribus
2662 3525 2838 3565 novos
2881 3509 2936 3564 in
2966 3508 3086 3565 dies
3115 3510 3441 3579 superaddit
3468 3525 3627 3565 erro-

2031 3606 2157 3663 res?
2187 3606 2264 3660 Ita
2292 3622 2359 3659 ne
2382 3619 2482 3659 ora
2514 3602 2735 3658 indocta
2761 3603 2952 3657 vinum
2986 3601 3228 3667 edocuit,
3260 3611 3313 3657 et
3343 3602 3627 3672 sapientiae

2033 3697 2257 3753 ﬂumina
2280 3693 2570 3766 profundit
2600 3692 2916 3749 ebrietas'?
2947 3708 3114 3764 quam
3146 3692 3379 3750 scelesta
3409 3702 3496 3750 est
3522 3693 3628 3749 im-

2036 3788 2335 3859 prudentia
2379 3793 2495 3848 tua,
2532 3782 2681 3839 fatue
2724 3782 2948 3838 Judaeel
2977 3793 3337 3853 posteaquam
3374 3785 3444 3840 ab
3483 3786 3627 3839 anti-

2033 3879 2160 3951 quis
2204 3878 2474 3947 theologis
2522 3875 2941 3948 intelligentiam
2971 3876 3222 3931 hodierni
3260 3877 3388 3932 facti
3421 3878 3626 3931 invidia

2032 3972 2347 4025 ohcaacantc
2362 3969 2583 4023 haurire
2600 3983 2709 4023 non
2728 3967 2971 4029 valuisti,
2987 3967 3260 4037 theologis
3275 3969 3359 4025 his
3371 3971 3625 4038 quamvis

2034 4060 2331 4116 illitteratis
2363 4070 2416 4113 te
2433 4066 2701 4113 attentum
2719 4058 2990 4128 praebe,et
3007 4059 3076 4112 ab
3097 4059 3207 4114 illis
3228 4059 3401 4124 disce,
3433 4060 3596 4114 iacun

2034 4153 2181 4207 diam
2201 4152 2343 4207 hanc
2364 4167 2472 4206 non
2494 4164 2524 4204 a
2550 4151 2699 4215 vino,
2728 4160 2788 4204 ut
2808 4150 3035 4218 deliras,
3059 4150 3154 4207 sed
3178 4151 3246 4205 ab
3264 4151 3626 4221 inspiratione

2032 4243 2245 4299 caelesti
2260 4242 2553 4297 excitatam
2572 4256 2718 4296 esse.
2733 4240 2977 4311 lntellige
2990 4256 3140 4296 nunc
3152 4240 3237 4297 vel
3254 4242 3480 4305 invitus,
3504 4257 3627 4313 qua:

2033 4336 2306 4390 meditans
2367 4332 2592 4387 minime
2648 4332 2993 4403 intelligehas
3045 4333 3236 4398 verba,
3295 4328 3655 4387 hodiernam,

2036 4428 2245 4483 scilicet
2271 4424 2444 4480 divini
2482 4424 2723 4493 Spiritus
2757 4424 3084 4481 effusionem
3120 4424 3249 4480 olim
3279 4424 3624 4493 praenuntia-

2035 4526 2169 4583 tam,
2195 4518 2467 4588 piscatore
2497 4517 2596 4570 tihi
2626 4516 3134 4585 interpretationem
3164 4515 3463 4571 exhibente
3476 4515 3518 4569 ⁸.
3541 4514 3623 4568 Tu

2035 4624 2167 4680 ergo
2217 4610 2363 4665 sicut
2414 4616 2575 4664 antea
2638 4617 2821 4661 mente
2866 4609 3179 4661 obcmcatus
3202 4605 3521 4671 aberrabas,
3550 4606 3625 4659 ita

341 4699 438 4753 τοῦ
465 4700 662 4765 ἁλιέως
693 4720 777 4755 σοι
808 4701 907 4773 τὴν
934 4704 1231 4774 ἑρμηνείαν
1283 4704 1672 4774 ἐξηγουμένου.
1722 4704 1796 4757 Σὺ
1834 4703 1933 4774 μὲν

2035 4716 2185 4758 nunc
2212 4716 2376 4756 aures
2399 4700 2721 4764 obstruens,
2749 4715 2872 4767 quae
2893 4698 3173 4763 dicuntur,
3201 4699 3386 4753 renuis
3410 4698 3621 4761 audire,

343 4786 439 4847 οῦν
472 4794 636 4864 τυχὸν
680 4792 864 4857 καθὼς
896 4794 957 4846 τὺ
998 4795 1266 4865 πρότερον
1317 4795 1658 4865 ὲκακούργου
1690 4796 1937 4865 τυφλώτ-

342 4902 456 4942 ξτων
484 4886 701 4957 γνώμῃ,
731 4884 875 4939 οὕτω
895 4886 957 4954 δὴ
982 4886 1076 4939 καὶ
1100 4885 1195 4939 νῦν
1227 4887 1369 4955 βύων
1397 4888 1465 4941 τά
1490 4881 1627 4954 ὦτα,
1662 4890 1723 4939 οὐ
1754 4886 1935 4958 βούλει

340 4974 458 5027 τῶν
494 4975 810 5045 λεγομένων
852 4977 1090 5039 ἐπαΐειν,
1148 4978 1271 5031 οὐδὲ
1329 4978 1467 5047 πρὸς
1503 4979 1603 5049 τὴν
1636 4979 1737 5049 σὴν
1771 4980 1934 5031 σπέν-

341 5062 533 5116 δεσθαι
557 5063 836 5135 σωτηρίαν
860 5078 877 5095 ο
905 5064 1023 5118 ἀλλ’
1060 5066 1119 5119 ὃν
1155 5068 1250 5120 ἐπὶ
1276 5068 1356 5139 τῷ
1387 5067 1467 5139 σῷ
1491 5066 1646 5139 κακῴ
1696 5068 1933 5139 πόλεμον

336 5152 485 5224 ῇρω,
515 5153 705 5210 τοῦτον
730 5157 827 5211 καὶ
865 5157 948 5213 ἐτι
971 5159 1445 5229 παρακροτήσεις,
1478 5161 1574 5214 καὶ
1598 5159 1929 5231 πολεμήσεις

419 5310 441 5344 ⁸
478 5308 604 5371 Act.
631 5328 695 5381 Il,
729 5312 817 5367 l3.
895 5315 917 5347 δ
955 5314 1093 5369 ibid.
1130 5316 1214 5368 t7.

2030 4801 2250 4863 tuaeque
2277 4792 2439 4849 saluti
2471 4791 2780 4847 consulere.
2802 4790 2945 4855 Quin
2980 4790 3207 4852 bellum,
3232 4789 3379 4859 quod
3411 4790 3464 4841 in
3496 4804 3621 4858 per-

2030 4886 2231 4940 niciem
2260 4894 2409 4938 tuam
2437 4882 2756 4952 suscepisti,
2791 4897 2956 4951 urges
3001 4882 3170 4936 etiam
3215 4890 3381 4950 atque
3426 4881 3618 4941 etiam.

2032 4986 2088 5033 et
2139 4977 2288 5032 sicut
2338 4976 2605 5031 adversus
2640 4973 2831 5029 Jesum
2864 4973 3035 5029 Deum
3067 4989 3273 5038 meum,
3308 4974 3383 5028 ita
3426 4983 3482 5029 et
3523 4973 3623 5029 ad-

2032 5083 2229 5122 versus
2256 5067 2503 5137 ejusdem
2534 5073 2745 5120 natura:
2780 5064 3051 5135 Spiritum
3080 5079 3215 5121 voce
3242 5079 3533 5135 personas.
3557 5064 3623 5119 Et

2035 5174 2160 5214 cum
2219 5160 2346 5229 ipsi,
2373 5159 2443 5214 ad
2490 5159 2775 5213 hominum
2824 5158 3060 5213 salutem
3091 5156 3484 5228 perﬁciendam
3529 5156 3626 5213 de~

1881 5430 2113 5487 NOTAS.

418 5535 515 5615 (ι)-
542 5538 961 5615 Ρτοιῃὶεροηετη
996 5544 1163 5598 illius.
1196 5542 1357 5615 Jnan.
1388 5562 1502 5608 xw,
1540 5546 1627 5601 16.
1678 5550 1789 5601 Καὶ
1819 5549 1930 5615 ἐγὼ

338 5605 611 5747 signa»
637 5612 730 5664 τὸν
760 5612 1001 5684 Πατέρα,
1048 5618 1143 5669 καὶ
1180 5614 1340 5669 ἄλλον
1382 5605 1738 5689 Παράκλητον
1769 5605 1931 5672 δώσει

542 5750 861 5819 Prophetica
895 5753 1062 5808 labia.
1098 5754 1212 5809 Joel
1246 5772 1316 5821 tl,
1360 5758 1453 5811 28.
1486 5756 1777 5826 Effundam
1808 5759 1931 5825 Spi-

343 5820 512 5874 ritum
549 5839 719 5877 meum
752 5839 906 5878 super
938 5841 1141 5880 omnem
1175 5844 1417 5893 carnem,
1468 5838 1516 5882 et
1536 5820 1941 5896 'broplietabantr

2040 5550 2351 5620 ﬁiiivestri,
2382 5556 2429 5602 et
2460 5548 2590 5620 ﬁlice
2618 5558 2823 5602 vestra.

2114 5619 2186 5688 (6)
2229 5612 2493 5687 Magistro
2542 5618 2837 5671 illitterato.
2891 5614 3299 5688 .loran._v1_i,15.
3352 5612 3619 5688 Etmira-

2039 5685 2233 5743 bantur
2252 5685 2428 5743 Judwi
2458 5690 2708 5759 dicentes,
2734 5687 2996 5759 quomodo
3013 5686 3097 5741 hic
3132 5685 3338 5740 litteras
3360 5686 3482 5749 scit,
3501 5699 3623 5738 cum

2039 5777 2143 5816 non
2171 5760 2467 5816 didicerit?
