4108 6306
381 348 490 410 139

1603 350 1884 413 LEONIS
1913 350 2380 413 PHILOSOPHI

3587 348 3699 414 140

381 463 695 532 scendenti,
731 481 928 521 manus
976 464 1203 536 injicere
1252 480 1361 520 non
1397 466 1564 521 liceat
1591 466 1803 536 (semel
1829 465 1979 520 enim

2085 466 2283 536 ῶσπερ
2311 463 2390 535 τῷ
2455 462 2633 534 Ἰησοῦ
2685 464 2783 518 καὶ
2842 462 2964 535 Θεῷ
3018 480 3141 534 μου,
3193 463 3337 535 οὕτω
3364 464 3430 536 δὴ
3466 464 3564 520 καὶ
3611 464 3703 537 τῷ

378 557 627 627 oportuit
675 574 777 628 pro
826 568 1081 613 creatura
1135 557 1307 630 Deum
1340 558 1396 612 in
1436 573 1605 613 carne
1642 557 1781 628 pati,
1810 572 1976 627 quam

380 648 645 720 injurlam
682 650 1009 721 Unigenitus
1050 650 1346 721 pertulit")
1401 658 1596 705 contra
1650 649 1980 720 discipulos,

378 742 584 813 quibus
612 758 673 798 se
704 742 962 813 inspirat,
1000 756 1152 798 arma
1190 758 1397 803 sumes.
1431 749 1486 795 et
1514 756 1682 808 acues
1712 741 1979 795 malitiam

377 842 530 890 tuam
563 853 582 891 :
623 836 789 906 idque
843 836 1064 892 tandem
1119 836 1436 906 praestabis,
1479 841 1540 888 ut
1590 851 1717 890 cum
1764 850 1980 900 eorum,

374 931 497 978 tum
548 924 770 981 deicidii
806 927 924 992 tui,
952 934 1008 981 et
1052 925 1428 980 calamitatum
1488 925 1616 979 inde
1662 932 1983 980 exortarum

378 1018 523 1071 fama
560 1032 657 1088 per
694 1018 1019 1073 universum
1056 1018 1248 1072 orbem
1286 1018 1587 1073 discurrat.

2095 558 2337 628 συμφυεῖ
2361 557 2531 612 αὑτοῦ
2564 558 2882 628 Πνεύματι.
2918 557 3030 614 Καὶ
3070 556 3197 612 ἐπεὶ
3227 559 3302 630 μὴ
3325 558 3449 613 κατ’
3477 559 3699 613 ἐκείνου

2090 653 2281 724 χεῖρας
2316 650 2600 706 ἐπιϐαλεῖν
2626 648 2739 714 οἶός
2772 670 2831 706 τε
2867 646 2939 715 εἷ,
2972 650 3071 723 τὴν
3100 650 3210 705 τῶν
3246 650 3553 722 ἀνθρώπων
3582 668 3701 707 σω-

2089 743 2290 813 τηρίαν
2336 744 2719 807 καταπτάντος
2802 743 3147 815 ἐργάσασθαι
3203 743 3377 813 (ἅπαξ
3430 742 3540 813 γὰρ
3582 742 3700 796 ἔδει

2091 833 2289 886 παθεῖν
2316 835 2374 885 ὲν
2402 834 2571 903 σαρκὶ
2616 833 2757 887 Θεὺν
2805 834 2948 905 ὑπὲρ
2974 834 3075 904 τῆς
3105 832 3201 887 τοῦ
3231 834 3555 904 πλάσματος
3586 850 3699 887 σω-

2091 926 2313 994 τηρίας,
2342 927 2438 980 κα)⁸
2464 926 2566 995 τὴν
2610 927 2903 999 παροινίαν
2952 928 3262 999 ὑπήνεγκεν
3298 929 3326 981 6
3355 926 3699 997 Μονογενὴς)

2093 1017 2241 1071 κατὰ
2272 1018 2381 1071 τῶν
2410 1012 2493 1081 οἷς
2514 1018 3024 1091 ὲπιπνείἶμαθητῶν
3049 1018 3428 1090 ὁπλιζὸμενος,
3461 1019 3561 1089 τὴν
3593 1019 3699 1087 σὴν

377 1109 575 1177 δείξεις
600 1113 949 1183 ἠκονημένην
971 1112 1261 1184 πονηρίαν.
1305 1110 1553 1174 Ἀνύσεις
1603 1111 1662 1164 δὲ
1691 1109 1969 1177 τοσοῦτον,
2008 1111 2133 1165 ὅσον
2192 1112 2287 1171 σοῦ
2321 1114 2421 1183 μὲν
2477 1112 2582 1182 τὴν
2625 1112 2950 1183 θεομαχίαν,
2996 1113 3211 1181 καὶτὰς
3238 1113 3305 1166 ὲκ
3360 1112 3571 1181 ταύτης
3623 1126 3697 1163 σα

377 1203 858 1274 περιστησομένας
911 1203 1220 1274 συμφορὰς,
1275 1201 1387 1255 τῶν
1419 1202 1477 1256 δὲ
1514 1204 1595 1265 εἰς
1648 1204 1832 1257 πᾶσαν
1881 1204 1984 1275 τὴν
2016 1204 2121 1276 γῆν
2155 1204 2488 1270 ἐξάκουστον
2519 1206 2781 1275 γενέσθαι
2806 1208 2900 1261 τὸν
2926 1207 3193 1278 φθόγγον.

448 1296 494 1351 Ο
528 1298 755 1368 perlidia
791 1298 1140 1361 insanabilis,
1184 1298 1259 1353 ob
1309 1311 1475 1369 quam
1514 1306 1724 1353 tamen
1779 1299 1847 1353 ad
1904 1315 1995 1353 sa-

375 1389 597 1446 nandas
634 1389 839 1460 ~gentes
889 1389 969 1445 illi
1015 1398 1327 1460 opportune
1382 1391 1754 1462 sparguntur!
1798 1400 1994 1462 gentes

377 1482 597 1538 scilicet
623 1496 935 1538 sermonem
962 1496 1154 1537 eorum
1191 1481 1521 1553 sapientiam
1553 1483 1900 1553 intelligent,
1935 1494 1991 1540 et

377 1570 583 1631 dulces
606 1573 735 1631 ﬁdei
764 1572 963 1629 latices
1001 1572 1131 1627 inde
1167 1568 1393 1628 ebibent
1413 1612 1430 1638 ,
1462 1572 1810 1629 inﬁdelitatis
1834 1589 1982 1628 ama-

377 1666 693 1723 ritudinem.
713 1665 1071 1737 depellentes.
1098 1664 1181 1721 Ab
1210 1666 1321 1721 illis
1354 1665 1499 1721 Deus
1526 1673 1582 1721 et
1613 1665 1781 1723 Pater
1810 1667 1987 1723 hono-

377 1758 491 1814 rari
524 1758 787 1833 gaudebit
841 1766 898 1814 et
937 1755 1069 1823 coli,
1099 1756 1232 1829 quia
1263 1755 1467 1813 Filium
1501 1772 1664 1813 suum
1698 1749 1985 1826 dilectum,

2178 1302 2243 1354 Ὢ
2274 1302 2375 1373 τῆς
2441 1302 2542 1372 σῆς
2597 1301 2979 1373 ἀθεραπεύτου
3022 1303 3244 1365 κακίας,
3279 1298 3463 1363 καλῶς
3495 1296 3699 1358 αυτοῦς

2097 1394 2193 1448 ἐπὶ
2209 1393 2309 1464 τὴν
2340 1392 2453 1448 τῶν
2475 1393 2646 1447 ἐθνῶν
2663 1394 3013 1464 συνάθροισιν
3039 1391 3500 1466 διασπειρούσης]
3523 1391 3560 1445 ἃ
3583 1390 3699 1443 τῶν

2097 1485 2529 1555 σωφρονούντων
2559 1484 2778 1555 ἀληθῶς
2802 1486 3090 1556 στομάτων
3114 1486 3323 1539 εἴσεται
3342 1483 3444 1554 τὴν
3477 1483 3699 1551 σοφίαν,

2092 1577 2191 1629 καὶ
2243 1575 2308 1629 τὺ
2368 1576 2582 1629 ἐκεῖθεν
2623 1575 2723 1646 ἡδὺ
2771 1580 2873 1648 τῆς
2914 1576 3152 1640 πίστεως
3189 1573 3377 1629 πίεται
3431 1574 3602 1644 νᾶμα,
3636 1574 3697 1624 τθ·

2091 1666 2294 1738 πικρὸν
2334 1667 2436 1739 τῆς
2466 1668 2725 1739 ἁλμυρᾶς
2754 1668 3018 1733 ἀπιστίας
3072 1667 3528 1736 ἀποκλυσάμενα.
3570 1665 3698 1734 Ὑφ’

2086 1753 2164 1811 ὧν
2196 1759 2225 1811 6
2251 1755 2388 1820 Θεὸς
2412 1757 2510 1811 καὶ
2543 1758 2740 1829 Πατὴρ
2799 1760 2859 1811 ὲν
2888 1758 2968 1827 τῷ
2993 1757 3264 1829 τιμᾶσθαι
3296 1758 3399 1829 μὲν
3426 1757 3519 1811 τὸν
3553 1757 3698 1825 ἁγα-

378 1859 437 1907 et
464 1851 734 1922 Spiritum
768 1865 932 1909 suum
960 1851 1167 1906 bonum
1201 1866 1313 1905 una
1341 1850 1615 1916 recolent,
1639 1851 1985 1922 gloriamque

2089 1852 2262 1922 πητδν
2289 1850 2457 1905 αὑτοῦ
2484 1850 2635 1915 Υἱὸν,
2666 1849 2934 1919 τιμᾶσθαι
2961 1849 3020 1904 δὲ
3067 1850 3166 1905 καὶ
3194 1849 3258 1903 τὸ
3286 1848 3495 1918 ἀγαθὸν
3525 1845 3697 1901 αὐτοῦ

377 1917 688 2013 retribuet;
740 1950 794 2000 te
828 1942 1076 2014 quidem,
1112 1943 1403 2014 avitasque
1456 1917 1666 1998 cultusv
1691 1917 1985 2014 abjiciens,

2095 1917 2343 2013 Πνεῦμα,
2375 1917 3018 2012 ἡσθήσεταιτιμώμενός
3043 1959 3105 1995 τε
3153 1942 3250 1995 καὶ
3271 1940 3696 2013 λατρευόμενος,

378 2036 601 2091 illorum
637 2050 771 2092 vero
800 2036 1148 2106 suscipiens,
1172 2036 1268 2107 qui
1303 2034 1539 2106 Spiritui
1573 2045 1771 2092 sancto
1803 2035 1987 2092 famu-

382 2131 566 2186 lentur
593 2127 651 2185 in
680 2129 861 2200 igneis
892 2130 1101 2203 linguis
1136 2130 1304 2187 hodie
1335 2130 1719 2193 descendenti.
1756 2129 1990 2203 Oportet

380 2221 529 2277 enim
580 2229 699 2277 tum
747 2219 949 2294 lingua:
976 2231 1105 2289 tua;
1134 2222 1513 2294 pruriginem,
1547 2232 1663 2278 tum
1690 2238 1987 2280 accensum

379 2312 616 2369 aliorum
652 2313 929 2370 scelerum
964 2313 1184 2385 ﬂamma
1216 2316 1488 2372 mundum
1512 2357 1531 2383 ,
1574 2316 1645 2371 ab
1672 2315 1824 2385 ignea
1856 2330 1991 2373 voce

378 2405 628 2463 cohiberi
655 2443 672 2470 ,
704 2420 830 2477 quae
858 2407 930 2463 ab
959 2406 1137 2479 igneis
1162 2407 1369 2479 linguis
1403 2408 1675 2479 prodibit.
1710 2411 1781 2465 At
1809 2406 1985 2466 Judaei

379 2495 634 2567 profecto
662 2498 922 2562 delirent,
952 2498 1244 2570 simulque
1270 2501 1592 2571 quicunque
1621 2502 1687 2558 ad
1720 2503 1873 2572 ipsos
1896 2518 1990 2559 ac-

385 2590 651 2646 cedentes
681 2590 1036 2647 manifestam
1076 2590 1325 2663 Spiritus
1373 2593 1555 2649 sancti
1605 2594 1842 2663 gratiam
1877 2609 1988 2649 non

380 2682 589 2737 vident.
630 2680 745 2738 Nos
774 2699 907 2739 vero
939 2682 1127 2739 divina
1160 2684 1283 2755 ejus
1313 2685 1440 2741 luce
1469 2686 1736 2742 illustrati
1756 2726 1775 2753 ,
1806 2696 1861 2742 et
1895 2702 1991 2743 eo-

380 2790 502 2830 rum
531 2776 655 2831 visu
681 2785 870 2847 aperte
892 2776 1164 2843 fruentes,
1186 2778 1494 2835 secundum
1524 2795 1649 2851 quae
1672 2780 1989 2851 benigniter

381 2877 527 2922 inter
555 2880 665 2941 nos
688 2877 1092 2934 commoratur,
1125 2884 1462 2925 veneremur
1489 2871 1656 2927 sicuti
1693 2871 1861 2927 Deum
1891 2872 1987 2928 de-

378 2967 489 3016 cet.
523 2961 607 3017 Ita
645 2946 908 3026 colimus,
941 2970 1003 3016 ut
1031 2962 1216 3019 edocti
1246 2978 1467 3031 sumus,
1500 2965 1599 3022 ita.
1624 2964 1984 3033 bonoramns,

381 3059 444 3107 ut
484 3052 626 3123 jussi
682 3067 897 3110 sumus.
934 3053 1072 3109 Cum
1120 3056 1302 3119 Patre,
1338 3065 1393 3113 ct
1422 3056 1567 3112 Filio
1595 3057 1983 3115 coordinatum

383 3140 671 3213 Spiritum,
702 3152 757 3199 et
811 3143 1224 3200 coadorandum
1278 3148 1452 3218 probe
1503 3149 1881 3219 agnoscimus,
1917 3150 1989 3204 ab

2093 2036 2188 2089 καὶ
2247 2035 2404 2106 πρὸς
2435 2033 2649 2089 ἑαυτῶν
2698 2033 2920 2095 οἰκειῶν
2950 2032 3311 2097 ἁντιδοξάσει,
3364 2032 3422 2086 σὲ
3458 2030 3559 2102 μὲν
3595 2031 3698 2085 καὶ

2092 2128 2194 2189 τὰς
2235 2126 2335 2189 σὰς
2358 2125 2755 2197 ἀπωθούμενος
2773 2126 3053 2194 λατρείας,
3079 2124 3263 2179 αὐτῶν
3287 2125 3345 2178 δὲ
3368 2126 3434 2194 τῇ
3469 2126 3528 2178 ἐν
3549 2124 3698 2193 ἁγίῳ

2094 2210 2379 2289 Πνεύματι
2418 2216 2863 2288 θεραπευόμενος
2920 2217 3174 2288 λατρεία,
3209 2216 3287 2287 τῷ
3333 2216 3580 2286 σήμερον
3631 2216 3698 2268 ἐν

2093 2313 2352 2385 πυρίνοιις
2380 2310 2656 2381 γλώσσαις
2686 2311 3176 2379 καταφοιτήσαντι.
3234 2312 3328 2363 Δεῖ
3381 2309 3491 2379 γὰρ
3551 2304 3695 2378 ὁμοῦ

2096 2408 2198 2476 μὲν
2225 2405 2328 2476 τὴν
2391 2406 2491 2476 σὴν
2553 2404 2961 2473 γλωσσαλγίαν,
2990 2404 3129 2475 ὁμοῦ
3163 2403 3221 2456 δὲ
3260 2402 3358 2456 καὶ
3383 2403 3484 2472 τὴν
3513 2397 3697 2471 φλόγα

2092 2503 2194 2572 τῆς
2246 2498 2418 2569 ἄλλης
2481 2496 2741 2561 ἀσεϐείας
2798 2484 3260 2567 κατανεμομένην
3310 2494 3404 2548 τὸν
3458 2496 3693 2562 κόσμον,

2091 2593 2297 2665 πυρίνῃ
2319 2590 2656 2659 διακοπῆναι
2676 2592 2850 2662 φωνῇ,
2881 2592 2916 2662 ἢ
2945 2589 3057 2643 τῶν
3085 2589 3352 2659 γλωσσῶν
3396 2585 3697 2659 ἀπηχηθή-

2093 2673 2247 2740 σεται
2276 2685 2371 2739 τοῦ
2427 2685 2622 2755 πυρός.
2669 2684 2813 2739 Ἀλλ’
2860 2685 3120 2746 Ἰουδαῖος
3162 2682 3263 2754 μὲν
3300 2682 3561 2753 ληρείτω,
3592 2682 3697 2734 καὶ

2092 2779 2149 2831 εἴ
2184 2796 2271 2843 τις
2331 2779 2529 2849 ἐκείνῳ
2581 2775 2985 2849 παραπλησίως
3038 2776 3140 2847 οὐχ
3176 2776 3282 2847 ὁρᾷ
3311 2776 3410 2844 τὴν
3440 2773 3695 2844 ἐναργῶς

2090 2873 2381 2945 ὁρωμένην
2436 2873 2599 2943 χάριν
2648 2867 2743 2924 τοῦ
2814 2858 3160 2938 Πνεύματος.
3206 2868 3400 2938 Ἡμεῖς
3440 2867 3499 2921 δὲ
3527 2867 3576 2920 οἱ
3610 2864 3695 2936 τῷ

2091 2964 2223 3035 θείῳ
2277 2962 2445 3017 αὐτοῦ
2501 2960 2981 3033 περιλαμφθέντες
3030 2959 3191 3029 φωτὶ,
3238 2960 3335 3033 κα).
3363 2959 3432 3011 δι’
3464 2950 3697 3025 ὧνφιλ-

2089 3056 2399 3127 ανθρώπως
2421 3052 2520 3126 τὴν
2549 3054 2608 3106 ἐν
2633 3054 2769 3123 ἡμῖν
2790 3054 3031 3106 ποιεῖται
3066 3051 3361 3123 ἐνοίκησιν,
3388 3050 3488 3120 τῆς
3517 3052 3699 3120 ἐμφα-

2090 3149 2242 3211 νείας
2265 3144 2486 3217 τρανῶς
2508 3144 2913 3211 ἀπολαύοντες,
2942 3144 3268 3216 θεοπρεπῶς
3312 3143 3410 3198 καὶ
3443 3144 3696 3213 τιμήσω-

379 3242 592 3292 αξιοι-πο
623 3235 1085 3303 coexsiStentem,
1116 3253 1227 3293 non
1260 3223 1329 3295 die
1355 3255 1500 3295 novo
1536 3240 1614 3295 illi
1643 3228 1826 3296 ordini
1860 3256 1986 3295 suc-

2093 3258 2196 3312 μεν
2217 3255 2231 3269 ·
2266 3240 2412 3294 οὕτω
2437 3238 2756 3308 δοξάζομεν,
2776 3240 2868 3302 ’ὼς
2903 3236 3301 3309 ἐδιδάχθημεν*
3338 3237 3484 3290 οὕτω
3514 3235 3697 3306 τιμῶ·

377 3330 691 3396 cedentem,
739 3345 847 3384 non
901 3338 1173 3400 potestate
1224 3332 1546 3399 diversum,
1584 3349 1693 3388 non
1741 3335 1985 3389 alienum

382 3431 603 3487 natura,
630 3421 788 3476 nullo
815 3437 883 3477 ex
922 3420 991 3477 iis
1017 3428 1300 3477 carentem
1338 3423 1441 3494 (7).
1475 3438 1598 3493 quae
1632 3422 1783 3477 Patri
1818 3430 1873 3477 et
1900 3420 1992 3476 Fi-

383 3514 457 3569 lio
484 3510 1060 3577 communia‘scimus,
1092 3515 1344 3584 ejusdem
1375 3516 1562 3582 sedis,
1595 3517 1845 3586 ejusdem
1872 3516 1991 3584 glo-

380 3605 500 3674 riae,
531 3604 783 3677 ejusdem
831 3605 1195 3676 operationis,
1224 3606 1474 3678 ejusdem
1508 3607 1725 3678 imperii
1760 3622 1989 3677 compo-

383 3705 517 3752 tem.

452 3973 615 4031 Nulla
641 3978 818 4033 audax
851 3977 1041 4049 lingua
1069 3977 1125 4033 in
1158 3992 1479 4049 supremum
1501 4017 1516 4043 ,
1548 3972 1606 4032 et
1637 3984 1985 4049 operatnrem

384 4068 652 4139 Spiritum
688 4068 916 4137 feratur,
953 4086 1018 4126 ea
1071 4070 1141 4127 de
1197 4072 1293 4127 illo
1328 4071 1641 4140 proferens,
1678 4084 1801 4137 qua:
1831 4068 1988 4125 nefas

381 4172 469 4218 est
501 4161 773 4234 proferre.
796 4163 837 4216 Α
863 4163 1053 4219 divino
1078 4163 1302 4233 quidem
1332 4161 1516 4221 Verbo
1540 4165 1789 4218 omnium
1818 4162 1988 4218 Crea-

382 4261 504 4311 tore
534 4256 652 4310 cali
690 4256 899 4327 ﬁrmati
929 4264 1055 4310 sunt
1070 4258 1129 4321 ⁸,,
1151 4256 1247 4312 sed
1269 4294 1287 4324 ,
1318 4256 1586 4327 Spiritum
1620 4269 1844 4326 quoque
1874 4255 1989 4310 vir-

384 4349 521 4405 tutis
568 4363 761 4404 eorum
803 4356 1248 4407 constructor-em
1294 4346 1493 4412 fuisse,
1541 4348 1722 4403 edocti
1766 4363 1981 4403 sumus.

385 4439 560 4494 Nemo
591 4441 731 4495 novit
759 4426 1008 4505 Patrem,
1041 4440 1151 4495 nisi
1188 4438 1404 4495 Filius'
1432 4457 1447 4495 :
1482 4454 1673 4512 verum
1705 4454 1769 4495 ea
1801 4438 1985 4496 scien-

381 4535 460 4588 tia
483 4531 723 4604 Spiritus
743 4547 854 4587 non
876 4531 1235 4598 destituitur;
1265 4540 1542 4585 scrutatur
1557 4534 1695 4587 enim
1710 4532 1983 4602 profunda

2097 3347 2221 3403 μεν,
2249 3330 2327 3396 ὡς
2339 3328 2825 3403 προστετάγμεθα,
2857 3329 3035 3399 Πατρ“ι
3061 3328 3159 3381 καὶ
3177 3327 3295 3397 Υἱῷ
3321 3325 3695 3396 συντεταγμέο

2093 3441 2184 3477 νον
2214 3422 2420 3493 εἰδότες
2434 3422 2530 3476 καὶ
2555 3438 2622 3474 συ
2633 3418 2985 3493 μπροσκυνού
2994 3437 3155 3490 μενον
3178 3436 3193 3452 ο
3226 3419 3288 3484 ἐξ
3308 3419 3481 3472 ἀϊδίου
3505 3418 3692 3485 συνὸν,

2092 3517 2215 3585 οὐχὶ
2246 3512 2518 3583 νεώτερον
2554 3515 2634 3575 εἰς
2659 3515 2762 3583 τὴν
2796 3511 3053 3576 σύνταξιν
3084 3510 3369 3583 προελθὸν.
3402 3512 3478 3565 Οὐ
3513 3529 3696 3582 κεχωο
3778 3556 3781 3559 .

2095 3605 2357 3677 ρισμένον
2379 3607 2482 3676 τῆς
2502 3605 2775 3673 ἐξουσίας,
2812 3604 2915 3658 οὐκ
2961 3604 3403 3674 ἠλλοτριωμένον
3419 3604 3518 3672 τῆς
3550 3621 3697 3674 συμ-

2091 3699 2279 3766 φυΐας,
2307 3697 2410 3751 οὐκ
2441 3696 2760 3769 ἁπύκληρον
2777 3697 2890 3748 τῶν
2916 3697 3015 3750 ὅσα
3047 3699 3201 3767 κοινῇ
3245 3697 3463 3767 Πατρὸς
3483 3696 3694 3766 γνωρί-

2091 3790 2246 3855 ζεται
2277 3791 2373 3845 καὶ
2405 3790 2563 3855 Υίοῦ,
2586 3790 2906 3860 ὁμόθρονον,
2936 3789 3194 3860 ὁμόδοξον
3217 3791 3303 3855 ὃν,
3331 3790 3696 3861 συνδημιουρ-

2091 3881 2247 3950 γοῦν,
2286 3898 2351 3935 συ
2360 3880 2713 3953 μϐασιλεῦον.
3648 3877 3650 3879 ’

2161 3978 2341 4048 Μῆτις
2369 3977 2592 4046 γλῶσσα
2610 3976 2866 4050 τολμηρὰ
2890 3976 3035 4032 κατὰ
3058 3978 3154 4031 τοῦ
3188 3976 3566 4047 βασιλεύοντος
3594 3975 3696 4031 καὶ

2091 4066 2432 4139 δημιουργοῦ
2467 4067 2809 4137 Πνεύματος,
2839 4069 2979 4140 πρὸς
3008 4068 3153 4140 ἃνμὴ
3185 4069 3343 4139 θέμις
3371 4068 3582 4122 ἐκείνου
3612 4067 3697 4119 λὲο

2089 4178 2210 4230 γειν
2231 4160 2749 4233 παρακεκινείσθω·
2777 4160 2857 4232 τῷ
2882 4163 3062 4216 πάντα
3092 4161 3342 4215 κτίσαντι
3374 4161 3504 4231 θείῳ
3529 4160 3694 4231 Λόγῳ

2089 4254 2551 4321 ἐστερεώθησαν
2590 4256 2645 4307 οὶ
2693 4252 2962 4322 οὐρανοὶ,
3023 4253 3161 4306 ἀλλὰ
3205 4253 3301 4306 καὶ
3345 4253 3407 4306 τὸ
3461 4250 3695 4321 Πνεῦμα

2091 4346 2356 4415 συνεργὸν
2388 4340 2533 4399 εἶναι
2566 4346 2666 4416 τῆς
2693 4344 2982 4417 δυνάμεως
3019 4346 3203 4409 αὐτῶν
3240 4344 3688 4417 πεπαιδεύμεθα.

2095 4437 2308 4505 Οὐδεὶς
2358 4439 2641 4509 γινώσκει
2678 4438 2789 4491 τὸν
2832 4437 3087 4507 Πατέρα,
3124 4439 3178 4491 ei
3206 4437 3295 4507 μὴ
3319 4440 3353 4492 ό
3394 4438 3548 4503 Υἱὸς,
3572 4436 3693 4491 ἀλλ’

2089 4531 2192 4584 οὐκ
2253 4529 2617 4585 ἀπολείπεται
2662 4529 2870 4600 ταύτης
2902 4530 2999 4583 καὶ
3044 4530 3107 4582 τὸ
3136 4530 3363 4601 Πνεῦμα
3406 4530 3508 4601 τῆς
3539 4530 3691 4600 γνὼ-

383 4626 485 4680 Dei
502 4626 544 4678 ⁸.
577 4623 984 4680 Remissionem
1036 4633 1390 4694 peccatorum
1440 4622 1613 4679 Filius
1647 4623 1983 4691 impertitur,

2094 4641 2235 4685 σεως
2261 4640 2278 4656 ο
2329 4622 2550 4692 ἐρευνᾷ
2596 4623 2711 4692 γὰρ
2756 4621 2830 4675 τὰ
2866 4622 3031 4689 ,βάοη
3082 4622 3189 4677 τοῦ
3228 4624 3400 4677 Θεοῦ.
3456 4624 3690 4677 Δίδωσιν

385 4726 441 4769 at
468 4717 659 4771 eadem
690 4724 966 4792 potestate
997 4713 1240 4784 Spiritus
1271 4716 1441 4785 pollet
1469 4731 1485 4769 :
1514 4730 1707 4771 servos
1725 4714 1984 4769 nobilitat

384 4809 651 4879 dignitate
677 4807 993 4878 adoptionis
1013 4811 1034 4841 θ
1060 4825 1074 4871 ;
1103 4806 1526 4864 confundantur
1547 4809 1642 4880 qui
1668 4809 1723 4863 in
1748 4809 1985 4863 servitu-

457 4985 481 5018 ⁸
520 4983 658 5040 Luc.
693 5000 845 5049 xxiv,
873 4984 963 5038 46.
1046 4985 1068 5015 ⁸
1109 4981 1258 5039 Psal.
1302 4996 1481 5049 xxx",
1514 4982 1567 5038 6.

2086 4716 2284 4785 ἄφεσιν
2305 4715 2723 4787 ἁμαρτημάτων
2750 4718 2779 4768 ὁ
2808 4716 2958 4778 Υἱὸς,
2992 4716 3095 4783 τῆς
3137 4716 3308 4785 αὐτῆς
3339 4716 3589 4781 ἐξουσίας
3628 4716 3691 4769 τὺ

2093 4809 2343 4880 Πνεῦμα.
2378 4809 2742 4879 Ἐξευγενίζει
2769 4812 2897 4875 τοὺς
2934 4810 3157 4874 δούλους
3187 4809 3264 4881 τῷ
3280 4811 3380 4879 τῆς
3411 4811 3691 4875 υἱοθεσίας

1681 4984 1703 5013 ⁷
1744 4982 1942 5039 Matth.
1976 5000 2057 5048 ιι,
2083 4984 2176 5038 27.
2251 4985 2275 5017 ⁸
2316 4985 2494 5041 lCor.
2529 5002 2591 5047 ll,
2623 4988 2711 5040 10.
2789 4987 2810 5017 ’
2849 4982 3016 5040 Rom.
3048 5001 3166 5049 vm,
3200 4985 3288 5042 15.

1930 5118 2171 5177 NOTAE.

459 5237 537 5310 (7)
568 5236 705 5310 Non
739 5236 805 5289 iis
836 5233 1081 5288 omnibus
1103 5250 1312 5291 carens.
1345 5232 1487 5310 Ecce
1511 5234 1849 5310 principium
1874 5236 1983 5310 mi-

383 5306 528 5367 sere
549 5307 850 5373 detortum,
887 5315 942 5359 et
981 5319 1268 5374 perperam
1298 5320 1327 5357 a
1363 5306 1741 5361 schismaticis
1770 5306 1985 5374 intelle-

384 5389 559 5434 ctum.
594 5375 797 5432 Dicunt
860 5373 1007 5431 enim
1049 5374 1480 5445 :Qnodcunque
1529 5375 1678 5432 Patri
1742 5385 1798 5432 et
1845 5373 1986 5431 Filio

382 5463 681 5505 commune
729 5456 851 5511 est,
880 5452 937 5499 et
972 5445 1202 5514 Spiritui
1258 5458 1456 5502 sancto
1502 5456 1589 5502 est
1619 5461 1937 5514 commune
1968 5465 1985 5501 :

388 5528 683 5590 propterea
729 5518 823 5572 ubi
849 5532 968 5590 non
998 5516 1164 5590 Pater
1199 5524 1441 5579 tantum,
1472 5516 1568 5590 sed
1602 5519 1774 5590 etiam
1808 5514 1985 5573 Filius

386 5586 567 5644 activa
613 5588 974 5658 processione
1016 5586 1273 5658 polleret,
1307 5600 1409 5641 nec
1468 5588 1709 5658 Spiritus
1754 5596 1984 5643 sanctus

386 5654 635 5726 careret}
675 5667 787 5713 tum
819 5672 950 5711 vero
979 5654 1125 5711 sicut
1151 5672 1180 5710 a
1208 5654 1395 5722 Patre,
1425 5666 1481 5711 et
1509 5654 1540 5712 a
1571 5656 1730 5721 Filio,
1764 5658 1838 5711 ita
1865 5673 1893 5711 a
1923 5674 1983 5713 se

391 5732 514 5799 ipso
543 5744 763 5798 quoque
798 5727 1142 5799 procederet,
1179 5728 1297 5782 sive
1324 5728 1593 5797 originem
1620 5737 1886 5785 sumeret.
1911 5730 1983 5781 At

391 5798 518 5857 ouis
552 5804 763 5856 nesciat
788 5839 804 5866 ,
839 5798 1175 5870 principium
1210 5798 1347 5853 illud
1382 5814 1492 5854 non
1523 5813 1647 5857 esse
1674 5800 1991 5872 generatim

2093 5240 2500 5312 accipiendum.
2534 5240 2642 5296 nisi
2675 5240 2743 5297 de
2771 5240 3189 5312 operationibus
3216 5243 3283 5298 ad
3319 5253 3500 5308 extra,
3538 5250 3692 5307 velut

2093 5314 2412 5366 creatione?
2444 5311 2581 5366 Nam
2613 5327 2738 5366 cum
2781 5311 2850 5368 de
2891 5313 3129 5370 internis
3160 5316 3366 5382 agitur,
3395 5318 3575 5372 solum
3617 5321 3691 5378 de

2092 5382 2483 5437 communibus
2514 5383 2800 5439 attributis
2832 5385 2983 5437 velut
3014 5388 3259 5451 potentia
3280 5427 3296 5451 ,
3331 5396 3388 5441 et
3418 5388 3544 5444 aliis
3569 5399 3688 5444 sta-

2092 5452 2291 5523 tuitur,
2329 5452 2510 5523 deque
2568 5452 2656 5508 his
2713 5452 3051 5523 intelligendi
3116 5467 3248 5510 sunt
3302 5456 3517 5516 Patres.
3565 5462 3689 5517 Hoc

2090 5522 2311 5598 quidem
2348 5526 2432 5598 vel
2479 5538 2544 5578 ex
2586 5526 2850 5598 fossus
2880 5522 3051 5594 patet,
3080 5528 3228 5596 quod
3258 5525 3546 5598 Scriptura
3578 5532 3686 5585 do-

2089 5600 2235 5653 ccat,
2262 5592 2468 5656 Patris,
2498 5604 2554 5649 et
2586 5593 2714 5648 Filii
2750 5592 3018 5661 Spiritum
3050 5592 3209 5658 esse,
3238 5613 3348 5651 non
3379 5592 3563 5655 autem
3597 5604 3685 5657 sui

2088 5665 2303 5732 ipsius;
2348 5665 2538 5718 itidem
2594 5679 2625 5717 a
2676 5664 2841 5739 Patre
2877 5674 2931 5719 et
2960 5679 2993 5739 a
3026 5665 3165 5739 Filio
3194 5668 3463 5736 Spiritum
3514 5672 3682 5739 mitti,

2087 5750 2373 5805 nunquam
2403 5744 2590 5792 autem
2624 5752 2653 5791 a
2690 5752 2751 5793 se
2784 5737 2923 5808 ipso.
2959 5736 3101 5803 Quid
3134 5740 3524 5798 manifestius?
