  <div class='ocr_page' id='page_1' title='image "/cluster/home/n/w/nwhite01/storage/ocr_20150623/107/mdp.39015028571910/114.png"; bbox 0 0 4086 6298; ppageno 0'>
   <div class='ocr_carea' id='block_1_1' title="bbox 273 363 422 431">
    <p class='ocr_par' dir='ltr' id='par_1_1' title="bbox 273 363 422 431">
     <span class='ocr_line' id='line_1_1' title="bbox 273 363 422 431; baseline 0.02 -3"><span class='ocrx_word' id='word_1_1' title='bbox 273 363 372 431; x_wconf 71' lang='grc'><strong>141</strong></span> <span class='ocrx_word' id='word_1_2' title='bbox 415 387 422 392; x_wconf 81' lang='lat'><strong><em>‘</em></strong></span> 
     </span>
    </p>
   </div>
   <div class='ocr_carea' id='block_1_2' title="bbox 1253 368 2664 447">
    <p class='ocr_par' dir='ltr' id='par_1_2' title="bbox 1253 368 2664 447">
     <span class='ocr_line' id='line_1_2' title="bbox 1253 368 2664 447; baseline 0.009 -20"><span class='ocrx_word' id='word_1_3' title='bbox 1253 369 1537 427; x_wconf 74' lang='lat' dir='ltr'>ORATIO</span> <span class='ocrx_word' id='word_1_4' title='bbox 1577 368 1749 428; x_wconf 75' lang='lat' dir='ltr'>XIII.</span> <span class='ocrx_word' id='word_1_5' title='bbox 1778 393 1848 402; x_wconf 84' lang='grc'><strong>-</strong></span> <span class='ocrx_word' id='word_1_6' title='bbox 1878 369 1976 428; x_wconf 88' lang='lat' dir='ltr'><strong>DE</strong></span> <span class='ocrx_word' id='word_1_7' title='bbox 2007 371 2326 447; x_wconf 85' lang='lat' dir='ltr'><strong>SPIRITU</strong></span> <span class='ocrx_word' id='word_1_8' title='bbox 2354 377 2664 440; x_wconf 85' lang='lat' dir='ltr'><strong>SANCTO.</strong></span> 
     </span>
    </p>
   </div>
   <div class='ocr_carea' id='block_1_3' title="bbox 3474 387 3577 451">
    <p class='ocr_par' dir='ltr' id='par_1_3' title="bbox 3474 387 3577 451">
     <span class='ocr_line' id='line_1_3' title="bbox 3474 387 3577 451; baseline 0.019 -3"><span class='ocrx_word' id='word_1_9' title='bbox 3474 387 3577 451; x_wconf 69' lang='grc'><strong>142</strong></span> 
     </span>
    </p>
   </div>
   <div class='ocr_carea' id='block_1_4' title="bbox 265 478 1875 570">
    <p class='ocr_par' dir='ltr' id='par_1_4' title="bbox 265 478 1867 554">
     <span class='ocr_line' id='line_1_4' title="bbox 265 478 1867 554; baseline 0.004 -21"><span class='ocrx_word' id='word_1_10' title='bbox 265 479 566 550; x_wconf 79' lang='grc' dir='ltr'>ἀξιώματι.</span> <span class='ocrx_word' id='word_1_11' title='bbox 594 482 1053 552; x_wconf 82' lang='grc' dir='ltr'>Αἰσχυνέσθωσαν</span> <span class='ocrx_word' id='word_1_12' title='bbox 1076 483 1126 537; x_wconf 73' lang='lat' dir='ltr'><strong>oi</strong></span> <span class='ocrx_word' id='word_1_13' title='bbox 1148 484 1286 554; x_wconf 78' lang='grc' dir='ltr'>πρὸς</span> <span class='ocrx_word' id='word_1_14' title='bbox 1313 484 1563 540; x_wconf 78' lang='grc' dir='ltr'><strong>δουλείαν</strong></span> <span class='ocrx_word' id='word_1_15' title='bbox 1583 487 1644 539; x_wconf 84' lang='grc' dir='ltr'>τὸ</span> <span class='ocrx_word' id='word_1_16' title='bbox 1680 486 1748 539; x_wconf 87' lang='grc' dir='ltr'>δι’</span> <span class='ocrx_word' id='word_1_17' title='bbox 1803 478 1867 539; x_wconf 75' lang='grc' dir='ltr'><strong>οὗ</strong></span> 
     </span>
    </p>
   </div>
   <div class='ocr_carea' id='block_1_5' title="bbox 1979 478 3588 570">
    <p class='ocr_par' dir='ltr' id='par_1_5' title="bbox 1979 480 3588 570">
     <span class='ocr_line' id='line_1_5' title="bbox 1979 480 3588 570; baseline 0.009 -27"><span class='ocrx_word' id='word_1_18' title='bbox 1979 495 2081 544; x_wconf 91' lang='lat' dir='ltr'><strong>tem</strong></span> <span class='ocrx_word' id='word_1_19' title='bbox 2132 502 2407 550; x_wconf 78' lang='lat' dir='ltr'><strong>conantur</strong></span> <span class='ocrx_word' id='word_1_20' title='bbox 2452 495 2719 568; x_wconf 91' lang='lat' dir='ltr'><strong>Spiritum</strong></span> <span class='ocrx_word' id='word_1_21' title='bbox 2777 480 3041 569; x_wconf 74' lang='lat' dir='ltr'><strong>dejicere,</strong></span> <span class='ocrx_word' id='word_1_22' title='bbox 3070 513 3138 554; x_wconf 81' lang='lat' dir='ltr'><strong>ex</strong></span> <span class='ocrx_word' id='word_1_23' title='bbox 3188 515 3309 570; x_wconf 88' lang='lat' dir='ltr'><strong>quo</strong></span> <span class='ocrx_word' id='word_1_24' title='bbox 3349 506 3588 558; x_wconf 29' lang='lat' dir='ltr'><strong>libertas.</strong></span> 
     </span>
    </p>
   </div>
   <div class='ocr_carea' id='block_1_6' title="bbox 270 572 1870 648">
    <p class='ocr_par' dir='ltr' id='par_1_6' title="bbox 270 572 1870 648">
     <span class='ocr_line' id='line_1_6' title="bbox 270 572 1870 648; baseline 0.004 -24"><span class='ocrx_word' id='word_1_25' title='bbox 270 576 304 641; x_wconf 80' lang='grc' dir='ltr'><strong>ή</strong></span> <span class='ocrx_word' id='word_1_26' title='bbox 383 572 672 644; x_wconf 81' lang='grc' dir='ltr'>ἐλευθερία</span> <span class='ocrx_word' id='word_1_27' title='bbox 767 574 1274 641; x_wconf 80' lang='grc' dir='ltr'>καταϐιϐάξοντες·</span> <span class='ocrx_word' id='word_1_28' title='bbox 1345 577 1396 629; x_wconf 82' lang='grc' dir='ltr'>οἳ</span> <span class='ocrx_word' id='word_1_29' title='bbox 1441 578 1503 630; x_wconf 82' lang='grc' dir='ltr'><strong>οὐ</strong></span> <span class='ocrx_word' id='word_1_30' title='bbox 1559 577 1870 648; x_wconf 76' lang='grc' dir='ltr'>πεφρίκασι</span> 
     </span>
    </p>
   </div>
   <div class='ocr_carea' id='block_1_7' title="bbox 271 663 1868 739">
    <p class='ocr_par' dir='ltr' id='par_1_7' title="bbox 271 663 1868 739">
     <span class='ocr_line' id='line_1_7' title="bbox 271 663 1868 739; baseline 0.004 -23"><span class='ocrx_word' id='word_1_31' title='bbox 271 663 411 733; x_wconf 81' lang='grc' dir='ltr'>μετὰ</span> <span class='ocrx_word' id='word_1_32' title='bbox 457 665 567 719; x_wconf 79' lang='grc' dir='ltr'><strong>τῶν</strong></span> <span class='ocrx_word' id='word_1_33' title='bbox 621 667 940 735; x_wconf 79' lang='grc' dir='ltr'><strong>κτισμάτων</strong></span> <span class='ocrx_word' id='word_1_34' title='bbox 1005 668 1365 738; x_wconf 81' lang='grc' dir='ltr'>συναριθμεῖν</span> <span class='ocrx_word' id='word_1_35' title='bbox 1388 668 1449 721; x_wconf 80' lang='grc' dir='ltr'><strong>τὸ</strong></span> <span class='ocrx_word' id='word_1_36' title='bbox 1483 669 1582 739; x_wconf 78' lang='grc' dir='ltr'>τῆς</span> <span class='ocrx_word' id='word_1_37' title='bbox 1631 669 1868 734; x_wconf 84' lang='grc' dir='ltr'><strong>κτίσεως</strong></span> 
     </span>
    </p>
   </div>
   <div class='ocr_carea' id='block_1_8' title="bbox 267 755 1865 830">
    <p class='ocr_par' dir='ltr' id='par_1_8' title="bbox 267 755 1865 830">
     <span class='ocr_line' id='line_1_8' title="bbox 267 755 1865 830; baseline 0.004 -22"><span class='ocrx_word' id='word_1_38' title='bbox 267 755 460 810; x_wconf 75' lang='grc' dir='ltr'>αἴτιον.</span> <span class='ocrx_word' id='word_1_39' title='bbox 498 758 563 809; x_wconf 86' lang='grc' dir='ltr'><strong>Ὢ</strong></span> <span class='ocrx_word' id='word_1_40' title='bbox 616 760 720 828; x_wconf 85' lang='grc' dir='ltr'>τῆς</span> <span class='ocrx_word' id='word_1_41' title='bbox 750 757 1210 830; x_wconf 75' lang='grc' dir='ltr'>φρενοϐλαϐείαςί</span> <span class='ocrx_word' id='word_1_42' title='bbox 1243 760 1320 813; x_wconf 82' lang='grc' dir='ltr'><strong>Οὐ</strong></span> <span class='ocrx_word' id='word_1_43' title='bbox 1346 761 1597 815; x_wconf 84' lang='grc' dir='ltr'>συνίασιν</span> <span class='ocrx_word' id='word_1_44' title='bbox 1623 762 1673 814; x_wconf 72' lang='grc' dir='ltr'>οἱ</span> <span class='ocrx_word' id='word_1_45' title='bbox 1698 777 1865 814; x_wconf 87' lang='grc' dir='ltr'>πνευ-</span> 
     </span>
    </p>
   </div>
   <div class='ocr_carea' id='block_1_9' title="bbox 268 849 1870 922">
    <p class='ocr_par' dir='ltr' id='par_1_9' title="bbox 268 849 1870 922">
     <span class='ocr_line' id='line_1_9' title="bbox 268 849 1870 922; baseline 0.004 -22"><span class='ocrx_word' id='word_1_46' title='bbox 268 849 580 919; x_wconf 82' lang='grc' dir='ltr'>ματομάχοι</span> <span class='ocrx_word' id='word_1_47' title='bbox 609 850 827 915; x_wconf 71' lang='grc' dir='ltr'>ἑαυτοῖς</span> <span class='ocrx_word' id='word_1_48' title='bbox 855 852 1246 922; x_wconf 81' lang='grc' dir='ltr'><strong>πολεμοῦντες.</strong></span> <span class='ocrx_word' id='word_1_49' title='bbox 1294 853 1435 907; x_wconf 83' lang='grc' dir='ltr'>Καθ’</span> <span class='ocrx_word' id='word_1_50' title='bbox 1497 853 1714 907; x_wconf 73' lang='grc' dir='ltr'>ἑαυτῶν</span> <span class='ocrx_word' id='word_1_51' title='bbox 1744 854 1870 907; x_wconf 80' lang='grc' dir='ltr'>ἁκο·</span> 
     </span>
    </p>
   </div>
   <div class='ocr_carea' id='block_1_10' title="bbox 267 940 1868 1017">
    <p class='ocr_par' dir='ltr' id='par_1_10' title="bbox 267 940 1868 1017">
     <span class='ocr_line' id='line_1_10' title="bbox 267 940 1868 1017; baseline 0.005 -25"><span class='ocrx_word' id='word_1_52' title='bbox 267 940 420 994; x_wconf 88' lang='grc' dir='ltr'>νοῦσι</span> <span class='ocrx_word' id='word_1_53' title='bbox 448 942 549 1004; x_wconf 85' lang='grc' dir='ltr'><strong>τάς</strong></span> <span class='ocrx_word' id='word_1_54' title='bbox 573 941 851 1010; x_wconf 84' lang='grc' dir='ltr'>γλώσσας,</span> <span class='ocrx_word' id='word_1_55' title='bbox 887 945 982 997; x_wconf 73' lang='grc' dir='ltr'><strong>καὶ</strong></span> <span class='ocrx_word' id='word_1_56' title='bbox 1012 945 1114 997; x_wconf 82' lang='grc' dir='ltr'><strong>οὐκ</strong></span> <span class='ocrx_word' id='word_1_57' title='bbox 1147 944 1524 998; x_wconf 75' lang='grc' dir='ltr'><strong>αἰσθάνονται.</strong></span> <span class='ocrx_word' id='word_1_58' title='bbox 1560 947 1624 999; x_wconf 79' lang='lat' dir='ltr'><strong>Ei</strong></span> <span class='ocrx_word' id='word_1_59' title='bbox 1653 946 1868 1017; x_wconf 84' lang='grc' dir='ltr'>κτίσμα</span> 
     </span>
    </p>
   </div>
   <div class='ocr_carea' id='block_1_11' title="bbox 266 1028 1867 1109">
    <p class='ocr_par' dir='ltr' id='par_1_11' title="bbox 266 1028 1867 1109">
     <span class='ocr_line' id='line_1_11' title="bbox 266 1028 1867 1109; baseline 0.006 -27"><span class='ocrx_word' id='word_1_60' title='bbox 266 1030 325 1082; x_wconf 80' lang='grc' dir='ltr'><strong>τὸ</strong></span> <span class='ocrx_word' id='word_1_61' title='bbox 349 1032 604 1102; x_wconf 78' lang='grc' dir='ltr'><strong>Πνεῦμα,</strong></span> <span class='ocrx_word' id='word_1_62' title='bbox 632 1028 678 1088; x_wconf 78' lang='grc' dir='ltr'><strong>ὧ</strong></span> <span class='ocrx_word' id='word_1_63' title='bbox 722 1035 913 1089; x_wconf 77' lang='grc' dir='ltr'>σκαιὸν</span> <span class='ocrx_word' id='word_1_64' title='bbox 948 1038 1177 1104; x_wconf 83' lang='grc' dir='ltr'>κτίσμα,</span> <span class='ocrx_word' id='word_1_65' title='bbox 1217 1036 1337 1100; x_wconf 80' lang='grc' dir='ltr'>πῶς</span> <span class='ocrx_word' id='word_1_66' title='bbox 1362 1037 1678 1108; x_wconf 79' lang='grc' dir='ltr'>ἐλευθερίαν</span> <span class='ocrx_word' id='word_1_67' title='bbox 1703 1039 1867 1109; x_wconf 83' lang='grc' dir='ltr'>χαρί-</span> 
     </span>
    </p>
   </div>
   <div class='ocr_carea' id='block_1_12' title="bbox 265 1122 1866 1198">
    <p class='ocr_par' dir='ltr' id='par_1_12' title="bbox 265 1122 1866 1198">
     <span class='ocr_line' id='line_1_12' title="bbox 265 1122 1866 1198; baseline 0.004 -24"><span class='ocrx_word' id='word_1_68' title='bbox 265 1122 451 1188; x_wconf 85' lang='grc' dir='ltr'>ζεται;</span> <span class='ocrx_word' id='word_1_69' title='bbox 475 1124 538 1177; x_wconf 80' lang='grc' dir='ltr'><strong>Εἰ</strong></span> <span class='ocrx_word' id='word_1_70' title='bbox 575 1126 650 1195; x_wconf 83' lang='grc' dir='ltr'>μὴ</span> <span class='ocrx_word' id='word_1_71' title='bbox 673 1125 826 1190; x_wconf 85' lang='grc' dir='ltr'>Θεὸς,</span> <span class='ocrx_word' id='word_1_72' title='bbox 855 1125 968 1189; x_wconf 80' lang='grc' dir='ltr'>πῶς</span> <span class='ocrx_word' id='word_1_73' title='bbox 1001 1126 1189 1196; x_wconf 82' lang='grc' dir='ltr'>θεῖκῆς</span> <span class='ocrx_word' id='word_1_74' title='bbox 1218 1128 1445 1197; x_wconf 86' lang='grc' dir='ltr'>χάριτος</span> <span class='ocrx_word' id='word_1_75' title='bbox 1469 1128 1827 1198; x_wconf 86' lang='grc' dir='ltr'>μεταδίδωσιν</span> <span class='ocrx_word' id='word_1_76' title='bbox 1851 1147 1866 1193; x_wconf 89' lang='grc'>;</span> 
     </span>
    </p>
   </div>
   <div class='ocr_carea' id='block_1_13' title="bbox 268 1215 1867 1289">
    <p class='ocr_par' dir='ltr' id='par_1_13' title="bbox 268 1215 1867 1289">
     <span class='ocr_line' id='line_1_13' title="bbox 268 1215 1867 1289; baseline 0.003 -21"><span class='ocrx_word' id='word_1_77' title='bbox 268 1215 334 1268; x_wconf 84' lang='grc' dir='ltr'>Εί</span> <span class='ocrx_word' id='word_1_78' title='bbox 359 1216 436 1286; x_wconf 79' lang='grc' dir='ltr'>μὴ</span> <span class='ocrx_word' id='word_1_79' title='bbox 467 1215 765 1286; x_wconf 78' lang='grc' dir='ltr'>βασιλεύει,</span> <span class='ocrx_word' id='word_1_80' title='bbox 796 1216 912 1280; x_wconf 84' lang='grc' dir='ltr'>πῶς</span> <span class='ocrx_word' id='word_1_81' title='bbox 941 1216 1009 1270; x_wconf 83' lang='grc' dir='ltr'><strong>ἂν</strong></span> <span class='ocrx_word' id='word_1_82' title='bbox 1050 1216 1424 1288; x_wconf 78' lang='grc' dir='ltr'>κληρονόμους</span> <span class='ocrx_word' id='word_1_83' title='bbox 1453 1219 1734 1286; x_wconf 81' lang='grc' dir='ltr'>βασιλείας</span> <span class='ocrx_word' id='word_1_84' title='bbox 1772 1222 1867 1289; x_wconf 84' lang='grc' dir='ltr'>ἐρ-</span> 
     </span>
    </p>
   </div>
   <div class='ocr_carea' id='block_1_14' title="bbox 264 1307 1870 1380">
    <p class='ocr_par' dir='ltr' id='par_1_14' title="bbox 264 1307 1870 1380">
     <span class='ocr_line' id='line_1_14' title="bbox 264 1307 1870 1380; baseline 0.002 -19"><span class='ocrx_word' id='word_1_85' title='bbox 264 1307 534 1376; x_wconf 79' lang='grc' dir='ltr'>γάσαιτο;</span> <span class='ocrx_word' id='word_1_86' title='bbox 574 1310 638 1363; x_wconf 84' lang='grc' dir='ltr'>Εἰ</span> <span class='ocrx_word' id='word_1_87' title='bbox 666 1309 742 1379; x_wconf 82' lang='grc' dir='ltr'>μὴ</span> <span class='ocrx_word' id='word_1_88' title='bbox 775 1310 1061 1378; x_wconf 51' lang='grc' dir='ltr'>ἱσυμφυὲς,</span> <span class='ocrx_word' id='word_1_89' title='bbox 1103 1309 1221 1372; x_wconf 81' lang='grc' dir='ltr'>πῶς</span> <span class='ocrx_word' id='word_1_90' title='bbox 1267 1310 1333 1362; x_wconf 82' lang='grc' dir='ltr'>δι’</span> <span class='ocrx_word' id='word_1_91' title='bbox 1372 1310 1538 1364; x_wconf 74' lang='grc' dir='ltr'>αὑτοῦ</span> <span class='ocrx_word' id='word_1_92' title='bbox 1591 1311 1870 1380; x_wconf 81' lang='grc' dir='ltr'>σύμφυτοι</span> 
     </span>
    </p>
   </div>
   <div class='ocr_carea' id='block_1_15' title="bbox 264 1399 1871 1474">
    <p class='ocr_par' dir='ltr' id='par_1_15' title="bbox 264 1399 1871 1474">
     <span class='ocr_line' id='line_1_15' title="bbox 264 1399 1871 1474; baseline 0.002 -22"><span class='ocrx_word' id='word_1_93' title='bbox 264 1399 404 1453; x_wconf 83' lang='grc' dir='ltr'>Θεοῦ</span> <span class='ocrx_word' id='word_1_94' title='bbox 433 1399 816 1469; x_wconf 82' lang='grc' dir='ltr'>καθιστάμεθα</span> <span class='ocrx_word' id='word_1_95' title='bbox 841 1418 856 1466; x_wconf 84' lang='grc'>;</span> <span class='ocrx_word' id='word_1_96' title='bbox 884 1401 936 1454; x_wconf 92' lang='grc' dir='ltr'><strong>τί</strong></span> <span class='ocrx_word' id='word_1_97' title='bbox 992 1401 1156 1474; x_wconf 78' lang='grc' dir='ltr'>βιάζῃ</span> <span class='ocrx_word' id='word_1_98' title='bbox 1195 1402 1292 1455; x_wconf 92' lang='grc' dir='ltr'><strong>τοῦ</strong></span> <span class='ocrx_word' id='word_1_99' title='bbox 1324 1405 1425 1474; x_wconf 75' lang='grc' dir='ltr'>ἥδη</span> <span class='ocrx_word' id='word_1_100' title='bbox 1464 1404 1871 1468; x_wconf 79' lang='grc' dir='ltr'>καταλυθέντος</span> 
     </span>
    </p>
   </div>
   <div class='ocr_carea' id='block_1_16' title="bbox 262 1494 1867 1568">
    <p class='ocr_par' dir='ltr' id='par_1_16' title="bbox 262 1494 1867 1568">
     <span class='ocr_line' id='line_1_16' title="bbox 262 1494 1867 1568; baseline 0.003 -23"><span class='ocrx_word' id='word_1_101' title='bbox 262 1494 558 1565; x_wconf 82' lang='grc' dir='ltr'>τυράννου,</span> <span class='ocrx_word' id='word_1_102' title='bbox 586 1495 682 1547; x_wconf 89' lang='grc' dir='ltr'><strong>τοῦ</strong></span> <span class='ocrx_word' id='word_1_103' title='bbox 705 1494 1045 1562; x_wconf 82' lang='grc' dir='ltr'>ἀποστάτου,</span> <span class='ocrx_word' id='word_1_104' title='bbox 1070 1497 1235 1566; x_wconf 79' lang='grc' dir='ltr'>φημὶ,</span> <span class='ocrx_word' id='word_1_105' title='bbox 1255 1497 1534 1567; x_wconf 89' lang='grc' dir='ltr'>δαίμονος,</span> <span class='ocrx_word' id='word_1_106' title='bbox 1559 1497 1867 1568; x_wconf 76' lang='grc' dir='ltr'>βιαιότερος</span> 
     </span>
    </p>
   </div>
   <div class='ocr_carea' id='block_1_17' title="bbox 262 1585 1871 1659">
    <p class='ocr_par' dir='ltr' id='par_1_17' title="bbox 262 1585 1871 1659">
     <span class='ocr_line' id='line_1_17' title="bbox 262 1585 1871 1659; baseline 0.002 -20"><span class='ocrx_word' id='word_1_107' title='bbox 262 1585 652 1654; x_wconf 76' lang='grc' dir='ltr'>ἀναπεφάνθαι</span> <span class='ocrx_word' id='word_1_108' title='bbox 712 1585 977 1657; x_wconf 77' lang='grc' dir='ltr'>τύραννος</span> <span class='ocrx_word' id='word_1_109' title='bbox 1001 1629 1017 1652; x_wconf 97' lang='grc'><strong>,</strong></span> <span class='ocrx_word' id='word_1_110' title='bbox 1079 1589 1204 1659; x_wconf 79' lang='grc' dir='ltr'>μετ’</span> <span class='ocrx_word' id='word_1_111' title='bbox 1227 1590 1544 1659; x_wconf 76' lang='grc' dir='ltr'>ἀφθαρσίαν</span> <span class='ocrx_word' id='word_1_112' title='bbox 1580 1591 1745 1644; x_wconf 88' lang='grc' dir='ltr'>πάλιν</span> <span class='ocrx_word' id='word_1_113' title='bbox 1776 1592 1871 1659; x_wconf 79' lang='grc' dir='ltr'><strong>ἐγ-</strong></span> 
     </span>
    </p>
   </div>
   <div class='ocr_carea' id='block_1_18' title="bbox 261 1678 1871 1755">
    <p class='ocr_par' dir='ltr' id='par_1_18' title="bbox 261 1678 1871 1755">
     <span class='ocr_line' id='line_1_18' title="bbox 261 1678 1871 1755; baseline 0.004 -24"><span class='ocrx_word' id='word_1_114' title='bbox 261 1678 524 1750; x_wconf 74' lang='grc' dir='ltr'>χειρίζων</span> <span class='ocrx_word' id='word_1_115' title='bbox 556 1681 735 1752; x_wconf 83' lang='grc' dir='ltr'>φθορᾷ</span> <span class='ocrx_word' id='word_1_116' title='bbox 761 1682 822 1734; x_wconf 85' lang='grc' dir='ltr'><strong>τὸ</strong></span> <span class='ocrx_word' id='word_1_117' title='bbox 856 1680 1111 1750; x_wconf 84' lang='grc' dir='ltr'>πλάσμα;</span> <span class='ocrx_word' id='word_1_118' title='bbox 1143 1683 1216 1735; x_wconf 86' lang='grc' dir='ltr'><strong>Οὐ</strong></span> <span class='ocrx_word' id='word_1_119' title='bbox 1251 1683 1363 1752; x_wconf 78' lang='grc' dir='ltr'><strong>γὰρ</strong></span> <span class='ocrx_word' id='word_1_120' title='bbox 1391 1682 1456 1755; x_wconf 71' lang='grc' dir='ltr'>δὴ</span> <span class='ocrx_word' id='word_1_121' title='bbox 1488 1683 1560 1735; x_wconf 86' lang='grc' dir='ltr'>τὰ</span> <span class='ocrx_word' id='word_1_122' title='bbox 1588 1682 1871 1752; x_wconf 88' lang='grc' dir='ltr'>κτίσματα</span> 
     </span>
    </p>
   </div>
   <div class='ocr_carea' id='block_1_19' title="bbox 261 1771 1869 1858">
    <p class='ocr_par' dir='ltr' id='par_1_19' title="bbox 261 1771 1869 1858">
     <span class='ocr_line' id='line_1_19' title="bbox 261 1771 1869 1858; baseline 0.004 -34"><span class='ocrx_word' id='word_1_123' title='bbox 261 1771 371 1825; x_wconf 83' lang='grc' dir='ltr'>ὑπὸ</span> <span class='ocrx_word' id='word_1_124' title='bbox 431 1772 731 1843; x_wconf 78' lang='grc' dir='ltr'>κτίσματος</span> <span class='ocrx_word' id='word_1_125' title='bbox 785 1774 1207 1846; x_wconf 81' lang='grc' dir='ltr'>ἀφθαρτίζεται.</span> <span class='ocrx_word' id='word_1_126' title='bbox 1253 1775 1435 1858; x_wconf 76' lang='grc' dir='ltr'>Εἴπερ</span> <span class='ocrx_word' id='word_1_127' title='bbox 1470 1777 1563 1831; x_wconf 80' lang='grc' dir='ltr'>οὖν</span> <span class='ocrx_word' id='word_1_128' title='bbox 1593 1777 1784 1831; x_wconf 85' lang='grc' dir='ltr'>δοῦλον</span> <span class='ocrx_word' id='word_1_129' title='bbox 1809 1778 1869 1831; x_wconf 87' lang='grc' dir='ltr'><strong>τὸ</strong></span> 
     </span>
    </p>
   </div>
   <div class='ocr_carea' id='block_1_20' title="bbox 261 1849 1942 1942">
    <p class='ocr_par' dir='ltr' id='par_1_20' title="bbox 261 1849 1942 1942">
     <span class='ocr_line' id='line_1_20' title="bbox 261 1849 1942 1942; baseline 0.005 -25"><span class='ocrx_word' id='word_1_130' title='bbox 261 1864 518 1934; x_wconf 81' lang='grc' dir='ltr'>Πνεῦμα,</span> <span class='ocrx_word' id='word_1_131' title='bbox 547 1866 627 1918; x_wconf 74' lang='grc' dir='ltr'><strong>ἔτι</strong></span> <span class='ocrx_word' id='word_1_132' title='bbox 657 1867 720 1918; x_wconf 88' lang='grc' dir='ltr'><strong>τὸ</strong></span> <span class='ocrx_word' id='word_1_133' title='bbox 778 1866 1009 1936; x_wconf 80' lang='grc' dir='ltr'>πλάσμα</span> <span class='ocrx_word' id='word_1_134' title='bbox 1045 1867 1374 1924; x_wconf 79' lang='grc' dir='ltr'>δεδούλωται</span> <span class='ocrx_word' id='word_1_135' title='bbox 1396 1849 1470 1940; x_wconf 57' lang='grc' dir='ltr'><strong>’τῇ</strong></span> <span class='ocrx_word' id='word_1_136' title='bbox 1506 1871 1684 1942; x_wconf 80' lang='grc' dir='ltr'>φθορᾷ</span> <span class='ocrx_word' id='word_1_137' title='bbox 1705 1912 1720 1935; x_wconf 93' lang='grc'><strong>,</strong></span> <span class='ocrx_word' id='word_1_138' title='bbox 1759 1869 1866 1924; x_wconf 82' lang='grc' dir='ltr'><strong>κᾶν</strong></span> <span class='ocrx_word' id='word_1_139' title='bbox 1900 1849 1942 1900; x_wconf 76' lang='grc' dir='ltr'>Β</span> 
     </span>
    </p>
   </div>
   <div class='ocr_carea' id='block_1_21' title="bbox 261 1962 1871 2037">
    <p class='ocr_par' dir='ltr' id='par_1_21' title="bbox 261 1962 1871 2037">
     <span class='ocr_line' id='line_1_21' title="bbox 261 1962 1871 2037; baseline 0.002 -23"><span class='ocrx_word' id='word_1_140' title='bbox 261 1962 408 2032; x_wconf 80' lang='grc' dir='ltr'>ὑπὲρ</span> <span class='ocrx_word' id='word_1_141' title='bbox 435 1963 595 2032; x_wconf 83' lang='grc' dir='ltr'>ἡμῶν</span> <span class='ocrx_word' id='word_1_142' title='bbox 620 1962 881 2018; x_wconf 88' lang='grc' dir='ltr'>τοσοῦτον</span> <span class='ocrx_word' id='word_1_143' title='bbox 923 1964 1083 2034; x_wconf 84' lang='grc' dir='ltr'><strong>ἐδόθη</strong></span> <span class='ocrx_word' id='word_1_144' title='bbox 1135 1965 1477 2033; x_wconf 84' lang='grc' dir='ltr'>ἀντίλυτρον.</span> <span class='ocrx_word' id='word_1_145' title='bbox 1523 1966 1579 2019; x_wconf 86' lang='lat'><strong>&#39;0</strong></span> <span class='ocrx_word' id='word_1_146' title='bbox 1611 1966 1709 2035; x_wconf 79' lang='grc' dir='ltr'>μὲν</span> <span class='ocrx_word' id='word_1_147' title='bbox 1759 1966 1871 2037; x_wconf 80' lang='grc' dir='ltr'><strong>γὰρ</strong></span> 
     </span>
    </p>
   </div>
   <div class='ocr_carea' id='block_1_22' title="bbox 266 2058 1871 2131">
    <p class='ocr_par' dir='ltr' id='par_1_22' title="bbox 266 2058 1871 2131">
     <span class='ocr_line' id='line_1_22' title="bbox 266 2058 1871 2131; baseline 0.003 -21"><span class='ocrx_word' id='word_1_148' title='bbox 266 2058 396 2121; x_wconf 77' lang='grc' dir='ltr'>Υἱὸς</span> <span class='ocrx_word' id='word_1_149' title='bbox 427 2058 504 2120; x_wconf 84' lang='grc' dir='ltr'>ὡς</span> <span class='ocrx_word' id='word_1_150' title='bbox 541 2058 884 2129; x_wconf 82' lang='grc' dir='ltr'>ὁμοδύναμον</span> <span class='ocrx_word' id='word_1_151' title='bbox 905 2059 999 2112; x_wconf 74' lang='grc' dir='ltr'>καὶ</span> <span class='ocrx_word' id='word_1_152' title='bbox 1024 2059 1290 2130; x_wconf 86' lang='grc' dir='ltr'>συνεργὸν</span> <span class='ocrx_word' id='word_1_153' title='bbox 1324 2062 1405 2122; x_wconf 89' lang='grc' dir='ltr'><strong>είς</strong></span> <span class='ocrx_word' id='word_1_154' title='bbox 1435 2060 1534 2131; x_wconf 80' lang='grc' dir='ltr'><strong>τὴν</strong></span> <span class='ocrx_word' id='word_1_155' title='bbox 1561 2061 1871 2115; x_wconf 85' lang='grc' dir='ltr'>ἀνάπλασιν</span> 
     </span>
    </p>
   </div>
   <div class='ocr_carea' id='block_1_23' title="bbox 263 2132 1873 2223">
    <p class='ocr_par' dir='ltr' id='par_1_23' title="bbox 263 2148 1873 2223">
     <span class='ocr_line' id='line_1_23' title="bbox 263 2148 1873 2223; baseline 0.004 -22"><span class='ocrx_word' id='word_1_156' title='bbox 263 2148 715 2218; x_wconf 81' lang='grc' dir='ltr'>παραλαμϐάνει.</span> <span class='ocrx_word' id='word_1_157' title='bbox 752 2152 851 2204; x_wconf 81' lang='grc' dir='ltr'><strong>σὺν</strong></span> <span class='ocrx_word' id='word_1_158' title='bbox 874 2149 1024 2221; x_wconf 88' lang='grc' dir='ltr'>αὐτῷ</span> <span class='ocrx_word' id='word_1_159' title='bbox 1053 2168 1114 2204; x_wconf 89' lang='grc' dir='ltr'><strong>τε</strong></span> <span class='ocrx_word' id='word_1_160' title='bbox 1146 2152 1239 2204; x_wconf 76' lang='grc' dir='ltr'><strong>καὶ</strong></span> <span class='ocrx_word' id='word_1_161' title='bbox 1265 2150 1344 2221; x_wconf 85' lang='grc' dir='ltr'><strong>τῷ</strong></span> <span class='ocrx_word' id='word_1_162' title='bbox 1374 2153 1668 2223; x_wconf 85' lang='grc' dir='ltr'>Γεννὴτορι</span> <span class='ocrx_word' id='word_1_163' title='bbox 1698 2171 1873 2207; x_wconf 84' lang='grc' dir='ltr'>κατα-</span> 
     </span>
    </p>
   </div>
   <div class='ocr_carea' id='block_1_24' title="bbox 263 2239 1872 2313">
    <p class='ocr_par' dir='ltr' id='par_1_24' title="bbox 263 2239 1872 2313">
     <span class='ocr_line' id='line_1_24' title="bbox 263 2239 1872 2313; baseline 0.004 -22"><span class='ocrx_word' id='word_1_164' title='bbox 263 2239 616 2308; x_wconf 73' lang='grc' dir='ltr'>πραξάμενον</span> <span class='ocrx_word' id='word_1_165' title='bbox 673 2242 805 2310; x_wconf 77' lang='grc' dir='ltr'>ἡμῖν</span> <span class='ocrx_word' id='word_1_166' title='bbox 869 2241 970 2311; x_wconf 82' lang='grc' dir='ltr'>τὴν</span> <span class='ocrx_word' id='word_1_167' title='bbox 1029 2241 1502 2313; x_wconf 88' lang='grc' dir='ltr'>ἀναστοιχείωσιν.</span> <span class='ocrx_word' id='word_1_168' title='bbox 1539 2243 1602 2296; x_wconf 76' lang='lat' dir='ltr'><strong>Ei</strong></span> <span class='ocrx_word' id='word_1_169' title='bbox 1640 2245 1696 2297; x_wconf 79' lang='grc' dir='ltr'><strong>δὲ</strong></span> <span class='ocrx_word' id='word_1_170' title='bbox 1730 2245 1872 2312; x_wconf 88' lang='grc' dir='ltr'>μετὰ</span> 
     </span>
    </p>
   </div>
   <div class='ocr_carea' id='block_1_25' title="bbox 259 2332 1872 2404">
    <p class='ocr_par' dir='ltr' id='par_1_25' title="bbox 259 2332 1872 2404">
     <span class='ocr_line' id='line_1_25' title="bbox 259 2332 1872 2404; baseline 0.002 -20"><span class='ocrx_word' id='word_1_171' title='bbox 259 2332 375 2384; x_wconf 81' lang='grc' dir='ltr'><strong>τῶν</strong></span> <span class='ocrx_word' id='word_1_172' title='bbox 415 2332 740 2402; x_wconf 82' lang='grc' dir='ltr'>κτισμάτων</span> <span class='ocrx_word' id='word_1_173' title='bbox 784 2333 1115 2404; x_wconf 79' lang='grc' dir='ltr'>ἡρίθμηται,</span> <span class='ocrx_word' id='word_1_174' title='bbox 1158 2335 1261 2388; x_wconf 78' lang='grc' dir='ltr'><strong>οὐκ</strong></span> <span class='ocrx_word' id='word_1_175' title='bbox 1312 2333 1464 2388; x_wconf 78' lang='grc' dir='ltr'>ἔστιν</span> <span class='ocrx_word' id='word_1_176' title='bbox 1516 2335 1665 2400; x_wconf 83' lang='grc' dir='ltr'>ὅπως</span> <span class='ocrx_word' id='word_1_177' title='bbox 1695 2339 1872 2389; x_wconf 82' lang='grc' dir='ltr'>ἐκεῖνο</span> 
     </span>
    </p>
   </div>
   <div class='ocr_carea' id='block_1_26' title="bbox 261 2424 1869 2498">
    <p class='ocr_par' dir='ltr' id='par_1_26' title="bbox 261 2424 1869 2498">
     <span class='ocr_line' id='line_1_26' title="bbox 261 2424 1869 2498; baseline 0.006 -24"><span class='ocrx_word' id='word_1_178' title='bbox 261 2424 544 2495; x_wconf 79' lang='grc' dir='ltr'>ἑνεργήσῃ</span> <span class='ocrx_word' id='word_1_179' title='bbox 569 2425 712 2478; x_wconf 84' lang='grc' dir='ltr'>τὸδι“</span> <span class='ocrx_word' id='word_1_180' title='bbox 735 2425 764 2477; x_wconf 86' lang='grc' dir='ltr'>ὃ</span> <span class='ocrx_word' id='word_1_181' title='bbox 796 2427 1321 2496; x_wconf 85' lang='grc' dir='ltr'>παραλαμϐάνεται.</span> <span class='ocrx_word' id='word_1_182' title='bbox 1354 2427 1429 2480; x_wconf 86' lang='grc' dir='ltr'><strong>Οὐ</strong></span> <span class='ocrx_word' id='word_1_183' title='bbox 1451 2425 1561 2498; x_wconf 85' lang='grc' dir='ltr'><strong>γὰρ</strong></span> <span class='ocrx_word' id='word_1_184' title='bbox 1583 2428 1648 2498; x_wconf 79' lang='grc' dir='ltr'><strong>δὴ</strong></span> <span class='ocrx_word' id='word_1_185' title='bbox 1679 2429 1869 2496; x_wconf 80' lang='grc' dir='ltr'>φαίης,</span> 
     </span>
    </p>
   </div>
   <div class='ocr_carea' id='block_1_27' title="bbox 261 2518 1874 2588">
    <p class='ocr_par' dir='ltr' id='par_1_27' title="bbox 261 2518 1874 2588">
     <span class='ocr_line' id='line_1_27' title="bbox 261 2518 1874 2588; baseline 0.002 -18"><span class='ocrx_word' id='word_1_186' title='bbox 261 2520 463 2587; x_wconf 83' lang='grc' dir='ltr'>ὅτιπερ</span> <span class='ocrx_word' id='word_1_187' title='bbox 509 2518 663 2570; x_wconf 82' lang='grc' dir='ltr'>οὐδὲν</span> <span class='ocrx_word' id='word_1_188' title='bbox 722 2518 924 2572; x_wconf 85' lang='grc' dir='ltr'>κωλύει</span> <span class='ocrx_word' id='word_1_189' title='bbox 973 2521 1070 2572; x_wconf 77' lang='grc' dir='ltr'><strong>καὶ</strong></span> <span class='ocrx_word' id='word_1_190' title='bbox 1123 2519 1334 2587; x_wconf 79' lang='grc' dir='ltr'>κτίσμα</span> <span class='ocrx_word' id='word_1_191' title='bbox 1371 2518 1787 2588; x_wconf 82' lang='grc' dir='ltr'>ὑπολαμϐάνειν</span> <span class='ocrx_word' id='word_1_192' title='bbox 1814 2522 1874 2574; x_wconf 81' lang='grc' dir='ltr'>τὸ</span> 
     </span>
    </p>
   </div>
   <div class='ocr_carea' id='block_1_28' title="bbox 261 2610 1876 2684">
    <p class='ocr_par' dir='ltr' id='par_1_28' title="bbox 261 2610 1876 2684">
     <span class='ocr_line' id='line_1_28' title="bbox 261 2610 1876 2684; baseline 0.004 -22"><span class='ocrx_word' id='word_1_193' title='bbox 261 2610 521 2680; x_wconf 78' lang='grc' dir='ltr'>Πνεῦμα,</span> <span class='ocrx_word' id='word_1_194' title='bbox 551 2612 646 2663; x_wconf 76' lang='grc' dir='ltr'><strong>καὶ</strong></span> <span class='ocrx_word' id='word_1_195' title='bbox 673 2611 806 2682; x_wconf 82' lang='grc' dir='ltr'>παρ’</span> <span class='ocrx_word' id='word_1_196' title='bbox 839 2611 1008 2665; x_wconf 83' lang='grc' dir='ltr'>αὐτοῦ</span> <span class='ocrx_word' id='word_1_197' title='bbox 1044 2614 1195 2683; x_wconf 73' lang='grc' dir='ltr'>ἡμᾶς</span> <span class='ocrx_word' id='word_1_198' title='bbox 1244 2613 1682 2684; x_wconf 82' lang='grc' dir='ltr'>ἠλευθερῶσθαι.</span> <span class='ocrx_word' id='word_1_199' title='bbox 1715 2617 1876 2684; x_wconf 77' lang='grc' dir='ltr'><strong>Ι]ρῶ-</strong></span> 
     </span>
    </p>
   </div>
   <div class='ocr_carea' id='block_1_29' title="bbox 261 2703 1877 2774">
    <p class='ocr_par' dir='ltr' id='par_1_29' title="bbox 261 2703 1877 2774">
     <span class='ocr_line' id='line_1_29' title="bbox 261 2703 1877 2774; baseline 0.004 -18"><span class='ocrx_word' id='word_1_200' title='bbox 261 2721 362 2757; x_wconf 87' lang='grc' dir='ltr'><strong>τον</strong></span> <span class='ocrx_word' id='word_1_201' title='bbox 412 2704 516 2774; x_wconf 81' lang='grc' dir='ltr'>μὲν</span> <span class='ocrx_word' id='word_1_202' title='bbox 554 2703 665 2774; x_wconf 77' lang='grc' dir='ltr'><strong>γὰρ</strong></span> <span class='ocrx_word' id='word_1_203' title='bbox 710 2706 761 2756; x_wconf 84' lang='grc' dir='ltr'><strong>εί</strong></span> <span class='ocrx_word' id='word_1_204' title='bbox 795 2704 856 2757; x_wconf 83' lang='grc' dir='ltr'>τὸ</span> <span class='ocrx_word' id='word_1_205' title='bbox 907 2705 1192 2774; x_wconf 82' lang='grc' dir='ltr'>διεφθορὸς</span> <span class='ocrx_word' id='word_1_206' title='bbox 1240 2705 1613 2762; x_wconf 88' lang='grc' dir='ltr'>ἀνεπλάττετο</span> <span class='ocrx_word' id='word_1_207' title='bbox 1642 2708 1732 2762; x_wconf 84' lang='grc' dir='ltr'>διὰ</span> <span class='ocrx_word' id='word_1_208' title='bbox 1758 2711 1877 2762; x_wconf 76' lang='grc' dir='ltr'>κτίσ-</span> 
     </span>
    </p>
   </div>
   <div class='ocr_carea' id='block_1_30' title="bbox 265 2796 1876 2868">
    <p class='ocr_par' dir='ltr' id='par_1_30' title="bbox 265 2796 1876 2868">
     <span class='ocr_line' id='line_1_30' title="bbox 265 2796 1876 2868; baseline 0.004 -22"><span class='ocrx_word' id='word_1_209' title='bbox 265 2811 500 2864; x_wconf 77' lang='grc' dir='ltr'>σματος,</span> <span class='ocrx_word' id='word_1_210' title='bbox 530 2796 677 2859; x_wconf 80' lang='grc' dir='ltr'>τίνος</span> <span class='ocrx_word' id='word_1_211' title='bbox 701 2796 890 2849; x_wconf 86' lang='grc' dir='ltr'>’ένεκεν</span> <span class='ocrx_word' id='word_1_212' title='bbox 938 2797 967 2847; x_wconf 84' lang='grc' dir='ltr'><strong>ὁ</strong></span> <span class='ocrx_word' id='word_1_213' title='bbox 1001 2797 1244 2866; x_wconf 85' lang='grc' dir='ltr'>Κτίστης</span> <span class='ocrx_word' id='word_1_214' title='bbox 1283 2797 1428 2852; x_wconf 81' lang='grc' dir='ltr'>οὕτω</span> <span class='ocrx_word' id='word_1_215' title='bbox 1457 2799 1756 2868; x_wconf 78' lang='grc' dir='ltr'>φιλοτίμως</span> <span class='ocrx_word' id='word_1_216' title='bbox 1782 2802 1876 2854; x_wconf 73' lang='grc' dir='ltr'><strong>ἐπὶ</strong></span> 
     </span>
    </p>
   </div>
   <div class='ocr_carea' id='block_1_31' title="bbox 262 2889 1875 2962">
    <p class='ocr_par' dir='ltr' id='par_1_31' title="bbox 262 2889 1875 2962">
     <span class='ocr_line' id='line_1_31' title="bbox 262 2889 1875 2962; baseline 0.003 -23"><span class='ocrx_word' id='word_1_217' title='bbox 262 2889 328 2940; x_wconf 83' lang='grc' dir='ltr'><strong>τὸ</strong></span> <span class='ocrx_word' id='word_1_218' title='bbox 365 2890 604 2958; x_wconf 78' lang='grc' dir='ltr'>πρᾶγμα</span> <span class='ocrx_word' id='word_1_219' title='bbox 667 2891 855 2958; x_wconf 84' lang='grc' dir='ltr'>χωρεῖ,</span> <span class='ocrx_word' id='word_1_220' title='bbox 893 2890 992 2942; x_wconf 74' lang='grc' dir='ltr'><strong>καὶ</strong></span> <span class='ocrx_word' id='word_1_221' title='bbox 1036 2889 1310 2960; x_wconf 79' lang='grc' dir='ltr'>τοσαύτην</span> <span class='ocrx_word' id='word_1_222' title='bbox 1352 2891 1729 2945; x_wconf 79' lang='grc' dir='ltr'>ἐπιδείκνυται</span> <span class='ocrx_word' id='word_1_223' title='bbox 1778 2893 1875 2962; x_wconf 83' lang='grc' dir='ltr'><strong>τὴν</strong></span> 
     </span>
    </p>
   </div>
   <div class='ocr_carea' id='block_1_32' title="bbox 261 2976 1876 3052">
    <p class='ocr_par' dir='ltr' id='par_1_32' title="bbox 261 2976 1876 3052">
     <span class='ocr_line' id='line_1_32' title="bbox 261 2976 1876 3052; baseline 0.002 -20"><span class='ocrx_word' id='word_1_224' title='bbox 261 2979 597 3050; x_wconf 84' lang='grc' dir='ltr'>προαίρεσιν</span> <span class='ocrx_word' id='word_1_225' title='bbox 632 2981 712 3042; x_wconf 88' lang='grc' dir='ltr'><strong>είς</strong></span> <span class='ocrx_word' id='word_1_226' title='bbox 761 2979 946 3048; x_wconf 74' lang='grc' dir='ltr'>ἔργον,</span> <span class='ocrx_word' id='word_1_227' title='bbox 998 2980 1030 3033; x_wconf 84' lang='grc' dir='ltr'><strong>ὂ</strong></span> <span class='ocrx_word' id='word_1_228' title='bbox 1071 2980 1298 3033; x_wconf 82' lang='grc' dir='ltr'>δυνατὸν</span> <span class='ocrx_word' id='word_1_229' title='bbox 1346 2976 1416 3052; x_wconf 82' lang='grc' dir='ltr'>ἧν</span> <span class='ocrx_word' id='word_1_230' title='bbox 1445 2982 1539 3036; x_wconf 72' lang='grc' dir='ltr'>καὶ</span> <span class='ocrx_word' id='word_1_231' title='bbox 1612 2983 1876 3051; x_wconf 87' lang='grc' dir='ltr'>κτίσματι</span> 
     </span>
    </p>
   </div>
   <div class='ocr_carea' id='block_1_33' title="bbox 263 3073 1874 3147">
    <p class='ocr_par' dir='ltr' id='par_1_33' title="bbox 263 3073 1874 3147">
     <span class='ocr_line' id='line_1_33' title="bbox 263 3073 1874 3147; baseline 0.005 -23"><span class='ocrx_word' id='word_1_232' title='bbox 263 3073 653 3144; x_wconf 82' lang='grc' dir='ltr'>ἀποχρωμένῳ</span> <span class='ocrx_word' id='word_1_233' title='bbox 684 3075 920 3144; x_wconf 82' lang='grc' dir='ltr'>διακόνῳ</span> <span class='ocrx_word' id='word_1_234' title='bbox 976 3075 1192 3142; x_wconf 83' lang='grc' dir='ltr'>τελεῖν;</span> <span class='ocrx_word' id='word_1_235' title='bbox 1227 3076 1292 3129; x_wconf 89' lang='grc' dir='ltr'>Τί</span> <span class='ocrx_word' id='word_1_236' title='bbox 1348 3076 1403 3129; x_wconf 82' lang='grc' dir='ltr'>δὲ</span> <span class='ocrx_word' id='word_1_237' title='bbox 1449 3079 1671 3147; x_wconf 81' lang='grc' dir='ltr'>μήτραν</span> <span class='ocrx_word' id='word_1_238' title='bbox 1713 3080 1874 3144; x_wconf 84' lang='grc' dir='ltr'>οἰκεῖ,</span> 
     </span>
    </p>
   </div>
   <div class='ocr_carea' id='block_1_34' title="bbox 1974 583 3580 666">
    <p class='ocr_par' dir='ltr' id='par_1_34' title="bbox 1974 583 3580 666">
     <span class='ocr_line' id='line_1_34' title="bbox 1974 583 3580 666; baseline 0.007 -29"><span class='ocrx_word' id='word_1_239' title='bbox 1974 583 2144 638; x_wconf 72' lang='lat' dir='ltr'><strong>est“.</strong></span> <span class='ocrx_word' id='word_1_240' title='bbox 2195 583 2317 640; x_wconf 88' lang='lat' dir='ltr'><strong>Non</strong></span> <span class='ocrx_word' id='word_1_241' title='bbox 2365 588 2774 643; x_wconf 78' lang='lat' dir='ltr'><strong>exhorrescunt</strong></span> <span class='ocrx_word' id='word_1_242' title='bbox 2838 590 2928 645; x_wconf 87' lang='lat' dir='ltr'><strong>isti</strong></span> <span class='ocrx_word' id='word_1_243' title='bbox 2968 605 3376 646; x_wconf 85' lang='lat' dir='ltr'><strong>connumerare</strong></span> <span class='ocrx_word' id='word_1_244' title='bbox 3433 593 3580 666; x_wconf 79' lang='lat' dir='ltr'><strong>inter</strong></span> 
     </span>
    </p>
   </div>
   <div class='ocr_carea' id='block_1_35' title="bbox 1974 680 3574 752">
    <p class='ocr_par' dir='ltr' id='par_1_35' title="bbox 1974 680 3574 752">
     <span class='ocr_line' id='line_1_35' title="bbox 1974 680 3574 752; baseline 0.007 -23"><span class='ocrx_word' id='word_1_245' title='bbox 1974 685 2259 732; x_wconf 88' lang='lat' dir='ltr'><strong>creaturas</strong></span> <span class='ocrx_word' id='word_1_246' title='bbox 2299 680 2604 735; x_wconf 89' lang='lat' dir='ltr'><strong>creationis</strong></span> <span class='ocrx_word' id='word_1_247' title='bbox 2652 690 2939 736; x_wconf 79' lang='lat' dir='ltr'><strong>auctorem</strong></span> <span class='ocrx_word' id='word_1_248' title='bbox 2978 701 2992 736; x_wconf 89' lang='lat'><strong>:</strong></span> <span class='ocrx_word' id='word_1_249' title='bbox 3027 681 3167 752; x_wconf 83' lang='lat' dir='ltr'><strong>proh</strong></span> <span class='ocrx_word' id='word_1_250' title='bbox 3200 684 3532 740; x_wconf 90' lang='lat' dir='ltr'><strong>dementiam</strong></span> <span class='ocrx_word' id='word_1_251' title='bbox 3561 687 3574 740; x_wconf 75' lang='grc' dir='ltr'><strong>ί</strong></span> 
     </span>
    </p>
   </div>
   <div class='ocr_carea' id='block_1_36' title="bbox 1972 767 3582 846">
    <p class='ocr_par' dir='ltr' id='par_1_36' title="bbox 1972 767 3582 846">
     <span class='ocr_line' id='line_1_36' title="bbox 1972 767 3582 846; baseline 0.006 -24"><span class='ocrx_word' id='word_1_252' title='bbox 1972 767 2408 826; x_wconf 76' lang='lat' dir='ltr'><strong>Pneumaticida:</strong></span> <span class='ocrx_word' id='word_1_253' title='bbox 2455 772 2511 827; x_wconf 90' lang='lat' dir='ltr'><strong>in</strong></span> <span class='ocrx_word' id='word_1_254' title='bbox 2543 788 2602 828; x_wconf 90' lang='lat' dir='ltr'><strong>se</strong></span> <span class='ocrx_word' id='word_1_255' title='bbox 2634 774 2788 844; x_wconf 90' lang='lat' dir='ltr'><strong>ipsos</strong></span> <span class='ocrx_word' id='word_1_256' title='bbox 2824 775 3192 846; x_wconf 75' lang='lat' dir='ltr'><strong>belligerant,</strong></span> <span class='ocrx_word' id='word_1_257' title='bbox 3242 791 3346 832; x_wconf 90' lang='lat' dir='ltr'><strong>nec</strong></span> <span class='ocrx_word' id='word_1_258' title='bbox 3374 779 3582 832; x_wconf 90' lang='lat' dir='ltr'><strong>intelli-</strong></span> 
     </span>
    </p>
   </div>
   <div class='ocr_carea' id='block_1_37' title="bbox 1973 861 3575 937">
    <p class='ocr_par' dir='ltr' id='par_1_37' title="bbox 1973 861 3575 937">
     <span class='ocr_line' id='line_1_37' title="bbox 1973 861 3575 937; baseline 0.006 -25"><span class='ocrx_word' id='word_1_259' title='bbox 1973 869 2141 929; x_wconf 82' lang='lat' dir='ltr'><strong>gunt;</strong></span> <span class='ocrx_word' id='word_1_260' title='bbox 2174 861 2227 915; x_wconf 93' lang='lat' dir='ltr'><strong>in</strong></span> <span class='ocrx_word' id='word_1_261' title='bbox 2256 877 2315 917; x_wconf 91' lang='lat' dir='ltr'><strong>se</strong></span> <span class='ocrx_word' id='word_1_262' title='bbox 2354 863 2507 932; x_wconf 88' lang='lat' dir='ltr'><strong>ipsos</strong></span> <span class='ocrx_word' id='word_1_263' title='bbox 2547 863 2767 934; x_wconf 81' lang='lat' dir='ltr'><strong>linguas</strong></span> <span class='ocrx_word' id='word_1_264' title='bbox 2817 873 3062 932; x_wconf 89' lang='lat' dir='ltr'><strong>acuunt,</strong></span> <span class='ocrx_word' id='word_1_265' title='bbox 3105 882 3209 922; x_wconf 90' lang='lat' dir='ltr'><strong>nec</strong></span> <span class='ocrx_word' id='word_1_266' title='bbox 3241 879 3575 937; x_wconf 80' lang='lat' dir='ltr'><strong>agnoscunt.</strong></span> 
     </span>
    </p>
   </div>
   <div class='ocr_carea' id='block_1_38' title="bbox 1975 950 3580 1026">
    <p class='ocr_par' dir='ltr' id='par_1_38' title="bbox 1975 950 3580 1026">
     <span class='ocr_line' id='line_1_38' title="bbox 1975 950 3580 1026; baseline 0.004 -22"><span class='ocrx_word' id='word_1_267' title='bbox 1975 950 2034 1004; x_wconf 91' lang='lat' dir='ltr'><strong>Si</strong></span> <span class='ocrx_word' id='word_1_268' title='bbox 2066 952 2236 1017; x_wconf 92' lang='lat' dir='ltr'><strong>enim,</strong></span> <span class='ocrx_word' id='word_1_269' title='bbox 2267 968 2300 1009; x_wconf 94' lang='lat' dir='ltr'><strong>o</strong></span> <span class='ocrx_word' id='word_1_270' title='bbox 2331 954 2590 1016; x_wconf 90' lang='lat' dir='ltr'><strong>sceleste,</strong></span> <span class='ocrx_word' id='word_1_271' title='bbox 2615 955 2858 1024; x_wconf 86' lang='lat' dir='ltr'><strong>Spiritus</strong></span> <span class='ocrx_word' id='word_1_272' title='bbox 2883 967 3140 1013; x_wconf 85' lang='lat' dir='ltr'><strong>creatura</strong></span> <span class='ocrx_word' id='word_1_273' title='bbox 3172 959 3580 1026; x_wconf 88' lang='lat' dir='ltr'><strong>est,quomodo</strong></span> 
     </span>
    </p>
   </div>
   <div class='ocr_carea' id='block_1_39' title="bbox 1972 1043 3578 1120">
    <p class='ocr_par' dir='ltr' id='par_1_39' title="bbox 1972 1043 3578 1120">
     <span class='ocr_line' id='line_1_39' title="bbox 1972 1043 3578 1120; baseline 0.004 -24"><span class='ocrx_word' id='word_1_274' title='bbox 1972 1043 2280 1099; x_wconf 88' lang='lat' dir='ltr'><strong>libertatem</strong></span> <span class='ocrx_word' id='word_1_275' title='bbox 2315 1045 2587 1115; x_wconf 78' lang='lat' dir='ltr'><strong>largitur?</strong></span> <span class='ocrx_word' id='word_1_276' title='bbox 2631 1048 2676 1102; x_wconf 91' lang='lat' dir='ltr'><strong>si</strong></span> <span class='ocrx_word' id='word_1_277' title='bbox 2709 1047 2853 1104; x_wconf 87' lang='lat' dir='ltr'><strong>Deus</strong></span> <span class='ocrx_word' id='word_1_278' title='bbox 2886 1065 2996 1103; x_wconf 91' lang='lat' dir='ltr'><strong>non</strong></span> <span class='ocrx_word' id='word_1_279' title='bbox 3033 1056 3140 1113; x_wconf 86' lang='lat' dir='ltr'><strong>est,</strong></span> <span class='ocrx_word' id='word_1_280' title='bbox 3179 1049 3459 1120; x_wconf 88' lang='lat' dir='ltr'><strong>quomodo</strong></span> <span class='ocrx_word' id='word_1_281' title='bbox 3490 1051 3578 1104; x_wconf 90' lang='lat' dir='ltr'><strong>di-</strong></span> 
     </span>
    </p>
   </div>
   <div class='ocr_carea' id='block_1_40' title="bbox 1972 1135 3582 1212">
    <p class='ocr_par' dir='ltr' id='par_1_40' title="bbox 1972 1135 3582 1212">
     <span class='ocr_line' id='line_1_40' title="bbox 1972 1135 3582 1212; baseline 0.006 -26"><span class='ocrx_word' id='word_1_282' title='bbox 1972 1135 2156 1188; x_wconf 83' lang='lat' dir='ltr'><strong>vinam</strong></span> <span class='ocrx_word' id='word_1_283' title='bbox 2211 1137 2445 1206; x_wconf 77' lang='lat' dir='ltr'><strong>gratiam</strong></span> <span class='ocrx_word' id='word_1_284' title='bbox 2497 1137 2786 1208; x_wconf 82' lang='lat' dir='ltr'><strong>impertit?</strong></span> <span class='ocrx_word' id='word_1_285' title='bbox 2815 1139 2863 1194; x_wconf 91' lang='lat' dir='ltr'><strong>si</strong></span> <span class='ocrx_word' id='word_1_286' title='bbox 2908 1155 3018 1194; x_wconf 88' lang='lat' dir='ltr'><strong>non</strong></span> <span class='ocrx_word' id='word_1_287' title='bbox 3054 1152 3269 1212; x_wconf 81' lang='lat' dir='ltr'><strong>regnat,</strong></span> <span class='ocrx_word' id='word_1_288' title='bbox 3299 1141 3582 1212; x_wconf 90' lang='lat' dir='ltr'><strong>quomodo</strong></span> 
     </span>
    </p>
   </div>
   <div class='ocr_carea' id='block_1_41' title="bbox 1973 1226 3582 1303">
    <p class='ocr_par' dir='ltr' id='par_1_41' title="bbox 1973 1226 3582 1303">
     <span class='ocr_line' id='line_1_41' title="bbox 1973 1226 3582 1303; baseline 0.007 -26"><span class='ocrx_word' id='word_1_289' title='bbox 1973 1227 2126 1294; x_wconf 79' lang='lat' dir='ltr'><strong>regni</strong></span> <span class='ocrx_word' id='word_1_290' title='bbox 2175 1226 2426 1284; x_wconf 80' lang='lat' dir='ltr'><strong>lneredes</strong></span> <span class='ocrx_word' id='word_1_291' title='bbox 2473 1243 2578 1284; x_wconf 91' lang='lat' dir='ltr'><strong>nos</strong></span> <span class='ocrx_word' id='word_1_292' title='bbox 2629 1231 2960 1285; x_wconf 87' lang='lat' dir='ltr'><strong>constituit?</strong></span> <span class='ocrx_word' id='word_1_293' title='bbox 3001 1232 3050 1287; x_wconf 92' lang='lat' dir='ltr'><strong>si</strong></span> <span class='ocrx_word' id='word_1_294' title='bbox 3081 1233 3334 1303; x_wconf 79' lang='lat' dir='ltr'><strong>ejusdem</strong></span> <span class='ocrx_word' id='word_1_295' title='bbox 3369 1243 3582 1288; x_wconf 84' lang='lat' dir='ltr'><strong>naturae</strong></span> 
     </span>
    </p>
   </div>
   <div class='ocr_carea' id='block_1_42' title="bbox 1974 1321 3582 1395">
    <p class='ocr_par' dir='ltr' id='par_1_42' title="bbox 1974 1321 3582 1395">
     <span class='ocr_line' id='line_1_42' title="bbox 1974 1321 3582 1395; baseline 0.004 -23"><span class='ocrx_word' id='word_1_296' title='bbox 1974 1334 2095 1372; x_wconf 88' lang='lat' dir='ltr'><strong>non-</strong></span> <span class='ocrx_word' id='word_1_297' title='bbox 2139 1331 2245 1381; x_wconf 89' lang='lat' dir='ltr'><strong>est,</strong></span> <span class='ocrx_word' id='word_1_298' title='bbox 2278 1321 2559 1390; x_wconf 89' lang='lat' dir='ltr'><strong>quomodo</strong></span> <span class='ocrx_word' id='word_1_299' title='bbox 2593 1337 2691 1392; x_wconf 88' lang='lat' dir='ltr'><strong>per</strong></span> <span class='ocrx_word' id='word_1_300' title='bbox 2716 1322 2898 1393; x_wconf 91' lang='lat' dir='ltr'><strong>ipsum</strong></span> <span class='ocrx_word' id='word_1_301' title='bbox 2937 1322 3031 1379; x_wconf 87' lang='lat' dir='ltr'><strong>Dei</strong></span> <span class='ocrx_word' id='word_1_302' title='bbox 3066 1338 3410 1395; x_wconf 84' lang='lat' dir='ltr'><strong>congeneres</strong></span> <span class='ocrx_word' id='word_1_303' title='bbox 3442 1340 3582 1380; x_wconf 89' lang='lat' dir='ltr'><strong>con-</strong></span> 
     </span>
    </p>
   </div>
   <div class='ocr_carea' id='block_1_43' title="bbox 1973 1411 3582 1488">
    <p class='ocr_par' dir='ltr' id='par_1_43' title="bbox 1973 1411 3582 1488">
     <span class='ocr_line' id='line_1_43' title="bbox 1973 1411 3582 1488; baseline 0.004 -26"><span class='ocrx_word' id='word_1_304' title='bbox 1973 1411 2258 1464; x_wconf 82' lang='lat' dir='ltr'><strong>stituimur</strong></span> <span class='ocrx_word' id='word_1_305' title='bbox 2291 1412 2415 1482; x_wconf 89' lang='lat'><strong>(8)?</strong></span> <span class='ocrx_word' id='word_1_306' title='bbox 2464 1414 2598 1481; x_wconf 85' lang='lat' dir='ltr'><strong>Quis</strong></span> <span class='ocrx_word' id='word_1_307' title='bbox 2647 1423 2700 1470; x_wconf 92' lang='lat' dir='ltr'><strong>te</strong></span> <span class='ocrx_word' id='word_1_308' title='bbox 2749 1416 2942 1486; x_wconf 90' lang='lat' dir='ltr'><strong>adigit,</strong></span> <span class='ocrx_word' id='word_1_309' title='bbox 2979 1425 3039 1471; x_wconf 92' lang='lat' dir='ltr'><strong>ut</strong></span> <span class='ocrx_word' id='word_1_310' title='bbox 3069 1425 3367 1488; x_wconf 85' lang='lat' dir='ltr'><strong>tyrannum</strong></span> <span class='ocrx_word' id='word_1_311' title='bbox 3399 1415 3582 1487; x_wconf 84' lang='lat' dir='ltr'><strong>ipsum</strong></span> 
     </span>
    </p>
   </div>
   <div class='ocr_carea' id='block_1_44' title="bbox 1969 1503 3586 1574">
    <p class='ocr_par' dir='ltr' id='par_1_44' title="bbox 1969 1503 3586 1574">
     <span class='ocr_line' id='line_1_44' title="bbox 1969 1503 3586 1574; baseline 0.004 -19"><span class='ocrx_word' id='word_1_312' title='bbox 1969 1503 2082 1573; x_wconf 90' lang='lat' dir='ltr'><strong>jam</strong></span> <span class='ocrx_word' id='word_1_313' title='bbox 2116 1513 2483 1574; x_wconf 91' lang='lat' dir='ltr'><strong>prostratum,</strong></span> <span class='ocrx_word' id='word_1_314' title='bbox 2513 1506 2798 1573; x_wconf 85' lang='lat' dir='ltr'><strong>rebellem,</strong></span> <span class='ocrx_word' id='word_1_315' title='bbox 2823 1508 3126 1563; x_wconf 84' lang='lat' dir='ltr'><strong>daemonem</strong></span> <span class='ocrx_word' id='word_1_316' title='bbox 3160 1508 3586 1571; x_wconf 76' lang='lat' dir='ltr'><strong>dico,violentia</strong></span> 
     </span>
    </p>
   </div>
   <div class='ocr_carea' id='block_1_45' title="bbox 1972 1597 3579 1670">
    <p class='ocr_par' dir='ltr' id='par_1_45' title="bbox 1972 1597 3579 1670">
     <span class='ocr_line' id='line_1_45' title="bbox 1972 1597 3579 1670; baseline 0.003 -23"><span class='ocrx_word' id='word_1_317' title='bbox 1972 1611 2038 1648; x_wconf 90' lang='lat' dir='ltr'><strong>ac</strong></span> <span class='ocrx_word' id='word_1_318' title='bbox 2092 1597 2457 1664; x_wconf 86' lang='lat' dir='ltr'><strong>perversitate</strong></span> <span class='ocrx_word' id='word_1_319' title='bbox 2517 1599 2859 1668; x_wconf 81' lang='lat' dir='ltr'><strong>exsuperes?</strong></span> <span class='ocrx_word' id='word_1_320' title='bbox 2924 1606 3050 1667; x_wconf 88' lang='lat' dir='ltr'><strong>post</strong></span> <span class='ocrx_word' id='word_1_321' title='bbox 3105 1599 3579 1670; x_wconf 83' lang='lat' dir='ltr'><strong>incorruptionem</strong></span> 
     </span>
    </p>
   </div>
   <div class='ocr_carea' id='block_1_46' title="bbox 1974 1685 3584 1762">
    <p class='ocr_par' dir='ltr' id='par_1_46' title="bbox 1974 1685 3584 1762">
     <span class='ocr_line' id='line_1_46' title="bbox 1974 1685 3584 1762; baseline 0.002 -22"><span class='ocrx_word' id='word_1_322' title='bbox 1974 1685 2191 1742; x_wconf 85' lang='lat' dir='ltr'><strong>scilicet</strong></span> <span class='ocrx_word' id='word_1_323' title='bbox 2230 1687 2588 1759; x_wconf 87' lang='lat' dir='ltr'><strong>aequisitam,</strong></span> <span class='ocrx_word' id='word_1_324' title='bbox 2617 1699 2936 1746; x_wconf 87' lang='lat' dir='ltr'><strong>creaturam</strong></span> <span class='ocrx_word' id='word_1_325' title='bbox 2990 1707 3188 1747; x_wconf 86' lang='lat' dir='ltr'><strong>rursus</strong></span> <span class='ocrx_word' id='word_1_326' title='bbox 3232 1691 3584 1762; x_wconf 88' lang='lat' dir='ltr'><strong>corruptioni</strong></span> 
     </span>
    </p>
   </div>
   <div class='ocr_carea' id='block_1_47' title="bbox 1978 1781 3588 1853">
    <p class='ocr_par' dir='ltr' id='par_1_47' title="bbox 1978 1781 3588 1853">
     <span class='ocr_line' id='line_1_47' title="bbox 1978 1781 3588 1853; baseline 0.001 -19"><span class='ocrx_word' id='word_1_327' title='bbox 1978 1781 2168 1846; x_wconf 88' lang='lat' dir='ltr'><strong>tradis,</strong></span> <span class='ocrx_word' id='word_1_328' title='bbox 2194 1797 2320 1836; x_wconf 91' lang='lat' dir='ltr'><strong>cum</strong></span> <span class='ocrx_word' id='word_1_329' title='bbox 2352 1784 2422 1836; x_wconf 93' lang='lat' dir='ltr'><strong>ab</strong></span> <span class='ocrx_word' id='word_1_330' title='bbox 2451 1799 2515 1837; x_wconf 89' lang='lat' dir='ltr'><strong>ca</strong></span> <span class='ocrx_word' id='word_1_331' title='bbox 2544 1797 2643 1853; x_wconf 91' lang='lat' dir='ltr'><strong>per</strong></span> <span class='ocrx_word' id='word_1_332' title='bbox 2674 1793 2921 1838; x_wconf 90' lang='lat' dir='ltr'><strong>creatam</strong></span> <span class='ocrx_word' id='word_1_333' title='bbox 2946 1785 3209 1838; x_wconf 87' lang='lat' dir='ltr'><strong>virtutem</strong></span> <span class='ocrx_word' id='word_1_334' title='bbox 3232 1784 3400 1839; x_wconf 83' lang='lat' dir='ltr'><strong>eximi</strong></span> <span class='ocrx_word' id='word_1_335' title='bbox 3427 1783 3588 1838; x_wconf 81' lang='lat' dir='ltr'><strong>nullo</strong></span> 
     </span>
    </p>
   </div>
   <div class='ocr_carea' id='block_1_48' title="bbox 1977 1871 3601 1945">
    <p class='ocr_par' dir='ltr' id='par_1_48' title="bbox 1977 1871 3601 1945">
     <span class='ocr_line' id='line_1_48' title="bbox 1977 1871 3601 1945; baseline -0.001 -18"><span class='ocrx_word' id='word_1_336' title='bbox 1977 1871 2141 1927; x_wconf 90' lang='lat' dir='ltr'><strong>modo</strong></span> <span class='ocrx_word' id='word_1_337' title='bbox 2187 1874 2386 1942; x_wconf 89' lang='lat' dir='ltr'><strong>possit.</strong></span> <span class='ocrx_word' id='word_1_338' title='bbox 2422 1873 2483 1928; x_wconf 90' lang='lat' dir='ltr'><strong>Si</strong></span> <span class='ocrx_word' id='word_1_339' title='bbox 2532 1889 2667 1945; x_wconf 88' lang='lat' dir='ltr'><strong>ergo</strong></span> <span class='ocrx_word' id='word_1_340' title='bbox 2708 1875 2950 1945; x_wconf 88' lang='lat' dir='ltr'><strong>Spiritus</strong></span> <span class='ocrx_word' id='word_1_341' title='bbox 2981 1891 3178 1931; x_wconf 88' lang='lat' dir='ltr'><strong>servus</strong></span> <span class='ocrx_word' id='word_1_342' title='bbox 3227 1885 3335 1940; x_wconf 91' lang='lat' dir='ltr'><strong>est,</strong></span> <span class='ocrx_word' id='word_1_343' title='bbox 3363 1875 3601 1931; x_wconf 81' lang='lat' dir='ltr'><strong>factura.</strong></span> 
     </span>
    </p>
   </div>
   <div class='ocr_carea' id='block_1_49' title="bbox 1974 1955 3582 2038">
    <p class='ocr_par' dir='ltr' id='par_1_49' title="bbox 1974 1955 3582 2038">
     <span class='ocr_line' id='line_1_49' title="bbox 1974 1955 3582 2038; baseline 0.002 -21"><span class='ocrx_word' id='word_1_344' title='bbox 1974 1964 2178 2018; x_wconf 85' lang='lat' dir='ltr'><strong>iterum</strong></span> <span class='ocrx_word' id='word_1_345' title='bbox 2237 1965 2589 2035; x_wconf 89' lang='lat' dir='ltr'><strong>corruptioni</strong></span> <span class='ocrx_word' id='word_1_346' title='bbox 2641 1955 2904 2033; x_wconf 82' lang='lat' dir='ltr'><strong>traditur,</strong></span> <span class='ocrx_word' id='word_1_347' title='bbox 2939 1967 3156 2022; x_wconf 90' lang='lat' dir='ltr'><strong>eliamsi</strong></span> <span class='ocrx_word' id='word_1_348' title='bbox 3204 1975 3358 2023; x_wconf 90' lang='lat' dir='ltr'><strong>tanto</strong></span> <span class='ocrx_word' id='word_1_349' title='bbox 3402 1967 3582 2038; x_wconf 88' lang='lat' dir='ltr'><strong>pretio</strong></span> 
     </span>
    </p>
   </div>
   <div class='ocr_carea' id='block_1_50' title="bbox 1974 2053 3596 2129">
    <p class='ocr_par' dir='ltr' id='par_1_50' title="bbox 1974 2053 3596 2129">
     <span class='ocr_line' id='line_1_50' title="bbox 1974 2053 3596 2129; baseline 0.004 -22"><span class='ocrx_word' id='word_1_350' title='bbox 1974 2053 2278 2123; x_wconf 83' lang='lat' dir='ltr'><strong>redempta.</strong></span> <span class='ocrx_word' id='word_1_351' title='bbox 2316 2054 2500 2111; x_wconf 83' lang='lat' dir='ltr'><strong>Filius</strong></span> <span class='ocrx_word' id='word_1_352' title='bbox 2517 2057 2663 2111; x_wconf 91' lang='lat' dir='ltr'><strong>enim</strong></span> <span class='ocrx_word' id='word_1_353' title='bbox 2701 2066 2760 2111; x_wconf 93' lang='lat' dir='ltr'><strong>ut</strong></span> <span class='ocrx_word' id='word_1_354' title='bbox 2795 2057 3056 2127; x_wconf 81' lang='lat' dir='ltr'><strong>potentiae</strong></span> <span class='ocrx_word' id='word_1_355' title='bbox 3087 2058 3340 2129; x_wconf 86' lang='lat' dir='ltr'><strong>ejusdem</strong></span> <span class='ocrx_word' id='word_1_356' title='bbox 3381 2074 3596 2129; x_wconf 83' lang='lat' dir='ltr'><strong>coope--</strong></span> 
     </span>
    </p>
   </div>
   <div class='ocr_carea' id='block_1_51' title="bbox 1974 2148 3580 2216">
    <p class='ocr_par' dir='ltr' id='par_1_51' title="bbox 1974 2148 3580 2216">
     <span class='ocr_line' id='line_1_51' title="bbox 1974 2148 3580 2216; baseline 0.003 -16"><span class='ocrx_word' id='word_1_357' title='bbox 1974 2163 2130 2214; x_wconf 80' lang='lat' dir='ltr'><strong>rans,</strong></span> <span class='ocrx_word' id='word_1_358' title='bbox 2163 2148 2218 2203; x_wconf 79' lang='lat' dir='ltr'><strong>in</strong></span> <span class='ocrx_word' id='word_1_359' title='bbox 2265 2149 2549 2206; x_wconf 89' lang='lat' dir='ltr'><strong>refusione</strong></span> <span class='ocrx_word' id='word_1_360' title='bbox 2585 2151 2917 2216; x_wconf 87' lang='lat' dir='ltr'><strong>assumitur,</strong></span> <span class='ocrx_word' id='word_1_361' title='bbox 2947 2168 3073 2206; x_wconf 92' lang='lat' dir='ltr'><strong>cum</strong></span> <span class='ocrx_word' id='word_1_362' title='bbox 3131 2151 3317 2216; x_wconf 82' lang='lat' dir='ltr'><strong>Patre,</strong></span> <span class='ocrx_word' id='word_1_363' title='bbox 3349 2161 3404 2208; x_wconf 89' lang='lat' dir='ltr'><strong>et</strong></span> <span class='ocrx_word' id='word_1_364' title='bbox 3452 2168 3580 2208; x_wconf 89' lang='lat' dir='ltr'><strong>cum</strong></span> 
     </span>
    </p>
   </div>
   <div class='ocr_carea' id='block_1_52' title="bbox 1978 2243 3603 2312">
    <p class='ocr_par' dir='ltr' id='par_1_52' title="bbox 1978 2243 3603 2312">
     <span class='ocr_line' id='line_1_52' title="bbox 1978 2243 3603 2312; baseline 0.003 -16"><span class='ocrx_word' id='word_1_365' title='bbox 1978 2243 2188 2310; x_wconf 90' lang='lat' dir='ltr'><strong>Spiritu</strong></span> <span class='ocrx_word' id='word_1_366' title='bbox 2236 2244 2653 2298; x_wconf 88' lang='lat' dir='ltr'><strong>reuovationem</strong></span> <span class='ocrx_word' id='word_1_367' title='bbox 2695 2255 2942 2299; x_wconf 90' lang='lat' dir='ltr'><strong>nostram</strong></span> <span class='ocrx_word' id='word_1_368' title='bbox 2977 2245 3302 2300; x_wconf 69' lang='lat' dir='ltr'><strong>effecturus.</strong></span> <span class='ocrx_word' id='word_1_369' title='bbox 3321 2244 3426 2312; x_wconf 90' lang='lat' dir='ltr'><strong>Qui</strong></span> <span class='ocrx_word' id='word_1_370' title='bbox 3450 2259 3603 2301; x_wconf 79' lang='lat' dir='ltr'><strong>vero.</strong></span> 
     </span>
    </p>
   </div>
   <div class='ocr_carea' id='block_1_53' title="bbox 1976 2336 3606 2408">
    <p class='ocr_par' dir='ltr' id='par_1_53' title="bbox 1976 2336 3606 2408">
     <span class='ocr_line' id='line_1_53' title="bbox 1976 2336 3606 2408; baseline 0.002 -20"><span class='ocrx_word' id='word_1_371' title='bbox 1976 2350 2102 2388; x_wconf 89' lang='lat' dir='ltr'><strong>cum</strong></span> <span class='ocrx_word' id='word_1_372' title='bbox 2133 2336 2408 2392; x_wconf 86' lang='lat' dir='ltr'><strong>creaturis</strong></span> <span class='ocrx_word' id='word_1_373' title='bbox 2446 2344 2822 2407; x_wconf 90' lang='lat' dir='ltr'><strong>computatur,</strong></span> <span class='ocrx_word' id='word_1_374' title='bbox 2858 2336 2944 2400; x_wconf 91' lang='lat' dir='ltr'><strong>id,</strong></span> <span class='ocrx_word' id='word_1_375' title='bbox 2979 2346 3206 2408; x_wconf 87' lang='lat' dir='ltr'><strong>propter</strong></span> <span class='ocrx_word' id='word_1_376' title='bbox 3233 2336 3383 2407; x_wconf 88' lang='lat' dir='ltr'><strong>quod</strong></span> <span class='ocrx_word' id='word_1_377' title='bbox 3411 2351 3606 2392; x_wconf 77' lang='lat' dir='ltr'><strong>assit--</strong></span> 
     </span>
    </p>
   </div>
   <div class='ocr_carea' id='block_1_54' title="bbox 1977 2428 3585 2499">
    <p class='ocr_par' dir='ltr' id='par_1_54' title="bbox 1977 2428 3585 2499">
     <span class='ocr_line' id='line_1_54' title="bbox 1977 2428 3585 2499; baseline 0.001 -19"><span class='ocrx_word' id='word_1_378' title='bbox 1977 2428 2167 2492; x_wconf 89' lang='lat' dir='ltr'><strong>mitur,</strong></span> <span class='ocrx_word' id='word_1_379' title='bbox 2205 2437 2472 2498; x_wconf 83' lang='lat' dir='ltr'><strong>praestare</strong></span> <span class='ocrx_word' id='word_1_380' title='bbox 2514 2444 2622 2484; x_wconf 88' lang='lat' dir='ltr'><strong>non</strong></span> <span class='ocrx_word' id='word_1_381' title='bbox 2674 2436 2880 2499; x_wconf 87' lang='lat' dir='ltr'><strong>potest.</strong></span> <span class='ocrx_word' id='word_1_382' title='bbox 2913 2429 3035 2484; x_wconf 91' lang='lat' dir='ltr'><strong>Non</strong></span> <span class='ocrx_word' id='word_1_383' title='bbox 3071 2431 3220 2485; x_wconf 89' lang='lat' dir='ltr'><strong>enim</strong></span> <span class='ocrx_word' id='word_1_384' title='bbox 3250 2429 3411 2486; x_wconf 83' lang='lat' dir='ltr'><strong>dices</strong></span> <span class='ocrx_word' id='word_1_385' title='bbox 3438 2428 3585 2484; x_wconf 86' lang='lat' dir='ltr'><strong>nihil</strong></span> 
     </span>
    </p>
   </div>
   <div class='ocr_carea' id='block_1_55' title="bbox 1978 2522 3596 2592">
    <p class='ocr_par' dir='ltr' id='par_1_55' title="bbox 1978 2522 3596 2592">
     <span class='ocr_line' id='line_1_55' title="bbox 1978 2522 3596 2592; baseline 0.002 -19"><span class='ocrx_word' id='word_1_386' title='bbox 1978 2522 2312 2590; x_wconf 88' lang='lat' dir='ltr'><strong>prohibere,</strong></span> <span class='ocrx_word' id='word_1_387' title='bbox 2376 2523 2510 2592; x_wconf 89' lang='lat' dir='ltr'><strong>quin</strong></span> <span class='ocrx_word' id='word_1_388' title='bbox 2575 2523 2845 2592; x_wconf 89' lang='lat' dir='ltr'><strong>Spiritum</strong></span> <span class='ocrx_word' id='word_1_389' title='bbox 2905 2530 3222 2577; x_wconf 88' lang='lat' dir='ltr'><strong>creaturam</strong></span> <span class='ocrx_word' id='word_1_390' title='bbox 3275 2531 3596 2592; x_wconf 76' lang='lat' dir='ltr'><strong>putemus,</strong></span> 
     </span>
    </p>
   </div>
   <div class='ocr_carea' id='block_1_56' title="bbox 1977 2614 3586 2682">
    <p class='ocr_par' dir='ltr' id='par_1_56' title="bbox 1977 2614 3586 2682">
     <span class='ocr_line' id='line_1_56' title="bbox 1977 2614 3586 2682; baseline 0.002 -17"><span class='ocrx_word' id='word_1_391' title='bbox 1977 2614 2232 2682; x_wconf 87' lang='lat' dir='ltr'><strong>quamvis</strong></span> <span class='ocrx_word' id='word_1_392' title='bbox 2269 2614 2340 2668; x_wconf 92' lang='lat' dir='ltr'><strong>ab</strong></span> <span class='ocrx_word' id='word_1_393' title='bbox 2373 2615 2493 2682; x_wconf 89' lang='lat' dir='ltr'><strong>ipso</strong></span> <span class='ocrx_word' id='word_1_394' title='bbox 2527 2615 2846 2669; x_wconf 83' lang='lat' dir='ltr'><strong>liberemur.</strong></span> <span class='ocrx_word' id='word_1_395' title='bbox 2879 2614 3124 2670; x_wconf 88' lang='lat' dir='ltr'><strong>Primum</strong></span> <span class='ocrx_word' id='word_1_396' title='bbox 3170 2616 3316 2671; x_wconf 91' lang='lat' dir='ltr'><strong>enim</strong></span> <span class='ocrx_word' id='word_1_397' title='bbox 3365 2614 3414 2670; x_wconf 86' lang='lat' dir='ltr'><strong>si</strong></span> <span class='ocrx_word' id='word_1_398' title='bbox 3459 2628 3586 2670; x_wconf 88' lang='lat' dir='ltr'><strong>cor-</strong></span> 
     </span>
    </p>
   </div>
   <div class='ocr_carea' id='block_1_57' title="bbox 1978 2703 3584 2774">
    <p class='ocr_par' dir='ltr' id='par_1_57' title="bbox 1978 2703 3584 2774">
     <span class='ocr_line' id='line_1_57' title="bbox 1978 2703 3584 2774; baseline 0.001 -18"><span class='ocrx_word' id='word_1_399' title='bbox 1978 2715 2200 2772; x_wconf 85' lang='lat' dir='ltr'><strong>ruptum</strong></span> <span class='ocrx_word' id='word_1_400' title='bbox 2236 2720 2334 2774; x_wconf 90' lang='lat' dir='ltr'><strong>per</strong></span> <span class='ocrx_word' id='word_1_401' title='bbox 2365 2713 2679 2759; x_wconf 87' lang='lat' dir='ltr'><strong>creaturam</strong></span> <span class='ocrx_word' id='word_1_402' title='bbox 2713 2704 2792 2774; x_wconf 84' lang='lat'><strong>(9)</strong></span> <span class='ocrx_word' id='word_1_403' title='bbox 2828 2704 2979 2760; x_wconf 79' lang='lat' dir='ltr'><strong>refici</strong></span> <span class='ocrx_word' id='word_1_404' title='bbox 3029 2711 3268 2774; x_wconf 89' lang='lat' dir='ltr'><strong>poterat,</strong></span> <span class='ocrx_word' id='word_1_405' title='bbox 3303 2719 3402 2759; x_wconf 91' lang='lat' dir='ltr'><strong>cur</strong></span> <span class='ocrx_word' id='word_1_406' title='bbox 3425 2703 3584 2759; x_wconf 86' lang='lat' dir='ltr'><strong>Crea-</strong></span> 
     </span>
    </p>
   </div>
   <div class='ocr_carea' id='block_1_58' title="bbox 1977 2796 3596 2867">
    <p class='ocr_par' dir='ltr' id='par_1_58' title="bbox 1977 2796 3596 2867">
     <span class='ocr_line' id='line_1_58' title="bbox 1977 2796 3596 2867; baseline 0.002 -19"><span class='ocrx_word' id='word_1_407' title='bbox 1977 2806 2067 2850; x_wconf 86' lang='lat' dir='ltr'><strong>tor</strong></span> <span class='ocrx_word' id='word_1_408' title='bbox 2103 2804 2212 2850; x_wconf 85' lang='lat' dir='ltr'><strong>tam</strong></span> <span class='ocrx_word' id='word_1_409' title='bbox 2254 2797 2413 2850; x_wconf 83' lang='lat' dir='ltr'><strong>avide</strong></span> <span class='ocrx_word' id='word_1_410' title='bbox 2447 2812 2588 2865; x_wconf 83' lang='lat' dir='ltr'><strong>opus</strong></span> <span class='ocrx_word' id='word_1_411' title='bbox 2627 2797 2884 2866; x_wconf 85' lang='lat' dir='ltr'><strong>suscipit,</strong></span> <span class='ocrx_word' id='word_1_412' title='bbox 2922 2804 3187 2867; x_wconf 90' lang='lat' dir='ltr'><strong>tantoque</strong></span> <span class='ocrx_word' id='word_1_413' title='bbox 3218 2796 3403 2852; x_wconf 90' lang='lat' dir='ltr'><strong>studio</strong></span> <span class='ocrx_word' id='word_1_414' title='bbox 3434 2797 3490 2851; x_wconf 91' lang='lat' dir='ltr'><strong>in</strong></span> <span class='ocrx_word' id='word_1_415' title='bbox 3530 2798 3596 2852; x_wconf 76' lang='lat' dir='ltr'><strong>id.</strong></span> 
     </span>
    </p>
   </div>
   <div class='ocr_carea' id='block_1_59' title="bbox 1978 2887 3588 2960">
    <p class='ocr_par' dir='ltr' id='par_1_59' title="bbox 1978 2887 3588 2960">
     <span class='ocr_line' id='line_1_59' title="bbox 1978 2887 3588 2960; baseline 0 -18"><span class='ocrx_word' id='word_1_416' title='bbox 1978 2887 2268 2952; x_wconf 86' lang='lat' dir='ltr'><strong>incumbit,</strong></span> <span class='ocrx_word' id='word_1_417' title='bbox 2320 2888 2466 2956; x_wconf 90' lang='lat' dir='ltr'><strong>quod</strong></span> <span class='ocrx_word' id='word_1_418' title='bbox 2529 2903 2557 2940; x_wconf 93' lang='lat' dir='ltr'><strong>a</strong></span> <span class='ocrx_word' id='word_1_419' title='bbox 2605 2898 2865 2942; x_wconf 87' lang='lat' dir='ltr'><strong>creatura</strong></span> <span class='ocrx_word' id='word_1_420' title='bbox 2921 2888 3115 2959; x_wconf 82' lang='lat' dir='ltr'><strong>peragi</strong></span> <span class='ocrx_word' id='word_1_421' title='bbox 3165 2889 3423 2960; x_wconf 73' lang='lat' dir='ltr'><strong>poterat?</strong></span> <span class='ocrx_word' id='word_1_422' title='bbox 3474 2889 3588 2944; x_wconf 82' lang='lat' dir='ltr'><strong>Cur</strong></span> 
     </span>
    </p>
   </div>
   <div class='ocr_carea' id='block_1_60' title="bbox 1980 2975 3586 3050">
    <p class='ocr_par' dir='ltr' id='par_1_60' title="bbox 1980 2975 3586 3050">
     <span class='ocr_line' id='line_1_60' title="bbox 1980 2975 3586 3050; baseline 0.002 -21"><span class='ocrx_word' id='word_1_423' title='bbox 1980 2984 2196 3029; x_wconf 85' lang='lat' dir='ltr'><strong>uterum</strong></span> <span class='ocrx_word' id='word_1_424' title='bbox 2236 2976 2405 3039; x_wconf 84' lang='lat' dir='ltr'><strong>subit,</strong></span> <span class='ocrx_word' id='word_1_425' title='bbox 2454 2984 2509 3029; x_wconf 90' lang='lat' dir='ltr'><strong>et</strong></span> <span class='ocrx_word' id='word_1_426' title='bbox 2554 2975 2747 3032; x_wconf 80' lang='lat' dir='ltr'><strong>fasciis</strong></span> <span class='ocrx_word' id='word_1_427' title='bbox 2798 2978 3125 3043; x_wconf 87' lang='lat' dir='ltr'><strong>involvitur,</strong></span> <span class='ocrx_word' id='word_1_428' title='bbox 3175 2989 3230 3034; x_wconf 91' lang='lat' dir='ltr'><strong>et</strong></span> <span class='ocrx_word' id='word_1_429' title='bbox 3264 2981 3360 3050; x_wconf 88' lang='lat' dir='ltr'><strong>qui</strong></span> <span class='ocrx_word' id='word_1_430' title='bbox 3397 2983 3586 3034; x_wconf 84' lang='lat' dir='ltr'><strong>omnia</strong></span> 
     </span>
    </p>
   </div>
   <div class='ocr_carea' id='block_1_61' title="bbox 1980 3069 3588 3142">
    <p class='ocr_par' dir='ltr' id='par_1_61' title="bbox 1980 3069 3588 3142">
     <span class='ocr_line' id='line_1_61' title="bbox 1980 3069 3588 3142; baseline 0.003 -19"><span class='ocrx_word' id='word_1_431' title='bbox 1980 3069 2217 3141; x_wconf 86' lang='lat' dir='ltr'><strong>perlicit,</strong></span> <span class='ocrx_word' id='word_1_432' title='bbox 2255 3069 2651 3138; x_wconf 82' lang='lat' dir='ltr'><strong>perfectionem</strong></span> <span class='ocrx_word' id='word_1_433' title='bbox 2682 3073 2942 3141; x_wconf 88' lang='lat' dir='ltr'><strong>corporis</strong></span> <span class='ocrx_word' id='word_1_434' title='bbox 2989 3073 3167 3128; x_wconf 89' lang='lat' dir='ltr'><strong>nostri</strong></span> <span class='ocrx_word' id='word_1_435' title='bbox 3195 3072 3461 3142; x_wconf 83' lang='lat' dir='ltr'><strong>paulatim</strong></span> <span class='ocrx_word' id='word_1_436' title='bbox 3498 3088 3588 3128; x_wconf 55' lang='lat' dir='ltr'><strong>ass</strong></span> 
     </span>
    </p>
   </div>
   <div class='ocr_carea' id='block_1_62' title="bbox 263 3159 1875 3241">
    <p class='ocr_par' dir='ltr' id='par_1_62' title="bbox 263 3164 1875 3241">
     <span class='ocr_line' id='line_1_62' title="bbox 263 3164 1875 3241; baseline 0.003 -23"><span class='ocrx_word' id='word_1_437' title='bbox 263 3164 363 3218; x_wconf 73' lang='grc' dir='ltr'><strong>καὶ</strong></span> <span class='ocrx_word' id='word_1_438' title='bbox 389 3165 734 3234; x_wconf 83' lang='grc' dir='ltr'>σπαργάνοις</span> <span class='ocrx_word' id='word_1_439' title='bbox 759 3165 1060 3229; x_wconf 80' lang='grc' dir='ltr'>ἑλίσσεται,</span> <span class='ocrx_word' id='word_1_440' title='bbox 1098 3168 1192 3230; x_wconf 74' lang='grc' dir='ltr'>καὶ</span> <span class='ocrx_word' id='word_1_441' title='bbox 1226 3167 1370 3220; x_wconf 89' lang='grc' dir='ltr'><strong>κατά</strong></span> <span class='ocrx_word' id='word_1_442' title='bbox 1397 3167 1577 3238; x_wconf 73' lang='grc' dir='ltr'>βραχῶ</span> <span class='ocrx_word' id='word_1_443' title='bbox 1599 3170 1628 3220; x_wconf 84' lang='grc' dir='ltr'>ὁ</span> <span class='ocrx_word' id='word_1_444' title='bbox 1661 3169 1875 3241; x_wconf 86' lang='grc' dir='ltr'>πλήρης</span> 
     </span>
    </p>
   </div>
   <div class='ocr_carea' id='block_1_63' title="bbox 1979 3159 3586 3241">
    <p class='ocr_par' dir='ltr' id='par_1_63' title="bbox 1984 3161 3586 3232">
     <span class='ocr_line' id='line_1_63' title="bbox 1984 3161 3586 3232; baseline -0.001 -16"><span class='ocrx_word' id='word_1_445' title='bbox 1984 3161 2277 3232; x_wconf 82' lang='lat' dir='ltr'><strong>sequitur?</strong></span> <span class='ocrx_word' id='word_1_446' title='bbox 2323 3176 2500 3231; x_wconf 91' lang='lat' dir='ltr'><strong>quare</strong></span> <span class='ocrx_word' id='word_1_447' title='bbox 2549 3176 2687 3216; x_wconf 79' lang='lat' dir='ltr'><strong>crux</strong></span> <span class='ocrx_word' id='word_1_448' title='bbox 2742 3162 3135 3232; x_wconf 81' lang='lat' dir='ltr'><strong>compingitur,</strong></span> <span class='ocrx_word' id='word_1_449' title='bbox 3171 3171 3226 3217; x_wconf 94' lang='lat' dir='ltr'><strong>et</strong></span> <span class='ocrx_word' id='word_1_450' title='bbox 3259 3162 3586 3218; x_wconf 89' lang='lat' dir='ltr'><strong>carnificum</strong></span> 
     </span>
    </p>
   </div>
   <div class='ocr_carea' id='block_1_64' title="bbox 261 3255 1885 3328">
    <p class='ocr_par' dir='ltr' id='par_1_64' title="bbox 261 3255 1885 3328">
     <span class='ocr_line' id='line_1_64' title="bbox 261 3255 1885 3328; baseline 0.005 -21"><span class='ocrx_word' id='word_1_451' title='bbox 261 3255 542 3324; x_wconf 85' lang='grc' dir='ltr'>λαμϐάνει</span> <span class='ocrx_word' id='word_1_452' title='bbox 585 3256 648 3308; x_wconf 88' lang='grc' dir='ltr'><strong>τὸ</strong></span> <span class='ocrx_word' id='word_1_453' title='bbox 724 3256 934 3325; x_wconf 80' lang='grc' dir='ltr'>πλῆρες</span> <span class='ocrx_word' id='word_1_454' title='bbox 999 3257 1102 3325; x_wconf 78' lang='grc' dir='ltr'>τῆς·</span> <span class='ocrx_word' id='word_1_455' title='bbox 1174 3262 1316 3328; x_wconf 79' lang='grc' dir='ltr'>ἐμῆς</span> <span class='ocrx_word' id='word_1_456' title='bbox 1372 3261 1768 3326; x_wconf 85' lang='grc' dir='ltr'>ἀναπλάσεως;</span> <span class='ocrx_word' id='word_1_457' title='bbox 1831 3263 1885 3315; x_wconf 85' lang='grc' dir='ltr'><strong>τί</strong></span> 
     </span>
    </p>
   </div>
   <div class='ocr_carea' id='block_1_65' title="bbox 257 3347 1880 3422">
    <p class='ocr_par' dir='ltr' id='par_1_65' title="bbox 257 3347 1880 3422">
     <span class='ocr_line' id='line_1_65' title="bbox 257 3347 1880 3422; baseline 0.004 -23"><span class='ocrx_word' id='word_1_458' title='bbox 257 3347 316 3399; x_wconf 80' lang='grc' dir='ltr'>δὲ</span> <span class='ocrx_word' id='word_1_459' title='bbox 353 3350 591 3417; x_wconf 68' lang='grc' dir='ltr'>σταυρὸς</span> <span class='ocrx_word' id='word_1_460' title='bbox 640 3349 937 3417; x_wconf 75' lang='grc' dir='ltr'>πήγνυται,</span> <span class='ocrx_word' id='word_1_461' title='bbox 1019 3349 1116 3401; x_wconf 73' lang='grc' dir='ltr'>καὶ</span> <span class='ocrx_word' id='word_1_462' title='bbox 1167 3350 1455 3416; x_wconf 84' lang='grc' dir='ltr'>φονώντων</span> <span class='ocrx_word' id='word_1_463' title='bbox 1514 3355 1699 3422; x_wconf 84' lang='grc' dir='ltr'>χεῖρες</span> <span class='ocrx_word' id='word_1_464' title='bbox 1755 3353 1880 3406; x_wconf 90' lang='grc' dir='ltr'>τολ-</span> 
     </span>
    </p>
   </div>
   <div class='ocr_carea' id='block_1_66' title="bbox 262 3439 1881 3515">
    <p class='ocr_par' dir='ltr' id='par_1_66' title="bbox 262 3439 1881 3515">
     <span class='ocr_line' id='line_1_66' title="bbox 262 3439 1881 3515; baseline 0.006 -25"><span class='ocrx_word' id='word_1_465' title='bbox 262 3439 447 3509; x_wconf 80' lang='grc' dir='ltr'>μῶσιν</span> <span class='ocrx_word' id='word_1_466' title='bbox 497 3440 822 3511; x_wconf 82' lang='grc' dir='ltr'>ἀτόλμητα,</span> <span class='ocrx_word' id='word_1_467' title='bbox 879 3443 974 3494; x_wconf 72' lang='grc' dir='ltr'><strong>καὶ</strong></span> <span class='ocrx_word' id='word_1_468' title='bbox 1034 3443 1054 3492; x_wconf 79' lang='grc' dir='ltr'><strong>ί</strong></span> <span class='ocrx_word' id='word_1_469' title='bbox 1118 3443 1259 3510; x_wconf 77' lang='grc' dir='ltr'>ὑπὲρ</span> <span class='ocrx_word' id='word_1_470' title='bbox 1305 3444 1420 3496; x_wconf 80' lang='grc' dir='ltr'>ἄνω</span> <span class='ocrx_word' id='word_1_471' title='bbox 1461 3443 1591 3497; x_wconf 87' lang='grc' dir='ltr'><strong>τῶν-</strong></span> <span class='ocrx_word' id='word_1_472' title='bbox 1631 3445 1881 3515; x_wconf 79' lang='grc' dir='ltr'>οὐρανῶν</span> 
     </span>
    </p>
   </div>
   <div class='ocr_carea' id='block_1_67' title="bbox 260 3529 1878 3606">
    <p class='ocr_par' dir='ltr' id='par_1_67' title="bbox 260 3529 1878 3606">
     <span class='ocr_line' id='line_1_67' title="bbox 260 3529 1878 3606; baseline 0.005 -24"><span class='ocrx_word' id='word_1_473' title='bbox 260 3530 578 3601; x_wconf 83' lang='grc' dir='ltr'>κρύπτεται</span> <span class='ocrx_word' id='word_1_474' title='bbox 609 3535 702 3601; x_wconf 81' lang='grc' dir='ltr'><strong>γῇ,</strong></span> <span class='ocrx_word' id='word_1_475' title='bbox 761 3534 821 3584; x_wconf 82' lang='grc' dir='ltr'>ἐν</span> <span class='ocrx_word' id='word_1_476' title='bbox 880 3529 1065 3603; x_wconf 77' lang='grc' dir='ltr'>χωρίῳ</span> <span class='ocrx_word' id='word_1_477' title='bbox 1121 3533 1333 3603; x_wconf 85' lang='grc' dir='ltr'>φθορᾶς</span> <span class='ocrx_word' id='word_1_478' title='bbox 1380 3535 1758 3606; x_wconf 78' lang='grc' dir='ltr'>ξενιζόμενος;</span> <span class='ocrx_word' id='word_1_479' title='bbox 1793 3538 1878 3601; x_wconf 75' lang='grc' dir='ltr'><strong>τίς</strong></span> 
     </span>
    </p>
   </div>
   <div class='ocr_carea' id='block_1_68' title="bbox 261 3618 1879 3696">
    <p class='ocr_par' dir='ltr' id='par_1_68' title="bbox 261 3618 1879 3696">
     <span class='ocr_line' id='line_1_68' title="bbox 261 3618 1879 3696; baseline 0.004 -22"><span class='ocrx_word' id='word_1_480' title='bbox 261 3623 342 3676; x_wconf 81' lang='grc' dir='ltr'>ού</span> <span class='ocrx_word' id='word_1_481' title='bbox 374 3621 486 3694; x_wconf 83' lang='grc' dir='ltr'><strong>γάρ</strong></span> <span class='ocrx_word' id='word_1_482' title='bbox 541 3618 609 3693; x_wconf 83' lang='grc' dir='ltr'>ἦν</span> <span class='ocrx_word' id='word_1_483' title='bbox 661 3624 867 3693; x_wconf 80' lang='grc' dir='ltr'>ἑτέρως</span> <span class='ocrx_word' id='word_1_484' title='bbox 947 3624 1216 3694; x_wconf 70' lang='grc' dir='ltr'>βοηθῆσαι</span> <span class='ocrx_word' id='word_1_485' title='bbox 1261 3625 1340 3695; x_wconf 83' lang='grc' dir='ltr'><strong>τῷ</strong></span> <span class='ocrx_word' id='word_1_486' title='bbox 1398 3627 1716 3696; x_wconf 82' lang='grc' dir='ltr'>πλάσματι,</span> <span class='ocrx_word' id='word_1_487' title='bbox 1769 3629 1879 3682; x_wconf 80' lang='grc' dir='ltr'>οὐδ’</span> 
     </span>
    </p>
   </div>
   <div class='ocr_carea' id='block_1_69' title="bbox 257 3711 1875 3788">
    <p class='ocr_par' dir='ltr' id='par_1_69' title="bbox 257 3711 1875 3788">
     <span class='ocr_line' id='line_1_69' title="bbox 257 3711 1875 3788; baseline 0.002 -21"><span class='ocrx_word' id='word_1_488' title='bbox 257 3711 332 3786; x_wconf 81' lang='grc' dir='ltr'>ἦν</span> <span class='ocrx_word' id='word_1_489' title='bbox 385 3717 469 3779; x_wconf 82' lang='grc' dir='ltr'>εἰς</span> <span class='ocrx_word' id='word_1_490' title='bbox 521 3715 795 3786; x_wconf 87' lang='grc' dir='ltr'>τοσαύτην</span> <span class='ocrx_word' id='word_1_491' title='bbox 873 3716 1197 3786; x_wconf 81' lang='grc' dir='ltr'>εὐεργεσίαν</span> <span class='ocrx_word' id='word_1_492' title='bbox 1243 3716 1432 3769; x_wconf 84' lang='grc' dir='ltr'>δοῦλον</span> <span class='ocrx_word' id='word_1_493' title='bbox 1493 3718 1875 3788; x_wconf 81' lang='grc' dir='ltr'>παραστῆσαι,</span> 
     </span>
    </p>
   </div>
   <div class='ocr_carea' id='block_1_70' title="bbox 257 3809 1878 3884">
    <p class='ocr_par' dir='ltr' id='par_1_70' title="bbox 257 3809 1878 3884">
     <span class='ocr_line' id='line_1_70' title="bbox 257 3809 1878 3884; baseline 0.002 -22"><span class='ocrx_word' id='word_1_494' title='bbox 257 3809 389 3862; x_wconf 69' lang='grc' dir='ltr'>οὐδὲ</span> <span class='ocrx_word' id='word_1_495' title='bbox 421 3809 491 3862; x_wconf 87' lang='grc' dir='ltr'>δι’</span> <span class='ocrx_word' id='word_1_496' title='bbox 513 3810 728 3862; x_wconf 86' lang='grc' dir='ltr'>ἐκείνου</span> <span class='ocrx_word' id='word_1_497' title='bbox 758 3810 859 3879; x_wconf 84' lang='grc' dir='ltr'>τῆς</span> <span class='ocrx_word' id='word_1_498' title='bbox 895 3810 1104 3881; x_wconf 80' lang='grc' dir='ltr'>φθορᾶς</span> <span class='ocrx_word' id='word_1_499' title='bbox 1131 3810 1524 3875; x_wconf 83' lang='grc' dir='ltr'>ἀπαλλάττειν,</span> <span class='ocrx_word' id='word_1_500' title='bbox 1562 3811 1685 3865; x_wconf 71' lang='grc' dir='ltr'>οὐδὲ</span> <span class='ocrx_word' id='word_1_501' title='bbox 1723 3813 1878 3884; x_wconf 74' lang='grc' dir='ltr'>παρὰ</span> 
     </span>
    </p>
   </div>
   <div class='ocr_carea' id='block_1_71' title="bbox 259 3901 1878 3975">
    <p class='ocr_par' dir='ltr' id='par_1_71' title="bbox 259 3901 1878 3975">
     <span class='ocr_line' id='line_1_71' title="bbox 259 3901 1878 3975; baseline 0.004 -22"><span class='ocrx_word' id='word_1_502' title='bbox 259 3903 574 3971; x_wconf 71' lang='grc' dir='ltr'>κτίσματος</span> <span class='ocrx_word' id='word_1_503' title='bbox 600 3901 859 3956; x_wconf 84' lang='grc' dir='ltr'>τοσοῦτον</span> <span class='ocrx_word' id='word_1_504' title='bbox 899 3903 1075 3972; x_wconf 86' lang='grc' dir='ltr'>δῶρον</span> <span class='ocrx_word' id='word_1_505' title='bbox 1124 3902 1464 3974; x_wconf 88' lang='grc' dir='ltr'>λαμϐάνειν,</span> <span class='ocrx_word' id='word_1_506' title='bbox 1518 3905 1657 3958; x_wconf 80' lang='grc' dir='ltr'>ἀλλὰ</span> <span class='ocrx_word' id='word_1_507' title='bbox 1714 3907 1878 3975; x_wconf 82' lang='grc' dir='ltr'>μόνου</span> 
     </span>
    </p>
   </div>
   <div class='ocr_carea' id='block_1_72' title="bbox 261 3994 1880 4068">
    <p class='ocr_par' dir='ltr' id='par_1_72' title="bbox 261 3994 1880 4068">
     <span class='ocr_line' id='line_1_72' title="bbox 261 3994 1880 4068; baseline 0.003 -22"><span class='ocrx_word' id='word_1_508' title='bbox 261 3994 432 4049; x_wconf 82' lang='grc' dir='ltr'>Θεοῦ.</span> <span class='ocrx_word' id='word_1_509' title='bbox 477 3997 575 4058; x_wconf 78' lang='lat' dir='ltr'><strong>&#39;t);</strong></span> <span class='ocrx_word' id='word_1_510' title='bbox 618 3995 811 4065; x_wconf 77' lang='grc' dir='ltr'>ἐπειδὴ</span> <span class='ocrx_word' id='word_1_511' title='bbox 885 3995 1222 4064; x_wconf 75' lang='grc' dir='ltr'>σπλάγχνοις</span> <span class='ocrx_word' id='word_1_512' title='bbox 1265 3997 1570 4067; x_wconf 83' lang='grc' dir='ltr'>οἰκτιρμῶν</span> <span class='ocrx_word' id='word_1_513' title='bbox 1629 3999 1880 4068; x_wconf 82' lang='grc' dir='ltr'>παρακέ-</span> 
     </span>
    </p>
   </div>
   <div class='ocr_carea' id='block_1_73' title="bbox 260 4088 1877 4161">
    <p class='ocr_par' dir='ltr' id='par_1_73' title="bbox 260 4088 1877 4161">
     <span class='ocr_line' id='line_1_73' title="bbox 260 4088 1877 4161; baseline 0.002 -21"><span class='ocrx_word' id='word_1_514' title='bbox 260 4089 461 4159; x_wconf 83' lang='grc' dir='ltr'>κλητο,</span> <span class='ocrx_word' id='word_1_515' title='bbox 493 4089 588 4143; x_wconf 72' lang='grc' dir='ltr'>καὶ</span> <span class='ocrx_word' id='word_1_516' title='bbox 618 4088 800 4142; x_wconf 84' lang='grc' dir='ltr'>πόνων</span> <span class='ocrx_word' id='word_1_517' title='bbox 835 4089 1207 4142; x_wconf 85' lang='grc' dir='ltr'>ἀπαλλάττειν</span> <span class='ocrx_word' id='word_1_518' title='bbox 1232 4091 1485 4160; x_wconf 83' lang='grc' dir='ltr'>κεκρίκει</span> <span class='ocrx_word' id='word_1_519' title='bbox 1515 4092 1608 4143; x_wconf 78' lang='grc' dir='ltr'>τὸν</span> <span class='ocrx_word' id='word_1_520' title='bbox 1662 4093 1877 4161; x_wconf 82' lang='grc' dir='ltr'>ἀπηγο-</span> 
     </span>
    </p>
   </div>
   <div class='ocr_carea' id='block_1_74' title="bbox 264 4179 1876 4254">
    <p class='ocr_par' dir='ltr' id='par_1_74' title="bbox 264 4179 1876 4254">
     <span class='ocr_line' id='line_1_74' title="bbox 264 4179 1876 4254; baseline 0.001 -20"><span class='ocrx_word' id='word_1_521' title='bbox 264 4182 510 4249; x_wconf 75' lang='grc' dir='ltr'>ρευκὸτα</span> <span class='ocrx_word' id='word_1_522' title='bbox 535 4183 604 4252; x_wconf 85' lang='grc' dir='ltr'>τῇ</span> <span class='ocrx_word' id='word_1_523' title='bbox 633 4181 900 4245; x_wconf 81' lang='grc' dir='ltr'>κακώσει,</span> <span class='ocrx_word' id='word_1_524' title='bbox 945 4183 1070 4235; x_wconf 74' lang='grc' dir='ltr'>ἐπεὶ</span> <span class='ocrx_word' id='word_1_525' title='bbox 1121 4182 1196 4253; x_wconf 84' lang='grc' dir='ltr'>μὴ</span> <span class='ocrx_word' id='word_1_526' title='bbox 1224 4183 1454 4235; x_wconf 80' lang='grc' dir='ltr'>δυνατὸν</span> <span class='ocrx_word' id='word_1_527' title='bbox 1482 4179 1553 4254; x_wconf 83' lang='grc' dir='ltr'>ἦν</span> <span class='ocrx_word' id='word_1_528' title='bbox 1588 4183 1764 4247; x_wconf 84' lang='grc' dir='ltr'>ἄλλως</span> <span class='ocrx_word' id='word_1_529' title='bbox 1795 4188 1876 4246; x_wconf 81' lang='grc' dir='ltr'><strong>είς</strong></span> 
     </span>
    </p>
   </div>
   <div class='ocr_carea' id='block_1_75' title="bbox 261 4269 1884 4345">
    <p class='ocr_par' dir='ltr' id='par_1_75' title="bbox 261 4269 1884 4345">
     <span class='ocr_line' id='line_1_75' title="bbox 261 4269 1884 4345; baseline 0.001 -19"><span class='ocrx_word' id='word_1_530' title='bbox 261 4275 432 4345; x_wconf 74' lang='grc' dir='ltr'>ἔργον</span> <span class='ocrx_word' id='word_1_531' title='bbox 463 4272 742 4327; x_wconf 79' lang='grc' dir='ltr'>ἐκϐαίνειν</span> <span class='ocrx_word' id='word_1_532' title='bbox 771 4273 840 4326; x_wconf 84' lang='grc' dir='ltr'>τὰ</span> <span class='ocrx_word' id='word_1_533' title='bbox 867 4273 1198 4344; x_wconf 84' lang='grc' dir='ltr'>κεκριμένα,</span> <span class='ocrx_word' id='word_1_534' title='bbox 1251 4275 1390 4344; x_wconf 75' lang='grc' dir='ltr'>πρὸς</span> <span class='ocrx_word' id='word_1_535' title='bbox 1418 4275 1771 4344; x_wconf 82' lang='grc' dir='ltr'>ἐκπλήρωσιν</span> <span class='ocrx_word' id='word_1_536' title='bbox 1801 4269 1884 4330; x_wconf 83' lang='grc' dir='ltr'><strong>ὧν.</strong></span> 
     </span>
    </p>
   </div>
   <div class='ocr_carea' id='block_1_76' title="bbox 262 4361 1874 4437">
    <p class='ocr_par' dir='ltr' id='par_1_76' title="bbox 262 4361 1874 4437">
     <span class='ocr_line' id='line_1_76' title="bbox 262 4361 1874 4437; baseline 0 -19"><span class='ocrx_word' id='word_1_537' title='bbox 262 4362 655 4433; x_wconf 76' lang='grc' dir='ltr'>παρεκάλεσεν</span> <span class='ocrx_word' id='word_1_538' title='bbox 678 4363 873 4415; x_wconf 77' lang='grc' dir='ltr'>ἑαυτὸν</span> <span class='ocrx_word' id='word_1_539' title='bbox 916 4363 1255 4434; x_wconf 76' lang='grc' dir='ltr'>ἐχορήγησε.</span> <span class='ocrx_word' id='word_1_540' title='bbox 1281 4364 1408 4428; x_wconf 85' lang='grc' dir='ltr'><strong>Πῶς</strong></span> <span class='ocrx_word' id='word_1_541' title='bbox 1430 4361 1544 4428; x_wconf 81' lang='grc' dir='ltr'>οὖν,</span> <span class='ocrx_word' id='word_1_542' title='bbox 1569 4365 1650 4428; x_wconf 83' lang='grc' dir='ltr'>ὃς,</span> <span class='ocrx_word' id='word_1_543' title='bbox 1683 4366 1764 4419; x_wconf 86' lang='grc' dir='ltr'>ὃτι</span> <span class='ocrx_word' id='word_1_544' title='bbox 1800 4365 1874 4437; x_wconf 82' lang='grc' dir='ltr'><strong>μὴ</strong></span> 
     </span>
    </p>
   </div>
   <div class='ocr_carea' id='block_1_77' title="bbox 260 4449 1876 4529">
    <p class='ocr_par' dir='ltr' id='par_1_77' title="bbox 260 4449 1876 4529">
     <span class='ocr_line' id='line_1_77' title="bbox 260 4449 1876 4529; baseline 0.001 -21"><span class='ocrx_word' id='word_1_545' title='bbox 260 4455 502 4508; x_wconf 79' lang='grc' dir='ltr'>δυνατὸν</span> <span class='ocrx_word' id='word_1_546' title='bbox 534 4449 605 4525; x_wconf 82' lang='grc' dir='ltr'>ἦν</span> <span class='ocrx_word' id='word_1_547' title='bbox 631 4457 824 4525; x_wconf 71' lang='grc' dir='ltr'>κτιστῇ</span> <span class='ocrx_word' id='word_1_548' title='bbox 857 4453 1021 4522; x_wconf 82' lang='grc' dir='ltr'>φύσει</span> <span class='ocrx_word' id='word_1_549' title='bbox 1071 4455 1149 4524; x_wconf 81' lang='grc' dir='ltr'><strong>τῷ</strong></span> <span class='ocrx_word' id='word_1_550' title='bbox 1196 4455 1297 4522; x_wconf 83' lang='grc' dir='ltr'>τῆς</span> <span class='ocrx_word' id='word_1_551' title='bbox 1331 4455 1692 4519; x_wconf 82' lang='grc' dir='ltr'>ἀναπλάσεως</span> <span class='ocrx_word' id='word_1_552' title='bbox 1727 4456 1876 4529; x_wconf 79' lang='grc' dir='ltr'><strong>ἔργῳ</strong></span> 
     </span>
    </p>
   </div>
   <div class='ocr_carea' id='block_1_78' title="bbox 259 4546 1874 4618">
    <p class='ocr_par' dir='ltr' id='par_1_78' title="bbox 259 4546 1874 4618">
     <span class='ocr_line' id='line_1_78' title="bbox 259 4546 1874 4618; baseline 0.002 -19"><span class='ocrx_word' id='word_1_553' title='bbox 259 4547 564 4610; x_wconf 86' lang='grc' dir='ltr'>διακονεῖν,</span> <span class='ocrx_word' id='word_1_554' title='bbox 599 4547 688 4599; x_wconf 84' lang='grc' dir='ltr'>διὰ</span> <span class='ocrx_word' id='word_1_555' title='bbox 718 4546 882 4599; x_wconf 87' lang='grc' dir='ltr'>τοῦτο</span> <span class='ocrx_word' id='word_1_556' title='bbox 919 4546 1084 4609; x_wconf 74' lang='grc' dir='ltr'>αὐτὸς</span> <span class='ocrx_word' id='word_1_557' title='bbox 1108 4546 1463 4618; x_wconf 87' lang='grc' dir='ltr'>διακονήσας,</span> <span class='ocrx_word' id='word_1_558' title='bbox 1497 4549 1546 4600; x_wconf 86' lang='grc' dir='ltr'><strong>εί</strong></span> <span class='ocrx_word' id='word_1_559' title='bbox 1592 4550 1732 4617; x_wconf 88' lang='grc' dir='ltr'><strong>μετά</strong></span> <span class='ocrx_word' id='word_1_560' title='bbox 1765 4549 1874 4602; x_wconf 81' lang='grc' dir='ltr'><strong>τῶν</strong></span> 
     </span>
    </p>
   </div>
   <div class='ocr_carea' id='block_1_79' title="bbox 260 4631 1877 4707">
    <p class='ocr_par' dir='ltr' id='par_1_79' title="bbox 260 4631 1877 4707">
     <span class='ocr_line' id='line_1_79' title="bbox 260 4631 1877 4707; baseline 0.001 -16"><span class='ocrx_word' id='word_1_561' title='bbox 260 4639 593 4706; x_wconf 86' lang='grc' dir='ltr'>κτισμάτων</span> <span class='ocrx_word' id='word_1_562' title='bbox 626 4639 688 4690; x_wconf 89' lang='grc' dir='ltr'><strong>τὸ</strong></span> <span class='ocrx_word' id='word_1_563' title='bbox 749 4638 981 4706; x_wconf 85' lang='grc' dir='ltr'>Πνεῦμα</span> <span class='ocrx_word' id='word_1_564' title='bbox 1005 4631 1378 4692; x_wconf 87' lang='grc' dir='ltr'>συντέτακται</span> <span class='ocrx_word' id='word_1_565' title='bbox 1404 4680 1419 4705; x_wconf 91' lang='grc'><strong>,</strong></span> <span class='ocrx_word' id='word_1_566' title='bbox 1463 4640 1728 4707; x_wconf 79' lang='grc' dir='ltr'>συνεργὸν</span> <span class='ocrx_word' id='word_1_567' title='bbox 1774 4642 1877 4693; x_wconf 85' lang='grc' dir='ltr'>αὐ-</span> 
     </span>
    </p>
   </div>
   <div class='ocr_carea' id='block_1_80' title="bbox 259 4729 1875 4804">
    <p class='ocr_par' dir='ltr' id='par_1_80' title="bbox 259 4729 1875 4804">
     <span class='ocr_line' id='line_1_80' title="bbox 259 4729 1875 4804; baseline 0.003 -22"><span class='ocrx_word' id='word_1_568' title='bbox 259 4731 326 4782; x_wconf 85' lang='grc' dir='ltr'><strong>τὸ</strong></span> <span class='ocrx_word' id='word_1_569' title='bbox 383 4732 465 4792; x_wconf 84' lang='grc' dir='ltr'><strong>είς</strong></span> <span class='ocrx_word' id='word_1_570' title='bbox 539 4731 641 4798; x_wconf 85' lang='grc' dir='ltr'>τὴν</span> <span class='ocrx_word' id='word_1_571' title='bbox 689 4729 786 4782; x_wconf 89' lang='grc' dir='ltr'><strong>τοῦ</strong></span> <span class='ocrx_word' id='word_1_572' title='bbox 839 4730 1146 4801; x_wconf 80' lang='grc' dir='ltr'>φθαρέντος</span> <span class='ocrx_word' id='word_1_573' title='bbox 1206 4730 1515 4784; x_wconf 84' lang='grc' dir='ltr'>ἀνάπλασιν</span> <span class='ocrx_word' id='word_1_574' title='bbox 1573 4733 1875 4804; x_wconf 84' lang='grc' dir='ltr'>παραλαμ-</span> 
     </span>
    </p>
   </div>
   <div class='ocr_carea' id='block_1_81' title="bbox 261 4820 1878 4897">
    <p class='ocr_par' dir='ltr' id='par_1_81' title="bbox 261 4820 1878 4897">
     <span class='ocr_line' id='line_1_81' title="bbox 261 4820 1878 4897; baseline 0.004 -25"><span class='ocrx_word' id='word_1_575' title='bbox 261 4821 454 4886; x_wconf 80' lang='grc' dir='ltr'>ϐάνει;</span> <span class='ocrx_word' id='word_1_576' title='bbox 481 4820 674 4872; x_wconf 77' lang='grc' dir='ltr'>ἔπειτα</span> <span class='ocrx_word' id='word_1_577' title='bbox 710 4821 767 4873; x_wconf 84' lang='grc' dir='ltr'>δὲ</span> <span class='ocrx_word' id='word_1_578' title='bbox 787 4821 874 4884; x_wconf 90' lang='grc' dir='ltr'><strong>τίς</strong></span> <span class='ocrx_word' id='word_1_579' title='bbox 901 4825 927 4874; x_wconf 85' lang='grc' dir='ltr'>ὁ</span> <span class='ocrx_word' id='word_1_580' title='bbox 957 4822 1162 4891; x_wconf 83' lang='grc' dir='ltr'>τρόπος</span> <span class='ocrx_word' id='word_1_581' title='bbox 1189 4823 1363 4894; x_wconf 81' lang='grc' dir='ltr'>ἑτέρῳ</span> <span class='ocrx_word' id='word_1_582' title='bbox 1391 4823 1490 4894; x_wconf 80' lang='grc' dir='ltr'><strong>μὲν</strong></span> <span class='ocrx_word' id='word_1_583' title='bbox 1517 4825 1666 4893; x_wconf 77' lang='grc' dir='ltr'>ἡμᾶς</span> <span class='ocrx_word' id='word_1_584' title='bbox 1697 4826 1878 4897; x_wconf 77' lang='grc' dir='ltr'>ἡμαρ-</span> 
     </span>
    </p>
   </div>
   <div class='ocr_carea' id='block_1_82' title="bbox 1987 3252 3615 3326">
    <p class='ocr_par' dir='ltr' id='par_1_82' title="bbox 1987 3252 3615 3326">
     <span class='ocr_line' id='line_1_82' title="bbox 1987 3252 3615 3326; baseline 0.002 -20"><span class='ocrx_word' id='word_1_585' title='bbox 1987 3267 2184 3307; x_wconf 86' lang='lat' dir='ltr'><strong>manus</strong></span> <span class='ocrx_word' id='word_1_586' title='bbox 2219 3254 2288 3308; x_wconf 90' lang='lat' dir='ltr'><strong>ad</strong></span> <span class='ocrx_word' id='word_1_587' title='bbox 2323 3252 2549 3308; x_wconf 87' lang='lat' dir='ltr'><strong>infanda</strong></span> <span class='ocrx_word' id='word_1_588' title='bbox 2582 3254 2902 3323; x_wconf 85' lang='lat' dir='ltr'><strong>prosiliunt,</strong></span> <span class='ocrx_word' id='word_1_589' title='bbox 2933 3263 3190 3326; x_wconf 90' lang='lat' dir='ltr'><strong>terraque</strong></span> <span class='ocrx_word' id='word_1_590' title='bbox 3226 3256 3502 3320; x_wconf 88' lang='lat' dir='ltr'><strong>conditur,</strong></span> <span class='ocrx_word' id='word_1_591' title='bbox 3524 3256 3615 3314; x_wconf 66' lang='lat' dir='ltr'><strong>,in.</strong></span> 
     </span>
    </p>
   </div>
   <div class='ocr_carea' id='block_1_83' title="bbox 1986 3346 3591 3419">
    <p class='ocr_par' dir='ltr' id='par_1_83' title="bbox 1986 3346 3591 3419">
     <span class='ocr_line' id='line_1_83' title="bbox 1986 3346 3591 3419; baseline -0.001 -18"><span class='ocrx_word' id='word_1_592' title='bbox 1986 3347 2363 3416; x_wconf 86' lang='lat' dir='ltr'><strong>corruptionis</strong></span> <span class='ocrx_word' id='word_1_593' title='bbox 2396 3348 2623 3418; x_wconf 81' lang='lat' dir='ltr'><strong>regione</strong></span> <span class='ocrx_word' id='word_1_594' title='bbox 2673 3349 2986 3417; x_wconf 87' lang='lat' dir='ltr'><strong>hospitans,</strong></span> <span class='ocrx_word' id='word_1_595' title='bbox 3020 3350 3114 3418; x_wconf 92' lang='lat' dir='ltr'><strong>qui</strong></span> <span class='ocrx_word' id='word_1_596' title='bbox 3152 3348 3426 3403; x_wconf 84' lang='lat' dir='ltr'><strong>caelorum</strong></span> <span class='ocrx_word' id='word_1_597' title='bbox 3459 3346 3591 3419; x_wconf 51' lang='lat' dir='ltr'><strong>altis-</strong></span> 
     </span>
    </p>
   </div>
   <div class='ocr_carea' id='block_1_84' title="bbox 1986 3438 3601 3510">
    <p class='ocr_par' dir='ltr' id='par_1_84' title="bbox 1986 3438 3601 3510">
     <span class='ocr_line' id='line_1_84' title="bbox 1986 3438 3601 3510; baseline 0.001 -18"><span class='ocrx_word' id='word_1_598' title='bbox 1986 3438 2163 3493; x_wconf 89' lang='lat' dir='ltr'><strong>tudini</strong></span> <span class='ocrx_word' id='word_1_599' title='bbox 2200 3439 2493 3493; x_wconf 89' lang='lat' dir='ltr'><strong>imminet?</strong></span> <span class='ocrx_word' id='word_1_600' title='bbox 2522 3455 2696 3508; x_wconf 90' lang='lat' dir='ltr'><strong>quare</strong></span> <span class='ocrx_word' id='word_1_601' title='bbox 2723 3438 2837 3493; x_wconf 73' lang='lat' dir='ltr'><strong>htec</strong></span> <span class='ocrx_word' id='word_1_602' title='bbox 2867 3439 3098 3494; x_wconf 87' lang='lat' dir='ltr'><strong>omnia?</strong></span> <span class='ocrx_word' id='word_1_603' title='bbox 3133 3439 3242 3494; x_wconf 91' lang='lat' dir='ltr'><strong>nisi</strong></span> <span class='ocrx_word' id='word_1_604' title='bbox 3272 3439 3400 3510; x_wconf 89' lang='lat' dir='ltr'><strong>quia</strong></span> <span class='ocrx_word' id='word_1_605' title='bbox 3431 3455 3601 3505; x_wconf 69' lang='lat' dir='ltr'><strong>crea-</strong></span> 
     </span>
    </p>
   </div>
   <div class='ocr_carea' id='block_1_85' title="bbox 1977 3522 3588 3600">
    <p class='ocr_par' dir='ltr' id='par_1_85' title="bbox 1977 3522 3588 3600">
     <span class='ocr_line' id='line_1_85' title="bbox 1977 3522 3588 3600; baseline 0.001 -17"><span class='ocrx_word' id='word_1_606' title='bbox 1977 3522 2129 3586; x_wconf 82' lang='lat' dir='ltr'><strong>turis</strong></span> <span class='ocrx_word' id='word_1_607' title='bbox 2181 3531 2342 3585; x_wconf 88' lang='lat' dir='ltr'><strong>aliter</strong></span> <span class='ocrx_word' id='word_1_608' title='bbox 2393 3531 2676 3586; x_wconf 86' lang='lat' dir='ltr'><strong>subveniri</strong></span> <span class='ocrx_word' id='word_1_609' title='bbox 2725 3546 2834 3585; x_wconf 92' lang='lat' dir='ltr'><strong>non</strong></span> <span class='ocrx_word' id='word_1_610' title='bbox 2879 3539 3120 3600; x_wconf 88' lang='lat' dir='ltr'><strong>poterat,</strong></span> <span class='ocrx_word' id='word_1_611' title='bbox 3153 3546 3256 3586; x_wconf 91' lang='lat' dir='ltr'><strong>nec</strong></span> <span class='ocrx_word' id='word_1_612' title='bbox 3287 3531 3340 3584; x_wconf 92' lang='lat' dir='ltr'><strong>in</strong></span> <span class='ocrx_word' id='word_1_613' title='bbox 3373 3538 3588 3585; x_wconf 85' lang='lat' dir='ltr'><strong>tantum</strong></span> 
     </span>
    </p>
   </div>
   <div class='ocr_carea' id='block_1_86' title="bbox 1983 3623 3606 3694">
    <p class='ocr_par' dir='ltr' id='par_1_86' title="bbox 1983 3623 3606 3694">
     <span class='ocr_line' id='line_1_86' title="bbox 1983 3623 3606 3694; baseline 0.001 -19"><span class='ocrx_word' id='word_1_614' title='bbox 1983 3637 2125 3691; x_wconf 86' lang='lat' dir='ltr'><strong>opus</strong></span> <span class='ocrx_word' id='word_1_615' title='bbox 2161 3637 2358 3678; x_wconf 83' lang='lat' dir='ltr'><strong>servus</strong></span> <span class='ocrx_word' id='word_1_616' title='bbox 2405 3623 2617 3677; x_wconf 89' lang='lat' dir='ltr'><strong>assumi</strong></span> <span class='ocrx_word' id='word_1_617' title='bbox 2645 3639 2662 3690; x_wconf 91' lang='lat'><strong>;</strong></span> <span class='ocrx_word' id='word_1_618' title='bbox 2693 3637 2795 3677; x_wconf 88' lang='lat' dir='ltr'><strong>nec</strong></span> <span class='ocrx_word' id='word_1_619' title='bbox 2827 3623 2972 3678; x_wconf 86' lang='lat' dir='ltr'><strong>servi</strong></span> <span class='ocrx_word' id='word_1_620' title='bbox 3004 3631 3125 3677; x_wconf 85' lang='lat' dir='ltr'><strong>erat</strong></span> <span class='ocrx_word' id='word_1_621' title='bbox 3167 3638 3196 3677; x_wconf 93' lang='lat' dir='ltr'><strong>a</strong></span> <span class='ocrx_word' id='word_1_622' title='bbox 3230 3623 3606 3694; x_wconf 84' lang='lat' dir='ltr'><strong>corruptione-</strong></span> 
     </span>
    </p>
   </div>
   <div class='ocr_carea' id='block_1_87' title="bbox 1983 3715 3590 3786">
    <p class='ocr_par' dir='ltr' id='par_1_87' title="bbox 1983 3715 3590 3786">
     <span class='ocr_line' id='line_1_87' title="bbox 1983 3715 3590 3786; baseline 0 -16"><span class='ocrx_word' id='word_1_623' title='bbox 1983 3716 2247 3781; x_wconf 81' lang='lat' dir='ltr'><strong>eximere,</strong></span> <span class='ocrx_word' id='word_1_624' title='bbox 2281 3723 2616 3786; x_wconf 89' lang='lat' dir='ltr'><strong>tantumque</strong></span> <span class='ocrx_word' id='word_1_625' title='bbox 2667 3732 2874 3771; x_wconf 89' lang='lat' dir='ltr'><strong>munus</strong></span> <span class='ocrx_word' id='word_1_626' title='bbox 2923 3724 3212 3785; x_wconf 62' lang='lat' dir='ltr'><strong>praestare,</strong></span> <span class='ocrx_word' id='word_1_627' title='bbox 3265 3717 3369 3771; x_wconf 82' lang='lat' dir='ltr'><strong>sed</strong></span> <span class='ocrx_word' id='word_1_628' title='bbox 3413 3715 3590 3771; x_wconf 89' lang='lat' dir='ltr'><strong>solius</strong></span> 
     </span>
    </p>
   </div>
   <div class='ocr_carea' id='block_1_88' title="bbox 1983 3807 3602 3879">
    <p class='ocr_par' dir='ltr' id='par_1_88' title="bbox 1983 3807 3602 3879">
     <span class='ocr_line' id='line_1_88' title="bbox 1983 3807 3602 3879; baseline 0.001 -18"><span class='ocrx_word' id='word_1_629' title='bbox 1983 3807 2104 3862; x_wconf 89' lang='lat' dir='ltr'><strong>Dei.</strong></span> <span class='ocrx_word' id='word_1_630' title='bbox 2152 3807 2258 3874; x_wconf 85' lang='lat' dir='ltr'><strong>Qui</strong></span> <span class='ocrx_word' id='word_1_631' title='bbox 2305 3818 2601 3879; x_wconf 86' lang='lat' dir='ltr'><strong>postquam</strong></span> <span class='ocrx_word' id='word_1_632' title='bbox 2653 3808 3039 3864; x_wconf 89' lang='lat' dir='ltr'><strong>misericordia</strong></span> <span class='ocrx_word' id='word_1_633' title='bbox 3093 3816 3275 3864; x_wconf 90' lang='lat' dir='ltr'><strong>tactus</strong></span> <span class='ocrx_word' id='word_1_634' title='bbox 3327 3807 3602 3879; x_wconf 69' lang='lat' dir='ltr'><strong>fatigatos.</strong></span> 
     </span>
    </p>
   </div>
   <div class='ocr_carea' id='block_1_89' title="bbox 1982 3897 3598 3970">
    <p class='ocr_par' dir='ltr' id='par_1_89' title="bbox 1982 3897 3598 3970">
     <span class='ocr_line' id='line_1_89' title="bbox 1982 3897 3598 3970; baseline -0.002 -19"><span class='ocrx_word' id='word_1_635' title='bbox 1982 3897 2239 3954; x_wconf 80' lang='lat' dir='ltr'><strong>homines</strong></span> <span class='ocrx_word' id='word_1_636' title='bbox 2295 3900 2455 3954; x_wconf 90' lang='lat' dir='ltr'><strong>malis</strong></span> <span class='ocrx_word' id='word_1_637' title='bbox 2505 3899 2726 3954; x_wconf 90' lang='lat' dir='ltr'><strong>tandem</strong></span> <span class='ocrx_word' id='word_1_638' title='bbox 2758 3900 2976 3970; x_wconf 89' lang='lat' dir='ltr'><strong>eripere</strong></span> <span class='ocrx_word' id='word_1_639' title='bbox 3019 3899 3395 3964; x_wconf 10' lang='lat' dir='ltr'><strong>statuit,tcum</strong></span> <span class='ocrx_word' id='word_1_640' title='bbox 3430 3898 3598 3952; x_wconf 34' lang='lat' dir='ltr'><strong>aliter.</strong></span> 
     </span>
    </p>
   </div>
   <div class='ocr_carea' id='block_1_90' title="bbox 1982 3988 3592 4060">
    <p class='ocr_par' dir='ltr' id='par_1_90' title="bbox 1982 3988 3592 4060">
     <span class='ocr_line' id='line_1_90' title="bbox 1982 3988 3592 4060; baseline 0.002 -19"><span class='ocrx_word' id='word_1_641' title='bbox 1982 3988 2237 4057; x_wconf 69' lang='lat' dir='ltr'><strong>praestari</strong></span> <span class='ocrx_word' id='word_1_642' title='bbox 2287 3988 2341 4043; x_wconf 87' lang='lat' dir='ltr'><strong>id</strong></span> <span class='ocrx_word' id='word_1_643' title='bbox 2396 3991 2676 4060; x_wconf 89' lang='lat' dir='ltr'><strong>nequiret,</strong></span> <span class='ocrx_word' id='word_1_644' title='bbox 2713 4005 2772 4044; x_wconf 92' lang='lat' dir='ltr'><strong>se</strong></span> <span class='ocrx_word' id='word_1_645' title='bbox 2801 3992 2982 4060; x_wconf 91' lang='lat' dir='ltr'><strong>ipsum</strong></span> <span class='ocrx_word' id='word_1_646' title='bbox 3034 3990 3089 4045; x_wconf 88' lang='lat' dir='ltr'><strong>in</strong></span> <span class='ocrx_word' id='word_1_647' title='bbox 3146 4005 3288 4060; x_wconf 89' lang='lat' dir='ltr'><strong>opus</strong></span> <span class='ocrx_word' id='word_1_648' title='bbox 3337 3989 3592 4044; x_wconf 88' lang='lat' dir='ltr'><strong>tradidit.</strong></span> 
     </span>
    </p>
   </div>
   <div class='ocr_carea' id='block_1_91' title="bbox 1982 4079 3592 4152">
    <p class='ocr_par' dir='ltr' id='par_1_91' title="bbox 1982 4079 3592 4152">
     <span class='ocr_line' id='line_1_91' title="bbox 1982 4079 3592 4152; baseline 0.002 -20"><span class='ocrx_word' id='word_1_649' title='bbox 1982 4079 2274 4145; x_wconf 87' lang='lat' dir='ltr'><strong>Quomodo</strong></span> <span class='ocrx_word' id='word_1_650' title='bbox 2323 4081 2512 4149; x_wconf 81' lang='lat' dir='ltr'><strong>igitur,</strong></span> <span class='ocrx_word' id='word_1_651' title='bbox 2551 4083 2594 4134; x_wconf 90' lang='lat' dir='ltr'><strong>si</strong></span> <span class='ocrx_word' id='word_1_652' title='bbox 2635 4081 2878 4152; x_wconf 90' lang='lat' dir='ltr'><strong>Spiritus</strong></span> <span class='ocrx_word' id='word_1_653' title='bbox 2929 4081 3073 4136; x_wconf 88' lang='lat' dir='ltr'><strong>inter</strong></span> <span class='ocrx_word' id='word_1_654' title='bbox 3111 4089 3400 4136; x_wconf 88' lang='lat' dir='ltr'><strong>creaturas</strong></span> <span class='ocrx_word' id='word_1_655' title='bbox 3429 4082 3592 4151; x_wconf 91' lang='lat' dir='ltr'><strong>poni-</strong></span> 
     </span>
    </p>
   </div>
   <div class='ocr_carea' id='block_1_92' title="bbox 1983 4166 3592 4234">
    <p class='ocr_par' dir='ltr' id='par_1_92' title="bbox 1983 4166 3592 4234">
     <span class='ocr_line' id='line_1_92' title="bbox 1983 4166 3592 4234; baseline -0.001 -11"><span class='ocrx_word' id='word_1_656' title='bbox 1983 4180 2095 4234; x_wconf 92' lang='lat' dir='ltr'><strong>tur,</strong></span> <span class='ocrx_word' id='word_1_657' title='bbox 2123 4170 2188 4222; x_wconf 85' lang='lat' dir='ltr'><strong>ad</strong></span> <span class='ocrx_word' id='word_1_658' title='bbox 2227 4180 2441 4223; x_wconf 64' lang='lat' dir='ltr'><strong>natura:</strong></span> <span class='ocrx_word' id='word_1_659' title='bbox 2477 4170 2823 4224; x_wconf 60' lang='lat' dir='ltr'><strong>labefactata!</strong></span> <span class='ocrx_word' id='word_1_660' title='bbox 2867 4170 3326 4223; x_wconf 89' lang='lat' dir='ltr'><strong>instaurationem</strong></span> <span class='ocrx_word' id='word_1_661' title='bbox 3362 4168 3452 4222; x_wconf 91' lang='lat' dir='ltr'><strong>ille</strong></span> <span class='ocrx_word' id='word_1_662' title='bbox 3483 4166 3592 4222; x_wconf 83' lang='lat' dir='ltr'><strong>sibi</strong></span> 
     </span>
    </p>
   </div>
   <div class='ocr_carea' id='block_1_93' title="bbox 1986 4259 3590 4330">
    <p class='ocr_par' dir='ltr' id='par_1_93' title="bbox 1986 4259 3590 4330">
     <span class='ocr_line' id='line_1_93' title="bbox 1986 4259 3590 4330; baseline -0.001 -17"><span class='ocrx_word' id='word_1_663' title='bbox 1986 4259 2255 4329; x_wconf 85' lang='lat' dir='ltr'><strong>Spiritum</strong></span> <span class='ocrx_word' id='word_1_664' title='bbox 2297 4261 2624 4327; x_wconf 83' lang='lat' dir='ltr'><strong>associavit,</strong></span> <span class='ocrx_word' id='word_1_665' title='bbox 2669 4261 2764 4329; x_wconf 91' lang='lat' dir='ltr'><strong>qui</strong></span> <span class='ocrx_word' id='word_1_666' title='bbox 2795 4260 3260 4330; x_wconf 85' lang='lat' dir='ltr'><strong>redemptionem,</strong></span> <span class='ocrx_word' id='word_1_667' title='bbox 3291 4275 3414 4314; x_wconf 89' lang='lat' dir='ltr'><strong>cum</strong></span> <span class='ocrx_word' id='word_1_668' title='bbox 3452 4259 3590 4314; x_wconf 80' lang='lat' dir='ltr'><strong>nihil</strong></span> 
     </span>
    </p>
   </div>
   <div class='ocr_carea' id='block_1_94' title="bbox 1983 4350 3590 4423">
    <p class='ocr_par' dir='ltr' id='par_1_94' title="bbox 1983 4350 3590 4423">
     <span class='ocr_line' id='line_1_94' title="bbox 1983 4350 3590 4423; baseline 0 -16"><span class='ocrx_word' id='word_1_669' title='bbox 1983 4353 2050 4408; x_wconf 89' lang='lat' dir='ltr'><strong>ad</strong></span> <span class='ocrx_word' id='word_1_670' title='bbox 2081 4369 2200 4407; x_wconf 88' lang='lat' dir='ltr'><strong>eam</strong></span> <span class='ocrx_word' id='word_1_671' title='bbox 2241 4365 2440 4408; x_wconf 83' lang='lat' dir='ltr'><strong>natura</strong></span> <span class='ocrx_word' id='word_1_672' title='bbox 2480 4365 2666 4409; x_wconf 89' lang='lat' dir='ltr'><strong>creata</strong></span> <span class='ocrx_word' id='word_1_673' title='bbox 2697 4354 2955 4407; x_wconf 90' lang='lat' dir='ltr'><strong>conferre</strong></span> <span class='ocrx_word' id='word_1_674' title='bbox 3007 4361 3217 4422; x_wconf 88' lang='lat' dir='ltr'><strong>posset,</strong></span> <span class='ocrx_word' id='word_1_675' title='bbox 3251 4352 3371 4422; x_wconf 87' lang='lat' dir='ltr'><strong>ipse</strong></span> <span class='ocrx_word' id='word_1_676' title='bbox 3404 4350 3590 4423; x_wconf 87' lang='lat' dir='ltr'><strong>perfe-</strong></span> 
     </span>
    </p>
   </div>
   <div class='ocr_carea' id='block_1_95' title="bbox 1983 4445 3602 4514">
    <p class='ocr_par' dir='ltr' id='par_1_95' title="bbox 1983 4445 3602 4514">
     <span class='ocr_line' id='line_1_95' title="bbox 1983 4445 3602 4514; baseline -0.003 -14"><span class='ocrx_word' id='word_1_677' title='bbox 1983 4446 2094 4500; x_wconf 90' lang='lat' dir='ltr'><strong>cit?</strong></span> <span class='ocrx_word' id='word_1_678' title='bbox 2131 4445 2338 4500; x_wconf 90' lang='lat' dir='ltr'><strong>Deinde</strong></span> <span class='ocrx_word' id='word_1_679' title='bbox 2369 4461 2623 4514; x_wconf 76' lang='lat' dir='ltr'><strong>quamam</strong></span> <span class='ocrx_word' id='word_1_680' title='bbox 2677 4445 2793 4499; x_wconf 78' lang='lat' dir='ltr'><strong>haec</strong></span> <span class='ocrx_word' id='word_1_681' title='bbox 2842 4445 2985 4498; x_wconf 90' lang='lat' dir='ltr'><strong>ratio</strong></span> <span class='ocrx_word' id='word_1_682' title='bbox 3025 4454 3196 4509; x_wconf 89' lang='lat' dir='ltr'><strong>esset,</strong></span> <span class='ocrx_word' id='word_1_683' title='bbox 3233 4453 3294 4498; x_wconf 90' lang='lat' dir='ltr'><strong>ut</strong></span> <span class='ocrx_word' id='word_1_684' title='bbox 3330 4445 3383 4497; x_wconf 89' lang='lat' dir='ltr'><strong>in</strong></span> <span class='ocrx_word' id='word_1_685' title='bbox 3417 4459 3602 4497; x_wconf 90' lang='lat' dir='ltr'><strong>unum.</strong></span> 
     </span>
    </p>
   </div>
   <div class='ocr_carea' id='block_1_96' title="bbox 1986 4537 3590 4609">
    <p class='ocr_par' dir='ltr' id='par_1_96' title="bbox 1986 4537 3590 4609">
     <span class='ocr_line' id='line_1_96' title="bbox 1986 4537 3590 4609; baseline -0.001 -14"><span class='ocrx_word' id='word_1_686' title='bbox 1986 4555 2402 4609; x_wconf 87' lang='lat' dir='ltr'><strong>peccassemus,</strong></span> <span class='ocrx_word' id='word_1_687' title='bbox 2441 4548 2495 4594; x_wconf 91' lang='lat' dir='ltr'><strong>et</strong></span> <span class='ocrx_word' id='word_1_688' title='bbox 2525 4540 2594 4593; x_wconf 90' lang='lat' dir='ltr'><strong>ab</strong></span> <span class='ocrx_word' id='word_1_689' title='bbox 2628 4540 2737 4592; x_wconf 87' lang='lat' dir='ltr'><strong>alio</strong></span> <span class='ocrx_word' id='word_1_690' title='bbox 2771 4537 2987 4609; x_wconf 75' lang='lat' dir='ltr'><strong>injuria:</strong></span> <span class='ocrx_word' id='word_1_691' title='bbox 3018 4553 3125 4591; x_wconf 92' lang='lat' dir='ltr'><strong>non</strong></span> <span class='ocrx_word' id='word_1_692' title='bbox 3163 4537 3432 4607; x_wconf 84' lang='lat' dir='ltr'><strong>participe</strong></span> <span class='ocrx_word' id='word_1_693' title='bbox 3462 4551 3590 4606; x_wconf 83' lang='lat' dir='ltr'><strong>pec-</strong></span> 
     </span>
    </p>
   </div>
   <div class='ocr_carea' id='block_1_97' title="bbox 1986 4630 3593 4689">
    <p class='ocr_par' dir='ltr' id='par_1_97' title="bbox 1986 4630 3593 4689">
     <span class='ocr_line' id='line_1_97' title="bbox 1986 4630 3593 4689; baseline -0.005 0"><span class='ocrx_word' id='word_1_694' title='bbox 1986 4635 2094 4689; x_wconf 88' lang='lat' dir='ltr'><strong>cati</strong></span> <span class='ocrx_word' id='word_1_695' title='bbox 2132 4635 2520 4689; x_wconf 85' lang='lat' dir='ltr'><strong>remissionem</strong></span> <span class='ocrx_word' id='word_1_696' title='bbox 2554 4633 2976 4688; x_wconf 82' lang='lat' dir='ltr'><strong>obtineremus?</strong></span> <span class='ocrx_word' id='word_1_697' title='bbox 3019 4630 3137 4684; x_wconf 79' lang='lat' dir='ltr'><strong>Non</strong></span> <span class='ocrx_word' id='word_1_698' title='bbox 3171 4631 3320 4685; x_wconf 86' lang='lat' dir='ltr'><strong>enim</strong></span> <span class='ocrx_word' id='word_1_699' title='bbox 3353 4630 3406 4682; x_wconf 80' lang='lat' dir='ltr'><strong>in</strong></span> <span class='ocrx_word' id='word_1_700' title='bbox 3435 4644 3593 4684; x_wconf 90' lang='lat' dir='ltr'><strong>crea-</strong></span> 
     </span>
    </p>
   </div>
   <div class='ocr_carea' id='block_1_98' title="bbox 1987 4721 3592 4794">
    <p class='ocr_par' dir='ltr' id='par_1_98' title="bbox 1987 4721 3592 4794">
     <span class='ocr_line' id='line_1_98' title="bbox 1987 4721 3592 4794; baseline -0.005 -14"><span class='ocrx_word' id='word_1_701' title='bbox 1987 4735 2170 4780; x_wconf 89' lang='lat' dir='ltr'><strong>turam</strong></span> <span class='ocrx_word' id='word_1_702' title='bbox 2198 4725 2451 4794; x_wconf 87' lang='lat' dir='ltr'><strong>pcccavit</strong></span> <span class='ocrx_word' id='word_1_703' title='bbox 2475 4724 2772 4789; x_wconf 89' lang='lat' dir='ltr'><strong>homo,sed</strong></span> <span class='ocrx_word' id='word_1_704' title='bbox 2803 4724 2857 4776; x_wconf 89' lang='lat' dir='ltr'><strong>in</strong></span> <span class='ocrx_word' id='word_1_705' title='bbox 2888 4721 3224 4789; x_wconf 87' lang='lat' dir='ltr'><strong>Deum,ejus</strong></span> <span class='ocrx_word' id='word_1_706' title='bbox 3257 4729 3592 4791; x_wconf 69' lang='lat' dir='ltr'><strong>praeceptum</strong></span> 
     </span>
    </p>
   </div>
   <div class='ocr_carea' id='block_1_99' title="bbox 1987 4813 3593 4888">
    <p class='ocr_par' dir='ltr' id='par_1_99' title="bbox 1987 4813 3593 4888">
     <span class='ocr_line' id='line_1_99' title="bbox 1987 4813 3593 4888; baseline -0.005 -15"><span class='ocrx_word' id='word_1_707' title='bbox 1987 4819 2319 4888; x_wconf 83' lang='lat' dir='ltr'><strong>infringens.</strong></span> <span class='ocrx_word' id='word_1_708' title='bbox 2353 4817 2467 4871; x_wconf 89' lang='lat' dir='ltr'><strong>Cur</strong></span> <span class='ocrx_word' id='word_1_709' title='bbox 2519 4831 2649 4886; x_wconf 81' lang='lat' dir='ltr'><strong>ergo</strong></span> <span class='ocrx_word' id='word_1_710' title='bbox 2699 4831 2786 4869; x_wconf 92' lang='lat' dir='ltr'><strong>me</strong></span> <span class='ocrx_word' id='word_1_711' title='bbox 2835 4829 2864 4867; x_wconf 90' lang='lat' dir='ltr'><strong>a</strong></span> <span class='ocrx_word' id='word_1_712' title='bbox 2909 4815 3097 4869; x_wconf 89' lang='lat' dir='ltr'><strong>debito</strong></span> <span class='ocrx_word' id='word_1_713' title='bbox 3147 4822 3348 4869; x_wconf 84' lang='lat' dir='ltr'><strong>natura</strong></span> <span class='ocrx_word' id='word_1_714' title='bbox 3387 4813 3593 4868; x_wconf 80' lang='lat' dir='ltr'><strong>eximat</strong></span> 
     </span>
    </p>
   </div>
   <div class='ocr_carea' id='block_1_100' title="bbox 260 4907 1875 4986">
    <p class='ocr_par' dir='ltr' id='par_1_100' title="bbox 260 4910 1875 4986">
     <span class='ocr_line' id='line_1_100' title="bbox 260 4910 1875 4986; baseline 0.006 -24"><span class='ocrx_word' id='word_1_715' title='bbox 260 4911 523 4975; x_wconf 85' lang='grc' dir='ltr'>τηκέναι,</span> <span class='ocrx_word' id='word_1_716' title='bbox 559 4910 862 4980; x_wconf 84' lang='grc' dir='ltr'>λαμϐάνειν</span> <span class='ocrx_word' id='word_1_717' title='bbox 907 4912 966 4965; x_wconf 78' lang='grc' dir='ltr'>δὲ</span> <span class='ocrx_word' id='word_1_718' title='bbox 1015 4913 1147 4982; x_wconf 81' lang='grc' dir='ltr'>παρ’</span> <span class='ocrx_word' id='word_1_719' title='bbox 1180 4915 1394 4966; x_wconf 72' lang='grc' dir='ltr'>ἐκείνου</span> <span class='ocrx_word' id='word_1_720' title='bbox 1427 4915 1529 4986; x_wconf 80' lang='grc' dir='ltr'><strong>τὴν</strong></span> <span class='ocrx_word' id='word_1_721' title='bbox 1574 4916 1668 4969; x_wconf 82' lang='grc' dir='ltr'><strong>τοῦ</strong></span> <span class='ocrx_word' id='word_1_722' title='bbox 1715 4920 1875 4971; x_wconf 82' lang='grc' dir='ltr'>πταί-</span> 
     </span>
    </p>
   </div>
   <div class='ocr_carea' id='block_1_101' title="bbox 1979 4907 3034 4986">
    <p class='ocr_par' dir='ltr' id='par_1_101' title="bbox 1987 4907 3034 4980">
     <span class='ocr_line' id='line_1_101' title="bbox 1987 4907 3034 4980; baseline -0.009 -11"><span class='ocrx_word' id='word_1_723' title='bbox 1987 4927 2198 4978; x_wconf 80' lang='lat' dir='ltr'><strong>creata,</strong></span> <span class='ocrx_word' id='word_1_724' title='bbox 2237 4914 2324 4969; x_wconf 91' lang='lat' dir='ltr'><strong>cui</strong></span> <span class='ocrx_word' id='word_1_725' title='bbox 2357 4912 2577 4966; x_wconf 88' lang='lat' dir='ltr'><strong>debitor</strong></span> <span class='ocrx_word' id='word_1_726' title='bbox 2607 4925 2890 4980; x_wconf 68' lang='lat' dir='ltr'><strong>numquam</strong></span> <span class='ocrx_word' id='word_1_727' title='bbox 2925 4907 3034 4962; x_wconf 89' lang='lat' dir='ltr'><strong>fui?</strong></span> 
     </span>
    </p>
   </div>
   <div class='ocr_carea' id='block_1_102' title="bbox 259 4990 3595 5087">
    <p class='ocr_par' dir='ltr' id='par_1_102' title="bbox 259 4990 3595 5087">
     <span class='ocr_line' id='line_1_102' title="bbox 259 4990 3595 5087; baseline 0.001 -31"><span class='ocrx_word' id='word_1_728' title='bbox 259 5021 485 5073; x_wconf 80' lang='grc' dir='ltr'>σματος</span> <span class='ocrx_word' id='word_1_729' title='bbox 514 5002 731 5072; x_wconf 82' lang='grc' dir='ltr'>ἄφεσιν,</span> <span class='ocrx_word' id='word_1_730' title='bbox 758 4998 870 5072; x_wconf 77' lang='grc' dir='ltr'><strong>ᾧγε</strong></span> <span class='ocrx_word' id='word_1_731' title='bbox 903 5006 1073 5075; x_wconf 77' lang='grc' dir='ltr'>μηδὲν</span> <span class='ocrx_word' id='word_1_732' title='bbox 1103 5002 1247 5078; x_wconf 80' lang='grc' dir='ltr'>ἦμεν</span> <span class='ocrx_word' id='word_1_733' title='bbox 1269 5008 1603 5079; x_wconf 83' lang='grc' dir='ltr'>ὑπεύθυνοι;</span> <span class='ocrx_word' id='word_1_734' title='bbox 1644 5014 1705 5065; x_wconf 76' lang='grc' dir='ltr'><strong>οὐ</strong></span> <span class='ocrx_word' id='word_1_735' title='bbox 1757 5017 1868 5087; x_wconf 76' lang='grc' dir='ltr'><strong>γὰρ</strong></span> <span class='ocrx_word' id='word_1_736' title='bbox 1909 5018 2198 5084; x_wconf 86' lang='grc' dir='ltr'>κτίσματι,</span> <span class='ocrx_word' id='word_1_737' title='bbox 2269 5010 2404 5062; x_wconf 84' lang='grc' dir='ltr'>ἀλλὰ</span> <span class='ocrx_word' id='word_1_738' title='bbox 2454 5006 2573 5076; x_wconf 82' lang='grc' dir='ltr'><strong>Θεῷ</strong></span> <span class='ocrx_word' id='word_1_739' title='bbox 2625 5006 2878 5074; x_wconf 73' lang='grc' dir='ltr'>ἥμαρτεν</span> <span class='ocrx_word' id='word_1_740' title='bbox 2913 5001 3224 5068; x_wconf 79' lang='grc' dir='ltr'>ἄνθρωπος,</span> <span class='ocrx_word' id='word_1_741' title='bbox 3287 5000 3387 5068; x_wconf 77' lang='grc' dir='ltr'><strong>τὴν</strong></span> <span class='ocrx_word' id='word_1_742' title='bbox 3449 4990 3595 5060; x_wconf 74' lang='grc' dir='ltr'><strong>παρ’</strong></span> 
     </span>
    </p>
   </div>
   <div class='ocr_carea' id='block_1_103' title="bbox 258 5090 3569 5179">
    <p class='ocr_par' dir='ltr' id='par_1_103' title="bbox 258 5090 3569 5179">
     <span class='ocr_line' id='line_1_103' title="bbox 258 5090 3569 5179; baseline 0.001 -33"><span class='ocrx_word' id='word_1_743' title='bbox 258 5093 443 5146; x_wconf 82' lang='grc' dir='ltr'>αὐτοῦ</span> <span class='ocrx_word' id='word_1_744' title='bbox 478 5094 775 5166; x_wconf 81' lang='grc' dir='ltr'>δεδομένην</span> <span class='ocrx_word' id='word_1_745' title='bbox 808 5098 868 5150; x_wconf 81' lang='grc' dir='ltr'><strong>οὐ</strong></span> <span class='ocrx_word' id='word_1_746' title='bbox 902 5099 1226 5171; x_wconf 81' lang='grc' dir='ltr'>τετηρηκὼς</span> <span class='ocrx_word' id='word_1_747' title='bbox 1267 5101 1509 5173; x_wconf 77' lang='grc' dir='ltr'>ἐντολήν.</span> <span class='ocrx_word' id='word_1_748' title='bbox 1547 5103 1610 5157; x_wconf 84' lang='grc' dir='ltr'>Τί</span> <span class='ocrx_word' id='word_1_749' title='bbox 1641 5102 1736 5160; x_wconf 82' lang='grc' dir='ltr'><strong>οὖν</strong></span> <span class='ocrx_word' id='word_1_750' title='bbox 1765 5108 1868 5179; x_wconf 82' lang='grc' dir='ltr'>ἐμὲ</span> <span class='ocrx_word' id='word_1_751' title='bbox 1905 5109 2000 5162; x_wconf 85' lang='grc' dir='ltr'><strong>τοῦ</strong></span> <span class='ocrx_word' id='word_1_752' title='bbox 2026 5107 2223 5178; x_wconf 82' lang='grc' dir='ltr'>χρέους</span> <span class='ocrx_word' id='word_1_753' title='bbox 2272 5102 2502 5158; x_wconf 83' lang='grc' dir='ltr'>ἀπολύει</span> <span class='ocrx_word' id='word_1_754' title='bbox 2543 5100 2705 5168; x_wconf 83' lang='grc' dir='ltr'>φύσις</span> <span class='ocrx_word' id='word_1_755' title='bbox 2776 5097 2996 5166; x_wconf 81' lang='grc' dir='ltr'>κτιστὴ,</span> <span class='ocrx_word' id='word_1_756' title='bbox 3042 5090 3108 5165; x_wconf 80' lang='grc' dir='ltr'>ἧς</span> <span class='ocrx_word' id='word_1_757' title='bbox 3153 5094 3439 5165; x_wconf 80' lang='grc' dir='ltr'>ὑπόχρεως</span> <span class='ocrx_word' id='word_1_758' title='bbox 3510 5096 3569 5148; x_wconf 80' lang='grc' dir='ltr'><strong>οὐ</strong></span> 
     </span>
    </p>
   </div>
   <div class='ocr_carea' id='block_1_104' title="bbox 263 5188 624 5257">
    <p class='ocr_par' dir='ltr' id='par_1_104' title="bbox 263 5188 624 5257">
     <span class='ocr_line' id='line_1_104' title="bbox 263 5188 624 5257; baseline -0.006 0"><span class='ocrx_word' id='word_1_759' title='bbox 263 5188 584 5257; x_wconf 72' lang='grc' dir='ltr'>γεγένημαι</span> <span class='ocrx_word' id='word_1_760' title='bbox 609 5205 624 5255; x_wconf 88' lang='grc'><strong>;</strong></span> 
     </span>
    </p>
   </div>
   <div class='ocr_carea' id='block_1_105' title="bbox 341 5366 860 5433">
    <p class='ocr_par' dir='ltr' id='par_1_105' title="bbox 341 5366 860 5433">
     <span class='ocr_line' id='line_1_105' title="bbox 341 5366 860 5433; baseline 0 -11"><span class='ocrx_word' id='word_1_761' title='bbox 341 5370 394 5402; x_wconf 77' lang='grc'><strong>⁸⁸</strong></span> <span class='ocrx_word' id='word_1_762' title='bbox 434 5366 477 5422; x_wconf 87' lang='lat' dir='ltr'><strong>ll</strong></span> <span class='ocrx_word' id='word_1_763' title='bbox 500 5366 634 5423; x_wconf 91' lang='lat' dir='ltr'><strong>Cor.</strong></span> <span class='ocrx_word' id='word_1_764' title='bbox 663 5383 746 5433; x_wconf 84' lang='lat' dir='ltr'><strong>tu,</strong></span> <span class='ocrx_word' id='word_1_765' title='bbox 771 5368 860 5422; x_wconf 75' lang='lat' dir='ltr'><strong>i7.</strong></span> 
     </span>
    </p>
   </div>
   <div class='ocr_carea' id='block_1_106' title="bbox 1806 5445 2085 5519">
    <p class='ocr_par' dir='ltr' id='par_1_106' title="bbox 1806 5445 2085 5519">
     <span class='ocr_line' id='line_1_106' title="bbox 1806 5445 2085 5519; baseline 0.007 -2"><span class='ocrx_word' id='word_1_766' title='bbox 1806 5461 2044 5519; x_wconf 74' lang='lat' dir='ltr'><strong>NOTAE.</strong></span> <span class='ocrx_word' id='word_1_767' title='bbox 2081 5445 2085 5448; x_wconf 50' lang='lat'><em>‘</em></span> 
     </span>
    </p>
   </div>
   <div class='ocr_carea' id='block_1_107' title="bbox 345 5550 1875 5625">
    <p class='ocr_par' dir='ltr' id='par_1_107' title="bbox 345 5550 1875 5625">
     <span class='ocr_line' id='line_1_107' title="bbox 345 5550 1875 5625; baseline 0.004 -19"><span class='ocrx_word' id='word_1_768' title='bbox 345 5552 427 5623; x_wconf 88' lang='lat'><strong>(8)</strong></span> <span class='ocrx_word' id='word_1_769' title='bbox 470 5550 570 5606; x_wconf 78' lang='lat' dir='ltr'><strong>Dei</strong></span> <span class='ocrx_word' id='word_1_770' title='bbox 597 5568 916 5625; x_wconf 17' lang='lat' dir='ltr'><strong>Acougeneres</strong></span> <span class='ocrx_word' id='word_1_771' title='bbox 945 5553 1364 5606; x_wconf 80' lang='lat' dir='ltr'><strong>constituimur?</strong></span> <span class='ocrx_word' id='word_1_772' title='bbox 1408 5553 1712 5625; x_wconf 75' lang='grc' dir='ltr'>Σύμφυτοι.</span> <span class='ocrx_word' id='word_1_773' title='bbox 1747 5556 1875 5612; x_wconf 79' lang='lat' dir='ltr'><strong>Vul-</strong></span> 
     </span>
    </p>
   </div>
   <div class='ocr_carea' id='block_1_108' title="bbox 264 5623 1186 5697">
    <p class='ocr_par' dir='ltr' id='par_1_108' title="bbox 264 5623 1186 5697">
     <span class='ocr_line' id='line_1_108' title="bbox 264 5623 1186 5697; baseline -0.002 -19"><span class='ocrx_word' id='word_1_774' title='bbox 264 5635 402 5697; x_wconf 76' lang='lat' dir='ltr'><strong>gata</strong></span> <span class='ocrx_word' id='word_1_775' title='bbox 431 5623 803 5697; x_wconf 62' lang='lat' dir='ltr'><strong>cqgnplautati.</strong></span> <span class='ocrx_word' id='word_1_776' title='bbox 832 5623 988 5677; x_wconf 77' lang='lat' dir='ltr'><strong>Rom.</strong></span> <span class='ocrx_word' id='word_1_777' title='bbox 1021 5640 1093 5687; x_wconf 80' lang='lat' dir='ltr'><strong>vr,</strong></span> <span class='ocrx_word' id='word_1_778' title='bbox 1134 5625 1186 5676; x_wconf 74' lang='lat'><strong>5.</strong></span> 
     </span>
    </p>
   </div>
   <div class='ocr_carea' id='block_1_109' title="bbox 348 5694 1876 5767">
    <p class='ocr_par' dir='ltr' id='par_1_109' title="bbox 348 5694 1876 5767">
     <span class='ocr_line' id='line_1_109' title="bbox 348 5694 1876 5767; baseline 0.003 -20"><span class='ocrx_word' id='word_1_779' title='bbox 348 5695 427 5762; x_wconf 74' lang='lat'><strong>(9)</strong></span> <span class='ocrx_word' id='word_1_780' title='bbox 471 5694 532 5747; x_wconf 78' lang='lat' dir='ltr'><strong>Si</strong></span> <span class='ocrx_word' id='word_1_781' title='bbox 568 5705 878 5760; x_wconf 80' lang='lat' dir='ltr'><strong>corruptum</strong></span> <span class='ocrx_word' id='word_1_782' title='bbox 925 5709 1016 5760; x_wconf 86' lang='lat' dir='ltr'><strong>per</strong></span> <span class='ocrx_word' id='word_1_783' title='bbox 1070 5705 1393 5767; x_wconf 71' lang='lat' dir='ltr'><strong>creaturam.</strong></span> <span class='ocrx_word' id='word_1_784' title='bbox 1431 5694 1501 5749; x_wconf 86' lang='lat' dir='ltr'><strong>Ut</strong></span> <span class='ocrx_word' id='word_1_785' title='bbox 1537 5696 1682 5767; x_wconf 86' lang='lat' dir='ltr'><strong>quod</strong></span> <span class='ocrx_word' id='word_1_786' title='bbox 1713 5697 1876 5752; x_wconf 92' lang='lat' dir='ltr'><strong>indu-</strong></span> 
     </span>
    </p>
   </div>
   <div class='ocr_carea' id='block_1_110' title="bbox 264 5764 1876 5830">
    <p class='ocr_par' dir='ltr' id='par_1_110' title="bbox 264 5764 1876 5830">
     <span class='ocr_line' id='line_1_110' title="bbox 264 5764 1876 5830; baseline 0.004 -12"><span class='ocrx_word' id='word_1_787' title='bbox 264 5764 452 5830; x_wconf 61' lang='lat' dir='ltr'><strong>liium,</strong></span> <span class='ocrx_word' id='word_1_788' title='bbox 488 5775 542 5818; x_wconf 90' lang='lat' dir='ltr'><strong>et</strong></span> <span class='ocrx_word' id='word_1_789' title='bbox 573 5767 928 5819; x_wconf 67' lang='lat' dir='ltr'><strong>manifestum</strong></span> <span class='ocrx_word' id='word_1_790' title='bbox 958 5773 1063 5826; x_wconf 81' lang='lat' dir='ltr'><strong>est,</strong></span> <span class='ocrx_word' id='word_1_791' title='bbox 1087 5765 1451 5827; x_wconf 88' lang='lat' dir='ltr'><strong>demonstret,</strong></span> <span class='ocrx_word' id='word_1_792' title='bbox 1479 5764 1738 5823; x_wconf 82' lang='lat' dir='ltr'><strong>obscuris</strong></span> <span class='ocrx_word' id='word_1_793' title='bbox 1769 5772 1876 5824; x_wconf 88' lang='lat' dir='ltr'><strong>uti-</strong></span> 
     </span>
    </p>
   </div>
   <div class='ocr_carea' id='block_1_111' title="bbox 271 5835 1875 5905">
    <p class='ocr_par' dir='ltr' id='par_1_111' title="bbox 271 5835 1875 5905">
     <span class='ocr_line' id='line_1_111' title="bbox 271 5835 1875 5905; baseline 0.005 -17"><span class='ocrx_word' id='word_1_794' title='bbox 271 5845 392 5899; x_wconf 86' lang='lat' dir='ltr'><strong>tur,</strong></span> <span class='ocrx_word' id='word_1_795' title='bbox 449 5844 505 5890; x_wconf 87' lang='lat' dir='ltr'><strong>ct</strong></span> <span class='ocrx_word' id='word_1_796' title='bbox 561 5835 789 5890; x_wconf 87' lang='lat' dir='ltr'><strong>minimc</strong></span> <span class='ocrx_word' id='word_1_797' title='bbox 850 5835 987 5891; x_wconf 82' lang='lat' dir='ltr'><strong>ratis</strong></span> <span class='ocrx_word' id='word_1_798' title='bbox 1021 5853 1034 5888; x_wconf 89' lang='lat'><strong>:</strong></span> <span class='ocrx_word' id='word_1_799' title='bbox 1068 5847 1282 5905; x_wconf 88' lang='lat' dir='ltr'><strong>poterat</strong></span> <span class='ocrx_word' id='word_1_800' title='bbox 1344 5838 1611 5905; x_wconf 85' lang='lat' dir='ltr'><strong>siquidem</strong></span> <span class='ocrx_word' id='word_1_801' title='bbox 1668 5843 1875 5905; x_wconf 88' lang='lat' dir='ltr'><strong>homo.</strong></span> 
     </span>
    </p>
   </div>
   <div class='ocr_carea' id='block_1_112' title="bbox 1983 5553 3592 5628">
    <p class='ocr_par' dir='ltr' id='par_1_112' title="bbox 1983 5553 3592 5628">
     <span class='ocr_line' id='line_1_112' title="bbox 1983 5553 3592 5628; baseline -0.001 -18"><span class='ocrx_word' id='word_1_802' title='bbox 1983 5555 2239 5628; x_wconf 79' lang='lat' dir='ltr'><strong>quamvis</strong></span> <span class='ocrx_word' id='word_1_803' title='bbox 2273 5553 3022 5628; x_wconf 83' lang='lat' dir='ltr'><strong>imperfecte,_satist‘accre,</strong></span> <span class='ocrx_word' id='word_1_804' title='bbox 3050 5554 3156 5628; x_wconf 86' lang='lat' dir='ltr'><strong>nisi</strong></span> <span class='ocrx_word' id='word_1_805' title='bbox 3207 5553 3394 5628; x_wconf 83' lang='lat' dir='ltr'><strong>alti_ori</strong></span> <span class='ocrx_word' id='word_1_806' title='bbox 3443 5569 3592 5628; x_wconf 80' lang='lat' dir='ltr'><strong>com-</strong></span> 
     </span>
    </p>
   </div>
   <div class='ocr_carea' id='block_1_113' title="bbox 1986 5625 3592 5700">
    <p class='ocr_par' dir='ltr' id='par_1_113' title="bbox 1986 5625 3592 5700">
     <span class='ocr_line' id='line_1_113' title="bbox 1986 5625 3592 5700; baseline -0.004 -17"><span class='ocrx_word' id='word_1_807' title='bbox 1986 5625 2315 5700; x_wconf 77' lang='lat' dir='ltr'><strong>pensatione</strong></span> <span class='ocrx_word' id='word_1_808' title='bbox 2349 5625 2452 5700; x_wconf 73' lang='lat' dir='ltr'><strong>sibi</strong></span> <span class='ocrx_word' id='word_1_809' title='bbox 2489 5625 2751 5680; x_wconf 83' lang='lat' dir='ltr'><strong>satisfieri</strong></span> <span class='ocrx_word' id='word_1_810' title='bbox 2773 5627 2887 5700; x_wconf 86' lang='lat' dir='ltr'><strong>Deo</strong></span> <span class='ocrx_word' id='word_1_811' title='bbox 2915 5627 3222 5695; x_wconf 86' lang='lat' dir='ltr'><strong>placuisset</strong></span> <span class='ocrx_word' id='word_1_812' title='bbox 3251 5625 3434 5700; x_wconf 80' lang='lat' dir='ltr'><strong>:Deus</strong></span> <span class='ocrx_word' id='word_1_813' title='bbox 3451 5627 3592 5678; x_wconf 78' lang='lat' dir='ltr'><strong>enim</strong></span> 
     </span>
    </p>
   </div>
   <div class='ocr_carea' id='block_1_114' title="bbox 1985 5698 3593 5769">
    <p class='ocr_par' dir='ltr' id='par_1_114' title="bbox 1985 5698 3593 5769">
     <span class='ocr_line' id='line_1_114' title="bbox 1985 5698 3593 5769; baseline -0.003 -17"><span class='ocrx_word' id='word_1_814' title='bbox 1985 5698 2078 5769; x_wconf 70' lang='lat' dir='ltr'><strong>per</strong></span> <span class='ocrx_word' id='word_1_815' title='bbox 2109 5714 2263 5751; x_wconf 84' lang='lat' dir='ltr'><strong>suam</strong></span> <span class='ocrx_word' id='word_1_816' title='bbox 2295 5699 2702 5769; x_wconf 78' lang='lat' dir='ltr'><strong>omnipotentem</strong></span> <span class='ocrx_word' id='word_1_817' title='bbox 2758 5698 3009 5769; x_wconf 69' lang='lat' dir='ltr'><strong>virtutem</strong></span> <span class='ocrx_word' id='word_1_818' title='bbox 3051 5706 3280 5769; x_wconf 37' lang='lat' dir='ltr'><strong>poterat”</strong></span> <span class='ocrx_word' id='word_1_819' title='bbox 3304 5698 3593 5748; x_wconf 77' lang='lat' dir='ltr'><strong>humanam</strong></span> 
     </span>
    </p>
   </div>
   <div class='ocr_carea' id='block_1_115' title="bbox 1987 5766 3591 5890">
    <p class='ocr_par' dir='ltr' id='par_1_115' title="bbox 1987 5766 3591 5890">
     <span class='ocr_line' id='line_1_115' title="bbox 1987 5766 3591 5890; baseline -0.002 -67"><span class='ocrx_word' id='word_1_820' title='bbox 1987 5766 2242 5890; x_wconf 59' lang='lat' dir='ltr'><strong>natura&quot;;</strong></span> <span class='ocrx_word' id='word_1_821' title='bbox 2273 5768 2610 5890; x_wconf 49' lang='lat' dir='ltr'><strong>multiszaliis</strong></span> <span class='ocrx_word' id='word_1_822' title='bbox 2649 5768 2819 5823; x_wconf 78' lang='lat' dir='ltr'><strong>modis</strong></span> <span class='ocrx_word' id='word_1_823' title='bbox 2843 5784 3114 5837; x_wconf 76' lang='lat' dir='ltr'><strong>reparare.</strong></span> <span class='ocrx_word' id='word_1_824' title='bbox 3145 5766 3204 5820; x_wconf 86' lang='grc' dir='ltr'>ι).</span> <span class='ocrx_word' id='word_1_825' title='bbox 3239 5766 3481 5822; x_wconf 87' lang='lat' dir='ltr'><strong>Thomas</strong></span> <span class='ocrx_word' id='word_1_826' title='bbox 3509 5782 3591 5831; x_wconf 89' lang='lat' dir='ltr'><strong>tu,</strong></span> 
     </span>
     <span class='ocr_line' id='line_1_116' title="bbox 1987 5848 2508 5890; baseline 0 0"><span class='ocrx_word' id='word_1_827' title='bbox 1987 5848 2182 5890; x_wconf 69' lang='lat' dir='ltr'><strong>uumst.</strong></span> <span class='ocrx_word' id='word_1_828' title='bbox 2258 5880 2270 5890; x_wconf 96' lang='lat'><strong>.</strong></span> <span class='ocrx_word' id='word_1_829' title='bbox 2307 5848 2414 5890; x_wconf 81' lang='lat' dir='ltr'><strong>art.</strong></span> <span class='ocrx_word' id='word_1_830' title='bbox 2494 5879 2508 5890; x_wconf 90' lang='lat'><strong>.</strong></span> 
     </span>
    </p>
   </div>
   <div class='ocr_carea' id='block_1_116' title="bbox 1986 5840 2508 5907">
    <p class='ocr_par' dir='ltr' id='par_1_116' title="bbox 1986 5840 2508 5907">
     <span class='ocr_line' id='line_1_117' title="bbox 1986 5840 2508 5907; baseline 0 -14"><span class='ocrx_word' id='word_1_831' title='bbox 1986 5848 2182 5907; x_wconf 57' lang='lat' dir='ltr'><strong>quast.</strong></span> <span class='ocrx_word' id='word_1_832' title='bbox 2221 5840 2270 5905; x_wconf 77' lang='lat' dir='ltr'><strong>i,</strong></span> <span class='ocrx_word' id='word_1_833' title='bbox 2307 5848 2414 5892; x_wconf 81' lang='lat' dir='ltr'><strong>art.</strong></span> <span class='ocrx_word' id='word_1_834' title='bbox 2454 5840 2508 5893; x_wconf 73' lang='lat'><strong>2.</strong></span> 
     </span>
    </p>
   </div>
  </div>
