4086 6298
390 281 493 348 143

1607 294 1891 357 LEONIS
1930 295 2069 357 PH-I
2080 292 2415 356 LOSOPHI

3554 285 3721 348 ἰιι

472 397 579 454 Vos
610 397 798 470 igitur,
825 398 922 469 qui
958 398 1030 456 de
1070 407 1265 456 sancta
1299 398 1501 456 Triade
1532 408 1643 456 tam
1671 403 1862 475 inique
1895 418 1997 459 co-
2019 437 2035 467 λ

2169 403 2456 477 Μηδαμῶς
2484 402 2601 471 οὖν,
2631 397 2679 458 ὧ
2710 403 2917 469 ἀδίκως
2951 403 3055 475 μὲν
3083 400 3217 474 περὶ
3235 399 3468 473 Τριάδος
3497 396 3729 467 λογιζό-

394 490 606 559 gitatis,
640 498 696 544 et
742 490 899 546 vobis
948 490 1088 560 ipsis
1135 498 1248 546 tam
1300 492 1443 548 male
1474 494 1791 562 consulitis,
1825 498 1999 555 nolite

397 584 667 654 Spiritum
717 582 890 651 gloria
925 597 1027 639 sua
1058 582 1317 640 fraudare
1342 624 1358 650 ,
1392 586 1477 642 vel
1525 588 1841 658 aequalitate
1873 604 2000 645 cum

396 674 581 743 Patre,
621 682 676 730 et
704 673 867 743 Filio,
900 691 1143 747 eumque
1165 677 1349 732 ordini
1380 687 1766 736 creaturarum
1799 696 2001 739 accen-

398 783 539 823 scrc.
592 765 888 838 Dignitatis
946 782 1061 824 sua:
1110 769 1548 841 magnitudinem
1597 774 1900 828 vereamini
1954 774 2002 830 si

400 873 510 913 non
535 868 760 929 propter
819 858 957 916 alias
1018 862 1185 917 vultis
1245 878 1446 919 causas
1484 865 1557 920 ob
1610 866 1746 920 illud
1781 867 2000 935 saltem,

400 951 547 1018 quod
582 949 821 1007 Verbum
853 953 1033 1023 ipsum
1068 955 1549 1012 consubstantialc
1570 958 1636 1013 de
1666 972 1733 1013 eo
1756 959 2009 1015 testimo-

400 1044 557 1097 nium
610 1044 858 1113 pr0_t,ulit.
905 1043 1129 1112 Euntes,
1161 1047 1306 1101 dixit
1358 1048 1490 1115 illis,
1520 1049 1747 1121 quibus,
1781 1064 1909 1105 cum
1938 1049 2009 1106 ad

402 1133 636 1214 Patrem
679 1137 1048 1202 ascenderet,
1101 1139 1472 1195 ministerium
1522 1141 1776 1211 tradidit,
1824 1151 2009 1198 euntes

403 1225 587 1282 docete
616 1245 795 1282 omnes
825 1238 1003 1299 gentes
1027 1271 1042 1295 ,
1081 1230 1416 1301 baptizantes
1449 1250 1539 1288 eas
1575 1234 1631 1288 in
1666 1234 1876 1294 nomine
1902 1232 2014 1288 Pa-

410 1318 530 1383 tris,
571 1327 623 1372 et
658 1316 791 1371 Filii
815 1360 829 1383 ,
865 1329 914 1372 et
953 1318 1187 1388 Spiritus
1222 1322 1485 1377 sancti“.
1528 1324 1635 1389 Qui
1673 1339 1869 1380 servus
1903 1334 2009 1393 est,

408 1410 784 1466 dominantem
839 1411 1069 1481 gradum
1122 1414 1459 1486 participare
1493 1432 1601 1471 non
1628 1424 1851 1486 potest;
1903 1432 2012 1473 non

409 1518 541 1572 ergo
576 1511 634 1557 ut
666 1519 884 1572 servus,
915 1505 1009 1559 sed
1044 1515 1105 1560 ut
1134 1507 1543 1565 condominans
1592 1510 1647 1564 in
1698 1525 1825 1567 eum
1858 1510 2015 1565 ordi-

412 1610 538 1650 nem
591 1594 832 1665 Spiritus
885 1598 1233 1654 assumitur:
1273 1608 1534 1671 tanquam
1588 1600 1796 1673 collega
1826 1603 1896 1656 ad
1928 1602 2015 1657 in-

411 1686 816 1741 staurationem
852 1697 1123 1742 creaturae
1152 1687 1471 1754 adhibetur,
1506 1701 1770 1762 tanquam
1816 1691 2018 1748 divinae

414 1778 605 1846 gloriae
630 1792 766 1845 suae,
799 1793 907 1835 non
939 1780 1167 1835 alterius
1198 1780 1491 1853 cujusdam
1512 1824 1531 1849 ,
1562 1785 2013 1841 communionem
2045 1768 2089 1824 Β

416 1868 668 1940 largitur.
698 1884 731 1925 a
778 1887 887 1941 qua
914 1910 929 1937 ,
961 1872 1005 1926 si
1038 1871 1242 1941 impios
1275 1874 1548 1945 quosdam
1591 1874 1788 1931 audias
1810 1916 1826 1937 ,
1861 1876 2020 1932 abest

411 1963 555 2031 ipse.
591 1960 877 2034 Tanquam
925 1965 1171 2035 optimus
1213 1966 1517 2022 bonitatem
1552 1969 1859 2039 germinat,
1891 1977 2019 2023 tan-

416 2069 583 2126 quam
623 2056 1016 2113 sanctissimus
1053 2057 1407 2112 sanctitatem
1458 2058 1715 2126 ell'undit,
1752 2067 2016 2130 tanquam

2110 512 2284 567 μενοι,
2303 495 2622 565 ἐπισφαλῶς
2650 496 2706 549 δὲ
2720 496 2790 550 τά
2812 496 2994 549 οἰκεῖα
3014 493 3373 557 διατιθέντες,
3386 492 3487 562 τῆς
3502 488 3724 553 οίκείας

2106 586 2269 660 δόξης
2294 589 2650 660 ἀποστερεῖτε
2671 588 2733 641 τὸ
2758 586 2987 656 Πνεῦμα
3018 601 3032 616 ·
3062 586 3201 659 μηδὲ
3234 587 3334 657 τῆς
3361 584 3554 655 θεῖκῆς
3591 583 3721 637 Πα-

2106 680 2237 751 τρὸς
2268 679 2365 735 καὶ
2386 681 2517 734 Υίοῡ
2557 680 2874 744 διιστῶντες
2898 679 3195 750 ἰσοτιμίας,
3218 680 3287 749 τῇ
3310 675 3423 730 τῶν
3470 672 3721 745 κτισμά-

2108 790 2220 828 των
2247 773 2401 839 τάξει
2430 773 2871 843 καταμιγνύητε.
2917 770 3295 842 Δυσωπήθητε
3325 768 3388 823 τδ
3421 767 3723 839 μεγαλεῖον

2110 866 2206 920 τοῦ
2260 864 2597 936 ἀξιώματος,
2651 867 2700 918 εί
2761 866 2905 935 μήγε
2953 863 3020 916 ὲκ
3054 864 3165 918 τῶν
3200 861 3380 917 ἄλλων
3421 859 3719 931 βούλησθε,

2112 960 2231 1015 ἀλλ’
2280 958 2340 1026 ἐξ
2364 954 2435 1031 ἦς
2466 960 2497 1011 ὁ
2529 958 2806 1029 συγγενὴς
2832 957 3006 1026 Λόγος
3037 957 3126 1011 διὰ
3162 952 3475 1027 μαρτυρίας
3506 951 3723 1022 προφέ-

2115 1067 2292 1125 ρεται.
2325 1048 2750 1119 Πορευθέντες,
2793 1048 2985 1119 φησὶν,
3033 1042 3137 1113 οἷς,
3190 1045 3528 1117 ἀναληφθεὶς
3580 1042 3724 1113 πρὸς

2112 1144 2209 1198 τὸν
2235 1142 2479 1212 Πατέρα,
2505 1141 2606 1211 τὴν
2634 1140 2916 1196 διακονίαν
2965 1138 3264 1213 παρέθετο,
3290 1136 3724 1208 μαθητεύσατε

2115 1235 2319 1289 πάντα
2385 1236 2461 1288 τὰ
2510 1234 2693 1299 ἔθνη,
2744 1230 3146 1299 βαπτίζοντες
3204 1230 3434 1297 αὐτοὺς
3499 1231 3587 1295 είς
3649 1226 3724 1283 τὸ

2117 1324 2311 1392 ὄνομα
2353 1322 2462 1377 τοῦ
2506 1322 2742 1392 Πατρὸς
2772 1322 2874 1376 καί
2925 1322 3036 1377 τοῦ
3090 1321 3233 1377 Υίοῦ
3261 1320 3364 1375 καὶ
3393 1319 3505 1375 τοῦ
3542 1318 3724 1387 ἁγίου

2117 1414 2491 1483 Πνεῦματος.
2569 1412 2649 1469 Oti
2715 1411 2942 1469 δύναται
3005 1411 3335 1483 δεσποτικῆς
3414 1410 3727 1478 συντάξεως

2118 1509 2180 1561 τὸ
2211 1506 2400 1561 δοῦλον
2433 1506 2894 1579 μεταλαγχάνειν.
2935 1506 3027 1571 Ὦς
3062 1505 3431 1561 συνδέσποτον
3458 1499 3577 1569 οὖν,
3606 1501 3724 1558 ἀλλ’

2119 1598 2219 1669 οὐχ
2251 1598 2329 1662 ὡς
2369 1597 2556 1651 δοῦλον
2604 1597 2686 1662 είς
2731 1597 2834 1669 τὴν
2881 1596 3139 1662 σύνταξιν
3186 1595 3723 1669 παραλαμϐάνεται⁹

2120 1691 2197 1756 ὼς
2228 1692 2665 1764 συνδημιουργδν
2694 1692 2797 1764 τὴν
2827 1692 3135 1747 ἀνάπλασιν
3168 1690 3267 1745 τοῦ
3297 1690 3728 1762 δημιουργήμα-

2116 1802 2210 1850 τος
2236 1785 2666 1857 συνεργάζεται·
2721 1784 2800 1849 ὡς
2823 1784 2958 1848 Θεὸς
2990 1786 3093 1856 τῆς
3120 1783 3321 1840 ἑαυτοῦ
3354 1783 3516 1847 ,θείας
3541 1780 3729 1853 ϐόε-ης,

2116 1879 2407 1933 κοινωνίαν
2454 1879 2763 1950 χαρίζεται,
2809 1878 2927 1934 ἀλλ’
2968 1878 3068 1949 οὐχ
3098 1878 3291 1951 ἐτέρου
3339 1877 3506 1941 ποθὲν
3538 1876 3726 1947 δόξης,

2116 1965 2187 2041 ἦς
2203 1970 2345 2024 κατὰ
2365 1970 2459 2026 τὸν
2490 1970 2729 2042 δυσσεϐῆ
2774 1971 2934 2041 λόγον
2985 1971 3227 2043 ὑπάρχει
3284 1968 3593 2041 ἀλλότριον.
3636 1968 3732 2032 Ὦς

2118 2062 2471 2135 ὑπεράγαθον
2517 2062 2675 2134 βρύει
2728 2063 2829 2134 τὴν
2890 2062 3233 2133 ἀγαθότητα,
3290 2060 3369 2126 ὡς
3427 2057 3734 2131 ὑπεράγων

418 2156 637 2204 creator
660 2160 842 2205 creata
866 2150 1204 2205 sanctificat.
1231 2147 1456 2205 Minime
1487 2165 1622 2222 ergo
1652 2166 1750 2221 per
1773 2152 2017 2206 creatio-

2137 2154 2357 2225 ιηγάζει
2419 2153 2521 2224 τὴν
2580 2153 2871 2225 ἁγιότητα,
2959 2153 3038 2218 ὡς
3115 2152 3313 2206 κτίσαν
3379 2150 3600 2219 ἁγιάζει
3660 2150 3736 2205 τὰ

420 2255 544 2296 nem
579 2242 813 2297 exstitit.
844 2238 993 2295 Nihil
1035 2242 1205 2306 enim,
1246 2240 1393 2311 quod
1419 2250 1670 2297 creatum
1704 2243 1797 2311 sit,
1826 2243 2022 2299 simili-

2137 2247 2421 2317 ιτίσματα.
2465 2246 2747 2318 Οὑμενοῦν
2796 2245 2872 2309 ὡς
2936 2245 3026 2299 διὰ
3076 2244 3311 2308 κτίσεως
3362 2245 3445 2307 είς
3492 2241 3735 2312 ὓπαρξιν

420 2342 505 2387 ter
555 2336 763 2390 creatis
816 2334 1319 2391 sanctiﬁcationem
1372 2342 1555 2404 potest
1605 2335 1883 2403 tribuere;
1919 2334 2016 2405 qui

2137 2338 2336 2409 ταριόν.
2378 2338 2548 2391 Οὐδὲν
2586 2338 2695 2410 γὰρ
2742 2336 2856 2391 τῶν
2922 2337 3241 2408 κτισμάτων
3289 2337 3405 2399 τοῖς
3467 2335 3736 2406 μετέχου-

418 2428 567 2482 enim
616 2428 793 2495 ﬁeret,
820 2434 882 2483 ut
926 2432 1105 2492 daret,
1134 2427 1285 2499 quod
1334 2444 1447 2483 non
1490 2428 1761 2499 possidet,
1797 2437 1854 2485 et
1900 2444 2012 2501 quo

2137 2448 2197 2485 τιν
2240 2431 2508 2501 ὁμοτίμου
2566 2430 2802 2493 κτίσεως
2844 2429 3128 2501 ἀγιασμοῦ
3175 2428 3569 2500 μεταδίδωσιν*
3611 2425 3736 2488 πῶς

420 2527 671 2574 creatum
700 2534 866 2576 omne
894 2523 1183 2592 aequaliter
1212 2522 1409 2578 caret?

2137 2524 2240 2597 γὰρ
2284 2524 2499 2579 ἐκείνου
2529 2528 2825 2597 ποιήσεται
2864 2524 2966 2597 τὴν
3028 2522 3341 2597 μετάδοσιν,
3383 2520 3414 2577 ὃ
3468 2521 3546 2595 μὴ
3597 2505 3737 2591 παρ⁹

419 2610 618 2668 ἑαυτοῦ
647 2613 936 2685 κέκτηται,
977 2613 1071 2667 καὶ
1094 2609 1156 2669 οὗ
1187 2614 1589 2688 παραπλησίως
1626 2616 1774 2671 ἀπαν
1803 2615 2025 2671 κτιστδν
2053 2616 2361 2686 amamur;

492 2709 565 2763 At
594 2696 753 2773 diiit,
779 2709 844 2764 de
880 2726 992 2763 meo
1036 2711 1231 2780 accipit
1257 2726 1276 2765 :
1322 2710 1437 2782 (10)
1469 2713 1700 2782 pariter,
1731 2728 1897 2783 quem
1926 2729 2024 2783 ego

2212 2714 2355 2769 Ἀλλ’
2383 2715 2453 2770 ἐκ
2490 2712 2621 2787 [τοῦ
2651 2711 2826 2786 ehem?
2864 2712 3183 2784 λαμϐάνει,
3225 2711 3383 2783 φησὶ,
3415 2709 3512 2765 καὶ
3544 2707 3740 2781 δνὲγιὼ

423 2801 635 2855 mittam
664 2801 809 2856 vobis
835 2803 878 2833 ¹¹
903 2818 919 2867 ;
953 2812 1007 2857 et
1027 2802 1253 2867 similia,
1274 2819 1397 2873 qua:
1418 2803 1623 2874 iniquae
1639 2812 1903 2859 resonant
1930 2820 2029 2859 vo-

2137 2808 2349 2877 πέμψω
2388 2806 2557 2877 ὑμῖν,
2597 2807 2694 2862 καὶ
2723 2804 2933 2860 τοιαῦθ’
2957 2802 3217 2877 ἑτερατά
3238 2802 3399 2859 ἄδικα
3430 2801 3739 2871 φθέγγεται

421 2908 537 2961 ces,
581 2893 658 2958 id,
710 2890 859 2963 quod
911 2894 1252 2963 impietatem
1294 2898 1500 2967 arguit,
1561 2896 1616 2951 in
1669 2898 2031 2960 blasphemia:

2137 2900 2302 2971 χείλη,
2327 2901 2626 2970 συνήγορον
2645 2899 2714 2970 τῇ
2729 2896 3053 2969 βλασφημίᾳ
3069 2894 3386 2965 ποιούμενοι
3401 2894 3500 2966 τῆς
3518 2892 3733 2948 ἑαυτῶν

422 2984 734 3041 subsidium
780 2985 1143 3043 advocantes.
1188 2985 1393 3042 Verum
1443 3002 1553 3043 non
1604 2988 1769 3055 dixit,
1799 2989 1879 3044 De
1914 3005 2029 3044 meo

2137 2990 2453 3055 δυσσεϐείας
2480 2991 2576 3045 τὸν
2600 2988 2848 3061 ἔλεγχον.
2904 2989 3023 3043 Οὐκ
3066 2984 3248 3052 εἶπεν,
3291 2987 3399 3041 Ἐκ
3441 2985 3554 3041 τοῦ
3582 2984 3739 3053 ἐμοῦ

424 3079 640 3150 accipit,
660 3087 722 3133 ut
744 3087 804 3133 tu
837 3087 1164 3148 praetextum
1199 3080 1419 3150 injuriae
1452 3096 1727 3145 sumeres,
1762 3098 1942 3154 neque
1968 3090 2030 3138 ut

2137 3077 2447 3149 λαμϐάνει,
2472 3077 2566 3133 ἵνα
2600 3078 2667 3133 σὺ
2699 3077 2959 3150 ἀφορμὴν
3008 3076 3222 3148 ὕϐρεως
3248 3073 3425 3148 λάϐῃς
3453 3092 3469 3107 ’
3508 3076 3618 3128 οὐδ’
3647 3074 3742 3129 ίνα

425 3180 675 3241 putares,
712 3171 896 3243 ipsum
930 3179 1195 3243 tanquam
1226 3171 1519 3227 Dominum
1561 3187 1625 3227 ac
1655 3172 1883 3228 divitem
1917 3174 2031 3229 lar-

425 3263 567 3334 giri;
600 3263 869 3329 Spiritum
895 3279 1025 3318 vero
1053 3265 1203 3318 velut
1229 3280 1476 3325 servum,
1508 3272 1671 3334 atque
1693 3263 2031 3334 indigentem

428 3352 684 3423 accipere
721 3372 735 3408 :
778 3354 848 3408 iis
897 3354 1047 3408 enim
1081 3354 1265 3411 verbis
1296 3355 1525 3411 exhibet
1550 3355 1701 3424 quod
1738 3370 2036 3414 commune

427 3453 516 3501 est
565 3461 629 3500 ac
651 3446 1024 3514 indivisibile;
1052 3447 1246 3502 eodem
1266 3446 1428 3504 modo
1448 3447 1518 3503 de
1543 3447 1753 3517 Spiritu
1774 3450 2035 3520 loquens,

430 3553 498 3593 ac
526 3540 592 3593 de
625 3550 688 3594 se
716 3548 771 3594 et
807 3538 971 3593 Patre
1014 3540 1237 3595 locutus
1278 3550 1363 3595 est
1396 3558 1409 3594 :
1452 3540 1564 3612 Ego
1596 3542 1711 3597 verti
1741 3542 1799 3598 in
1826 3543 2040 3599 nomine

432 3631 622 3686 Patris
649 3632 752 3685 mei
781 3648 800 3685 :
828 3632 1055 3701 pariter,
1074 3629 1190 3702 Ego
1222 3642 1272 3686 te
1302 3633 1600 3703 clariﬁcavi
1620 3652 1776 3704 super
1798 3646 1996 3691 terram
2019 3653 2039 3691 :

432 3724 653 3789 deinde,
679 3722 898 3789 Omnia,
918 3741 1035 3794 qua:
1059 3724 1258 3778 dedisti
1282 3726 1434 3793 mihi,
1462 3726 1557 3782 abs
1583 3736 1632 3781 te
1653 3737 1819 3783 sunt:
1848 3743 2042 3786 rursus

434 3815 506 3872 de
536 3814 828 3887 discipulis
857 3817 1167 3886 speciatim,
1207 3817 1305 3872 Tui
1326 3826 1503 3883 erant,
1527 3828 1579 3874 et
1598 3818 1732 3874 mihi
1763 3818 1961 3874 dedisti
1976 3820 2041 3875 ".

435 3908 581 3975 Quid
614 3908 802 3980 ergo?
834 3924 969 3964 num
1013 3909 1145 3979 quia
1184 3910 1240 3965 in
1290 3910 1472 3967 Patris
1502 3914 1729 3967 nomine
1770 3912 1941 3978 venit,
1988 3919 2048 3967 et

437 4000 595 4056 illum
639 4000 938 4074 gloriﬁcat,
985 4009 1040 4058 et
1088 4002 1272 4061 omnia
1304 4002 1512 4074 accipit
1540 4003 1613 4059 ab
1647 4002 1764 4070 illo,
1795 4018 1923 4059 eum
1972 4001 2045 4057 ab

438 4092 629 4149 eadem
668 4101 868 4148 natura
914 4110 981 4150 ac
1029 4096 1294 4165 dignitate
1332 4096 1648 4153 excindes?
1691 4095 1766 4152 Ut
1816 4098 2049 4154 insanas

441 4188 741 4261 aliquando
762 4189 1130 4261 cogitationes
1150 4191 1391 4263 rejicias,
1410 4192 1543 4248 huic
1566 4192 1732 4247 etiam
1758 4192 2051 4248 sententia

441 4297 605 4339 aures
628 4284 918 4337 commoda
946 4300 958 4336 :
996 4282 1063 4337 Et
1088 4301 1203 4339 mea
1235 4286 1415 4338 omnia
1452 4297 1547 4340 tua
1565 4298 1710 4350 sunt,
1734 4293 1785 4339 et
1816 4294 1909 4340 tua
1932 4300 2051 4339 mea

440 4381 588 4439 sunt,
629 4381 680 4427 et
714 4373 1052 4442 clariﬁcatus
1092 4392 1211 4429 sum
1250 4376 1303 4428 in
1320 4376 1396 4430 eis
1422 4374 1489 4431 “.
1528 4374 1844 4431 Humilibus
1895 4390 2050 4430 men-

2136 3170 2301 3223 αὐτὸν
2331 3168 2432 3242 μὲν
2460 3168 2653 3240 οἰηθῇς
2679 3168 3021 3232 δεσποτικῶς
3053 3165 3392 3222 πλουτοῦντα
3429 3166 3651 3229 διδόναι,
3675 3165 3743 3221 τδ

2139 3260 2369 3332 Πνεῦμα
2397 3260 2456 3315 δὲ
2482 3259 2687 3333 χρῇζον
2712 3259 2979 3324 δουλικῶς
3000 3258 3327 3331 λαμϐάνειν,
3360 3256 3501 3313 ἀλλά
3524 3256 3588 3311 τὸ
3615 3274 3740 3311 κοι-
3780 3278 3784 3281 ν

2137 3356 2229 3411 νον
2249 3355 2358 3411 τῶν
2392 3355 2711 3428 προσόντων
2733 3355 2831 3409 καὶ
2856 3353 3159 3426 ἀμέριστον
3189 3350 3495 3424 παρίστησι
3517 3350 3608 3405 διά
3628 3349 3743 3406 τῶν

2139 3448 2485 3522 εἰρημένων
2517 3448 2681 3517 ὅμοια
2708 3447 2886 3515 λέγων
2935 3448 3065 3517 περὶ
3115 3445 3212 3500 τοῦ
3265 3443 3590 3516 Πνεύματος
3627 3444 3746 3509 τοῖς

2141 3539 2457 3610 εἰρημένοις
2486 3536 2637 3607 αὑτῷ
2659 3536 2790 3606 περὶ
2822 3536 2924 3605 τῆς
2967 3536 3107 3607 πρὸς
3153 3536 3246 3591 τὸν
3289 3534 3486 3591 ἑαυτοῦ
3518 3533 3749 3605 Πατέρα

2141 3630 2481 3701 οἰκειότητος
2507 3645 2522 3661 ο
2583 3628 2737 3698 Ἐγὼ
2782 3624 3059 3694 ἐλήλυθα
3104 3627 3175 3682 ἐν
3228 3630 3312 3696 τῷ
3350 3626 3602 3698 ὀνόματι
3634 3625 3748 3681 τοῦ

2144 3722 2381 3791 Πατρός
2399 3736 2550 3792 μου*
2585 3721 2702 3787 καὶ,
2732 3720 2878 3789 Ἐγώ
2912 3734 2989 3776 σε
3014 3720 3286 3786 ἐδόξασα
3309 3720 3414 3776 ἐπὶ
3444 3720 3560 3791 τῆς
3600 3710 3742 3792 ⁶γῆς.

2145 3814 2281 3880 Καὶ,
2311 3810 2519 3868 Πάντα
2543 3811 2665 3867 ὅσα
2684 3798 2953 3880 δέδωκάς
2979 3831 3083 3882 μοι
3116 3814 3277 3881 παρὰ
3303 3813 3421 3869 σοῦ
3442 3813 3598 3868 ἐστι.
3624 3812 3750 3867 Καὶ

2150 3902 2296 3968 ἰδίως
2321 3902 2420 3974 μὲν
2445 3902 2707 3975 περὶτῶν
2764 3901 3050 3973 μαθητῶν,
3109 3904 3212 3958 Σοί
3256 3902 3445 3972 ἦσαν,
3486 3901 3589 3957 καί
3615 3900 3749 3972 ἐμοὶ

2147 4000 2375 4067 αὐτοὺς
2398 4000 2684 4066 δέδωκας.
2711 4000 2778 4054 Τί
2807 3994 2932 4065 οὑνς
2960 3995 3051 4071 ἆρ’
3087 4000 3281 4071 ἐπειδὴ
3324 4000 3384 4054 ὲν
3413 3998 3492 4070 τῷ
3517 3999 3614 4053 τοῦ
3642 4000 3751 4053 Παο

2148 4093 2279 4164 τρδς
2306 4092 2568 4164 ἐλήλυθεν
2587 4091 2836 4163 ὀνόματι,
2864 4091 2962 4145 καὶ
2993 4090 3209 4156 δοξάζει
3238 4091 3428 4158 αὐτὸν,
3450 4091 3549 4145 καὶ
3569 4091 3753 4146 πάντα

2152 4189 2281 4261 παρ’
2314 4184 2481 4242 αὑτοῦ
2509 4186 2801 4257 λαμϐάνει,
2843 4184 3232 4257 ἀλλοτριώσεις
3283 4184 3448 4240 αὐτὸν
3486 4185 3582 4239 τοῦ
3632 4202 3753 4238 συν-

2151 4280 2437 4347 δεσπόζειν
2472 4280 2571 4334 καὶ
2596 4279 2698 4350 τῆς
2729 4279 3046 4350 συμφυΐαςς
3082 4278 3201 4333 ἀλλ’
3241 4278 3447 4342 ὑπόθες
3473 4277 3754 4343 κάκείνοις

2154 4376 2267 4438 τοῖς
2282 4373 2494 4446 ῥήμασι
2513 4372 2575 4425 τὸ
2588 4368 2705 4437 οὖς’
2720 4357 2831 4426 Καὶ
2844 4372 3046 4426 πάντα
3066 4373 3140 4425 τὰ
3153 4371 3269 4442 ἐμὰ
3290 4371 3375 4426 σά
3389 4370 3540 4437 ἐστι,
3562 4371 3663 4425 καί
3681 4371 3755 4425 τὰ

442 4472 553 4519 tcm
581 4477 775 4519 amove
804 4464 1257 4535 cogitationibus.
1284 4464 1365 4521 Ne
1390 4480 1640 4531 censeas,
1666 4465 1887 4520 Patrem
1916 4466 2035 4521 dare

2155 4464 2239 4517 σὰ
2268 4462 2403 4534 ἐμὰ,
2423 4462 2524 4517 καὶ
2550 4461 2923 4533 δεδόξασμαι
2955 4463 3028 4517 ἐν
3065 4463 3294 4529 αὐτοῖς.
3327 4462 3439 4517 Καὶ
3461 4461 3570 4517 τῶν
3602 4479 3754 4515 πενι-

447 4566 507 4611 ut
570 4554 856 4627 indigenti,
905 4557 1003 4612 sed
1046 4565 1106 4612 ut
1142 4558 1307 4621 simul
1354 4542 1664 4613 dominanti
1708 4556 2049 4625 concedere;

2159 4552 2310 4626 χρῶν
2355 4553 2628 4626 ἀπόστηθι
2672 4554 2975 4626 λογισμῶν.
3030 4556 3125 4627 Μὴ
3172 4554 3364 4626 νόμιζε
3400 4554 3493 4608 τὸν
3537 4553 3755 4625 Πατέρα

521 4714 562 4746 ⁸⁸
605 4713 803 4770 Matth.
830 4713 1140 4783 xxvut,i9.
1222 4714 1267 4746 ι’
1306 4711 1467 4768 Joan.
1494 4728 1609 4779 xvr,
1644 4712 1753 4779 15;
1782 4729 1874 4778 xv,
1914 4710 2006 4766 26.

2172 4710 2336 4767 Joan.
2367 4728 2422 4781 ν,
2452 4711 2562 4781 45;
2595 4728 2743 4781 xvu,
2773 4712 2828 4776 ι,
2858 4711 2916 4781 6,
2954 4715 3009 4770 7.
3084 4713 3129 4746 η
3168 4710 3334 4769 Joan.
3359 4729 3475 4768 χιιι
3504 4752 3521 4779 ,
3556 4712 3645 4767 l0.

1974 4801 2214 4858 NOTAE.

520 4899 636 4972 (10)
674 4899 754 4957 De
774 4916 891 4955 meo
915 4901 1125 4972 accipit.
1146 4899 1207 4955 in
1224 4899 1463 4972 vulgatis
1484 4900 1729 4972 textibus
1745 4898 1947 4969 legitur
1968 4897 2060 4971 λή-

446 4968 634 5042 ψεται,
667 4972 911 5040 accipiet.
944 4969 1105 5042 Joau.
1138 4986 1253 5034 xvr,
1289 4970 1379 5042 15.
1409 4968 1569 5026 Unde
1596 4968 1895 5041 arguentes
1915 4968 2054 5042 con}

450 5039 579 5111 tigit
635 5039 790 5096 mihi
828 5041 1100 5113 quosdam
1164 5039 1746 5113 ex_Gra3c_isaudire,
1778 5039 2058 5113 cumbam

451 5108 711 5175 Christus
778 5108 1009 5183 protulit
1039 5153 1074 5183 ,4
1114 5111 1356 5183 nondum
1394 5108 1703 5183 Spiritum,
1748 5109 2053 5183 accepisse.

453 5181 805 5252 Quapropter
829 5182 978 5254 quod
1028 5181 1195 5254 abeo
1226 5181 1592 5254 ac_cipit,’non
1626 5181 1920 5254 originem,
1953 5196 2053 5235 seu

453 5251 800 5308 divinitatem
847 5251 994 5317 esse,
1027 5251 1123 5309 sed
1158 5252 1393 5323 gratiam
1414 5294 1431 5315 ,
1461 5268 1628 5323 quam
1680 5251 1897 5315 deinde,
1916 5265 2052 5323 cum

452 5324 813 5380 Peutecostes
855 5324 946 5378 die
978 5320 1363 5382 descenderet.
1392 5330 1454 5377 ut
1480 5320 1555 5377 ’in
1592 5323 1845 5378 homines
1870 5320 2052 5377 ellun-

454 5396 633 5459 deret,
670 5396 913 5464 accepit.
957 5393 1072 5448 Hoc
1113 5401 1502 5463 argumentum
1529 5394 1689 5464 plane
1715 5390 2056 5464 concidit,gsi

453 5465 703 5533 legamus
766 5462 1062 5534 λαμϐάνει,
1125 5462 1342 5531 accipit,
1395 5471 1455 5518 ut
1513 5462 1605 5519 lii‘c
1655 5472 1852 5518 auctor
1902 5462 2059 5531 legit,

453 5537 710 5603 quamvis
740 5537 952 5591 erroris
982 5549 1175 5590 eorum
1206 5544 1586 5606 propugnator
1606 5537 1939 5590 acerrimus.
1963 5534 2056 5598 At,

454 5608 959 5675 quomodocunque
990 5607 1227 5675 legatur,
1278 5606 1464 5674 inepta
1497 5606 1724 5665 omnino
1750 5614 1837 5659 est
1876 5619 1941 5659 ea
1968 5616 2055 5657 ra-

459 5676 767 5739 tiocinatio,
790 5692 917 5731 cum
943 5677 1000 5731 in
1028 5676 1231 5734 divinis
1265 5676 1415 5746 nulla
1450 5676 1757 5731 intercedat
1790 5676 2061 5746 temporis

460 5746 778 5815 distinctio;
824 5747 922 5802 καὶ
952 5749 1093 5819 ὅπερ
1124 5747 1234 5819 ἀρα
1268 5744 1540 5817 λήψεσθαι
1571 5746 1667 5803 νῦν
1698 5747 1763 5800 ἐκ
1790 5747 1886 5801 τοῦ
1906 5744 2057 5801 Tim":

2158 4896 2377 4969 λέγεται
2415 4898 2444 4950 ὁ
2474 4896 2838 4969 Παράκλητος
2860 4938 2898 4969 ,_
2928 4896 3167 4969 αίωνίως
3212 4894 3275 4963 ἐξ
3325 4895 3495 4950 αὑτοῦ
3544 4894 3757 4969 λαμϐά-

2156 4985 2261 5023 νει.
2296 4968 2475 5034 Quare
2507 4965 2648 5035 quod
2684 4965 2824 5023 nunc
2856 4965 3169 5023 Paraclitus
3202 4976 3518 5035 accepturus
3549 4984 3581 5020 a
3617 4965 3757 5023 Filio

2159 5041 2441 5109 asseritur,
2478 5036 2544 5091 ab
2573 5040 2688 5107 ipsa
2719 5039 3019 5109 (eternitate
3048 5038 3115 5092 ab
3138 5055 3198 5093 eo
3233 5038 3464 5109 accipit,
3496 5048 3555 5092 ιιι
3585 5036 3763 5093 θεον-ν

2156 5110 2281 5179 gius
2308 5108 2716 5178 Trapezuntius
2766 5108 2835 5163 ad
2884 5107 3183 5179 Cretenses
3215 5107 3462 5178 scripsit.
3494 5108 3598 5174 Qui
3630 5125 3757 5165 cum

2156 5178 2187 5235 a
2212 5178 2353 5233 Filio
2382 5181 2615 5249 gratiam
2645 5195 2869 5234 sumere
2892 5178 3161 5249 Spiritum
3184 5180 3479 5244 aliirmant,
3498 5188 3757 5235 naturam

2162 5250 2375 5374 Bariter
2423 5265 2645 5306 sumere
2703 5249 2985 5317 fatentur;
3017 5250 3132 5305 lieri
3163 5252 3312 5304 cnim
3355 5252 3569 5320 nequit,
3598 5260 3659 5305 ut
3706 5253 3758 5306 iu

2210 5337 2276 5374 eo
2302 5320 2517 5374 seiungi
2563 5321 2781 5374 possint
2810 5330 3008 5374 natura
3029 5362 3045 5374 .
3076 5329 3133 5374 et
3163 5324 3398 5374 gratiam
3433 5323 3757 5374 confercndi

2210 5337 2276 5376 eo
2302 5320 2517 5392 seiungi
2563 5321 2781 5389 possint
2810 5330 3008 5375 natura
3029 5362 3045 5387 ,
3070 5329 3133 5392 et
3163 5324 3398 5392 gratiam
3433 5323 3757 5392 confercndi

2162 5388 2375 5447 virtus.
2415 5388 2687 5446 Caeterum
2738 5393 2887 5461 quod
2938 5406 3008 5446 eo
3059 5388 3361 5461 Scriptum
3427 5388 3761 5461 documento

2163 5461 2466 5519 Photianos
2512 5460 2857 5533 jugulemus,
2886 5462 3088 5532 impios
3146 5460 3212 5517 ac
3266 5461 3623 5530 blasphemos
3651 5460 3761 5516 Leo

2164 5548 2269 5588 nos
2291 5533 2563 5603 appellat:
2588 5532 2905 5602 quanquam
2927 5535 3074 5587 enim
3099 5547 3224 5588 cum
3252 5532 3760 5603 pneumatomacbis

2166 5620 2255 5659 res
2297 5606 2479 5659 adhuc
2512 5605 2609 5669 sit,
2655 5603 2723 5658 iis
2758 5612 2941 5675 tamen
2970 5611 3027 5659 et
3060 5619 3162 5662 nos
3198 5605 3268 5661 ab
3298 5605 3421 5675 ipso
3453 5605 3757 5671 acceuscri,

2164 5690 2290 5748 quae
2319 5687 2652 5747 sequuntur,
2686 5674 3010 5732 ostendunt.
