4108 6306
364 331 468 397 147
1613 341 1901 403 LEONIS
1933 340 1986 402 Ε

2048 340 2409 401 [LOSOPHI
3564 339 3670 401 158

363 450 596 519 faciant,
633 451 722 507 vel
765 451 875 507 hoc
921 450 1076 509 Patri
1105 453 1392 524 eripiant?
1426 456 1485 512 Si
1513 457 1663 513 enim
1718 458 1964 527 Spiritus

2070 453 2425 525 προϐολῆς,ῆ
2465 451 2553 506 ἵνα
2584 450 2795 505 καὶτὸν
2832 448 3058 521 Πατέρα
3107 448 3270 504 τοῦτο
3312 449 3677 521 ἀφαιρὴσων-

363 541 519 615 (16)
553 557 623 598 ex
656 542 797 599 Filio
829 554 1000 613 esset,
1063 560 1165 601 cur
1195 562 1307 602 non
1355 556 1411 603 et
1450 563 1518 603 ex
1550 563 1611 605 se
1641 549 1764 619 ipso
1796 559 1968 617 esset,

2072 562 2201 613 ται;
2230 546 2294 599 Εἰ
2324 544 2435 615 γὰρ
2459 546 2526 598 ὲκ
2548 543 2644 597 τοῦ
2669 537 2802 595 Υἱοῦ
2828 541 2890 595 τὸ
2916 540 3167 611 Πνεῦμα,
3202 541 3323 603 πῶς
3355 541 3455 594 οὐκ
3486 541 3556 593 ἂν
3587 541 3676 612 εἴη

363 646 491 687 cum
526 646 713 696 omne,
750 634 899 703 quod
931 634 1115 692 Patris
1140 643 1198 711 et
1221 637 1351 691 Filii
1384 644 1493 705 est,
1527 639 1771 710 Spiritus
1803 641 1969 695 etiam

2074 637 2171 690 καὶ
2222 636 2283 701 ἐξ
2328 633 2527 688 ἑαυτοῦ
2550 676 2566 699 ,
2623 632 2814 706 ἐπειδὴ
2846 633 2958 687 πᾶν
2996 633 3138 703 ὅπερ
3172 632 3291 684 ἐστὶ
3332 631 3552 700 Πατρδς
3578 631 3678 685 καὶ

362 724 473 779 sit?
504 725 615 782 Sed
654 727 890 783 ulterius
919 729 971 784 id
1007 731 1175 784 etiam
1210 733 1596 802 consequitur,
1629 748 1740 788 non
1787 734 1966 789 solum

2074 729 2230 795 Υίοῦ,
2263 729 2425 783 τοῦτο
2448 729 2546 782 καὶ
2576 727 2939 796 Πνεύματος;
2975 720 3108 779 Εἶτα
3137 724 3225 793 τίς
3259 724 3562 793 Συμϐαίνει
3597 725 3676 794 μὴ

362 831 475 872 non
508 832 634 875 esse
679 836 750 875 ex
789 820 953 888 Filio,
1008 838 1199 878 verum
1240 826 1408 879 etiam
1446 841 1626 896 neque
1676 842 1742 881 ex
1778 826 1963 881 Patre.

2077 823 2240 894 μόνον
2270 821 2345 892 μὴ
2379 818 2522 875 εἶναι
2549 822 2614 873 ἐκ
2645 820 2742 874 τοῦ
2782 819 2942 884 Υἱοῦ,
2996 817 3135 871 ἀλλὰ
3171 817 3309 888 μηδὲ
3335 818 3401 870 ἐκ
3430 815 3523 868 τοῦ
3556 816 3677 869 Πα-

362 908 469 976 Qui
495 911 641 976 enim
671 927 737 968 cx
768 928 829 970 se
852 915 973 984 ipso
1000 915 1166 971 habet
1191 932 1337 983 esse,
1367 914 1606 986 quanam
1626 920 1730 973 alia
1756 920 1968 990 indiget

2072 912 2223 982 τρός.
2252 907 2326 982 ’ᾮ
2361 911 2472 983 γὰρ
2516 910 2577 975 ἐξ
2616 910 2811 965 ἑαυτοῦ
2843 909 2905 963 τὸ
2960 904 3124 976 εἶναι,
3155 909 3331 979 τούτῳ
3353 907 3407 961 τί
3426 907 3534 961 δέοι
3559 906 3681 959 ἑτέ-

362 1002 584 1058 causa?
637 1003 858 1060 Rursus
910 1006 958 1062 si
1012 1009 1360 1079 aequipotens
1410 1010 1523 1082 (17)
1570 1010 1812 1081 Spiritus
1857 1020 1966 1077 est,

2078 1003 2252 1074 ρωοεν
2279 1003 2496 1067 αίτίας;
2532 1002 2655 1056 Ἐτι
2704 1002 2754 1055 εί
2804 1001 3149 1073 ὁμοδύναμον
3177 1000 3239 1054 τὸ
3268 998 3521 1068 Πνεῦμα,
3552 996 3676 1061 πῶς

361 1095 643 1163 quomodo
674 1104 730 1151 et
779 1096 955 1155 Filius
1000 1114 1069 1155 ex
1106 1115 1171 1154 eo
1210 1116 1320 1155 non
1357 1109 1467 1165 est,
1510 1103 1657 1156 sicut
1692 1103 1741 1159 is
1776 1111 1863 1158 est
1900 1119 1968 1159 ex

2070 1094 2196 1166 οὐχὶ
2238 1096 2334 1149 καὶ
2384 1097 2412 1149 6
2472 1094 2601 1158 Υίὸς
2630 1095 2696 1146 ὲκ
2743 1093 2841 1147 τοῦ
2872 1092 3214 1162 Πνεύματος,
3244 1092 3435 1161 ὥσπερ
3470 1092 3538 1143 ἐκ
3574 1088 3674 1144 τοῦ

362 1186 502 1242 Filio
527 1190 552 1242 ?
583 1195 680 1242 aut
731 1190 879 1245 enim
934 1206 1042 1245 non
1078 1191 1329 1262 ejusdem
1361 1187 1590 1249 virtutis
1622 1204 1731 1257 est,
1775 1204 1969 1265 utpote

2071 1188 2207 1243 Υἱοῦ
2233 1190 2295 1243 τὸ
2316 1189 2580 1259 Πνεῦμα;
2610 1186 2680 1241 ’Ἡ
2702 1187 2813 1258 γὰρ
2840 1186 2941 1257 οὐχ
2960 1184 3307 1255 ὁμοδύναμον
3329 1182 3500 1254 αὐτῷ,
3525 1182 3674 1252 λαμ-

362 1279 668 1348 accipiens,
699 1292 754 1337 et
782 1298 890 1337 non
923 1286 1084 1349 dans,
1118 1293 1215 1338 aut
1245 1286 1289 1341 si
1322 1302 1449 1342 vere
1472 1296 1577 1351 est,
1602 1302 1832 1344 necesse
1861 1300 1965 1353 cst,

2070 1282 2253 1349 δάνον,
2284 1282 2345 1336 οὐ
2371 1282 2572 1347 διδοῦν,
2612 1281 2645 1351 ἢ
2679 1280 2841 1350 εἴπερ
2874 1278 3239 1349 ὁμοδύναμον,
3275 1276 3389 1342 ἕξοι
3422 1294 3475 1330 τι
3506 1275 3605 1330 καὶ
3640 1277 3674 1328 6

363 1377 424 1422 ut
474 1368 650 1426 Filius
689 1357 856 1427 etiam
909 1375 1116 1445 aliquid
1168 1377 1369 1431 haheat
1413 1394 1481 1433 ex
1518 1379 1753 1448 Spiritu,
1801 1382 1965 1438 sicuti

2070 1377 2204 1439 Υίὸς
2249 1377 2343 1429 τοῦ
2380 1374 2722 1445 Πνεῦματος,
2762 1373 2955 1442 ὥσπερ
3006 1370 3084 1442 τῷ
3124 1370 3410 1440 Πνεύματι
3453 1369 3673 1422 δίδωσιν

364 1460 595 1532 Spiritui
623 1464 832 1536 aliquid
854 1466 972 1537 ipse
997 1468 1111 1522 dat.
1134 1469 1247 1524 Cur
1265 1480 1446 1525 autem
1482 1471 1585 1527 hoc
1604 1471 1717 1546 (i8)
1750 1481 1964 1529 tantum

2070 1468 2255 1531 αὐτός.
2290 1466 2417 1528 Πῶς
2447 1465 2507 1518 δὲ
2530 1465 2629 1518 καὶ
2662 1463 2854 1517 τούτου
2887 1462 3051 1532 μόνου
3086 1462 3331 1529 στερεῖτε
3362 1458 3425 1511 τὸ
3443 1458 3675 1529 Πνεῦμα

280 1556 283 1557 ⁷
360 1553 593 1624 Spiritui
637 1559 896 1625 aufertis,
936 1577 1131 1631 nempe
1163 1565 1310 1632 quod
1345 1581 1410 1619 ex
1445 1580 1505 1619 se
1540 1566 1665 1634 ipso
1710 1566 1805 1628 sit,
1855 1584 1902 1621 nt

2068 1560 2164 1613 τοῦ
2200 1557 2340 1613 εἶναι
2395 1558 2457 1623 ἐξ
2508 1555 2732 1619 ἑαυτοῦ,
2777 1554 2949 1626 μηδὲν
2980 1552 3090 1605 τῶν
3121 1551 3299 1605 ἄλλων
3324 1549 3676 1631 ἀφαιροῦμε-

361 1644 678 1704 auferentes
730 1649 859 1716 alia,
892 1666 1012 1721 quae
1049 1651 1190 1708 Filio
1224 1654 1437 1719 insunt,
1472 1664 1527 1710 et
1566 1654 1719 1712 Patri
1756 1658 1780 1711 ?
1825 1657 1963 1713 Nam

2068 1669 2171 1718 νοι,
2196 1652 2232 1706 ἃ
2277 1650 2453 1719 Πατρί
2480 1652 2745 1721 πρόσεστι
2769 1646 2867 1700 καὶ
2904 1644 3055 1715 Υίῷς
3089 1644 3163 1696 Ἢ
3202 1643 3313 1714 γὰρ
3342 1642 3439 1694 καὶ
3465 1641 3675 1711 ἐτέρων

360 1736 447 1792 νει
478 1738 584 1792 alia
623 1756 846 1811 quoque
876 1744 981 1812 ipsi
1013 1743 1304 1801 adimenda
1336 1755 1487 1812 sunt,
1519 1758 1581 1803 ut
1617 1750 1963 1820 blasphemia

2072 1744 2302 1811 στεροῖτ⁹
2342 1742 2429 1807 ἂν,
2464 1741 2553 1799 ἵνα
2667 1737 3115 1810 περιφανεστέρα
3157 1736 3191 1805 ἡ
3226 1734 3406 1805 ὕϐρις,
3442 1734 3476 1805 ἢ
3514 1735 3563 1785 εἰ
3597 1732 3674 1803 μὴ

361 1829 540 1898 magis
574 1804 781 1900 pateat,
815 1804 1103 1906 vel-neque
1129 1836 1184 1892 id
1216 1837 1591 1903 adimendum,
1625 1804 1773 1910 quod
1816 1856 1880 1894 ex
1905 1856 1966 1895 se

2071 1804 2267 1897 ἄλλιυν,
2294 1804 2428 1905 μηδὲ
2454 1833 2549 1887 τοῦ
2581 1804 2722 1887 sint
2747 1804 2826 1898 ἐξ
2849 1804 3070 1885 ἑαυτοῦ.
3107 1804 3203 1891 Τίς
3234 1804 3344 1897 γὰρ
3371 1804 3471 1879 ἐπὶν
3502 1824 3672 1896 μόνου

362 1920 484 1987 ipso
514 1922 609 1979 sit.
640 1924 903 1991 Quaenam
938 1928 1087 1982 enim
1123 1928 1239 1984 haec
1272 1928 1342 1985 de
1372 1946 1483 1985 uno
1525 1940 1740 1985 tantum
1777 1932 1965 2003 priva-

2070 1929 2265 1982 τούτου
2296 1930 2330 1998 ἡ
2368 1927 2789 1999 ἀποκλήρωσις;
2822 1920 2957 1976 Εἶτα
3015 1922 3234 1992 Πατρδς
3286 1920 3381 1973 καὶ
3433 1917 3565 1972 Υίοῦ
3610 1917 3677 1971 τὸ

363 2016 440 2066 tio
466 2015 489 2069 i
517 2014 725 2073 Deinde
755 2018 994 2089 Spiritus
1035 2021 1145 2092 (19)
1179 2037 1247 2078 ex
1284 2023 1444 2079 Patre
1475 2034 1529 2079 et
1572 2024 1718 2079 Filio
1748 2041 1947 2095 proce-

2069 2022 2300 2092 Πνεῦμα
2329 2021 2540 2091 προϊὸν,
2584 2020 2680 2072 καὶ
2712 2016 3003 2090 προσθήκῃ
3036 2015 3298 2084 ἰδιότητος
3332 2014 3433 2083 τῆς
3462 2011 3674 2082 Πατρι-

360 2103 520 2170 deus,
577 2115 633 2160 et
684 2122 715 2161 a
749 2124 983 2178 persona
1016 2110 1195 2166 Patris
1233 2128 1335 2181 per
1366 2116 1761 2183 proprietatem
1795 2130 1955 2170 suam

2070 2115 2174 2184 κῆς
2226 2114 2585 2175 ὑποστάσεως
2639 2109 3080 2181 διακρινόμενον,
3126 2106 3246 2169 πῶς
3299 2106 3401 2160 οὐκ
3445 2104 3676 2157 ἔλαττον

363 2196 690 2264 distinctus,
719 2202 1001 2271 quomodo
1030 2202 1216 2259 mittor
1243 2220 1352 2258 non
1381 2206 1487 2259 erit
1524 2204 1686 2270 Filio,
1719 2221 1844 2261 cum
1874 2207 1965 2262 hic

2071 2207 2352 2277 συμφυΐας
2379 2212 2387 2220 '
2410 2206 2509 2258 καὶ
2559 2202 2899 2270 οἰκειότητος
2923 2201 3020 2254 τοῦ
3060 2199 3197 2252 Υἱοῦ
3255 2198 3371 2263 ἔξει
3411 2197 3552 2267 πρὸς
3578 2197 3674 2251 τὸν

358 2304 486 2344 esse
520 2291 720 2345 habeat
745 2308 775 2345 a
806 2291 993 2358 Patre,
1034 2295 1125 2350 ille
1149 2311 1301 2359 vero,
1337 2297 1442 2350 alia
1477 2313 1648 2352 causa
1686 2292 1959 2369 superad-

2071 2296 2324 2366 Πατέρα,
2359 2295 2519 2366 εἴπερ
2547 2296 2575 2348 6
2614 2294 2715 2363 μὲν
2751 2291 2880 2354 Υἱὸς
2912 2294 2977 2345 ὲκ
3014 2289 3226 2360 Πατρὸς
3262 2288 3377 2359 ἔχει
3417 2288 3479 2340 τὸ
3500 2283 3674 2352 εἶναι,

360 2380 497 2442 dita.
554 2382 720 2435 etiam
753 2399 782 2436 a
838 2383 1031 2439 Filio?
1080 2386 1236 2452 Quod
1289 2388 1334 2442 si
1383 2396 1732 2459 qttzecttnque
1783 2389 1963 2445 Filius

2069 2390 2147 2460 τῷ
2173 2390 2231 2443 δὲ
2260 2390 2355 2443 καὶ
2383 2387 2481 2441 τοῦ
2530 2386 2663 2440 Υίοῦ
2730 2385 2905 2439 αἰτίου
2957 2382 3349 2454 προστίθεται;
3384 2382 3443 2434 Et
3486 2381 3544 2433 δὲ
3575 2380 3677 2433 καὶ

364 2472 555 2537 habet,
584 2489 615 2527 a
647 2472 811 2531 Patre
835 2476 1058 2547 accipit,
1097 2479 1167 2533 ab
1197 2493 1263 2534 eo
1302 2481 1469 2535 etiam
1516 2483 1773 2552 accipiet,
1815 2485 1961 2555 quod

2069 2485 2248 2537 πάντα
2284 2483 2386 2535 ὅσα
2432 2481 2547 2552 ἔχει
2573 2482 2602 2533 6
2644 2479 2794 2544 Υἱὸς,
2836 2479 2904 2531 ἐκ
2958 2476 3056 2530 τοῦ
3114 2476 3330 2545 Πατρδς
3370 2471 3675 2542 λαμϐάνει,

358 2576 427 2618 ex
478 2566 599 2634 ipso
638 2568 905 2636 procedat
955 2567 1221 2639 Spiritus.
1257 2570 1371 2627 Cur
1418 2588 1551 2643 ergo
1581 2574 1826 2629 dandum
1874 2584 1962 2631 est

2068 2577 2279 2641 ἐκεῖθεν
2312 2574 2379 2628 ἂν
2410 2575 2496 2645 εἴη
2524 2572 2619 2626 καὶ
2642 2571 2704 2625 τὸ
2729 2572 2788 2639 ὲξ
2810 2568 2980 2625 αὐτοῦ
3016 2568 3079 2622 τὸ
3105 2567 3335 2638 Πνεῦμα
3365 2563 3674 2636 ἐκπορεύε-

358 2654 524 2725 Filio,
560 2659 704 2729 quod
734 2674 802 2715 ex
836 2662 955 2730 ipso
986 2662 1248 2732 procedat
1276 2664 1539 2733 Spiritus,
1575 2664 1804 2736 Spiritui
1830 2684 1963 2723 vero

2070 2669 2217 2736 σθαι.
2243 2668 2342 2730 Τίς
2375 2663 2470 2720 οῦν
2498 2667 2532 2735 ἡ
2569 2663 2874 2734 φιλοτιμία,
2922 2660 3107 2715 δοῦναι
3162 2660 3263 2729 μὲν
3285 2658 3403 2728 Υἱῷ
3454 2655 3673 2711 ἐκείνου

359 2764 543 2816 neque
568 2749 997 2823 tlluddandum,
1030 2759 1090 2805 ut
1122 2769 1189 2808 ex
1222 2768 1283 2809 se
1313 2754 1434 2824 ipso
1462 2734 1752 2825 procedat,
1785 2771 1963 2828 neque

2068 2734 2324 2830 utpote-{vat
2341 2759 2401 2812 τὸ
2418 2734 2669 2827 Πνεῦμα,
2695 2756 2777 2827 τῷ
2793 2754 3077 2826 Πνεύματι
3102 2753 3159 2806 δὲ
3187 2754 3262 2822 μὴ
3289 2751 3500 2816 δοῦναι,
3528 2749 3678 2819 μήτε

359 2839 530 2903 illud.
555 2848 615 2896 ut
649 2833 1025 2906 generationis
1053 2843 1178 2899 Filii
1212 2847 1493 2918 particeps
1514 2849 1629 2902 sit?
1661 2847 1883 2907 Rursus
1913 2852 1961 2907 si

2065 2854 2166 2922 τὴν
2196 2851 2395 2905 ἑαυτοῦ
2426 2850 2781 2921 ὲκπόρευσιν,
2817 2849 2956 2918 μήτε
2992 2846 3101 2917 μὴν
3124 2846 3225 2915 τῆς
3248 2844 3345 2898 τοῦ
3376 2842 3509 2896 Υίοῦ
3543 2858 3676 2912 μετ-

361 2931 543 3001 major
596 2934 710 3005 (20)
768 2930 1059 3003 est;P'ater,
1090 2938 1218 3008 quia
1263 2938 1389 2994 Filii
1424 2955 1594 2996 causa
1643 2949 1750 3009 est,
1786 2944 1963 3012 major

2069 2945 2213 3016 ἐχειν
2256 2943 2603 3013 γεννήσεως;
2661 2941 2774 2995 Καὶ
2830 2941 2879 2992 εί
2928 2937 3130 3010 μείζων
3154 2938 3182 2990 6
3211 2935 3403 3006 Πατὴρ
3424 2932 3506 3003 τῷ
3528 2928 3676 2989 εἶναι

358 3026 468 3079 erit
508 3034 565 3080 et
600 3025 796 3094 Filius,
828 3042 955 3083 cum
989 3042 1157 3083 causa
1200 3028 1444 3099 Spiritus
1481 3033 1574 3087 sit.
1609 3030 1773 3090 Patet
1805 3052 1958 3107 ergo,

2067 3037 2243 3098 αῐτιος
2277 3034 2374 3087 τοῦ
2407 3031 2566 3097 Υἱοῦ,
2630 3032 2835 3104 μείζων
2862 3030 2929 3085 ἂν
2962 3031 3047 3100 εἴη
3075 3029 3218 3083 καὶὸ
3251 3027 3381 3090 Υἱὸς
3407 3027 3485 3097 τῷ
3530 3022 3675 3083 εἶναι

361 3114 604 3185 Spiritus
633 3133 929 3188 personam
967 3120 1243 3186 imminui,
1269 3118 1413 3177 Filio
1445 3125 1668 3194 quidem
1697 3126 1752 3181 in
1786 3144 1951 3183 unam

2083 3128 2254 3190 αἴτιος
2282 3120 2751 3195 τοῦΠνεύματος.
2778 3122 2892 3176 Καὶ¹
2939 3120 3059 3183 πῶς
3088 3120 3189 3173 οὐκ
3219 3117 3287 3172 ἂν
3324 3118 3479 3172 λάθοι
3512 3119 3546 3185 ἡ
3574 3115 3677 3171 τοῦ

360 3222 591 3264 causam
642 3211 840 3277 relato,
884 3211 1095 3281 Spiritu
1134 3229 1267 3268 vero
1295 3214 1351 3269 in
1399 3215 1560 3271 duas.
1594 3216 1751 3283 Quod
1796 3220 1841 3273 si
1895 3235 1961 3275 ex

2067 3218 2397 3288 Πνεύματος
2445 3214 2860 3288 σμικρυνομὲνη
2914 3211 3239 3274 ὑπόστασις,
3273 3210 3371 3263 τοῦ
3406 3210 3505 3280 μὲν
3536 3208 3679 3263 Υἱοῦ

361 3300 469 3355 hoc
497 3299 675 3368 major
705 3300 916 3371 Spiritu
964 3303 1230 3356 statuitur
1258 3302 1456 3369 Filius,
1492 3307 1672 3376 major
1703 3310 1871 3363 etiam
1909 3310 1963 3363 in

2069 3309 2208 3379 πρὸς
2259 3309 2317 3362 ἓν
2366 3295 2559 3377 αἴτιον,
2606 3292 3045 3379 ἀναφερομένου,
3103 3303 3197 3356 τοῦ
3265 3302 3587 3373 Πνεὺματος
3614 3301 3676 3355 δὲ

362 3400 618 3447 sanctum
674 3392 964 3462 Spiritum,
1011 3408 1178 3463 quam
1220 3394 1277 3449 in
1322 3394 1564 3465 Filium,
1621 3400 1967 3470 blasphemia

2068 3400 2208 3469 πρὸς
2240 3399 2335 3454 δύο
2364 3399 2463 3470 τὴν
2488 3398 2771 3468 ἀναφορὰν
2831 3397 3087 3467 ἕχοντοςς
3130 3394 3243 3447 Καὶ
3276 3397 3325 3446 εἱ
3357 3395 3421 3447 ἐκ
3465 3393 3674 3463 ταύτης

362 3474 646 3537 πωπω·
685 3489 791 3538 est.
842 3482 960 3538 Hoc
1018 3485 1165 3538 enim
1218 3486 1401 3557 ipsum
1453 3487 1719 3545 Servator
1779 3499 1969 3547 noster

2063 3494 2163 3559 τῆς
2195 3490 2523 3552 ἀκολουθίας
2555 3474 2760 3559 μείζων
2807 3487 2902 3541 τοῦ
2938 3489 3262 3557 Πνεῦματος
3301 3489 3330 3539 6
3352 3484 3505 3547 Υἱὸς,
3552 3484 3678 3566 πῶς

362 3572 576 3639 docuit,
615 3587 813 3643 nempe
850 3574 1249 3644 blasphemiam
1286 3577 1341 3632 in
1396 3577 1665 3649 Spiritum
1706 3593 1962 3638 sanctum

2066 3585 2205 3655 ήείς
2233 3582 2295 3634 τὺ
2338 3578 2497 3649 ἆγιον
2560 3578 2788 3650 Πνεῦμα
2841 3578 3282 3649 βλασφημίαημὴ
3333 3577 3545 3648 μείζων,
3572 3576 3676 3645 τῆς

362 3679 544 3735 neque
576 3664 631 3720 in
668 3664 774 3720 hoc
809 3668 1011 3723 saeculo
1043 3669 1273 3735 remitti,
1306 3686 1485 3739 neque
1516 3674 1571 3727 in
1606 3674 1796 3728 futuro
1823 3677 1889 3729 ιε.

2063 3678 2144 3739 είς
2199 3674 2293 3728 τὸν
2346 3672 2481 3727 Υίὸν
2552 3671 2939 3744 βλασφημίας;
2991 3673 3165 3726 Τοῦτο
3235 3670 3347 3742 γὰρ
3425 3670 3677 3735 ἐδίδαξεν

362 3758 393 3810 ὁ
425 3756 620 3829 Σωτὴρ
648 3758 749 3829 τὴν
795 3761 877 3824 εἰς
932 3761 994 3815 τδ
1044 3762 1274 3833 Πνεῦμα
1303 3765 1364 3819 τὸ
1414 3767 1573 3837 ἅγιον
1614 3768 1966 3841 βλασφημίαν
2004 3773 2098 3825 καὶ
2129 3774 2188 3825 ὲν
2216 3770 2297 3844 τῷ
2331 3768 2429 3824 νῦν
2460 3767 2620 3824 αίῶνι
2706 3769 2802 3822 καὶ
2852 3770 2912 3821 ἐν
2964 3766 3043 3839 τῷ
3093 3766 3343 3839 μέλλοντι
3429 3765 3682 3835 ἄφυκτον

363 3846 507 3903 εἶναι
529 3848 688 3903 δίκης
716 3851 912 3903 εἰπών.
3265 3892 3267 3895 .

363 3848 507 3903 εἶναι
529 3848 688 3921 δίκης
716 3851 912 3909 εἰπών.

440 3990 484 4022 ¹⁸
522 3989 721 4045 Matth.
752 4006 827 4045 an
860 4032 876 4058 ,
907 3992 1000 4047 52.

1899 4086 2136 4145 NOTAE.

365 4182 654 4251 arguatur.
679 4174 857 4231 Graeci
902 4173 1097 4251 Patres
1146 4175 1413 4233 adhibent
1454 4178 1968 4251 paissim,persona-
2072 4189 2165 4251 tus
2219 4181 2425 4251 virtute
2469 4180 2829 4251 potentiaque
2879 4179 3049 4250 pollet
3107 4194 3172 4234 ac
3208 4177 3410 4251 filius,
3442 4192 3573 4247 ergo
3624 4177 3674 4238 si

363 4263 487 4320 rum
537 4247 787 4320 ordinem
824 4247 1218 4320 respicientes;
1260 4264 1360 4302 nec
1397 4247 1465 4304 de
1507 4250 1672 4303 Patre
1709 4247 1962 4314 tantum,
2077 4250 2346 4320 Spiritum
2380 4247 2557 4305 Filius
2585 4247 2811 4313 emittit,
2841 4247 2896 4306 et
2931 4251 3175 4319 Spiritus
3204 4249 3402 4302 Filium
3430 4252 3674 4308 emittet.

367 4318 461 4375 sed
492 4324 548 4372 et
568 4318 648 4392 ‘de
665 4314 825 4392 Filio.
860 4315 1416 4392 llincinjFlorcntini
1438 4320 1671 4392 Concilii
1720 4322 1965 4392 decreto,
2076 4314 2145 4375 At
2172 4337 2276 4392 ego
2306 4323 2567 4377 similiter
2593 4334 2820 4392 arguam
2862 4314 3333 4392 :VAEquipotentes
3353 4329 3484 4373 sunt
3500 4321 3676 4392 [ater

364 4402 531 4462 quem
560 4386 739 4462 Graeci
763 4387 965 4452 αἰτίαν,
987 4386 1164 4442 Latini
1188 4389 1508 4462 principium
1539 4390 1750 4462 dicunt.
1768 4390 1967 4446 Filium
2076 4400 2132 4445 et
2164 4386 2378 4462 Filius;
2410 4406 2543 4462 ergo
2566 4460 2574 4462 Α
2596 4391 2643 4446 si
2663 4386 2858 4445 “Pater
2888 4386 3098 4445 Filiitm'
3123 4398 3373 4461 generat,
3411 4397 3466 4445 et
3499 4389 3681 4449 Filius

366 4454 533 4513 etiam
597 4454 813 4530 Spiritu
864 4464 1061 4530 sancto
1084 4454 1389 4530 “majorem
1446 4459 1701 4530 (ratione
1755 4464 1971 4517 scilicet
2009 4524 2039 4530 _
2077 4463 2323 4518 Patrem.
2358 4454 2629 4516 Ridiculae
2674 4454 3184 4516 ratiocinationes':
3213 4475 3414 4528 nempe
3445 4477 3681 4529 genera-

365 4540 572 4603 cattsae.
606 4524 704 4582 seu
736 4528 995 4603 principii
1022 4531 1038 4595 )
1073 4524 1251 4603 Graeci
1272 4524 1501 4603 uocant.
1539 4528 1678 4585 Vide
1705 4531 1971 4587 Grazciam
2008 4524 2049 4578 D
2078 4534 2177 4596 tio,
2205 4533 2473 4603 spiratio,
2497 4532 2809 4600 productio,
2833 4531 2953 4585 "non
3013 4531 3271 4601 potentiae
3303 4524 3673 4603 sunt'opera,

367 4594 897 4671 orthodoxam'tom.
923 4594 987 4671 ill
1009 4594 1027 4671 ,⁷
1062 4614 1185 4668 pag.
1216 4599 1359 4671 748,
1390 4616 1498 4671 qua
1554 4603 1832 4656 locutione
1874 4606 1974 4657 mi-
2074 4594 2172 4660 sed
2202 4594 2575 4668 personalium
2604 4594 3029 4671 pr0prietatum.

367 4668 520 4721 nime
558 4676 793 4721 utuntur
838 4668 1054 4741 Latini,
1088 4669 1231 4737 apud
1267 4668 1641 4740 quos'durius
1670 4682 1855 4726 sonat.
1890 4674 1975 4727 Li.
2148 4672 2259 4741 (18)
2304 4672 2413 4727 Cur
2443 4668 2622 4725 autem
2654 4674 2771 4725 hoc.
2816 4674 3047 4727 Errorcs
3074 4669 3326 4741 cumulat
3351 4678 3546 4727 auctor
3572 4672 3683 4728 hoc

364 4746 489 4812 ceat
537 4748 828 4812 propterea
873 4739 1337 4812 animadvertere,
1370 4753 1536 4809 quam
1592 4742 1791 4811 injuria
1842 4745 1974 4797 insi-
2074 4742 2220 4797 loco.
2245 4739 2366 4797 Nec
2398 4744 2644 4812 Spiritus
2684 4744 2868 4808 enim,
2903 4758 3008 4797 nec
3042 4740 3217 4797 Filius
3247 4751 3430 4796 sunta
3467 4757 3550 4807 se,
3580 4746 3677 4799 sed

370 4808 646 4883 mulemur
696 4824 725 4861 a
769 4808 1097 4883 Photianis,
1150 4808 1414 4880 tauquam
1464 4808 1659 4883 _sancti
1727 4813 1969 4883 Spiritus
2075 4827 2105 4866 a
2136 4812 2320 4867 Patre.

368 4876 622 4953 dignitati
653 4894 764 4953 non
796 4879 1177 4953 consulentes,
1209 4876 1332 4935 cum
1365 4898 1432 4935 ex
1464 4880 1550 4935 his
1580 4876 1783 4951 pateat,
1808 4885 1876 4938 de
1905 4900 1969 4939 ea
2152 4883 2266 4952 (l9)
2310 4881 2511 4936 Deinde
2542 4880 2800 4950 Spiritus.
2842 4882 2913 4937 At
2946 4883 3112 4937 Pater
3162 4882 3477 4953 Filiusque,
3502 4885 3551 4939 si
3579 4899 3679 4942 eos

369 4950 545 5023 multo
598 4952 774 5023 magis
823 4950 1019 5002 anxios
1073 4964 1136 5002 ac
1192 4952 1459 5006 sollicitos
1491 4950 1595 5006 nos
1623 4956 1969 5022 csse,'quam
2075 4950 2363 5010 ut’sa'ncti
2418 4953 2659 5021 Spiritus
2711 4954 3043 5023 principium
3101 4950 3449 5017 consideres,
3502 4971 3677 5010 unum

369 5016 820 5092 Grazcos:At'qtti
857 5035 1077 5073 causam
1112 5023 1410 5091 recipiunt,
1434 5028 1757 5076 conc’ausam
1780 5016 1967 5087 etiam,
2076 5036 2239 5090 sunt;
2275 5040 2418 5078 unus
2448 5016 2728 5091 siquidem
2752 5016 3003 5092 spiritus,
3037 5032 3093 5078 et
3125 5037 3233 5076 uua
3262 5016 3515 5091 spiratio.
3543 5027 3679 5092 Quae

371 5098 433 5143 ut
471 5090 560 5143 hic
596 5090 707 5145 Leo
735 5092 1001 5166 lo‘quitur,
1035 5091 1292 5166 videntur
1317 5108 1485 5166 posse
1526 5095 1795 5166 recipere.
1822 5095 1971 5147 Nun-
2076 5104 2406 5166 sequuntur.
2447 5090 2561 5166 jam
2612 5090 2796 5147 diluta
2836 5102 2987 5166 sunt.
3040 5095 3096 5147 In
3148 5090 3506 5163 generatione
3553 5090 3676 5151 Filii

369 5175 535 5235 quam
566 5170 747 5215 tamen
772 5161 962 5215 Patres
994 5164 1266 5235 συναίτιον
1298 5162 1559 5216 dixerunt
1591 5161 1814 5228 Filium,
1852 5173 1968 5235 tum
2077 5161 2267 5222 nullus
2320 5161 2551 5234 Spiritui
2588 5173 2790 5235 salicto
2836 5164 3030 5235 locus,
3061 5161 3188 5218 cum
3230 5173 3393 5235 egeat
3424 5182 3455 5219 a
3488 5181 3681 5235 perso-

369 5231 517 5307 quod
552 5235 735 5286 minus
769 5242 1063 5307 congruat,
1098 5234 1187 5286 ubi
1225 5249 1390 5288 causa
1416 5242 1504 5288 cst
1533 5249 1663 5307 una,
1685 5234 1972 5307 tumquod
2077 5238 2188 5292 nali
2222 5231 2561 5307 proprietate
2587 5233 2793 5307 Patris,
2817 5235 2947 5305 quia
2977 5234 3222 5307 Spiritus
3252 5233 3453 5289 Filium
3477 5231 3680 5307 suppo-

370 5300 537 5356 l’ater
565 5302 841 5374 causaisit
867 5300 1352 5374 σὲροδςαταρκτική,
1386 5305 1687 5371 primaria,
1723 5300 1973 5374 priniige-
2076 5308 2184 5369 nit,
2217 5300 2341 5361 cum
2394 5305 2483 5374 sit
2518 5300 2916 5373 Spiritus'n'on
2977 5300 3158 5359 Patris
3209 5314 3445 5370 tantutu,
3476 5300 3597 5362 sed'
3623 5320 3683 5363 et

371 5374 489 5445 κὶα,
522 5373 824 5445 originalis.
853 5372 1008 5445 Quod
1040 5372 1171 5445 esse
1206 5372 1481 5441 accipiant
1522 5390 1551 5428 a
1584 5374 1745 5445 Patre
1773 5372 1967 5439 Filius,

2078 5378 2199 5431 Filii
2228 5394 2241 5429 :
2285 5372 2700 5439 Ἐξαπὲστειλεν
2727 5378 2756 5428 6
2776 5376 2909 5438 Θεὸς
2936 5377 2998 5429 τὸ
3026 5375 3255 5445 Πνεῦμα
3288 5375 3385 5428 τοῦ
3414 5376 3548 5430 Υἰοῦ
3579 5380 3677 5431 αὺ-

372 5440 711 5517 etSpiritus,
736 5444 1006 5517 Catholici
1030 5440 1204 5517 Graeci
1233 5440 1447 5510 dicunt,
1468 5445 1565 5500 sed
1582 5443 1754 5501 Filius
1773 5462 1970 5517 γεννη-

1443 5445 1565 5507 ,sed
1582 5443 1754 5501 Filius
1773 5462 1970 5517 γεννη-
2074 5447 2189 5501 τοῦ.
2226 5446 2404 5517 Colat.
2442 5460 2519 5508 ιν,
2550 5445 2605 5517 ti.
2647 5445 2788 5517 Quid
2818 5445 3065 5517 clarius?

372 5513 782 5594 c6;.n5piritus
812 5513 1212 5594 éxfops‘ﬂés;
1250 5585 1285 5594 __
1452 5586 1465 5594 _
1724 5513 1795 5594 ‘_
1918 5513 1938 5594 .-

2149 5518 2269 5594 (2ολ
2294 5515 2497 5594 Rursus
2528 5514 2815 5594 ξεί-ζηαίαν.
2850 5516 3043 5594 Quoad
3082 5515 3383 5594 essentiam
3412 5525 3469 5572 et
3508 5528 3678 5594 natu-

446 5583 560 5657 (16)
590 5582 662 5641 εἰ
694 5586 837 5639 enim
872 5582 1127 5657 Spiritus.
1172 5583 1418 5641 Fallaces
1451 5586 1573 5640 istae
1603 5586 1879 5642 illationes
1917 5586 1970 5641 in
2075 5582 2192 5644 ratu
2237 5587 2483 5656 Spiritus
2526 5582 2666 5657 Filio
2702 5582 2796 5642 est
2825 5586 3075 5656 a‘qualis,
3129 5588 3325 5641 ordine
3367 5597 3425 5643 et
3457 5590 3673 5657 origine

374 5656 625 5710 mendaci
682 5655 972 5728 supposito
1024 5655 1322 5724 nituntur,
1391 5668 1520 5712 uota
1574 5660 1809 5728 septima
1854 5658 1970 5728 jam
2074 5655 2908 5728 minoriatsicutduashabere
2932 5670 3136 5712 causas
3163 5655 3673 5727 nonconsequitur.

373 5740 568 5800 everso
597 5737 650 5800 e_t
681 5727 938 5800 disjecto.
1049 5797 1058 5800 _
1572 5798 1603 5800 7_
1640 5726 1672 5800 ’ν
1816 5799 1819 5800 ν
1858 5726 1869 5728 ⁷
2076 5732 2151 5785 ita
2185 5743 2287 5785 nec
2326 5730 2463 5784 duos
2486 5726 2692 5785 habere
2734 5727 2991 5800 majores.
3032 5728 3243 5784 Caetera
3274 5728 3411 5784 satis
3435 5726 3674 5787 refutata

454 5795 569 5867 (Π)
610 5795 813 5854 Rursus
843 5798 888 5853 si
921 5797 1263 5867 a'quipotenr.
1291 5800 1486 5873 Arguit
1517 5819 1531 5855 :
1565 5798 1769 5856 Eadem
1799 5799 1969 5872 Spirio
2077 5809 2226 5858 sunt.
