  <div class='ocr_page' id='page_1' title='image "/cluster/home/n/w/nwhite01/storage/ocr_20150623/107/mdp.39015028571910/119.png"; bbox 0 0 4086 6298; ppageno 0'>
   <div class='ocr_carea' id='block_1_1' title="bbox 484 385 581 454">
    <p class='ocr_par' dir='ltr' id='par_1_1' title="bbox 484 385 581 454">
     <span class='ocr_line' id='line_1_1' title="bbox 484 385 581 454; baseline -0.01 -1"><span class='ocrx_word' id='word_1_1' title='bbox 484 385 581 454; x_wconf 76' lang='grc'><strong>151</strong></span> 
     </span>
    </p>
   </div>
   <div class='ocr_carea' id='block_1_2' title="bbox 1746 380 2526 446">
    <p class='ocr_par' dir='ltr' id='par_1_2' title="bbox 1746 380 2526 446">
     <span class='ocr_line' id='line_1_2' title="bbox 1746 380 2526 446; baseline -0.006 0"><span class='ocrx_word' id='word_1_2' title='bbox 1746 383 2023 446; x_wconf 81' lang='lat' dir='ltr'><strong>LEOle</strong></span> <span class='ocrx_word' id='word_1_3' title='bbox 2052 380 2526 444; x_wconf 82' lang='lat' dir='ltr'><strong>PHILOSOPHI</strong></span> 
     </span>
    </p>
   </div>
   <div class='ocr_carea' id='block_1_3' title="bbox 3687 381 3796 445">
    <p class='ocr_par' dir='ltr' id='par_1_3' title="bbox 3687 381 3796 445">
     <span class='ocr_line' id='line_1_3' title="bbox 3687 381 3796 445; baseline 0 -1"><span class='ocrx_word' id='word_1_4' title='bbox 3687 381 3796 445; x_wconf 74' lang='lat'><strong>152</strong></span> 
     </span>
    </p>
   </div>
   <div class='ocr_carea' id='block_1_4' title="bbox 483 492 2083 572">
    <p class='ocr_par' dir='ltr' id='par_1_4' title="bbox 483 499 2073 572">
     <span class='ocr_line' id='line_1_4' title="bbox 483 499 2073 572; baseline -0.008 -11"><span class='ocrx_word' id='word_1_5' title='bbox 483 524 514 561; x_wconf 86' lang='lat' dir='ltr'><strong>a</strong></span> <span class='ocrx_word' id='word_1_6' title='bbox 544 520 712 560; x_wconf 84' lang='lat' dir='ltr'><strong>causa</strong></span> <span class='ocrx_word' id='word_1_7' title='bbox 744 521 758 558; x_wconf 92' lang='lat'>:</span> <span class='ocrx_word' id='word_1_8' title='bbox 793 511 848 557; x_wconf 90' lang='lat' dir='ltr'><strong>at</strong></span> <span class='ocrx_word' id='word_1_9' title='bbox 886 499 1164 572; x_wconf 87' lang='lat' dir='ltr'><strong>quomodo</strong></span> <span class='ocrx_word' id='word_1_10' title='bbox 1201 499 1319 569; x_wconf 88' lang='lat' dir='ltr'><strong>ipse</strong></span> <span class='ocrx_word' id='word_1_11' title='bbox 1346 515 1568 571; x_wconf 87' lang='lat' dir='ltr'><strong>quoque</strong></span> <span class='ocrx_word' id='word_1_12' title='bbox 1597 510 1826 554; x_wconf 90' lang='lat' dir='ltr'><strong>causato</strong></span> <span class='ocrx_word' id='word_1_13' title='bbox 1865 499 2073 570; x_wconf 90' lang='lat' dir='ltr'><strong>pariter</strong></span> 
     </span>
    </p>
   </div>
   <div class='ocr_carea' id='block_1_5' title="bbox 2187 492 3796 572">
    <p class='ocr_par' dir='ltr' id='par_1_5' title="bbox 2187 492 3796 569">
     <span class='ocr_line' id='line_1_5' title="bbox 2187 492 3796 569; baseline 0.003 -20"><span class='ocrx_word' id='word_1_14' title='bbox 2187 495 2274 549; x_wconf 77' lang='grc' dir='ltr'>καὶ</span> <span class='ocrx_word' id='word_1_15' title='bbox 2300 494 2464 559; x_wconf 80' lang='grc' dir='ltr'>αὐτὸς</span> <span class='ocrx_word' id='word_1_16' title='bbox 2494 493 2572 565; x_wconf 85' lang='grc' dir='ltr'>τῷ</span> <span class='ocrx_word' id='word_1_17' title='bbox 2602 493 2662 559; x_wconf 77' lang='grc' dir='ltr'>ἐξ</span> <span class='ocrx_word' id='word_1_18' title='bbox 2690 492 2860 550; x_wconf 79' lang='grc' dir='ltr'>αὐτοῦ</span> <span class='ocrx_word' id='word_1_19' title='bbox 2911 493 3143 568; x_wconf 83' lang='grc' dir='ltr'>αίτιατῷ</span> <span class='ocrx_word' id='word_1_20' title='bbox 3196 494 3279 568; x_wconf 81' lang='grc' dir='ltr'>τῷ</span> <span class='ocrx_word' id='word_1_21' title='bbox 3316 496 3597 569; x_wconf 84' lang='grc' dir='ltr'>Πνεύματι</span> <span class='ocrx_word' id='word_1_22' title='bbox 3636 501 3796 568; x_wconf 81' lang='grc' dir='ltr'>γίνε-</span> 
     </span>
    </p>
   </div>
   <div class='ocr_carea' id='block_1_6' title="bbox 482 597 2078 671">
    <p class='ocr_par' dir='ltr' id='par_1_6' title="bbox 482 597 2078 671">
     <span class='ocr_line' id='line_1_6' title="bbox 482 597 2078 671; baseline -0.004 -15"><span class='ocrx_word' id='word_1_23' title='bbox 482 619 513 656; x_wconf 88' lang='lat' dir='ltr'><strong>a</strong></span> <span class='ocrx_word' id='word_1_24' title='bbox 561 617 620 658; x_wconf 85' lang='lat' dir='ltr'><strong>se</strong></span> <span class='ocrx_word' id='word_1_25' title='bbox 658 600 890 671; x_wconf 73' lang='lat' dir='ltr'><strong>Spiritui</strong></span> <span class='ocrx_word' id='word_1_26' title='bbox 928 600 1030 655; x_wconf 88' lang='lat' dir='ltr'><strong>hoc</strong></span> <span class='ocrx_word' id='word_1_27' title='bbox 1080 614 1193 655; x_wconf 81' lang='lat' dir='ltr'><strong>non</strong></span> <span class='ocrx_word' id='word_1_28' title='bbox 1227 601 1344 664; x_wconf 90' lang='lat' dir='ltr'><strong>dat,</strong></span> <span class='ocrx_word' id='word_1_29' title='bbox 1387 609 1447 653; x_wconf 92' lang='lat' dir='ltr'><strong>ut</strong></span> <span class='ocrx_word' id='word_1_30' title='bbox 1473 613 1640 654; x_wconf 90' lang='lat' dir='ltr'><strong>causa</strong></span> <span class='ocrx_word' id='word_1_31' title='bbox 1689 597 1807 652; x_wconf 90' lang='lat' dir='ltr'><strong>sit?</strong></span> <span class='ocrx_word' id='word_1_32' title='bbox 1849 607 1909 652; x_wconf 93' lang='lat' dir='ltr'><strong>ut</strong></span> <span class='ocrx_word' id='word_1_33' title='bbox 1933 599 2078 652; x_wconf 91' lang='lat' dir='ltr'><strong>sicut</strong></span> 
     </span>
    </p>
   </div>
   <div class='ocr_carea' id='block_1_7' title="bbox 485 688 2080 763">
    <p class='ocr_par' dir='ltr' id='par_1_7' title="bbox 485 688 2080 763">
     <span class='ocr_line' id='line_1_7' title="bbox 485 688 2080 763; baseline -0.003 -16"><span class='ocrx_word' id='word_1_34' title='bbox 485 697 604 761; x_wconf 89' lang='lat' dir='ltr'><strong>ipse</strong></span> <span class='ocrx_word' id='word_1_35' title='bbox 647 693 916 748; x_wconf 84' lang='lat' dir='ltr'><strong>causamli</strong></span> <span class='ocrx_word' id='word_1_36' title='bbox 966 693 1256 763; x_wconf 83' lang='lat' dir='ltr'><strong>privilegio</strong></span> <span class='ocrx_word' id='word_1_37' title='bbox 1295 698 1519 763; x_wconf 80' lang='lat' dir='ltr'><strong>gacht,</strong></span> <span class='ocrx_word' id='word_1_38' title='bbox 1557 691 1632 745; x_wconf 87' lang='lat' dir='ltr'><strong>ita</strong></span> <span class='ocrx_word' id='word_1_39' title='bbox 1679 690 1920 760; x_wconf 78' lang='lat' dir='ltr'><strong>Spiritus</strong></span> <span class='ocrx_word' id='word_1_40' title='bbox 1974 688 2080 742; x_wconf 88' lang='lat' dir='ltr'><strong>hoc</strong></span> 
     </span>
    </p>
   </div>
   <div class='ocr_carea' id='block_1_8' title="bbox 486 781 2075 852">
    <p class='ocr_par' dir='ltr' id='par_1_8' title="bbox 486 781 2075 852">
     <span class='ocr_line' id='line_1_8' title="bbox 486 781 2075 852; baseline -0.002 -15"><span class='ocrx_word' id='word_1_41' title='bbox 486 786 698 839; x_wconf 85' lang='lat' dir='ltr'><strong>honore</strong></span> <span class='ocrx_word' id='word_1_42' title='bbox 743 784 972 839; x_wconf 86' lang='lat' dir='ltr'><strong>minime</strong></span> <span class='ocrx_word' id='word_1_43' title='bbox 1020 781 1621 852; x_wconf 79' lang='lat' dir='ltr'><strong>destituatur?Neque</strong></span> <span class='ocrx_word' id='word_1_44' title='bbox 1665 785 1815 838; x_wconf 87' lang='lat' dir='ltr'><strong>enim</strong></span> <span class='ocrx_word' id='word_1_45' title='bbox 1867 781 2075 844; x_wconf 89' lang='lat' dir='ltr'><strong>dicent,</strong></span> 
     </span>
    </p>
   </div>
   <div class='ocr_carea' id='block_1_9' title="bbox 486 871 2076 943">
    <p class='ocr_par' dir='ltr' id='par_1_9' title="bbox 486 871 2076 943">
     <span class='ocr_line' id='line_1_9' title="bbox 486 871 2076 943; baseline -0.001 -15"><span class='ocrx_word' id='word_1_46' title='bbox 486 876 590 930; x_wconf 78' lang='lat' dir='ltr'><strong>lioc</strong></span> <span class='ocrx_word' id='word_1_47' title='bbox 620 873 838 930; x_wconf 82' lang='lat' dir='ltr'><strong>Patrem</strong></span> <span class='ocrx_word' id='word_1_48' title='bbox 869 875 1183 943; x_wconf 85' lang='lat' dir='ltr'><strong>prohibere,</strong></span> <span class='ocrx_word' id='word_1_49' title='bbox 1215 890 1343 929; x_wconf 90' lang='lat' dir='ltr'><strong>cum</strong></span> <span class='ocrx_word' id='word_1_50' title='bbox 1374 890 1442 929; x_wconf 74' lang='lat' dir='ltr'><strong>ex</strong></span> <span class='ocrx_word' id='word_1_51' title='bbox 1477 890 1669 928; x_wconf 90' lang='lat' dir='ltr'><strong>eorum</strong></span> <span class='ocrx_word' id='word_1_52' title='bbox 1705 873 1979 928; x_wconf 73' lang='lat' dir='ltr'><strong>sententia</strong></span> <span class='ocrx_word' id='word_1_53' title='bbox 2024 871 2076 926; x_wconf 89' lang='lat' dir='ltr'><strong>id</strong></span> 
     </span>
    </p>
   </div>
   <div class='ocr_carea' id='block_1_10' title="bbox 483 963 2082 1037">
    <p class='ocr_par' dir='ltr' id='par_1_10' title="bbox 483 963 2082 1037">
     <span class='ocr_line' id='line_1_10' title="bbox 483 963 2082 1037; baseline 0.001 -19"><span class='ocrx_word' id='word_1_54' title='bbox 483 979 708 1035; x_wconf 88' lang='lat' dir='ltr'><strong>quoque</strong></span> <span class='ocrx_word' id='word_1_55' title='bbox 740 965 1113 1020; x_wconf 83' lang='lat' dir='ltr'><strong>communicet</strong></span> <span class='ocrx_word' id='word_1_56' title='bbox 1139 964 1322 1029; x_wconf 85' lang='lat' dir='ltr'><strong>Pater,</strong></span> <span class='ocrx_word' id='word_1_57' title='bbox 1354 963 1505 1035; x_wconf 87' lang='lat' dir='ltr'><strong>quod</strong></span> <span class='ocrx_word' id='word_1_58' title='bbox 1532 964 1638 1020; x_wconf 87' lang='lat' dir='ltr'><strong>sibi</strong></span> <span class='ocrx_word' id='word_1_59' title='bbox 1665 964 1766 1021; x_wconf 91' lang='lat' dir='ltr'><strong>soli</strong></span> <span class='ocrx_word' id='word_1_60' title='bbox 1803 964 2082 1037; x_wconf 83' lang='lat' dir='ltr'><strong>peculiare</strong></span> 
     </span>
    </p>
   </div>
   <div class='ocr_carea' id='block_1_11' title="bbox 484 1065 589 1112">
    <p class='ocr_par' dir='ltr' id='par_1_11' title="bbox 484 1065 589 1112">
     <span class='ocr_line' id='line_1_11' title="bbox 484 1065 589 1112; baseline 0 0"><span class='ocrx_word' id='word_1_61' title='bbox 484 1065 589 1112; x_wconf 92' lang='lat' dir='ltr'><strong>est.</strong></span> 
     </span>
    </p>
   </div>
   <div class='ocr_carea' id='block_1_12' title="bbox 556 1148 2079 1219">
    <p class='ocr_par' dir='ltr' id='par_1_12' title="bbox 556 1148 2079 1219">
     <span class='ocr_line' id='line_1_12' title="bbox 556 1148 2079 1219; baseline 0.001 -17"><span class='ocrx_word' id='word_1_62' title='bbox 556 1149 626 1202; x_wconf 80' lang='lat' dir='ltr'><strong>At</strong></span> <span class='ocrx_word' id='word_1_63' title='bbox 654 1148 771 1204; x_wconf 69' lang='lat' dir='ltr'><strong>haec</strong></span> <span class='ocrx_word' id='word_1_64' title='bbox 793 1149 1015 1219; x_wconf 86' lang='lat' dir='ltr'><strong>quidem</strong></span> <span class='ocrx_word' id='word_1_65' title='bbox 1039 1155 1194 1204; x_wconf 80' lang='lat' dir='ltr'><strong>extra</strong></span> <span class='ocrx_word' id='word_1_66' title='bbox 1224 1149 1392 1214; x_wconf 85' lang='lat' dir='ltr'><strong>viam,</strong></span> <span class='ocrx_word' id='word_1_67' title='bbox 1415 1158 1476 1205; x_wconf 92' lang='lat' dir='ltr'><strong>ut</strong></span> <span class='ocrx_word' id='word_1_68' title='bbox 1498 1150 1604 1205; x_wconf 90' lang='lat' dir='ltr'><strong>dici</strong></span> <span class='ocrx_word' id='word_1_69' title='bbox 1629 1148 1789 1216; x_wconf 80' lang='lat' dir='ltr'><strong>solet,</strong></span> <span class='ocrx_word' id='word_1_70' title='bbox 1817 1149 1886 1206; x_wconf 88' lang='lat' dir='ltr'><strong>ad</strong></span> <span class='ocrx_word' id='word_1_71' title='bbox 1919 1149 2079 1206; x_wconf 84' lang='lat' dir='ltr'><strong>novi-</strong></span> 
     </span>
    </p>
   </div>
   <div class='ocr_carea' id='block_1_13' title="bbox 484 1242 2082 1314">
    <p class='ocr_par' dir='ltr' id='par_1_13' title="bbox 484 1242 2082 1314">
     <span class='ocr_line' id='line_1_13' title="bbox 484 1242 2082 1314; baseline 0.001 -18"><span class='ocrx_word' id='word_1_72' title='bbox 484 1249 654 1298; x_wconf 83' lang='lat' dir='ltr'><strong>tatem</strong></span> <span class='ocrx_word' id='word_1_73' title='bbox 688 1242 1050 1312; x_wconf 85' lang='lat' dir='ltr'><strong>arguendam.</strong></span> <span class='ocrx_word' id='word_1_74' title='bbox 1085 1242 1197 1298; x_wconf 81' lang='lat' dir='ltr'><strong>Vos</strong></span> <span class='ocrx_word' id='word_1_75' title='bbox 1229 1250 1414 1298; x_wconf 89' lang='lat' dir='ltr'><strong>autem</strong></span> <span class='ocrx_word' id='word_1_76' title='bbox 1441 1243 1764 1300; x_wconf 85' lang='lat' dir='ltr'><strong>melioribus</strong></span> <span class='ocrx_word' id='word_1_77' title='bbox 1789 1243 2082 1314; x_wconf 81' lang='lat' dir='ltr'><strong>cogitatio-</strong></span> 
     </span>
    </p>
   </div>
   <div class='ocr_carea' id='block_1_14' title="bbox 484 1333 2083 1404">
    <p class='ocr_par' dir='ltr' id='par_1_14' title="bbox 484 1333 2083 1404">
     <span class='ocr_line' id='line_1_14' title="bbox 484 1333 2083 1404; baseline 0.001 -16"><span class='ocrx_word' id='word_1_78' title='bbox 484 1333 650 1390; x_wconf 86' lang='lat' dir='ltr'><strong>nibus</strong></span> <span class='ocrx_word' id='word_1_79' title='bbox 664 1335 900 1403; x_wconf 71' lang='lat' dir='ltr'><strong>praediti,</strong></span> <span class='ocrx_word' id='word_1_80' title='bbox 916 1335 1222 1390; x_wconf 88' lang='lat' dir='ltr'><strong>libertatem</strong></span> <span class='ocrx_word' id='word_1_81' title='bbox 1242 1351 1310 1390; x_wconf 91' lang='lat' dir='ltr'><strong>ne</strong></span> <span class='ocrx_word' id='word_1_82' title='bbox 1324 1334 1624 1404; x_wconf 85' lang='lat' dir='ltr'><strong>abjiciatis,</strong></span> <span class='ocrx_word' id='word_1_83' title='bbox 1640 1344 1694 1390; x_wconf 88' lang='lat' dir='ltr'><strong>et</strong></span> <span class='ocrx_word' id='word_1_84' title='bbox 1710 1336 2083 1404; x_wconf 89' lang='lat' dir='ltr'><strong>corruptionis</strong></span> 
     </span>
    </p>
   </div>
   <div class='ocr_carea' id='block_1_15' title="bbox 486 1425 2081 1498">
    <p class='ocr_par' dir='ltr' id='par_1_15' title="bbox 486 1425 2081 1498">
     <span class='ocr_line' id='line_1_15' title="bbox 486 1425 2081 1498; baseline 0.001 -18"><span class='ocrx_word' id='word_1_85' title='bbox 486 1425 814 1480; x_wconf 79' lang='lat' dir='ltr'><strong>servitutem</strong></span> <span class='ocrx_word' id='word_1_86' title='bbox 851 1426 1020 1480; x_wconf 88' lang='lat' dir='ltr'><strong>nolite</strong></span> <span class='ocrx_word' id='word_1_87' title='bbox 1054 1426 1250 1481; x_wconf 89' lang='lat' dir='ltr'><strong>iterum</strong></span> <span class='ocrx_word' id='word_1_88' title='bbox 1302 1428 1514 1492; x_wconf 91' lang='lat' dir='ltr'><strong>subire,</strong></span> <span class='ocrx_word' id='word_1_89' title='bbox 1568 1427 1717 1484; x_wconf 91' lang='lat' dir='ltr'><strong>illius</strong></span> <span class='ocrx_word' id='word_1_90' title='bbox 1761 1428 2081 1498; x_wconf 88' lang='lat' dir='ltr'><strong>imperium,</strong></span> 
     </span>
    </p>
   </div>
   <div class='ocr_carea' id='block_1_16' title="bbox 486 1517 2084 1587">
    <p class='ocr_par' dir='ltr' id='par_1_16' title="bbox 486 1517 2084 1587">
     <span class='ocr_line' id='line_1_16' title="bbox 486 1517 2084 1587; baseline 0.002 -15"><span class='ocrx_word' id='word_1_91' title='bbox 486 1518 584 1587; x_wconf 91' lang='lat' dir='ltr'><strong>qui</strong></span> <span class='ocrx_word' id='word_1_92' title='bbox 627 1518 684 1572; x_wconf 91' lang='lat' dir='ltr'><strong>in</strong></span> <span class='ocrx_word' id='word_1_93' title='bbox 740 1517 1051 1573; x_wconf 89' lang='lat' dir='ltr'><strong>libertatem</strong></span> <span class='ocrx_word' id='word_1_94' title='bbox 1110 1533 1210 1575; x_wconf 87' lang='lat' dir='ltr'><strong>vos</strong></span> <span class='ocrx_word' id='word_1_95' title='bbox 1256 1521 1497 1576; x_wconf 81' lang='lat' dir='ltr'><strong>asseruit</strong></span> <span class='ocrx_word' id='word_1_96' title='bbox 1557 1521 1957 1577; x_wconf 89' lang='lat' dir='ltr'><strong>detrectantes.</strong></span> <span class='ocrx_word' id='word_1_97' title='bbox 2011 1523 2084 1575; x_wconf 80' lang='lat' dir='ltr'><strong>At</strong></span> 
     </span>
    </p>
   </div>
   <div class='ocr_carea' id='block_1_17' title="bbox 487 1609 2086 1683">
    <p class='ocr_par' dir='ltr' id='par_1_17' title="bbox 487 1609 2086 1683">
     <span class='ocr_line' id='line_1_17' title="bbox 487 1609 2086 1683; baseline 0.002 -18"><span class='ocrx_word' id='word_1_98' title='bbox 487 1619 805 1680; x_wconf 81' lang='lat' dir='ltr'><strong>repugnant</strong></span> <span class='ocrx_word' id='word_1_99' title='bbox 833 1609 936 1664; x_wconf 88' lang='lat' dir='ltr'><strong>illi.</strong></span> <span class='ocrx_word' id='word_1_100' title='bbox 963 1610 1310 1681; x_wconf 82' lang='lat' dir='ltr'><strong>Agantquod</strong></span> <span class='ocrx_word' id='word_1_101' title='bbox 1341 1613 1476 1683; x_wconf 82' lang='lat' dir='ltr'><strong>ipsis</strong></span> <span class='ocrx_word' id='word_1_102' title='bbox 1511 1613 1664 1668; x_wconf 90' lang='lat' dir='ltr'><strong>lubet</strong></span> <span class='ocrx_word' id='word_1_103' title='bbox 1695 1630 1711 1669; x_wconf 88' lang='lat'>:</span> <span class='ocrx_word' id='word_1_104' title='bbox 1751 1613 2086 1683; x_wconf 83' lang='lat' dir='ltr'><strong>perversita-</strong></span> 
     </span>
    </p>
   </div>
   <div class='ocr_carea' id='block_1_18' title="bbox 487 1701 2082 1772">
    <p class='ocr_par' dir='ltr' id='par_1_18' title="bbox 487 1701 2082 1772">
     <span class='ocr_line' id='line_1_18' title="bbox 487 1701 2082 1772; baseline 0.001 -16"><span class='ocrx_word' id='word_1_105' title='bbox 487 1710 598 1757; x_wconf 86' lang='lat' dir='ltr'><strong>tem</strong></span> <span class='ocrx_word' id='word_1_106' title='bbox 649 1701 876 1770; x_wconf 87' lang='lat' dir='ltr'><strong>quidem</strong></span> <span class='ocrx_word' id='word_1_107' title='bbox 915 1704 1203 1758; x_wconf 68' lang='lat' dir='ltr'><strong>sententiae</strong></span> <span class='ocrx_word' id='word_1_108' title='bbox 1246 1718 1360 1758; x_wconf 63' lang='lat' dir='ltr'><strong>suae</strong></span> <span class='ocrx_word' id='word_1_109' title='bbox 1417 1713 1548 1758; x_wconf 90' lang='lat' dir='ltr'><strong>tunc</strong></span> <span class='ocrx_word' id='word_1_110' title='bbox 1595 1704 1921 1772; x_wconf 73' lang='lat' dir='ltr'><strong>intelligent,</strong></span> <span class='ocrx_word' id='word_1_111' title='bbox 1957 1719 2082 1759; x_wconf 94' lang='lat' dir='ltr'><strong>cum</strong></span> 
     </span>
    </p>
   </div>
   <div class='ocr_carea' id='block_1_19' title="bbox 484 1791 2082 1863">
    <p class='ocr_par' dir='ltr' id='par_1_19' title="bbox 484 1791 2082 1863">
     <span class='ocr_line' id='line_1_19' title="bbox 484 1791 2082 1863; baseline 0.003 -16"><span class='ocrx_word' id='word_1_112' title='bbox 484 1791 724 1847; x_wconf 64' lang='lat' dir='ltr'><strong>infanda</strong></span> <span class='ocrx_word' id='word_1_113' title='bbox 744 1793 1102 1863; x_wconf 71' lang='lat' dir='ltr'><strong>blasphemiae</strong></span> <span class='ocrx_word' id='word_1_114' title='bbox 1118 1796 1386 1850; x_wconf 89' lang='lat' dir='ltr'><strong>rationem</strong></span> <span class='ocrx_word' id='word_1_115' title='bbox 1402 1795 1695 1851; x_wconf 90' lang='lat' dir='ltr'><strong>reddentes</strong></span> <span class='ocrx_word' id='word_1_116' title='bbox 1711 1795 2082 1852; x_wconf 88' lang='lat' dir='ltr'><strong>ineluctabilis</strong></span> 
     </span>
    </p>
   </div>
   <div class='ocr_carea' id='block_1_20' title="bbox 2183 585 3794 658">
    <p class='ocr_par' dir='ltr' id='par_1_20' title="bbox 2183 585 3794 658">
     <span class='ocr_line' id='line_1_20' title="bbox 2183 585 3794 658; baseline 0.004 -19"><span class='ocrx_word' id='word_1_117' title='bbox 2183 587 2309 639; x_wconf 97' lang='grc' dir='ltr'>σθαι</span> <span class='ocrx_word' id='word_1_118' title='bbox 2340 585 2520 657; x_wconf 77' lang='grc' dir='ltr'>αἰτίῳ,</span> <span class='ocrx_word' id='word_1_119' title='bbox 2556 587 2645 641; x_wconf 78' lang='grc' dir='ltr'>ἵνα</span> <span class='ocrx_word' id='word_1_120' title='bbox 2693 586 2887 658; x_wconf 86' lang='grc' dir='ltr'>ῶσπερ</span> <span class='ocrx_word' id='word_1_121' title='bbox 2926 588 3138 650; x_wconf 80' lang='grc' dir='ltr'>ἐκεῖνος</span> <span class='ocrx_word' id='word_1_122' title='bbox 3185 589 3247 642; x_wconf 83' lang='grc' dir='ltr'>τὸ</span> <span class='ocrx_word' id='word_1_123' title='bbox 3288 590 3385 643; x_wconf 89' lang='grc' dir='ltr'><strong>τοῦ</strong></span> <span class='ocrx_word' id='word_1_124' title='bbox 3425 589 3556 644; x_wconf 82' lang='grc' dir='ltr'>ίδίου</span> <span class='ocrx_word' id='word_1_125' title='bbox 3606 593 3794 646; x_wconf 70' lang='grc' dir='ltr'>αἰτίου</span> 
     </span>
    </p>
   </div>
   <div class='ocr_carea' id='block_1_21' title="bbox 2183 679 3791 761">
    <p class='ocr_par' dir='ltr' id='par_1_21' title="bbox 2183 679 3791 761">
     <span class='ocr_line' id='line_1_21' title="bbox 2183 679 3791 761; baseline 0.004 -29"><span class='ocrx_word' id='word_1_126' title='bbox 2183 679 2296 750; x_wconf 75' lang='grc' dir='ltr'>ἔχει</span> <span class='ocrx_word' id='word_1_127' title='bbox 2324 680 2646 751; x_wconf 84' lang='grc' dir='ltr'><strong>προνόμιον,</strong></span> <span class='ocrx_word' id='word_1_128' title='bbox 2695 680 2842 734; x_wconf 77' lang='grc' dir='ltr'>οὕτω</span> <span class='ocrx_word' id='word_1_129' title='bbox 2892 682 3076 735; x_wconf 75' lang='grc' dir='ltr'>καὶτὸ</span> <span class='ocrx_word' id='word_1_130' title='bbox 3105 681 3335 754; x_wconf 88' lang='grc' dir='ltr'>Πνεῦμα</span> <span class='ocrx_word' id='word_1_131' title='bbox 3369 683 3450 754; x_wconf 79' lang='grc' dir='ltr'>μὴ</span> <span class='ocrx_word' id='word_1_132' title='bbox 3486 684 3722 758; x_wconf 80' lang='grc' dir='ltr'>ἄμοιρον</span> 
     </span>
    </p>
   </div>
   <div class='ocr_carea' id='block_1_22' title="bbox 2182 770 3790 849">
    <p class='ocr_par' dir='ltr' id='par_1_22' title="bbox 2182 770 3790 849">
     <span class='ocr_line' id='line_1_22' title="bbox 2182 770 3790 849; baseline 0.005 -26"><span class='ocrx_word' id='word_1_133' title='bbox 2182 771 2284 840; x_wconf 80' lang='grc' dir='ltr'>τῆς</span> <span class='ocrx_word' id='word_1_134' title='bbox 2311 771 2570 842; x_wconf 77' lang='grc' dir='ltr'><strong>τοιαύτης</strong></span> <span class='ocrx_word' id='word_1_135' title='bbox 2591 772 2759 844; x_wconf 84' lang='grc' dir='ltr'>τιμῆς</span> <span class='ocrx_word' id='word_1_136' title='bbox 2789 789 2804 840; x_wconf 92' lang='lat'><strong>;</strong></span> <span class='ocrx_word' id='word_1_137' title='bbox 2839 770 2916 828; x_wconf 76' lang='grc' dir='ltr'><strong>Οὐ</strong></span> <span class='ocrx_word' id='word_1_138' title='bbox 2954 773 3065 846; x_wconf 88' lang='grc' dir='ltr'><strong>γάρ</strong></span> <span class='ocrx_word' id='word_1_139' title='bbox 3108 774 3172 846; x_wconf 82' lang='grc' dir='ltr'>δή</span> <span class='ocrx_word' id='word_1_140' title='bbox 3202 791 3267 843; x_wconf 78' lang='grc' dir='ltr'><strong>γε</strong></span> <span class='ocrx_word' id='word_1_141' title='bbox 3292 775 3386 829; x_wconf 78' lang='grc' dir='ltr'>τὸν</span> <span class='ocrx_word' id='word_1_142' title='bbox 3420 777 3644 849; x_wconf 83' lang='grc' dir='ltr'>Πατέρα</span> <span class='ocrx_word' id='word_1_143' title='bbox 3673 797 3790 831; x_wconf 83' lang='grc' dir='ltr'>κω-</span> 
     </span>
    </p>
   </div>
   <div class='ocr_carea' id='block_1_23' title="bbox 2182 861 3791 939">
    <p class='ocr_par' dir='ltr' id='par_1_23' title="bbox 2182 861 3791 939">
     <span class='ocr_line' id='line_1_23' title="bbox 2182 861 3791 939; baseline 0.006 -23"><span class='ocrx_word' id='word_1_144' title='bbox 2182 861 2331 916; x_wconf 82' lang='grc' dir='ltr'>λύειν</span> <span class='ocrx_word' id='word_1_145' title='bbox 2355 865 2421 918; x_wconf 85' lang='grc' dir='ltr'>ἄν</span> <span class='ocrx_word' id='word_1_146' title='bbox 2444 881 2528 928; x_wconf 89' lang='grc' dir='ltr'><strong>τις</strong></span> <span class='ocrx_word' id='word_1_147' title='bbox 2551 864 2702 935; x_wconf 61' lang='grc' dir='ltr'>εἴη.</span> <span class='ocrx_word' id='word_1_148' title='bbox 2738 863 2863 929; x_wconf 85' lang='grc' dir='ltr'><strong>Πῶς</strong></span> <span class='ocrx_word' id='word_1_149' title='bbox 2887 867 2999 938; x_wconf 80' lang='grc' dir='ltr'>γὰρ</span> <span class='ocrx_word' id='word_1_150' title='bbox 3018 868 3114 935; x_wconf 85' lang='grc' dir='ltr'>ὅγε</span> <span class='ocrx_word' id='word_1_151' title='bbox 3140 867 3204 922; x_wconf 82' lang='grc' dir='ltr'>τὸ</span> <span class='ocrx_word' id='word_1_152' title='bbox 3243 869 3405 939; x_wconf 83' lang='grc' dir='ltr'>μόνον</span> <span class='ocrx_word' id='word_1_153' title='bbox 3433 870 3570 925; x_wconf 74' lang='grc' dir='ltr'>ἴδιον</span> <span class='ocrx_word' id='word_1_154' title='bbox 3614 870 3791 926; x_wconf 81' lang='grc' dir='ltr'>αὐτοῦ</span> 
     </span>
    </p>
   </div>
   <div class='ocr_carea' id='block_1_24' title="bbox 2183 955 3540 1033">
    <p class='ocr_par' dir='ltr' id='par_1_24' title="bbox 2183 955 3540 1033">
     <span class='ocr_line' id='line_1_24' title="bbox 2183 955 3540 1033; baseline 0.008 -25"><span class='ocrx_word' id='word_1_155' title='bbox 2183 955 2330 1010; x_wconf 77' lang='grc' dir='ltr'>κατὰ</span> <span class='ocrx_word' id='word_1_156' title='bbox 2361 955 2453 1010; x_wconf 80' lang='grc' dir='ltr'>τὸν</span> <span class='ocrx_word' id='word_1_157' title='bbox 2487 956 2756 1028; x_wconf 83' lang='grc' dir='ltr'>ὑμέτερον</span> <span class='ocrx_word' id='word_1_158' title='bbox 2780 957 2940 1030; x_wconf 86' lang='grc' dir='ltr'>λόγον</span> <span class='ocrx_word' id='word_1_159' title='bbox 2969 960 3496 1033; x_wconf 82' lang='grc' dir='ltr'>κοινοποιησάμενσς</span> <span class='ocrx_word' id='word_1_160' title='bbox 3523 981 3540 1031; x_wconf 89' lang='lat'><strong>;</strong></span> 
     </span>
    </p>
   </div>
   <div class='ocr_carea' id='block_1_25' title="bbox 2257 1137 3792 1217">
    <p class='ocr_par' dir='ltr' id='par_1_25' title="bbox 2257 1137 3792 1217">
     <span class='ocr_line' id='line_1_25' title="bbox 2257 1137 3792 1217; baseline 0.007 -27"><span class='ocrx_word' id='word_1_161' title='bbox 2257 1137 2447 1191; x_wconf 84' lang='grc' dir='ltr'>Ταῦτα</span> <span class='ocrx_word' id='word_1_162' title='bbox 2498 1137 2598 1208; x_wconf 80' lang='grc' dir='ltr'>μὲν</span> <span class='ocrx_word' id='word_1_163' title='bbox 2644 1137 2790 1202; x_wconf 81' lang='grc' dir='ltr'>ὀδοῦ,</span> <span class='ocrx_word' id='word_1_164' title='bbox 2818 1138 2976 1210; x_wconf 72' lang='grc' dir='ltr'>φασὶ,</span> <span class='ocrx_word' id='word_1_165' title='bbox 3006 1139 3289 1212; x_wconf 85' lang='grc' dir='ltr'>πάρεργον</span> <span class='ocrx_word' id='word_1_166' title='bbox 3325 1143 3408 1206; x_wconf 83' lang='grc' dir='ltr'><strong>είς</strong></span> <span class='ocrx_word' id='word_1_167' title='bbox 3437 1142 3663 1214; x_wconf 75' lang='grc' dir='ltr'>ἔλεγχον</span> <span class='ocrx_word' id='word_1_168' title='bbox 3683 1144 3792 1217; x_wconf 77' lang='grc' dir='ltr'><strong>τῆς</strong></span> 
     </span>
    </p>
   </div>
   <div class='ocr_carea' id='block_1_26' title="bbox 2185 1230 3791 1310">
    <p class='ocr_par' dir='ltr' id='par_1_26' title="bbox 2185 1230 3791 1310">
     <span class='ocr_line' id='line_1_26' title="bbox 2185 1230 3791 1310; baseline 0.006 -26"><span class='ocrx_word' id='word_1_169' title='bbox 2185 1230 2627 1301; x_wconf 81' lang='grc' dir='ltr'>νεωτεροποιίας.</span> <span class='ocrx_word' id='word_1_170' title='bbox 2677 1231 2869 1302; x_wconf 82' lang='grc' dir='ltr'><strong>Ὑμεῖς</strong></span> <span class='ocrx_word' id='word_1_171' title='bbox 2900 1231 2958 1286; x_wconf 85' lang='grc' dir='ltr'>δὲ</span> <span class='ocrx_word' id='word_1_172' title='bbox 3003 1233 3116 1288; x_wconf 89' lang='grc' dir='ltr'><strong>τῶν</strong></span> <span class='ocrx_word' id='word_1_173' title='bbox 3163 1236 3469 1306; x_wconf 80' lang='grc' dir='ltr'><strong>ἀμεινόνων</strong></span> <span class='ocrx_word' id='word_1_174' title='bbox 3499 1238 3791 1310; x_wconf 85' lang='grc' dir='ltr'>γενόμενοι</span> 
     </span>
    </p>
   </div>
   <div class='ocr_carea' id='block_1_27' title="bbox 2185 1323 3790 1405">
    <p class='ocr_par' dir='ltr' id='par_1_27' title="bbox 2185 1323 3790 1405">
     <span class='ocr_line' id='line_1_27' title="bbox 2185 1323 3790 1405; baseline 0.004 -28"><span class='ocrx_word' id='word_1_175' title='bbox 2185 1324 2486 1396; x_wconf 81' lang='grc' dir='ltr'><strong>λογισμῶν,</strong></span> <span class='ocrx_word' id='word_1_176' title='bbox 2523 1325 2601 1395; x_wconf 80' lang='grc' dir='ltr'>μὴ</span> <span class='ocrx_word' id='word_1_177' title='bbox 2621 1323 2722 1397; x_wconf 77' lang='grc' dir='ltr'>τὴν</span> <span class='ocrx_word' id='word_1_178' title='bbox 2770 1325 3089 1398; x_wconf 77' lang='grc' dir='ltr'><strong>ἐλευθερίαν</strong></span> <span class='ocrx_word' id='word_1_179' title='bbox 3122 1327 3449 1394; x_wconf 80' lang='grc' dir='ltr'>ἀποδύεσθε,</span> <span class='ocrx_word' id='word_1_180' title='bbox 3478 1329 3616 1401; x_wconf 75' lang='grc' dir='ltr'>μηδὲ</span> <span class='ocrx_word' id='word_1_181' title='bbox 3644 1330 3790 1405; x_wconf 76' lang='grc' dir='ltr'>πρὸς</span> 
     </span>
    </p>
   </div>
   <div class='ocr_carea' id='block_1_28' title="bbox 2132 1414 3791 1492">
    <p class='ocr_par' dir='ltr' id='par_1_28' title="bbox 2132 1414 3791 1492">
     <span class='ocr_line' id='line_1_28' title="bbox 2132 1414 3791 1492; baseline 0.003 -23"><span class='ocrx_word' id='word_1_182' title='bbox 2132 1446 2134 1449; x_wconf 93' lang='grc'><strong>-</strong></span> <span class='ocrx_word' id='word_1_183' title='bbox 2183 1417 2285 1487; x_wconf 81' lang='grc' dir='ltr'><strong>τὴν</strong></span> <span class='ocrx_word' id='word_1_184' title='bbox 2307 1415 2555 1470; x_wconf 80' lang='grc' dir='ltr'>δουλείαν</span> <span class='ocrx_word' id='word_1_185' title='bbox 2575 1417 2676 1487; x_wconf 85' lang='grc' dir='ltr'>τῆς</span> <span class='ocrx_word' id='word_1_186' title='bbox 2725 1416 2936 1489; x_wconf 78' lang='grc' dir='ltr'>φθορᾶς</span> <span class='ocrx_word' id='word_1_187' title='bbox 2973 1418 3226 1483; x_wconf 74' lang='grc' dir='ltr'>ἐλεεινῶς</span> <span class='ocrx_word' id='word_1_188' title='bbox 3257 1420 3656 1492; x_wconf 78' lang='grc' dir='ltr'>ὑποστρέφετε,</span> <span class='ocrx_word' id='word_1_189' title='bbox 3701 1414 3791 1486; x_wconf 78' lang='grc' dir='ltr'>οἷς</span> 
     </span>
    </p>
   </div>
   <div class='ocr_carea' id='block_1_29' title="bbox 2187 1509 3789 1580">
    <p class='ocr_par' dir='ltr' id='par_1_29' title="bbox 2187 1509 3789 1580">
     <span class='ocr_line' id='line_1_29' title="bbox 2187 1509 3789 1580; baseline 0.003 -18"><span class='ocrx_word' id='word_1_190' title='bbox 2187 1509 2405 1578; x_wconf 76' lang='grc' dir='ltr'>ἔξαρνοι</span> <span class='ocrx_word' id='word_1_191' title='bbox 2457 1509 2678 1576; x_wconf 76' lang='grc' dir='ltr'>γίνεσθε</span> <span class='ocrx_word' id='word_1_192' title='bbox 2736 1509 2841 1580; x_wconf 88' lang='grc' dir='ltr'>τῆς</span> <span class='ocrx_word' id='word_1_193' title='bbox 2913 1510 3237 1576; x_wconf 79' lang='grc' dir='ltr'>δεσποτείας</span> <span class='ocrx_word' id='word_1_194' title='bbox 3302 1511 3398 1566; x_wconf 87' lang='grc' dir='ltr'><strong>τοῦ</strong></span> <span class='ocrx_word' id='word_1_195' title='bbox 3438 1512 3789 1578; x_wconf 79' lang='grc' dir='ltr'>δεσποτικῶς</span> 
     </span>
    </p>
   </div>
   <div class='ocr_carea' id='block_1_30' title="bbox 2187 1601 3792 1676">
    <p class='ocr_par' dir='ltr' id='par_1_30' title="bbox 2187 1601 3792 1676">
     <span class='ocr_line' id='line_1_30' title="bbox 2187 1601 3792 1676; baseline 0.002 -20"><span class='ocrx_word' id='word_1_196' title='bbox 2187 1601 2624 1673; x_wconf 85' lang='grc' dir='ltr'>ἐλευθεροῦντος.</span> <span class='ocrx_word' id='word_1_197' title='bbox 2683 1602 2825 1656; x_wconf 82' lang='grc' dir='ltr'>Ἀλλ’</span> <span class='ocrx_word' id='word_1_198' title='bbox 2876 1603 2940 1657; x_wconf 78' lang='grc' dir='ltr'><strong>ού</strong></span> <span class='ocrx_word' id='word_1_199' title='bbox 3001 1603 3288 1674; x_wconf 83' lang='grc' dir='ltr'>βούλονται</span> <span class='ocrx_word' id='word_1_200' title='bbox 3315 1619 3331 1634; x_wconf 89' lang='grc'><strong>·</strong></span> <span class='ocrx_word' id='word_1_201' title='bbox 3387 1606 3667 1676; x_wconf 77' lang='grc' dir='ltr'><strong>ἐχέτωσαν</strong></span> <span class='ocrx_word' id='word_1_202' title='bbox 3709 1605 3792 1670; x_wconf 83' lang='grc' dir='ltr'><strong>ὡς</strong></span> 
     </span>
    </p>
   </div>
   <div class='ocr_carea' id='block_1_31' title="bbox 2187 1694 3793 1768">
    <p class='ocr_par' dir='ltr' id='par_1_31' title="bbox 2187 1694 3793 1768">
     <span class='ocr_line' id='line_1_31' title="bbox 2187 1694 3793 1768; baseline 0.003 -21"><span class='ocrx_word' id='word_1_203' title='bbox 2187 1695 2530 1766; x_wconf 77' lang='grc' dir='ltr'>προτιμῶσιν</span> <span class='ocrx_word' id='word_1_204' title='bbox 2556 1710 2570 1726; x_wconf 78' lang='grc'><em>’</em></span> <span class='ocrx_word' id='word_1_205' title='bbox 2596 1696 2646 1747; x_wconf 73' lang='lat' dir='ltr'><strong>oi</strong></span> <span class='ocrx_word' id='word_1_206' title='bbox 2690 1695 2791 1765; x_wconf 82' lang='grc' dir='ltr'>μὲν</span> <span class='ocrx_word' id='word_1_207' title='bbox 2833 1694 3076 1749; x_wconf 80' lang='grc' dir='ltr'>εἶσονται</span> <span class='ocrx_word' id='word_1_208' title='bbox 3104 1695 3214 1750; x_wconf 88' lang='grc' dir='ltr'><strong>τῶν</strong></span> <span class='ocrx_word' id='word_1_209' title='bbox 3256 1698 3514 1751; x_wconf 73' lang='grc' dir='ltr'>ἐπινοιῶν</span> <span class='ocrx_word' id='word_1_210' title='bbox 3545 1697 3647 1768; x_wconf 80' lang='grc' dir='ltr'>τὴν</span> <span class='ocrx_word' id='word_1_211' title='bbox 3677 1698 3793 1752; x_wconf 80' lang='grc' dir='ltr'>δει-</span> 
     </span>
    </p>
   </div>
   <div class='ocr_carea' id='block_1_32' title="bbox 2187 1787 3792 1862">
    <p class='ocr_par' dir='ltr' id='par_1_32' title="bbox 2187 1787 3792 1862">
     <span class='ocr_line' id='line_1_32' title="bbox 2187 1787 3792 1862; baseline 0.002 -22"><span class='ocrx_word' id='word_1_212' title='bbox 2187 1788 2408 1859; x_wconf 84' lang='grc' dir='ltr'>νότητα,</span> <span class='ocrx_word' id='word_1_213' title='bbox 2445 1787 2668 1842; x_wconf 74' lang='grc' dir='ltr'>ἐπειδὰν</span> <span class='ocrx_word' id='word_1_214' title='bbox 2693 1787 2898 1853; x_wconf 79' lang='grc' dir='ltr'>αὐτοὺς</span> <span class='ocrx_word' id='word_1_215' title='bbox 2926 1789 2998 1843; x_wconf 88' lang='grc' dir='ltr'><strong>τά</strong></span> <span class='ocrx_word' id='word_1_216' title='bbox 3025 1789 3418 1860; x_wconf 86' lang='grc' dir='ltr'>ἀναπόδραστα</span> <span class='ocrx_word' id='word_1_217' title='bbox 3447 1789 3597 1844; x_wconf 85' lang='grc' dir='ltr'>δεινά</span> <span class='ocrx_word' id='word_1_218' title='bbox 3628 1806 3792 1862; x_wconf 86' lang='grc' dir='ltr'>περι-</span> 
     </span>
    </p>
   </div>
   <div class='ocr_carea' id='block_1_33' title="bbox 483 1855 2083 1955">
    <p class='ocr_par' dir='ltr' id='par_1_33' title="bbox 483 1855 2081 1955">
     <span class='ocr_line' id='line_1_33' title="bbox 483 1855 2081 1955; baseline 0.004 -19"><span class='ocrx_word' id='word_1_219' title='bbox 483 1882 858 1939; x_wconf 87' lang='lat' dir='ltr'><strong>circumsistet</strong></span> <span class='ocrx_word' id='word_1_220' title='bbox 870 1855 1048 1940; x_wconf 73' lang='lat' dir='ltr'><strong>l‘uror.</strong></span> <span class='ocrx_word' id='word_1_221' title='bbox 1073 1887 1144 1938; x_wconf 79' lang='lat' dir='ltr'><strong>At</strong></span> <span class='ocrx_word' id='word_1_222' title='bbox 1168 1899 1268 1941; x_wconf 84' lang='lat' dir='ltr'><strong>nos</strong></span> <span class='ocrx_word' id='word_1_223' title='bbox 1290 1886 1586 1955; x_wconf 88' lang='lat' dir='ltr'><strong>adoptione</strong></span> <span class='ocrx_word' id='word_1_224' title='bbox 1614 1886 1881 1954; x_wconf 86' lang='lat' dir='ltr'><strong>illustres,</strong></span> <span class='ocrx_word' id='word_1_225' title='bbox 1905 1895 1960 1941; x_wconf 87' lang='lat' dir='ltr'><strong>et</strong></span> <span class='ocrx_word' id='word_1_226' title='bbox 1981 1887 2081 1942; x_wconf 90' lang='lat' dir='ltr'><strong>ad-</strong></span> 
     </span>
    </p>
   </div>
   <div class='ocr_carea' id='block_1_34' title="bbox 2187 1855 3792 1955">
    <p class='ocr_par' dir='ltr' id='par_1_34' title="bbox 2191 1855 3792 1952">
     <span class='ocr_line' id='line_1_34' title="bbox 2191 1855 3792 1952; baseline 0 -18"><span class='ocrx_word' id='word_1_227' title='bbox 2191 1855 2316 1952; x_wconf 70' lang='grc' dir='ltr'>στῇ,</span> <span class='ocrx_word' id='word_1_228' title='bbox 2369 1879 2528 1946; x_wconf 86' lang='grc' dir='ltr'>λόγον</span> <span class='ocrx_word' id='word_1_229' title='bbox 2583 1878 2889 1949; x_wconf 82' lang='grc' dir='ltr'>ὑπέχοντας</span> <span class='ocrx_word' id='word_1_230' title='bbox 2920 1879 3032 1949; x_wconf 82' lang='grc' dir='ltr'>τῆς</span> <span class='ocrx_word' id='word_1_231' title='bbox 3064 1882 3146 1944; x_wconf 88' lang='grc' dir='ltr'><strong>εἰς</strong></span> <span class='ocrx_word' id='word_1_232' title='bbox 3174 1855 3253 1933; x_wconf 35' lang='grc' dir='ltr'><strong>τὸ-</strong></span> <span class='ocrx_word' id='word_1_233' title='bbox 3275 1880 3504 1951; x_wconf 82' lang='grc' dir='ltr'>Πνεῦμα</span> <span class='ocrx_word' id='word_1_234' title='bbox 3532 1855 3792 1951; x_wconf 53' lang='grc' dir='ltr'>ἀσυγέω-</span> 
     </span>
    </p>
   </div>
   <div class='ocr_carea' id='block_1_35' title="bbox 486 1976 2081 2047">
    <p class='ocr_par' dir='ltr' id='par_1_35' title="bbox 486 1976 2081 2047">
     <span class='ocr_line' id='line_1_35' title="bbox 486 1976 2081 2047; baseline 0.003 -17"><span class='ocrx_word' id='word_1_235' title='bbox 486 1976 732 2044; x_wconf 86' lang='lat' dir='ltr'><strong>optantis</strong></span> <span class='ocrx_word' id='word_1_236' title='bbox 758 1977 970 2031; x_wconf 89' lang='lat' dir='ltr'><strong>cultum</strong></span> <span class='ocrx_word' id='word_1_237' title='bbox 1003 1978 1174 2047; x_wconf 87' lang='lat' dir='ltr'><strong>probe</strong></span> <span class='ocrx_word' id='word_1_238' title='bbox 1203 1977 1487 2044; x_wconf 88' lang='lat' dir='ltr'><strong>callentes,</strong></span> <span class='ocrx_word' id='word_1_239' title='bbox 1522 1986 1785 2047; x_wconf 86' lang='lat' dir='ltr'><strong>tauquam</strong></span> <span class='ocrx_word' id='word_1_240' title='bbox 1814 1979 1913 2034; x_wconf 79' lang='lat' dir='ltr'><strong>lilii</strong></span> <span class='ocrx_word' id='word_1_241' title='bbox 1961 1980 2081 2041; x_wconf 86' lang='lat' dir='ltr'><strong>Dei,</strong></span> 
     </span>
    </p>
   </div>
   <div class='ocr_carea' id='block_1_36' title="bbox 486 2067 2081 2140">
    <p class='ocr_par' dir='ltr' id='par_1_36' title="bbox 486 2067 2081 2140">
     <span class='ocr_line' id='line_1_36' title="bbox 486 2067 2081 2140; baseline 0.003 -18"><span class='ocrx_word' id='word_1_242' title='bbox 486 2067 1020 2124; x_wconf 85' lang='lat' dir='ltr'><strong>consubstantialem</strong></span> <span class='ocrx_word' id='word_1_243' title='bbox 1045 2070 1167 2140; x_wconf 85' lang='lat' dir='ltr'><strong>ejus</strong></span> <span class='ocrx_word' id='word_1_244' title='bbox 1203 2069 1470 2140; x_wconf 90' lang='lat' dir='ltr'><strong>Spiritum</strong></span> <span class='ocrx_word' id='word_1_245' title='bbox 1499 2086 1863 2138; x_wconf 85' lang='lat' dir='ltr'><strong>veneremur;</strong></span> <span class='ocrx_word' id='word_1_246' title='bbox 1893 2071 2081 2128; x_wconf 90' lang='lat' dir='ltr'><strong>lumen</strong></span> 
     </span>
    </p>
   </div>
   <div class='ocr_carea' id='block_1_37' title="bbox 481 2162 2080 2230">
    <p class='ocr_par' dir='ltr' id='par_1_37' title="bbox 481 2162 2080 2230">
     <span class='ocr_line' id='line_1_37' title="bbox 481 2162 2080 2230; baseline 0.001 -15"><span class='ocrx_word' id='word_1_247' title='bbox 481 2173 676 2216; x_wconf 77' lang='lat' dir='ltr'><strong>verum</strong></span> <span class='ocrx_word' id='word_1_248' title='bbox 695 2162 882 2217; x_wconf 85' lang='lat' dir='ltr'><strong>orbem</strong></span> <span class='ocrx_word' id='word_1_249' title='bbox 913 2163 1259 2230; x_wconf 88' lang='lat' dir='ltr'><strong>illuminans,</strong></span> <span class='ocrx_word' id='word_1_250' title='bbox 1277 2174 1489 2218; x_wconf 91' lang='lat' dir='ltr'><strong>rectum</strong></span> <span class='ocrx_word' id='word_1_251' title='bbox 1521 2170 1578 2218; x_wconf 91' lang='lat' dir='ltr'><strong>et</strong></span> <span class='ocrx_word' id='word_1_252' title='bbox 1597 2163 1665 2218; x_wconf 90' lang='lat' dir='ltr'><strong>ad</strong></span> <span class='ocrx_word' id='word_1_253' title='bbox 1697 2163 2080 2219; x_wconf 89' lang='lat' dir='ltr'><strong>rectitudinem</strong></span> 
     </span>
    </p>
   </div>
   <div class='ocr_carea' id='block_1_38' title="bbox 485 2251 2076 2324">
    <p class='ocr_par' dir='ltr' id='par_1_38' title="bbox 485 2251 2076 2324">
     <span class='ocr_line' id='line_1_38' title="bbox 485 2251 2076 2324; baseline 0.004 -20"><span class='ocrx_word' id='word_1_254' title='bbox 485 2251 686 2306; x_wconf 90' lang='lat' dir='ltr'><strong>salutis</strong></span> <span class='ocrx_word' id='word_1_255' title='bbox 709 2251 764 2306; x_wconf 90' lang='lat' dir='ltr'><strong>in</strong></span> <span class='ocrx_word' id='word_1_256' title='bbox 796 2252 1039 2323; x_wconf 87' lang='lat' dir='ltr'><strong>obliquis</strong></span> <span class='ocrx_word' id='word_1_257' title='bbox 1069 2254 1395 2324; x_wconf 89' lang='lat' dir='ltr'><strong>perditionis</strong></span> <span class='ocrx_word' id='word_1_258' title='bbox 1418 2254 1521 2308; x_wconf 90' lang='lat' dir='ltr'><strong>viis</strong></span> <span class='ocrx_word' id='word_1_259' title='bbox 1565 2260 1819 2310; x_wconf 85' lang='lat' dir='ltr'><strong>errantes</strong></span> <span class='ocrx_word' id='word_1_260' title='bbox 1847 2253 2076 2319; x_wconf 87' lang='lat' dir='ltr'><strong>ducens,</strong></span> 
     </span>
    </p>
   </div>
   <div class='ocr_carea' id='block_1_39' title="bbox 481 2339 2075 2412">
    <p class='ocr_par' dir='ltr' id='par_1_39' title="bbox 481 2339 2075 2412">
     <span class='ocr_line' id='line_1_39' title="bbox 481 2339 2075 2412; baseline 0.003 -18"><span class='ocrx_word' id='word_1_261' title='bbox 481 2339 786 2397; x_wconf 86' lang='lat' dir='ltr'><strong>bonitatem</strong></span> <span class='ocrx_word' id='word_1_262' title='bbox 815 2341 1082 2412; x_wconf 81' lang='lat' dir='ltr'><strong>largiens,</strong></span> <span class='ocrx_word' id='word_1_263' title='bbox 1111 2344 1373 2398; x_wconf 78' lang='lat' dir='ltr'><strong>beneﬁcia</strong></span> <span class='ocrx_word' id='word_1_264' title='bbox 1412 2343 1722 2407; x_wconf 80' lang='lat' dir='ltr'><strong>elTundens,</strong></span> <span class='ocrx_word' id='word_1_265' title='bbox 1755 2352 1811 2399; x_wconf 92' lang='lat' dir='ltr'><strong>et</strong></span> <span class='ocrx_word' id='word_1_266' title='bbox 1864 2343 2075 2401; x_wconf 78' lang='lat' dir='ltr'><strong>Iontem</strong></span> 
     </span>
    </p>
   </div>
   <div class='ocr_carea' id='block_1_40' title="bbox 483 2429 2083 2507">
    <p class='ocr_par' dir='ltr' id='par_1_40' title="bbox 483 2429 2083 2507">
     <span class='ocr_line' id='line_1_40' title="bbox 483 2429 2083 2507; baseline 0.004 -20"><span class='ocrx_word' id='word_1_267' title='bbox 483 2433 799 2488; x_wconf 86' lang='lat' dir='ltr'><strong>sanctitatis</strong></span> <span class='ocrx_word' id='word_1_268' title='bbox 831 2429 1470 2504; x_wconf 86' lang='lat' dir='ltr'><strong>incomprehensibilem,</strong></span> <span class='ocrx_word' id='word_1_269' title='bbox 1502 2451 1664 2505; x_wconf 91' lang='lat' dir='ltr'><strong>quem</strong></span> <span class='ocrx_word' id='word_1_270' title='bbox 1689 2436 2083 2507; x_wconf 85' lang='lat' dir='ltr'><strong>participantes</strong></span> 
     </span>
    </p>
   </div>
   <div class='ocr_carea' id='block_1_41' title="bbox 485 2524 2085 2601">
    <p class='ocr_par' dir='ltr' id='par_1_41' title="bbox 485 2524 2085 2601">
     <span class='ocr_line' id='line_1_41' title="bbox 485 2524 2085 2601; baseline 0.004 -22"><span class='ocrx_word' id='word_1_271' title='bbox 485 2524 804 2595; x_wconf 86' lang='lat' dir='ltr'><strong>spirituales</strong></span> <span class='ocrx_word' id='word_1_272' title='bbox 822 2526 1193 2598; x_wconf 71' lang='lat' dir='ltr'><strong>intelligentia:</strong></span> <span class='ocrx_word' id='word_1_273' title='bbox 1209 2528 1396 2582; x_wconf 88' lang='lat' dir='ltr'><strong>statim</strong></span> <span class='ocrx_word' id='word_1_274' title='bbox 1411 2528 1829 2585; x_wconf 78' lang='lat' dir='ltr'><strong>sanctiﬁcantur</strong></span> <span class='ocrx_word' id='word_1_275' title='bbox 1856 2547 1870 2585; x_wconf 91' lang='lat'><strong>:</strong></span> <span class='ocrx_word' id='word_1_276' title='bbox 1895 2544 2085 2601; x_wconf 78' lang='lat' dir='ltr'><strong>quam-</strong></span> 
     </span>
    </p>
   </div>
   <div class='ocr_carea' id='block_1_42' title="bbox 483 2615 2079 2694">
    <p class='ocr_par' dir='ltr' id='par_1_42' title="bbox 483 2615 2079 2694">
     <span class='ocr_line' id='line_1_42' title="bbox 483 2615 2079 2694; baseline 0.007 -25"><span class='ocrx_word' id='word_1_277' title='bbox 483 2615 572 2670; x_wconf 85' lang='lat' dir='ltr'><strong>vis</strong></span> <span class='ocrx_word' id='word_1_278' title='bbox 602 2615 675 2670; x_wconf 89' lang='lat' dir='ltr'><strong>ob</strong></span> <span class='ocrx_word' id='word_1_279' title='bbox 703 2615 1006 2672; x_wconf 87' lang='lat' dir='ltr'><strong>voluntatis</strong></span> <span class='ocrx_word' id='word_1_280' title='bbox 1034 2617 1301 2671; x_wconf 89' lang='lat' dir='ltr'><strong>malitiam</strong></span> <span class='ocrx_word' id='word_1_281' title='bbox 1328 2619 1680 2684; x_wconf 88' lang='lat' dir='ltr'><strong>tenebrosus,</strong></span> <span class='ocrx_word' id='word_1_282' title='bbox 1715 2622 2079 2694; x_wconf 89' lang='lat' dir='ltr'><strong>impurusque</strong></span> 
     </span>
    </p>
   </div>
   <div class='ocr_carea' id='block_1_43' title="bbox 470 2707 2078 2778">
    <p class='ocr_par' dir='ltr' id='par_1_43' title="bbox 470 2707 2078 2778">
     <span class='ocr_line' id='line_1_43' title="bbox 470 2707 2078 2778; baseline 0.005 -16"><span class='ocrx_word' id='word_1_283' title='bbox 470 2709 742 2776; x_wconf 62' lang='lat' dir='ltr'><strong>evaserit,</strong></span> <span class='ocrx_word' id='word_1_284' title='bbox 797 2709 926 2778; x_wconf 88' lang='lat' dir='ltr'><strong>quia</strong></span> <span class='ocrx_word' id='word_1_285' title='bbox 958 2723 989 2762; x_wconf 91' lang='lat' dir='ltr'><strong>a</strong></span> <span class='ocrx_word' id='word_1_286' title='bbox 1029 2707 1353 2766; x_wconf 88' lang='lat' dir='ltr'><strong>Hicrarchia</strong></span> <span class='ocrx_word' id='word_1_287' title='bbox 1384 2709 1608 2766; x_wconf 63' lang='lat' dir='ltr'><strong>Coalein</strong></span> <span class='ocrx_word' id='word_1_288' title='bbox 1655 2711 1944 2770; x_wconf 86' lang='lat' dir='ltr'><strong>abscissus</strong></span> <span class='ocrx_word' id='word_1_289' title='bbox 1972 2724 2078 2770; x_wconf 86' lang='lat' dir='ltr'><strong>est.</strong></span> 
     </span>
    </p>
   </div>
   <div class='ocr_carea' id='block_1_44' title="bbox 479 2799 2083 2876">
    <p class='ocr_par' dir='ltr' id='par_1_44' title="bbox 479 2799 2083 2876">
     <span class='ocr_line' id='line_1_44' title="bbox 479 2799 2083 2876; baseline 0.007 -23"><span class='ocrx_word' id='word_1_290' title='bbox 479 2799 751 2856; x_wconf 71' lang='lat' dir='ltr'><strong>Cazterum</strong></span> <span class='ocrx_word' id='word_1_291' title='bbox 779 2809 1046 2857; x_wconf 65' lang='lat' dir='ltr'><strong>creatura)</strong></span> <span class='ocrx_word' id='word_1_292' title='bbox 1085 2802 1310 2873; x_wconf 73' lang='lat' dir='ltr'><strong>reliqua:</strong></span> <span class='ocrx_word' id='word_1_293' title='bbox 1353 2804 1782 2874; x_wconf 85' lang='lat' dir='ltr'><strong>pulchritudinis</strong></span> <span class='ocrx_word' id='word_1_294' title='bbox 1833 2807 1978 2876; x_wconf 84' lang='lat' dir='ltr'><strong>eius,</strong></span> <span class='ocrx_word' id='word_1_295' title='bbox 2026 2818 2083 2865; x_wconf 90' lang='lat' dir='ltr'><strong>et</strong></span> 
     </span>
    </p>
   </div>
   <div class='ocr_carea' id='block_1_45' title="bbox 479 2893 2075 2955">
    <p class='ocr_par' dir='ltr' id='par_1_45' title="bbox 479 2893 2075 2955">
     <span class='ocr_line' id='line_1_45' title="bbox 479 2893 2075 2955; baseline 0.005 -8"><span class='ocrx_word' id='word_1_296' title='bbox 479 2893 796 2949; x_wconf 81' lang='lat' dir='ltr'><strong>sanctitatis</strong></span> <span class='ocrx_word' id='word_1_297' title='bbox 837 2895 1346 2950; x_wconf 82' lang='lat' dir='ltr'><strong>communicatione</strong></span> <span class='ocrx_word' id='word_1_298' title='bbox 1382 2895 1899 2953; x_wconf 82' lang='lat' dir='ltr'><strong>decorantur.[linc</strong></span> <span class='ocrx_word' id='word_1_299' title='bbox 1925 2900 2075 2955; x_wconf 85' lang='lat' dir='ltr'><strong>enim</strong></span> 
     </span>
    </p>
   </div>
   <div class='ocr_carea' id='block_1_46' title="bbox 478 2983 2114 3055">
    <p class='ocr_par' dir='ltr' id='par_1_46' title="bbox 478 2983 2114 3055">
     <span class='ocr_line' id='line_1_46' title="bbox 478 2983 2114 3055; baseline 0.006 -17"><span class='ocrx_word' id='word_1_300' title='bbox 478 2993 588 3047; x_wconf 86' lang='lat' dir='ltr'><strong>est.</strong></span> <span class='ocrx_word' id='word_1_301' title='bbox 621 2993 682 3041; x_wconf 87' lang='lat' dir='ltr'><strong>ut</strong></span> <span class='ocrx_word' id='word_1_302' title='bbox 709 2986 896 3040; x_wconf 85' lang='lat' dir='ltr'><strong>omnia</strong></span> <span class='ocrx_word' id='word_1_303' title='bbox 932 2986 1092 3041; x_wconf 83' lang='lat' dir='ltr'><strong>valde</strong></span> <span class='ocrx_word' id='word_1_304' title='bbox 1116 2985 1258 3041; x_wconf 90' lang='lat' dir='ltr'><strong>bona</strong></span> <span class='ocrx_word' id='word_1_305' title='bbox 1285 2987 1421 3049; x_wconf 89' lang='lat' dir='ltr'><strong>sint,</strong></span> <span class='ocrx_word' id='word_1_306' title='bbox 1451 2994 1505 3043; x_wconf 89' lang='lat' dir='ltr'><strong>et</strong></span> <span class='ocrx_word' id='word_1_307' title='bbox 1536 2996 1830 3055; x_wconf 86' lang='lat' dir='ltr'><strong>vocentur,</strong></span> <span class='ocrx_word' id='word_1_308' title='bbox 1859 3006 1890 3045; x_wconf 87' lang='lat' dir='ltr'><strong>a</strong></span> <span class='ocrx_word' id='word_1_309' title='bbox 1914 2991 2080 3048; x_wconf 87' lang='lat' dir='ltr'><strong>Patre</strong></span> <span class='ocrx_word' id='word_1_310' title='bbox 2108 2983 2114 2989; x_wconf 74' lang='grc'><em>’</em></span> 
     </span>
    </p>
   </div>
   <div class='ocr_carea' id='block_1_47' title="bbox 2190 1970 3792 2043">
    <p class='ocr_par' dir='ltr' id='par_1_47' title="bbox 2190 1970 3792 2043">
     <span class='ocr_line' id='line_1_47' title="bbox 2190 1970 3792 2043; baseline -0.001 -18"><span class='ocrx_word' id='word_1_311' title='bbox 2190 1973 2356 2042; x_wconf 82' lang='grc' dir='ltr'>ρήτου</span> <span class='ocrx_word' id='word_1_312' title='bbox 2422 1970 2810 2042; x_wconf 81' lang='grc' dir='ltr'>βλασφημίας·</span> <span class='ocrx_word' id='word_1_313' title='bbox 2862 1970 2914 2024; x_wconf 88' lang='grc' dir='ltr'><strong>οί</strong></span> <span class='ocrx_word' id='word_1_314' title='bbox 2975 1971 3036 2025; x_wconf 79' lang='grc' dir='ltr'><strong>δέ</strong></span> <span class='ocrx_word' id='word_1_315' title='bbox 3081 1974 3146 2042; x_wconf 83' lang='grc' dir='ltr'><strong>τῇ</strong></span> <span class='ocrx_word' id='word_1_316' title='bbox 3174 1973 3421 2043; x_wconf 75' lang='grc' dir='ltr'>υἱοθεσία</span> <span class='ocrx_word' id='word_1_317' title='bbox 3462 1971 3642 2035; x_wconf 84' lang='grc' dir='ltr'>καλῶς</span> <span class='ocrx_word' id='word_1_318' title='bbox 3669 1972 3792 2025; x_wconf 87' lang='grc' dir='ltr'>δια-</span> 
     </span>
    </p>
   </div>
   <div class='ocr_carea' id='block_1_48' title="bbox 2186 2053 3788 2135">
    <p class='ocr_par' dir='ltr' id='par_1_48' title="bbox 2186 2053 3788 2135">
     <span class='ocr_line' id='line_1_48' title="bbox 2186 2053 3788 2135; baseline 0.003 -22"><span class='ocrx_word' id='word_1_319' title='bbox 2186 2053 2516 2132; x_wconf 81' lang='grc' dir='ltr'>πρέποντες,</span> <span class='ocrx_word' id='word_1_320' title='bbox 2547 2061 2605 2113; x_wconf 88' lang='grc' dir='ltr'><strong>ἐν</strong></span> <span class='ocrx_word' id='word_1_321' title='bbox 2632 2059 2711 2132; x_wconf 81' lang='grc' dir='ltr'>τῷ</span> <span class='ocrx_word' id='word_1_322' title='bbox 2735 2060 2919 2125; x_wconf 89' lang='grc' dir='ltr'>καλῶς</span> <span class='ocrx_word' id='word_1_323' title='bbox 2962 2061 3064 2134; x_wconf 78' lang='grc' dir='ltr'>τὴν</span> <span class='ocrx_word' id='word_1_324' title='bbox 3092 2063 3270 2135; x_wconf 67' lang='grc' dir='ltr'><strong>⁸τιμὴν</strong></span> <span class='ocrx_word' id='word_1_325' title='bbox 3303 2064 3507 2118; x_wconf 85' lang='grc' dir='ltr'>ειδέναι</span> <span class='ocrx_word' id='word_1_326' title='bbox 3529 2063 3626 2118; x_wconf 91' lang='grc' dir='ltr'><strong>τοῦ</strong></span> <span class='ocrx_word' id='word_1_327' title='bbox 3667 2065 3788 2118; x_wconf 61' lang='lat' dir='ltr'><strong>uio.</strong></span> 
     </span>
    </p>
   </div>
   <div class='ocr_carea' id='block_1_49' title="bbox 2186 2147 3787 2226">
    <p class='ocr_par' dir='ltr' id='par_1_49' title="bbox 2186 2147 3787 2226">
     <span class='ocr_line' id='line_1_49' title="bbox 2186 2147 3787 2226; baseline 0.003 -19"><span class='ocrx_word' id='word_1_328' title='bbox 2186 2154 2534 2226; x_wconf 87' lang='grc' dir='ltr'>θετήσαντος,</span> <span class='ocrx_word' id='word_1_329' title='bbox 2584 2147 2678 2209; x_wconf 72' lang='grc' dir='ltr'>οἵα</span> <span class='ocrx_word' id='word_1_330' title='bbox 2731 2153 2799 2225; x_wconf 79' lang='grc' dir='ltr'>δὴ</span> <span class='ocrx_word' id='word_1_331' title='bbox 2826 2154 2997 2208; x_wconf 83' lang='grc' dir='ltr'>τέκνα</span> <span class='ocrx_word' id='word_1_332' title='bbox 3045 2153 3208 2221; x_wconf 84' lang='grc' dir='ltr'>Θεοῦ,</span> <span class='ocrx_word' id='word_1_333' title='bbox 3245 2156 3308 2211; x_wconf 80' lang='grc' dir='ltr'>τὸ</span> <span class='ocrx_word' id='word_1_334' title='bbox 3334 2157 3585 2226; x_wconf 82' lang='grc' dir='ltr'>συμφυὲς</span> <span class='ocrx_word' id='word_1_335' title='bbox 3614 2157 3787 2212; x_wconf 83' lang='grc' dir='ltr'>αὐτοῦ</span> 
     </span>
    </p>
   </div>
   <div class='ocr_carea' id='block_1_50' title="bbox 2185 2245 3792 2318">
    <p class='ocr_par' dir='ltr' id='par_1_50' title="bbox 2185 2245 3792 2318">
     <span class='ocr_line' id='line_1_50' title="bbox 2185 2245 3792 2318; baseline 0.004 -18"><span class='ocrx_word' id='word_1_336' title='bbox 2185 2246 2413 2315; x_wconf 82' lang='grc' dir='ltr'>Πνεῦμα</span> <span class='ocrx_word' id='word_1_337' title='bbox 2445 2245 2778 2316; x_wconf 75' lang='grc' dir='ltr'>θειάζωμεν,</span> <span class='ocrx_word' id='word_1_338' title='bbox 2816 2245 2878 2298; x_wconf 80' lang='grc' dir='ltr'>τὸ</span> <span class='ocrx_word' id='word_1_339' title='bbox 2925 2245 3186 2317; x_wconf 83' lang='grc' dir='ltr'>ἀληθινὸν</span> <span class='ocrx_word' id='word_1_340' title='bbox 3221 2246 3363 2318; x_wconf 79' lang='grc' dir='ltr'>φῶς,</span> <span class='ocrx_word' id='word_1_341' title='bbox 3421 2248 3484 2302; x_wconf 75' lang='grc' dir='ltr'><strong>τὸ</strong></span> <span class='ocrx_word' id='word_1_342' title='bbox 3535 2248 3792 2318; x_wconf 82' lang='grc' dir='ltr'>φωτίσαν</span> 
     </span>
    </p>
   </div>
   <div class='ocr_carea' id='block_1_51' title="bbox 2185 2337 3790 2414">
    <p class='ocr_par' dir='ltr' id='par_1_51' title="bbox 2185 2337 3790 2414">
     <span class='ocr_line' id='line_1_51' title="bbox 2185 2337 3790 2414; baseline 0.001 -20"><span class='ocrx_word' id='word_1_343' title='bbox 2185 2341 2255 2394; x_wconf 84' lang='grc' dir='ltr'><strong>τά</strong></span> <span class='ocrx_word' id='word_1_344' title='bbox 2285 2340 2522 2410; x_wconf 85' lang='grc' dir='ltr'>πέρατα,</span> <span class='ocrx_word' id='word_1_345' title='bbox 2578 2338 2642 2392; x_wconf 80' lang='grc' dir='ltr'><strong>τὸ</strong></span> <span class='ocrx_word' id='word_1_346' title='bbox 2694 2337 2852 2403; x_wconf 67' lang='lat' dir='ltr'><strong>eset;</strong></span> <span class='ocrx_word' id='word_1_347' title='bbox 2893 2340 2991 2392; x_wconf 74' lang='grc' dir='ltr'>καὶ</span> <span class='ocrx_word' id='word_1_348' title='bbox 3024 2339 3164 2411; x_wconf 81' lang='grc' dir='ltr'>πρὸς</span> <span class='ocrx_word' id='word_1_349' title='bbox 3199 2340 3473 2413; x_wconf 78' lang='grc' dir='ltr'>εὐθύτητα</span> <span class='ocrx_word' id='word_1_350' title='bbox 3508 2343 3790 2414; x_wconf 74' lang='grc' dir='ltr'>σωτηρίας</span> 
     </span>
    </p>
   </div>
   <div class='ocr_carea' id='block_1_52' title="bbox 2185 2432 3788 2505">
    <p class='ocr_par' dir='ltr' id='par_1_52' title="bbox 2185 2432 3788 2505">
     <span class='ocr_line' id='line_1_52' title="bbox 2185 2432 3788 2505; baseline 0.002 -19"><span class='ocrx_word' id='word_1_351' title='bbox 2185 2432 2568 2504; x_wconf 69' lang='grc' dir='ltr'>καθώηγῆσαν</span> <span class='ocrx_word' id='word_1_352' title='bbox 2591 2434 2720 2495; x_wconf 82' lang='grc' dir='ltr'>τοὺς</span> <span class='ocrx_word' id='word_1_353' title='bbox 2757 2432 3156 2502; x_wconf 80' lang='grc' dir='ltr'>πλανωμένους</span> <span class='ocrx_word' id='word_1_354' title='bbox 3187 2434 3247 2488; x_wconf 77' lang='grc' dir='ltr'><strong>ἐν</strong></span> <span class='ocrx_word' id='word_1_355' title='bbox 3277 2434 3492 2505; x_wconf 80' lang='grc' dir='ltr'>τρίὸοις</span> <span class='ocrx_word' id='word_1_356' title='bbox 3544 2437 3788 2500; x_wconf 78' lang='grc' dir='ltr'>σκολιαίς</span> 
     </span>
    </p>
   </div>
   <div class='ocr_carea' id='block_1_53' title="bbox 2184 2523 3789 2613">
    <p class='ocr_par' dir='ltr' id='par_1_53' title="bbox 2184 2523 3789 2613">
     <span class='ocr_line' id='line_1_53' title="bbox 2184 2523 3789 2613; baseline 0.002 -34"><span class='ocrx_word' id='word_1_357' title='bbox 2184 2525 2488 2590; x_wconf 85' lang='grc' dir='ltr'>ἀπωλείας,</span> <span class='ocrx_word' id='word_1_358' title='bbox 2515 2524 2579 2578; x_wconf 77' lang='grc' dir='ltr'>τὸ</span> <span class='ocrx_word' id='word_1_359' title='bbox 2622 2523 2789 2595; x_wconf 85' lang='grc' dir='ltr'>βρύον</span> <span class='ocrx_word' id='word_1_360' title='bbox 2821 2524 2921 2597; x_wconf 80' lang='grc' dir='ltr'>τὴν</span> <span class='ocrx_word' id='word_1_361' title='bbox 2971 2525 3314 2598; x_wconf 83' lang='grc' dir='ltr'>ἀγαθότητα,</span> <span class='ocrx_word' id='word_1_362' title='bbox 3347 2528 3581 2613; x_wconf 72' lang='grc' dir='ltr'>καὶτοῖς</span> <span class='ocrx_word' id='word_1_363' title='bbox 3616 2545 3789 2599; x_wconf 90' lang='grc' dir='ltr'>μετα-</span> 
     </span>
    </p>
   </div>
   <div class='ocr_carea' id='block_1_54' title="bbox 2166 2617 3788 2691">
    <p class='ocr_par' dir='ltr' id='par_1_54' title="bbox 2166 2617 3788 2691">
     <span class='ocr_line' id='line_1_54' title="bbox 2166 2617 3788 2691; baseline -0.002 -21"><span class='ocrx_word' id='word_1_364' title='bbox 2166 2617 2376 2690; x_wconf 83' lang='grc' dir='ltr'>-σχοῦσι</span> <span class='ocrx_word' id='word_1_365' title='bbox 2423 2618 2486 2671; x_wconf 77' lang='grc' dir='ltr'>τὸ</span> <span class='ocrx_word' id='word_1_366' title='bbox 2536 2617 2908 2685; x_wconf 87' lang='grc' dir='ltr'>ἀγαθύνεσθαι</span> <span class='ocrx_word' id='word_1_367' title='bbox 2965 2618 3352 2689; x_wconf 79' lang='grc' dir='ltr'>χαριζόμενον,</span> <span class='ocrx_word' id='word_1_368' title='bbox 3407 2620 3509 2691; x_wconf 79' lang='grc' dir='ltr'><strong>τὴν</strong></span> <span class='ocrx_word' id='word_1_369' title='bbox 3573 2622 3788 2677; x_wconf 81' lang='grc' dir='ltr'>ἀκατά.</span> 
     </span>
    </p>
   </div>
   <div class='ocr_carea' id='block_1_55' title="bbox 2183 2703 3786 2782">
    <p class='ocr_par' dir='ltr' id='par_1_55' title="bbox 2183 2703 3786 2782">
     <span class='ocr_line' id='line_1_55' title="bbox 2183 2703 3786 2782; baseline 0.004 -18"><span class='ocrx_word' id='word_1_370' title='bbox 2183 2713 2388 2781; x_wconf 86' lang='grc' dir='ltr'>ληπτον</span> <span class='ocrx_word' id='word_1_371' title='bbox 2420 2712 2608 2782; x_wconf 81' lang='grc' dir='ltr'>πηγὴν</span> <span class='ocrx_word' id='word_1_372' title='bbox 2645 2710 2747 2781; x_wconf 82' lang='grc' dir='ltr'>τῆς</span> <span class='ocrx_word' id='word_1_373' title='bbox 2799 2710 3116 2781; x_wconf 86' lang='grc' dir='ltr'>ἁγιότητος,</span> <span class='ocrx_word' id='word_1_374' title='bbox 3149 2703 3211 2766; x_wconf 78' lang='grc' dir='ltr'><strong>οὗ</strong></span> <span class='ocrx_word' id='word_1_375' title='bbox 3246 2713 3655 2782; x_wconf 75' lang='grc' dir='ltr'>μεταλαϐοῦσαι</span> <span class='ocrx_word' id='word_1_376' title='bbox 3684 2715 3786 2771; x_wconf 87' lang='grc' dir='ltr'><strong>τοῦ</strong></span> 
     </span>
    </p>
   </div>
   <div class='ocr_carea' id='block_1_56' title="bbox 2183 2803 3787 2879">
    <p class='ocr_par' dir='ltr' id='par_1_56' title="bbox 2183 2803 3787 2879">
     <span class='ocr_line' id='line_1_56' title="bbox 2183 2803 3787 2879; baseline 0.003 -20"><span class='ocrx_word' id='word_1_377' title='bbox 2183 2803 2460 2872; x_wconf 87' lang='grc' dir='ltr'>ἀγιασμοῦ</span> <span class='ocrx_word' id='word_1_378' title='bbox 2490 2803 2814 2870; x_wconf 78' lang='grc' dir='ltr'>ἀγιάζονται</span> <span class='ocrx_word' id='word_1_379' title='bbox 2871 2803 2972 2874; x_wconf 78' lang='grc' dir='ltr'>μὲν</span> <span class='ocrx_word' id='word_1_380' title='bbox 3025 2803 3154 2875; x_wconf 77' lang='grc' dir='ltr'>ἄρτι</span> <span class='ocrx_word' id='word_1_381' title='bbox 3185 2806 3488 2876; x_wconf 88' lang='grc' dir='ltr'>παριοῦσαι</span> <span class='ocrx_word' id='word_1_382' title='bbox 3523 2809 3661 2879; x_wconf 78' lang='grc' dir='ltr'>πρὸς</span> <span class='ocrx_word' id='word_1_383' title='bbox 3688 2810 3787 2879; x_wconf 79' lang='grc' dir='ltr'>γέ-</span> 
     </span>
    </p>
   </div>
   <div class='ocr_carea' id='block_1_57' title="bbox 2183 2895 3786 2971">
    <p class='ocr_par' dir='ltr' id='par_1_57' title="bbox 2183 2895 3786 2971">
     <span class='ocr_line' id='line_1_57' title="bbox 2183 2895 3786 2971; baseline 0.002 -21"><span class='ocrx_word' id='word_1_384' title='bbox 2183 2915 2337 2950; x_wconf 89' lang='grc' dir='ltr'>νεσιν</span> <span class='ocrx_word' id='word_1_385' title='bbox 2375 2897 2431 2949; x_wconf 80' lang='grc' dir='ltr'>αἱ</span> <span class='ocrx_word' id='word_1_386' title='bbox 2473 2896 2660 2967; x_wconf 64' lang='lat' dir='ltr'><strong>vespa).</strong></span> <span class='ocrx_word' id='word_1_387' title='bbox 2697 2895 3004 2968; x_wconf 76' lang='grc' dir='ltr'>δυνάμειςο</span> <span class='ocrx_word' id='word_1_388' title='bbox 3066 2898 3116 2951; x_wconf 76' lang='grc' dir='ltr'><strong>εί</strong></span> <span class='ocrx_word' id='word_1_389' title='bbox 3185 2898 3282 2953; x_wconf 79' lang='grc' dir='ltr'>καὶ</span> <span class='ocrx_word' id='word_1_390' title='bbox 3340 2899 3430 2952; x_wconf 75' lang='grc' dir='ltr'><strong>διὰ</strong></span> <span class='ocrx_word' id='word_1_391' title='bbox 3481 2899 3786 2971; x_wconf 78' lang='grc' dir='ltr'>σκαιότητα</span> 
     </span>
    </p>
   </div>
   <div class='ocr_carea' id='block_1_58' title="bbox 2183 2988 3786 3064">
    <p class='ocr_par' dir='ltr' id='par_1_58' title="bbox 2183 2988 3786 3064">
     <span class='ocr_line' id='line_1_58' title="bbox 2183 2988 3786 3064; baseline 0.002 -21"><span class='ocrx_word' id='word_1_392' title='bbox 2183 2988 2562 3061; x_wconf 86' lang='grc' dir='ltr'>προαιρέσεως</span> <span class='ocrx_word' id='word_1_393' title='bbox 2581 2991 2611 3043; x_wconf 86' lang='grc' dir='ltr'><strong>ό</strong></span> <span class='ocrx_word' id='word_1_394' title='bbox 2639 2988 2740 3060; x_wconf 82' lang='grc' dir='ltr'>τῆς</span> <span class='ocrx_word' id='word_1_395' title='bbox 2771 2989 2937 3057; x_wconf 85' lang='grc' dir='ltr'>ἀγίας</span> <span class='ocrx_word' id='word_1_396' title='bbox 2973 2989 3072 3044; x_wconf 70' lang='grc' dir='ltr'>καὶ</span> <span class='ocrx_word' id='word_1_397' title='bbox 3098 2991 3426 3060; x_wconf 79' lang='grc' dir='ltr'>φωτοειδοῦς</span> <span class='ocrx_word' id='word_1_398' title='bbox 3446 2991 3786 3064; x_wconf 77' lang='grc' dir='ltr'>ἀπεῤῥαγὼς</span> 
     </span>
    </p>
   </div>
   <div class='ocr_carea' id='block_1_59' title="bbox 477 3073 2083 3182">
    <p class='ocr_par' dir='ltr' id='par_1_59' title="bbox 477 3073 2077 3146">
     <span class='ocr_line' id='line_1_59' title="bbox 477 3073 2077 3146; baseline 0.005 -17"><span class='ocrx_word' id='word_1_399' title='bbox 477 3074 704 3145; x_wconf 89' lang='lat' dir='ltr'><strong>quidem</strong></span> <span class='ocrx_word' id='word_1_400' title='bbox 739 3091 836 3146; x_wconf 89' lang='lat' dir='ltr'><strong>per</strong></span> <span class='ocrx_word' id='word_1_401' title='bbox 870 3073 1074 3130; x_wconf 89' lang='lat' dir='ltr'><strong>Filium</strong></span> <span class='ocrx_word' id='word_1_402' title='bbox 1117 3085 1329 3144; x_wconf 82' lang='lat' dir='ltr'><strong>creata,</strong></span> <span class='ocrx_word' id='word_1_403' title='bbox 1362 3078 1871 3136; x_wconf 86' lang='lat' dir='ltr'><strong>communicatione</strong></span> <span class='ocrx_word' id='word_1_404' title='bbox 1895 3094 2077 3137; x_wconf 89' lang='lat' dir='ltr'><strong>autem</strong></span> 
     </span>
    </p>
   </div>
   <div class='ocr_carea' id='block_1_60' title="bbox 2187 3073 3790 3182">
    <p class='ocr_par' dir='ltr' id='par_1_60' title="bbox 2187 3079 3790 3152">
     <span class='ocr_line' id='line_1_60' title="bbox 2187 3079 3790 3152; baseline 0.003 -17"><span class='ocrx_word' id='word_1_405' title='bbox 2187 3081 2412 3149; x_wconf 75' lang='grc' dir='ltr'>τάξεως,</span> <span class='ocrx_word' id='word_1_406' title='bbox 2451 3079 2680 3152; x_wconf 75' lang='grc' dir='ltr'>βέϐηλός</span> <span class='ocrx_word' id='word_1_407' title='bbox 2702 3097 2763 3134; x_wconf 89' lang='grc' dir='ltr'><strong>τε</strong></span> <span class='ocrx_word' id='word_1_408' title='bbox 2786 3081 2905 3150; x_wconf 77' lang='grc' dir='ltr'>ἄμα</span> <span class='ocrx_word' id='word_1_409' title='bbox 2927 3081 3023 3135; x_wconf 77' lang='grc' dir='ltr'>καὶ</span> <span class='ocrx_word' id='word_1_410' title='bbox 3061 3083 3260 3147; x_wconf 85' lang='grc' dir='ltr'>σκότος</span> <span class='ocrx_word' id='word_1_411' title='bbox 3290 3081 3508 3151; x_wconf 87' lang='grc' dir='ltr'>ἐγένετο</span> <span class='ocrx_word' id='word_1_412' title='bbox 3529 3099 3544 3114; x_wconf 77' lang='grc'><strong><em>⁸</em></strong></span> <span class='ocrx_word' id='word_1_413' title='bbox 3567 3083 3790 3140; x_wconf 81' lang='grc' dir='ltr'>καλλωο</span> 
     </span>
    </p>
   </div>
   <div class='ocr_carea' id='block_1_61' title="bbox 477 3165 2083 3244">
    <p class='ocr_par' dir='ltr' id='par_1_61' title="bbox 477 3165 2075 3238">
     <span class='ocr_line' id='line_1_61' title="bbox 477 3165 2075 3238; baseline 0.003 -16"><span class='ocrx_word' id='word_1_414' title='bbox 477 3167 658 3222; x_wconf 81' lang='lat' dir='ltr'><strong>sancti</strong></span> <span class='ocrx_word' id='word_1_415' title='bbox 677 3165 916 3236; x_wconf 84' lang='lat' dir='ltr'><strong>Spiritus</strong></span> <span class='ocrx_word' id='word_1_416' title='bbox 934 3167 1004 3222; x_wconf 88' lang='lat' dir='ltr'><strong>ad</strong></span> <span class='ocrx_word' id='word_1_417' title='bbox 1021 3165 1417 3238; x_wconf 80' lang='lat' dir='ltr'><strong>perfectionem</strong></span> <span class='ocrx_word' id='word_1_418' title='bbox 1444 3176 1633 3224; x_wconf 87' lang='lat' dir='ltr'><strong>erecta</strong></span> <span class='ocrx_word' id='word_1_419' title='bbox 1655 3169 1722 3224; x_wconf 84' lang='grc'><strong>¹⁷.</strong></span> <span class='ocrx_word' id='word_1_420' title='bbox 1748 3170 1881 3237; x_wconf 69' lang='lat' dir='ltr'><strong>Quae</strong></span> <span class='ocrx_word' id='word_1_421' title='bbox 1908 3172 2075 3226; x_wconf 89' lang='lat' dir='ltr'><strong>etiam</strong></span> 
     </span>
    </p>
   </div>
   <div class='ocr_carea' id='block_1_62' title="bbox 2187 3165 3789 3244">
    <p class='ocr_par' dir='ltr' id='par_1_62' title="bbox 2187 3171 3789 3244">
     <span class='ocr_line' id='line_1_62' title="bbox 2187 3171 3789 3244; baseline 0.003 -19"><span class='ocrx_word' id='word_1_422' title='bbox 2187 3173 2408 3236; x_wconf 78' lang='grc' dir='ltr'>πίζεται</span> <span class='ocrx_word' id='word_1_423' title='bbox 2451 3173 2509 3226; x_wconf 75' lang='grc' dir='ltr'>δὲ</span> <span class='ocrx_word' id='word_1_424' title='bbox 2565 3172 2638 3227; x_wconf 84' lang='grc' dir='ltr'>τὰ</span> <span class='ocrx_word' id='word_1_425' title='bbox 2701 3172 3006 3244; x_wconf 72' lang='grc' dir='ltr'>μεταλήψει</span> <span class='ocrx_word' id='word_1_426' title='bbox 3055 3173 3158 3244; x_wconf 84' lang='grc' dir='ltr'><strong>τῆς</strong></span> <span class='ocrx_word' id='word_1_427' title='bbox 3200 3171 3466 3244; x_wconf 79' lang='grc' dir='ltr'>καλλονῆς</span> <span class='ocrx_word' id='word_1_428' title='bbox 3494 3173 3590 3228; x_wconf 90' lang='grc' dir='ltr'><strong>τοῦ</strong></span> <span class='ocrx_word' id='word_1_429' title='bbox 3623 3176 3789 3244; x_wconf 84' lang='grc' dir='ltr'>ἁγια-</span> 
     </span>
    </p>
   </div>
   <div class='ocr_carea' id='block_1_63' title="bbox 477 3255 2083 3339">
    <p class='ocr_par' dir='ltr' id='par_1_63' title="bbox 477 3255 2075 3332">
     <span class='ocr_line' id='line_1_63' title="bbox 477 3255 2075 3332; baseline 0.003 -19"><span class='ocrx_word' id='word_1_430' title='bbox 477 3257 526 3313; x_wconf 85' lang='lat' dir='ltr'><strong>si</strong></span> <span class='ocrx_word' id='word_1_431' title='bbox 549 3259 948 3329; x_wconf 82' lang='lat' dir='ltr'><strong>superveniens</strong></span> <span class='ocrx_word' id='word_1_432' title='bbox 978 3266 1267 3328; x_wconf 86' lang='lat' dir='ltr'><strong>peccatum</strong></span> <span class='ocrx_word' id='word_1_433' title='bbox 1286 3255 1599 3326; x_wconf 72' lang='lat' dir='ltr'><strong>fmdaverit,</strong></span> <span class='ocrx_word' id='word_1_434' title='bbox 1619 3259 1801 3315; x_wconf 89' lang='lat' dir='ltr'><strong>denuo</strong></span> <span class='ocrx_word' id='word_1_435' title='bbox 1818 3278 1847 3317; x_wconf 91' lang='lat' dir='ltr'><strong>a</strong></span> <span class='ocrx_word' id='word_1_436' title='bbox 1864 3263 2075 3332; x_wconf 89' lang='lat' dir='ltr'><strong>Spiritu</strong></span> 
     </span>
    </p>
   </div>
   <div class='ocr_carea' id='block_1_64' title="bbox 2187 3255 3791 3339">
    <p class='ocr_par' dir='ltr' id='par_1_64' title="bbox 2187 3263 3791 3339">
     <span class='ocr_line' id='line_1_64' title="bbox 2187 3263 3791 3339; baseline 0.003 -22"><span class='ocrx_word' id='word_1_437' title='bbox 2187 3266 2326 3335; x_wconf 78' lang='grc' dir='ltr'>σμοῦ</span> <span class='ocrx_word' id='word_1_438' title='bbox 2381 3265 2452 3320; x_wconf 89' lang='grc' dir='ltr'><strong>τά</strong></span> <span class='ocrx_word' id='word_1_439' title='bbox 2513 3263 2679 3318; x_wconf 85' lang='grc' dir='ltr'>λοιπά</span> <span class='ocrx_word' id='word_1_440' title='bbox 2749 3263 3015 3319; x_wconf 84' lang='grc' dir='ltr'>σύνδουλα</span> <span class='ocrx_word' id='word_1_441' title='bbox 3083 3264 3402 3336; x_wconf 82' lang='grc' dir='ltr'>κτίσματα·</span> <span class='ocrx_word' id='word_1_442' title='bbox 3458 3266 3604 3320; x_wconf 76' lang='grc' dir='ltr'>οὕτω</span> <span class='ocrx_word' id='word_1_443' title='bbox 3675 3268 3791 3339; x_wconf 77' lang='grc' dir='ltr'><strong>γὰρ</strong></span> 
     </span>
    </p>
   </div>
   <div class='ocr_carea' id='block_1_65' title="bbox 481 3353 2083 3432">
    <p class='ocr_par' dir='ltr' id='par_1_65' title="bbox 481 3353 2077 3425">
     <span class='ocr_line' id='line_1_65' title="bbox 481 3353 2077 3425; baseline 0.004 -16"><span class='ocrx_word' id='word_1_444' title='bbox 481 3365 678 3409; x_wconf 84' lang='lat' dir='ltr'><strong>sancto</strong></span> <span class='ocrx_word' id='word_1_445' title='bbox 709 3362 928 3417; x_wconf 87' lang='lat' dir='ltr'><strong>ornata,</strong></span> <span class='ocrx_word' id='word_1_446' title='bbox 949 3353 1167 3408; x_wconf 86' lang='lat' dir='ltr'><strong>meliori</strong></span> <span class='ocrx_word' id='word_1_447' title='bbox 1184 3368 1350 3425; x_wconf 88' lang='lat' dir='ltr'><strong>quam</strong></span> <span class='ocrx_word' id='word_1_448' title='bbox 1379 3362 1542 3409; x_wconf 82' lang='lat' dir='ltr'><strong>antea</strong></span> <span class='ocrx_word' id='word_1_449' title='bbox 1561 3356 1879 3413; x_wconf 86' lang='lat' dir='ltr'><strong>conditione</strong></span> <span class='ocrx_word' id='word_1_450' title='bbox 1909 3374 2077 3415; x_wconf 89' lang='lat' dir='ltr'><strong>reno-</strong></span> 
     </span>
    </p>
   </div>
   <div class='ocr_carea' id='block_1_66' title="bbox 2187 3353 3792 3432">
    <p class='ocr_par' dir='ltr' id='par_1_66' title="bbox 2187 3354 3792 3432">
     <span class='ocr_line' id='line_1_66' title="bbox 2187 3354 3792 3432; baseline 0 -18"><span class='ocrx_word' id='word_1_451' title='bbox 2187 3361 2404 3414; x_wconf 77' lang='grc' dir='ltr'>ἅπαντα</span> <span class='ocrx_word' id='word_1_452' title='bbox 2433 3357 2556 3410; x_wconf 85' lang='grc' dir='ltr'>λίαν</span> <span class='ocrx_word' id='word_1_453' title='bbox 2601 3354 2747 3411; x_wconf 86' lang='grc' dir='ltr'><strong>καλά</strong></span> <span class='ocrx_word' id='word_1_454' title='bbox 2793 3357 2908 3410; x_wconf 76' lang='grc' dir='ltr'>ἐστι</span> <span class='ocrx_word' id='word_1_455' title='bbox 2940 3375 3000 3411; x_wconf 88' lang='grc' dir='ltr'><strong>τε</strong></span> <span class='ocrx_word' id='word_1_456' title='bbox 3035 3360 3130 3411; x_wconf 76' lang='grc' dir='ltr'>καὶ</span> <span class='ocrx_word' id='word_1_457' title='bbox 3160 3359 3400 3430; x_wconf 71' lang='grc' dir='ltr'>εἴρηται,</span> <span class='ocrx_word' id='word_1_458' title='bbox 3441 3359 3792 3432; x_wconf 83' lang='grc' dir='ltr'>δημιουργη-</span> 
     </span>
    </p>
   </div>
   <div class='ocr_carea' id='block_1_67' title="bbox 477 3445 2083 3523">
    <p class='ocr_par' dir='ltr' id='par_1_67' title="bbox 477 3445 2074 3518">
     <span class='ocr_line' id='line_1_67' title="bbox 477 3445 2074 3518; baseline 0.005 -18"><span class='ocrx_word' id='word_1_459' title='bbox 477 3456 606 3502; x_wconf 84' lang='lat' dir='ltr'><strong>vata</strong></span> <span class='ocrx_word' id='word_1_460' title='bbox 651 3454 784 3502; x_wconf 88' lang='lat' dir='ltr'><strong>sunt</strong></span> <span class='ocrx_word' id='word_1_461' title='bbox 816 3462 832 3502; x_wconf 89' lang='lat'><strong>:</strong></span> <span class='ocrx_word' id='word_1_462' title='bbox 871 3445 1028 3515; x_wconf 88' lang='lat' dir='ltr'><strong>prius</strong></span> <span class='ocrx_word' id='word_1_463' title='bbox 1056 3448 1204 3502; x_wconf 89' lang='lat' dir='ltr'><strong>enim</strong></span> <span class='ocrx_word' id='word_1_464' title='bbox 1244 3448 1590 3518; x_wconf 89' lang='lat' dir='ltr'><strong>corruptioni</strong></span> <span class='ocrx_word' id='word_1_465' title='bbox 1624 3448 1851 3504; x_wconf 83' lang='lat' dir='ltr'><strong>fuerunt</strong></span> <span class='ocrx_word' id='word_1_466' title='bbox 1896 3451 2074 3509; x_wconf 90' lang='lat' dir='ltr'><strong>obno-</strong></span> 
     </span>
    </p>
   </div>
   <div class='ocr_carea' id='block_1_68' title="bbox 2187 3445 3791 3523">
    <p class='ocr_par' dir='ltr' id='par_1_68' title="bbox 2187 3447 3791 3523">
     <span class='ocr_line' id='line_1_68' title="bbox 2187 3447 3791 3523; baseline 0.002 -19"><span class='ocrx_word' id='word_1_467' title='bbox 2187 3450 2344 3505; x_wconf 76' lang='grc' dir='ltr'>θέντα</span> <span class='ocrx_word' id='word_1_468' title='bbox 2368 3449 2467 3519; x_wconf 86' lang='grc' dir='ltr'>μὲν</span> <span class='ocrx_word' id='word_1_469' title='bbox 2494 3447 2651 3516; x_wconf 81' lang='grc' dir='ltr'><strong>παρά</strong></span> <span class='ocrx_word' id='word_1_470' title='bbox 2673 3447 2890 3519; x_wconf 83' lang='grc' dir='ltr'>Πατρδς</span> <span class='ocrx_word' id='word_1_471' title='bbox 2912 3448 2982 3502; x_wconf 83' lang='grc' dir='ltr'><strong>δι’</strong></span> <span class='ocrx_word' id='word_1_472' title='bbox 3006 3448 3160 3514; x_wconf 86' lang='grc' dir='ltr'>Υίοῦ,</span> <span class='ocrx_word' id='word_1_473' title='bbox 3203 3449 3702 3523; x_wconf 85' lang='grc' dir='ltr'>τελειουργηθέντα</span> <span class='ocrx_word' id='word_1_474' title='bbox 3726 3451 3791 3506; x_wconf 71' lang='grc' dir='ltr'>δὲ</span> 
     </span>
    </p>
   </div>
   <div class='ocr_carea' id='block_1_69' title="bbox 479 3535 2083 3613">
    <p class='ocr_par' dir='ltr' id='par_1_69' title="bbox 479 3539 1930 3610">
     <span class='ocr_line' id='line_1_69' title="bbox 479 3539 1930 3610; baseline 0.002 -16"><span class='ocrx_word' id='word_1_475' title='bbox 479 3539 594 3605; x_wconf 79' lang='lat' dir='ltr'><strong>xia,</strong></span> <span class='ocrx_word' id='word_1_476' title='bbox 636 3555 785 3594; x_wconf 90' lang='lat' dir='ltr'><strong>nunc</strong></span> <span class='ocrx_word' id='word_1_477' title='bbox 816 3555 948 3594; x_wconf 91' lang='lat' dir='ltr'><strong>vero</strong></span> <span class='ocrx_word' id='word_1_478' title='bbox 999 3539 1274 3609; x_wconf 86' lang='lat' dir='ltr'><strong>superiori</strong></span> <span class='ocrx_word' id='word_1_479' title='bbox 1309 3541 1633 3596; x_wconf 87' lang='lat' dir='ltr'><strong>conditione</strong></span> <span class='ocrx_word' id='word_1_480' title='bbox 1663 3540 1930 3610; x_wconf 79' lang='lat' dir='ltr'><strong>gaudent.</strong></span> 
     </span>
    </p>
   </div>
   <div class='ocr_carea' id='block_1_70' title="bbox 2187 3535 3793 3613">
    <p class='ocr_par' dir='ltr' id='par_1_70' title="bbox 2187 3535 3793 3613">
     <span class='ocr_line' id='line_1_70' title="bbox 2187 3535 3793 3613; baseline 0.005 -25"><span class='ocrx_word' id='word_1_481' title='bbox 2187 3545 2248 3612; x_wconf 77' lang='grc' dir='ltr'><strong>τῇ</strong></span> <span class='ocrx_word' id='word_1_482' title='bbox 2275 3541 2410 3611; x_wconf 69' lang='grc' dir='ltr'>ἁγία</span> <span class='ocrx_word' id='word_1_483' title='bbox 2461 3537 2558 3591; x_wconf 84' lang='grc' dir='ltr'><strong>τοῦ</strong></span> <span class='ocrx_word' id='word_1_484' title='bbox 2605 3535 2929 3610; x_wconf 87' lang='grc' dir='ltr'>Πνεύματος</span> <span class='ocrx_word' id='word_1_485' title='bbox 2967 3539 3275 3608; x_wconf 85' lang='grc' dir='ltr'>μεταδόσει.</span> <span class='ocrx_word' id='word_1_486' title='bbox 3319 3542 3389 3593; x_wconf 80' lang='grc' dir='ltr'><strong>’Δ</strong></span> <span class='ocrx_word' id='word_1_487' title='bbox 3433 3542 3531 3596; x_wconf 71' lang='grc' dir='ltr'>καὶ</span> <span class='ocrx_word' id='word_1_488' title='bbox 3569 3543 3662 3596; x_wconf 83' lang='grc' dir='ltr'>διὰ</span> <span class='ocrx_word' id='word_1_489' title='bbox 3687 3541 3793 3613; x_wconf 77' lang='grc' dir='ltr'>τὴν</span> 
     </span>
    </p>
   </div>
   <div class='ocr_carea' id='block_1_71' title="bbox 478 3629 3789 3707">
    <p class='ocr_par' dir='ltr' id='par_1_71' title="bbox 478 3629 3789 3707">
     <span class='ocr_line' id='line_1_71' title="bbox 478 3629 3789 3707; baseline 0.002 -21"><span class='ocrx_word' id='word_1_490' title='bbox 478 3631 908 3686; x_wconf 76' lang='grc' dir='ltr'>ἐπεισελθοῦσαν</span> <span class='ocrx_word' id='word_1_491' title='bbox 931 3632 1212 3700; x_wconf 79' lang='grc' dir='ltr'>ἁμαρτίαν</span> <span class='ocrx_word' id='word_1_492' title='bbox 1241 3631 1474 3703; x_wconf 80' lang='grc' dir='ltr'>ἀπρεπῆ</span> <span class='ocrx_word' id='word_1_493' title='bbox 1498 3637 1564 3704; x_wconf 80' lang='grc' dir='ltr'><strong>τῇ</strong></span> <span class='ocrx_word' id='word_1_494' title='bbox 1597 3633 2075 3705; x_wconf 82' lang='grc' dir='ltr'>φθορᾷγεγθνότα,</span> <span class='ocrx_word' id='word_1_495' title='bbox 2117 3639 2284 3692; x_wconf 79' lang='grc' dir='ltr'>πάλιν</span> <span class='ocrx_word' id='word_1_496' title='bbox 2353 3632 2457 3686; x_wconf 83' lang='grc' dir='ltr'><strong>ὑπὸ</strong></span> <span class='ocrx_word' id='word_1_497' title='bbox 2503 3629 2601 3684; x_wconf 87' lang='grc' dir='ltr'><strong>τοῦ</strong></span> <span class='ocrx_word' id='word_1_498' title='bbox 2653 3629 2864 3699; x_wconf 86' lang='grc' dir='ltr'>ἀγαθοῦ</span> <span class='ocrx_word' id='word_1_499' title='bbox 2911 3630 3233 3701; x_wconf 83' lang='grc' dir='ltr'>Πνεύματος</span> <span class='ocrx_word' id='word_1_500' title='bbox 3321 3638 3789 3707; x_wconf 69' lang='grc' dir='ltr'>κατακοσμεῖταιν</span> 
     </span>
    </p>
   </div>
   <div class='ocr_carea' id='block_1_72' title="bbox 479 3722 3793 3805">
    <p class='ocr_par' dir='ltr' id='par_1_72' title="bbox 479 3722 3793 3805">
     <span class='ocr_line' id='line_1_72' title="bbox 479 3722 3793 3805; baseline 0.001 -25"><span class='ocrx_word' id='word_1_501' title='bbox 479 3725 728 3795; x_wconf 80' lang='grc' dir='ltr'>ἀμείνονι</span> <span class='ocrx_word' id='word_1_502' title='bbox 751 3723 1093 3778; x_wconf 82' lang='grc' dir='ltr'>καταστάσει</span> <span class='ocrx_word' id='word_1_503' title='bbox 1126 3724 1229 3794; x_wconf 85' lang='grc' dir='ltr'>τῆς</span> <span class='ocrx_word' id='word_1_504' title='bbox 1263 3723 1540 3796; x_wconf 84' lang='grc' dir='ltr'>προτέρας</span> <span class='ocrx_word' id='word_1_505' title='bbox 1567 3727 2068 3799; x_wconf 76' lang='grc' dir='ltr'>ἀνακαινιςόμεναο</span> <span class='ocrx_word' id='word_1_506' title='bbox 2110 3734 2228 3801; x_wconf 81' lang='grc' dir='ltr'>εἴγε</span> <span class='ocrx_word' id='word_1_507' title='bbox 2283 3727 2401 3798; x_wconf 85' lang='grc' dir='ltr'>μετ’</span> <span class='ocrx_word' id='word_1_508' title='bbox 2464 3724 2686 3794; x_wconf 80' lang='grc' dir='ltr'>ἐκείνην</span> <span class='ocrx_word' id='word_1_509' title='bbox 2753 3722 2854 3794; x_wconf 69' lang='grc' dir='ltr'>μὲν</span> <span class='ocrx_word' id='word_1_510' title='bbox 2903 3723 3225 3795; x_wconf 71' lang='grc' dir='ltr'>συνετρίϐη.</span> <span class='ocrx_word' id='word_1_511' title='bbox 3275 3725 3418 3797; x_wconf 87' lang='grc' dir='ltr'><strong>μετά</strong></span> <span class='ocrx_word' id='word_1_512' title='bbox 3489 3727 3548 3782; x_wconf 73' lang='grc' dir='ltr'><strong>δέ</strong></span> <span class='ocrx_word' id='word_1_513' title='bbox 3580 3729 3793 3805; x_wconf 83' lang='grc' dir='ltr'>ταύτης</span> 
     </span>
    </p>
   </div>
   <div class='ocr_carea' id='block_1_73' title="bbox 477 3816 1350 3890">
    <p class='ocr_par' dir='ltr' id='par_1_73' title="bbox 477 3816 1350 3890">
     <span class='ocr_line' id='line_1_73' title="bbox 477 3816 1350 3890; baseline -0.001 -17"><span class='ocrx_word' id='word_1_514' title='bbox 477 3816 733 3890; x_wconf 83' lang='grc' dir='ltr'>ἀνώτερα</span> <span class='ocrx_word' id='word_1_515' title='bbox 762 3817 1060 3889; x_wconf 79' lang='grc' dir='ltr'>συντριϐῆς</span> <span class='ocrx_word' id='word_1_516' title='bbox 1079 3819 1150 3871; x_wconf 83' lang='grc' dir='ltr'>τὰ</span> <span class='ocrx_word' id='word_1_517' title='bbox 1187 3817 1350 3889; x_wconf 78' lang='grc' dir='ltr'>ἔργα.</span> 
     </span>
    </p>
   </div>
   <div class='ocr_carea' id='block_1_74' title="bbox 551 3900 2083 3982">
    <p class='ocr_par' dir='ltr' id='par_1_74' title="bbox 551 3907 2083 3982">
     <span class='ocr_line' id='line_1_74' title="bbox 551 3907 2083 3982; baseline 0.003 -19"><span class='ocrx_word' id='word_1_518' title='bbox 551 3909 846 3979; x_wconf 83' lang='lat' dir='ltr'><strong>Intelligis.</strong></span> <span class='ocrx_word' id='word_1_519' title='bbox 880 3909 1025 3963; x_wconf 93' lang='lat' dir='ltr'><strong>inter</strong></span> <span class='ocrx_word' id='word_1_520' title='bbox 1065 3922 1259 3963; x_wconf 83' lang='lat' dir='ltr'><strong>servos</strong></span> <span class='ocrx_word' id='word_1_521' title='bbox 1316 3907 1754 3978; x_wconf 90' lang='lat' dir='ltr'><strong>computandum</strong></span> <span class='ocrx_word' id='word_1_522' title='bbox 1815 3912 2083 3982; x_wconf 82' lang='lat' dir='ltr'><strong>Spiritum</strong></span> 
     </span>
    </p>
   </div>
   <div class='ocr_carea' id='block_1_75' title="bbox 2187 3900 3795 3982">
    <p class='ocr_par' dir='ltr' id='par_1_75' title="bbox 2269 3900 3795 3980">
     <span class='ocr_line' id='line_1_75' title="bbox 2269 3900 3795 3980; baseline -0.003 -24"><span class='ocrx_word' id='word_1_523' title='bbox 2269 3905 2437 3976; x_wconf 74' lang='grc' dir='ltr'>Ὁρᾷς</span> <span class='ocrx_word' id='word_1_524' title='bbox 2467 3904 2618 3966; x_wconf 78' lang='grc' dir='ltr'>ὅπως</span> <span class='ocrx_word' id='word_1_525' title='bbox 2660 3901 2721 3955; x_wconf 76' lang='grc' dir='ltr'>οὐ</span> <span class='ocrx_word' id='word_1_526' title='bbox 2769 3900 2959 3955; x_wconf 85' lang='grc' dir='ltr'>δοῦλον</span> <span class='ocrx_word' id='word_1_527' title='bbox 3006 3901 3068 3956; x_wconf 77' lang='grc' dir='ltr'>τὸ</span> <span class='ocrx_word' id='word_1_528' title='bbox 3109 3901 3358 3974; x_wconf 88' lang='grc' dir='ltr'>Πνεῦμα,</span> <span class='ocrx_word' id='word_1_529' title='bbox 3395 3904 3458 3960; x_wconf 86' lang='grc' dir='ltr'><strong>τδ</strong></span> <span class='ocrx_word' id='word_1_530' title='bbox 3479 3905 3582 3980; x_wconf 76' lang='grc' dir='ltr'>τὴν</span> <span class='ocrx_word' id='word_1_531' title='bbox 3605 3908 3795 3964; x_wconf 85' lang='grc' dir='ltr'>κτίσιν</span> 
     </span>
    </p>
   </div>
   <div class='ocr_carea' id='block_1_76' title="bbox 479 3993 2083 4076">
    <p class='ocr_par' dir='ltr' id='par_1_76' title="bbox 479 4001 2083 4073">
     <span class='ocr_line' id='line_1_76' title="bbox 479 4001 2083 4073; baseline -0.001 -15"><span class='ocrx_word' id='word_1_532' title='bbox 479 4016 593 4058; x_wconf 91' lang='lat' dir='ltr'><strong>non</strong></span> <span class='ocrx_word' id='word_1_533' title='bbox 621 4016 769 4065; x_wconf 83' lang='lat' dir='ltr'><strong>esse,</strong></span> <span class='ocrx_word' id='word_1_534' title='bbox 833 4015 931 4073; x_wconf 92' lang='lat' dir='ltr'><strong>per</strong></span> <span class='ocrx_word' id='word_1_535' title='bbox 970 4014 1136 4070; x_wconf 91' lang='lat' dir='ltr'><strong>quem</strong></span> <span class='ocrx_word' id='word_1_536' title='bbox 1184 4001 1254 4055; x_wconf 87' lang='lat' dir='ltr'><strong>ad</strong></span> <span class='ocrx_word' id='word_1_537' title='bbox 1315 4001 1758 4069; x_wconf 68' lang='lat' dir='ltr'><strong>praestantiorem</strong></span> <span class='ocrx_word' id='word_1_538' title='bbox 1820 4003 2083 4058; x_wconf 87' lang='lat' dir='ltr'><strong>anteriori</strong></span> 
     </span>
    </p>
   </div>
   <div class='ocr_carea' id='block_1_77' title="bbox 2187 3993 3793 4076">
    <p class='ocr_par' dir='ltr' id='par_1_77' title="bbox 2189 3993 3793 4076">
     <span class='ocr_line' id='line_1_77' title="bbox 2189 3993 3793 4076; baseline 0.001 -20"><span class='ocrx_word' id='word_1_539' title='bbox 2189 3999 2645 4072; x_wconf 76' lang='grc' dir='ltr'>εὐπρεπεστέραν</span> <span class='ocrx_word' id='word_1_540' title='bbox 2699 3999 2973 4067; x_wconf 76' lang='grc' dir='ltr'>ποιῆσαν,</span> <span class='ocrx_word' id='word_1_541' title='bbox 3021 3993 3091 4069; x_wconf 87' lang='grc' dir='ltr'>ἦς</span> <span class='ocrx_word' id='word_1_542' title='bbox 3147 3998 3466 4070; x_wconf 84' lang='grc' dir='ltr'>μετειλήχει</span> <span class='ocrx_word' id='word_1_543' title='bbox 3516 4002 3793 4076; x_wconf 85' lang='grc' dir='ltr'>πρότερον</span> 
     </span>
    </p>
   </div>
   <div class='ocr_carea' id='block_1_78' title="bbox 481 4088 2083 4166">
    <p class='ocr_par' dir='ltr' id='par_1_78' title="bbox 481 4089 2083 4165">
     <span class='ocr_line' id='line_1_78' title="bbox 481 4089 2083 4165; baseline 0 -17"><span class='ocrx_word' id='word_1_544' title='bbox 481 4101 691 4149; x_wconf 88' lang='lat' dir='ltr'><strong>statum</strong></span> <span class='ocrx_word' id='word_1_545' title='bbox 720 4092 886 4147; x_wconf 87' lang='lat' dir='ltr'><strong>homo</strong></span> <span class='ocrx_word' id='word_1_546' title='bbox 908 4091 1145 4147; x_wconf 89' lang='lat' dir='ltr'><strong>eductus</strong></span> <span class='ocrx_word' id='word_1_547' title='bbox 1168 4099 1277 4146; x_wconf 90' lang='lat' dir='ltr'><strong>est.</strong></span> <span class='ocrx_word' id='word_1_548' title='bbox 1310 4089 1432 4146; x_wconf 82' lang='lat' dir='ltr'><strong>Non</strong></span> <span class='ocrx_word' id='word_1_549' title='bbox 1459 4092 1608 4146; x_wconf 91' lang='lat' dir='ltr'><strong>enim</strong></span> <span class='ocrx_word' id='word_1_550' title='bbox 1635 4093 1878 4165; x_wconf 86' lang='lat' dir='ltr'><strong>amplius</strong></span> <span class='ocrx_word' id='word_1_551' title='bbox 1906 4109 1936 4148; x_wconf 89' lang='lat' dir='ltr'><strong>a</strong></span> <span class='ocrx_word' id='word_1_552' title='bbox 1962 4108 2083 4149; x_wconf 88' lang='lat' dir='ltr'><strong>cor-</strong></span> 
     </span>
    </p>
   </div>
   <div class='ocr_carea' id='block_1_79' title="bbox 2187 4088 3789 4166">
    <p class='ocr_par' dir='ltr' id='par_1_79' title="bbox 2187 4088 3789 4166">
     <span class='ocr_line' id='line_1_79' title="bbox 2187 4088 3789 4166; baseline 0.001 -18"><span class='ocrx_word' id='word_1_553' title='bbox 2187 4091 2601 4154; x_wconf 82' lang='grc' dir='ltr'>καταστάσεως.</span> <span class='ocrx_word' id='word_1_554' title='bbox 2626 4090 2702 4143; x_wconf 82' lang='grc' dir='ltr'><strong>Οὐ</strong></span> <span class='ocrx_word' id='word_1_555' title='bbox 2733 4088 2844 4159; x_wconf 85' lang='grc' dir='ltr'><strong>γὰρ</strong></span> <span class='ocrx_word' id='word_1_556' title='bbox 2874 4089 2955 4141; x_wconf 77' lang='grc' dir='ltr'>ἔτι</span> <span class='ocrx_word' id='word_1_557' title='bbox 2983 4089 3161 4160; x_wconf 86' lang='grc' dir='ltr'>φθορά</span> <span class='ocrx_word' id='word_1_558' title='bbox 3196 4091 3340 4145; x_wconf 81' lang='grc' dir='ltr'>κατὰ</span> <span class='ocrx_word' id='word_1_559' title='bbox 3363 4092 3570 4164; x_wconf 86' lang='grc' dir='ltr'>ταύτης</span> <span class='ocrx_word' id='word_1_560' title='bbox 3593 4097 3789 4166; x_wconf 79' lang='grc' dir='ltr'>χωρεῖ,</span> 
     </span>
    </p>
   </div>
   <div class='ocr_carea' id='block_1_80' title="bbox 481 4181 2083 4258">
    <p class='ocr_par' dir='ltr' id='par_1_80' title="bbox 481 4184 2083 4258">
     <span class='ocr_line' id='line_1_80' title="bbox 481 4184 2083 4258; baseline -0.001 -15"><span class='ocrx_word' id='word_1_561' title='bbox 481 4187 738 4257; x_wconf 87' lang='lat' dir='ltr'><strong>ruptione</strong></span> <span class='ocrx_word' id='word_1_562' title='bbox 764 4185 1148 4248; x_wconf 89' lang='lat' dir='ltr'><strong>metuendum,</strong></span> <span class='ocrx_word' id='word_1_563' title='bbox 1185 4199 1353 4256; x_wconf 90' lang='lat' dir='ltr'><strong>quam</strong></span> <span class='ocrx_word' id='word_1_564' title='bbox 1387 4184 1810 4256; x_wconf 84' lang='lat' dir='ltr'><strong>incorruptione</strong></span> <span class='ocrx_word' id='word_1_565' title='bbox 1832 4203 1932 4258; x_wconf 87' lang='lat' dir='ltr'><strong>per</strong></span> <span class='ocrx_word' id='word_1_566' title='bbox 1959 4187 2083 4257; x_wconf 89' lang='lat' dir='ltr'><strong>Spi-</strong></span> 
     </span>
    </p>
   </div>
   <div class='ocr_carea' id='block_1_81' title="bbox 2187 4181 3792 4258">
    <p class='ocr_par' dir='ltr' id='par_1_81' title="bbox 2187 4181 3792 4258">
     <span class='ocr_line' id='line_1_81' title="bbox 2187 4181 3792 4258; baseline 0 -17"><span class='ocrx_word' id='word_1_567' title='bbox 2187 4187 2263 4258; x_wconf 85' lang='grc' dir='ltr'>τῷ</span> <span class='ocrx_word' id='word_1_568' title='bbox 2296 4184 2558 4256; x_wconf 84' lang='grc' dir='ltr'>ἀναιρέτῃ</span> <span class='ocrx_word' id='word_1_569' title='bbox 2584 4183 2744 4252; x_wconf 84' lang='grc' dir='ltr'>Λόγῳ</span> <span class='ocrx_word' id='word_1_570' title='bbox 2775 4181 3234 4254; x_wconf 81' lang='grc' dir='ltr'>προσομιλήσασα</span> <span class='ocrx_word' id='word_1_571' title='bbox 3269 4183 3365 4236; x_wconf 79' lang='grc' dir='ltr'>καὶ</span> <span class='ocrx_word' id='word_1_572' title='bbox 3389 4185 3792 4256; x_wconf 83' lang='grc' dir='ltr'>καταποθείσα,</span> 
     </span>
    </p>
   </div>
   <div class='ocr_carea' id='block_1_82' title="bbox 481 4272 2083 4348">
    <p class='ocr_par' dir='ltr' id='par_1_82' title="bbox 481 4277 2080 4348">
     <span class='ocr_line' id='line_1_82' title="bbox 481 4277 2080 4348; baseline -0.001 -13"><span class='ocrx_word' id='word_1_573' title='bbox 481 4282 652 4335; x_wconf 88' lang='lat' dir='ltr'><strong>ritum</strong></span> <span class='ocrx_word' id='word_1_574' title='bbox 685 4290 940 4334; x_wconf 90' lang='lat' dir='ltr'><strong>sanctum</strong></span> <span class='ocrx_word' id='word_1_575' title='bbox 979 4278 1206 4332; x_wconf 88' lang='lat' dir='ltr'><strong>inducta</strong></span> <span class='ocrx_word' id='word_1_576' title='bbox 1237 4277 1548 4348; x_wconf 86' lang='lat' dir='ltr'><strong>proﬂigavit</strong></span> <span class='ocrx_word' id='word_1_577' title='bbox 1568 4277 1834 4345; x_wconf 79' lang='lat' dir='ltr'><strong>Verbum,</strong></span> <span class='ocrx_word' id='word_1_578' title='bbox 1857 4287 1916 4334; x_wconf 89' lang='lat' dir='ltr'><strong>et</strong></span> <span class='ocrx_word' id='word_1_579' title='bbox 1943 4280 2080 4334; x_wconf 87' lang='lat' dir='ltr'><strong>abo-</strong></span> 
     </span>
    </p>
   </div>
   <div class='ocr_carea' id='block_1_83' title="bbox 2187 4272 3794 4348">
    <p class='ocr_par' dir='ltr' id='par_1_83' title="bbox 2187 4272 3794 4346">
     <span class='ocr_line' id='line_1_83' title="bbox 2187 4272 3794 4346; baseline -0.008 -12"><span class='ocrx_word' id='word_1_580' title='bbox 2187 4279 2284 4334; x_wconf 75' lang='grc' dir='ltr'>καὶ</span> <span class='ocrx_word' id='word_1_581' title='bbox 2305 4275 2560 4334; x_wconf 79' lang='grc' dir='ltr'>διἀὒτοῦ</span> <span class='ocrx_word' id='word_1_582' title='bbox 2589 4277 2648 4329; x_wconf 84' lang='grc' dir='ltr'><strong>ἐν</strong></span> <span class='ocrx_word' id='word_1_583' title='bbox 2672 4274 2815 4345; x_wconf 84' lang='grc' dir='ltr'>ἁγίῳ</span> <span class='ocrx_word' id='word_1_584' title='bbox 2863 4272 3146 4344; x_wconf 89' lang='grc' dir='ltr'>Πνεύματι</span> <span class='ocrx_word' id='word_1_585' title='bbox 3191 4273 3506 4346; x_wconf 71' lang='grc' dir='ltr'>ἀφθαρσίας</span> <span class='ocrx_word' id='word_1_586' title='bbox 3545 4278 3794 4346; x_wconf 82' lang='grc' dir='ltr'>ἐγκαινι-</span> 
     </span>
    </p>
   </div>
   <div class='ocr_carea' id='block_1_84' title="bbox 481 4360 2083 4450">
    <p class='ocr_par' dir='ltr' id='par_1_84' title="bbox 481 4370 2078 4442">
     <span class='ocr_line' id='line_1_84' title="bbox 481 4370 2078 4442; baseline -0.003 -14"><span class='ocrx_word' id='word_1_587' title='bbox 481 4373 614 4428; x_wconf 89' lang='lat' dir='ltr'><strong>levit</strong></span> <span class='ocrx_word' id='word_1_588' title='bbox 645 4388 660 4424; x_wconf 90' lang='lat'><strong>:</strong></span> <span class='ocrx_word' id='word_1_589' title='bbox 691 4371 952 4442; x_wconf 89' lang='lat' dir='ltr'><strong>idemque</strong></span> <span class='ocrx_word' id='word_1_590' title='bbox 986 4370 1057 4425; x_wconf 92' lang='lat' dir='ltr'><strong>ob</strong></span> <span class='ocrx_word' id='word_1_591' title='bbox 1094 4378 1302 4424; x_wconf 85' lang='lat' dir='ltr'><strong>tantam</strong></span> <span class='ocrx_word' id='word_1_592' title='bbox 1332 4370 1618 4424; x_wconf 84' lang='lat' dir='ltr'><strong>victoriam</strong></span> <span class='ocrx_word' id='word_1_593' title='bbox 1666 4381 1898 4441; x_wconf 89' lang='lat' dir='ltr'><strong>paterno</strong></span> <span class='ocrx_word' id='word_1_594' title='bbox 1922 4372 2078 4425; x_wconf 89' lang='lat' dir='ltr'><strong>thro-</strong></span> 
     </span>
    </p>
   </div>
   <div class='ocr_carea' id='block_1_85' title="bbox 2187 4360 3794 4450">
    <p class='ocr_par' dir='ltr' id='par_1_85' title="bbox 2191 4360 3794 4450">
     <span class='ocr_line' id='line_1_85' title="bbox 2191 4360 3794 4450; baseline -0.001 -26"><span class='ocrx_word' id='word_1_595' title='bbox 2191 4371 2434 4450; x_wconf 87' lang='grc' dir='ltr'>σθείσης.</span> <span class='ocrx_word' id='word_1_596' title='bbox 2478 4370 2579 4432; x_wconf 81' lang='grc' dir='ltr'>ὐς</span> <span class='ocrx_word' id='word_1_597' title='bbox 2601 4367 2695 4420; x_wconf 81' lang='grc' dir='ltr'>ἐπὶ</span> <span class='ocrx_word' id='word_1_598' title='bbox 2715 4365 2966 4436; x_wconf 84' lang='grc' dir='ltr'>τροπαίῳ</span> <span class='ocrx_word' id='word_1_599' title='bbox 3023 4365 3266 4435; x_wconf 89' lang='grc' dir='ltr'>τοσούτῳ</span> <span class='ocrx_word' id='word_1_600' title='bbox 3299 4367 3440 4435; x_wconf 84' lang='grc' dir='ltr'>πρὸς</span> <span class='ocrx_word' id='word_1_601' title='bbox 3485 4368 3576 4422; x_wconf 83' lang='grc' dir='ltr'>τὸν</span> <span class='ocrx_word' id='word_1_602' title='bbox 3618 4360 3682 4422; x_wconf 71' lang='grc' dir='ltr'><strong>οὗ</strong></span> <span class='ocrx_word' id='word_1_603' title='bbox 3715 4369 3794 4443; x_wconf 70' lang='grc' dir='ltr'>μὴ</span> 
     </span>
    </p>
   </div>
   <div class='ocr_carea' id='block_1_86' title="bbox 481 4456 2083 4536">
    <p class='ocr_par' dir='ltr' id='par_1_86' title="bbox 481 4461 2078 4536">
     <span class='ocr_line' id='line_1_86' title="bbox 481 4461 2078 4536; baseline -0.001 -16"><span class='ocrx_word' id='word_1_604' title='bbox 481 4481 579 4530; x_wconf 91' lang='lat' dir='ltr'><strong>no,</strong></span> <span class='ocrx_word' id='word_1_605' title='bbox 607 4479 638 4519; x_wconf 88' lang='lat' dir='ltr'><strong>a</strong></span> <span class='ocrx_word' id='word_1_606' title='bbox 677 4480 788 4536; x_wconf 90' lang='lat' dir='ltr'><strong>quo</strong></span> <span class='ocrx_word' id='word_1_607' title='bbox 817 4480 1101 4534; x_wconf 88' lang='lat' dir='ltr'><strong>nunquam</strong></span> <span class='ocrx_word' id='word_1_608' title='bbox 1129 4463 1383 4519; x_wconf 83' lang='lat' dir='ltr'><strong>divulsus</strong></span> <span class='ocrx_word' id='word_1_609' title='bbox 1414 4461 1616 4529; x_wconf 78' lang='lat' dir='ltr'><strong>fuerat,</strong></span> <span class='ocrx_word' id='word_1_610' title='bbox 1645 4463 1915 4530; x_wconf 88' lang='lat' dir='ltr'><strong>insidens,</strong></span> <span class='ocrx_word' id='word_1_611' title='bbox 1945 4473 2078 4519; x_wconf 72' lang='lat' dir='ltr'><strong>corr—</strong></span> 
     </span>
    </p>
   </div>
   <div class='ocr_carea' id='block_1_87' title="bbox 2187 4456 3793 4536">
    <p class='ocr_par' dir='ltr' id='par_1_87' title="bbox 2187 4456 3793 4535">
     <span class='ocr_line' id='line_1_87' title="bbox 2187 4456 3793 4535; baseline 0 -19"><span class='ocrx_word' id='word_1_612' title='bbox 2187 4464 2370 4535; x_wconf 83' lang='grc' dir='ltr'>διέστη</span> <span class='ocrx_word' id='word_1_613' title='bbox 2397 4461 2588 4533; x_wconf 84' lang='grc' dir='ltr'>θρόνον</span> <span class='ocrx_word' id='word_1_614' title='bbox 2622 4456 2875 4532; x_wconf 77' lang='grc' dir='ltr'>πατρῷον</span> <span class='ocrx_word' id='word_1_615' title='bbox 2903 4457 3156 4522; x_wconf 83' lang='grc' dir='ltr'>καθίσας,</span> <span class='ocrx_word' id='word_1_616' title='bbox 3176 4461 3273 4512; x_wconf 74' lang='grc' dir='ltr'>καὶ</span> <span class='ocrx_word' id='word_1_617' title='bbox 3289 4459 3579 4530; x_wconf 86' lang='grc' dir='ltr'>σύνθρονον</span> <span class='ocrx_word' id='word_1_618' title='bbox 3598 4463 3793 4534; x_wconf 83' lang='grc' dir='ltr'>Παρά-</span> 
     </span>
    </p>
   </div>
   <div class='ocr_carea' id='block_1_88' title="bbox 482 4540 2083 4628">
    <p class='ocr_par' dir='ltr' id='par_1_88' title="bbox 482 4555 2083 4625">
     <span class='ocr_line' id='line_1_88' title="bbox 482 4555 2083 4625; baseline -0.001 -13"><span class='ocrx_word' id='word_1_619' title='bbox 482 4557 698 4613; x_wconf 89' lang='lat' dir='ltr'><strong>socium</strong></span> <span class='ocrx_word' id='word_1_620' title='bbox 763 4555 1100 4611; x_wconf 83' lang='lat' dir='ltr'><strong>Paraclitum</strong></span> <span class='ocrx_word' id='word_1_621' title='bbox 1176 4555 1364 4619; x_wconf 77' lang='lat' dir='ltr'><strong>misit;</strong></span> <span class='ocrx_word' id='word_1_622' title='bbox 1417 4571 1512 4624; x_wconf 89' lang='lat' dir='ltr'><strong>per</strong></span> <span class='ocrx_word' id='word_1_623' title='bbox 1560 4569 1722 4625; x_wconf 88' lang='lat' dir='ltr'><strong>quem</strong></span> <span class='ocrx_word' id='word_1_624' title='bbox 1764 4570 1892 4609; x_wconf 89' lang='lat' dir='ltr'><strong>cum</strong></span> <span class='ocrx_word' id='word_1_625' title='bbox 1962 4556 2083 4624; x_wconf 88' lang='lat' dir='ltr'><strong>ejus</strong></span> 
     </span>
    </p>
   </div>
   <div class='ocr_carea' id='block_1_89' title="bbox 2187 4540 3795 4628">
    <p class='ocr_par' dir='ltr' id='par_1_89' title="bbox 2195 4549 3795 4628">
     <span class='ocr_line' id='line_1_89' title="bbox 2195 4549 3795 4628; baseline -0.001 -18"><span class='ocrx_word' id='word_1_626' title='bbox 2195 4557 2392 4628; x_wconf 86' lang='grc' dir='ltr'>κλητον</span> <span class='ocrx_word' id='word_1_627' title='bbox 2433 4551 2842 4620; x_wconf 79' lang='grc' dir='ltr'>ἐξαπέστειλεν,</span> <span class='ocrx_word' id='word_1_628' title='bbox 2902 4549 3022 4620; x_wconf 75' lang='grc' dir='ltr'>ἅμα</span> <span class='ocrx_word' id='word_1_629' title='bbox 3087 4551 3188 4622; x_wconf 83' lang='grc' dir='ltr'>μὲν</span> <span class='ocrx_word' id='word_1_630' title='bbox 3230 4553 3332 4622; x_wconf 85' lang='grc' dir='ltr'>τὴν</span> <span class='ocrx_word' id='word_1_631' title='bbox 3368 4553 3582 4607; x_wconf 81' lang='grc' dir='ltr'>ἐκείνου</span> <span class='ocrx_word' id='word_1_632' title='bbox 3631 4554 3795 4620; x_wconf 78' lang='grc' dir='ltr'>δόξαν</span> 
     </span>
    </p>
   </div>
   <div class='ocr_carea' id='block_1_90' title="bbox 483 4642 2083 4720">
    <p class='ocr_par' dir='ltr' id='par_1_90' title="bbox 483 4645 2083 4718">
     <span class='ocr_line' id='line_1_90' title="bbox 483 4645 2083 4718; baseline -0.001 -16"><span class='ocrx_word' id='word_1_633' title='bbox 483 4649 658 4718; x_wconf 84' lang='lat' dir='ltr'><strong>gloria</strong></span> <span class='ocrx_word' id='word_1_634' title='bbox 690 4647 993 4718; x_wconf 75' lang='lat' dir='ltr'><strong>patefieret,</strong></span> <span class='ocrx_word' id='word_1_635' title='bbox 1027 4655 1141 4701; x_wconf 86' lang='lat' dir='ltr'><strong>tum</strong></span> <span class='ocrx_word' id='word_1_636' title='bbox 1175 4645 1241 4700; x_wconf 90' lang='lat' dir='ltr'><strong>ad</strong></span> <span class='ocrx_word' id='word_1_637' title='bbox 1269 4661 1427 4701; x_wconf 82' lang='lat' dir='ltr'><strong>suam</strong></span> <span class='ocrx_word' id='word_1_638' title='bbox 1455 4655 1711 4700; x_wconf 88' lang='lat' dir='ltr'><strong>creatura</strong></span> <span class='ocrx_word' id='word_1_639' title='bbox 1741 4647 2083 4702; x_wconf 84' lang='lat' dir='ltr'><strong>manuduce-</strong></span> 
     </span>
    </p>
   </div>
   <div class='ocr_carea' id='block_1_91' title="bbox 2187 4642 3797 4720">
    <p class='ocr_par' dir='ltr' id='par_1_91' title="bbox 2189 4642 3797 4720">
     <span class='ocr_line' id='line_1_91' title="bbox 2189 4642 3797 4720; baseline -0.001 -16"><span class='ocrx_word' id='word_1_640' title='bbox 2189 4650 2499 4720; x_wconf 83' lang='grc' dir='ltr'>τρανῶσαν,</span> <span class='ocrx_word' id='word_1_641' title='bbox 2534 4648 2653 4717; x_wconf 75' lang='grc' dir='ltr'>ἅμα</span> <span class='ocrx_word' id='word_1_642' title='bbox 2678 4645 2737 4698; x_wconf 81' lang='grc' dir='ltr'>δὲ</span> <span class='ocrx_word' id='word_1_643' title='bbox 2761 4643 3018 4713; x_wconf 73' lang='grc' dir='ltr'>καὶπρὸς</span> <span class='ocrx_word' id='word_1_644' title='bbox 3071 4642 3170 4715; x_wconf 85' lang='grc' dir='ltr'>τὴν</span> <span class='ocrx_word' id='word_1_645' title='bbox 3219 4645 3431 4698; x_wconf 68' lang='grc' dir='ltr'>οἰκείαν</span> <span class='ocrx_word' id='word_1_646' title='bbox 3459 4646 3522 4700; x_wconf 84' lang='grc' dir='ltr'>τὸ</span> <span class='ocrx_word' id='word_1_647' title='bbox 3565 4647 3797 4719; x_wconf 81' lang='grc' dir='ltr'>πλάσμα</span> 
     </span>
    </p>
   </div>
   <div class='ocr_carea' id='block_1_92' title="bbox 484 4736 2083 4814">
    <p class='ocr_par' dir='ltr' id='par_1_92' title="bbox 484 4737 2083 4810">
     <span class='ocr_line' id='line_1_92' title="bbox 484 4737 2083 4810; baseline 0.002 -18"><span class='ocrx_word' id='word_1_648' title='bbox 484 4749 642 4793; x_wconf 88' lang='lat' dir='ltr'><strong>retur</strong></span> <span class='ocrx_word' id='word_1_649' title='bbox 675 4753 690 4790; x_wconf 86' lang='lat'><strong>:</strong></span> <span class='ocrx_word' id='word_1_650' title='bbox 730 4737 1048 4808; x_wconf 85' lang='lat' dir='ltr'><strong>pariterque</strong></span> <span class='ocrx_word' id='word_1_651' title='bbox 1076 4747 1137 4792; x_wconf 94' lang='lat' dir='ltr'><strong>ut</strong></span> <span class='ocrx_word' id='word_1_652' title='bbox 1161 4738 1413 4808; x_wconf 88' lang='lat' dir='ltr'><strong>disjectis</strong></span> <span class='ocrx_word' id='word_1_653' title='bbox 1432 4738 1546 4808; x_wconf 80' lang='lat' dir='ltr'><strong>jam</strong></span> <span class='ocrx_word' id='word_1_654' title='bbox 1587 4753 1618 4792; x_wconf 86' lang='lat' dir='ltr'><strong>a</strong></span> <span class='ocrx_word' id='word_1_655' title='bbox 1641 4740 1934 4810; x_wconf 89' lang='lat' dir='ltr'><strong>splendore</strong></span> <span class='ocrx_word' id='word_1_656' title='bbox 1974 4738 2083 4795; x_wconf 86' lang='lat' dir='ltr'><strong>Pa-</strong></span> 
     </span>
    </p>
   </div>
   <div class='ocr_carea' id='block_1_93' title="bbox 2187 4736 3796 4814">
    <p class='ocr_par' dir='ltr' id='par_1_93' title="bbox 2189 4736 3796 4814">
     <span class='ocr_line' id='line_1_93' title="bbox 2189 4736 3796 4814; baseline -0.005 -18"><span class='ocrx_word' id='word_1_657' title='bbox 2189 4741 2654 4814; x_wconf 82' lang='grc' dir='ltr'>χειραγωγῆσαν,</span> <span class='ocrx_word' id='word_1_658' title='bbox 2716 4737 2813 4792; x_wconf 78' lang='grc' dir='ltr'>καὶ</span> <span class='ocrx_word' id='word_1_659' title='bbox 2860 4737 2949 4790; x_wconf 84' lang='grc' dir='ltr'>ἵνα</span> <span class='ocrx_word' id='word_1_660' title='bbox 3003 4738 3061 4790; x_wconf 84' lang='grc' dir='ltr'><strong>ἐν</strong></span> <span class='ocrx_word' id='word_1_661' title='bbox 3121 4736 3200 4806; x_wconf 81' lang='grc' dir='ltr'>τῷ</span> <span class='ocrx_word' id='word_1_662' title='bbox 3231 4738 3324 4792; x_wconf 83' lang='grc' dir='ltr'><strong>τοῦ</strong></span> <span class='ocrx_word' id='word_1_663' title='bbox 3363 4739 3578 4810; x_wconf 87' lang='grc' dir='ltr'>Πατρδς</span> <span class='ocrx_word' id='word_1_664' title='bbox 3611 4742 3796 4798; x_wconf 82' lang='grc' dir='ltr'>ἀπαυ.</span> 
     </span>
    </p>
   </div>
   <div class='ocr_carea' id='block_1_94' title="bbox 483 4828 2083 4907">
    <p class='ocr_par' dir='ltr' id='par_1_94' title="bbox 483 4829 2083 4907">
     <span class='ocr_line' id='line_1_94' title="bbox 483 4829 2083 4907; baseline 0.004 -23"><span class='ocrx_word' id='word_1_665' title='bbox 483 4829 587 4884; x_wconf 88' lang='lat' dir='ltr'><strong>tris</strong></span> <span class='ocrx_word' id='word_1_666' title='bbox 613 4829 916 4900; x_wconf 89' lang='lat' dir='ltr'><strong>impietatis</strong></span> <span class='ocrx_word' id='word_1_667' title='bbox 967 4831 1235 4897; x_wconf 88' lang='lat' dir='ltr'><strong>tenebris,</strong></span> <span class='ocrx_word' id='word_1_668' title='bbox 1265 4847 1297 4884; x_wconf 89' lang='lat' dir='ltr'><strong>a</strong></span> <span class='ocrx_word' id='word_1_669' title='bbox 1342 4833 2083 4907; x_wconf 86' lang='lat' dir='ltr'><strong>consubstantialiquoque,</strong></span> 
     </span>
    </p>
   </div>
   <div class='ocr_carea' id='block_1_95' title="bbox 2187 4828 3793 4907">
    <p class='ocr_par' dir='ltr' id='par_1_95' title="bbox 2189 4828 3793 4906">
     <span class='ocr_line' id='line_1_95' title="bbox 2189 4828 3793 4906; baseline 0.002 -23"><span class='ocrx_word' id='word_1_670' title='bbox 2189 4835 2546 4906; x_wconf 82' lang='grc' dir='ltr'>γάσματιτῆς</span> <span class='ocrx_word' id='word_1_671' title='bbox 2567 4831 2911 4901; x_wconf 79' lang='grc' dir='ltr'>σκοτομήνης</span> <span class='ocrx_word' id='word_1_672' title='bbox 2928 4830 3026 4900; x_wconf 81' lang='grc' dir='ltr'>τῆς</span> <span class='ocrx_word' id='word_1_673' title='bbox 3046 4828 3303 4894; x_wconf 75' lang='grc' dir='ltr'>ἀσεϐείας</span> <span class='ocrx_word' id='word_1_674' title='bbox 3316 4832 3793 4901; x_wconf 81' lang='grc' dir='ltr'>ἐκκεχωρηκυίας,</span> 
     </span>
    </p>
   </div>
   <div class='ocr_carea' id='block_1_96' title="bbox 482 4921 2084 4997">
    <p class='ocr_par' dir='ltr' id='par_1_96' title="bbox 482 4921 2084 4997">
     <span class='ocr_line' id='line_1_96' title="bbox 482 4921 2084 4997; baseline 0.004 -20"><span class='ocrx_word' id='word_1_675' title='bbox 482 4929 539 4977; x_wconf 90' lang='lat' dir='ltr'><strong>et</strong></span> <span class='ocrx_word' id='word_1_676' title='bbox 587 4921 936 4978; x_wconf 89' lang='lat' dir='ltr'><strong>illuminante</strong></span> <span class='ocrx_word' id='word_1_677' title='bbox 985 4923 1193 4993; x_wconf 86' lang='lat' dir='ltr'><strong>Spiritu</strong></span> <span class='ocrx_word' id='word_1_678' title='bbox 1257 4924 1481 4979; x_wconf 91' lang='lat' dir='ltr'><strong>obscuri</strong></span> <span class='ocrx_word' id='word_1_679' title='bbox 1543 4928 1958 4984; x_wconf 88' lang='lat' dir='ltr'><strong>illustrarentur</strong></span> <span class='ocrx_word' id='word_1_680' title='bbox 2016 4930 2084 4997; x_wconf 50' lang='grc' dir='ltr'>ιι.</span> 
     </span>
    </p>
   </div>
   <div class='ocr_carea' id='block_1_97' title="bbox 483 5010 2084 5091">
    <p class='ocr_par' dir='ltr' id='par_1_97' title="bbox 483 5010 2084 5091">
     <span class='ocr_line' id='line_1_97' title="bbox 483 5010 2084 5091; baseline 0.006 -24"><span class='ocrx_word' id='word_1_681' title='bbox 483 5010 648 5068; x_wconf 83' lang='lat' dir='ltr'><strong>Venit</strong></span> <span class='ocrx_word' id='word_1_682' title='bbox 684 5029 818 5084; x_wconf 81' lang='lat' dir='ltr'><strong>ergo</strong></span> <span class='ocrx_word' id='word_1_683' title='bbox 844 5015 901 5068; x_wconf 92' lang='lat' dir='ltr'><strong>in</strong></span> <span class='ocrx_word' id='word_1_684' title='bbox 945 5015 1148 5086; x_wconf 82' lang='lat' dir='ltr'><strong>linguis</strong></span> <span class='ocrx_word' id='word_1_685' title='bbox 1182 5016 1356 5085; x_wconf 84' lang='lat' dir='ltr'><strong>igneis</strong></span> <span class='ocrx_word' id='word_1_686' title='bbox 1377 5020 1655 5087; x_wconf 88' lang='lat' dir='ltr'><strong>corporali</strong></span> <span class='ocrx_word' id='word_1_687' title='bbox 1683 5021 1852 5075; x_wconf 91' lang='lat' dir='ltr'><strong>simul</strong></span> <span class='ocrx_word' id='word_1_688' title='bbox 1877 5024 2084 5091; x_wconf 88' lang='lat' dir='ltr'><strong>specie,</strong></span> 
     </span>
    </p>
   </div>
   <div class='ocr_carea' id='block_1_98' title="bbox 483 5107 2084 5181">
    <p class='ocr_par' dir='ltr' id='par_1_98' title="bbox 483 5107 2084 5181">
     <span class='ocr_line' id='line_1_98' title="bbox 483 5107 2084 5181; baseline 0.005 -21"><span class='ocrx_word' id='word_1_689' title='bbox 483 5113 540 5161; x_wconf 85' lang='lat' dir='ltr'><strong>et</strong></span> <span class='ocrx_word' id='word_1_690' title='bbox 560 5107 748 5162; x_wconf 90' lang='lat' dir='ltr'><strong>divina</strong></span> <span class='ocrx_word' id='word_1_691' title='bbox 782 5122 798 5162; x_wconf 91' lang='lat'><strong>:</strong></span> <span class='ocrx_word' id='word_1_692' title='bbox 829 5107 932 5163; x_wconf 87' lang='lat' dir='ltr'><strong>bac</strong></span> <span class='ocrx_word' id='word_1_693' title='bbox 976 5109 1196 5178; x_wconf 89' lang='lat' dir='ltr'><strong>quidem</strong></span> <span class='ocrx_word' id='word_1_694' title='bbox 1245 5118 1304 5162; x_wconf 93' lang='lat' dir='ltr'><strong>ut</strong></span> <span class='ocrx_word' id='word_1_695' title='bbox 1345 5109 1686 5166; x_wconf 84' lang='lat' dir='ltr'><strong>divinitatem</strong></span> <span class='ocrx_word' id='word_1_696' title='bbox 1741 5113 2084 5181; x_wconf 86' lang='lat' dir='ltr'><strong>ostenderet,</strong></span> 
     </span>
    </p>
   </div>
   <div class='ocr_carea' id='block_1_99' title="bbox 483 5198 2081 5271">
    <p class='ocr_par' dir='ltr' id='par_1_99' title="bbox 483 5198 2081 5271">
     <span class='ocr_line' id='line_1_99' title="bbox 483 5198 2081 5271; baseline 0.004 -18"><span class='ocrx_word' id='word_1_697' title='bbox 483 5198 628 5253; x_wconf 81' lang='lat' dir='ltr'><strong>Deus</strong></span> <span class='ocrx_word' id='word_1_698' title='bbox 654 5200 800 5254; x_wconf 88' lang='lat' dir='ltr'><strong>enim</strong></span> <span class='ocrx_word' id='word_1_699' title='bbox 831 5210 1007 5254; x_wconf 82' lang='lat' dir='ltr'><strong>noster</strong></span> <span class='ocrx_word' id='word_1_700' title='bbox 1031 5202 1174 5271; x_wconf 74' lang='lat' dir='ltr'><strong>ignis</strong></span> <span class='ocrx_word' id='word_1_701' title='bbox 1205 5217 1520 5257; x_wconf 79' lang='lat' dir='ltr'><strong>consumens</strong></span> <span class='ocrx_word' id='word_1_702' title='bbox 1554 5213 1634 5258; x_wconf 84' lang='lat' dir='ltr'><strong>est</strong></span> <span class='ocrx_word' id='word_1_703' title='bbox 1671 5205 1747 5270; x_wconf 80' lang='lat'><strong>”;</strong></span> <span class='ocrx_word' id='word_1_704' title='bbox 1806 5205 1898 5258; x_wconf 87' lang='lat' dir='ltr'><strong>illa</strong></span> <span class='ocrx_word' id='word_1_705' title='bbox 1930 5220 2081 5271; x_wconf 86' lang='lat' dir='ltr'><strong>vero,</strong></span> 
     </span>
    </p>
   </div>
   <div class='ocr_carea' id='block_1_100' title="bbox 487 5291 2090 5364">
    <p class='ocr_par' dir='ltr' id='par_1_100' title="bbox 487 5291 2090 5364">
     <span class='ocr_line' id='line_1_100' title="bbox 487 5291 2090 5364; baseline 0.002 -18"><span class='ocrx_word' id='word_1_706' title='bbox 487 5299 550 5347; x_wconf 86' lang='lat' dir='ltr'><strong>ut</strong></span> <span class='ocrx_word' id='word_1_707' title='bbox 578 5292 877 5361; x_wconf 78' lang='lat' dir='ltr'><strong>congenito</strong></span> <span class='ocrx_word' id='word_1_708' title='bbox 903 5291 1088 5346; x_wconf 81' lang='lat' dir='ltr'><strong>Verbo</strong></span> <span class='ocrx_word' id='word_1_709' title='bbox 1119 5307 1232 5347; x_wconf 87' lang='lat' dir='ltr'><strong>rem</strong></span> <span class='ocrx_word' id='word_1_710' title='bbox 1265 5307 1604 5363; x_wconf 80' lang='lat' dir='ltr'><strong>congeneam</strong></span> <span class='ocrx_word' id='word_1_711' title='bbox 1635 5302 1843 5363; x_wconf 81' lang='lat' dir='ltr'><strong>ageret,</strong></span> <span class='ocrx_word' id='word_1_712' title='bbox 1886 5309 2090 5364; x_wconf 82' lang='lat' dir='ltr'><strong>corpo-</strong></span> 
     </span>
    </p>
   </div>
   <div class='ocr_carea' id='block_1_101' title="bbox 485 5383 2093 5454">
    <p class='ocr_par' dir='ltr' id='par_1_101' title="bbox 485 5383 2093 5454">
     <span class='ocr_line' id='line_1_101' title="bbox 485 5383 2093 5454; baseline 0 -16"><span class='ocrx_word' id='word_1_713' title='bbox 485 5384 679 5438; x_wconf 77' lang='lat' dir='ltr'><strong>raliter</strong></span> <span class='ocrx_word' id='word_1_714' title='bbox 716 5397 1016 5453; x_wconf 88' lang='lat' dir='ltr'><strong>apparens,</strong></span> <span class='ocrx_word' id='word_1_715' title='bbox 1072 5390 1364 5452; x_wconf 87' lang='lat' dir='ltr'><strong>postquam</strong></span> <span class='ocrx_word' id='word_1_716' title='bbox 1398 5383 1468 5438; x_wconf 90' lang='lat' dir='ltr'><strong>ab</strong></span> <span class='ocrx_word' id='word_1_717' title='bbox 1519 5400 1586 5439; x_wconf 88' lang='lat' dir='ltr'><strong>eo</strong></span> <span class='ocrx_word' id='word_1_718' title='bbox 1626 5398 1830 5454; x_wconf 88' lang='lat' dir='ltr'><strong>corpus</strong></span> <span class='ocrx_word' id='word_1_719' title='bbox 1871 5399 2093 5440; x_wconf 89' lang='lat' dir='ltr'><strong>assum-</strong></span> 
     </span>
    </p>
   </div>
   <div class='ocr_carea' id='block_1_102' title="bbox 487 5472 2094 5546">
    <p class='ocr_par' dir='ltr' id='par_1_102' title="bbox 487 5472 2094 5546">
     <span class='ocr_line' id='line_1_102' title="bbox 487 5472 2094 5546; baseline 0.001 -17"><span class='ocrx_word' id='word_1_720' title='bbox 487 5481 644 5546; x_wconf 86' lang='lat' dir='ltr'><strong>ptum</strong></span> <span class='ocrx_word' id='word_1_721' title='bbox 667 5474 867 5528; x_wconf 88' lang='lat' dir='ltr'><strong>l&#39;uerat.</strong></span> <span class='ocrx_word' id='word_1_722' title='bbox 926 5472 986 5528; x_wconf 89' lang='lat' dir='ltr'><strong>ln</strong></span> <span class='ocrx_word' id='word_1_723' title='bbox 1038 5474 1242 5545; x_wconf 77' lang='lat' dir='ltr'><strong>linguis</strong></span> <span class='ocrx_word' id='word_1_724' title='bbox 1292 5475 1466 5538; x_wconf 84' lang='lat' dir='ltr'><strong>venit,</strong></span> <span class='ocrx_word' id='word_1_725' title='bbox 1499 5481 1628 5544; x_wconf 89' lang='lat' dir='ltr'><strong>apto</strong></span> <span class='ocrx_word' id='word_1_726' title='bbox 1687 5473 1896 5530; x_wconf 79' lang='lat' dir='ltr'><strong>futuris</strong></span> <span class='ocrx_word' id='word_1_727' title='bbox 1925 5475 2094 5530; x_wconf 89' lang='lat' dir='ltr'><strong>rebus</strong></span> 
     </span>
    </p>
   </div>
   <div class='ocr_carea' id='block_1_103' title="bbox 489 5566 2092 5639">
    <p class='ocr_par' dir='ltr' id='par_1_103' title="bbox 489 5566 2092 5639">
     <span class='ocr_line' id='line_1_103' title="bbox 489 5566 2092 5639; baseline 0.001 -17"><span class='ocrx_word' id='word_1_728' title='bbox 489 5567 824 5639; x_wconf 68' lang='lat' dir='ltr'><strong>aenigmate;</strong></span> <span class='ocrx_word' id='word_1_729' title='bbox 858 5574 922 5621; x_wconf 91' lang='lat' dir='ltr'><strong>ut</strong></span> <span class='ocrx_word' id='word_1_730' title='bbox 947 5576 1109 5622; x_wconf 89' lang='lat' dir='ltr'><strong>antea</strong></span> <span class='ocrx_word' id='word_1_731' title='bbox 1141 5567 1195 5621; x_wconf 91' lang='lat' dir='ltr'><strong>in</strong></span> <span class='ocrx_word' id='word_1_732' title='bbox 1227 5566 1437 5621; x_wconf 90' lang='lat' dir='ltr'><strong>Christi</strong></span> <span class='ocrx_word' id='word_1_733' title='bbox 1465 5567 1794 5637; x_wconf 84' lang='lat' dir='ltr'><strong>baptismate</strong></span> <span class='ocrx_word' id='word_1_734' title='bbox 1827 5567 1931 5622; x_wconf 84' lang='lat' dir='ltr'><strong>sub</strong></span> <span class='ocrx_word' id='word_1_735' title='bbox 1963 5583 2092 5638; x_wconf 86' lang='lat' dir='ltr'><strong>spe-</strong></span> 
     </span>
    </p>
   </div>
   <div class='ocr_carea' id='block_1_104' title="bbox 490 5658 2092 5730">
    <p class='ocr_par' dir='ltr' id='par_1_104' title="bbox 490 5658 2092 5730">
     <span class='ocr_line' id='line_1_104' title="bbox 490 5658 2092 5730; baseline -0.002 -13"><span class='ocrx_word' id='word_1_736' title='bbox 490 5659 579 5717; x_wconf 71' lang='lat' dir='ltr'><strong>(le</strong></span> <span class='ocrx_word' id='word_1_737' title='bbox 624 5658 902 5717; x_wconf 62' lang='lat' dir='ltr'><strong>columba</strong></span> <span class='ocrx_word' id='word_1_738' title='bbox 956 5658 1236 5730; x_wconf 85' lang='lat' dir='ltr'><strong>apparuit,</strong></span> <span class='ocrx_word' id='word_1_739' title='bbox 1296 5659 1488 5715; x_wconf 87' lang='lat' dir='ltr'><strong>diluvii</strong></span> <span class='ocrx_word' id='word_1_740' title='bbox 1518 5666 1872 5729; x_wconf 86' lang='lat' dir='ltr'><strong>peccatorum</strong></span> <span class='ocrx_word' id='word_1_741' title='bbox 1930 5659 2092 5715; x_wconf 84' lang='lat' dir='ltr'><strong>ﬁnem</strong></span> 
     </span>
    </p>
   </div>
   <div class='ocr_carea' id='block_1_105' title="bbox 567 5857 2083 5929">
    <p class='ocr_par' dir='ltr' id='par_1_105' title="bbox 567 5857 2083 5929">
     <span class='ocr_line' id='line_1_105' title="bbox 567 5857 2083 5929; baseline -0.003 -13"><span class='ocrx_word' id='word_1_742' title='bbox 567 5858 610 5892; x_wconf 83' lang='lat'><strong>&quot;</strong></span> <span class='ocrx_word' id='word_1_743' title='bbox 643 5857 778 5918; x_wconf 78' lang='lat' dir='ltr'><strong>Gen.</strong></span> <span class='ocrx_word' id='word_1_744' title='bbox 817 5877 856 5928; x_wconf 84' lang='grc' dir='ltr'><strong>ι,</strong></span> <span class='ocrx_word' id='word_1_745' title='bbox 884 5859 974 5919; x_wconf 76' lang='grc'><strong>51.</strong></span> <span class='ocrx_word' id='word_1_746' title='bbox 1054 5861 1096 5896; x_wconf 73' lang='grc'>³⁸</span> <span class='ocrx_word' id='word_1_747' title='bbox 1124 5860 1292 5922; x_wconf 84' lang='lat' dir='ltr'><strong>Hebr.</strong></span> <span class='ocrx_word' id='word_1_748' title='bbox 1326 5877 1366 5929; x_wconf 86' lang='grc' dir='ltr'><strong>ι,</strong></span> <span class='ocrx_word' id='word_1_749' title='bbox 1397 5862 1452 5920; x_wconf 78' lang='grc'><strong>5.</strong></span> <span class='ocrx_word' id='word_1_750' title='bbox 1533 5862 1576 5894; x_wconf 77' lang='grc'><strong>⁸⁸</strong></span> <span class='ocrx_word' id='word_1_751' title='bbox 1609 5859 1774 5918; x_wconf 86' lang='lat' dir='ltr'><strong>llcbr.</strong></span> <span class='ocrx_word' id='word_1_752' title='bbox 1856 5877 1955 5928; x_wconf 73' lang='lat' dir='ltr'><strong>sn,</strong></span> <span class='ocrx_word' id='word_1_753' title='bbox 1982 5859 2083 5916; x_wconf 73' lang='lat'><strong>29.</strong></span> 
     </span>
    </p>
   </div>
   <div class='ocr_carea' id='block_1_106' title="bbox 2189 4919 3796 5000">
    <p class='ocr_par' dir='ltr' id='par_1_106' title="bbox 2189 4919 3796 5000">
     <span class='ocr_line' id='line_1_106' title="bbox 2189 4919 3796 5000; baseline -0.003 -19"><span class='ocrx_word' id='word_1_754' title='bbox 2189 4930 2292 5000; x_wconf 71' lang='grc' dir='ltr'>ἤδη</span> <span class='ocrx_word' id='word_1_755' title='bbox 2317 4927 2413 4980; x_wconf 75' lang='grc' dir='ltr'>καὶ</span> <span class='ocrx_word' id='word_1_756' title='bbox 2437 4927 2495 4979; x_wconf 88' lang='grc' dir='ltr'><strong>ἐν</strong></span> <span class='ocrx_word' id='word_1_757' title='bbox 2529 4925 2607 4996; x_wconf 82' lang='grc' dir='ltr'>τῷ</span> <span class='ocrx_word' id='word_1_758' title='bbox 2629 4923 2906 4995; x_wconf 87' lang='grc' dir='ltr'>όμοουσίῳ</span> <span class='ocrx_word' id='word_1_759' title='bbox 2953 4919 3120 4977; x_wconf 88' lang='grc' dir='ltr'>αὐτοῦ</span> <span class='ocrx_word' id='word_1_760' title='bbox 3149 4921 3470 4993; x_wconf 81' lang='grc' dir='ltr'>φωτιστικῴ</span> <span class='ocrx_word' id='word_1_761' title='bbox 3510 4922 3796 4993; x_wconf 87' lang='grc' dir='ltr'>Πνεύματι</span> 
     </span>
    </p>
   </div>
   <div class='ocr_carea' id='block_1_107' title="bbox 2192 5013 3797 5088">
    <p class='ocr_par' dir='ltr' id='par_1_107' title="bbox 2192 5013 3797 5088">
     <span class='ocr_line' id='line_1_107' title="bbox 2192 5013 3797 5088; baseline -0.002 -15"><span class='ocrx_word' id='word_1_762' title='bbox 2192 5016 2652 5088; x_wconf 83' lang='grc' dir='ltr'>καταυγασθῶσιν</span> <span class='ocrx_word' id='word_1_763' title='bbox 2704 5016 2756 5069; x_wconf 80' lang='grc' dir='ltr'>οἱ</span> <span class='ocrx_word' id='word_1_764' title='bbox 2801 5015 3100 5085; x_wconf 79' lang='grc' dir='ltr'>ἀλαμπεῖς.</span> <span class='ocrx_word' id='word_1_765' title='bbox 3149 5014 3317 5085; x_wconf 79' lang='grc' dir='ltr'>Φοιτᾷ</span> <span class='ocrx_word' id='word_1_766' title='bbox 3345 5013 3402 5068; x_wconf 78' lang='grc' dir='ltr'>δὲ</span> <span class='ocrx_word' id='word_1_767' title='bbox 3436 5015 3496 5067; x_wconf 84' lang='grc' dir='ltr'><strong>ἐν</strong></span> <span class='ocrx_word' id='word_1_768' title='bbox 3518 5013 3797 5084; x_wconf 86' lang='grc' dir='ltr'>γλώσσαις</span> 
     </span>
    </p>
   </div>
   <div class='ocr_carea' id='block_1_108' title="bbox 2195 5105 3796 5181">
    <p class='ocr_par' dir='ltr' id='par_1_108' title="bbox 2195 5105 3796 5181">
     <span class='ocr_line' id='line_1_108' title="bbox 2195 5105 3796 5181; baseline -0.001 -17"><span class='ocrx_word' id='word_1_769' title='bbox 2195 5110 2461 5181; x_wconf 82' lang='grc' dir='ltr'>πυρίναις</span> <span class='ocrx_word' id='word_1_770' title='bbox 2499 5106 2834 5179; x_wconf 88' lang='grc' dir='ltr'>σωματικῶς</span> <span class='ocrx_word' id='word_1_771' title='bbox 2883 5105 3022 5178; x_wconf 86' lang='grc' dir='ltr'>ὁμοῦ</span> <span class='ocrx_word' id='word_1_772' title='bbox 3065 5105 3164 5160; x_wconf 74' lang='grc' dir='ltr'>καὶ</span> <span class='ocrx_word' id='word_1_773' title='bbox 3196 5105 3417 5171; x_wconf 86' lang='grc' dir='ltr'>θεῖκῶς,</span> <span class='ocrx_word' id='word_1_774' title='bbox 3439 5105 3516 5178; x_wconf 86' lang='grc' dir='ltr'>τῷ</span> <span class='ocrx_word' id='word_1_775' title='bbox 3548 5107 3673 5176; x_wconf 77' lang='grc' dir='ltr'>μὲν,</span> <span class='ocrx_word' id='word_1_776' title='bbox 3705 5107 3796 5162; x_wconf 82' lang='grc' dir='ltr'>ῐνα</span> 
     </span>
    </p>
   </div>
   <div class='ocr_carea' id='block_1_109' title="bbox 2193 5194 3796 5270">
    <p class='ocr_par' dir='ltr' id='par_1_109' title="bbox 2193 5194 3796 5270">
     <span class='ocr_line' id='line_1_109' title="bbox 2193 5194 3796 5270; baseline -0.001 -18"><span class='ocrx_word' id='word_1_777' title='bbox 2193 5202 2293 5270; x_wconf 79' lang='grc' dir='ltr'>τὴν</span> <span class='ocrx_word' id='word_1_778' title='bbox 2355 5199 2611 5268; x_wconf 90' lang='grc' dir='ltr'>θειότητα</span> <span class='ocrx_word' id='word_1_779' title='bbox 2669 5196 2954 5268; x_wconf 80' lang='grc' dir='ltr'>γνωρίσῃ·</span> <span class='ocrx_word' id='word_1_780' title='bbox 2991 5195 3120 5264; x_wconf 85' lang='grc' dir='ltr'><strong>Πῦρ</strong></span> <span class='ocrx_word' id='word_1_781' title='bbox 3179 5194 3292 5267; x_wconf 76' lang='grc' dir='ltr'><strong>γὰρ</strong></span> <span class='ocrx_word' id='word_1_782' title='bbox 3347 5198 3383 5250; x_wconf 83' lang='grc' dir='ltr'><strong>ό</strong></span> <span class='ocrx_word' id='word_1_783' title='bbox 3433 5197 3580 5262; x_wconf 77' lang='grc' dir='ltr'>Θεὸς</span> <span class='ocrx_word' id='word_1_784' title='bbox 3621 5194 3796 5266; x_wconf 76' lang='grc' dir='ltr'>ἡμῶν</span> 
     </span>
    </p>
   </div>
   <div class='ocr_carea' id='block_1_110' title="bbox 2195 5287 3794 5360">
    <p class='ocr_par' dir='ltr' id='par_1_110' title="bbox 2195 5287 3794 5360">
     <span class='ocr_line' id='line_1_110' title="bbox 2195 5287 3794 5360; baseline -0.004 -13"><span class='ocrx_word' id='word_1_785' title='bbox 2195 5291 2689 5346; x_wconf 70' lang='grc' dir='ltr'>καταναλίσκον·</span> <span class='ocrx_word' id='word_1_786' title='bbox 2739 5289 2820 5360; x_wconf 86' lang='grc' dir='ltr'>τῷ</span> <span class='ocrx_word' id='word_1_787' title='bbox 2860 5290 2917 5343; x_wconf 81' lang='grc' dir='ltr'>δὲ</span> <span class='ocrx_word' id='word_1_788' title='bbox 2950 5287 3029 5360; x_wconf 83' lang='grc' dir='ltr'><strong>τῷ</strong></span> <span class='ocrx_word' id='word_1_789' title='bbox 3065 5290 3324 5356; x_wconf 83' lang='grc' dir='ltr'>συγγενεῖ</span> <span class='ocrx_word' id='word_1_790' title='bbox 3362 5288 3520 5359; x_wconf 87' lang='grc' dir='ltr'>Λόγῳ</span> <span class='ocrx_word' id='word_1_791' title='bbox 3555 5289 3794 5358; x_wconf 72' lang='grc' dir='ltr'>πρᾶγμα</span> 
     </span>
    </p>
   </div>
   <div class='ocr_carea' id='block_1_111' title="bbox 2193 5377 3815 5452">
    <p class='ocr_par' dir='ltr' id='par_1_111' title="bbox 2193 5377 3815 5452">
     <span class='ocr_line' id='line_1_111' title="bbox 2193 5377 3815 5452; baseline -0.006 -14"><span class='ocrx_word' id='word_1_792' title='bbox 2193 5383 2368 5438; x_wconf 88' lang='grc' dir='ltr'>τελῶν</span> <span class='ocrx_word' id='word_1_793' title='bbox 2405 5382 2692 5452; x_wconf 81' lang='grc' dir='ltr'>συγγενὲς,</span> <span class='ocrx_word' id='word_1_794' title='bbox 2734 5380 2831 5435; x_wconf 74' lang='grc' dir='ltr'>καὶ</span> <span class='ocrx_word' id='word_1_795' title='bbox 2887 5378 3213 5449; x_wconf 88' lang='grc' dir='ltr'>ποιούμενον</span> <span class='ocrx_word' id='word_1_796' title='bbox 3261 5378 3359 5448; x_wconf 77' lang='grc' dir='ltr'>τὴν</span> <span class='ocrx_word' id='word_1_797' title='bbox 3399 5377 3706 5450; x_wconf 88' lang='grc' dir='ltr'>παρουσίαν</span> <span class='ocrx_word' id='word_1_798' title='bbox 3733 5377 3815 5435; x_wconf 73' lang='grc' dir='ltr'>ἐν.</span> 
     </span>
    </p>
   </div>
   <div class='ocr_carea' id='block_1_112' title="bbox 2197 5466 3794 5546">
    <p class='ocr_par' dir='ltr' id='par_1_112' title="bbox 2197 5466 3794 5546">
     <span class='ocr_line' id='line_1_112' title="bbox 2197 5466 3794 5546; baseline -0.004 -18"><span class='ocrx_word' id='word_1_799' title='bbox 2197 5475 2439 5546; x_wconf 84' lang='grc' dir='ltr'>σώματι,</span> <span class='ocrx_word' id='word_1_800' title='bbox 2499 5475 2692 5544; x_wconf 83' lang='grc' dir='ltr'>ὥσπερ</span> <span class='ocrx_word' id='word_1_801' title='bbox 2740 5474 2949 5537; x_wconf 76' lang='grc' dir='ltr'>ἐκεῖνος</span> <span class='ocrx_word' id='word_1_802' title='bbox 3003 5470 3162 5541; x_wconf 77' lang='grc' dir='ltr'>ὤφθη</span> <span class='ocrx_word' id='word_1_803' title='bbox 3207 5471 3347 5541; x_wconf 80' lang='grc' dir='ltr'><strong>μετά</strong></span> <span class='ocrx_word' id='word_1_804' title='bbox 3382 5470 3654 5541; x_wconf 82' lang='grc' dir='ltr'>σώματος.</span> <span class='ocrx_word' id='word_1_805' title='bbox 3699 5466 3794 5522; x_wconf 81' lang='grc' dir='ltr'>Ἐν</span> 
     </span>
    </p>
   </div>
   <div class='ocr_carea' id='block_1_113' title="bbox 2195 5560 3794 5640">
    <p class='ocr_par' dir='ltr' id='par_1_113' title="bbox 2195 5560 3794 5640">
     <span class='ocr_line' id='line_1_113' title="bbox 2195 5560 3794 5640; baseline -0.004 -18"><span class='ocrx_word' id='word_1_806' title='bbox 2195 5569 2477 5640; x_wconf 83' lang='grc' dir='ltr'>γλώσσαις</span> <span class='ocrx_word' id='word_1_807' title='bbox 2521 5568 2580 5623; x_wconf 76' lang='grc' dir='ltr'>δὲ</span> <span class='ocrx_word' id='word_1_808' title='bbox 2630 5569 2689 5621; x_wconf 82' lang='grc' dir='ltr'><strong>ἐν</strong></span> <span class='ocrx_word' id='word_1_809' title='bbox 2733 5565 2922 5636; x_wconf 80' lang='grc' dir='ltr'>οἰκείῳ</span> <span class='ocrx_word' id='word_1_810' title='bbox 2974 5565 3084 5618; x_wconf 90' lang='grc' dir='ltr'><strong>τῶν</strong></span> <span class='ocrx_word' id='word_1_811' title='bbox 3131 5563 3408 5635; x_wconf 79' lang='grc' dir='ltr'>ἐσομένων</span> <span class='ocrx_word' id='word_1_812' title='bbox 3449 5560 3794 5635; x_wconf 78' lang='grc' dir='ltr'>πραγμάτων</span> 
     </span>
    </p>
   </div>
   <div class='ocr_carea' id='block_1_114' title="bbox 2198 5654 3792 5734">
    <p class='ocr_par' dir='ltr' id='par_1_114' title="bbox 2198 5654 3792 5734">
     <span class='ocr_line' id='line_1_114' title="bbox 2198 5654 3792 5734; baseline -0.006 -16"><span class='ocrx_word' id='word_1_813' title='bbox 2198 5661 2486 5734; x_wconf 84' lang='grc' dir='ltr'>αἰνίγματι</span> <span class='ocrx_word' id='word_1_814' title='bbox 2506 5679 2520 5694; x_wconf 76' lang='grc' dir='ltr'><strong>ο</strong></span> <span class='ocrx_word' id='word_1_815' title='bbox 2554 5660 2746 5732; x_wconf 84' lang='grc' dir='ltr'>ὥσπερ</span> <span class='ocrx_word' id='word_1_816' title='bbox 2762 5659 3030 5732; x_wconf 87' lang='grc' dir='ltr'>πρότερον</span> <span class='ocrx_word' id='word_1_817' title='bbox 3060 5659 3120 5713; x_wconf 81' lang='grc' dir='ltr'><strong>ἐν</strong></span> <span class='ocrx_word' id='word_1_818' title='bbox 3150 5655 3227 5727; x_wconf 82' lang='grc' dir='ltr'>τῷ</span> <span class='ocrx_word' id='word_1_819' title='bbox 3266 5654 3605 5728; x_wconf 84' lang='grc' dir='ltr'>βαπτίσματι</span> <span class='ocrx_word' id='word_1_820' title='bbox 3625 5670 3792 5727; x_wconf 85' lang='grc' dir='ltr'>περι-</span> 
     </span>
    </p>
   </div>
  </div>
