4086 6298
355 299 459 363 153
1241 291 1527 353 ORATIO
1556 289 1727 351 XIII.
1764 313 1833 324 -θ
1870 289 1966 348 DE
2006 287 2323 348 SPIRITU
2359 287 2666 348 SANCTO.
3537 295 3640 359 151

350 414 551 487 στερᾶς
617 410 902 465 ὠπτάνετο
948 408 1079 463 εῖδει
1142 406 1243 479 τὴν
1299 406 1454 470 λῆξιν
1510 406 1610 477 τῆς
1663 404 1935 475 ἁμαρτίας

2046 400 2375 455 nuntiantis.
2438 402 2518 454 lta
2569 417 2700 455 vero
2756 401 2812 455 in
2848 401 3097 461 divinum
3151 402 3390 459 Verbum
3442 404 3640 465 harum

349 502 745 573 κατακλυσμοῦ
776 499 1198 567 ἀπαγγέλλοντι,
1236 491 1415 552 είκαὶ
1450 495 1623 567 ταύτῃ
1668 494 1806 565 πρὸς
1851 493 1935 546 τὸν

2049 509 2234 548 rerum
2263 508 2433 548 causa
2467 493 2741 560 refertur;
2783 510 2847 549 ea
2888 495 3063 549 forma
3094 506 3451 562 connotante,
3473 499 3639 555 Verbi

350 600 499 655 θεῖον
546 596 723 664 Λόγον
776 593 888 648 τῶν
938 590 1277 663 τελουμένων
1323 588 1657 658 ἀναφέρεται
1692 589 1725 657 ή
1766 586 1939 650 αἰτία,

348 690 660 751 δεικνύντος
677 686 773 741 τοῦ
800 685 1064 757 φανέντος
1091 682 1285 747 εἴδους.
1306 678 1541 734 Ὀτιτοῦ
1573 678 1749 747 Λόγου
1781 678 1941 748 ἔργον

347 784 384 854 ή
407 780 502 833 τοῦ
536 777 859 849 Πνεύματος
884 774 1130 836 κάθοδος.
1161 772 1317 843 Τάχα
1347 772 1404 825 δέ
1432 771 1528 824 καὶ
1559 769 1648 821 ἵνα
1674 770 1787 831 τοῖς
1821 785 1944 836 μα-

349 873 544 943 θηταῖς
574 869 676 941 τὴν
700 867 811 922 τῶν
849 866 1278 938 ἐπηγγελμένων
1321 861 1675 932 ἐκπλήρωσιν
1713 862 1939 929 ποιήσῃ,

346 964 424 1027 ὡς
461 959 769 1033 συμπαρὼν
808 962 837 1015 ό
869 960 1044 1027 Λόγος
1079 956 1251 1010 ποιῶν
1274 954 1467 1027 ὁρῷτο.
1503 955 1614 1008 Καὶ
1640 952 1814 1016 διδοὺς
1840 953 1942 1005 αὐ-

344 1057 463 1117 τοῖς
499 1053 690 1125 ὥσπερ
715 1053 775 1106 rb
806 1051 1074 1123 πρότερον
1102 1046 1409 1119 συμπαρὼν
1426 1046 1598 1098 ἐδίδου
1615 1044 1677 1097 τὸ
1690 1044 1937 1114 Πνεῦμα,

346 1145 540 1201 ἄλλοτε
582 1144 684 1216 μὲν
720 1144 928 1217 ῥήματι
965 1143 1133 1214 μόνῳ,
1167 1139 1357 1197 ἄλλοτε
1384 1139 1441 1194 δέ
1468 1140 1730 1211 ἐμφυσῶν
1750 1137 1812 1190 τό
1837 1136 1939 1191 δώ-

350 1253 529 1310 ρημα,
562 1231 1094 1304 αίνιγματιζομένης
1153 1229 1253 1301 τῆς
1292 1230 1391 1303 οὐχ
1442 1229 1727 1303 όρωμένης
1758 1229 1939 1290 αὐτοῖς

350 1327 658 1400 παρουσίας
683 1324 778 1379 τοῦ
800 1324 1153 1387 Διδασκαλου,
1179 1323 1248 1376 δι’
1262 1314 1337 1377 ὧν
1362 1324 1421 1376 ἐν
1447 1320 1708 1391 γλωσσῶν
1727 1319 1939 1390 σημείῳ

344 1422 448 1490 τῆς
474 1420 626 1482 θείας
657 1416 998 1489 ἐπληροῦντο
1022 1416 1326 1488 δυνάμεως.
1363 1416 1473 1469 Καὶ
1498 1413 1691 1487 μηδεὶς
1712 1414 1941 1483 ἐπιδρα-

349 1511 523 1582 μείτω
556 1509 825 1580 δυσσεϐὴς
854 1508 952 1563 καὶ
985 1507 1233 1580 ἀνόητος,
1262 1507 1358 1561 καὶ
1400 1506 1478 1571 ὠς
1527 1505 1938 1577 θηράματιτοῖς

345 1602 662 1675 εἰρημένοις
680 1600 1080 1664 ἀνασοϐείσθω,
1111 1598 1247 1670 μηδέ
1266 1599 1566 1673 ὀργανικὴν
1592 1615 1716 1650 τινα
1748 1597 1938 1667 χρείαν

1953 1663 2012 1716 Β

2045 600 2183 655 Opus
2239 600 2365 640 esse
2421 588 2599 640 sancti
2653 586 2891 656 Spiritus
2922 587 3339 641 descensum”.
3383 590 3644 647 Fortasse

2046 683 2237 748 etiam,
2268 696 2391 751 quae
2421 680 2711 751 discipulis
2741 682 3096 750 promiserat,
3129 698 3287 737 mens
3327 684 3433 739 fuit
3474 684 3642 753 perﬁ-

2043 790 2201 840 cere;
2232 789 2297 829 ac
2327 774 2473 830 sicut
2505 789 2632 829 cum
2666 774 2803 843 ipsis
2838 775 3045 847 degens
3079 776 3346 843 Spiritum
3403 779 3486 833 eis
3536 780 3644 833 im-

2042 866 2331 935 pertierat,
2355 868 2518 920 modo
2546 866 2715 920 verbo
2742 875 2982 931 tantum,
3013 868 3175 921 modo
3200 869 3366 922 etiam
3397 869 3641 938 inspira-

2042 960 2213 1024 tione,
2247 959 2323 1013 ita
2357 975 2506 1014 nunc
2528 967 2776 1030 przestat,
2803 962 3083 1016 occultata
3112 960 3358 1033 Magistri
3395 978 3639 1033 prazsen—

2040 1052 2141 1114 tia,
2170 1052 2240 1105 ob
2291 1067 2453 1119 quam
2512 1051 2616 1105 sub
2650 1052 2964 1122 linguarum
2997 1054 3170 1123 ﬁgura
3201 1055 3387 1109 divina
3432 1057 3641 1111 virtute

2042 1144 2349 1214 replentur.
2386 1143 2493 1197 Nec
2549 1146 2751 1213 impius
2820 1147 3021 1215 aliquis
3052 1156 3332 1214 occurrat,
3388 1156 3484 1203 aut
3540 1149 3638 1204 de-

2043 1247 2217 1294 mens.
2250 1235 2344 1303 qui
2375 1234 2741 1289 conturbetur
2762 1250 2828 1287 ex
2862 1234 3050 1299 dictis,
3102 1245 3158 1289 et
3207 1251 3397 1291 errore
3433 1237 3502 1291 ab
3534 1253 3639 1292 usu

2042 1325 2263 1395 linguae,
2299 1336 2351 1379 et
2416 1327 2646 1396 loquelae
2699 1335 2905 1382 nostrae
2945 1328 3263 1398 desumpto,
3314 1329 3639 1398 organieum

2040 1416 2275 1472 ollicium
2301 1418 2576 1488 quoddam
2603 1418 2867 1489 Spiritum
2894 1420 3158 1488 perﬁcere
3183 1420 3443 1489 opinetur
3470 1436 3485 1473 :
3512 1436 3638 1475 nam

2042 1510 2147 1564 hoc
2167 1512 2327 1565 modo
2357 1526 2465 1565 non
2501 1512 2647 1565 inter
2676 1521 2963 1565 creaturas
2992 1518 3230 1574 tantum,
3282 1512 3379 1567 sed
3412 1523 3467 1568 et
3496 1513 3640 1568 inter

2043 1616 2275 1671 corpora
2311 1602 2577 1671 Spiritum
2632 1603 2952 1666 collocaret,
2986 1612 3152 1671 atque
3183 1603 3410 1673 insuper
3464 1604 3641 1675 pieta-

346 1694 595 1766 πληροῦν
644 1693 877 1765 όριζέτω
921 1693 983 1747 τὸ
1025 1691 1272 1763 Πνεῦμα,
1332 1693 1397 1745 ἐκ
1434 1692 1533 1758 τῆς
1572 1692 1630 1744 ἐν
1679 1692 1812 1761 ἡμῖν
1843 1689 1935 1742 τοῦ

2048 1703 2195 1758 tem,
2249 1708 2313 1749 ac
2380 1694 2699 1764 religionem
2766 1709 2982 1749 omnem
3045 1695 3320 1765 susdeque
3376 1705 3634 1753 verteret.

345 1784 508 1855 λόγου
530 1786 628 1841 καὶ
659 1786 759 1858 τῆς
784 1784 1041 1855 γλώσσης
1087 1782 1457 1855 σφαλλόμενος
1502 1781 1841 1851 διοικήσεως.
1867 1782 1940 1835 Ἦ

342 1878 492 1932 οὕτω
521 1878 574 1949 γ’
607 1878 673 1933 ἂν
696 1878 757 1932 οὐ
791 1878 932 1949 μετά
961 1877 1069 1932 τῶν
1101 1877 1418 1947 κτισμάτων
1443 1873 1581 1947 τάξῃ
1603 1874 1663 1927 τὺ
1688 1874 1936 1943 Πνεῦμα,

343 1971 485 2025 ἀλλά
510 1969 609 2025 καὶ
631 1971 771 2040 μετά
806 1969 916 2025 τῶν
952 1970 1224 2040 σωμάτων
1246 1986 1258 2001 ο
1305 1967 1400 2023 καὶ
1433 1967 1663 2039 προσέτι
1694 1967 1808 2021 ἄνω
1846 1968 1939 2020 καὶ

344 2062 501 2117 κάτω
530 2060 727 2133 φύρειν
759 2061 821 2115 τὸ
855 2061 965 2115 πᾶν
1007 2060 1110 2131 τῆς
1165 2058 1447 2124 εὐσεϐείας
1489 2059 1935 2128 ἀπονενοήσεται.

344 2154 413 2207 Τί
447 2152 496 2206 δ’
521 2155 556 2223 ὴ
591 2152 745 2224 βιαία
772 2152 930 2222 πνοὴ,
971 2153 1005 2221 ἢ
1037 2151 1137 2223 τήν
1157 2150 1429 2221 σωστικὴν
1460 2150 1706 2221 ταραχὴν
1740 2147 1850 2201 τῶν
1874 2150 1932 2202 ἐν

2046 1782 2189 1850 Quid
2215 1788 2360 1839 enim
2386 1786 2533 1839 aliud
2585 1786 2882 1840 vehemens
2932 1786 3163 1855 spiritus
3203 1787 3429 1854 indicat,
3471 1803 3635 1857 quam

2044 1878 2340 1932 salutarem
2369 1878 2587 1932 illorum
2629 1878 3023 1943 turbatiouem,
3049 1882 3142 1947 qui
3173 1879 3229 1933 in
3270 1879 3637 1933 incredulita-

2044 1970 2117 2024 tis
2142 1970 2332 2039 pelago
2358 1970 2637 2039 navigant,
2664 1977 2718 2023 et
2745 1984 2774 2022 a
2809 1969 3155 2039 sapientibus
3194 1969 3401 2030 nautis,
3431 1970 3635 2039 quibus

2043 2061 2295 2117 insidens
2339 2061 2627 2116 scientiam
2670 2060 2925 2132 largitur,
2960 2061 3016 2115 in
3042 2071 3259 2132 portum
3303 2062 3635 2132 cognitionis

2043 2148 2141 2201 Dei
2176 2148 2591 2218 perducuntur?

342 2246 414 2315 τῇ
457 2241 707 2318 θαλάσσῃ
754 2244 854 2315 τῆς
894 2242 1085 2305 ἀθεῖας
1140 2240 1528 2310 πλωϊζομένων
1557 2239 1942 2312 καταμηνύει,
1983 2238 2163 2301 καλῶς
2196 2230 2638 2310 ταραττομένων,
2690 2240 2785 2292 καὶ
2819 2240 2955 2311 πρὸς
2995 2238 3087 2293 τὸν
3153 2240 3474 2314 σωτηριὼδη
3535 2242 3635 2311 τῆς

344 2335 685 2404 θεογνωσίας
739 2333 939 2406 λιμένα
989 2332 1383 2406 καταγομένων
1458 2332 1566 2387 ὑπὸ
1616 2332 1728 2387 τῶν
1793 2331 2179 2402 ἐπιστημόνων
2234 2332 2612 2404 κυϐερνητῶν,
2671 2326 2753 2396 οἷς
2818 2332 3210 2405 ἐφιδρυόμενον
3238 2335 3499 2405 δωρεῖται
3534 2336 3633 2407 τὴν

344 2428 667 2499 ἐπιστήμην
684 2443 701 2495 ;

416 2608 489 2665 Τί
516 2607 721 2677 λέγεις,
745 2599 792 2659 ὦ
841 2604 953 2658 τῶν
1009 2603 1332 2675 θαυμασίων
1375 2602 1709 2673 συκοφάντα,
1739 2601 1835 2656 καί⁵
1863 2602 1931 2671 τῇ

2107 2599 2249 2666 Quid
2282 2600 2548 2671 loqueris,
2583 2616 2617 2657 0
2646 2602 3025 2657 "calumniator
3059 2604 3455 2661 miraculorum
3507 2606 3631 2679 Dei,

346 2700 582 2769 ἀπονοία
604 2701 671 2751 ἐκ
703 2695 877 2766 μέθης
897 2693 1247 2766 δημιουργῶν
1275 2695 1345 2749 τά
1392 2693 1707 2765 παράδοξας
1735 2693 1934 2763 χλεύην

2039 2690 2381 2746 incredibilia
2411 2692 2668 2748 ebrietati
2700 2707 2812 2763 pra:
2849 2695 3090 2749 amentia
3122 2698 3423 2755 tribuens?
3454 2698 3630 2755 risum

350 2793 482 2863 ποιῇ
503 2790 573 2843 τά
598 2788 887 2859 ύπερφυῆ;
915 2787 1011 2840 καὶ
1042 2786 1169 2850 τοὺς
1194 2785 1611 2859 ἐμφορηθέντας
1641 2786 1733 2838 τοῦ
1763 2784 1939 2838 Πνεύ-

350 2900 521 2954 ματος
557 2883 621 2935 ἐκ
642 2881 743 2951 τῆς
773 2880 875 2951 σῆς
900 2878 1240 2951 εὐθηνούσης
1274 2878 1635 2950 ἀναισθησίας
1675 2879 1735 2931 τὸ
1772 2876 1935 2945 γλεῦ-

2037 2784 2303 2849 excitant,
2334 2800 2459 2855 quae
2485 2792 2739 2839 naturam
2773 2788 3083 2857 superant?
3112 2796 3165 2842 et
3196 2787 3403 2859 Spiritu
3436 2800 3632 2849 sancto

2041 2877 2266 2945 repletis
2297 2885 2537 2932 mustum
2560 2879 2841 2933 insensate
2863 2881 3168 2948 exprobras
3186 2884 3253 2949 ",
3271 2890 3325 2937 et
3344 2884 3528 2941 ebrios
3550 2884 3635 2939 fa-

346 2993 444 3040 κος
498 2973 794 3044 προφέρων
858 2972 1195 3043 μεθύσκεις;
1242 2971 1319 3037 ὡς
1373 2966 1497 3025 λίαν
1538 2970 1603 3024 σὺ
1658 2970 1935 3041 νηφαλίως

2040 2969 2156 3023 cis?
2190 2971 2269 3026 An
2294 2970 2518 3041 quidem
2577 2970 2765 3025 sobrie
2812 2979 2867 3026 te
2897 2972 3092 3037 babes,
3149 2975 3245 3043 qui
3281 2990 3405 3029 eum
3441 2977 3630 3034 videas

346 3068 518 3139 ιχεις,
540 3068 600 3131 ὃς
629 3067 719 3137 ἐφ’
747 3059 830 3127 οἷς
894 3065 1031 3136 ὁρᾷς
1075 3065 1176 3135 τὴν
1208 3062 1474 3136 πρότερον
1504 3064 1590 3119 σοὶ
1617 3062 1762 3135 μόνῳ
1792 3080 1935 3132 παρ-

345 3158 516 3213 οὖσαν
544 3158 709 3229 χάριν
735 3155 830 3210 τοῦ
862 3155 1179 3226 Πνεύματος
1211 3153 1305 3207 ἐπὶ
1322 3154 1504 3207 πᾶσαν
1522 3152 1937 3224 χορηγουμένην

347 3249 554 3319 σάρκα,
590 3248 665 3319 μὴ
699 3246 903 3317 τρόπον
946 3243 1240 3315 περιϐολῆς
1282 3243 1486 3311 ταύτης
1523 3242 1933 3315 περιεχόμενος,

349 3339 490 3412 μηδὲ
523 3337 787 3411 μετανοίᾳ
847 3337 947 3410 τὴν
981 3334 1365 3408 προλαϐοῦσαν
1415 3334 1712 3407 θεομαχίαν
1736 3333 1933 3400 διδοὺς,

348 3433 437 3485 ἵνα
492 3430 568 3502 μὴ
603 3428 764 3484 θείων
789 3428 1008 3503 δωρεῶν
1036 3426 1414 3482 πλουτούντων
1442 3429 1661 3497 ἐτέρων,
1684 3426 1736 3484 οἳ
1773 3426 1936 3499 μέχρι

346 3528 445 3582 νῦν
468 3526 701 3597 πένητες
725 3523 1160 3594 καθεστήκεσαν,
1194 3521 1259 3575 σὺ
1277 3522 1305 3574 ό
1327 3520 1494 3576 πάλαι
1521 3521 1745 3585 ταύταις
1767 3519 1938 3573 πλου-

344 3619 477 3679 τῶν,
521 3618 727 3689 ἔρημος
774 3613 1187 3686 καταληφθείης
1234 3612 1329 3667 καὶ
1375 3612 1601 3684 ἄπορος.
1636 3612 1776 3680 Ἤδη
1827 3612 1936 3682 γάρ

347 3729 433 3766 σοι
486 3713 625 3783 πρὸς
672 3710 946 3782 ἀνάρρουν
1001 3710 1171 3778 χωρεί
1202 3707 1272 3761 τά
1301 3705 1492 3778 πρώην
1518 3707 1679 3771 καλὰ,
1705 3705 1802 3760 καὶ
1839 3704 1935 3761 σοῦ

346 3805 501 3857 πᾶσα
525 3802 623 3874 μὲν
649 3801 881 3879 ἐκδημεί
919 3799 1120 3870 δωρεὰ,
1163 3799 1274 3852 πᾶν
1316 3798 1359 3851 δ’
1391 3799 1706 3867 ἀφαιρεῖται
1731 3797 1933 3868 τίμιον,

346 3894 473 3948 ἀντὶ
511 3892 571 3946 δὲ
598 3890 697 3963 τῆς
742 3890 1007 3962 πρότερον
1044 3892 1365 3957 περιουσίας
1393 3888 1504 3942 τῶν
1532 3887 1693 3941 θείων
1730 3888 1934 3958 ἐσχάτη

352 4002 414 4039 σε
444 3983 808 4055 περιστοιχιεί
840 3981 1066 4050 ἀπορία.
1098 3980 1192 4043 Et;
1221 3978 1380 4034 τοῦτο
1403 3979 1513 4050 γάρ
1541 3996 1601 4033 σε
1617 3978 1772 4051 φέρει
1798 3978 1857 4032 ὃν
1877 3980 1935 4045 ἐξ

349 4075 529 4148 ἀρχῆς
552 4076 616 4129 οὐ
640 4074 830 4146 λήγεις
881 4074 1076 4145 φθόνον
1126 4072 1467 4141 ὲγκυμονῶν,
1523 4072 1615 4124 καὶ
1661 4069 1802 4125 κατά
1834 4070 1935 4140 τῆς

350 4171 452 4241 σῆς
482 4166 756 4232 διεξοιδῶν
781 4166 1057 4238 σωτηρίας
1078 4181 1094 4198 ο
1125 4164 1216 4236 ὑφ’
1244 4158 1305 4220 οὖ
1323 4164 1416 4220 καὶ
1440 4163 1538 4221 νῦν
1569 4163 1935 4235 στενοχωρούο

352 4279 535 4334 μενος,
569 4262 664 4316 καὶ
694 4258 856 4332 ῥῆξαι
891 4259 1053 4315 πάλιν
1101 4258 1201 4329 τὴν
1253 4258 1460 4328 συνήθη
1495 4260 1594 4331 τῆς
1637 4256 1935 4329 θεομαχίας

2041 3058 2283 3128 Spiritus
2311 3061 2547 3131 gratiam
2589 3062 2689 3117 tibi
2730 3063 2833 3119 soli
2874 3064 3003 3117 olim
3055 3064 3239 3119 datam
3298 3067 3352 3122 in
3410 3083 3630 3124 omnem

2038 3161 2253 3221 gentem
2277 3151 2528 3215 diffundi,
2564 3154 2886 3223 mysterium
2914 3171 3023 3209 non
3060 3156 3343 3229 intelligis,
3370 3174 3473 3213 nee
3509 3175 3631 3230 pte-

2038 3241 2269 3295 nitentia
2326 3241 2623 3298 deieidium
2689 3246 2953 3313 redimis;
3008 3264 3098 3313 ne,
3158 3252 3371 3305 cmlesti
3404 3268 3634 3309 munere

2037 3330 2228 3386 ditatis
2261 3335 2500 3399 caeteris,
2534 3338 2629 3405 qui
2693 3352 2871 3407 usque
2910 3340 2965 3392 in
3002 3340 3106 3395 hoc
3158 3349 3378 3412 tempus
3445 3343 3631 3415 inopia

2037 3423 2450 3491 premebantur,
2502 3436 2559 3481 tu
2594 3428 2768 3495 solus,
2796 3430 2889 3498 qui
2930 3431 3061 3485 olim
3121 3448 3190 3487 eo
3222 3432 3516 3501 frueliaris,
3561 3437 3630 3492 ad

2037 3525 2335 3585 egestatem
2368 3518 2648 3575 damneris
2681 3532 2843 3591 atque
2889 3523 2956 3577 ad
2993 3524 3283 3580 orbitatem
3312 3525 3481 3582 ?Tibi
3513 3527 3629 3597 jam

2037 3618 2371 3677 pnepostere
2399 3610 2709 3681 procedunt
2732 3614 2952 3681 omnia;
2981 3614 3230 3669 aufertur
3258 3616 3457 3684 honor,
3485 3619 3629 3674 dona

2036 3708 2420 3767 evanescunt,
2479 3710 2532 3756 et
2580 3718 2681 3773 pro
2746 3707 3017 3761 anteriori
3069 3722 3253 3762 rerum
3318 3710 3627 3766 divinarum

2038 3792 2319 3847 afﬂuentia
2346 3801 2593 3850 extrema
2618 3798 2910 3865 pauperies
2934 3806 2988 3853 te
3013 3798 3392 3857 circumsistit.
3413 3802 3495 3857 Ad
3523 3803 3629 3859 hoc

2037 3892 2091 3942 te
2126 3886 2327 3957 adegit,
2369 3902 2480 3956 qua
2531 3901 2823 3959 prmgnans
2879 3905 3098 3960 semper
3129 3890 3304 3959 fuisti,
3340 3908 3404 3948 ac
3436 3895 3631 3949 etiam-

2036 3994 2167 4033 num
2200 3993 2281 4043 es,
2312 3978 2541 4044 invidia,
2568 3981 2655 4034 vel
2690 3980 2746 4033 in
2788 3990 2933 4034 tuam
2969 3982 3144 4052 ipsam
3180 3985 3412 4039 salutem
3443 3986 3631 4041 insur-

2036 4083 2190 4139 gens.
2223 4069 2307 4121 Ab
2338 4084 2402 4122 ea
2453 4084 2603 4124 nunc
2648 4084 2870 4139 quoque
2917 4072 3293 4139 excruciatus,
3345 4082 3400 4129 et
3429 4090 3629 4145 perpe-

2038 4172 2189 4215 tuam
2235 4159 2460 4216 deicidii
2495 4161 2837 4231 synderesim
2869 4164 3031 4219 novis
3062 4165 3370 4221 sceleribus
3400 4167 3631 4222 abrum-

2038 4265 2170 4322 pere
2201 4251 2471 4322 eupiens,
2515 4257 2856 4323 praenuntias
2896 4255 3297 4311 homicidarum
3362 4275 3628 4316 manuum

350 4354 519 4407 ὠδῖνα
552 4353 897 4425 βιαζόμενος,
926 4350 1268 4422 προάγγελον
1313 4352 1413 4421 τῆς
1433 4348 1543 4402 τῶν
1574 4348 1931 4420 παλαμναίων

2039 4344 2284 4399 scelestae
2316 4344 2472 4400 vocis
2502 4346 2867 4401 contumelias
2898 4347 3129 4402 emittis.
3174 4347 3240 4401 At
3270 4349 3327 4403 in
3362 4359 3414 4405 te
3445 4353 3625 4421 ipsum

348 4443 551 4516 χειριῖιν
582 4444 1004 4515 ἐπιχειρήσεως,
1032 4440 1133 4512 τὴν
1149 4439 1259 4493 τῶν
1286 4438 1565 4495 δυσσεϐῶν
1589 4439 1812 4510 χειλέων
1835 4438 1937 4492 λοι-

349 4536 537 4607 δορίαν
559 4534 931 4605 προπέμπεις,
976 4531 1115 4585 ἀλλά
1158 4533 1301 4586 κατά
1358 4530 1587 4586 σεαυτοῦ
1623 4530 1930 4603 παρατάξη.

351 4629 429 4681 Οὐ
454 4625 566 4697 γὰρ
590 4624 671 4678 ἐτι
693 4628 815 4687 τοὺς
837 4623 931 4678 τοῦ
954 4622 1287 4690 Εὑαγγελίου
1311 4621 1569 4693 φοϐήσεις
1595 4620 1931 4695 προμάχους,

352 4718 477 4773 οὐδὲ
503 4716 605 4787 τῆς
636 4715 737 4787 σῆς
757 4715 1015 4777 ἀπονοίας
1044 4714 1165 4785 ὄψει
1197 4713 1354 4783 λόγον
1384 4714 1761 4782 ποιουμένους,
1799 4712 1936 4768 ἀλλὰ

350 4812 453 4882 τῆς
481 4808 685 4880 ἀρτίως
723 4806 1093 4878 κατελθούσης
1140 4807 1227 4859 ἐπ’
1280 4804 1479 4870 αὐτοὺς
1502 4805 1736 4877 πυρίνης
1778 4805 1939 4860 δυνά-

354 4918 505 4973 μεως
548 4898 1017 4969 ὑποπλησθέντες,
1071 4898 1165 4952 καὶ
1217 4896 1433 4968 νηπίων
1493 4896 1681 4967 ἀγῶνα
1712 4897 1806 4951 τὸν
1844 4897 1937 4952 σὸν

350 4991 544 5061 ἀγῶνα
595 4990 930 5061 ποιούμενοι,
973 4990 1391 5059 καταπρήσουσι
1451 4987 1553 5058 μὲν
1590 4988 1847 5043 ἐπιπλέον
1876 5005 1938 5042 σε

351 5082 803 5155 πυρπολούμενον
825 5083 892 5152 τῇ
920 5081 1107 5151 μανίᾳ,
1140 5082 1237 5150 τῆς
1259 5080 1304 5133 δ’
1334 5078 1616 5143 εὐσεϐείας
1646 5079 1707 5133 τὸ
1734 5080 1939 5150 φέγγος

348 5180 642 5249 ἅπανταχῆ
690 5174 1094 5245 ἀναλάμψουσι.
1147 5174 1419 5239 Γλεύκους
1474 5172 1584 5227 είσὶ
1634 5189 1928 5243 μεμεστω-

351 5268 507 5343 μένοι
532 5286 548 5337 ;
570 5266 852 5324 Πυνθάνου
874 5266 984 5319 τῶν
1022 5268 1088 5320 ἐκ
1118 5266 1385 5337 στόματος
1415 5264 1644 5320 ἐκείνων
1679 5267 1746 5337 τῇ
1778 5263 1927 5318 διδαο

349 5358 555 5431 σκαλίςι
576 5360 1080 5431 σωφρονιζομένων,
1110 5358 1160 5411 οἳ
1198 5358 1448 5428 καθάπερ
1508 5357 1708 5428 ἡδίστῳ
1752 5357 1928 5429 ῥέοντι

349 5453 553 5523 νάματι
578 5451 657 5523 τῷ
683 5452 892 5505 ἐκεῖθεν
941 5451 1278 5521 δροσίζονται
1323 5451 1558 5520 πόματι·
1590 5451 1683 5503 καὶ
1706 5450 1801 5503 νῦν
1829 5450 1930 5520 μὲν

344 5543 445 5608 οὓς
473 5545 608 5616 ὁρᾷς
655 5542 862 5615 δήμους
912 5542 1193 5613 ἀρύονται,
1228 5541 1425 5614 μικρὸν
1453 5543 1499 5596 δ’
1546 5540 1773 5614 ὕστερον
1806 5542 1929 5613 ὕψει

418 5723 471 5757 ⁷³⁸
496 5720 620 5777 Act.
650 5736 713 5783 tt,
743 5719 797 5774 2.
875 5719 918 5751 ²¹
954 5717 1091 5773 ibid.
1123 5718 1214 5775 ⁸51.

2042 4435 2214 4491 aciem
2248 4435 2481 4491 instruis
2511 4452 2525 4489 :
2558 4452 2665 4491 non
2702 4438 2845 4491 enim
2869 4438 2923 4492 in
2956 4446 3241 4506 posterum
3268 4442 3626 4512 Evangelium

2041 4536 2455 4600 propugnantes
2509 4526 2853 4593 deterrebis,
2928 4531 3022 4585 sed
3084 4531 3415 4587 dementiam
3474 4542 3624 4589 tuam

2041 4620 2493 4687 ﬁoccifacientes,
2526 4606 2581 4676 et
2615 4621 2771 4692 ignea
2802 4618 3009 4677 virtute
3044 4639 3209 4693 super
3244 4625 3393 4694 ipsos
3450 4628 3625 4682 colla-

2043 4728 2141 4782 psa
2169 4713 2382 4783 repleti,
2406 4712 2673 4782 impetum
2702 4721 2855 4767 tuum
2887 4721 3149 4784 tanquam
3175 4731 3471 4785 puerorum
3499 4734 3624 4774 cer-

2034 4813 2222 4861 tamen
2244 4805 2571 4874 despicient,
2604 4803 2837 4874 ﬁdeique
2863 4806 3043 4861 lumen
3074 4808 3278 4879 ubique
3308 4808 3624 4865 diﬂ'unden-

2034 4904 2142 4961 tes,
2176 4903 2229 4951 te
2279 4896 2433 4951 rabie
2458 4897 2571 4966 jam
2599 4897 2871 4965 percitum
2906 4906 2961 4951 et
2993 4900 3304 4966 incensum,
3334 4902 3624 4957 vehemen.

2034 4987 2147 5043 tius
2169 4987 2428 5042 adurent.
2473 4986 2690 5057 Ergone
2734 4988 2861 5044 vino
2891 4994 3121 5044 saturati
3165 4992 3334 5046 sunt?
3362 5009 3460 5048 eos
3492 5010 3623 5064 per-

2034 5087 2283 5146 contare,
2314 5079 2409 5149 qui
2439 5078 2508 5134 ab
2530 5095 2720 5135 eorum
2747 5080 3020 5146 doctrina,
3058 5094 3315 5154 tanquam
3337 5101 3364 5138 a
3394 5086 3618 5154 perenni

2034 5172 2155 5228 rivo
2192 5172 2579 5239 irrorati,jam
2626 5174 2999 5244 resipuerunt.
3066 5174 3129 5228 Et
3182 5192 3328 5231 nunc
3374 5178 3619 5247 quidem,

2035 5280 2201 5336 quam
2234 5263 2442 5327 cernis,
2476 5264 2694 5322 turbam
2723 5267 3110 5337 expiscantur;
3144 5268 3294 5323 brevi
3315 5284 3444 5323 vero
3465 5273 3620 5324 inun-

2035 5354 2254 5409 dabitur
2295 5356 2588 5409 universus
2647 5354 2820 5418 orbis,
2885 5357 3292 5427 verborumque
3360 5357 3617 5415 ﬂuctibus

2036 5446 2416 5515 submergetur
2469 5448 2739 5515 impietas.
2790 5446 2941 5501 Talia
2990 5459 3208 5519 praestat
3238 5450 3303 5504 ad
3332 5450 3617 5508 hominum

2036 5539 2472 5597 emendationem
2501 5540 2739 5598 ebrietas
2768 5541 2903 5599 haec.
2928 5540 2972 5597 0
2996 5542 3104 5599 Deo
3133 5544 3406 5599 inimicam
3429 5559 3614 5600 amen-
