  <div class='ocr_page' id='page_1' title='image "/cluster/home/n/w/nwhite01/storage/ocr_20150623/107/mdp.39015028571910/122.png"; bbox 0 0 4086 6298; ppageno 0'>
   <div class='ocr_carea' id='block_1_1' title="bbox 334 279 3648 348">
    <p class='ocr_par' dir='ltr' id='par_1_1' title="bbox 334 279 3648 348">
     <span class='ocr_line' id='line_1_1' title="bbox 334 279 3648 348; baseline 0.001 -3"><span class='ocrx_word' id='word_1_1' title='bbox 334 280 434 346; x_wconf 83' lang='grc'><strong>157</strong></span> <span class='ocrx_word' id='word_1_2' title='bbox 1107 279 1392 341; x_wconf 79' lang='lat' dir='ltr'><strong>ORATIO</strong></span> <span class='ocrx_word' id='word_1_3' title='bbox 1421 280 1575 340; x_wconf 83' lang='lat' dir='ltr'><strong>XIV.</strong></span> <span class='ocrx_word' id='word_1_4' title='bbox 1611 279 1781 338; x_wconf 81' lang='lat' dir='ltr'><strong>--IN</strong></span> <span class='ocrx_word' id='word_1_5' title='bbox 1821 281 1885 341; x_wconf 88' lang='lat' dir='ltr'><strong>B.</strong></span> <span class='ocrx_word' id='word_1_6' title='bbox 1927 280 2196 340; x_wconf 72' lang='lat' dir='ltr'><strong>MARI/E</strong></span> <span class='ocrx_word' id='word_1_7' title='bbox 2229 279 2852 343; x_wconf 78' lang='lat' dir='ltr'><strong>ASSUMPTIONEM.</strong></span> <span class='ocrx_word' id='word_1_8' title='bbox 3547 283 3648 348; x_wconf 81' lang='grc'><strong>158</strong></span> 
     </span>
    </p>
   </div>
   <div class='ocr_carea' id='block_1_2' title="bbox 330 392 1943 470">
    <p class='ocr_par' dir='ltr' id='par_1_2' title="bbox 330 392 1933 466">
     <span class='ocr_line' id='line_1_2' title="bbox 330 392 1933 466; baseline -0.002 -18"><span class='ocrx_word' id='word_1_9' title='bbox 330 395 427 458; x_wconf 75' lang='grc' dir='ltr'><strong>τοῦ</strong></span> <span class='ocrx_word' id='word_1_10' title='bbox 481 393 596 465; x_wconf 85' lang='grc' dir='ltr'>βίου</span> <span class='ocrx_word' id='word_1_11' title='bbox 658 399 726 466; x_wconf 83' lang='grc' dir='ltr'>τῇ</span> <span class='ocrx_word' id='word_1_12' title='bbox 793 394 975 466; x_wconf 57' lang='grc' dir='ltr'>ἅλμη,</span> <span class='ocrx_word' id='word_1_13' title='bbox 1025 394 1280 448; x_wconf 82' lang='grc' dir='ltr'>τοσοῦτον</span> <span class='ocrx_word' id='word_1_14' title='bbox 1339 392 1688 463; x_wconf 75' lang='grc' dir='ltr'>συμπαθείας</span> <span class='ocrx_word' id='word_1_15' title='bbox 1724 393 1933 465; x_wconf 78' lang='grc' dir='ltr'>ἑτέροις</span> 
     </span>
    </p>
   </div>
   <div class='ocr_carea' id='block_1_3' title="bbox 2034 392 3647 470">
    <p class='ocr_par' dir='ltr' id='par_1_3' title="bbox 2037 393 3647 470">
     <span class='ocr_line' id='line_1_3' title="bbox 2037 393 3647 470; baseline 0.005 -22"><span class='ocrx_word' id='word_1_16' title='bbox 2037 404 2094 448; x_wconf 90' lang='grc' dir='ltr'><strong>ει</strong></span> <span class='ocrx_word' id='word_1_17' title='bbox 2125 393 2220 464; x_wconf 87' lang='lat' dir='ltr'><strong>qui</strong></span> <span class='ocrx_word' id='word_1_18' title='bbox 2259 395 2429 465; x_wconf 83' lang='lat' dir='ltr'><strong>bysso</strong></span> <span class='ocrx_word' id='word_1_19' title='bbox 2456 396 2843 462; x_wconf 89' lang='lat' dir='ltr'><strong>amiciebatur,</strong></span> <span class='ocrx_word' id='word_1_20' title='bbox 2887 406 3188 454; x_wconf 88' lang='lat' dir='ltr'><strong>testantur.</strong></span> <span class='ocrx_word' id='word_1_21' title='bbox 3240 399 3323 453; x_wconf 81' lang='lat' dir='ltr'><strong>ita</strong></span> <span class='ocrx_word' id='word_1_22' title='bbox 3357 414 3460 454; x_wconf 89' lang='lat' dir='ltr'><strong>nos</strong></span> <span class='ocrx_word' id='word_1_23' title='bbox 3496 401 3647 470; x_wconf 82' lang='lat' dir='ltr'><strong>ipsos</strong></span> 
     </span>
    </p>
   </div>
   <div class='ocr_carea' id='block_1_4' title="bbox 334 484 1947 559">
    <p class='ocr_par' dir='ltr' id='par_1_4' title="bbox 334 485 1934 559">
     <span class='ocr_line' id='line_1_4' title="bbox 334 485 1934 559; baseline -0.001 -19"><span class='ocrx_word' id='word_1_24' title='bbox 334 487 568 558; x_wconf 77' lang='grc' dir='ltr'><strong>μετάδος</strong></span> <span class='ocrx_word' id='word_1_25' title='bbox 592 504 604 517; x_wconf 91' lang='grc'><strong>·</strong></span> <span class='ocrx_word' id='word_1_26' title='bbox 654 490 731 559; x_wconf 80' lang='grc' dir='ltr'><strong>μὴ</strong></span> <span class='ocrx_word' id='word_1_27' title='bbox 758 488 1018 558; x_wconf 75' lang='grc' dir='ltr'>παρίδῃς,</span> <span class='ocrx_word' id='word_1_28' title='bbox 1068 487 1202 556; x_wconf 81' lang='grc' dir='ltr'>μηδὲ</span> <span class='ocrx_word' id='word_1_29' title='bbox 1241 488 1675 558; x_wconf 68' lang='grc' dir='ltr'><strong>καταφρονήσῃς</strong></span> <span class='ocrx_word' id='word_1_30' title='bbox 1704 485 1804 555; x_wconf 82' lang='grc' dir='ltr'>τῆς</span> <span class='ocrx_word' id='word_1_31' title='bbox 1849 502 1934 538; x_wconf 90' lang='grc' dir='ltr'><strong>σοι</strong></span> 
     </span>
    </p>
   </div>
   <div class='ocr_carea' id='block_1_5' title="bbox 2034 484 3647 559">
    <p class='ocr_par' dir='ltr' id='par_1_5' title="bbox 2043 484 3647 557">
     <span class='ocr_line' id='line_1_5' title="bbox 2043 484 3647 557; baseline 0.006 -20"><span class='ocrx_word' id='word_1_32' title='bbox 2043 484 2481 551; x_wconf 83' lang='lat' dir='ltr'><strong>conl‘ormantes,</strong></span> <span class='ocrx_word' id='word_1_33' title='bbox 2513 485 2835 542; x_wconf 81' lang='lat' dir='ltr'><strong>aliinitatem</strong></span> <span class='ocrx_word' id='word_1_34' title='bbox 2867 505 2992 543; x_wconf 91' lang='lat' dir='ltr'><strong>cum</strong></span> <span class='ocrx_word' id='word_1_35' title='bbox 3028 489 3195 544; x_wconf 84' lang='lat' dir='ltr'><strong>Patre</strong></span> <span class='ocrx_word' id='word_1_36' title='bbox 3220 505 3647 557; x_wconf 87' lang='lat' dir='ltr'><strong>servemus,nec</strong></span> 
     </span>
    </p>
   </div>
   <div class='ocr_carea' id='block_1_6' title="bbox 328 569 1941 653">
    <p class='ocr_par' dir='ltr' id='par_1_6' title="bbox 328 569 1935 650">
     <span class='ocr_line' id='line_1_6' title="bbox 328 569 1935 650; baseline -0.004 -16"><span class='ocrx_word' id='word_1_37' title='bbox 328 581 601 650; x_wconf 83' lang='grc' dir='ltr'>ὀμοτίμου</span> <span class='ocrx_word' id='word_1_38' title='bbox 661 580 1010 650; x_wconf 72' lang='grc' dir='ltr'>ἐρριμμένης</span> <span class='ocrx_word' id='word_1_39' title='bbox 1039 579 1270 640; x_wconf 78' lang='grc' dir='ltr'>εἰκόνος.</span> <span class='ocrx_word' id='word_1_40' title='bbox 1296 577 1476 630; x_wconf 83' lang='grc' dir='ltr'>Εἰκών</span> <span class='ocrx_word' id='word_1_41' title='bbox 1511 579 1628 629; x_wconf 83' lang='grc' dir='ltr'>ἐστι</span> <span class='ocrx_word' id='word_1_42' title='bbox 1659 578 1753 628; x_wconf 74' lang='grc' dir='ltr'>καὶ</span> <span class='ocrx_word' id='word_1_43' title='bbox 1778 569 1935 640; x_wconf 68' lang='grc' dir='ltr'>οὗτός</span> 
     </span>
    </p>
   </div>
   <div class='ocr_carea' id='block_1_7' title="bbox 2034 569 3647 653">
    <p class='ocr_par' dir='ltr' id='par_1_7' title="bbox 2044 575 3647 653">
     <span class='ocr_line' id='line_1_7' title="bbox 2044 575 3647 653; baseline 0.008 -26"><span class='ocrx_word' id='word_1_44' title='bbox 2044 592 2073 628; x_wconf 89' lang='lat' dir='ltr'><strong>a</strong></span> <span class='ocrx_word' id='word_1_45' title='bbox 2108 575 2345 631; x_wconf 78' lang='lat' dir='ltr'><strong>ﬁliorum</strong></span> <span class='ocrx_word' id='word_1_46' title='bbox 2387 577 2656 645; x_wconf 86' lang='lat' dir='ltr'><strong>dignitate</strong></span> <span class='ocrx_word' id='word_1_47' title='bbox 2695 581 3018 638; x_wconf 72' lang='lat' dir='ltr'><strong>deficiamus</strong></span> <span class='ocrx_word' id='word_1_48' title='bbox 3068 599 3337 653; x_wconf 82' lang='lat' dir='ltr'><strong>unquam.</strong></span> <span class='ocrx_word' id='word_1_49' title='bbox 3371 584 3647 640; x_wconf 84' lang='lat' dir='ltr'><strong>Reconci-</strong></span> 
     </span>
    </p>
   </div>
   <div class='ocr_carea' id='block_1_8' title="bbox 334 665 1947 748">
    <p class='ocr_par' dir='ltr' id='par_1_8' title="bbox 334 665 1933 742">
     <span class='ocr_line' id='line_1_8' title="bbox 334 665 1933 742; baseline -0.004 -19"><span class='ocrx_word' id='word_1_50' title='bbox 334 687 418 723; x_wconf 87' lang='grc' dir='ltr'><strong>σοι</strong></span> <span class='ocrx_word' id='word_1_51' title='bbox 484 671 892 742; x_wconf 76' lang='grc' dir='ltr'><strong>παραπλησίως</strong></span> <span class='ocrx_word' id='word_1_52' title='bbox 944 669 1104 732; x_wconf 81' lang='grc' dir='ltr'>Θεοῦ,</span> <span class='ocrx_word' id='word_1_53' title='bbox 1149 670 1196 721; x_wconf 89' lang='grc' dir='ltr'><strong>εί</strong></span> <span class='ocrx_word' id='word_1_54' title='bbox 1223 671 1317 721; x_wconf 74' lang='grc' dir='ltr'><strong>καὶ</strong></span> <span class='ocrx_word' id='word_1_55' title='bbox 1361 671 1388 720; x_wconf 84' lang='grc' dir='ltr'>ὀ</span> <span class='ocrx_word' id='word_1_56' title='bbox 1433 667 1533 737; x_wconf 78' lang='grc' dir='ltr'>μὲν</span> <span class='ocrx_word' id='word_1_57' title='bbox 1573 669 1632 718; x_wconf 84' lang='grc' dir='ltr'><strong>ἐν</strong></span> <span class='ocrx_word' id='word_1_58' title='bbox 1681 665 1933 736; x_wconf 76' lang='grc' dir='ltr'>ὑπαίθρῳ</span> 
     </span>
    </p>
   </div>
   <div class='ocr_carea' id='block_1_9' title="bbox 2031 665 3644 748">
    <p class='ocr_par' dir='ltr' id='par_1_9' title="bbox 2044 667 3644 748">
     <span class='ocr_line' id='line_1_9' title="bbox 2044 667 3644 748; baseline 0.008 -29"><span class='ocrx_word' id='word_1_59' title='bbox 2044 667 2232 722; x_wconf 90' lang='lat' dir='ltr'><strong>liatori</strong></span> <span class='ocrx_word' id='word_1_60' title='bbox 2284 668 2445 735; x_wconf 86' lang='lat' dir='ltr'><strong>Filio,</strong></span> <span class='ocrx_word' id='word_1_61' title='bbox 2507 682 2559 726; x_wconf 90' lang='lat' dir='ltr'><strong>et</strong></span> <span class='ocrx_word' id='word_1_62' title='bbox 2608 689 2710 728; x_wconf 90' lang='lat' dir='ltr'><strong>nos</strong></span> <span class='ocrx_word' id='word_1_63' title='bbox 2752 683 3017 744; x_wconf 77' lang='lat' dir='ltr'><strong>tanquam</strong></span> <span class='ocrx_word' id='word_1_64' title='bbox 3070 674 3271 732; x_wconf 80' lang='lat' dir='ltr'><strong>fratres</strong></span> <span class='ocrx_word' id='word_1_65' title='bbox 3325 677 3644 748; x_wconf 79' lang='lat' dir='ltr'><strong>excipienti,</strong></span> 
     </span>
    </p>
   </div>
   <div class='ocr_carea' id='block_1_10' title="bbox 332 750 1945 836">
    <p class='ocr_par' dir='ltr' id='par_1_10' title="bbox 332 750 1933 836">
     <span class='ocr_line' id='line_1_10' title="bbox 332 750 1933 836; baseline -0.003 -20"><span class='ocrx_word' id='word_1_66' title='bbox 332 765 624 836; x_wconf 72' lang='grc' dir='ltr'>ἔρριπται,</span> <span class='ocrx_word' id='word_1_67' title='bbox 657 764 722 816; x_wconf 83' lang='grc' dir='ltr'><strong>σὺ</strong></span> <span class='ocrx_word' id='word_1_68' title='bbox 761 763 818 816; x_wconf 83' lang='grc' dir='ltr'>δὲ</span> <span class='ocrx_word' id='word_1_69' title='bbox 847 765 905 815; x_wconf 82' lang='grc' dir='ltr'>ὲν</span> <span class='ocrx_word' id='word_1_70' title='bbox 936 763 1204 832; x_wconf 81' lang='grc' dir='ltr'>θαλάμοις</span> <span class='ocrx_word' id='word_1_71' title='bbox 1256 761 1552 829; x_wconf 87' lang='grc' dir='ltr'>πολυωρεῖ.</span> <span class='ocrx_word' id='word_1_72' title='bbox 1584 759 1696 810; x_wconf 80' lang='grc' dir='ltr'><strong>Καὶ</strong></span> <span class='ocrx_word' id='word_1_73' title='bbox 1720 759 1849 821; x_wconf 74' lang='grc' dir='ltr'>ἴσως</span> 
     </span>
    </p>
   </div>
   <div class='ocr_carea' id='block_1_11' title="bbox 2032 750 3645 836">
    <p class='ocr_par' dir='ltr' id='par_1_11' title="bbox 2045 767 3645 832">
     <span class='ocr_line' id='line_1_11' title="bbox 2045 767 3645 832; baseline 0.009 -19"><span class='ocrx_word' id='word_1_74' title='bbox 2045 773 2199 826; x_wconf 92' lang='lat' dir='ltr'><strong>tunc,</strong></span> <span class='ocrx_word' id='word_1_75' title='bbox 2233 769 2291 816; x_wconf 87' lang='lat' dir='ltr'><strong>ut</strong></span> <span class='ocrx_word' id='word_1_76' title='bbox 2321 779 2420 832; x_wconf 89' lang='lat' dir='ltr'><strong>par</strong></span> <span class='ocrx_word' id='word_1_77' title='bbox 2442 773 2546 830; x_wconf 88' lang='lat' dir='ltr'><strong>est,</strong></span> <span class='ocrx_word' id='word_1_78' title='bbox 2580 767 3014 823; x_wconf 69' lang='lat' dir='ltr'><strong>l‘amulabimur:</strong></span> <span class='ocrx_word' id='word_1_79' title='bbox 3038 779 3169 825; x_wconf 90' lang='lat' dir='ltr'><strong>tunc</strong></span> <span class='ocrx_word' id='word_1_80' title='bbox 3187 770 3522 826; x_wconf 84' lang='lat' dir='ltr'><strong>Paraclitum</strong></span> <span class='ocrx_word' id='word_1_81' title='bbox 3556 789 3645 828; x_wconf 85' lang='lat' dir='ltr'><strong>re-</strong></span> 
     </span>
    </p>
   </div>
   <div class='ocr_carea' id='block_1_12' title="bbox 331 850 1944 927">
    <p class='ocr_par' dir='ltr' id='par_1_12' title="bbox 331 850 1934 926">
     <span class='ocr_line' id='line_1_12' title="bbox 331 850 1934 926; baseline -0.004 -18"><span class='ocrx_word' id='word_1_82' title='bbox 331 856 650 926; x_wconf 77' lang='grc' dir='ltr'>ὁμοιότερον</span> <span class='ocrx_word' id='word_1_83' title='bbox 671 854 731 908; x_wconf 84' lang='grc' dir='ltr'>τὸ</span> <span class='ocrx_word' id='word_1_84' title='bbox 763 855 858 908; x_wconf 85' lang='grc' dir='ltr'><strong>τοῦ</strong></span> <span class='ocrx_word' id='word_1_85' title='bbox 888 854 1203 925; x_wconf 81' lang='grc' dir='ltr'>ἀρχετύπου</span> <span class='ocrx_word' id='word_1_86' title='bbox 1230 853 1429 916; x_wconf 85' lang='grc' dir='ltr'>κάλλος</span> <span class='ocrx_word' id='word_1_87' title='bbox 1448 851 1670 922; x_wconf 77' lang='grc' dir='ltr'>ἔχουσα.</span> <span class='ocrx_word' id='word_1_88' title='bbox 1700 852 1811 906; x_wconf 76' lang='grc' dir='ltr'><strong>Καὶ</strong></span> <span class='ocrx_word' id='word_1_89' title='bbox 1838 850 1934 903; x_wconf 80' lang='grc' dir='ltr'>τοῦ</span> 
     </span>
    </p>
   </div>
   <div class='ocr_carea' id='block_1_13' title="bbox 2033 850 3646 927">
    <p class='ocr_par' dir='ltr' id='par_1_13' title="bbox 2037 855 3646 927">
     <span class='ocr_line' id='line_1_13' title="bbox 2037 855 3646 927; baseline 0.008 -22"><span class='ocrx_word' id='word_1_90' title='bbox 2037 855 2446 909; x_wconf 79' lang='lat' dir='ltr'><strong>conciliationis</strong></span> <span class='ocrx_word' id='word_1_91' title='bbox 2480 855 2680 926; x_wconf 86' lang='lat' dir='ltr'><strong>pignus</strong></span> <span class='ocrx_word' id='word_1_92' title='bbox 2711 857 3048 913; x_wconf 84' lang='lat' dir='ltr'><strong>de&#39;l&#39;erentem</strong></span> <span class='ocrx_word' id='word_1_93' title='bbox 3075 862 3344 927; x_wconf 88' lang='lat' dir='ltr'><strong>colemus,</strong></span> <span class='ocrx_word' id='word_1_94' title='bbox 3389 879 3499 917; x_wconf 90' lang='lat' dir='ltr'><strong>non</strong></span> <span class='ocrx_word' id='word_1_95' title='bbox 3526 866 3646 918; x_wconf 88' lang='lat' dir='ltr'><strong>sine</strong></span> 
     </span>
    </p>
   </div>
   <div class='ocr_carea' id='block_1_14' title="bbox 328 943 1941 1026">
    <p class='ocr_par' dir='ltr' id='par_1_14' title="bbox 328 943 1936 1019">
     <span class='ocr_line' id='line_1_14' title="bbox 328 943 1936 1019; baseline -0.004 -17"><span class='ocrx_word' id='word_1_96' title='bbox 328 949 490 1018; x_wconf 83' lang='grc' dir='ltr'>λόγου</span> <span class='ocrx_word' id='word_1_97' title='bbox 533 948 839 1019; x_wconf 75' lang='grc' dir='ltr'>μαρτύριον</span> <span class='ocrx_word' id='word_1_98' title='bbox 868 950 896 1002; x_wconf 93' lang='lat'><strong>6</strong></span> <span class='ocrx_word' id='word_1_99' title='bbox 949 948 1158 1018; x_wconf 83' lang='grc' dir='ltr'>γυμνὸς</span> <span class='ocrx_word' id='word_1_100' title='bbox 1194 948 1472 1018; x_wconf 72' lang='grc' dir='ltr'>Λάζαρος,</span> <span class='ocrx_word' id='word_1_101' title='bbox 1503 947 1600 999; x_wconf 74' lang='grc' dir='ltr'>καὶ</span> <span class='ocrx_word' id='word_1_102' title='bbox 1625 948 1654 999; x_wconf 98' lang='lat'><strong>6</strong></span> <span class='ocrx_word' id='word_1_103' title='bbox 1681 946 1779 1016; x_wconf 78' lang='grc' dir='ltr'>τὴν</span> <span class='ocrx_word' id='word_1_104' title='bbox 1803 943 1936 1014; x_wconf 79' lang='grc' dir='ltr'>βύσ-</span> 
     </span>
    </p>
   </div>
   <div class='ocr_carea' id='block_1_15' title="bbox 2035 943 3648 1026">
    <p class='ocr_par' dir='ltr' id='par_1_15' title="bbox 2038 945 3648 1026">
     <span class='ocr_line' id='line_1_15' title="bbox 2038 945 3648 1026; baseline 0.007 -28"><span class='ocrx_word' id='word_1_105' title='bbox 2038 945 2251 1001; x_wconf 88' lang='lat' dir='ltr'><strong>bonore</strong></span> <span class='ocrx_word' id='word_1_106' title='bbox 2301 960 2531 1010; x_wconf 85' lang='lat' dir='ltr'><strong>nostro,</strong></span> <span class='ocrx_word' id='word_1_107' title='bbox 2593 963 2659 1003; x_wconf 91' lang='lat' dir='ltr'><strong>ac</strong></span> <span class='ocrx_word' id='word_1_108' title='bbox 2697 952 2898 1019; x_wconf 87' lang='lat' dir='ltr'><strong>salute,</strong></span> <span class='ocrx_word' id='word_1_109' title='bbox 2960 964 3184 1024; x_wconf 85' lang='lat' dir='ltr'><strong>propter</strong></span> <span class='ocrx_word' id='word_1_110' title='bbox 3237 971 3404 1026; x_wconf 90' lang='lat' dir='ltr'><strong>quam</strong></span> <span class='ocrx_word' id='word_1_111' title='bbox 3458 957 3648 1010; x_wconf 84' lang='lat' dir='ltr'><strong>omnia</strong></span> 
     </span>
    </p>
   </div>
   <div class='ocr_carea' id='block_1_16' title="bbox 331 1036 1944 1111">
    <p class='ocr_par' dir='ltr' id='par_1_16' title="bbox 331 1036 1938 1111">
     <span class='ocr_line' id='line_1_16' title="bbox 331 1036 1938 1111; baseline -0.004 -16"><span class='ocrx_word' id='word_1_112' title='bbox 331 1059 425 1095; x_wconf 92' lang='grc' dir='ltr'><strong>σον</strong></span> <span class='ocrx_word' id='word_1_113' title='bbox 461 1042 937 1111; x_wconf 81' lang='grc' dir='ltr'>ὲνδεδυσκόμενος.</span> <span class='ocrx_word' id='word_1_114' title='bbox 985 1039 1144 1094; x_wconf 77' lang='grc' dir='ltr'>Οὕτω</span> <span class='ocrx_word' id='word_1_115' title='bbox 1180 1038 1583 1108; x_wconf 86' lang='grc' dir='ltr'>διασωσώμεθα</span> <span class='ocrx_word' id='word_1_116' title='bbox 1642 1038 1741 1108; x_wconf 86' lang='grc' dir='ltr'><strong>τὴν</strong></span> <span class='ocrx_word' id='word_1_117' title='bbox 1798 1036 1938 1110; x_wconf 82' lang='grc' dir='ltr'>πρὸς</span> 
     </span>
    </p>
   </div>
   <div class='ocr_carea' id='block_1_17' title="bbox 836 1036 2449 1111">
    <p class='ocr_par' dir='ltr' id='par_1_17' title="bbox 836 1036 2449 1110">
     <span class='ocr_line' id='line_1_17' title="bbox 836 1036 2449 1110; baseline 0.001 -16"><span class='ocrx_word' id='word_1_118' title='bbox 836 1058 937 1104; x_wconf 84' lang='grc' dir='ltr'>νος.</span> <span class='ocrx_word' id='word_1_119' title='bbox 985 1039 1144 1094; x_wconf 77' lang='grc' dir='ltr'>Οὕτω</span> <span class='ocrx_word' id='word_1_120' title='bbox 1180 1038 1583 1108; x_wconf 86' lang='grc' dir='ltr'>διασωσώμεθα</span> <span class='ocrx_word' id='word_1_121' title='bbox 1642 1038 1741 1108; x_wconf 86' lang='grc' dir='ltr'><strong>τὴν</strong></span> <span class='ocrx_word' id='word_1_122' title='bbox 1798 1036 1938 1110; x_wconf 83' lang='grc' dir='ltr'>πρὸς</span> <span class='ocrx_word' id='word_1_123' title='bbox 2041 1048 2264 1104; x_wconf 86' lang='lat' dir='ltr'><strong>peracta</strong></span> <span class='ocrx_word' id='word_1_124' title='bbox 2299 1048 2449 1096; x_wconf 86' lang='lat' dir='ltr'><strong>sunt.</strong></span> 
     </span>
    </p>
   </div>
   <div class='ocr_carea' id='block_1_18' title="bbox 327 1129 3642 1210">
    <p class='ocr_par' dir='ltr' id='par_1_18' title="bbox 327 1129 3642 1210">
     <span class='ocr_line' id='line_1_18' title="bbox 327 1129 3642 1210; baseline 0.002 -23"><span class='ocrx_word' id='word_1_125' title='bbox 327 1137 424 1189; x_wconf 82' lang='grc' dir='ltr'>τὸν</span> <span class='ocrx_word' id='word_1_126' title='bbox 457 1136 680 1206; x_wconf 78' lang='grc' dir='ltr'><strong>Πατέρα</strong></span> <span class='ocrx_word' id='word_1_127' title='bbox 746 1135 1078 1204; x_wconf 79' lang='grc' dir='ltr'>οἰκειότητα.</span> <span class='ocrx_word' id='word_1_128' title='bbox 1118 1132 1398 1195; x_wconf 87' lang='grc' dir='ltr'>Τοιούτοις</span> <span class='ocrx_word' id='word_1_129' title='bbox 1443 1129 2304 1202; x_wconf 79' lang='grc' dir='ltr'>χαρακτῆρσιδιαμορφώσαντες</span> <span class='ocrx_word' id='word_1_130' title='bbox 2348 1133 2617 1198; x_wconf 76' lang='grc' dir='ltr'>ἑαυτοὺς,</span> <span class='ocrx_word' id='word_1_131' title='bbox 2692 1135 2768 1207; x_wconf 81' lang='grc' dir='ltr'><strong>μὴ</strong></span> <span class='ocrx_word' id='word_1_132' title='bbox 2837 1135 3176 1208; x_wconf 73' lang='grc' dir='ltr'>ψευσὼμεθα</span> <span class='ocrx_word' id='word_1_133' title='bbox 3233 1140 3333 1210; x_wconf 80' lang='grc' dir='ltr'>τὴν</span> <span class='ocrx_word' id='word_1_134' title='bbox 3399 1141 3642 1209; x_wconf 81' lang='grc' dir='ltr'>υἰότηταο</span> 
     </span>
    </p>
   </div>
   <div class='ocr_carea' id='block_1_19' title="bbox 331 1227 3646 1308">
    <p class='ocr_par' dir='ltr' id='par_1_19' title="bbox 331 1227 3646 1308">
     <span class='ocr_line' id='line_1_19' title="bbox 331 1227 3646 1308; baseline 0.002 -24"><span class='ocrx_word' id='word_1_135' title='bbox 331 1229 492 1285; x_wconf 80' lang='grc' dir='ltr'>Οὕτω</span> <span class='ocrx_word' id='word_1_136' title='bbox 523 1231 653 1292; x_wconf 82' lang='grc' dir='ltr'>τοὺς</span> <span class='ocrx_word' id='word_1_137' title='bbox 683 1228 950 1298; x_wconf 80' lang='grc' dir='ltr'>ἀδελφοὺς</span> <span class='ocrx_word' id='word_1_138' title='bbox 981 1230 1131 1299; x_wconf 83' lang='grc' dir='ltr'>ἡμᾶς</span> <span class='ocrx_word' id='word_1_139' title='bbox 1183 1227 1640 1299; x_wconf 79' lang='grc' dir='ltr'>προσλαϐόμενον</span> <span class='ocrx_word' id='word_1_140' title='bbox 1695 1228 1788 1280; x_wconf 70' lang='grc' dir='ltr'><strong>καὶ</strong></span> <span class='ocrx_word' id='word_1_141' title='bbox 1819 1227 2348 1292; x_wconf 79' lang='grc' dir='ltr'>ἁποκαταλλάξαντα</span> <span class='ocrx_word' id='word_1_142' title='bbox 2385 1230 2520 1285; x_wconf 83' lang='grc' dir='ltr'>Υίὸν</span> <span class='ocrx_word' id='word_1_143' title='bbox 2567 1232 3001 1303; x_wconf 76' lang='grc' dir='ltr'>θεραπεύσωμεν</span> <span class='ocrx_word' id='word_1_144' title='bbox 3024 1252 3038 1266; x_wconf 75' lang='grc' dir='ltr'><strong>ο</strong></span> <span class='ocrx_word' id='word_1_145' title='bbox 3082 1235 3225 1289; x_wconf 76' lang='grc' dir='ltr'>οὕτω</span> <span class='ocrx_word' id='word_1_146' title='bbox 3293 1241 3386 1290; x_wconf 72' lang='grc' dir='ltr'><strong>τδν</strong></span> <span class='ocrx_word' id='word_1_147' title='bbox 3417 1255 3646 1308; x_wconf 86' lang='grc' dir='ltr'>κεκομι-</span> 
     </span>
    </p>
   </div>
   <div class='ocr_carea' id='block_1_20' title="bbox 330 1321 3647 1405">
    <p class='ocr_par' dir='ltr' id='par_1_20' title="bbox 330 1321 3647 1405">
     <span class='ocr_line' id='line_1_20' title="bbox 330 1321 3647 1405; baseline 0.003 -28"><span class='ocrx_word' id='word_1_148' title='bbox 330 1324 474 1377; x_wconf 84' lang='grc' dir='ltr'>κότα</span> <span class='ocrx_word' id='word_1_149' title='bbox 521 1323 620 1392; x_wconf 76' lang='grc' dir='ltr'>τῆς</span> <span class='ocrx_word' id='word_1_150' title='bbox 670 1321 1029 1390; x_wconf 78' lang='grc' dir='ltr'><strong>καταλλαγῆς</strong></span> <span class='ocrx_word' id='word_1_151' title='bbox 1058 1321 1120 1374; x_wconf 85' lang='grc' dir='ltr'>τὸ</span> <span class='ocrx_word' id='word_1_152' title='bbox 1174 1321 1440 1391; x_wconf 77' lang='grc' dir='ltr'><strong>ἐχέγγυον</strong></span> <span class='ocrx_word' id='word_1_153' title='bbox 1480 1321 1845 1393; x_wconf 82' lang='grc' dir='ltr'>Παράκλητον</span> <span class='ocrx_word' id='word_1_154' title='bbox 1891 1324 2240 1393; x_wconf 84' lang='grc' dir='ltr'>τιμήσωμεν,</span> <span class='ocrx_word' id='word_1_155' title='bbox 2278 1326 2345 1394; x_wconf 79' lang='grc' dir='ltr'>τῇ</span> <span class='ocrx_word' id='word_1_156' title='bbox 2377 1324 2587 1379; x_wconf 83' lang='grc' dir='ltr'><strong>ἑαυτῶν</strong></span> <span class='ocrx_word' id='word_1_157' title='bbox 2648 1331 2783 1398; x_wconf 80' lang='grc' dir='ltr'>τιμῇ</span> <span class='ocrx_word' id='word_1_158' title='bbox 2842 1329 2936 1382; x_wconf 77' lang='grc' dir='ltr'><strong>καὶ</strong></span> <span class='ocrx_word' id='word_1_159' title='bbox 3003 1329 3270 1400; x_wconf 73' lang='grc' dir='ltr'>Θεραπεία</span> <span class='ocrx_word' id='word_1_160' title='bbox 3329 1333 3422 1384; x_wconf 80' lang='grc' dir='ltr'>καὶ</span> <span class='ocrx_word' id='word_1_161' title='bbox 3465 1351 3647 1405; x_wconf 88' lang='grc' dir='ltr'>σωτη-</span> 
     </span>
    </p>
   </div>
   <div class='ocr_carea' id='block_1_21' title="bbox 335 1414 1809 1490">
    <p class='ocr_par' dir='ltr' id='par_1_21' title="bbox 335 1414 1809 1490">
     <span class='ocr_line' id='line_1_21' title="bbox 335 1414 1809 1490; baseline -0.002 -20"><span class='ocrx_word' id='word_1_162' title='bbox 335 1419 449 1490; x_wconf 72' lang='grc' dir='ltr'>ρίᾳ,</span> <span class='ocrx_word' id='word_1_163' title='bbox 503 1417 572 1470; x_wconf 89' lang='grc' dir='ltr'>δι’</span> <span class='ocrx_word' id='word_1_164' title='bbox 604 1416 669 1486; x_wconf 78' lang='grc' dir='ltr'>ἢν</span> <span class='ocrx_word' id='word_1_165' title='bbox 692 1414 914 1468; x_wconf 76' lang='grc' dir='ltr'>ἅπαντα</span> <span class='ocrx_word' id='word_1_166' title='bbox 963 1417 1332 1484; x_wconf 75' lang='grc' dir='ltr'><strong>οἰκονομεῖται</strong></span> <span class='ocrx_word' id='word_1_167' title='bbox 1357 1415 1450 1468; x_wconf 72' lang='grc' dir='ltr'><strong>καὶ</strong></span> <span class='ocrx_word' id='word_1_168' title='bbox 1489 1416 1809 1484; x_wconf 79' lang='grc' dir='ltr'>πράττεται.</span> 
     </span>
    </p>
   </div>
   <div class='ocr_carea' id='block_1_22' title="bbox 417 1503 2030 1577">
    <p class='ocr_par' dir='ltr' id='par_1_22' title="bbox 417 1503 1941 1577">
     <span class='ocr_line' id='line_1_22' title="bbox 417 1503 1941 1577; baseline -0.001 -16"><span class='ocrx_word' id='word_1_169' title='bbox 417 1509 580 1572; x_wconf 82' lang='grc' dir='ltr'>Ἀλλ’,</span> <span class='ocrx_word' id='word_1_170' title='bbox 613 1503 659 1559; x_wconf 81' lang='grc' dir='ltr'><strong>ὧ</strong></span> <span class='ocrx_word' id='word_1_171' title='bbox 692 1507 954 1577; x_wconf 83' lang='grc' dir='ltr'>σύνθρονε</span> <span class='ocrx_word' id='word_1_172' title='bbox 1009 1507 1084 1577; x_wconf 80' lang='grc' dir='ltr'><strong>τῷ</strong></span> <span class='ocrx_word' id='word_1_173' title='bbox 1112 1507 1290 1577; x_wconf 75' lang='grc' dir='ltr'>Ιίατρὶ</span> <span class='ocrx_word' id='word_1_174' title='bbox 1334 1507 1431 1559; x_wconf 79' lang='grc' dir='ltr'>καὶ</span> <span class='ocrx_word' id='word_1_175' title='bbox 1454 1505 1534 1575; x_wconf 79' lang='grc' dir='ltr'>τῷ</span> <span class='ocrx_word' id='word_1_176' title='bbox 1561 1507 1722 1577; x_wconf 83' lang='grc' dir='ltr'><strong>Λόγῳ</strong></span> <span class='ocrx_word' id='word_1_177' title='bbox 1753 1507 1941 1577; x_wconf 82' lang='grc' dir='ltr'>Παρά-</span> 
     </span>
    </p>
   </div>
   <div class='ocr_carea' id='block_1_23' title="bbox 2031 1503 3644 1577">
    <p class='ocr_par' dir='ltr' id='par_1_23' title="bbox 2111 1511 3644 1577">
     <span class='ocr_line' id='line_1_23' title="bbox 2111 1511 3644 1577; baseline 0.01 -17"><span class='ocrx_word' id='word_1_178' title='bbox 2111 1512 2292 1577; x_wconf 81' lang='lat' dir='ltr'><strong>Atque</strong></span> <span class='ocrx_word' id='word_1_179' title='bbox 2323 1511 2461 1575; x_wconf 63' lang='lat' dir='ltr'><strong>haec,</strong></span> <span class='ocrx_word' id='word_1_180' title='bbox 2502 1527 2536 1566; x_wconf 86' lang='grc' dir='ltr'><strong>ο</strong></span> <span class='ocrx_word' id='word_1_181' title='bbox 2571 1515 3065 1571; x_wconf 89' lang='lat' dir='ltr'><strong>consubstantialis</strong></span> <span class='ocrx_word' id='word_1_182' title='bbox 3097 1518 3247 1572; x_wconf 82' lang='lat' dir='ltr'><strong>Patri</strong></span> <span class='ocrx_word' id='word_1_183' title='bbox 3275 1527 3328 1573; x_wconf 90' lang='lat' dir='ltr'><strong>et</strong></span> <span class='ocrx_word' id='word_1_184' title='bbox 3365 1519 3507 1576; x_wconf 90' lang='lat' dir='ltr'><strong>Filio</strong></span> <span class='ocrx_word' id='word_1_185' title='bbox 3537 1521 3644 1576; x_wconf 82' lang='lat' dir='ltr'><strong>Pa-</strong></span> 
     </span>
    </p>
   </div>
   <div class='ocr_carea' id='block_1_24' title="bbox 329 1595 1942 1673">
    <p class='ocr_par' dir='ltr' id='par_1_24' title="bbox 329 1597 1942 1673">
     <span class='ocr_line' id='line_1_24' title="bbox 329 1597 1942 1673; baseline -0.002 -18"><span class='ocrx_word' id='word_1_186' title='bbox 329 1602 521 1673; x_wconf 82' lang='grc' dir='ltr'>κλητε,</span> <span class='ocrx_word' id='word_1_187' title='bbox 551 1597 810 1653; x_wconf 76' lang='grc' dir='ltr'>τοσοῦτον</span> <span class='ocrx_word' id='word_1_188' title='bbox 848 1599 948 1669; x_wconf 84' lang='grc' dir='ltr'><strong>μὲν</strong></span> <span class='ocrx_word' id='word_1_189' title='bbox 976 1598 1077 1669; x_wconf 79' lang='grc' dir='ltr'>τὴν</span> <span class='ocrx_word' id='word_1_190' title='bbox 1110 1599 1209 1668; x_wconf 78' lang='grc' dir='ltr'>σὴν</span> <span class='ocrx_word' id='word_1_191' title='bbox 1267 1598 1567 1669; x_wconf 76' lang='grc' dir='ltr'><strong>ἐπιδημίαν</strong></span> <span class='ocrx_word' id='word_1_192' title='bbox 1596 1599 1777 1668; x_wconf 83' lang='grc' dir='ltr'><strong>τιμῶν</strong></span> <span class='ocrx_word' id='word_1_193' title='bbox 1801 1603 1829 1652; x_wconf 88' lang='lat'><strong>6</strong></span> <span class='ocrx_word' id='word_1_194' title='bbox 1848 1599 1942 1652; x_wconf 78' lang='grc' dir='ltr'>λόο</span> 
     </span>
    </p>
   </div>
   <div class='ocr_carea' id='block_1_25' title="bbox 2032 1595 3645 1673">
    <p class='ocr_par' dir='ltr' id='par_1_25' title="bbox 2040 1598 3645 1667">
     <span class='ocr_line' id='line_1_25' title="bbox 2040 1598 3645 1667; baseline 0.009 -16"><span class='ocrx_word' id='word_1_195' title='bbox 2040 1598 2254 1664; x_wconf 81' lang='lat' dir='ltr'><strong>raclite,</strong></span> <span class='ocrx_word' id='word_1_196' title='bbox 2287 1601 2341 1653; x_wconf 88' lang='lat' dir='ltr'><strong>in</strong></span> <span class='ocrx_word' id='word_1_197' title='bbox 2372 1600 2643 1657; x_wconf 88' lang='lat' dir='ltr'><strong>adventus</strong></span> <span class='ocrx_word' id='word_1_198' title='bbox 2681 1605 2760 1657; x_wconf 90' lang='lat' dir='ltr'><strong>tui</strong></span> <span class='ocrx_word' id='word_1_199' title='bbox 2796 1607 3059 1658; x_wconf 80' lang='lat' dir='ltr'><strong>honorem</strong></span> <span class='ocrx_word' id='word_1_200' title='bbox 3084 1607 3230 1661; x_wconf 87' lang='lat' dir='ltr'><strong>dicta</strong></span> <span class='ocrx_word' id='word_1_201' title='bbox 3264 1609 3400 1663; x_wconf 88' lang='lat' dir='ltr'><strong>sint.</strong></span> <span class='ocrx_word' id='word_1_202' title='bbox 3434 1609 3514 1664; x_wconf 89' lang='lat' dir='ltr'><strong>Tu</strong></span> <span class='ocrx_word' id='word_1_203' title='bbox 3544 1627 3645 1667; x_wconf 87' lang='lat' dir='ltr'><strong>au—</strong></span> 
     </span>
    </p>
   </div>
   <div class='ocr_carea' id='block_1_26' title="bbox 327 1688 1940 1768">
    <p class='ocr_par' dir='ltr' id='par_1_26' title="bbox 327 1688 1940 1762">
     <span class='ocr_line' id='line_1_26' title="bbox 327 1688 1940 1762; baseline -0.003 -15"><span class='ocrx_word' id='word_1_204' title='bbox 327 1711 429 1761; x_wconf 79' lang='grc' dir='ltr'><strong>γος</strong></span> <span class='ocrx_word' id='word_1_205' title='bbox 461 1692 655 1762; x_wconf 74' lang='grc' dir='ltr'>ἐχέτω.</span> <span class='ocrx_word' id='word_1_206' title='bbox 692 1691 766 1743; x_wconf 82' lang='grc' dir='ltr'><strong>Σὺ</strong></span> <span class='ocrx_word' id='word_1_207' title='bbox 793 1689 838 1742; x_wconf 83' lang='grc' dir='ltr'>δ’</span> <span class='ocrx_word' id='word_1_208' title='bbox 871 1692 1005 1760; x_wconf 84' lang='grc' dir='ltr'>ἡμῖν</span> <span class='ocrx_word' id='word_1_209' title='bbox 1031 1690 1111 1760; x_wconf 83' lang='grc' dir='ltr'>τῷ</span> <span class='ocrx_word' id='word_1_210' title='bbox 1134 1688 1214 1760; x_wconf 79' lang='grc' dir='ltr'>σῷ</span> <span class='ocrx_word' id='word_1_211' title='bbox 1249 1689 1567 1761; x_wconf 79' lang='grc' dir='ltr'>ἡγεμονικῷ</span> <span class='ocrx_word' id='word_1_212' title='bbox 1585 1690 1677 1744; x_wconf 81' lang='grc' dir='ltr'><strong>τὸν</strong></span> <span class='ocrx_word' id='word_1_213' title='bbox 1691 1690 1940 1760; x_wconf 81' lang='grc' dir='ltr'><strong>ἡγεμόνα</strong></span> 
     </span>
    </p>
   </div>
   <div class='ocr_carea' id='block_1_27' title="bbox 2033 1688 3646 1768">
    <p class='ocr_par' dir='ltr' id='par_1_27' title="bbox 2041 1691 3646 1768">
     <span class='ocr_line' id='line_1_27' title="bbox 2041 1691 3646 1768; baseline 0.009 -25"><span class='ocrx_word' id='word_1_214' title='bbox 2041 1698 2152 1744; x_wconf 90' lang='lat' dir='ltr'><strong>tem</strong></span> <span class='ocrx_word' id='word_1_215' title='bbox 2206 1691 2552 1746; x_wconf 89' lang='lat' dir='ltr'><strong>intellectum</strong></span> <span class='ocrx_word' id='word_1_216' title='bbox 2594 1704 2848 1748; x_wconf 91' lang='lat' dir='ltr'><strong>nostrum</strong></span> <span class='ocrx_word' id='word_1_217' title='bbox 2909 1694 3082 1750; x_wconf 92' lang='lat' dir='ltr'><strong>ductu</strong></span> <span class='ocrx_word' id='word_1_218' title='bbox 3114 1705 3210 1751; x_wconf 92' lang='lat' dir='ltr'><strong>tuo</strong></span> <span class='ocrx_word' id='word_1_219' title='bbox 3241 1714 3390 1768; x_wconf 90' lang='lat' dir='ltr'><strong>rege,</strong></span> <span class='ocrx_word' id='word_1_220' title='bbox 3435 1711 3490 1754; x_wconf 85' lang='grc' dir='ltr'><strong>ει</strong></span> <span class='ocrx_word' id='word_1_221' title='bbox 3512 1717 3646 1757; x_wconf 88' lang='lat' dir='ltr'><strong>con-</strong></span> 
     </span>
    </p>
   </div>
   <div class='ocr_carea' id='block_1_28' title="bbox 328 1779 1941 1858">
    <p class='ocr_par' dir='ltr' id='par_1_28' title="bbox 328 1779 1941 1853">
     <span class='ocr_line' id='line_1_28' title="bbox 328 1779 1941 1853; baseline -0.003 -17"><span class='ocrx_word' id='word_1_222' title='bbox 328 1783 459 1837; x_wconf 82' lang='grc' dir='ltr'>νοῦν</span> <span class='ocrx_word' id='word_1_223' title='bbox 520 1781 820 1853; x_wconf 74' lang='grc' dir='ltr'>στηρίζοις,</span> <span class='ocrx_word' id='word_1_224' title='bbox 866 1780 1003 1853; x_wconf 81' lang='grc' dir='ltr'>μηδὲ</span> <span class='ocrx_word' id='word_1_225' title='bbox 1058 1781 1158 1852; x_wconf 85' lang='grc' dir='ltr'>τὴν</span> <span class='ocrx_word' id='word_1_226' title='bbox 1201 1780 1308 1834; x_wconf 83' lang='grc' dir='ltr'>ὑπὸ</span> <span class='ocrx_word' id='word_1_227' title='bbox 1365 1781 1460 1834; x_wconf 82' lang='grc' dir='ltr'><strong>σοῦ</strong></span> <span class='ocrx_word' id='word_1_228' title='bbox 1513 1779 1941 1851; x_wconf 83' lang='grc' dir='ltr'>ἀπεληλαμένην</span> 
     </span>
    </p>
   </div>
   <div class='ocr_carea' id='block_1_29' title="bbox 2032 1779 3645 1858">
    <p class='ocr_par' dir='ltr' id='par_1_29' title="bbox 2041 1780 3645 1858">
     <span class='ocr_line' id='line_1_29' title="bbox 2041 1780 3645 1858; baseline 0.007 -24"><span class='ocrx_word' id='word_1_229' title='bbox 2041 1780 2229 1849; x_wconf 83' lang='lat' dir='ltr'><strong>ﬁrma;</strong></span> <span class='ocrx_word' id='word_1_230' title='bbox 2288 1784 2534 1840; x_wconf 87' lang='lat' dir='ltr'><strong>tenebris</strong></span> <span class='ocrx_word' id='word_1_231' title='bbox 2590 1800 2622 1839; x_wconf 88' lang='lat' dir='ltr'><strong>a</strong></span> <span class='ocrx_word' id='word_1_232' title='bbox 2654 1794 2709 1840; x_wconf 89' lang='lat' dir='ltr'><strong>te</strong></span> <span class='ocrx_word' id='word_1_233' title='bbox 2743 1786 2874 1842; x_wconf 89' lang='lat' dir='ltr'><strong>olim</strong></span> <span class='ocrx_word' id='word_1_234' title='bbox 2933 1788 3185 1858; x_wconf 86' lang='lat' dir='ltr'><strong>disjectis</strong></span> <span class='ocrx_word' id='word_1_235' title='bbox 3217 1790 3372 1844; x_wconf 88' lang='lat' dir='ltr'><strong>illum</strong></span> <span class='ocrx_word' id='word_1_236' title='bbox 3404 1791 3645 1847; x_wconf 90' lang='lat' dir='ltr'><strong>circum-</strong></span> 
     </span>
    </p>
   </div>
   <div class='ocr_carea' id='block_1_30' title="bbox 331 1864 1944 1971">
    <p class='ocr_par' dir='ltr' id='par_1_30' title="bbox 331 1864 1934 1950">
     <span class='ocr_line' id='line_1_30' title="bbox 331 1864 1934 1950; baseline 0.001 -22"><span class='ocrx_word' id='word_1_237' title='bbox 331 1877 704 1948; x_wconf 81' lang='grc' dir='ltr'>σκοτόμαιναν</span> <span class='ocrx_word' id='word_1_238' title='bbox 769 1879 914 1949; x_wconf 78' lang='grc' dir='ltr'>ὲῴης</span> <span class='ocrx_word' id='word_1_239' title='bbox 966 1876 1132 1930; x_wconf 82' lang='grc' dir='ltr'>αὑτοῦ</span> <span class='ocrx_word' id='word_1_240' title='bbox 1188 1877 1583 1948; x_wconf 87' lang='grc' dir='ltr'>καταχεῖσθαι,</span> <span class='ocrx_word' id='word_1_241' title='bbox 1650 1877 1786 1950; x_wconf 85' lang='grc' dir='ltr'>μηδὲ</span> <span class='ocrx_word' id='word_1_242' title='bbox 1824 1864 1934 1950; x_wconf 58' lang='grc' dir='ltr'>’τὴν</span> 
     </span>
    </p>
   </div>
   <div class='ocr_carea' id='block_1_31' title="bbox 2030 1864 3643 1971">
    <p class='ocr_par' dir='ltr' id='par_1_31' title="bbox 2042 1874 3643 1950">
     <span class='ocr_line' id='line_1_31' title="bbox 2042 1874 3643 1950; baseline 0.008 -22"><span class='ocrx_word' id='word_1_243' title='bbox 2042 1874 2202 1929; x_wconf 75' lang='lat' dir='ltr'><strong>fundi</strong></span> <span class='ocrx_word' id='word_1_244' title='bbox 2255 1892 2540 1946; x_wconf 86' lang='lat' dir='ltr'><strong>nunquam</strong></span> <span class='ocrx_word' id='word_1_245' title='bbox 2587 1879 2899 1947; x_wconf 83' lang='lat' dir='ltr'><strong>permittas,</strong></span> <span class='ocrx_word' id='word_1_246' title='bbox 2933 1895 3037 1936; x_wconf 85' lang='lat' dir='ltr'><strong>nec</strong></span> <span class='ocrx_word' id='word_1_247' title='bbox 3071 1881 3126 1934; x_wconf 88' lang='lat' dir='ltr'><strong>in</strong></span> <span class='ocrx_word' id='word_1_248' title='bbox 3157 1880 3247 1949; x_wconf 88' lang='lat' dir='ltr'><strong>iis,</strong></span> <span class='ocrx_word' id='word_1_249' title='bbox 3279 1897 3402 1950; x_wconf 73' lang='lat' dir='ltr'><strong>qua:</strong></span> <span class='ocrx_word' id='word_1_250' title='bbox 3432 1883 3486 1936; x_wconf 89' lang='lat' dir='ltr'><strong>in</strong></span> <span class='ocrx_word' id='word_1_251' title='bbox 3523 1883 3643 1942; x_wconf 83' lang='lat' dir='ltr'><strong>dies</strong></span> 
     </span>
    </p>
   </div>
   <div class='ocr_carea' id='block_1_32' title="bbox 329 1968 1942 2044">
    <p class='ocr_par' dir='ltr' id='par_1_32' title="bbox 329 1968 1930 2040">
     <span class='ocr_line' id='line_1_32' title="bbox 329 1968 1930 2040; baseline 0.002 -21"><span class='ocrx_word' id='word_1_252' title='bbox 329 1968 617 2038; x_wconf 70' lang='grc' dir='ltr'>ἐνέργειαν</span> <span class='ocrx_word' id='word_1_253' title='bbox 648 1968 906 2038; x_wconf 84' lang='grc' dir='ltr'><strong>σφάλλειν</strong></span> <span class='ocrx_word' id='word_1_254' title='bbox 957 1971 1016 2023; x_wconf 75' lang='grc' dir='ltr'>ἐν</span> <span class='ocrx_word' id='word_1_255' title='bbox 1044 1969 1212 2024; x_wconf 78' lang='grc' dir='ltr'>παντὶ</span> <span class='ocrx_word' id='word_1_256' title='bbox 1241 1971 1341 2040; x_wconf 82' lang='grc' dir='ltr'><strong>μὲν</strong></span> <span class='ocrx_word' id='word_1_257' title='bbox 1371 1971 1515 2023; x_wconf 76' lang='grc' dir='ltr'>κατὰ</span> <span class='ocrx_word' id='word_1_258' title='bbox 1539 1971 1631 2024; x_wconf 84' lang='grc' dir='ltr'><strong>τὸν</strong></span> <span class='ocrx_word' id='word_1_259' title='bbox 1659 1970 1776 2040; x_wconf 82' lang='grc' dir='ltr'>βίον</span> <span class='ocrx_word' id='word_1_260' title='bbox 1805 1972 1930 2024; x_wconf 79' lang='grc' dir='ltr'>ἐπι-</span> 
     </span>
    </p>
   </div>
   <div class='ocr_carea' id='block_1_33' title="bbox 2028 1968 3641 2044">
    <p class='ocr_par' dir='ltr' id='par_1_33' title="bbox 2042 1969 3641 2044">
     <span class='ocr_line' id='line_1_33' title="bbox 2042 1969 3641 2044; baseline 0.007 -23"><span class='ocrx_word' id='word_1_261' title='bbox 2042 1970 2176 2038; x_wconf 84' lang='lat' dir='ltr'><strong>agit,</strong></span> <span class='ocrx_word' id='word_1_262' title='bbox 2222 1969 2519 2035; x_wconf 88' lang='lat' dir='ltr'><strong>aberrare;</strong></span> <span class='ocrx_word' id='word_1_263' title='bbox 2571 1972 2846 2042; x_wconf 69' lang='lat' dir='ltr'><strong>praecipue</strong></span> <span class='ocrx_word' id='word_1_264' title='bbox 2872 1988 3003 2027; x_wconf 87' lang='lat' dir='ltr'><strong>vero</strong></span> <span class='ocrx_word' id='word_1_265' title='bbox 3055 1973 3112 2027; x_wconf 91' lang='lat' dir='ltr'><strong>in</strong></span> <span class='ocrx_word' id='word_1_266' title='bbox 3142 1973 3437 2031; x_wconf 77' lang='lat' dir='ltr'><strong>mundana:</strong></span> <span class='ocrx_word' id='word_1_267' title='bbox 3463 1979 3641 2044; x_wconf 85' lang='lat' dir='ltr'><strong>navis,</strong></span> 
     </span>
    </p>
   </div>
   <div class='ocr_carea' id='block_1_34' title="bbox 327 2061 1940 2134">
    <p class='ocr_par' dir='ltr' id='par_1_34' title="bbox 327 2061 1930 2134">
     <span class='ocr_line' id='line_1_34' title="bbox 327 2061 1930 2134; baseline 0.002 -21"><span class='ocrx_word' id='word_1_268' title='bbox 327 2065 650 2134; x_wconf 83' lang='grc' dir='ltr'>χειρήματι,</span> <span class='ocrx_word' id='word_1_269' title='bbox 684 2061 923 2132; x_wconf 83' lang='grc' dir='ltr'>μάλιστα</span> <span class='ocrx_word' id='word_1_270' title='bbox 950 2061 1009 2114; x_wconf 84' lang='grc' dir='ltr'>δὲ</span> <span class='ocrx_word' id='word_1_271' title='bbox 1042 2063 1103 2116; x_wconf 83' lang='grc' dir='ltr'>ἐν</span> <span class='ocrx_word' id='word_1_272' title='bbox 1128 2065 1195 2133; x_wconf 74' lang='grc' dir='ltr'><strong>τῇ</strong></span> <span class='ocrx_word' id='word_1_273' title='bbox 1221 2062 1558 2133; x_wconf 79' lang='grc' dir='ltr'>κυϐερνήσει</span> <span class='ocrx_word' id='word_1_274' title='bbox 1599 2061 1701 2132; x_wconf 83' lang='grc' dir='ltr'>τῆς</span> <span class='ocrx_word' id='word_1_275' title='bbox 1729 2079 1930 2132; x_wconf 83' lang='grc' dir='ltr'>κοσμι-</span> 
     </span>
    </p>
   </div>
   <div class='ocr_carea' id='block_1_35' title="bbox 2031 2061 3644 2134">
    <p class='ocr_par' dir='ltr' id='par_1_35' title="bbox 2042 2061 3644 2134">
     <span class='ocr_line' id='line_1_35' title="bbox 2042 2061 3644 2134; baseline 0.006 -22"><span class='ocrx_word' id='word_1_276' title='bbox 2042 2073 2209 2128; x_wconf 89' lang='lat' dir='ltr'><strong>quam</strong></span> <span class='ocrx_word' id='word_1_277' title='bbox 2263 2061 2425 2116; x_wconf 85' lang='lat' dir='ltr'><strong>nobis</strong></span> <span class='ocrx_word' id='word_1_278' title='bbox 2455 2063 2812 2128; x_wconf 89' lang='lat' dir='ltr'><strong>commisisti,</strong></span> <span class='ocrx_word' id='word_1_279' title='bbox 2844 2064 3133 2134; x_wconf 87' lang='lat' dir='ltr'><strong>regimine.</strong></span> <span class='ocrx_word' id='word_1_280' title='bbox 3177 2065 3428 2129; x_wconf 86' lang='lat' dir='ltr'><strong>Omens,</strong></span> <span class='ocrx_word' id='word_1_281' title='bbox 3474 2084 3508 2123; x_wconf 88' lang='grc' dir='ltr'><strong>ο</strong></span> <span class='ocrx_word' id='word_1_282' title='bbox 3553 2084 3644 2122; x_wconf 83' lang='lat' dir='ltr'><strong>sa-</strong></span> 
     </span>
    </p>
   </div>
   <div class='ocr_carea' id='block_1_36' title="bbox 325 2148 1938 2226">
    <p class='ocr_par' dir='ltr' id='par_1_36' title="bbox 325 2149 1931 2226">
     <span class='ocr_line' id='line_1_36' title="bbox 325 2149 1931 2226; baseline 0.001 -20"><span class='ocrx_word' id='word_1_283' title='bbox 325 2155 435 2223; x_wconf 80' lang='grc' dir='ltr'><strong>κῆς</strong></span> <span class='ocrx_word' id='word_1_284' title='bbox 466 2153 713 2218; x_wconf 81' lang='grc' dir='ltr'><strong>ὁλκάδος,</strong></span> <span class='ocrx_word' id='word_1_285' title='bbox 743 2153 812 2226; x_wconf 78' lang='grc' dir='ltr'>ἦν</span> <span class='ocrx_word' id='word_1_286' title='bbox 852 2154 987 2224; x_wconf 83' lang='grc' dir='ltr'>ἡμῖν</span> <span class='ocrx_word' id='word_1_287' title='bbox 1037 2153 1399 2225; x_wconf 77' lang='grc' dir='ltr'>ἐνεχείρισας.</span> <span class='ocrx_word' id='word_1_288' title='bbox 1441 2149 1513 2206; x_wconf 64' lang='grc' dir='ltr'><strong>τΩ</strong></span> <span class='ocrx_word' id='word_1_289' title='bbox 1559 2155 1674 2221; x_wconf 82' lang='grc' dir='ltr'>νοῦ,</span> <span class='ocrx_word' id='word_1_290' title='bbox 1705 2158 1802 2208; x_wconf 78' lang='grc' dir='ltr'>καὶ</span> <span class='ocrx_word' id='word_1_291' title='bbox 1837 2172 1931 2208; x_wconf 84' lang='grc' dir='ltr'>σο-</span> 
     </span>
    </p>
   </div>
   <div class='ocr_carea' id='block_1_37' title="bbox 2028 2148 3641 2226">
    <p class='ocr_par' dir='ltr' id='par_1_37' title="bbox 2039 2148 3641 2224">
     <span class='ocr_line' id='line_1_37' title="bbox 2039 2148 3641 2224; baseline 0.007 -23"><span class='ocrx_word' id='word_1_292' title='bbox 2039 2148 2266 2218; x_wconf 89' lang='lat' dir='ltr'><strong>pientia,</strong></span> <span class='ocrx_word' id='word_1_293' title='bbox 2307 2162 2341 2203; x_wconf 97' lang='lat' dir='ltr'><strong>o</strong></span> <span class='ocrx_word' id='word_1_294' title='bbox 2370 2158 2562 2205; x_wconf 89' lang='lat' dir='ltr'><strong>sancte</strong></span> <span class='ocrx_word' id='word_1_295' title='bbox 2588 2149 2854 2219; x_wconf 87' lang='lat' dir='ltr'><strong>Spiritus,</strong></span> <span class='ocrx_word' id='word_1_296' title='bbox 2889 2161 3088 2207; x_wconf 87' lang='lat' dir='ltr'><strong>natura</strong></span> <span class='ocrx_word' id='word_1_297' title='bbox 3123 2168 3255 2219; x_wconf 88' lang='lat' dir='ltr'><strong>una,</strong></span> <span class='ocrx_word' id='word_1_298' title='bbox 3292 2169 3524 2224; x_wconf 78' lang='lat' dir='ltr'><strong>regnum</strong></span> <span class='ocrx_word' id='word_1_299' title='bbox 3552 2158 3641 2211; x_wconf 78' lang='lat' dir='ltr'><strong>in-</strong></span> 
     </span>
    </p>
   </div>
   <div class='ocr_carea' id='block_1_38' title="bbox 327 2240 1940 2317">
    <p class='ocr_par' dir='ltr' id='par_1_38' title="bbox 327 2245 1932 2317">
     <span class='ocr_line' id='line_1_38' title="bbox 327 2245 1932 2317; baseline 0.001 -19"><span class='ocrx_word' id='word_1_300' title='bbox 327 2247 452 2314; x_wconf 83' lang='grc' dir='ltr'>φία,</span> <span class='ocrx_word' id='word_1_301' title='bbox 484 2247 579 2300; x_wconf 69' lang='grc' dir='ltr'><strong>καὶ</strong></span> <span class='ocrx_word' id='word_1_302' title='bbox 603 2245 832 2317; x_wconf 80' lang='grc' dir='ltr'>Πνεῦμα</span> <span class='ocrx_word' id='word_1_303' title='bbox 864 2245 1154 2315; x_wconf 85' lang='grc' dir='ltr'>πανόιγιον,</span> <span class='ocrx_word' id='word_1_304' title='bbox 1203 2246 1238 2316; x_wconf 85' lang='grc' dir='ltr'><strong>ἡ</strong></span> <span class='ocrx_word' id='word_1_305' title='bbox 1281 2245 1381 2316; x_wconf 85' lang='grc' dir='ltr'>μία</span> <span class='ocrx_word' id='word_1_306' title='bbox 1414 2246 1599 2314; x_wconf 83' lang='grc' dir='ltr'><strong>φύσις,</strong></span> <span class='ocrx_word' id='word_1_307' title='bbox 1632 2247 1666 2317; x_wconf 83' lang='grc' dir='ltr'><strong>ἡ</strong></span> <span class='ocrx_word' id='word_1_308' title='bbox 1688 2248 1932 2317; x_wconf 78' lang='grc' dir='ltr'><strong>ἄτμητος</strong></span> 
     </span>
    </p>
   </div>
   <div class='ocr_carea' id='block_1_39' title="bbox 2029 2240 3642 2317">
    <p class='ocr_par' dir='ltr' id='par_1_39' title="bbox 2039 2240 3642 2313">
     <span class='ocr_line' id='line_1_39' title="bbox 2039 2240 3642 2313; baseline 0.009 -22"><span class='ocrx_word' id='word_1_309' title='bbox 2039 2240 2340 2306; x_wconf 88' lang='lat' dir='ltr'><strong>divisibile,</strong></span> <span class='ocrx_word' id='word_1_310' title='bbox 2358 2243 2523 2313; x_wconf 83' lang='lat' dir='ltr'><strong>cujus</strong></span> <span class='ocrx_word' id='word_1_311' title='bbox 2552 2245 2795 2311; x_wconf 89' lang='lat' dir='ltr'><strong>potentia</strong></span> <span class='ocrx_word' id='word_1_312' title='bbox 2825 2245 3150 2301; x_wconf 81' lang='lat' dir='ltr'><strong>indeﬁciens</strong></span> <span class='ocrx_word' id='word_1_313' title='bbox 3170 2257 3279 2313; x_wconf 89' lang='lat' dir='ltr'><strong>est,</strong></span> <span class='ocrx_word' id='word_1_314' title='bbox 3305 2248 3508 2304; x_wconf 90' lang='lat' dir='ltr'><strong>mentis</strong></span> <span class='ocrx_word' id='word_1_315' title='bbox 3531 2251 3642 2305; x_wconf 88' lang='lat' dir='ltr'><strong>vim</strong></span> 
     </span>
    </p>
   </div>
   <div class='ocr_carea' id='block_1_40' title="bbox 327 2332 1940 2410">
    <p class='ocr_par' dir='ltr' id='par_1_40' title="bbox 327 2332 1935 2410">
     <span class='ocr_line' id='line_1_40' title="bbox 327 2332 1935 2410; baseline 0 -19"><span class='ocrx_word' id='word_1_316' title='bbox 327 2337 608 2409; x_wconf 77' lang='grc' dir='ltr'>βασιλεία,</span> <span class='ocrx_word' id='word_1_317' title='bbox 631 2332 699 2409; x_wconf 81' lang='grc' dir='ltr'>ἦς</span> <span class='ocrx_word' id='word_1_318' title='bbox 732 2339 792 2391; x_wconf 85' lang='grc' dir='ltr'>τὸ</span> <span class='ocrx_word' id='word_1_319' title='bbox 810 2337 1016 2410; x_wconf 82' lang='grc' dir='ltr'>κράτος</span> <span class='ocrx_word' id='word_1_320' title='bbox 1054 2335 1298 2399; x_wconf 86' lang='grc' dir='ltr'>αἰώνιον,</span> <span class='ocrx_word' id='word_1_321' title='bbox 1323 2336 1468 2389; x_wconf 85' lang='grc' dir='ltr'>δίδου</span> <span class='ocrx_word' id='word_1_322' title='bbox 1496 2337 1632 2406; x_wconf 82' lang='grc' dir='ltr'>πρὸς</span> <span class='ocrx_word' id='word_1_323' title='bbox 1652 2337 1745 2389; x_wconf 77' lang='grc' dir='ltr'>τὸν</span> <span class='ocrx_word' id='word_1_324' title='bbox 1769 2338 1935 2405; x_wconf 80' lang='grc' dir='ltr'>ὄγκον</span> 
     </span>
    </p>
   </div>
   <div class='ocr_carea' id='block_1_41' title="bbox 2027 2332 3640 2410">
    <p class='ocr_par' dir='ltr' id='par_1_41' title="bbox 2034 2332 3640 2408">
     <span class='ocr_line' id='line_1_41' title="bbox 2034 2332 3640 2408; baseline 0.007 -22"><span class='ocrx_word' id='word_1_325' title='bbox 2034 2332 2238 2404; x_wconf 80' lang='lat' dir='ltr'><strong>largire</strong></span> <span class='ocrx_word' id='word_1_326' title='bbox 2267 2350 2370 2405; x_wconf 90' lang='lat' dir='ltr'><strong>pro</strong></span> <span class='ocrx_word' id='word_1_327' title='bbox 2396 2350 2582 2390; x_wconf 91' lang='lat' dir='ltr'><strong>rerum</strong></span> <span class='ocrx_word' id='word_1_328' title='bbox 2606 2337 2772 2400; x_wconf 90' lang='lat' dir='ltr'><strong>mole,</strong></span> <span class='ocrx_word' id='word_1_329' title='bbox 2800 2353 3031 2406; x_wconf 82' lang='lat' dir='ltr'><strong>eosque,</strong></span> <span class='ocrx_word' id='word_1_330' title='bbox 3069 2354 3310 2408; x_wconf 90' lang='lat' dir='ltr'><strong>quorum</strong></span> <span class='ocrx_word' id='word_1_331' title='bbox 3349 2341 3510 2396; x_wconf 87' lang='lat' dir='ltr'><strong>nobis</strong></span> <span class='ocrx_word' id='word_1_332' title='bbox 3537 2357 3640 2396; x_wconf 87' lang='lat' dir='ltr'><strong>cu-</strong></span> 
     </span>
    </p>
   </div>
   <div class='ocr_carea' id='block_1_42' title="bbox 325 2428 1938 2508">
    <p class='ocr_par' dir='ltr' id='par_1_42' title="bbox 325 2428 1933 2500">
     <span class='ocr_line' id='line_1_42' title="bbox 325 2428 1933 2500; baseline 0 -20"><span class='ocrx_word' id='word_1_333' title='bbox 325 2429 439 2481; x_wconf 90' lang='grc' dir='ltr'><strong>τῶν</strong></span> <span class='ocrx_word' id='word_1_334' title='bbox 464 2428 923 2500; x_wconf 84' lang='grc' dir='ltr'>ὲγχειρισθὲντων</span> <span class='ocrx_word' id='word_1_335' title='bbox 957 2430 1053 2482; x_wconf 83' lang='grc' dir='ltr'>καὶ</span> <span class='ocrx_word' id='word_1_336' title='bbox 1083 2428 1194 2482; x_wconf 88' lang='grc' dir='ltr'><strong>τῶν</strong></span> <span class='ocrx_word' id='word_1_337' title='bbox 1215 2428 1475 2482; x_wconf 75' lang='grc' dir='ltr'>ἐπινοιῶν</span> <span class='ocrx_word' id='word_1_338' title='bbox 1505 2429 1605 2499; x_wconf 80' lang='grc' dir='ltr'><strong>τὴν</strong></span> <span class='ocrx_word' id='word_1_339' title='bbox 1626 2428 1933 2498; x_wconf 70' lang='grc' dir='ltr'>ἀντίληψιν,</span> 
     </span>
    </p>
   </div>
   <div class='ocr_carea' id='block_1_43' title="bbox 2030 2428 3643 2508">
    <p class='ocr_par' dir='ltr' id='par_1_43' title="bbox 2033 2428 3643 2508">
     <span class='ocr_line' id='line_1_43' title="bbox 2033 2428 3643 2508; baseline 0.007 -28"><span class='ocrx_word' id='word_1_340' title='bbox 2033 2441 2154 2480; x_wconf 88' lang='lat' dir='ltr'><strong>ram</strong></span> <span class='ocrx_word' id='word_1_341' title='bbox 2187 2428 2493 2493; x_wconf 87' lang='lat' dir='ltr'><strong>tradidisti,</strong></span> <span class='ocrx_word' id='word_1_342' title='bbox 2517 2430 2812 2485; x_wconf 90' lang='lat' dir='ltr'><strong>nobiscum</strong></span> <span class='ocrx_word' id='word_1_343' title='bbox 2845 2447 3000 2502; x_wconf 86' lang='lat' dir='ltr'><strong>rege;</strong></span> <span class='ocrx_word' id='word_1_344' title='bbox 3029 2441 3088 2486; x_wconf 92' lang='lat' dir='ltr'><strong>ut</strong></span> <span class='ocrx_word' id='word_1_345' title='bbox 3122 2436 3360 2503; x_wconf 87' lang='lat' dir='ltr'><strong>populus</strong></span> <span class='ocrx_word' id='word_1_346' title='bbox 3390 2445 3523 2492; x_wconf 87' lang='lat' dir='ltr'><strong>tuus</strong></span> <span class='ocrx_word' id='word_1_347' title='bbox 3547 2453 3643 2508; x_wconf 78' lang='lat' dir='ltr'><strong>per</strong></span> 
     </span>
    </p>
   </div>
   <div class='ocr_carea' id='block_1_44' title="bbox 327 2515 1940 2595">
    <p class='ocr_par' dir='ltr' id='par_1_44' title="bbox 327 2515 1939 2592">
     <span class='ocr_line' id='line_1_44' title="bbox 327 2515 1939 2592; baseline -0.001 -17"><span class='ocrx_word' id='word_1_348' title='bbox 327 2521 482 2590; x_wconf 77' lang='grc' dir='ltr'>ἄγων</span> <span class='ocrx_word' id='word_1_349' title='bbox 514 2523 760 2592; x_wconf 83' lang='grc' dir='ltr'>σὺνήμίν</span> <span class='ocrx_word' id='word_1_350' title='bbox 778 2521 880 2575; x_wconf 77' lang='grc' dir='ltr'>καὶ</span> <span class='ocrx_word' id='word_1_351' title='bbox 905 2522 1112 2575; x_wconf 82' lang='grc' dir='ltr'>διέπων</span> <span class='ocrx_word' id='word_1_352' title='bbox 1136 2515 1213 2574; x_wconf 83' lang='grc' dir='ltr'>ὦν</span> <span class='ocrx_word' id='word_1_353' title='bbox 1241 2523 1340 2590; x_wconf 86' lang='grc' dir='ltr'>τὴν</span> <span class='ocrx_word' id='word_1_354' title='bbox 1366 2523 1693 2575; x_wconf 77' lang='grc' dir='ltr'>ἐπιστασίαν</span> <span class='ocrx_word' id='word_1_355' title='bbox 1711 2522 1939 2592; x_wconf 78' lang='grc' dir='ltr'>ὲπέτρε-</span> 
     </span>
    </p>
   </div>
   <div class='ocr_carea' id='block_1_45' title="bbox 2030 2515 3643 2595">
    <p class='ocr_par' dir='ltr' id='par_1_45' title="bbox 2035 2521 3643 2595">
     <span class='ocr_line' id='line_1_45' title="bbox 2035 2521 3643 2595; baseline 0.007 -19"><span class='ocrx_word' id='word_1_356' title='bbox 2035 2537 2140 2577; x_wconf 89' lang='lat' dir='ltr'><strong>nos</strong></span> <span class='ocrx_word' id='word_1_357' title='bbox 2169 2521 2419 2578; x_wconf 89' lang='lat' dir='ltr'><strong>directus</strong></span> <span class='ocrx_word' id='word_1_358' title='bbox 2449 2537 2578 2577; x_wconf 89' lang='lat' dir='ltr'><strong>cum</strong></span> <span class='ocrx_word' id='word_1_359' title='bbox 2641 2523 2898 2589; x_wconf 87' lang='lat' dir='ltr'><strong>adversa,</strong></span> <span class='ocrx_word' id='word_1_360' title='bbox 2931 2541 3053 2595; x_wconf 87' lang='lat' dir='ltr'><strong>quae</strong></span> <span class='ocrx_word' id='word_1_361' title='bbox 3109 2527 3198 2582; x_wconf 87' lang='lat' dir='ltr'><strong>hic</strong></span> <span class='ocrx_word' id='word_1_362' title='bbox 3225 2530 3511 2594; x_wconf 85' lang='lat' dir='ltr'><strong>eveniunt,</strong></span> <span class='ocrx_word' id='word_1_363' title='bbox 3549 2533 3643 2586; x_wconf 88' lang='lat' dir='ltr'><strong>de-</strong></span> 
     </span>
    </p>
   </div>
   <div class='ocr_carea' id='block_1_46' title="bbox 325 2610 1938 2693">
    <p class='ocr_par' dir='ltr' id='par_1_46' title="bbox 325 2610 1938 2684">
     <span class='ocr_line' id='line_1_46' title="bbox 325 2610 1938 2684; baseline -0.003 -16"><span class='ocrx_word' id='word_1_364' title='bbox 325 2616 457 2681; x_wconf 78' lang='grc' dir='ltr'>ψας,</span> <span class='ocrx_word' id='word_1_365' title='bbox 495 2615 585 2668; x_wconf 78' lang='grc' dir='ltr'><strong>⁶ίνα</strong></span> <span class='ocrx_word' id='word_1_366' title='bbox 612 2615 802 2681; x_wconf 81' lang='grc' dir='ltr'>δεξιῶς</span> <span class='ocrx_word' id='word_1_367' title='bbox 829 2613 921 2681; x_wconf 82' lang='grc' dir='ltr'><strong>ὑφ’</strong></span> <span class='ocrx_word' id='word_1_368' title='bbox 946 2613 1104 2684; x_wconf 82' lang='grc' dir='ltr'>ἡμῶν</span> <span class='ocrx_word' id='word_1_369' title='bbox 1135 2615 1164 2665; x_wconf 88' lang='lat'><strong>6</strong></span> <span class='ocrx_word' id='word_1_370' title='bbox 1201 2612 1292 2675; x_wconf 82' lang='grc' dir='ltr'><strong>σὸς</strong></span> <span class='ocrx_word' id='word_1_371' title='bbox 1316 2610 1629 2680; x_wconf 85' lang='grc' dir='ltr'>περιούσιος</span> <span class='ocrx_word' id='word_1_372' title='bbox 1660 2611 1788 2673; x_wconf 83' lang='grc' dir='ltr'>λαὸς</span> <span class='ocrx_word' id='word_1_373' title='bbox 1813 2614 1938 2664; x_wconf 81' lang='grc' dir='ltr'>ἐπι-</span> 
     </span>
    </p>
   </div>
   <div class='ocr_carea' id='block_1_47' title="bbox 2027 2610 3640 2693">
    <p class='ocr_par' dir='ltr' id='par_1_47' title="bbox 2037 2614 3640 2693">
     <span class='ocr_line' id='line_1_47' title="bbox 2037 2614 3640 2693; baseline 0.006 -26"><span class='ocrx_word' id='word_1_374' title='bbox 2037 2614 2229 2678; x_wconf 92' lang='lat' dir='ltr'><strong>clinet,</strong></span> <span class='ocrx_word' id='word_1_375' title='bbox 2251 2623 2365 2668; x_wconf 92' lang='lat' dir='ltr'><strong>tum</strong></span> <span class='ocrx_word' id='word_1_376' title='bbox 2393 2615 2461 2669; x_wconf 88' lang='lat' dir='ltr'><strong>ad</strong></span> <span class='ocrx_word' id='word_1_377' title='bbox 2492 2616 2777 2671; x_wconf 70' lang='lat' dir='ltr'><strong>caelestem</strong></span> <span class='ocrx_word' id='word_1_378' title='bbox 2802 2615 3120 2672; x_wconf 84' lang='lat' dir='ltr'><strong>felicitatem</strong></span> <span class='ocrx_word' id='word_1_379' title='bbox 3152 2625 3455 2689; x_wconf 87' lang='lat' dir='ltr'><strong>perveniat,</strong></span> <span class='ocrx_word' id='word_1_380' title='bbox 3475 2638 3640 2693; x_wconf 85' lang='lat' dir='ltr'><strong>quam</strong></span> 
     </span>
    </p>
   </div>
   <div class='ocr_carea' id='block_1_48' title="bbox 327 2703 1940 2786">
    <p class='ocr_par' dir='ltr' id='par_1_48' title="bbox 327 2703 1931 2778">
     <span class='ocr_line' id='line_1_48' title="bbox 327 2703 1931 2778; baseline 0 -19"><span class='ocrx_word' id='word_1_381' title='bbox 327 2707 780 2778; x_wconf 82' lang='grc' dir='ltr'>τροπευόμενος,</span> <span class='ocrx_word' id='word_1_382' title='bbox 840 2705 937 2760; x_wconf 69' lang='grc' dir='ltr'>καὶ</span> <span class='ocrx_word' id='word_1_383' title='bbox 1012 2705 1124 2758; x_wconf 92' lang='grc' dir='ltr'><strong>τῶν</strong></span> <span class='ocrx_word' id='word_1_384' title='bbox 1197 2703 1438 2756; x_wconf 80' lang='grc' dir='ltr'>ἐνταῦθα</span> <span class='ocrx_word' id='word_1_385' title='bbox 1505 2704 1931 2774; x_wconf 83' lang='grc' dir='ltr'>συμπιπτόντων</span> 
     </span>
    </p>
   </div>
   <div class='ocr_carea' id='block_1_49' title="bbox 2030 2703 3643 2786">
    <p class='ocr_par' dir='ltr' id='par_1_49' title="bbox 2040 2706 3643 2786">
     <span class='ocr_line' id='line_1_49' title="bbox 2040 2706 3643 2786; baseline 0.006 -25"><span class='ocrx_word' id='word_1_386' title='bbox 2040 2706 2254 2761; x_wconf 88' lang='lat' dir='ltr'><strong>utinam</strong></span> <span class='ocrx_word' id='word_1_387' title='bbox 2309 2722 2724 2778; x_wconf 80' lang='lat' dir='ltr'><strong>consequamur</strong></span> <span class='ocrx_word' id='word_1_388' title='bbox 2756 2725 2948 2764; x_wconf 89' lang='lat' dir='ltr'><strong>omnes</strong></span> <span class='ocrx_word' id='word_1_389' title='bbox 2999 2713 3180 2781; x_wconf 85' lang='lat' dir='ltr'><strong>gratia</strong></span> <span class='ocrx_word' id='word_1_390' title='bbox 3201 2724 3257 2768; x_wconf 88' lang='lat' dir='ltr'><strong>et</strong></span> <span class='ocrx_word' id='word_1_391' title='bbox 3303 2715 3643 2786; x_wconf 83' lang='lat' dir='ltr'><strong>benignitate</strong></span> 
     </span>
    </p>
   </div>
   <div class='ocr_carea' id='block_1_50' title="bbox 330 2796 1943 2871">
    <p class='ocr_par' dir='ltr' id='par_1_50' title="bbox 330 2796 1932 2871">
     <span class='ocr_line' id='line_1_50' title="bbox 330 2796 1932 2871; baseline -0.001 -19"><span class='ocrx_word' id='word_1_392' title='bbox 330 2798 542 2852; x_wconf 84' lang='grc' dir='ltr'>σκαιῶν</span> <span class='ocrx_word' id='word_1_393' title='bbox 569 2799 646 2869; x_wconf 76' lang='grc' dir='ltr'>μὴ</span> <span class='ocrx_word' id='word_1_394' title='bbox 673 2797 884 2871; x_wconf 87' lang='grc' dir='ltr'>πειρῶν</span> <span class='ocrx_word' id='word_1_395' title='bbox 916 2797 1026 2851; x_wconf 82' lang='grc' dir='ltr'><strong>τῶν</strong></span> <span class='ocrx_word' id='word_1_396' title='bbox 1055 2797 1426 2868; x_wconf 79' lang='grc' dir='ltr'>πραγμάτων,</span> <span class='ocrx_word' id='word_1_397' title='bbox 1457 2797 1552 2848; x_wconf 73' lang='grc' dir='ltr'><strong>καὶ</strong></span> <span class='ocrx_word' id='word_1_398' title='bbox 1585 2796 1684 2865; x_wconf 77' lang='grc' dir='ltr'>τῆς</span> <span class='ocrx_word' id='word_1_399' title='bbox 1718 2796 1932 2850; x_wconf 77' lang='grc' dir='ltr'>ἐκεῖθεν</span> 
     </span>
    </p>
   </div>
   <div class='ocr_carea' id='block_1_51' title="bbox 2029 2796 3642 2871">
    <p class='ocr_par' dir='ltr' id='par_1_51' title="bbox 2040 2799 3642 2870">
     <span class='ocr_line' id='line_1_51' title="bbox 2040 2799 3642 2870; baseline 0.006 -19"><span class='ocrx_word' id='word_1_400' title='bbox 2040 2805 2159 2864; x_wconf 87' lang='lat' dir='ltr'><strong>tua,</strong></span> <span class='ocrx_word' id='word_1_401' title='bbox 2194 2809 2251 2851; x_wconf 92' lang='lat' dir='ltr'><strong>ut</strong></span> <span class='ocrx_word' id='word_1_402' title='bbox 2286 2799 2397 2853; x_wconf 90' lang='lat' dir='ltr'><strong>illic</strong></span> <span class='ocrx_word' id='word_1_403' title='bbox 2443 2815 2764 2870; x_wconf 87' lang='lat' dir='ltr'><strong>supremam</strong></span> <span class='ocrx_word' id='word_1_404' title='bbox 2806 2801 3152 2858; x_wconf 84' lang='lat' dir='ltr'><strong>divinitatem</strong></span> <span class='ocrx_word' id='word_1_405' title='bbox 3199 2814 3348 2859; x_wconf 88' lang='lat' dir='ltr'><strong>tuam</strong></span> <span class='ocrx_word' id='word_1_406' title='bbox 3384 2807 3642 2861; x_wconf 86' lang='lat' dir='ltr'><strong>laudibus</strong></span> 
     </span>
    </p>
   </div>
   <div class='ocr_carea' id='block_1_52' title="bbox 338 2885 1951 2961">
    <p class='ocr_par' dir='ltr' id='par_1_52' title="bbox 338 2885 1934 2961">
     <span class='ocr_line' id='line_1_52' title="bbox 338 2885 1934 2961; baseline -0.001 -18"><span class='ocrx_word' id='word_1_407' title='bbox 338 2891 605 2961; x_wconf 84' lang='grc' dir='ltr'>μετάσχοι</span> <span class='ocrx_word' id='word_1_408' title='bbox 633 2891 742 2945; x_wconf 93' lang='grc' dir='ltr'><strong>τῶν</strong></span> <span class='ocrx_word' id='word_1_409' title='bbox 793 2890 986 2956; x_wconf 83' lang='grc' dir='ltr'>δεξιῶν</span> <span class='ocrx_word' id='word_1_410' title='bbox 1022 2889 1399 2953; x_wconf 80' lang='grc' dir='ltr'>ἀπολαύσεως,</span> <span class='ocrx_word' id='word_1_411' title='bbox 1427 2885 1495 2960; x_wconf 80' lang='grc' dir='ltr'>ἦς</span> <span class='ocrx_word' id='word_1_412' title='bbox 1519 2887 1934 2958; x_wconf 83' lang='grc' dir='ltr'>ἀπολαύσαιμεν</span> 
     </span>
    </p>
   </div>
   <div class='ocr_carea' id='block_1_53' title="bbox 1146 2885 2759 2961">
    <p class='ocr_par' dir='ltr' id='par_1_53' title="bbox 1146 2885 2759 2961">
     <span class='ocr_line' id='line_1_53' title="bbox 1146 2885 2759 2961; baseline 0.004 -20"><span class='ocrx_word' id='word_1_413' title='bbox 1146 2889 1399 2953; x_wconf 56' lang='grc' dir='ltr'>καύσεως,</span> <span class='ocrx_word' id='word_1_414' title='bbox 1427 2885 1495 2960; x_wconf 78' lang='grc' dir='ltr'>ἧς</span> <span class='ocrx_word' id='word_1_415' title='bbox 1519 2887 1934 2958; x_wconf 82' lang='grc' dir='ltr'>ἀπολαύσαιμεν</span> <span class='ocrx_word' id='word_1_416' title='bbox 2040 2892 2364 2961; x_wconf 85' lang='lat' dir='ltr'><strong>perenniter</strong></span> <span class='ocrx_word' id='word_1_417' title='bbox 2389 2893 2759 2948; x_wconf 89' lang='lat' dir='ltr'><strong>cumulemus.</strong></span> 
     </span>
    </p>
   </div>
   <div class='ocr_carea' id='block_1_54' title="bbox 329 2981 3184 3058">
    <p class='ocr_par' dir='ltr' id='par_1_54' title="bbox 329 2981 3184 3058">
     <span class='ocr_line' id='line_1_54' title="bbox 329 2981 3184 3058; baseline 0.001 -16"><span class='ocrx_word' id='word_1_418' title='bbox 329 2987 578 3049; x_wconf 71' lang='grc' dir='ltr'>ἅπαντες</span> <span class='ocrx_word' id='word_1_419' title='bbox 595 2988 664 3057; x_wconf 82' lang='grc' dir='ltr'><strong>τῇ</strong></span> <span class='ocrx_word' id='word_1_420' title='bbox 707 2987 775 3057; x_wconf 81' lang='grc' dir='ltr'>σῇ</span> <span class='ocrx_word' id='word_1_421' title='bbox 822 2984 1009 3056; x_wconf 88' lang='grc' dir='ltr'>χάριτι</span> <span class='ocrx_word' id='word_1_422' title='bbox 1067 2983 1166 3037; x_wconf 72' lang='grc' dir='ltr'>καὶ</span> <span class='ocrx_word' id='word_1_423' title='bbox 1205 2981 1559 3054; x_wconf 83' lang='grc' dir='ltr'>χρηστότητι,</span> <span class='ocrx_word' id='word_1_424' title='bbox 1583 2982 1746 3034; x_wconf 84' lang='grc' dir='ltr'>κάκεῖ</span> <span class='ocrx_word' id='word_1_425' title='bbox 1770 2983 1871 3052; x_wconf 83' lang='grc' dir='ltr'><strong>τὴν</strong></span> <span class='ocrx_word' id='word_1_426' title='bbox 1895 2985 1995 3054; x_wconf 80' lang='grc' dir='ltr'>σὴν</span> <span class='ocrx_word' id='word_1_427' title='bbox 2040 2983 2360 3050; x_wconf 77' lang='grc' dir='ltr'>δοξάζοντες</span> <span class='ocrx_word' id='word_1_428' title='bbox 2385 2986 2650 3058; x_wconf 87' lang='grc' dir='ltr'>θεαρχίαν</span> <span class='ocrx_word' id='word_1_429' title='bbox 2686 2988 2768 3051; x_wconf 84' lang='grc' dir='ltr'>εἰς</span> <span class='ocrx_word' id='word_1_430' title='bbox 2795 2988 2925 3053; x_wconf 82' lang='grc' dir='ltr'>τοὺς</span> <span class='ocrx_word' id='word_1_431' title='bbox 2955 2989 3184 3054; x_wconf 82' lang='grc' dir='ltr'>αἰῶνας.</span> 
     </span>
    </p>
   </div>
   <div class='ocr_carea' id='block_1_55' title="bbox 958 3109 2571 3187">
    <p class='ocr_par' dir='ltr' id='par_1_55' title="bbox 958 3109 2004 3182">
     <span class='ocr_line' id='line_1_55' title="bbox 958 3109 2004 3182; baseline -0.011 0"><span class='ocrx_word' id='word_1_432' title='bbox 958 3129 1179 3182; x_wconf 87' lang='grc' dir='ltr'>ΛΟΓΟΣ</span> <span class='ocrx_word' id='word_1_433' title='bbox 1222 3128 1321 3181; x_wconf 77' lang='lat' dir='ltr'><strong>IA&#39;.</strong></span> <span class='ocrx_word' id='word_1_434' title='bbox 1959 3109 2004 3170; x_wconf 85' lang='lat' dir='ltr'>C</span> 
     </span>
    </p>
   </div>
   <div class='ocr_carea' id='block_1_56' title="bbox 1457 3109 3070 3187">
    <p class='ocr_par' dir='ltr' id='par_1_56' title="bbox 1959 3109 3070 3187">
     <span class='ocr_line' id='line_1_56' title="bbox 1959 3109 3070 3187; baseline 0 -3"><span class='ocrx_word' id='word_1_435' title='bbox 1959 3109 2004 3170; x_wconf 86' lang='lat' dir='ltr'>C</span> <span class='ocrx_word' id='word_1_436' title='bbox 2635 3126 2894 3186; x_wconf 69' lang='lat' dir='ltr'><strong>omne</strong></span> <span class='ocrx_word' id='word_1_437' title='bbox 2926 3129 3070 3187; x_wconf 72' lang='lat' dir='ltr'><strong>xxv.</strong></span> 
     </span>
    </p>
   </div>
   <div class='ocr_carea' id='block_1_57' title="bbox 345 3238 1958 3317">
    <p class='ocr_par' dir='ltr' id='par_1_57' title="bbox 345 3239 1932 3317">
     <span class='ocr_line' id='line_1_57' title="bbox 345 3239 1932 3317; baseline -0.004 -18"><span class='ocrx_word' id='word_1_438' title='bbox 345 3245 584 3316; x_wconf 79' lang='grc' dir='ltr'>Ὅμιλία</span> <span class='ocrx_word' id='word_1_439' title='bbox 625 3243 861 3317; x_wconf 76' lang='grc' dir='ltr'>εἰςτὴν</span> <span class='ocrx_word' id='word_1_440' title='bbox 891 3243 1181 3317; x_wconf 65' lang='grc' dir='ltr'>κοίμησιγξ</span> <span class='ocrx_word' id='word_1_441' title='bbox 1221 3239 1334 3317; x_wconf 79' lang='grc' dir='ltr'>τῆς</span> <span class='ocrx_word' id='word_1_442' title='bbox 1385 3254 1683 3317; x_wconf 64' lang='grc' dir='ltr'>παφςᾳγιας</span> <span class='ocrx_word' id='word_1_443' title='bbox 1725 3241 1932 3317; x_wconf 50' lang='lat'><strong>95076-</strong></span> 
     </span>
    </p>
   </div>
   <div class='ocr_carea' id='block_1_58' title="bbox 2032 3238 3645 3317">
    <p class='ocr_par' dir='ltr' id='par_1_58' title="bbox 2043 3238 3645 3317">
     <span class='ocr_line' id='line_1_58' title="bbox 2043 3238 3645 3317; baseline 0.006 -24"><span class='ocrx_word' id='word_1_444' title='bbox 2043 3238 2286 3317; x_wconf 71' lang='lat' dir='ltr'><strong>Ho_miti_a</strong></span> <span class='ocrx_word' id='word_1_445' title='bbox 2311 3243 2365 3294; x_wconf 83' lang='lat' dir='ltr'><strong>in</strong></span> <span class='ocrx_word' id='word_1_446' title='bbox 2387 3252 2751 3317; x_wconf 70' lang='lat' dir='ltr'><strong>sacrosancta:</strong></span> <span class='ocrx_word' id='word_1_447' title='bbox 2779 3243 3045 3317; x_wconf 68' lang='lat' dir='ltr'><strong>Deipara’,</strong></span> <span class='ocrx_word' id='word_1_448' title='bbox 3072 3261 3380 3316; x_wconf 80' lang='lat' dir='ltr'><strong>semperque</strong></span> <span class='ocrx_word' id='word_1_449' title='bbox 3419 3249 3645 3317; x_wconf 73' lang='lat' dir='ltr'><strong>virginis</strong></span> 
     </span>
    </p>
   </div>
   <div class='ocr_carea' id='block_1_59' title="bbox 408 3309 2021 3384">
    <p class='ocr_par' dir='ltr' id='par_1_59' title="bbox 408 3309 1935 3384">
     <span class='ocr_line' id='line_1_59' title="bbox 408 3309 1935 3384; baseline -0.005 -14"><span class='ocrx_word' id='word_1_450' title='bbox 408 3309 521 3370; x_wconf 69' lang='grc' dir='ltr'>ἇιου</span> <span class='ocrx_word' id='word_1_451' title='bbox 570 3309 1109 3384; x_wconf 23' lang='grc' dir='ltr'>καίίιὶειπαρρένου</span> <span class='ocrx_word' id='word_1_452' title='bbox 1159 3313 1426 3384; x_wconf 56' lang='grc' dir='ltr'>Μιιρίαςς</span> <span class='ocrx_word' id='word_1_453' title='bbox 1485 3309 1582 3362; x_wconf 85' lang='grc' dir='ltr'>ὅτε</span> <span class='ocrx_word' id='word_1_454' title='bbox 1636 3311 1755 3362; x_wconf 80' lang='grc' dir='ltr'><strong>ἀπὸ</strong></span> <span class='ocrx_word' id='word_1_455' title='bbox 1787 3309 1935 3384; x_wconf 65' lang='grc' dir='ltr'><strong>Δτῶν</strong></span> 
     </span>
    </p>
   </div>
   <div class='ocr_carea' id='block_1_60' title="bbox 2034 3309 3647 3384">
    <p class='ocr_par' dir='ltr' id='par_1_60' title="bbox 2114 3309 3647 3384">
     <span class='ocr_line' id='line_1_60' title="bbox 2114 3309 3647 3384; baseline 0.006 -21"><span class='ocrx_word' id='word_1_456' title='bbox 2114 3310 2169 3363; x_wconf 88' lang='grc' dir='ltr'><em>Μ</em></span> <span class='ocrx_word' id='word_1_457' title='bbox 2178 3315 2310 3365; x_wconf 69' lang='lat' dir='ltr'><strong>ariae</strong></span> <span class='ocrx_word' id='word_1_458' title='bbox 2345 3313 2788 3384; x_wconf 71' lang='lat' dir='ltr'><strong>obdormitiouem</strong></span> <span class='ocrx_word' id='word_1_459' title='bbox 2818 3330 2837 3368; x_wconf 88' lang='lat'><strong><em>:</em></strong></span> <span class='ocrx_word' id='word_1_460' title='bbox 2869 3309 3124 3384; x_wconf 75' lang='lat' dir='ltr'><strong>quandoe</strong></span> <span class='ocrx_word' id='word_1_461' title='bbox 3148 3309 3373 3371; x_wconf 72' lang='lat' dir='ltr'><strong>terrenis</strong></span> <span class='ocrx_word' id='word_1_462' title='bbox 3406 3309 3647 3372; x_wconf 51' lang='lat' dir='ltr'><strong>caducis-</strong></span> 
     </span>
    </p>
   </div>
   <div class='ocr_carea' id='block_1_61' title="bbox 408 3379 2021 3455">
    <p class='ocr_par' dir='ltr' id='par_1_61' title="bbox 408 3379 1934 3455">
     <span class='ocr_line' id='line_1_61' title="bbox 408 3379 1934 3455; baseline -0.005 -16"><span class='ocrx_word' id='word_1_463' title='bbox 408 3387 688 3455; x_wconf 75' lang='grc' dir='ltr'>ἐπιγείων</span> <span class='ocrx_word' id='word_1_464' title='bbox 721 3386 818 3438; x_wconf 71' lang='grc' dir='ltr'><strong>καί</strong></span> <span class='ocrx_word' id='word_1_465' title='bbox 849 3379 1170 3455; x_wconf 65' lang='grc' dir='ltr'>ἐπικήρων,</span> <span class='ocrx_word' id='word_1_466' title='bbox 1208 3383 1279 3455; x_wconf 55' lang='grc' dir='ltr'><strong>ἐν·</strong></span> <span class='ocrx_word' id='word_1_467' title='bbox 1329 3379 1461 3455; x_wconf 72' lang='grc' dir='ltr'>ταῖς</span> <span class='ocrx_word' id='word_1_468' title='bbox 1511 3379 1934 3455; x_wconf 64' lang='grc' dir='ltr'>εξαεινοτᾴτιιις</span> 
     </span>
    </p>
   </div>
   <div class='ocr_carea' id='block_1_62' title="bbox 2034 3379 3647 3455">
    <p class='ocr_par' dir='ltr' id='par_1_62' title="bbox 2112 3379 3647 3455">
     <span class='ocr_line' id='line_1_62' title="bbox 2112 3379 3647 3455; baseline 0.007 -21"><span class='ocrx_word' id='word_1_469' title='bbox 2112 3398 2230 3455; x_wconf 78' lang='lat' dir='ltr'><strong>que,</strong></span> <span class='ocrx_word' id='word_1_470' title='bbox 2279 3384 2332 3435; x_wconf 86' lang='lat' dir='ltr'><strong>in</strong></span> <span class='ocrx_word' id='word_1_471' title='bbox 2365 3383 2771 3438; x_wconf 77' lang='lat' dir='ltr'><strong>illustrissimus</strong></span> <span class='ocrx_word' id='word_1_472' title='bbox 2813 3379 2890 3436; x_wconf 66' lang='grc' dir='ltr'><strong>ρι’</strong></span> <span class='ocrx_word' id='word_1_473' title='bbox 2923 3387 3255 3440; x_wconf 81' lang='lat' dir='ltr'><strong>immortales</strong></span> <span class='ocrx_word' id='word_1_474' title='bbox 3288 3389 3537 3442; x_wconf 64' lang='lat' dir='ltr'><strong>ca’lorum</strong></span> <span class='ocrx_word' id='word_1_475' title='bbox 3572 3406 3647 3445; x_wconf 72' lang='lat' dir='ltr'><strong>se-</strong></span> 
     </span>
    </p>
   </div>
   <div class='ocr_carea' id='block_1_63' title="bbox 409 3450 2022 3526">
    <p class='ocr_par' dir='ltr' id='par_1_63' title="bbox 409 3450 1931 3524">
     <span class='ocr_line' id='line_1_63' title="bbox 409 3450 1931 3524; baseline -0.003 -13"><span class='ocrx_word' id='word_1_476' title='bbox 409 3450 527 3511; x_wconf 65' lang='grc' dir='ltr'><strong>καί</strong></span> <span class='ocrx_word' id='word_1_477' title='bbox 546 3456 873 3524; x_wconf 81' lang='grc' dir='ltr'>ἀκηράτοις</span> <span class='ocrx_word' id='word_1_478' title='bbox 903 3454 1125 3520; x_wconf 74' lang='grc' dir='ltr'>λήξεσι</span> <span class='ocrx_word' id='word_1_479' title='bbox 1167 3451 1289 3505; x_wconf 80' lang='grc' dir='ltr'>τῶν</span> <span class='ocrx_word' id='word_1_480' title='bbox 1328 3450 1606 3519; x_wconf 71' lang='grc' dir='ltr'>οὐρανῶν</span> <span class='ocrx_word' id='word_1_481' title='bbox 1648 3453 1931 3521; x_wconf 77' lang='grc' dir='ltr'>μετέστη.</span> 
     </span>
    </p>
   </div>
   <div class='ocr_carea' id='block_1_64' title="bbox 1654 3450 3267 3526">
    <p class='ocr_par' dir='ltr' id='par_1_64' title="bbox 1654 3453 3267 3526">
     <span class='ocr_line' id='line_1_64' title="bbox 1654 3453 3267 3526; baseline 0.004 -23"><span class='ocrx_word' id='word_1_482' title='bbox 1654 3453 1931 3520; x_wconf 78' lang='grc' dir='ltr'>μετέστη.</span> <span class='ocrx_word' id='word_1_483' title='bbox 2116 3453 2208 3507; x_wconf 77' lang='lat' dir='ltr'><strong>des</strong></span> <span class='ocrx_word' id='word_1_484' title='bbox 2242 3458 2511 3507; x_wconf 78' lang='lat' dir='ltr'><strong>translata</strong></span> <span class='ocrx_word' id='word_1_485' title='bbox 2541 3465 2642 3508; x_wconf 75' lang='lat' dir='ltr'><strong>est.</strong></span> <span class='ocrx_word' id='word_1_486' title='bbox 2678 3456 2914 3526; x_wconf 83' lang='lat' dir='ltr'><strong>Augusti</strong></span> <span class='ocrx_word' id='word_1_487' title='bbox 2945 3459 3150 3513; x_wconf 91' lang='lat' dir='ltr'><strong>mensis</strong></span> <span class='ocrx_word' id='word_1_488' title='bbox 3179 3458 3267 3511; x_wconf 78' lang='grc'><strong>15.</strong></span> 
     </span>
    </p>
   </div>
   <div class='ocr_carea' id='block_1_65' title="bbox 407 3526 1353 3601">
    <p class='ocr_par' dir='ltr' id='par_1_65' title="bbox 407 3526 1353 3601">
     <span class='ocr_line' id='line_1_65' title="bbox 407 3526 1353 3601; baseline -0.005 -18"><span class='ocrx_word' id='word_1_489' title='bbox 407 3529 593 3601; x_wconf 73' lang='grc' dir='ltr'>Μηνὸς</span> <span class='ocrx_word' id='word_1_490' title='bbox 621 3526 935 3596; x_wconf 77' lang='grc' dir='ltr'>Αὐγούστου</span> <span class='ocrx_word' id='word_1_491' title='bbox 969 3532 1046 3579; x_wconf 88' lang='grc' dir='ltr'>ιε’.</span> <span class='ocrx_word' id='word_1_492' title='bbox 1351 3548 1353 3550; x_wconf 92' lang='grc'><strong>·</strong></span> 
     </span>
    </p>
   </div>
   <div class='ocr_carea' id='block_1_66' title="bbox 1560 3633 2456 3706">
    <p class='ocr_par' dir='ltr' id='par_1_66' title="bbox 1560 3633 2456 3706">
     <span class='ocr_line' id='line_1_66' title="bbox 1560 3633 2456 3706; baseline -0.007 -13"><span class='ocrx_word' id='word_1_493' title='bbox 1560 3637 1820 3704; x_wconf 72' lang='lat' dir='ltr'><strong>(Coneer.</strong></span> <span class='ocrx_word' id='word_1_494' title='bbox 1857 3636 2083 3690; x_wconf 79' lang='lat' dir='ltr'><strong>Auctar.</strong></span> <span class='ocrx_word' id='word_1_495' title='bbox 2120 3634 2226 3690; x_wconf 88' lang='lat' dir='ltr'><strong>col.</strong></span> <span class='ocrx_word' id='word_1_496' title='bbox 2272 3633 2456 3706; x_wconf 63' lang='grc'><strong>1754.)</strong></span> 
     </span>
    </p>
   </div>
   <div class='ocr_carea' id='block_1_67' title="bbox 408 3730 2021 3808">
    <p class='ocr_par' dir='ltr' id='par_1_67' title="bbox 408 3733 1942 3808">
     <span class='ocr_line' id='line_1_67' title="bbox 408 3733 1942 3808; baseline -0.004 -18"><span class='ocrx_word' id='word_1_497' title='bbox 408 3736 637 3808; x_wconf 73' lang='grc' dir='ltr'>Μητρὸς</span> <span class='ocrx_word' id='word_1_498' title='bbox 673 3734 812 3788; x_wconf 78' lang='grc' dir='ltr'>Θεοῦ</span> <span class='ocrx_word' id='word_1_499' title='bbox 860 3734 1058 3806; x_wconf 80' lang='grc' dir='ltr'>ἑορτὴν</span> <span class='ocrx_word' id='word_1_500' title='bbox 1098 3734 1377 3805; x_wconf 89' lang='grc' dir='ltr'>τιμῶμεν.</span> <span class='ocrx_word' id='word_1_501' title='bbox 1418 3735 1555 3789; x_wconf 87' lang='grc' dir='ltr'>Ποία</span> <span class='ocrx_word' id='word_1_502' title='bbox 1584 3735 1811 3803; x_wconf 87' lang='grc' dir='ltr'>γλῶσσα</span> <span class='ocrx_word' id='word_1_503' title='bbox 1843 3733 1942 3804; x_wconf 81' lang='grc' dir='ltr'>τὴν</span> 
     </span>
    </p>
   </div>
   <div class='ocr_carea' id='block_1_68' title="bbox 2006 3730 3619 3808">
    <p class='ocr_par' dir='ltr' id='par_1_68' title="bbox 2124 3730 3619 3804">
     <span class='ocr_line' id='line_1_68' title="bbox 2124 3730 3619 3804; baseline 0.003 -20"><span class='ocrx_word' id='word_1_504' title='bbox 2124 3731 2218 3785; x_wconf 93' lang='lat' dir='ltr'><strong>Dei</strong></span> <span class='ocrx_word' id='word_1_505' title='bbox 2261 3731 2454 3787; x_wconf 80' lang='lat' dir='ltr'><strong>Matris</strong></span> <span class='ocrx_word' id='word_1_506' title='bbox 2502 3730 2702 3786; x_wconf 82' lang='lat' dir='ltr'><strong>fesmm</strong></span> <span class='ocrx_word' id='word_1_507' title='bbox 2753 3733 2901 3788; x_wconf 87' lang='lat' dir='ltr'><strong>diem</strong></span> <span class='ocrx_word' id='word_1_508' title='bbox 2950 3733 3314 3787; x_wconf 89' lang='lat' dir='ltr'><strong>honoramus.</strong></span> <span class='ocrx_word' id='word_1_509' title='bbox 3374 3737 3446 3786; x_wconf 82' lang='lat' dir='ltr'><strong>At</strong></span> <span class='ocrx_word' id='word_1_510' title='bbox 3496 3749 3619 3804; x_wconf 60' lang='lat' dir='ltr'><strong>qua}</strong></span> 
     </span>
    </p>
   </div>
   <div class='ocr_carea' id='block_1_69' title="bbox 331 3824 1944 3901">
    <p class='ocr_par' dir='ltr' id='par_1_69' title="bbox 331 3828 1944 3901">
     <span class='ocr_line' id='line_1_69' title="bbox 331 3828 1944 3901; baseline 0.002 -24"><span class='ocrx_word' id='word_1_511' title='bbox 331 3832 508 3901; x_wconf 74' lang='grc' dir='ltr'>τιμὴν</span> <span class='ocrx_word' id='word_1_512' title='bbox 562 3829 840 3897; x_wconf 79' lang='grc' dir='ltr'>ἐξισώσει,</span> <span class='ocrx_word' id='word_1_513' title='bbox 896 3829 1036 3898; x_wconf 84' lang='grc' dir='ltr'>πρὸς</span> <span class='ocrx_word' id='word_1_514' title='bbox 1078 3829 1178 3899; x_wconf 83' lang='grc' dir='ltr'>τὴν</span> <span class='ocrx_word' id='word_1_515' title='bbox 1226 3829 1386 3895; x_wconf 82' lang='grc' dir='ltr'>ἀξίαν</span> <span class='ocrx_word' id='word_1_516' title='bbox 1416 3829 1518 3881; x_wconf 84' lang='grc' dir='ltr'><strong>οὐκ</strong></span> <span class='ocrx_word' id='word_1_517' title='bbox 1552 3828 1810 3881; x_wconf 74' lang='grc' dir='ltr'>ἐνδέουσα</span> <span class='ocrx_word' id='word_1_518' title='bbox 1841 3829 1944 3896; x_wconf 84' lang='grc' dir='ltr'>τῆς</span> 
     </span>
    </p>
   </div>
   <div class='ocr_carea' id='block_1_70' title="bbox 2030 3824 3643 3901">
    <p class='ocr_par' dir='ltr' id='par_1_70' title="bbox 2049 3824 3643 3895">
     <span class='ocr_line' id='line_1_70' title="bbox 2049 3824 3643 3895; baseline 0.001 -19"><span class='ocrx_word' id='word_1_519' title='bbox 2049 3824 2299 3893; x_wconf 85' lang='lat' dir='ltr'><strong>qualisve</strong></span> <span class='ocrx_word' id='word_1_520' title='bbox 2353 3825 2564 3894; x_wconf 82' lang='lat' dir='ltr'><strong>lingua,</strong></span> <span class='ocrx_word' id='word_1_521' title='bbox 2619 3825 2771 3880; x_wconf 86' lang='lat' dir='ltr'><strong>illius</strong></span> <span class='ocrx_word' id='word_1_522' title='bbox 2823 3840 2944 3895; x_wconf 63' lang='lat' dir='ltr'><strong>qua:</strong></span> <span class='ocrx_word' id='word_1_523' title='bbox 2994 3826 3310 3879; x_wconf 82' lang='lat' dir='ltr'><strong>celebratur</strong></span> <span class='ocrx_word' id='word_1_524' title='bbox 3358 3824 3643 3892; x_wconf 89' lang='lat' dir='ltr'><strong>honorem,</strong></span> 
     </span>
    </p>
   </div>
   <div class='ocr_carea' id='block_1_71' title="bbox 334 3917 1947 3992">
    <p class='ocr_par' dir='ltr' id='par_1_71' title="bbox 334 3919 1938 3992">
     <span class='ocr_line' id='line_1_71' title="bbox 334 3919 1938 3992; baseline -0.004 -16"><span class='ocrx_word' id='word_1_525' title='bbox 334 3921 802 3992; x_wconf 80' lang='grc' dir='ltr'>εὐφημουμένης;</span> <span class='ocrx_word' id='word_1_526' title='bbox 839 3921 1150 3991; x_wconf 83' lang='grc' dir='ltr'>Δεσποτικὴ</span> <span class='ocrx_word' id='word_1_527' title='bbox 1187 3920 1283 3974; x_wconf 78' lang='grc' dir='ltr'><strong>καὶ</strong></span> <span class='ocrx_word' id='word_1_528' title='bbox 1313 3919 1409 3973; x_wconf 81' lang='grc' dir='ltr'>νῦν</span> <span class='ocrx_word' id='word_1_529' title='bbox 1460 3919 1762 3972; x_wconf 85' lang='grc' dir='ltr'>ὲκτελεῖται</span> <span class='ocrx_word' id='word_1_530' title='bbox 1797 3935 1938 3971; x_wconf 89' lang='grc' dir='ltr'>παν-</span> 
     </span>
    </p>
   </div>
   <div class='ocr_carea' id='block_1_72' title="bbox 2035 3917 3648 3992">
    <p class='ocr_par' dir='ltr' id='par_1_72' title="bbox 2047 3917 3648 3990">
     <span class='ocr_line' id='line_1_72' title="bbox 2047 3917 3648 3990; baseline -0.002 -16"><span class='ocrx_word' id='word_1_531' title='bbox 2047 3934 2150 3990; x_wconf 89' lang='lat' dir='ltr'><strong>pro</strong></span> <span class='ocrx_word' id='word_1_532' title='bbox 2179 3921 2352 3990; x_wconf 90' lang='lat' dir='ltr'><strong>ipsius</strong></span> <span class='ocrx_word' id='word_1_533' title='bbox 2387 3920 2652 3990; x_wconf 82' lang='lat' dir='ltr'><strong>dignitate</strong></span> <span class='ocrx_word' id='word_1_534' title='bbox 2686 3935 2750 3973; x_wconf 90' lang='lat' dir='ltr'><strong>ac</strong></span> <span class='ocrx_word' id='word_1_535' title='bbox 2787 3921 2997 3974; x_wconf 87' lang='lat' dir='ltr'><strong>meritis</strong></span> <span class='ocrx_word' id='word_1_536' title='bbox 3029 3919 3340 3987; x_wconf 57' lang='lat' dir='ltr'><strong>exaequabit</strong></span> <span class='ocrx_word' id='word_1_537' title='bbox 3367 3917 3394 3970; x_wconf 87' lang='lat'><strong>?</strong></span> <span class='ocrx_word' id='word_1_538' title='bbox 3423 3919 3490 3972; x_wconf 85' lang='lat' dir='ltr'><strong>Et</strong></span> <span class='ocrx_word' id='word_1_539' title='bbox 3514 3933 3648 3973; x_wconf 80' lang='lat' dir='ltr'><strong>vero</strong></span> 
     </span>
    </p>
   </div>
   <div class='ocr_carea' id='block_1_73' title="bbox 333 4010 1946 4087">
    <p class='ocr_par' dir='ltr' id='par_1_73' title="bbox 333 4011 1943 4087">
     <span class='ocr_line' id='line_1_73' title="bbox 333 4011 1943 4087; baseline -0.002 -21"><span class='ocrx_word' id='word_1_540' title='bbox 333 4017 539 4087; x_wconf 77' lang='grc' dir='ltr'>ήγυρις</span> <span class='ocrx_word' id='word_1_541' title='bbox 562 4030 576 4044; x_wconf 83' lang='grc'><strong><em>⁸</em></strong></span> <span class='ocrx_word' id='word_1_542' title='bbox 607 4015 643 4084; x_wconf 80' lang='grc' dir='ltr'><strong>ἡ</strong></span> <span class='ocrx_word' id='word_1_543' title='bbox 674 4014 786 4083; x_wconf 84' lang='grc' dir='ltr'>γὰρ</span> <span class='ocrx_word' id='word_1_544' title='bbox 817 4012 1038 4067; x_wconf 81' lang='grc' dir='ltr'>πάντων</span> <span class='ocrx_word' id='word_1_545' title='bbox 1066 4011 1408 4076; x_wconf 77' lang='grc' dir='ltr'>δεσπόζουσα</span> <span class='ocrx_word' id='word_1_546' title='bbox 1437 4013 1667 4084; x_wconf 90' lang='grc' dir='ltr'>χορηγεῖ</span> <span class='ocrx_word' id='word_1_547' title='bbox 1687 4011 1788 4082; x_wconf 79' lang='grc' dir='ltr'><strong>τὴν</strong></span> <span class='ocrx_word' id='word_1_548' title='bbox 1807 4011 1943 4063; x_wconf 85' lang='grc' dir='ltr'>ὑπό-</span> 
     </span>
    </p>
   </div>
   <div class='ocr_carea' id='block_1_74' title="bbox 2032 4010 3645 4087">
    <p class='ocr_par' dir='ltr' id='par_1_74' title="bbox 2038 4010 3645 4084">
     <span class='ocr_line' id='line_1_74' title="bbox 2038 4010 3645 4084; baseline 0.001 -19"><span class='ocrx_word' id='word_1_549' title='bbox 2038 4014 2153 4084; x_wconf 86' lang='lat' dir='ltr'><strong>jam</strong></span> <span class='ocrx_word' id='word_1_550' title='bbox 2191 4028 2409 4083; x_wconf 88' lang='lat' dir='ltr'><strong>quoque</strong></span> <span class='ocrx_word' id='word_1_551' title='bbox 2457 4011 2741 4066; x_wconf 85' lang='lat' dir='ltr'><strong>Dominica</strong></span> <span class='ocrx_word' id='word_1_552' title='bbox 2786 4013 2924 4075; x_wconf 88' lang='lat' dir='ltr'><strong>dies,</strong></span> <span class='ocrx_word' id='word_1_553' title='bbox 2970 4027 3034 4065; x_wconf 88' lang='lat' dir='ltr'><strong>ac</strong></span> <span class='ocrx_word' id='word_1_554' title='bbox 3080 4010 3405 4066; x_wconf 88' lang='lat' dir='ltr'><strong>solemnitas</strong></span> <span class='ocrx_word' id='word_1_555' title='bbox 3441 4012 3645 4082; x_wconf 82' lang='lat' dir='ltr'><strong>agitur.</strong></span> 
     </span>
    </p>
   </div>
   <div class='ocr_carea' id='block_1_75' title="bbox 336 4101 1949 4174">
    <p class='ocr_par' dir='ltr' id='par_1_75' title="bbox 336 4105 1939 4174">
     <span class='ocr_line' id='line_1_75' title="bbox 336 4105 1939 4174; baseline -0.002 -15"><span class='ocrx_word' id='word_1_556' title='bbox 336 4107 511 4160; x_wconf 80' lang='grc' dir='ltr'>θεσιν.</span> <span class='ocrx_word' id='word_1_557' title='bbox 549 4106 646 4168; x_wconf 80' lang='grc' dir='ltr'>Τίς</span> <span class='ocrx_word' id='word_1_558' title='bbox 676 4105 832 4174; x_wconf 80' lang='grc' dir='ltr'>λόγος</span> <span class='ocrx_word' id='word_1_559' title='bbox 855 4105 933 4174; x_wconf 87' lang='grc' dir='ltr'>τῷ</span> <span class='ocrx_word' id='word_1_560' title='bbox 957 4105 1178 4174; x_wconf 81' lang='grc' dir='ltr'>μεγέθει</span> <span class='ocrx_word' id='word_1_561' title='bbox 1208 4108 1413 4174; x_wconf 84' lang='grc' dir='ltr'>ταύτης</span> <span class='ocrx_word' id='word_1_562' title='bbox 1442 4122 1638 4158; x_wconf 87' lang='grc' dir='ltr'>συνεκτ</span> <span class='ocrx_word' id='word_1_563' title='bbox 1651 4105 1939 4174; x_wconf 82' lang='grc' dir='ltr'>αθὴσεται;</span> 
     </span>
    </p>
   </div>
   <div class='ocr_carea' id='block_1_76' title="bbox 2033 4101 3646 4174">
    <p class='ocr_par' dir='ltr' id='par_1_76' title="bbox 2044 4101 3646 4171">
     <span class='ocr_line' id='line_1_76' title="bbox 2044 4101 3646 4171; baseline -0.003 -12"><span class='ocrx_word' id='word_1_564' title='bbox 2044 4104 2177 4171; x_wconf 73' lang='lat' dir='ltr'><strong>Qua:</strong></span> <span class='ocrx_word' id='word_1_565' title='bbox 2223 4105 2428 4158; x_wconf 88' lang='lat' dir='ltr'><strong>etenim</strong></span> <span class='ocrx_word' id='word_1_566' title='bbox 2459 4105 2709 4156; x_wconf 87' lang='lat' dir='ltr'><strong>mnnium</strong></span> <span class='ocrx_word' id='word_1_567' title='bbox 2743 4103 2980 4156; x_wconf 88' lang='lat' dir='ltr'><strong>Domina</strong></span> <span class='ocrx_word' id='word_1_568' title='bbox 3011 4110 3118 4168; x_wconf 84' lang='lat' dir='ltr'><strong>est,</strong></span> <span class='ocrx_word' id='word_1_569' title='bbox 3152 4102 3206 4155; x_wconf 88' lang='lat' dir='ltr'><strong>in</strong></span> <span class='ocrx_word' id='word_1_570' title='bbox 3246 4101 3510 4171; x_wconf 58' lang='lat' dir='ltr'><strong>praesenti</strong></span> <span class='ocrx_word' id='word_1_571' title='bbox 3551 4117 3646 4155; x_wconf 80' lang='lat' dir='ltr'><strong>ar-</strong></span> 
     </span>
    </p>
   </div>
   <div class='ocr_carea' id='block_1_77' title="bbox 336 4189 1949 4269">
    <p class='ocr_par' dir='ltr' id='par_1_77' title="bbox 336 4189 1939 4269">
     <span class='ocr_line' id='line_1_77' title="bbox 336 4189 1939 4269; baseline -0.002 -16"><span class='ocrx_word' id='word_1_572' title='bbox 336 4200 406 4254; x_wconf 86' lang='grc' dir='ltr'>Εἰ</span> <span class='ocrx_word' id='word_1_573' title='bbox 435 4201 547 4269; x_wconf 85' lang='grc' dir='ltr'><strong>γὰρ</strong></span> <span class='ocrx_word' id='word_1_574' title='bbox 589 4197 686 4252; x_wconf 60' lang='grc' dir='ltr'><strong>καὶ¹</strong></span> <span class='ocrx_word' id='word_1_575' title='bbox 736 4197 828 4251; x_wconf 78' lang='grc' dir='ltr'><strong>ἐπ’</strong></span> <span class='ocrx_word' id='word_1_576' title='bbox 861 4199 1061 4263; x_wconf 81' lang='grc' dir='ltr'>ἄλλων,</span> <span class='ocrx_word' id='word_1_577' title='bbox 1093 4197 1161 4250; x_wconf 90' lang='grc' dir='ltr'>δι’</span> <span class='ocrx_word' id='word_1_578' title='bbox 1197 4197 1402 4268; x_wconf 85' lang='grc' dir='ltr'>ἀρετὴν</span> <span class='ocrx_word' id='word_1_579' title='bbox 1435 4197 1762 4267; x_wconf 75' lang='grc' dir='ltr'>εὐδοκίμων,</span> <span class='ocrx_word' id='word_1_580' title='bbox 1800 4189 1875 4250; x_wconf 86' lang='grc' dir='ltr'>ὧν</span> <span class='ocrx_word' id='word_1_581' title='bbox 1907 4197 1939 4267; x_wconf 85' lang='grc' dir='ltr'><strong>ἡ</strong></span> 
     </span>
    </p>
   </div>
   <div class='ocr_carea' id='block_1_78' title="bbox 2035 4189 3648 4269">
    <p class='ocr_par' dir='ltr' id='par_1_78' title="bbox 2048 4195 3648 4267">
     <span class='ocr_line' id='line_1_78' title="bbox 2048 4195 3648 4267; baseline 0.002 -19"><span class='ocrx_word' id='word_1_582' title='bbox 2048 4207 2371 4267; x_wconf 84' lang='lat' dir='ltr'><strong>gumentum</strong></span> <span class='ocrx_word' id='word_1_583' title='bbox 2412 4196 2751 4266; x_wconf 80' lang='lat' dir='ltr'><strong>suppeditat.</strong></span> <span class='ocrx_word' id='word_1_584' title='bbox 2791 4195 3053 4260; x_wconf 81' lang='lat' dir='ltr'><strong>Quaenam</strong></span> <span class='ocrx_word' id='word_1_585' title='bbox 3085 4196 3266 4251; x_wconf 86' lang='lat' dir='ltr'><strong>oratio</strong></span> <span class='ocrx_word' id='word_1_586' title='bbox 3295 4211 3396 4251; x_wconf 88' lang='lat' dir='ltr'><strong>sua</strong></span> <span class='ocrx_word' id='word_1_587' title='bbox 3434 4197 3648 4266; x_wconf 87' lang='lat' dir='ltr'><strong>magni-</strong></span> 
     </span>
    </p>
   </div>
   <div class='ocr_carea' id='block_1_79' title="bbox 337 4287 1950 4358">
    <p class='ocr_par' dir='ltr' id='par_1_79' title="bbox 337 4287 1941 4358">
     <span class='ocr_line' id='line_1_79' title="bbox 337 4287 1941 4358; baseline -0.002 -14"><span class='ocrx_word' id='word_1_588' title='bbox 337 4291 490 4356; x_wconf 77' lang='grc' dir='ltr'>ἀξία,</span> <span class='ocrx_word' id='word_1_589' title='bbox 523 4288 777 4342; x_wconf 85' lang='grc' dir='ltr'>τοσοῦτον</span> <span class='ocrx_word' id='word_1_590' title='bbox 811 4289 926 4358; x_wconf 74' lang='grc' dir='ltr'>ἔχει</span> <span class='ocrx_word' id='word_1_591' title='bbox 958 4289 1022 4343; x_wconf 85' lang='grc' dir='ltr'>τὸ</span> <span class='ocrx_word' id='word_1_592' title='bbox 1068 4287 1311 4353; x_wconf 78' lang='grc' dir='ltr'>ἔλαττον,</span> <span class='ocrx_word' id='word_1_593' title='bbox 1340 4290 1464 4342; x_wconf 83' lang='grc' dir='ltr'>ὅσον</span> <span class='ocrx_word' id='word_1_594' title='bbox 1491 4288 1637 4350; x_wconf 82' lang='grc' dir='ltr'>εἰκὸς</span> <span class='ocrx_word' id='word_1_595' title='bbox 1667 4288 1941 4341; x_wconf 85' lang='grc' dir='ltr'>Δεσπότου</span> 
     </span>
    </p>
   </div>
   <div class='ocr_carea' id='block_1_80' title="bbox 2036 4287 3649 4358">
    <p class='ocr_par' dir='ltr' id='par_1_80' title="bbox 2051 4287 3649 4358">
     <span class='ocr_line' id='line_1_80' title="bbox 2051 4287 3649 4358; baseline 0.002 -17"><span class='ocrx_word' id='word_1_596' title='bbox 2051 4289 2241 4342; x_wconf 84' lang='lat' dir='ltr'><strong>tudine</strong></span> <span class='ocrx_word' id='word_1_597' title='bbox 2269 4303 2333 4341; x_wconf 89' lang='lat' dir='ltr'><strong>ac</strong></span> <span class='ocrx_word' id='word_1_598' title='bbox 2363 4287 2673 4357; x_wconf 86' lang='lat' dir='ltr'><strong>granditate</strong></span> <span class='ocrx_word' id='word_1_599' title='bbox 2717 4287 2865 4342; x_wconf 90' lang='lat' dir='ltr'><strong>illius</strong></span> <span class='ocrx_word' id='word_1_600' title='bbox 2898 4303 2996 4356; x_wconf 85' lang='lat' dir='ltr'><strong>par</strong></span> <span class='ocrx_word' id='word_1_601' title='bbox 3037 4290 3143 4340; x_wconf 86' lang='lat' dir='ltr'><strong>erit</strong></span> <span class='ocrx_word' id='word_1_602' title='bbox 3186 4287 3552 4358; x_wconf 79' lang='lat' dir='ltr'><strong>magnitudini</strong></span> <span class='ocrx_word' id='word_1_603' title='bbox 3584 4303 3649 4344; x_wconf 85' lang='lat' dir='ltr'><strong>ac</strong></span> 
     </span>
    </p>
   </div>
   <div class='ocr_carea' id='block_1_81' title="bbox 336 4380 1949 4454">
    <p class='ocr_par' dir='ltr' id='par_1_81' title="bbox 336 4380 1943 4454">
     <span class='ocr_line' id='line_1_81' title="bbox 336 4380 1943 4454; baseline -0.002 -19"><span class='ocrx_word' id='word_1_604' title='bbox 336 4380 685 4454; x_wconf 62' lang='grc' dir='ltr'>ἠλαττῶσθαι</span> <span class='ocrx_word' id='word_1_605' title='bbox 719 4380 928 4448; x_wconf 76' lang='grc' dir='ltr'>δοῦλον,</span> <span class='ocrx_word' id='word_1_606' title='bbox 963 4381 1110 4450; x_wconf 85' lang='grc' dir='ltr'>ὅμως</span> <span class='ocrx_word' id='word_1_607' title='bbox 1159 4382 1193 4452; x_wconf 81' lang='grc' dir='ltr'><strong>ἡ</strong></span> <span class='ocrx_word' id='word_1_608' title='bbox 1228 4381 1322 4434; x_wconf 82' lang='grc' dir='ltr'>τοῦ</span> <span class='ocrx_word' id='word_1_609' title='bbox 1347 4380 1508 4449; x_wconf 89' lang='grc' dir='ltr'>λόγου</span> <span class='ocrx_word' id='word_1_610' title='bbox 1540 4381 1789 4450; x_wconf 79' lang='grc' dir='ltr'>εὐφημία</span> <span class='ocrx_word' id='word_1_611' title='bbox 1809 4396 1943 4434; x_wconf 87' lang='grc' dir='ltr'>κατ-</span> 
     </span>
    </p>
   </div>
   <div class='ocr_carea' id='block_1_82' title="bbox 2033 4380 3646 4454">
    <p class='ocr_par' dir='ltr' id='par_1_82' title="bbox 2049 4380 3646 4453">
     <span class='ocr_line' id='line_1_82' title="bbox 2049 4380 3646 4453; baseline 0 -18"><span class='ocrx_word' id='word_1_612' title='bbox 2049 4381 2350 4453; x_wconf 89' lang='lat' dir='ltr'><strong>granditati</strong></span> <span class='ocrx_word' id='word_1_613' title='bbox 2381 4382 2402 4434; x_wconf 88' lang='lat'><strong>?</strong></span> <span class='ocrx_word' id='word_1_614' title='bbox 2437 4380 2653 4434; x_wconf 86' lang='lat' dir='ltr'><strong>Etenim</strong></span> <span class='ocrx_word' id='word_1_615' title='bbox 2685 4381 2731 4436; x_wconf 90' lang='lat' dir='ltr'><strong>si</strong></span> <span class='ocrx_word' id='word_1_616' title='bbox 2764 4382 2820 4436; x_wconf 91' lang='lat' dir='ltr'><strong>in</strong></span> <span class='ocrx_word' id='word_1_617' title='bbox 2855 4382 2982 4436; x_wconf 88' lang='lat' dir='ltr'><strong>aliis</strong></span> <span class='ocrx_word' id='word_1_618' title='bbox 3015 4383 3086 4436; x_wconf 89' lang='lat' dir='ltr'><strong>ob</strong></span> <span class='ocrx_word' id='word_1_619' title='bbox 3117 4383 3381 4436; x_wconf 85' lang='lat' dir='ltr'><strong>virtutem</strong></span> <span class='ocrx_word' id='word_1_620' title='bbox 3415 4383 3646 4437; x_wconf 86' lang='lat' dir='ltr'><strong>illustri-</strong></span> 
     </span>
    </p>
   </div>
   <div class='ocr_carea' id='block_1_83' title="bbox 337 4473 1950 4546">
    <p class='ocr_par' dir='ltr' id='par_1_83' title="bbox 337 4473 1940 4546">
     <span class='ocr_line' id='line_1_83' title="bbox 337 4473 1940 4546; baseline -0.001 -17"><span class='ocrx_word' id='word_1_621' title='bbox 337 4477 416 4529; x_wconf 89' lang='grc' dir='ltr'>ὁπ</span> <span class='ocrx_word' id='word_1_622' title='bbox 451 4493 499 4529; x_wconf 92' lang='grc' dir='ltr'><strong>ιν</strong></span> <span class='ocrx_word' id='word_1_623' title='bbox 531 4474 775 4546; x_wconf 81' lang='grc' dir='ltr'>ἔρχεται,</span> <span class='ocrx_word' id='word_1_624' title='bbox 808 4473 860 4526; x_wconf 90' lang='grc' dir='ltr'><strong>τί</strong></span> <span class='ocrx_word' id='word_1_625' title='bbox 892 4473 1001 4545; x_wconf 85' lang='grc' dir='ltr'>χρὴ</span> <span class='ocrx_word' id='word_1_626' title='bbox 1030 4473 1220 4527; x_wconf 80' lang='grc' dir='ltr'>τοῦτον</span> <span class='ocrx_word' id='word_1_627' title='bbox 1255 4474 1473 4538; x_wconf 85' lang='grc' dir='ltr'>παθεῖν,</span> <span class='ocrx_word' id='word_1_628' title='bbox 1505 4475 1573 4546; x_wconf 79' lang='grc' dir='ltr'><strong>τῇ</strong></span> <span class='ocrx_word' id='word_1_629' title='bbox 1597 4473 1707 4527; x_wconf 89' lang='grc' dir='ltr'><strong>τῶν</strong></span> <span class='ocrx_word' id='word_1_630' title='bbox 1730 4473 1940 4545; x_wconf 83' lang='grc' dir='ltr'>ἀρετῶν</span> 
     </span>
    </p>
   </div>
   <div class='ocr_carea' id='block_1_84' title="bbox 2033 4473 3646 4546">
    <p class='ocr_par' dir='ltr' id='par_1_84' title="bbox 2047 4475 3646 4546">
     <span class='ocr_line' id='line_1_84' title="bbox 2047 4475 3646 4546; baseline 0.001 -17"><span class='ocrx_word' id='word_1_631' title='bbox 2047 4475 2192 4542; x_wconf 88' lang='lat' dir='ltr'><strong>bus,</strong></span> <span class='ocrx_word' id='word_1_632' title='bbox 2253 4475 2614 4546; x_wconf 84' lang='lat' dir='ltr'><strong>probatisque</strong></span> <span class='ocrx_word' id='word_1_633' title='bbox 2669 4475 2945 4544; x_wconf 86' lang='lat' dir='ltr'><strong>personis,</strong></span> <span class='ocrx_word' id='word_1_634' title='bbox 2999 4490 3239 4545; x_wconf 91' lang='lat' dir='ltr'><strong>quorum</strong></span> <span class='ocrx_word' id='word_1_635' title='bbox 3291 4475 3530 4546; x_wconf 87' lang='lat' dir='ltr'><strong>dignitas</strong></span> <span class='ocrx_word' id='word_1_636' title='bbox 3590 4483 3646 4530; x_wconf 88' lang='lat' dir='ltr'><strong>et</strong></span> 
     </span>
    </p>
   </div>
   <div class='ocr_carea' id='block_1_85' title="bbox 335 4567 1948 4642">
    <p class='ocr_par' dir='ltr' id='par_1_85' title="bbox 335 4569 1939 4642">
     <span class='ocr_line' id='line_1_85' title="bbox 335 4569 1939 4642; baseline -0.001 -17"><span class='ocrx_word' id='word_1_637' title='bbox 335 4571 608 4642; x_wconf 84' lang='grc' dir='ltr'>ἀκρότητι</span> <span class='ocrx_word' id='word_1_638' title='bbox 659 4571 992 4642; x_wconf 84' lang='grc' dir='ltr'>προσιόντα;</span> <span class='ocrx_word' id='word_1_639' title='bbox 1050 4570 1201 4640; x_wconf 81' lang='grc' dir='ltr'>Πλὴν</span> <span class='ocrx_word' id='word_1_640' title='bbox 1245 4571 1294 4623; x_wconf 86' lang='grc' dir='ltr'><strong>εἰ</strong></span> <span class='ocrx_word' id='word_1_641' title='bbox 1339 4574 1436 4624; x_wconf 83' lang='grc' dir='ltr'><strong>καὶ</strong></span> <span class='ocrx_word' id='word_1_642' title='bbox 1474 4571 1550 4642; x_wconf 84' lang='grc' dir='ltr'>μὴ</span> <span class='ocrx_word' id='word_1_643' title='bbox 1592 4569 1769 4636; x_wconf 71' lang='grc' dir='ltr'>ἐλπὶς,</span> <span class='ocrx_word' id='word_1_644' title='bbox 1812 4571 1939 4624; x_wconf 86' lang='grc' dir='ltr'>ὅσον</span> 
     </span>
    </p>
   </div>
   <div class='ocr_carea' id='block_1_86' title="bbox 2031 4567 3644 4642">
    <p class='ocr_par' dir='ltr' id='par_1_86' title="bbox 2046 4567 3644 4639">
     <span class='ocr_line' id='line_1_86' title="bbox 2046 4567 3644 4639; baseline 0.002 -18"><span class='ocrx_word' id='word_1_645' title='bbox 2046 4568 2372 4639; x_wconf 84' lang='lat' dir='ltr'><strong>praestantia</strong></span> <span class='ocrx_word' id='word_1_646' title='bbox 2402 4576 2554 4621; x_wconf 88' lang='lat' dir='ltr'><strong>tanto</strong></span> <span class='ocrx_word' id='word_1_647' title='bbox 2581 4575 2667 4622; x_wconf 88' lang='lat' dir='ltr'><strong>est</strong></span> <span class='ocrx_word' id='word_1_648' title='bbox 2701 4567 2904 4634; x_wconf 89' lang='lat' dir='ltr'><strong>minor,</strong></span> <span class='ocrx_word' id='word_1_649' title='bbox 2942 4579 3148 4637; x_wconf 91' lang='lat' dir='ltr'><strong>quanto</strong></span> <span class='ocrx_word' id='word_1_650' title='bbox 3181 4584 3376 4625; x_wconf 86' lang='lat' dir='ltr'><strong>servus</strong></span> <span class='ocrx_word' id='word_1_651' title='bbox 3411 4568 3644 4624; x_wconf 90' lang='lat' dir='ltr'><strong>Domino</strong></span> 
     </span>
    </p>
   </div>
   <div class='ocr_carea' id='block_1_87' title="bbox 336 4659 1949 4732">
    <p class='ocr_par' dir='ltr' id='par_1_87' title="bbox 336 4660 1938 4732">
     <span class='ocr_line' id='line_1_87' title="bbox 336 4660 1938 4732; baseline -0.002 -15"><span class='ocrx_word' id='word_1_652' title='bbox 336 4662 514 4728; x_wconf 77' lang='grc' dir='ltr'>ἄξιον,</span> <span class='ocrx_word' id='word_1_653' title='bbox 560 4661 866 4732; x_wconf 79' lang='grc' dir='ltr'>ὑπηχῆσαι,</span> <span class='ocrx_word' id='word_1_654' title='bbox 902 4660 1018 4713; x_wconf 79' lang='grc' dir='ltr'>ἀλλ’</span> <span class='ocrx_word' id='word_1_655' title='bbox 1051 4662 1214 4730; x_wconf 83' lang='grc' dir='ltr'>ἡμεῖς</span> <span class='ocrx_word' id='word_1_656' title='bbox 1265 4676 1330 4728; x_wconf 88' lang='grc' dir='ltr'><strong>γε</strong></span> <span class='ocrx_word' id='word_1_657' title='bbox 1361 4661 1677 4732; x_wconf 79' lang='grc' dir='ltr'>παρέχομεν</span> <span class='ocrx_word' id='word_1_658' title='bbox 1711 4661 1938 4723; x_wconf 80' lang='grc' dir='ltr'>ἑαυτοὺς</span> 
     </span>
    </p>
   </div>
   <div class='ocr_carea' id='block_1_88' title="bbox 2030 4659 3643 4732">
    <p class='ocr_par' dir='ltr' id='par_1_88' title="bbox 2047 4659 3643 4732">
     <span class='ocr_line' id='line_1_88' title="bbox 2047 4659 3643 4732; baseline -0.001 -15"><span class='ocrx_word' id='word_1_659' title='bbox 2047 4671 2134 4717; x_wconf 89' lang='lat' dir='ltr'><strong>est</strong></span> <span class='ocrx_word' id='word_1_660' title='bbox 2165 4660 2398 4716; x_wconf 74' lang='lat' dir='ltr'><strong>inferior</strong></span> <span class='ocrx_word' id='word_1_661' title='bbox 2427 4679 2443 4728; x_wconf 90' lang='lat'><strong>;</strong></span> <span class='ocrx_word' id='word_1_662' title='bbox 2475 4660 2608 4732; x_wconf 89' lang='lat' dir='ltr'><strong>quid</strong></span> <span class='ocrx_word' id='word_1_663' title='bbox 2650 4659 2701 4716; x_wconf 90' lang='lat' dir='ltr'><strong>ei</strong></span> <span class='ocrx_word' id='word_1_664' title='bbox 2732 4676 3024 4719; x_wconf 87' lang='lat' dir='ltr'><strong>necessum</strong></span> <span class='ocrx_word' id='word_1_665' title='bbox 3059 4669 3145 4716; x_wconf 84' lang='lat' dir='ltr'><strong>est</strong></span> <span class='ocrx_word' id='word_1_666' title='bbox 3177 4664 3420 4728; x_wconf 89' lang='lat' dir='ltr'><strong>evenire,</strong></span> <span class='ocrx_word' id='word_1_667' title='bbox 3449 4663 3541 4732; x_wconf 93' lang='lat' dir='ltr'><strong>qui</strong></span> <span class='ocrx_word' id='word_1_668' title='bbox 3576 4663 3643 4717; x_wconf 90' lang='lat' dir='ltr'><strong>ad</strong></span> 
     </span>
    </p>
   </div>
   <div class='ocr_carea' id='block_1_89' title="bbox 337 4751 1950 4826">
    <p class='ocr_par' dir='ltr' id='par_1_89' title="bbox 337 4751 1940 4826">
     <span class='ocr_line' id='line_1_89' title="bbox 337 4751 1940 4826; baseline -0.001 -18"><span class='ocrx_word' id='word_1_669' title='bbox 337 4756 424 4818; x_wconf 80' lang='grc' dir='ltr'><strong>εἰς</strong></span> <span class='ocrx_word' id='word_1_670' title='bbox 450 4753 640 4826; x_wconf 74' lang='grc' dir='ltr'>τιμὴν,</span> <span class='ocrx_word' id='word_1_671' title='bbox 679 4755 779 4825; x_wconf 83' lang='grc' dir='ltr'>τῆς</span> <span class='ocrx_word' id='word_1_672' title='bbox 826 4753 894 4806; x_wconf 80' lang='grc' dir='ltr'>δι’</span> <span class='ocrx_word' id='word_1_673' title='bbox 922 4754 987 4825; x_wconf 76' lang='grc' dir='ltr'><strong>ἡν</strong></span> <span class='ocrx_word' id='word_1_674' title='bbox 1020 4751 1304 4825; x_wconf 78' lang='grc' dir='ltr'>ἑορτάζειν</span> <span class='ocrx_word' id='word_1_675' title='bbox 1344 4751 1632 4822; x_wconf 77' lang='grc' dir='ltr'>ἡξιώμεθα</span> <span class='ocrx_word' id='word_1_676' title='bbox 1663 4751 1940 4822; x_wconf 80' lang='grc' dir='ltr'>λελυτρω-</span> 
     </span>
    </p>
   </div>
   <div class='ocr_carea' id='block_1_90' title="bbox 2034 4751 3647 4826">
    <p class='ocr_par' dir='ltr' id='par_1_90' title="bbox 2050 4751 3647 4808">
     <span class='ocr_line' id='line_1_90' title="bbox 2050 4751 3647 4808; baseline -0.001 0"><span class='ocrx_word' id='word_1_677' title='bbox 2050 4753 2299 4808; x_wconf 89' lang='lat' dir='ltr'><strong>omnium</strong></span> <span class='ocrx_word' id='word_1_678' title='bbox 2340 4753 2610 4807; x_wconf 89' lang='lat' dir='ltr'><strong>virtutum</strong></span> <span class='ocrx_word' id='word_1_679' title='bbox 2642 4753 2864 4807; x_wconf 87' lang='lat' dir='ltr'><strong>culmen</strong></span> <span class='ocrx_word' id='word_1_680' title='bbox 2895 4753 3162 4806; x_wconf 78' lang='lat' dir='ltr'><strong>accedit?</strong></span> <span class='ocrx_word' id='word_1_681' title='bbox 3207 4751 3481 4808; x_wconf 67' lang='lat' dir='ltr'><strong>Caeterum</strong></span> <span class='ocrx_word' id='word_1_682' title='bbox 3519 4754 3647 4808; x_wconf 85' lang='lat' dir='ltr'><strong>licet</strong></span> 
     </span>
    </p>
   </div>
   <div class='ocr_carea' id='block_1_91' title="bbox 342 4843 1955 4918">
    <p class='ocr_par' dir='ltr' id='par_1_91' title="bbox 342 4843 1936 4918">
     <span class='ocr_line' id='line_1_91' title="bbox 342 4843 1936 4918; baseline -0.003 -17"><span class='ocrx_word' id='word_1_683' title='bbox 342 4847 498 4918; x_wconf 82' lang='grc' dir='ltr'>μένοι</span> <span class='ocrx_word' id='word_1_684' title='bbox 546 4847 647 4918; x_wconf 80' lang='grc' dir='ltr'>τῆς</span> <span class='ocrx_word' id='word_1_685' title='bbox 679 4847 936 4917; x_wconf 86' lang='grc' dir='ltr'>ἀνεόρτου</span> <span class='ocrx_word' id='word_1_686' title='bbox 970 4845 1276 4916; x_wconf 83' lang='grc' dir='ltr'>κατηφείας</span> <span class='ocrx_word' id='word_1_687' title='bbox 1308 4845 1401 4898; x_wconf 78' lang='grc' dir='ltr'><strong>καί</strong></span> <span class='ocrx_word' id='word_1_688' title='bbox 1439 4843 1898 4914; x_wconf 80' lang='grc' dir='ltr'>σκυθρωπότητος</span> <span class='ocrx_word' id='word_1_689' title='bbox 1920 4859 1936 4874; x_wconf 88' lang='grc'><strong>·</strong></span> 
     </span>
    </p>
   </div>
   <div class='ocr_carea' id='block_1_92' title="bbox 2035 4843 3648 4918">
    <p class='ocr_par' dir='ltr' id='par_1_92' title="bbox 2050 4844 3648 4916">
     <span class='ocr_line' id='line_1_92' title="bbox 2050 4844 3648 4916; baseline 0.003 -18"><span class='ocrx_word' id='word_1_690' title='bbox 2050 4845 2336 4914; x_wconf 88' lang='lat' dir='ltr'><strong>dignitatis</strong></span> <span class='ocrx_word' id='word_1_691' title='bbox 2387 4853 2552 4900; x_wconf 71' lang='lat' dir='ltr'><strong>tanta:</strong></span> <span class='ocrx_word' id='word_1_692' title='bbox 2600 4844 2836 4900; x_wconf 90' lang='lat' dir='ltr'><strong>dicendo</strong></span> <span class='ocrx_word' id='word_1_693' title='bbox 2883 4844 3257 4915; x_wconf 61' lang='lat' dir='ltr'><strong>adatquandm,</strong></span> <span class='ocrx_word' id='word_1_694' title='bbox 3317 4846 3466 4901; x_wconf 90' lang='lat' dir='ltr'><strong>nulla</strong></span> <span class='ocrx_word' id='word_1_695' title='bbox 3520 4861 3648 4916; x_wconf 87' lang='lat' dir='ltr'><strong>spes</strong></span> 
     </span>
    </p>
   </div>
   <div class='ocr_carea' id='block_1_93' title="bbox 339 4936 1952 5014">
    <p class='ocr_par' dir='ltr' id='par_1_93' title="bbox 339 4936 1938 5014">
     <span class='ocr_line' id='line_1_93' title="bbox 339 4936 1938 5014; baseline -0.005 -18"><span class='ocrx_word' id='word_1_696' title='bbox 339 4942 574 5014; x_wconf 80' lang='grc' dir='ltr'>παρέξει</span> <span class='ocrx_word' id='word_1_697' title='bbox 614 4942 671 4994; x_wconf 80' lang='grc' dir='ltr'><strong>δὲ</strong></span> <span class='ocrx_word' id='word_1_698' title='bbox 707 4941 800 4994; x_wconf 78' lang='grc' dir='ltr'>τὸν</span> <span class='ocrx_word' id='word_1_699' title='bbox 849 4940 1047 5009; x_wconf 85' lang='grc' dir='ltr'>λόγον,</span> <span class='ocrx_word' id='word_1_700' title='bbox 1095 4940 1279 4992; x_wconf 82' lang='grc' dir='ltr'>ὁποῖον</span> <span class='ocrx_word' id='word_1_701' title='bbox 1322 4938 1417 4992; x_wconf 82' lang='grc' dir='ltr'><strong>καί</strong></span> <span class='ocrx_word' id='word_1_702' title='bbox 1457 4937 1644 5008; x_wconf 84' lang='grc' dir='ltr'>ἡλίκον</span> <span class='ocrx_word' id='word_1_703' title='bbox 1687 4937 1755 4990; x_wconf 85' lang='grc' dir='ltr'>ἂν</span> <span class='ocrx_word' id='word_1_704' title='bbox 1813 4936 1938 5007; x_wconf 81' lang='grc' dir='ltr'>βού-</span> 
     </span>
    </p>
   </div>
   <div class='ocr_carea' id='block_1_94' title="bbox 2035 4936 3648 5014">
    <p class='ocr_par' dir='ltr' id='par_1_94' title="bbox 2049 4938 3648 5009">
     <span class='ocr_line' id='line_1_94' title="bbox 2049 4938 3648 5009; baseline 0.002 -17"><span class='ocrx_word' id='word_1_705' title='bbox 2049 4946 2328 5008; x_wconf 86' lang='lat' dir='ltr'><strong>suppetat,</strong></span> <span class='ocrx_word' id='word_1_706' title='bbox 2396 4938 2756 4994; x_wconf 85' lang='lat' dir='ltr'><strong>nihilominus</strong></span> <span class='ocrx_word' id='word_1_707' title='bbox 2783 4938 2906 5009; x_wconf 90' lang='lat' dir='ltr'><strong>ejus</strong></span> <span class='ocrx_word' id='word_1_708' title='bbox 2936 4954 3038 4995; x_wconf 90' lang='lat' dir='ltr'><strong>nos</strong></span> <span class='ocrx_word' id='word_1_709' title='bbox 3075 4939 3270 4995; x_wconf 90' lang='lat' dir='ltr'><strong>honori</strong></span> <span class='ocrx_word' id='word_1_710' title='bbox 3301 4938 3648 4995; x_wconf 85' lang='lat' dir='ltr'><strong>decantando</strong></span> 
     </span>
    </p>
   </div>
   <div class='ocr_carea' id='block_1_95' title="bbox 337 5028 1950 5106">
    <p class='ocr_par' dir='ltr' id='par_1_95' title="bbox 337 5029 1936 5106">
     <span class='ocr_line' id='line_1_95' title="bbox 337 5029 1936 5106; baseline -0.003 -18"><span class='ocrx_word' id='word_1_711' title='bbox 337 5035 527 5104; x_wconf 87' lang='grc' dir='ltr'>ληται,</span> <span class='ocrx_word' id='word_1_712' title='bbox 557 5036 586 5088; x_wconf 92' lang='lat'><strong>6</strong></span> <span class='ocrx_word' id='word_1_713' title='bbox 618 5033 960 5106; x_wconf 86' lang='grc' dir='ltr'>χρηματίσαι</span> <span class='ocrx_word' id='word_1_714' title='bbox 985 5031 1192 5102; x_wconf 86' lang='grc' dir='ltr'>ταύτης</span> <span class='ocrx_word' id='word_1_715' title='bbox 1219 5031 1346 5094; x_wconf 79' lang='grc' dir='ltr'>Υἱὸς</span> <span class='ocrx_word' id='word_1_716' title='bbox 1400 5029 1701 5101; x_wconf 81' lang='grc' dir='ltr'>εὐδοκήσας</span> <span class='ocrx_word' id='word_1_717' title='bbox 1741 5029 1936 5098; x_wconf 84' lang='grc' dir='ltr'>Λόγος.</span> 
     </span>
    </p>
   </div>
   <div class='ocr_carea' id='block_1_96' title="bbox 2036 5028 3649 5106">
    <p class='ocr_par' dir='ltr' id='par_1_96' title="bbox 2048 5028 3649 5100">
     <span class='ocr_line' id='line_1_96' title="bbox 2048 5028 3649 5100; baseline 0.002 -19"><span class='ocrx_word' id='word_1_718' title='bbox 2048 5028 2456 5097; x_wconf 86' lang='lat' dir='ltr'><strong>impendamus,</strong></span> <span class='ocrx_word' id='word_1_719' title='bbox 2507 5029 2670 5100; x_wconf 85' lang='lat' dir='ltr'><strong>cujus</strong></span> <span class='ocrx_word' id='word_1_720' title='bbox 2725 5029 2999 5084; x_wconf 82' lang='lat' dir='ltr'><strong>beneﬁcio</strong></span> <span class='ocrx_word' id='word_1_721' title='bbox 3051 5031 3202 5085; x_wconf 89' lang='lat' dir='ltr'><strong>hunc</strong></span> <span class='ocrx_word' id='word_1_722' title='bbox 3255 5029 3454 5085; x_wconf 83' lang='lat' dir='ltr'><strong>festum</strong></span> <span class='ocrx_word' id='word_1_723' title='bbox 3501 5028 3649 5085; x_wconf 85' lang='lat' dir='ltr'><strong>diem</strong></span> 
     </span>
    </p>
   </div>
   <div class='ocr_carea' id='block_1_97' title="bbox 353 5121 1966 5196">
    <p class='ocr_par' dir='ltr' id='par_1_97' title="bbox 353 5121 1784 5196">
     <span class='ocr_line' id='line_1_97' title="bbox 353 5121 1784 5196; baseline -0.007 -14"><span class='ocrx_word' id='word_1_724' title='bbox 353 5127 520 5182; x_wconf 82' lang='grc' dir='ltr'><strong>Ἀλλά</strong></span> <span class='ocrx_word' id='word_1_725' title='bbox 551 5126 605 5180; x_wconf 87' lang='grc' dir='ltr'><strong>τί</strong></span> <span class='ocrx_word' id='word_1_726' title='bbox 627 5125 688 5180; x_wconf 83' lang='grc' dir='ltr'>τὸ</span> <span class='ocrx_word' id='word_1_727' title='bbox 712 5125 1074 5196; x_wconf 87' lang='grc' dir='ltr'>τελούμενον;</span> <span class='ocrx_word' id='word_1_728' title='bbox 1109 5124 1174 5177; x_wconf 90' lang='grc' dir='ltr'>Τί</span> <span class='ocrx_word' id='word_1_729' title='bbox 1207 5124 1265 5178; x_wconf 83' lang='grc' dir='ltr'><strong>δὲ</strong></span> <span class='ocrx_word' id='word_1_730' title='bbox 1298 5121 1784 5194; x_wconf 78' lang='grc' dir='ltr'>πανηγυρίζομεν;</span> 
     </span>
    </p>
   </div>
   <div class='ocr_carea' id='block_1_98' title="bbox 2040 5121 3653 5196">
    <p class='ocr_par' dir='ltr' id='par_1_98' title="bbox 2055 5121 3653 5194">
     <span class='ocr_line' id='line_1_98' title="bbox 2055 5121 3653 5194; baseline 0.003 -20"><span class='ocrx_word' id='word_1_731' title='bbox 2055 5121 2302 5187; x_wconf 87' lang='lat' dir='ltr'><strong>obimus,</strong></span> <span class='ocrx_word' id='word_1_732' title='bbox 2334 5121 2550 5176; x_wconf 88' lang='lat' dir='ltr'><strong>liberati</strong></span> <span class='ocrx_word' id='word_1_733' title='bbox 2592 5135 2623 5175; x_wconf 96' lang='lat' dir='ltr'><strong>a</strong></span> <span class='ocrx_word' id='word_1_734' title='bbox 2667 5136 2778 5176; x_wconf 92' lang='lat' dir='ltr'><strong>non</strong></span> <span class='ocrx_word' id='word_1_735' title='bbox 2811 5121 2976 5188; x_wconf 81' lang='lat' dir='ltr'><strong>festa,</strong></span> <span class='ocrx_word' id='word_1_736' title='bbox 3008 5122 3259 5192; x_wconf 83' lang='lat' dir='ltr'><strong>nihilque</strong></span> <span class='ocrx_word' id='word_1_737' title='bbox 3283 5123 3653 5194; x_wconf 75' lang='lat' dir='ltr'><strong>iucunditatis</strong></span> 
     </span>
    </p>
   </div>
   <div class='ocr_carea' id='block_1_99' title="bbox 339 5218 3650 5292">
    <p class='ocr_par' dir='ltr' id='par_1_99' title="bbox 339 5218 3650 5292">
     <span class='ocr_line' id='line_1_99' title="bbox 339 5218 3650 5292; baseline -0.002 -12"><span class='ocrx_word' id='word_1_738' title='bbox 339 5226 605 5290; x_wconf 81' lang='lat' dir='ltr'><strong>liabente,</strong></span> <span class='ocrx_word' id='word_1_739' title='bbox 631 5221 882 5279; x_wconf 85' lang='lat' dir='ltr'><strong>tristitia.</strong></span> <span class='ocrx_word' id='word_1_740' title='bbox 918 5221 1192 5278; x_wconf 68' lang='lat' dir='ltr'><strong>Prtebebit</strong></span> <span class='ocrx_word' id='word_1_741' title='bbox 1222 5236 1377 5285; x_wconf 87' lang='lat' dir='ltr'><strong>vero,</strong></span> <span class='ocrx_word' id='word_1_742' title='bbox 1410 5229 1776 5292; x_wconf 84' lang='lat' dir='ltr'><strong>suggeretque</strong></span> <span class='ocrx_word' id='word_1_743' title='bbox 1809 5218 2145 5285; x_wconf 87' lang='lat' dir='ltr'><strong>orationem,</strong></span> <span class='ocrx_word' id='word_1_744' title='bbox 2209 5219 2430 5289; x_wconf 89' lang='lat' dir='ltr'><strong>qualem</strong></span> <span class='ocrx_word' id='word_1_745' title='bbox 2476 5227 2855 5292; x_wconf 89' lang='lat' dir='ltr'><strong>quantamque</strong></span> <span class='ocrx_word' id='word_1_746' title='bbox 2912 5220 3174 5287; x_wconf 83' lang='lat' dir='ltr'><strong>voluerit,</strong></span> <span class='ocrx_word' id='word_1_747' title='bbox 3231 5218 3501 5284; x_wconf 80' lang='lat' dir='ltr'><strong>Verbum,</strong></span> <span class='ocrx_word' id='word_1_748' title='bbox 3553 5219 3650 5274; x_wconf 89' lang='lat' dir='ltr'><strong>cui</strong></span> 
     </span>
    </p>
   </div>
   <div class='ocr_carea' id='block_1_100' title="bbox 340 5311 3653 5392">
    <p class='ocr_par' dir='ltr' id='par_1_100' title="bbox 340 5311 3653 5392">
     <span class='ocr_line' id='line_1_100' title="bbox 340 5311 3653 5392; baseline -0.001 -22"><span class='ocrx_word' id='word_1_749' title='bbox 340 5319 575 5392; x_wconf 85' lang='lat' dir='ltr'><strong>placuit,</strong></span> <span class='ocrx_word' id='word_1_750' title='bbox 615 5333 682 5372; x_wconf 88' lang='lat' dir='ltr'><strong>ac</strong></span> <span class='ocrx_word' id='word_1_751' title='bbox 705 5317 889 5374; x_wconf 85' lang='lat' dir='ltr'><strong>visum</strong></span> <span class='ocrx_word' id='word_1_752' title='bbox 923 5323 1010 5372; x_wconf 86' lang='lat' dir='ltr'><strong>est</strong></span> <span class='ocrx_word' id='word_1_753' title='bbox 1039 5323 1100 5369; x_wconf 89' lang='lat' dir='ltr'><strong>ut</strong></span> <span class='ocrx_word' id='word_1_754' title='bbox 1127 5314 1250 5386; x_wconf 91' lang='lat' dir='ltr'><strong>ejus</strong></span> <span class='ocrx_word' id='word_1_755' title='bbox 1283 5313 1462 5370; x_wconf 84' lang='lat' dir='ltr'><strong>Filius</strong></span> <span class='ocrx_word' id='word_1_756' title='bbox 1492 5321 1662 5369; x_wconf 89' lang='lat' dir='ltr'><strong>esset.</strong></span> <span class='ocrx_word' id='word_1_757' title='bbox 1701 5314 1792 5380; x_wconf 84' lang='lat' dir='ltr'><strong>At,</strong></span> <span class='ocrx_word' id='word_1_758' title='bbox 1824 5327 1950 5384; x_wconf 70' lang='lat' dir='ltr'><strong>quae</strong></span> <span class='ocrx_word' id='word_1_759' title='bbox 1981 5320 2067 5369; x_wconf 87' lang='lat' dir='ltr'><strong>est</strong></span> <span class='ocrx_word' id='word_1_760' title='bbox 2094 5311 2223 5368; x_wconf 81' lang='lat' dir='ltr'><strong>festi</strong></span> <span class='ocrx_word' id='word_1_761' title='bbox 2261 5312 2430 5383; x_wconf 88' lang='lat' dir='ltr'><strong>hujus</strong></span> <span class='ocrx_word' id='word_1_762' title='bbox 2460 5313 2756 5369; x_wconf 87' lang='lat' dir='ltr'><strong>celebritas</strong></span> <span class='ocrx_word' id='word_1_763' title='bbox 2783 5314 2806 5368; x_wconf 85' lang='lat'><strong>?</strong></span> <span class='ocrx_word' id='word_1_764' title='bbox 2838 5313 2984 5380; x_wconf 88' lang='lat' dir='ltr'><strong>Quid</strong></span> <span class='ocrx_word' id='word_1_765' title='bbox 3042 5323 3320 5368; x_wconf 79' lang='lat' dir='ltr'><strong>conventu</strong></span> <span class='ocrx_word' id='word_1_766' title='bbox 3382 5311 3491 5367; x_wconf 88' lang='lat' dir='ltr'><strong>hoc</strong></span> <span class='ocrx_word' id='word_1_767' title='bbox 3550 5327 3653 5384; x_wconf 88' lang='lat' dir='ltr'><strong>pu-</strong></span> 
     </span>
    </p>
   </div>
   <div class='ocr_carea' id='block_1_101' title="bbox 340 5413 1953 5577">
    <p class='ocr_par' dir='ltr' id='par_1_101' title="bbox 340 5413 1942 5577">
     <span class='ocr_line' id='line_1_101' title="bbox 340 5413 911 5472; baseline -0.011 0"><span class='ocrx_word' id='word_1_768' title='bbox 340 5417 489 5472; x_wconf 85' lang='lat' dir='ltr'><strong>blice</strong></span> <span class='ocrx_word' id='word_1_769' title='bbox 519 5413 911 5469; x_wconf 77' lang='lat' dir='ltr'><strong>celebramus?</strong></span> 
     </span>
     <span class='ocr_line' id='line_1_102' title="bbox 384 5495 1942 5577; baseline -0.008 -17"><span class='ocrx_word' id='word_1_770' title='bbox 384 5548 388 5550; x_wconf 86' lang='grc'><strong>-</strong></span> <span class='ocrx_word' id='word_1_771' title='bbox 427 5505 495 5559; x_wconf 85' lang='grc' dir='ltr'><strong>Ἦ</strong></span> <span class='ocrx_word' id='word_1_772' title='bbox 523 5505 716 5577; x_wconf 85' lang='grc' dir='ltr'>πρώην</span> <span class='ocrx_word' id='word_1_773' title='bbox 746 5501 1062 5575; x_wconf 81' lang='grc' dir='ltr'>ἐκδημοῦσα</span> <span class='ocrx_word' id='word_1_774' title='bbox 1087 5499 1196 5554; x_wconf 89' lang='grc' dir='ltr'><strong>τῶν</strong></span> <span class='ocrx_word' id='word_1_775' title='bbox 1220 5499 1364 5570; x_wconf 83' lang='grc' dir='ltr'>ὅρων</span> <span class='ocrx_word' id='word_1_776' title='bbox 1396 5497 1498 5569; x_wconf 84' lang='grc' dir='ltr'>τῆς</span> <span class='ocrx_word' id='word_1_777' title='bbox 1524 5495 1747 5568; x_wconf 84' lang='grc' dir='ltr'>φύσεως</span> <span class='ocrx_word' id='word_1_778' title='bbox 1776 5498 1836 5552; x_wconf 85' lang='grc' dir='ltr'>ὲν</span> <span class='ocrx_word' id='word_1_779' title='bbox 1862 5496 1942 5569; x_wconf 83' lang='grc' dir='ltr'><strong>τῷ</strong></span> 
     </span>
    </p>
   </div>
   <div class='ocr_carea' id='block_1_102' title="bbox 2034 5413 3647 5577">
    <p class='ocr_par' dir='ltr' id='par_1_102' title="bbox 2120 5492 3647 5566">
     <span class='ocr_line' id='line_1_103' title="bbox 2120 5492 3647 5566; baseline 0.001 -16"><span class='ocrx_word' id='word_1_780' title='bbox 2120 5496 2254 5562; x_wconf 67' lang='lat' dir='ltr'><strong>Quae</strong></span> <span class='ocrx_word' id='word_1_781' title='bbox 2285 5493 2498 5566; x_wconf 87' lang='lat' dir='ltr'><strong>pridem</strong></span> <span class='ocrx_word' id='word_1_782' title='bbox 2538 5504 2752 5550; x_wconf 65' lang='lat' dir='ltr'><strong>natura:</strong></span> <span class='ocrx_word' id='word_1_783' title='bbox 2785 5494 3057 5549; x_wconf 87' lang='lat' dir='ltr'><strong>terminos</strong></span> <span class='ocrx_word' id='word_1_784' title='bbox 3095 5492 3312 5549; x_wconf 88' lang='lat' dir='ltr'><strong>meliori</strong></span> <span class='ocrx_word' id='word_1_785' title='bbox 3345 5508 3512 5564; x_wconf 88' lang='lat' dir='ltr'><strong>quam</strong></span> <span class='ocrx_word' id='word_1_786' title='bbox 3547 5504 3647 5565; x_wconf 85' lang='lat' dir='ltr'><strong>pro</strong></span> 
     </span>
    </p>
   </div>
   <div class='ocr_carea' id='block_1_103' title="bbox 342 5587 1955 5674">
    <p class='ocr_par' dir='ltr' id='par_1_103' title="bbox 342 5590 1944 5674">
     <span class='ocr_line' id='line_1_104' title="bbox 342 5590 1944 5674; baseline -0.006 -21"><span class='ocrx_word' id='word_1_787' title='bbox 342 5601 598 5674; x_wconf 85' lang='grc' dir='ltr'>κρεῖττον</span> <span class='ocrx_word' id='word_1_788' title='bbox 635 5597 670 5669; x_wconf 74' lang='grc' dir='ltr'>ἢ</span> <span class='ocrx_word' id='word_1_789' title='bbox 721 5595 866 5651; x_wconf 82' lang='grc' dir='ltr'>κατὰ</span> <span class='ocrx_word' id='word_1_790' title='bbox 925 5593 1177 5666; x_wconf 82' lang='grc' dir='ltr'>βούλημα</span> <span class='ocrx_word' id='word_1_791' title='bbox 1225 5590 1377 5646; x_wconf 88' lang='grc' dir='ltr'>κύειν</span> <span class='ocrx_word' id='word_1_792' title='bbox 1405 5593 1507 5661; x_wconf 80' lang='grc' dir='ltr'>τῆς</span> <span class='ocrx_word' id='word_1_793' title='bbox 1557 5591 1796 5660; x_wconf 87' lang='grc' dir='ltr'>φύσεως,</span> <span class='ocrx_word' id='word_1_794' title='bbox 1846 5591 1944 5645; x_wconf 80' lang='grc' dir='ltr'><strong>νῦν</strong></span> 
     </span>
    </p>
   </div>
   <div class='ocr_carea' id='block_1_104' title="bbox 2037 5587 3650 5674">
    <p class='ocr_par' dir='ltr' id='par_1_104' title="bbox 2051 5587 3650 5661">
     <span class='ocr_line' id='line_1_105' title="bbox 2051 5587 3650 5661; baseline -0.001 -17"><span class='ocrx_word' id='word_1_795' title='bbox 2051 5601 2264 5645; x_wconf 72' lang='lat' dir='ltr'><strong>natura:</strong></span> <span class='ocrx_word' id='word_1_796' title='bbox 2287 5590 2506 5644; x_wconf 89' lang='lat' dir='ltr'><strong>ratione</strong></span> <span class='ocrx_word' id='word_1_797' title='bbox 2525 5599 2802 5661; x_wconf 90' lang='lat' dir='ltr'><strong>conceptu</strong></span> <span class='ocrx_word' id='word_1_798' title='bbox 2831 5587 3187 5652; x_wconf 79' lang='lat' dir='ltr'><strong>excessisset,</strong></span> <span class='ocrx_word' id='word_1_799' title='bbox 3209 5601 3358 5642; x_wconf 87' lang='lat' dir='ltr'><strong>nunc</strong></span> <span class='ocrx_word' id='word_1_800' title='bbox 3381 5588 3650 5658; x_wconf 85' lang='lat' dir='ltr'><strong>quemad-</strong></span> 
     </span>
    </p>
   </div>
   <div class='ocr_carea' id='block_1_105' title="bbox 343 5679 1956 5760">
    <p class='ocr_par' dir='ltr' id='par_1_105' title="bbox 343 5683 1945 5760">
     <span class='ocr_line' id='line_1_106' title="bbox 343 5683 1945 5760; baseline -0.007 -12"><span class='ocrx_word' id='word_1_801' title='bbox 343 5691 534 5756; x_wconf 82' lang='grc' dir='ltr'>καθὼς</span> <span class='ocrx_word' id='word_1_802' title='bbox 562 5693 594 5745; x_wconf 87' lang='lat'><strong>6</strong></span> <span class='ocrx_word' id='word_1_803' title='bbox 639 5690 856 5760; x_wconf 72' lang='grc' dir='ltr'>ἐκείνης</span> <span class='ocrx_word' id='word_1_804' title='bbox 901 5686 1153 5760; x_wconf 82' lang='grc' dir='ltr'>βούλεται</span> <span class='ocrx_word' id='word_1_805' title='bbox 1192 5685 1380 5756; x_wconf 84' lang='grc' dir='ltr'>νόμος,</span> <span class='ocrx_word' id='word_1_806' title='bbox 1411 5684 1515 5757; x_wconf 83' lang='grc' dir='ltr'>τῆς</span> <span class='ocrx_word' id='word_1_807' title='bbox 1547 5683 1737 5738; x_wconf 81' lang='grc' dir='ltr'>ὲνύλου</span> <span class='ocrx_word' id='word_1_808' title='bbox 1774 5683 1945 5754; x_wconf 79' lang='grc' dir='ltr'>ζωῆς,</span> 
     </span>
    </p>
   </div>
   <div class='ocr_carea' id='block_1_106' title="bbox 2036 5679 3649 5760">
    <p class='ocr_par' dir='ltr' id='par_1_106' title="bbox 2053 5679 3649 5752">
     <span class='ocr_line' id='line_1_107' title="bbox 2053 5679 3649 5752; baseline -0.001 -16"><span class='ocrx_word' id='word_1_809' title='bbox 2053 5683 2280 5738; x_wconf 88' lang='lat' dir='ltr'><strong>modum</strong></span> <span class='ocrx_word' id='word_1_810' title='bbox 2323 5690 2535 5737; x_wconf 52' lang='lat' dir='ltr'><strong>natura).</strong></span> <span class='ocrx_word' id='word_1_811' title='bbox 2578 5681 2827 5752; x_wconf 81' lang='lat' dir='ltr'><strong>ejusdem</strong></span> <span class='ocrx_word' id='word_1_812' title='bbox 2859 5682 2945 5736; x_wconf 76' lang='lat' dir='ltr'><strong>lex</strong></span> <span class='ocrx_word' id='word_1_813' title='bbox 2981 5679 3172 5750; x_wconf 80' lang='lat' dir='ltr'><strong>exigit,</strong></span> <span class='ocrx_word' id='word_1_814' title='bbox 3205 5695 3237 5733; x_wconf 89' lang='lat' dir='ltr'><strong>a</strong></span> <span class='ocrx_word' id='word_1_815' title='bbox 3279 5679 3546 5736; x_wconf 82' lang='lat' dir='ltr'><strong>materiali</strong></span> <span class='ocrx_word' id='word_1_816' title='bbox 3583 5695 3649 5735; x_wconf 86' lang='lat' dir='ltr'><strong>ac</strong></span> 
     </span>
    </p>
   </div>
   <div class='ocr_carea' id='block_1_107' title="bbox 341 5771 1954 5865">
    <p class='ocr_par' dir='ltr' id='par_1_107' title="bbox 341 5777 1944 5861">
     <span class='ocr_line' id='line_1_108' title="bbox 341 5777 1944 5861; baseline -0.003 -23"><span class='ocrx_word' id='word_1_817' title='bbox 341 5785 579 5857; x_wconf 64' lang='grc' dir='ltr'>ἐκδημεῖ</span> <span class='ocrx_word' id='word_1_818' title='bbox 599 5781 738 5856; x_wconf 80' lang='grc' dir='ltr'>πρὸς</span> <span class='ocrx_word' id='word_1_819' title='bbox 763 5783 865 5855; x_wconf 73' lang='grc' dir='ltr'>τὴν</span> <span class='ocrx_word' id='word_1_820' title='bbox 891 5780 1078 5838; x_wconf 82' lang='grc' dir='ltr'>ἄῦλον.</span> <span class='ocrx_word' id='word_1_821' title='bbox 1110 5778 1222 5852; x_wconf 82' lang='grc' dir='ltr'><strong>Τῆς</strong></span> <span class='ocrx_word' id='word_1_822' title='bbox 1255 5777 1434 5861; x_wconf 32' lang='grc' dir='ltr'>μόνης,</span> <span class='ocrx_word' id='word_1_823' title='bbox 1452 5778 1905 5850; x_wconf 78' lang='grc' dir='ltr'>κεχαριτωμένης</span> <span class='ocrx_word' id='word_1_824' title='bbox 1925 5815 1944 5847; x_wconf 85' lang='lat'><strong>,</strong></span> 
     </span>
    </p>
   </div>
   <div class='ocr_carea' id='block_1_108' title="bbox 2038 5771 3651 5865">
    <p class='ocr_par' dir='ltr' id='par_1_108' title="bbox 2052 5771 3651 5849">
     <span class='ocr_line' id='line_1_109' title="bbox 2052 5771 3651 5849; baseline -0.003 -15"><span class='ocrx_word' id='word_1_825' title='bbox 2052 5775 2276 5834; x_wconf 86' lang='lat' dir='ltr'><strong>mortali</strong></span> <span class='ocrx_word' id='word_1_826' title='bbox 2315 5776 2374 5833; x_wconf 90' lang='lat' dir='ltr'><strong>in</strong></span> <span class='ocrx_word' id='word_1_827' title='bbox 2403 5789 2639 5849; x_wconf 86' lang='lat' dir='ltr'><strong>corpore</strong></span> <span class='ocrx_word' id='word_1_828' title='bbox 2666 5775 2775 5834; x_wconf 85' lang='lat' dir='ltr'><strong>vita</strong></span> <span class='ocrx_word' id='word_1_829' title='bbox 2816 5772 2886 5832; x_wconf 89' lang='lat' dir='ltr'><strong>ad</strong></span> <span class='ocrx_word' id='word_1_830' title='bbox 2929 5771 3356 5832; x_wconf 84' lang='lat' dir='ltr'><strong>immaterialem</strong></span> <span class='ocrx_word' id='word_1_831' title='bbox 3395 5787 3462 5832; x_wconf 87' lang='lat' dir='ltr'><strong>ac</strong></span> <span class='ocrx_word' id='word_1_832' title='bbox 3500 5777 3651 5830; x_wconf 74' lang='lat' dir='ltr'><strong>statu</strong></span> 
     </span>
    </p>
   </div>
  </div>
