  <div class='ocr_page' id='page_1' title='image "/cluster/home/n/w/nwhite01/storage/ocr_20150623/107/mdp.39015028571910/123.png"; bbox 0 0 4108 6306; ppageno 0'>
   <div class='ocr_carea' id='block_1_1' title="bbox 442 315 548 382">
    <p class='ocr_par' dir='ltr' id='par_1_1' title="bbox 442 315 548 382">
     <span class='ocr_line' id='line_1_1' title="bbox 442 315 548 382; baseline 0 0"><span class='ocrx_word' id='word_1_1' title='bbox 442 315 548 382; x_wconf 82' lang='grc'><strong>159</strong></span> 
     </span>
    </p>
   </div>
   <div class='ocr_carea' id='block_1_2' title="bbox 1699 310 2484 373">
    <p class='ocr_par' dir='ltr' id='par_1_2' title="bbox 1699 310 2484 373">
     <span class='ocr_line' id='line_1_2' title="bbox 1699 310 2484 373; baseline 0 0"><span class='ocrx_word' id='word_1_2' title='bbox 1699 310 1983 373; x_wconf 75' lang='lat' dir='ltr'><strong>LEONIS</strong></span> <span class='ocrx_word' id='word_1_3' title='bbox 2011 310 2484 373; x_wconf 81' lang='lat' dir='ltr'><strong>PHILOSOPHI</strong></span> 
     </span>
    </p>
   </div>
   <div class='ocr_carea' id='block_1_3' title="bbox 3639 282 3750 376">
    <p class='ocr_par' dir='ltr' id='par_1_3' title="bbox 3639 282 3750 376">
     <span class='ocr_line' id='line_1_3' title="bbox 3639 282 3750 376; baseline 0.009 -2"><span class='ocrx_word' id='word_1_4' title='bbox 3639 282 3750 376; x_wconf 74' lang='lat' dir='ltr'><strong>mo</strong></span> 
     </span>
    </p>
   </div>
   <div class='ocr_carea' id='block_1_4' title="bbox 440 417 2043 495">
    <p class='ocr_par' dir='ltr' id='par_1_4' title="bbox 440 417 2042 495">
     <span class='ocr_line' id='line_1_4' title="bbox 440 417 2042 495; baseline -0.006 -13"><span class='ocrx_word' id='word_1_5' title='bbox 440 425 746 483; x_wconf 87' lang='lat' dir='ltr'><strong>immortali</strong></span> <span class='ocrx_word' id='word_1_6' title='bbox 772 421 1170 495; x_wconf 82' lang='lat' dir='ltr'><strong>proﬁciscitur.</strong></span> <span class='ocrx_word' id='word_1_7' title='bbox 1192 420 1326 476; x_wconf 91' lang='lat' dir='ltr'><strong>llius</strong></span> <span class='ocrx_word' id='word_1_8' title='bbox 1347 417 1414 474; x_wconf 89' lang='lat' dir='ltr'><strong>ad</strong></span> <span class='ocrx_word' id='word_1_9' title='bbox 1434 428 1763 491; x_wconf 87' lang='lat' dir='ltr'><strong>perpetuum</strong></span> <span class='ocrx_word' id='word_1_10' title='bbox 1781 420 2042 490; x_wconf 82' lang='lat' dir='ltr'><strong>gaudium</strong></span> 
     </span>
    </p>
   </div>
   <div class='ocr_carea' id='block_1_5' title="bbox 2148 417 3749 495">
    <p class='ocr_par' dir='ltr' id='par_1_5' title="bbox 2150 421 3749 495">
     <span class='ocr_line' id='line_1_5' title="bbox 2150 421 3749 495; baseline 0 -21"><span class='ocrx_word' id='word_1_11' title='bbox 2150 421 2289 492; x_wconf 84' lang='grc' dir='ltr'>πρὸς</span> <span class='ocrx_word' id='word_1_12' title='bbox 2313 422 2414 493; x_wconf 79' lang='grc' dir='ltr'>τὴν</span> <span class='ocrx_word' id='word_1_13' title='bbox 2445 422 2683 491; x_wconf 78' lang='grc' dir='ltr'>ἄληκτον</span> <span class='ocrx_word' id='word_1_14' title='bbox 2701 424 2898 495; x_wconf 86' lang='grc' dir='ltr'>χαράν,</span> <span class='ocrx_word' id='word_1_15' title='bbox 2920 421 3021 493; x_wconf 78' lang='grc' dir='ltr'><strong>τὴν</strong></span> <span class='ocrx_word' id='word_1_16' title='bbox 3056 422 3361 491; x_wconf 83' lang='grc' dir='ltr'>μετάϐασιν</span> <span class='ocrx_word' id='word_1_17' title='bbox 3388 422 3749 494; x_wconf 75' lang='grc' dir='ltr'>ἑορτάζομεν-</span> 
     </span>
    </p>
   </div>
   <div class='ocr_carea' id='block_1_6' title="bbox 440 512 2042 585">
    <p class='ocr_par' dir='ltr' id='par_1_6' title="bbox 440 512 2042 585">
     <span class='ocr_line' id='line_1_6' title="bbox 440 512 2042 585; baseline -0.007 -9"><span class='ocrx_word' id='word_1_18' title='bbox 440 521 736 577; x_wconf 88' lang='lat' dir='ltr'><strong>transitum</strong></span> <span class='ocrx_word' id='word_1_19' title='bbox 767 519 1141 579; x_wconf 88' lang='lat' dir='ltr'><strong>celebramus,</strong></span> <span class='ocrx_word' id='word_1_20' title='bbox 1178 530 1301 585; x_wconf 84' lang='lat' dir='ltr'><strong>quae</strong></span> <span class='ocrx_word' id='word_1_21' title='bbox 1336 516 1454 569; x_wconf 90' lang='lat' dir='ltr'><strong>sola</strong></span> <span class='ocrx_word' id='word_1_22' title='bbox 1492 512 1667 584; x_wconf 86' lang='lat' dir='ltr'><strong>gratia</strong></span> <span class='ocrx_word' id='word_1_23' title='bbox 1697 513 1858 584; x_wconf 89' lang='lat' dir='ltr'><strong>plena</strong></span> <span class='ocrx_word' id='word_1_24' title='bbox 1890 512 2042 567; x_wconf 85' lang='lat' dir='ltr'><strong>exsi-</strong></span> 
     </span>
    </p>
   </div>
   <div class='ocr_carea' id='block_1_7' title="bbox 434 606 2040 679">
    <p class='ocr_par' dir='ltr' id='par_1_7' title="bbox 434 606 2040 679">
     <span class='ocr_line' id='line_1_7' title="bbox 434 606 2040 679; baseline -0.006 -10"><span class='ocrx_word' id='word_1_25' title='bbox 434 614 558 677; x_wconf 4' lang='lat' dir='ltr'><strong>gstit.</strong></span> <span class='ocrx_word' id='word_1_26' title='bbox 599 610 782 667; x_wconf 88' lang='lat' dir='ltr'><strong>Carne</strong></span> <span class='ocrx_word' id='word_1_27' title='bbox 817 610 1027 679; x_wconf 92' lang='lat' dir='ltr'><strong>itaque,</strong></span> <span class='ocrx_word' id='word_1_28' title='bbox 1064 607 1250 679; x_wconf 81' lang='lat' dir='ltr'><strong>quoad</strong></span> <span class='ocrx_word' id='word_1_29' title='bbox 1294 606 1415 662; x_wconf 85' lang='lat' dir='ltr'><strong>ﬁeri</strong></span> <span class='ocrx_word' id='word_1_30' title='bbox 1448 614 1652 676; x_wconf 88' lang='lat' dir='ltr'><strong>potest,</strong></span> <span class='ocrx_word' id='word_1_31' title='bbox 1686 606 2040 671; x_wconf 85' lang='lat' dir='ltr'><strong>excedentes,</strong></span> 
     </span>
    </p>
   </div>
   <div class='ocr_carea' id='block_1_8' title="bbox 439 694 2043 774">
    <p class='ocr_par' dir='ltr' id='par_1_8' title="bbox 439 694 2043 774">
     <span class='ocr_line' id='line_1_8' title="bbox 439 694 2043 774; baseline -0.006 -14"><span class='ocrx_word' id='word_1_32' title='bbox 439 720 506 759; x_wconf 86' lang='lat' dir='ltr'><strong>ac</strong></span> <span class='ocrx_word' id='word_1_33' title='bbox 531 702 729 774; x_wconf 90' lang='lat' dir='ltr'><strong>spiritu</strong></span> <span class='ocrx_word' id='word_1_34' title='bbox 763 698 1063 765; x_wconf 80' lang='lat' dir='ltr'><strong>immutati,</strong></span> <span class='ocrx_word' id='word_1_35' title='bbox 1085 713 1213 754; x_wconf 89' lang='lat' dir='ltr'><strong>cum</strong></span> <span class='ocrx_word' id='word_1_36' title='bbox 1246 696 1418 766; x_wconf 80' lang='lat' dir='ltr'><strong>gloria</strong></span> <span class='ocrx_word' id='word_1_37' title='bbox 1449 710 1743 751; x_wconf 78' lang='lat' dir='ltr'><strong>excessum</strong></span> <span class='ocrx_word' id='word_1_38' title='bbox 1774 694 2043 766; x_wconf 66' lang='lat' dir='ltr'><strong>praedice-</strong></span> 
     </span>
    </p>
   </div>
   <div class='ocr_carea' id='block_1_9' title="bbox 438 787 2042 866">
    <p class='ocr_par' dir='ltr' id='par_1_9' title="bbox 438 787 2042 866">
     <span class='ocr_line' id='line_1_9' title="bbox 438 787 2042 866; baseline -0.007 -14"><span class='ocrx_word' id='word_1_39' title='bbox 438 812 585 862; x_wconf 87' lang='lat' dir='ltr'><strong>mus,</strong></span> <span class='ocrx_word' id='word_1_40' title='bbox 618 794 895 866; x_wconf 84' lang='lat' dir='ltr'><strong>digneque</strong></span> <span class='ocrx_word' id='word_1_41' title='bbox 926 792 996 849; x_wconf 91' lang='lat' dir='ltr'><strong>iis</strong></span> <span class='ocrx_word' id='word_1_42' title='bbox 1028 806 1152 862; x_wconf 74' lang='lat' dir='ltr'><strong>quae</strong></span> <span class='ocrx_word' id='word_1_43' title='bbox 1180 797 1524 861; x_wconf 81' lang='lat' dir='ltr'><strong>peraguntur</strong></span> <span class='ocrx_word' id='word_1_44' title='bbox 1550 788 1889 859; x_wconf 89' lang='lat' dir='ltr'><strong>compositos</strong></span> <span class='ocrx_word' id='word_1_45' title='bbox 1919 787 2042 842; x_wconf 90' lang='lat' dir='ltr'><strong>ani-</strong></span> 
     </span>
    </p>
   </div>
   <div class='ocr_carea' id='block_1_10' title="bbox 436 880 2041 952">
    <p class='ocr_par' dir='ltr' id='par_1_10' title="bbox 436 880 2041 952">
     <span class='ocr_line' id='line_1_10' title="bbox 436 880 2041 952; baseline -0.005 -7"><span class='ocrx_word' id='word_1_46' title='bbox 436 904 561 945; x_wconf 86' lang='lat' dir='ltr'><strong>mos</strong></span> <span class='ocrx_word' id='word_1_47' title='bbox 604 886 990 945; x_wconf 88' lang='lat' dir='ltr'><strong>ostendamus.</strong></span> <span class='ocrx_word' id='word_1_48' title='bbox 1044 883 1306 941; x_wconf 85' lang='lat' dir='ltr'><strong>Universi</strong></span> <span class='ocrx_word' id='word_1_49' title='bbox 1351 883 1489 937; x_wconf 80' lang='lat' dir='ltr'><strong>lines</strong></span> <span class='ocrx_word' id='word_1_50' title='bbox 1535 892 1696 938; x_wconf 71' lang='lat' dir='ltr'><strong>terrae</strong></span> <span class='ocrx_word' id='word_1_51' title='bbox 1740 881 1798 936; x_wconf 91' lang='lat' dir='ltr'><strong>in</strong></span> <span class='ocrx_word' id='word_1_52' title='bbox 1838 880 2041 952; x_wconf 86' lang='lat' dir='ltr'><strong>gaudio</strong></span> 
     </span>
    </p>
   </div>
   <div class='ocr_carea' id='block_1_11' title="bbox 433 975 2036 1053">
    <p class='ocr_par' dir='ltr' id='par_1_11' title="bbox 433 975 2036 1053">
     <span class='ocr_line' id='line_1_11' title="bbox 433 975 2036 1053; baseline -0.005 -17"><span class='ocrx_word' id='word_1_53' title='bbox 433 982 715 1053; x_wconf 72' lang='lat' dir='ltr'><strong>jubilent‘,</strong></span> <span class='ocrx_word' id='word_1_54' title='bbox 769 988 831 1035; x_wconf 93' lang='lat' dir='ltr'><strong>ut</strong></span> <span class='ocrx_word' id='word_1_55' title='bbox 890 977 1187 1036; x_wconf 84' lang='lat' dir='ltr'><strong>exsultatio</strong></span> <span class='ocrx_word' id='word_1_56' title='bbox 1240 976 1594 1049; x_wconf 89' lang='lat' dir='ltr'><strong>jubilationis</strong></span> <span class='ocrx_word' id='word_1_57' title='bbox 1657 975 1732 1032; x_wconf 87' lang='lat' dir='ltr'><strong>sit</strong></span> <span class='ocrx_word' id='word_1_58' title='bbox 1786 975 2036 1048; x_wconf 90' lang='lat' dir='ltr'><strong>propria.</strong></span> 
     </span>
    </p>
   </div>
   <div class='ocr_carea' id='block_1_12' title="bbox 436 1068 2039 1145">
    <p class='ocr_par' dir='ltr' id='par_1_12' title="bbox 436 1068 2039 1145">
     <span class='ocr_line' id='line_1_12' title="bbox 436 1068 2039 1145; baseline -0.005 -16"><span class='ocrx_word' id='word_1_59' title='bbox 436 1073 652 1129; x_wconf 69' lang='lat' dir='ltr'><strong>Caelum</strong></span> <span class='ocrx_word' id='word_1_60' title='bbox 683 1073 867 1145; x_wconf 85' lang='lat' dir='ltr'><strong>gaudii</strong></span> <span class='ocrx_word' id='word_1_61' title='bbox 901 1072 973 1127; x_wconf 90' lang='lat' dir='ltr'><strong>sit</strong></span> <span class='ocrx_word' id='word_1_62' title='bbox 1018 1072 1317 1142; x_wconf 87' lang='lat' dir='ltr'><strong>particeps,</strong></span> <span class='ocrx_word' id='word_1_63' title='bbox 1353 1068 1714 1140; x_wconf 90' lang='lat' dir='ltr'><strong>splendidiori</strong></span> <span class='ocrx_word' id='word_1_64' title='bbox 1742 1068 2039 1124; x_wconf 87' lang='lat' dir='ltr'><strong>collustra-</strong></span> 
     </span>
    </p>
   </div>
   <div class='ocr_carea' id='block_1_13' title="bbox 435 1161 2041 1238">
    <p class='ocr_par' dir='ltr' id='par_1_13' title="bbox 435 1161 2041 1238">
     <span class='ocr_line' id='line_1_13' title="bbox 435 1161 2041 1238; baseline -0.006 -16"><span class='ocrx_word' id='word_1_65' title='bbox 435 1176 549 1222; x_wconf 88' lang='lat' dir='ltr'><strong>tam</strong></span> <span class='ocrx_word' id='word_1_66' title='bbox 568 1166 703 1223; x_wconf 83' lang='lat' dir='ltr'><strong>ﬂore</strong></span> <span class='ocrx_word' id='word_1_67' title='bbox 728 1182 743 1232; x_wconf 91' lang='lat'>;</span> <span class='ocrx_word' id='word_1_68' title='bbox 770 1176 1064 1238; x_wconf 81' lang='lat' dir='ltr'><strong>portasque</strong></span> <span class='ocrx_word' id='word_1_69' title='bbox 1086 1166 1153 1219; x_wconf 88' lang='lat' dir='ltr'><strong>ad</strong></span> <span class='ocrx_word' id='word_1_70' title='bbox 1184 1165 1311 1219; x_wconf 87' lang='lat' dir='ltr'><strong>coeli</strong></span> <span class='ocrx_word' id='word_1_71' title='bbox 1340 1162 1713 1219; x_wconf 84' lang='lat' dir='ltr'><strong>honoratioris</strong></span> <span class='ocrx_word' id='word_1_72' title='bbox 1731 1161 2041 1229; x_wconf 87' lang='lat' dir='ltr'><strong>susceptio-</strong></span> 
     </span>
    </p>
   </div>
   <div class='ocr_carea' id='block_1_14' title="bbox 360 1253 2035 1330">
    <p class='ocr_par' dir='ltr' id='par_1_14' title="bbox 360 1253 2035 1330">
     <span class='ocr_line' id='line_1_14' title="bbox 360 1253 2035 1330; baseline -0.001 -19"><span class='ocrx_word' id='word_1_73' title='bbox 360 1310 363 1311; x_wconf 30' lang='grc' dir='ltr'>ν</span> <span class='ocrx_word' id='word_1_74' title='bbox 435 1276 562 1315; x_wconf 90' lang='lat' dir='ltr'><strong>nem</strong></span> <span class='ocrx_word' id='word_1_75' title='bbox 613 1259 884 1329; x_wconf 89' lang='lat' dir='ltr'><strong>pandens.</strong></span> <span class='ocrx_word' id='word_1_76' title='bbox 935 1255 1207 1312; x_wconf 73' lang='lat' dir='ltr'><strong>lecstes</strong></span> <span class='ocrx_word' id='word_1_77' title='bbox 1260 1270 1455 1330; x_wconf 89' lang='lat' dir='ltr'><strong>omnes</strong></span> <span class='ocrx_word' id='word_1_78' title='bbox 1498 1254 1724 1310; x_wconf 87' lang='lat' dir='ltr'><strong>ordines</strong></span> <span class='ocrx_word' id='word_1_79' title='bbox 1772 1253 2035 1310; x_wconf 85' lang='lat' dir='ltr'><strong>laudibus</strong></span> 
     </span>
    </p>
   </div>
   <div class='ocr_carea' id='block_1_15' title="bbox 436 1347 2035 1424">
    <p class='ocr_par' dir='ltr' id='par_1_15' title="bbox 436 1347 2035 1424">
     <span class='ocr_line' id='line_1_15' title="bbox 436 1347 2035 1424; baseline -0.004 -18"><span class='ocrx_word' id='word_1_80' title='bbox 436 1358 871 1424; x_wconf 79' lang='lat' dir='ltr'><strong>prosequantur.</strong></span> <span class='ocrx_word' id='word_1_81' title='bbox 898 1347 1143 1415; x_wconf 83' lang='lat' dir='ltr'><strong>Gabriel,</strong></span> <span class='ocrx_word' id='word_1_82' title='bbox 1167 1347 1502 1403; x_wconf 82' lang='lat' dir='ltr'><strong>laudationis</strong></span> <span class='ocrx_word' id='word_1_83' title='bbox 1531 1361 1739 1417; x_wconf 77' lang='lat' dir='ltr'><strong>auspex</strong></span> <span class='ocrx_word' id='word_1_84' title='bbox 1764 1348 1989 1403; x_wconf 85' lang='lat' dir='ltr'><strong>accedat</strong></span> <span class='ocrx_word' id='word_1_85' title='bbox 2020 1365 2035 1413; x_wconf 88' lang='lat'><strong>;</strong></span> 
     </span>
    </p>
   </div>
   <div class='ocr_carea' id='block_1_16' title="bbox 436 1440 2039 1518">
    <p class='ocr_par' dir='ltr' id='par_1_16' title="bbox 436 1440 2039 1518">
     <span class='ocr_line' id='line_1_16' title="bbox 436 1440 2039 1518; baseline -0.004 -17"><span class='ocrx_word' id='word_1_86' title='bbox 436 1448 643 1518; x_wconf 88' lang='lat' dir='ltr'><strong>quippe</strong></span> <span class='ocrx_word' id='word_1_87' title='bbox 677 1445 770 1515; x_wconf 92' lang='lat' dir='ltr'><strong>qui</strong></span> <span class='ocrx_word' id='word_1_88' title='bbox 804 1459 918 1514; x_wconf 70' lang='lat' dir='ltr'><strong>prae</strong></span> <span class='ocrx_word' id='word_1_89' title='bbox 947 1444 1160 1513; x_wconf 83' lang='lat' dir='ltr'><strong>angelis</strong></span> <span class='ocrx_word' id='word_1_90' title='bbox 1195 1442 1344 1507; x_wconf 88' lang='lat' dir='ltr'><strong>aliis,</strong></span> <span class='ocrx_word' id='word_1_91' title='bbox 1377 1440 1749 1495; x_wconf 90' lang='lat' dir='ltr'><strong>immaculatis</strong></span> <span class='ocrx_word' id='word_1_92' title='bbox 1781 1440 2039 1495; x_wconf 86' lang='lat' dir='ltr'><strong>illibatis-</strong></span> 
     </span>
    </p>
   </div>
   <div class='ocr_carea' id='block_1_17' title="bbox 436 1533 2033 1611">
    <p class='ocr_par' dir='ltr' id='par_1_17' title="bbox 436 1533 2033 1611">
     <span class='ocr_line' id='line_1_17' title="bbox 436 1533 2033 1611; baseline -0.007 -15"><span class='ocrx_word' id='word_1_93' title='bbox 436 1556 565 1611; x_wconf 90' lang='lat' dir='ltr'><strong>que,</strong></span> <span class='ocrx_word' id='word_1_94' title='bbox 602 1538 901 1595; x_wconf 86' lang='lat' dir='ltr'><strong>connubiis</strong></span> <span class='ocrx_word' id='word_1_95' title='bbox 930 1537 1248 1592; x_wconf 87' lang='lat' dir='ltr'><strong>subservire</strong></span> <span class='ocrx_word' id='word_1_96' title='bbox 1282 1534 1476 1591; x_wconf 87' lang='lat' dir='ltr'><strong>soleat.</strong></span> <span class='ocrx_word' id='word_1_97' title='bbox 1509 1533 1847 1604; x_wconf 80' lang='lat' dir='ltr'><strong>Auspicatur</strong></span> <span class='ocrx_word' id='word_1_98' title='bbox 1875 1546 2033 1599; x_wconf 90' lang='lat' dir='ltr'><strong>vero,</strong></span> 
     </span>
    </p>
   </div>
   <div class='ocr_carea' id='block_1_18' title="bbox 434 1625 2096 1705">
    <p class='ocr_par' dir='ltr' id='par_1_18' title="bbox 434 1625 2096 1705">
     <span class='ocr_line' id='line_1_18' title="bbox 434 1625 2096 1705; baseline -0.003 -20"><span class='ocrx_word' id='word_1_99' title='bbox 434 1632 622 1705; x_wconf 79' lang='lat' dir='ltr'><strong>gaudii</strong></span> <span class='ocrx_word' id='word_1_100' title='bbox 653 1631 801 1686; x_wconf 91' lang='lat' dir='ltr'><strong>ultro</strong></span> <span class='ocrx_word' id='word_1_101' title='bbox 824 1631 989 1686; x_wconf 84' lang='lat' dir='ltr'><strong>verba</strong></span> <span class='ocrx_word' id='word_1_102' title='bbox 1019 1630 1349 1691; x_wconf 87' lang='lat' dir='ltr'><strong>inclamans,</strong></span> <span class='ocrx_word' id='word_1_103' title='bbox 1379 1627 1524 1698; x_wconf 88' lang='lat' dir='ltr'><strong>quod</strong></span> <span class='ocrx_word' id='word_1_104' title='bbox 1555 1626 1783 1682; x_wconf 82' lang='lat' dir='ltr'><strong>Matrem</strong></span> <span class='ocrx_word' id='word_1_105' title='bbox 1818 1625 2037 1681; x_wconf 88' lang='lat' dir='ltr'><strong>Domini</strong></span> <span class='ocrx_word' id='word_1_106' title='bbox 2086 1631 2096 1639; x_wconf 87' lang='lat'><strong>&#39;</strong></span> 
     </span>
    </p>
   </div>
   <div class='ocr_carea' id='block_1_19' title="bbox 436 1714 2035 1789">
    <p class='ocr_par' dir='ltr' id='par_1_19' title="bbox 436 1714 2035 1789">
     <span class='ocr_line' id='line_1_19' title="bbox 436 1714 2035 1789; baseline -0.003 -13"><span class='ocrx_word' id='word_1_107' title='bbox 436 1721 717 1776; x_wconf 87' lang='lat' dir='ltr'><strong>introduci</strong></span> <span class='ocrx_word' id='word_1_108' title='bbox 744 1719 974 1774; x_wconf 77' lang='lat' dir='ltr'><strong>videant</strong></span> <span class='ocrx_word' id='word_1_109' title='bbox 1004 1719 1060 1773; x_wconf 93' lang='lat' dir='ltr'><strong>in</strong></span> <span class='ocrx_word' id='word_1_110' title='bbox 1094 1718 1219 1773; x_wconf 90' lang='lat' dir='ltr'><strong>Filii</strong></span> <span class='ocrx_word' id='word_1_111' title='bbox 1252 1718 1484 1789; x_wconf 78' lang='lat' dir='ltr'><strong>regiam.</strong></span> <span class='ocrx_word' id='word_1_112' title='bbox 1519 1716 1733 1771; x_wconf 86' lang='lat' dir='ltr'><strong>Etenim</strong></span> <span class='ocrx_word' id='word_1_113' title='bbox 1769 1714 1865 1770; x_wconf 89' lang='lat' dir='ltr'><strong>Dei</strong></span> <span class='ocrx_word' id='word_1_114' title='bbox 1899 1716 2035 1772; x_wconf 91' lang='lat' dir='ltr'><strong>illud</strong></span> 
     </span>
    </p>
   </div>
   <div class='ocr_carea' id='block_1_20' title="bbox 434 1806 2032 1881">
    <p class='ocr_par' dir='ltr' id='par_1_20' title="bbox 434 1806 2032 1881">
     <span class='ocr_line' id='line_1_20' title="bbox 434 1806 2032 1881; baseline -0.003 -16"><span class='ocrx_word' id='word_1_115' title='bbox 434 1826 609 1881; x_wconf 76' lang='lat' dir='ltr'><strong>capax</strong></span> <span class='ocrx_word' id='word_1_116' title='bbox 644 1808 1084 1874; x_wconf 88' lang='lat' dir='ltr'><strong>tabernaculum,</strong></span> <span class='ocrx_word' id='word_1_117' title='bbox 1114 1807 1183 1863; x_wconf 89' lang='lat' dir='ltr'><strong>ab</strong></span> <span class='ocrx_word' id='word_1_118' title='bbox 1234 1807 1304 1862; x_wconf 91' lang='lat' dir='ltr'><strong>iis</strong></span> <span class='ocrx_word' id='word_1_119' title='bbox 1336 1807 1709 1861; x_wconf 85' lang='lat' dir='ltr'><strong>tabernaculis</strong></span> <span class='ocrx_word' id='word_1_120' title='bbox 1730 1806 2032 1877; x_wconf 83' lang='lat' dir='ltr'><strong>emigrans,</strong></span> 
     </span>
    </p>
   </div>
   <div class='ocr_carea' id='block_1_21' title="bbox 434 1889 2030 1973">
    <p class='ocr_par' dir='ltr' id='par_1_21' title="bbox 434 1889 2030 1973">
     <span class='ocr_line' id='line_1_21' title="bbox 434 1889 2030 1973; baseline -0.004 -16"><span class='ocrx_word' id='word_1_121' title='bbox 434 1918 561 1973; x_wconf 83' lang='lat' dir='ltr'><strong>quae</strong></span> <span class='ocrx_word' id='word_1_122' title='bbox 580 1889 959 1957; x_wconf 87' lang='lat' dir='ltr'><strong>dissolvuntur</strong></span> <span class='ocrx_word' id='word_1_123' title='bbox 987 1915 1051 1955; x_wconf 93' lang='lat' dir='ltr'><strong>ac</strong></span> <span class='ocrx_word' id='word_1_124' title='bbox 1083 1900 1380 1963; x_wconf 87' lang='lat' dir='ltr'><strong>intereunt,</strong></span> <span class='ocrx_word' id='word_1_125' title='bbox 1411 1899 1481 1953; x_wconf 89' lang='lat' dir='ltr'><strong>ad</strong></span> <span class='ocrx_word' id='word_1_126' title='bbox 1518 1912 1585 1955; x_wconf 90' lang='lat' dir='ltr'><strong>ea</strong></span> <span class='ocrx_word' id='word_1_127' title='bbox 1614 1912 1738 1967; x_wconf 68' lang='lat' dir='ltr'><strong>quae</strong></span> <span class='ocrx_word' id='word_1_128' title='bbox 1778 1906 2030 1967; x_wconf 84' lang='lat' dir='ltr'><strong>manent,</strong></span> 
     </span>
    </p>
   </div>
   <div class='ocr_carea' id='block_1_22' title="bbox 435 1991 2033 2066">
    <p class='ocr_par' dir='ltr' id='par_1_22' title="bbox 435 1991 2033 2066">
     <span class='ocr_line' id='line_1_22' title="bbox 435 1991 2033 2066; baseline -0.003 -17"><span class='ocrx_word' id='word_1_129' title='bbox 435 2004 602 2066; x_wconf 87' lang='lat' dir='ltr'><strong>atque</strong></span> <span class='ocrx_word' id='word_1_130' title='bbox 626 1994 945 2049; x_wconf 88' lang='lat' dir='ltr'><strong>consistunt</strong></span> <span class='ocrx_word' id='word_1_131' title='bbox 974 1991 1347 2060; x_wconf 79' lang='lat' dir='ltr'><strong>transfertur;</strong></span> <span class='ocrx_word' id='word_1_132' title='bbox 1381 1991 1695 2062; x_wconf 84' lang='lat' dir='ltr'><strong>ﬂuxamque</strong></span> <span class='ocrx_word' id='word_1_133' title='bbox 1719 2005 1785 2047; x_wconf 85' lang='lat' dir='ltr'><strong>ac</strong></span> <span class='ocrx_word' id='word_1_134' title='bbox 1814 1992 2033 2046; x_wconf 84' lang='lat' dir='ltr'><strong>labilem</strong></span> 
     </span>
    </p>
   </div>
   <div class='ocr_carea' id='block_1_23' title="bbox 436 2084 2033 2168">
    <p class='ocr_par' dir='ltr' id='par_1_23' title="bbox 436 2084 2033 2168">
     <span class='ocr_line' id='line_1_23' title="bbox 436 2084 2033 2168; baseline -0.002 -25"><span class='ocrx_word' id='word_1_135' title='bbox 436 2089 628 2155; x_wconf 87' lang='lat' dir='ltr'><strong>vitam,</strong></span> <span class='ocrx_word' id='word_1_136' title='bbox 679 2086 1006 2168; x_wconf 71' lang='lat' dir='ltr'><strong>nihil’ﬂuxa</strong></span> <span class='ocrx_word' id='word_1_137' title='bbox 1051 2101 1115 2142; x_wconf 90' lang='lat' dir='ltr'><strong>ac</strong></span> <span class='ocrx_word' id='word_1_138' title='bbox 1142 2087 1291 2142; x_wconf 88' lang='lat' dir='ltr'><strong>labili</strong></span> <span class='ocrx_word' id='word_1_139' title='bbox 1334 2094 1658 2141; x_wconf 88' lang='lat' dir='ltr'><strong>commutat.</strong></span> <span class='ocrx_word' id='word_1_140' title='bbox 1700 2084 1741 2138; x_wconf 88' lang='lat' dir='ltr'><strong>E</strong></span> <span class='ocrx_word' id='word_1_141' title='bbox 1768 2086 1932 2140; x_wconf 89' lang='lat' dir='ltr'><strong>terris</strong></span> <span class='ocrx_word' id='word_1_142' title='bbox 1964 2084 2033 2140; x_wconf 88' lang='lat' dir='ltr'><strong>ad</strong></span> 
     </span>
    </p>
   </div>
   <div class='ocr_carea' id='block_1_24' title="bbox 437 2175 2033 2251">
    <p class='ocr_par' dir='ltr' id='par_1_24' title="bbox 437 2175 2033 2251">
     <span class='ocr_line' id='line_1_24' title="bbox 437 2175 2033 2251; baseline -0.006 -13"><span class='ocrx_word' id='word_1_143' title='bbox 437 2185 611 2240; x_wconf 64' lang='lat' dir='ltr'><strong>caelos</strong></span> <span class='ocrx_word' id='word_1_144' title='bbox 638 2181 1041 2247; x_wconf 79' lang='lat' dir='ltr'><strong>transvehitur,</strong></span> <span class='ocrx_word' id='word_1_145' title='bbox 1070 2195 1192 2251; x_wconf 85' lang='lat' dir='ltr'><strong>quae</strong></span> <span class='ocrx_word' id='word_1_146' title='bbox 1219 2179 1548 2233; x_wconf 89' lang='lat' dir='ltr'><strong>mortalibus</strong></span> <span class='ocrx_word' id='word_1_147' title='bbox 1579 2175 1725 2233; x_wconf 81' lang='lat' dir='ltr'><strong>facta</strong></span> <span class='ocrx_word' id='word_1_148' title='bbox 1753 2186 1841 2233; x_wconf 86' lang='lat' dir='ltr'><strong>est</strong></span> <span class='ocrx_word' id='word_1_149' title='bbox 1863 2177 2033 2241; x_wconf 89' lang='lat' dir='ltr'><strong>scala,</strong></span> 
     </span>
    </p>
   </div>
   <div class='ocr_carea' id='block_1_25' title="bbox 437 2269 2034 2346">
    <p class='ocr_par' dir='ltr' id='par_1_25' title="bbox 437 2269 2034 2346">
     <span class='ocr_line' id='line_1_25' title="bbox 437 2269 2034 2346; baseline -0.004 -19"><span class='ocrx_word' id='word_1_150' title='bbox 437 2288 548 2346; x_wconf 88' lang='lat' dir='ltr'><strong>qua</strong></span> <span class='ocrx_word' id='word_1_151' title='bbox 574 2273 643 2327; x_wconf 86' lang='lat' dir='ltr'><strong>ad</strong></span> <span class='ocrx_word' id='word_1_152' title='bbox 670 2272 844 2327; x_wconf 87' lang='lat' dir='ltr'><strong>coelos</strong></span> <span class='ocrx_word' id='word_1_153' title='bbox 874 2272 1198 2328; x_wconf 83' lang='lat' dir='ltr'><strong>ascendant.</strong></span> <span class='ocrx_word' id='word_1_154' title='bbox 1235 2269 1280 2324; x_wconf 92' lang='grc' dir='ltr'>Ο</span> <span class='ocrx_word' id='word_1_155' title='bbox 1311 2270 1641 2324; x_wconf 88' lang='lat' dir='ltr'><strong>miraculum</strong></span> <span class='ocrx_word' id='word_1_156' title='bbox 1674 2270 1687 2324; x_wconf 90' lang='lat'><strong>!</strong></span> <span class='ocrx_word' id='word_1_157' title='bbox 1723 2284 1850 2326; x_wconf 89' lang='lat' dir='ltr'><strong>cum</strong></span> <span class='ocrx_word' id='word_1_158' title='bbox 1883 2269 2034 2326; x_wconf 86' lang='lat' dir='ltr'><strong>tristi</strong></span> 
     </span>
    </p>
   </div>
   <div class='ocr_carea' id='block_1_26' title="bbox 438 2362 2035 2433">
    <p class='ocr_par' dir='ltr' id='par_1_26' title="bbox 438 2362 2035 2433">
     <span class='ocr_line' id='line_1_26' title="bbox 438 2362 2035 2433; baseline -0.004 -11"><span class='ocrx_word' id='word_1_159' title='bbox 438 2376 616 2423; x_wconf 88' lang='lat' dir='ltr'><strong>morte</strong></span> <span class='ocrx_word' id='word_1_160' title='bbox 662 2365 1079 2421; x_wconf 79' lang='lat' dir='ltr'><strong>commercium</strong></span> <span class='ocrx_word' id='word_1_161' title='bbox 1108 2364 1297 2432; x_wconf 86' lang='lat' dir='ltr'><strong>habet,</strong></span> <span class='ocrx_word' id='word_1_162' title='bbox 1343 2363 1441 2433; x_wconf 90' lang='lat' dir='ltr'><strong>qui</strong></span> <span class='ocrx_word' id='word_1_163' title='bbox 1488 2362 1761 2417; x_wconf 88' lang='lat' dir='ltr'><strong>tremendi</strong></span> <span class='ocrx_word' id='word_1_164' title='bbox 1808 2376 1935 2416; x_wconf 91' lang='lat' dir='ltr'><strong>cum</strong></span> <span class='ocrx_word' id='word_1_165' title='bbox 1970 2375 2035 2416; x_wconf 86' lang='lat' dir='ltr'><strong>ea</strong></span> 
     </span>
    </p>
   </div>
   <div class='ocr_carea' id='block_1_27' title="bbox 437 2456 2032 2528">
    <p class='ocr_par' dir='ltr' id='par_1_27' title="bbox 437 2456 2032 2528">
     <span class='ocr_line' id='line_1_27' title="bbox 437 2456 2032 2528; baseline -0.004 -13"><span class='ocrx_word' id='word_1_166' title='bbox 437 2461 760 2515; x_wconf 82' lang='lat' dir='ltr'><strong>commercii</strong></span> <span class='ocrx_word' id='word_1_167' title='bbox 796 2460 1184 2515; x_wconf 86' lang='lat' dir='ltr'><strong>liberationem</strong></span> <span class='ocrx_word' id='word_1_168' title='bbox 1230 2459 1474 2512; x_wconf 87' lang='lat' dir='ltr'><strong>humano</strong></span> <span class='ocrx_word' id='word_1_169' title='bbox 1519 2456 1760 2511; x_wconf 88' lang='lat' dir='ltr'><strong>contulit</strong></span> <span class='ocrx_word' id='word_1_170' title='bbox 1795 2456 1983 2528; x_wconf 80' lang='lat' dir='ltr'><strong>generi</strong></span> <span class='ocrx_word' id='word_1_171' title='bbox 2015 2473 2032 2509; x_wconf 91' lang='lat'><strong>:</strong></span> 
     </span>
    </p>
   </div>
   <div class='ocr_carea' id='block_1_28' title="bbox 437 2547 2034 2625">
    <p class='ocr_par' dir='ltr' id='par_1_28' title="bbox 437 2547 2034 2625">
     <span class='ocr_line' id='line_1_28' title="bbox 437 2547 2034 2625; baseline -0.006 -16"><span class='ocrx_word' id='word_1_172' title='bbox 437 2569 503 2609; x_wconf 87' lang='lat' dir='ltr'><strong>ac</strong></span> <span class='ocrx_word' id='word_1_173' title='bbox 535 2553 777 2625; x_wconf 89' lang='lat' dir='ltr'><strong>sepulcrl</strong></span> <span class='ocrx_word' id='word_1_174' title='bbox 808 2555 967 2608; x_wconf 87' lang='lat' dir='ltr'><strong>sinus</strong></span> <span class='ocrx_word' id='word_1_175' title='bbox 995 2551 1248 2605; x_wconf 85' lang='lat' dir='ltr'><strong>tabiﬁcos</strong></span> <span class='ocrx_word' id='word_1_176' title='bbox 1278 2549 1448 2615; x_wconf 88' lang='lat' dir='ltr'><strong>subit,</strong></span> <span class='ocrx_word' id='word_1_177' title='bbox 1488 2563 1556 2604; x_wconf 89' lang='lat' dir='ltr'><strong>ex</strong></span> <span class='ocrx_word' id='word_1_178' title='bbox 1586 2549 1748 2618; x_wconf 90' lang='lat' dir='ltr'><strong>cujus</strong></span> <span class='ocrx_word' id='word_1_179' title='bbox 1779 2547 2034 2618; x_wconf 77' lang='lat' dir='ltr'><strong>virginali</strong></span> 
     </span>
    </p>
   </div>
   <div class='ocr_carea' id='block_1_29' title="bbox 438 2640 2038 2716">
    <p class='ocr_par' dir='ltr' id='par_1_29' title="bbox 438 2640 2038 2716">
     <span class='ocr_line' id='line_1_29' title="bbox 438 2640 2038 2716; baseline -0.005 -15"><span class='ocrx_word' id='word_1_180' title='bbox 438 2655 600 2702; x_wconf 89' lang='lat' dir='ltr'><strong>utero</strong></span> <span class='ocrx_word' id='word_1_181' title='bbox 633 2646 923 2716; x_wconf 78' lang='lat' dir='ltr'><strong>integritas</strong></span> <span class='ocrx_word' id='word_1_182' title='bbox 951 2659 1017 2698; x_wconf 89' lang='lat' dir='ltr'><strong>ac</strong></span> <span class='ocrx_word' id='word_1_183' title='bbox 1055 2644 1401 2713; x_wconf 87' lang='lat' dir='ltr'><strong>incorruptio</strong></span> <span class='ocrx_word' id='word_1_184' title='bbox 1447 2642 1666 2697; x_wconf 81' lang='lat' dir='ltr'><strong>exsistit</strong></span> <span class='ocrx_word' id='word_1_185' title='bbox 1699 2660 1715 2696; x_wconf 89' lang='lat'><strong>:</strong></span> <span class='ocrx_word' id='word_1_186' title='bbox 1752 2640 2038 2695; x_wconf 85' lang='lat' dir='ltr'><strong>obscuris-</strong></span> 
     </span>
    </p>
   </div>
   <div class='ocr_carea' id='block_1_30' title="bbox 439 2734 2038 2811">
    <p class='ocr_par' dir='ltr' id='par_1_30' title="bbox 439 2734 2038 2811">
     <span class='ocr_line' id='line_1_30' title="bbox 439 2734 2038 2811; baseline -0.004 -18"><span class='ocrx_word' id='word_1_187' title='bbox 439 2754 551 2811; x_wconf 89' lang='lat' dir='ltr'><strong>que</strong></span> <span class='ocrx_word' id='word_1_188' title='bbox 586 2738 944 2803; x_wconf 85' lang='lat' dir='ltr'><strong>cavitatibus,</strong></span> <span class='ocrx_word' id='word_1_189' title='bbox 993 2752 1058 2791; x_wconf 90' lang='lat' dir='ltr'><strong>ac</strong></span> <span class='ocrx_word' id='word_1_190' title='bbox 1108 2746 1297 2792; x_wconf 81' lang='lat' dir='ltr'><strong>ventre</strong></span> <span class='ocrx_word' id='word_1_191' title='bbox 1337 2745 1501 2789; x_wconf 74' lang='lat' dir='ltr'><strong>terrae</strong></span> <span class='ocrx_word' id='word_1_192' title='bbox 1546 2734 1881 2804; x_wconf 87' lang='lat' dir='ltr'><strong>hospitatur,</strong></span> <span class='ocrx_word' id='word_1_193' title='bbox 1913 2747 2038 2803; x_wconf 88' lang='lat' dir='ltr'><strong>quae</strong></span> 
     </span>
    </p>
   </div>
   <div class='ocr_carea' id='block_1_31' title="bbox 438 2827 2035 2902">
    <p class='ocr_par' dir='ltr' id='par_1_31' title="bbox 438 2827 2035 2902">
     <span class='ocr_line' id='line_1_31' title="bbox 438 2827 2035 2902; baseline -0.006 -13"><span class='ocrx_word' id='word_1_194' title='bbox 438 2834 588 2897; x_wconf 90' lang='lat' dir='ltr'><strong>illos,</strong></span> <span class='ocrx_word' id='word_1_195' title='bbox 626 2832 717 2902; x_wconf 89' lang='lat' dir='ltr'><strong>qui</strong></span> <span class='ocrx_word' id='word_1_196' title='bbox 763 2834 821 2885; x_wconf 88' lang='lat' dir='ltr'><strong>in</strong></span> <span class='ocrx_word' id='word_1_197' title='bbox 853 2829 1164 2886; x_wconf 85' lang='lat' dir='ltr'><strong>tenebrosis</strong></span> <span class='ocrx_word' id='word_1_198' title='bbox 1193 2829 1396 2884; x_wconf 87' lang='lat' dir='ltr'><strong>misere</strong></span> <span class='ocrx_word' id='word_1_199' title='bbox 1433 2828 1707 2901; x_wconf 78' lang='lat' dir='ltr'><strong>degebant</strong></span> <span class='ocrx_word' id='word_1_200' title='bbox 1739 2827 2035 2895; x_wconf 85' lang='lat' dir='ltr'><strong>angustiis,</strong></span> 
     </span>
    </p>
   </div>
   <div class='ocr_carea' id='block_1_32' title="bbox 441 2918 2040 2992">
    <p class='ocr_par' dir='ltr' id='par_1_32' title="bbox 441 2918 2040 2992">
     <span class='ocr_line' id='line_1_32' title="bbox 441 2918 2040 2992; baseline -0.006 -12"><span class='ocrx_word' id='word_1_201' title='bbox 441 2925 499 2980; x_wconf 88' lang='lat' dir='ltr'><strong>in</strong></span> <span class='ocrx_word' id='word_1_202' title='bbox 517 2923 881 2978; x_wconf 85' lang='lat' dir='ltr'><strong>lucidissimis</strong></span> <span class='ocrx_word' id='word_1_203' title='bbox 896 2921 1278 2975; x_wconf 88' lang='lat' dir='ltr'><strong>mansionibus</strong></span> <span class='ocrx_word' id='word_1_204' title='bbox 1297 2922 1491 2992; x_wconf 81' lang='lat' dir='ltr'><strong>requie</strong></span> <span class='ocrx_word' id='word_1_205' title='bbox 1504 2920 1750 2975; x_wconf 85' lang='lat' dir='ltr'><strong>donavit.</strong></span> <span class='ocrx_word' id='word_1_206' title='bbox 1766 2918 2040 2986; x_wconf 80' lang='lat' dir='ltr'><strong>Quidnam</strong></span> 
     </span>
    </p>
   </div>
   <div class='ocr_carea' id='block_1_33' title="bbox 440 3011 2042 3074">
    <p class='ocr_par' dir='ltr' id='par_1_33' title="bbox 440 3011 2042 3074">
     <span class='ocr_line' id='line_1_33' title="bbox 440 3011 2042 3074; baseline -0.006 0"><span class='ocrx_word' id='word_1_207' title='bbox 440 3018 548 3074; x_wconf 86' lang='lat' dir='ltr'><strong>hoc</strong></span> <span class='ocrx_word' id='word_1_208' title='bbox 576 3018 655 3073; x_wconf 85' lang='lat' dir='ltr'><strong>rei</strong></span> <span class='ocrx_word' id='word_1_209' title='bbox 682 3028 769 3073; x_wconf 91' lang='lat' dir='ltr'><strong>cst</strong></span> <span class='ocrx_word' id='word_1_210' title='bbox 800 3019 823 3071; x_wconf 88' lang='lat'><strong>&#39;.&#39;</strong></span> <span class='ocrx_word' id='word_1_211' title='bbox 856 3017 940 3069; x_wconf 83' lang='lat' dir='ltr'><strong>An</strong></span> <span class='ocrx_word' id='word_1_212' title='bbox 973 3016 1088 3069; x_wconf 83' lang='lat' dir='ltr'><strong>vult</strong></span> <span class='ocrx_word' id='word_1_213' title='bbox 1118 3014 1237 3070; x_wconf 63' lang='lat' dir='ltr'><strong>haec</strong></span> <span class='ocrx_word' id='word_1_214' title='bbox 1269 3030 1454 3069; x_wconf 88' lang='lat' dir='ltr'><strong>rerum</strong></span> <span class='ocrx_word' id='word_1_215' title='bbox 1490 3012 1800 3071; x_wconf 69' lang='lat' dir='ltr'><strong>meonomia</strong></span> <span class='ocrx_word' id='word_1_216' title='bbox 1820 3026 1887 3066; x_wconf 88' lang='lat' dir='ltr'><strong>ac</strong></span> <span class='ocrx_word' id='word_1_217' title='bbox 1923 3011 2042 3065; x_wconf 89' lang='lat' dir='ltr'><strong>dis-</strong></span> 
     </span>
    </p>
   </div>
   <div class='ocr_carea' id='block_1_34' title="bbox 2149 512 3753 586">
    <p class='ocr_par' dir='ltr' id='par_1_34' title="bbox 2149 512 3753 586">
     <span class='ocr_line' id='line_1_34' title="bbox 2149 512 3753 586; baseline -0.001 -18"><span class='ocrx_word' id='word_1_218' title='bbox 2149 513 2422 586; x_wconf 81' lang='grc' dir='ltr'>Ἐκδημοι</span> <span class='ocrx_word' id='word_1_219' title='bbox 2467 516 2669 580; x_wconf 79' lang='grc' dir='ltr'><strong>τοίνυν,</strong></span> <span class='ocrx_word' id='word_1_220' title='bbox 2710 515 2787 580; x_wconf 87' lang='grc' dir='ltr'>ὼς</span> <span class='ocrx_word' id='word_1_221' title='bbox 2836 512 2949 570; x_wconf 80' lang='grc' dir='ltr'>οἷόν</span> <span class='ocrx_word' id='word_1_222' title='bbox 2983 532 3078 581; x_wconf 82' lang='grc' dir='ltr'><strong>τε,</strong></span> <span class='ocrx_word' id='word_1_223' title='bbox 3113 516 3213 584; x_wconf 80' lang='grc' dir='ltr'><strong>τῆς</strong></span> <span class='ocrx_word' id='word_1_224' title='bbox 3269 515 3495 586; x_wconf 77' lang='grc' dir='ltr'>σαρκὸς,</span> <span class='ocrx_word' id='word_1_225' title='bbox 3541 516 3639 568; x_wconf 80' lang='grc' dir='ltr'>καὶ</span> <span class='ocrx_word' id='word_1_226' title='bbox 3668 515 3753 585; x_wconf 82' lang='grc' dir='ltr'>τῷ</span> 
     </span>
    </p>
   </div>
   <div class='ocr_carea' id='block_1_35' title="bbox 2147 605 3750 678">
    <p class='ocr_par' dir='ltr' id='par_1_35' title="bbox 2147 605 3750 678">
     <span class='ocr_line' id='line_1_35' title="bbox 2147 605 3750 678; baseline -0.001 -17"><span class='ocrx_word' id='word_1_227' title='bbox 2147 606 2423 677; x_wconf 86' lang='grc' dir='ltr'>πνεύματι</span> <span class='ocrx_word' id='word_1_228' title='bbox 2462 606 2887 672; x_wconf 87' lang='grc' dir='ltr'>άλλοιωθέντες,</span> <span class='ocrx_word' id='word_1_229' title='bbox 2926 607 3245 677; x_wconf 79' lang='grc' dir='ltr'>δοξάσωμεν</span> <span class='ocrx_word' id='word_1_230' title='bbox 3302 609 3404 677; x_wconf 83' lang='grc' dir='ltr'>τὴν</span> <span class='ocrx_word' id='word_1_231' title='bbox 3451 605 3750 678; x_wconf 75' lang='grc' dir='ltr'>ἐκδημίαν,</span> 
     </span>
    </p>
   </div>
   <div class='ocr_carea' id='block_1_36' title="bbox 2145 699 3753 771">
    <p class='ocr_par' dir='ltr' id='par_1_36' title="bbox 2145 699 3753 771">
     <span class='ocr_line' id='line_1_36' title="bbox 2145 699 3753 771; baseline -0.002 -17"><span class='ocrx_word' id='word_1_232' title='bbox 2145 701 2241 754; x_wconf 80' lang='grc' dir='ltr'>καὶ</span> <span class='ocrx_word' id='word_1_233' title='bbox 2272 702 2595 771; x_wconf 83' lang='grc' dir='ltr'>πρέπουσαν</span> <span class='ocrx_word' id='word_1_234' title='bbox 2622 705 2739 766; x_wconf 86' lang='grc' dir='ltr'>τοῖς</span> <span class='ocrx_word' id='word_1_235' title='bbox 2767 700 3116 771; x_wconf 81' lang='grc' dir='ltr'><strong>τελουμένοις</strong></span> <span class='ocrx_word' id='word_1_236' title='bbox 3152 701 3253 771; x_wconf 85' lang='grc' dir='ltr'>τὴν</span> <span class='ocrx_word' id='word_1_237' title='bbox 3291 699 3630 753; x_wconf 78' lang='grc' dir='ltr'>κατάστασιν</span> <span class='ocrx_word' id='word_1_238' title='bbox 3660 701 3753 752; x_wconf 80' lang='grc' dir='ltr'><strong>ἑν-</strong></span> 
     </span>
    </p>
   </div>
   <div class='ocr_carea' id='block_1_37' title="bbox 2143 790 3750 863">
    <p class='ocr_par' dir='ltr' id='par_1_37' title="bbox 2143 790 3750 863">
     <span class='ocr_line' id='line_1_37' title="bbox 2143 790 3750 863; baseline 0.004 -20"><span class='ocrx_word' id='word_1_239' title='bbox 2143 790 2470 863; x_wconf 79' lang='grc' dir='ltr'>δειξὼμεθα.</span> <span class='ocrx_word' id='word_1_240' title='bbox 2504 791 2696 847; x_wconf 82' lang='grc' dir='ltr'>Πάντα</span> <span class='ocrx_word' id='word_1_241' title='bbox 2743 792 2815 845; x_wconf 86' lang='grc' dir='ltr'>τὰ</span> <span class='ocrx_word' id='word_1_242' title='bbox 2849 792 3066 861; x_wconf 87' lang='grc' dir='ltr'>πέρατα</span> <span class='ocrx_word' id='word_1_243' title='bbox 3106 792 3206 860; x_wconf 79' lang='grc' dir='ltr'>τῆς</span> <span class='ocrx_word' id='word_1_244' title='bbox 3251 790 3357 859; x_wconf 83' lang='grc' dir='ltr'><strong>γῆς</strong></span> <span class='ocrx_word' id='word_1_245' title='bbox 3392 792 3452 843; x_wconf 81' lang='grc' dir='ltr'>ὲν</span> <span class='ocrx_word' id='word_1_246' title='bbox 3493 790 3750 860; x_wconf 83' lang='grc' dir='ltr'>χαρμονῇ</span> 
     </span>
    </p>
   </div>
   <div class='ocr_carea' id='block_1_38' title="bbox 2144 881 3752 954">
    <p class='ocr_par' dir='ltr' id='par_1_38' title="bbox 2144 881 3752 954">
     <span class='ocr_line' id='line_1_38' title="bbox 2144 881 3752 954; baseline -0.001 -15"><span class='ocrx_word' id='word_1_247' title='bbox 2144 884 2491 953; x_wconf 83' lang='grc' dir='ltr'>ἁλαλαξάτω,</span> <span class='ocrx_word' id='word_1_248' title='bbox 2541 885 2610 939; x_wconf 71' lang='grc' dir='ltr'><strong>ἶν’</strong></span> <span class='ocrx_word' id='word_1_249' title='bbox 2649 887 2849 948; x_wconf 74' lang='grc' dir='ltr'>οἰκεῖος</span> <span class='ocrx_word' id='word_1_250' title='bbox 2892 887 2922 938; x_wconf 88' lang='grc' dir='ltr'><strong>ό</strong></span> <span class='ocrx_word' id='word_1_251' title='bbox 2966 882 3283 953; x_wconf 84' lang='grc' dir='ltr'>ἀλαλαγμὸς</span> <span class='ocrx_word' id='word_1_252' title='bbox 3326 884 3426 954; x_wconf 77' lang='grc' dir='ltr'><strong>τῆς</strong></span> <span class='ocrx_word' id='word_1_253' title='bbox 3479 881 3752 952; x_wconf 80' lang='grc' dir='ltr'>ἀγαλλιά-</span> 
     </span>
    </p>
   </div>
   <div class='ocr_carea' id='block_1_39' title="bbox 2144 973 3751 1050">
    <p class='ocr_par' dir='ltr' id='par_1_39' title="bbox 2144 973 3751 1050">
     <span class='ocr_line' id='line_1_39' title="bbox 2144 973 3751 1050; baseline -0.003 -19"><span class='ocrx_word' id='word_1_254' title='bbox 2144 995 2284 1042; x_wconf 90' lang='grc' dir='ltr'>σεως</span> <span class='ocrx_word' id='word_1_255' title='bbox 2402 979 2647 1049; x_wconf 80' lang='grc' dir='ltr'>Οὐρανὸς</span> <span class='ocrx_word' id='word_1_256' title='bbox 2677 977 3010 1032; x_wconf 81' lang='grc' dir='ltr'><strong>κοινωνείτω</strong></span> <span class='ocrx_word' id='word_1_257' title='bbox 3053 976 3152 1043; x_wconf 81' lang='grc' dir='ltr'>τῆς</span> <span class='ocrx_word' id='word_1_258' title='bbox 3195 973 3571 1047; x_wconf 83' lang='grc' dir='ltr'><strong>χαρμοσύνης,</strong></span> <span class='ocrx_word' id='word_1_259' title='bbox 3617 991 3751 1043; x_wconf 74' lang='grc' dir='ltr'>φαι-</span> 
     </span>
    </p>
   </div>
   <div class='ocr_carea' id='block_1_40' title="bbox 2141 1066 3734 1143">
    <p class='ocr_par' dir='ltr' id='par_1_40' title="bbox 2141 1066 3734 1143">
     <span class='ocr_line' id='line_1_40' title="bbox 2141 1066 3734 1143; baseline -0.003 -19"><span class='ocrx_word' id='word_1_260' title='bbox 2141 1070 2382 1143; x_wconf 81' lang='grc' dir='ltr'>δροτέρῳ</span> <span class='ocrx_word' id='word_1_261' title='bbox 2420 1070 2574 1129; x_wconf 83' lang='grc' dir='ltr'>ἄνθει</span> <span class='ocrx_word' id='word_1_262' title='bbox 2604 1070 3116 1142; x_wconf 84' lang='grc' dir='ltr'>περιλαμπόμενος,</span> <span class='ocrx_word' id='word_1_263' title='bbox 3163 1068 3261 1121; x_wconf 76' lang='grc' dir='ltr'>καὶ</span> <span class='ocrx_word' id='word_1_264' title='bbox 3288 1068 3427 1140; x_wconf 78' lang='grc' dir='ltr'>πρὸς</span> <span class='ocrx_word' id='word_1_265' title='bbox 3457 1066 3734 1137; x_wconf 78' lang='grc' dir='ltr'>ὑποδοχὴν</span> 
     </span>
    </p>
   </div>
   <div class='ocr_carea' id='block_1_41' title="bbox 2141 1162 3731 1236">
    <p class='ocr_par' dir='ltr' id='par_1_41' title="bbox 2141 1162 3731 1236">
     <span class='ocr_line' id='line_1_41' title="bbox 2141 1162 3731 1236; baseline -0.001 -19"><span class='ocrx_word' id='word_1_266' title='bbox 2141 1164 2372 1236; x_wconf 84' lang='grc' dir='ltr'>ούρανοῦ</span> <span class='ocrx_word' id='word_1_267' title='bbox 2407 1164 2503 1219; x_wconf 92' lang='grc' dir='ltr'><strong>τοῦ</strong></span> <span class='ocrx_word' id='word_1_268' title='bbox 2558 1164 2911 1236; x_wconf 79' lang='grc' dir='ltr'>ὲντιμοτέρου</span> <span class='ocrx_word' id='word_1_269' title='bbox 2957 1163 3394 1235; x_wconf 78' lang='grc' dir='ltr'>ὲξανοιγόμενος.</span> <span class='ocrx_word' id='word_1_270' title='bbox 3454 1162 3571 1226; x_wconf 80' lang='grc' dir='ltr'><strong>Πᾶς</strong></span> <span class='ocrx_word' id='word_1_271' title='bbox 3600 1162 3632 1215; x_wconf 84' lang='grc' dir='ltr'><strong>ό</strong></span> <span class='ocrx_word' id='word_1_272' title='bbox 3670 1164 3731 1215; x_wconf 72' lang='grc' dir='ltr'>δν</span> 
     </span>
    </p>
   </div>
   <div class='ocr_carea' id='block_1_42' title="bbox 2141 1254 3751 1330">
    <p class='ocr_par' dir='ltr' id='par_1_42' title="bbox 2141 1254 3751 1330">
     <span class='ocr_line' id='line_1_42' title="bbox 2141 1254 3751 1330; baseline -0.002 -18"><span class='ocrx_word' id='word_1_273' title='bbox 2141 1257 2292 1330; x_wconf 78' lang='grc' dir='ltr'>αὐτῷ</span> <span class='ocrx_word' id='word_1_274' title='bbox 2318 1257 2758 1329; x_wconf 81' lang='grc' dir='ltr'>παρευφημείτω</span> <span class='ocrx_word' id='word_1_275' title='bbox 2796 1258 3117 1328; x_wconf 87' lang='grc' dir='ltr'>διάκοσμος.</span> <span class='ocrx_word' id='word_1_276' title='bbox 3166 1255 3414 1329; x_wconf 74' lang='grc' dir='ltr'>Γαϐριὴλ</span> <span class='ocrx_word' id='word_1_277' title='bbox 3466 1254 3751 1328; x_wconf 66' lang='grc' dir='ltr'>ἐξαρχέτω</span> 
     </span>
    </p>
   </div>
   <div class='ocr_carea' id='block_1_43' title="bbox 2139 1349 3751 1423">
    <p class='ocr_par' dir='ltr' id='par_1_43' title="bbox 2139 1349 3751 1423">
     <span class='ocr_line' id='line_1_43' title="bbox 2139 1349 3751 1423; baseline 0.001 -19"><span class='ocrx_word' id='word_1_278' title='bbox 2139 1351 2240 1421; x_wconf 84' lang='grc' dir='ltr'><strong>τῆς</strong></span> <span class='ocrx_word' id='word_1_279' title='bbox 2274 1350 2576 1421; x_wconf 84' lang='grc' dir='ltr'>εὐφημίας,</span> <span class='ocrx_word' id='word_1_280' title='bbox 2628 1349 2727 1405; x_wconf 76' lang='grc' dir='ltr'><strong>ἅτε</strong></span> <span class='ocrx_word' id='word_1_281' title='bbox 2757 1350 2845 1421; x_wconf 87' lang='grc' dir='ltr'><strong>δὴ,</strong></span> <span class='ocrx_word' id='word_1_282' title='bbox 2884 1350 2991 1422; x_wconf 82' lang='grc' dir='ltr'><strong>πρὸ</strong></span> <span class='ocrx_word' id='word_1_283' title='bbox 3031 1350 3143 1405; x_wconf 90' lang='grc' dir='ltr'><strong>τῶν</strong></span> <span class='ocrx_word' id='word_1_284' title='bbox 3174 1351 3355 1406; x_wconf 78' lang='grc' dir='ltr'>ἄλλων</span> <span class='ocrx_word' id='word_1_285' title='bbox 3393 1350 3633 1423; x_wconf 77' lang='grc' dir='ltr'><strong>συνήθης</strong></span> <span class='ocrx_word' id='word_1_286' title='bbox 3669 1349 3751 1405; x_wconf 85' lang='grc' dir='ltr'>ὣν</span> 
     </span>
    </p>
   </div>
   <div class='ocr_carea' id='block_1_44' title="bbox 2141 1442 3745 1514">
    <p class='ocr_par' dir='ltr' id='par_1_44' title="bbox 2141 1442 3745 1514">
     <span class='ocr_line' id='line_1_44' title="bbox 2141 1442 3745 1514; baseline 0.001 -18"><span class='ocrx_word' id='word_1_287' title='bbox 2141 1444 2200 1496; x_wconf 79' lang='grc' dir='ltr'><strong>ὲν</strong></span> <span class='ocrx_word' id='word_1_288' title='bbox 2227 1443 2305 1513; x_wconf 82' lang='grc' dir='ltr'>τῷ</span> <span class='ocrx_word' id='word_1_289' title='bbox 2337 1442 2856 1513; x_wconf 86' lang='grc' dir='ltr'>λελειτουργηκέναι</span> <span class='ocrx_word' id='word_1_290' title='bbox 2882 1446 2995 1506; x_wconf 91' lang='grc' dir='ltr'>τοῖς</span> <span class='ocrx_word' id='word_1_291' title='bbox 3021 1443 3316 1514; x_wconf 74' lang='grc' dir='ltr'>ἀκράντοις</span> <span class='ocrx_word' id='word_1_292' title='bbox 3344 1444 3707 1514; x_wconf 81' lang='grc' dir='ltr'>νυμφεύμασι</span> <span class='ocrx_word' id='word_1_293' title='bbox 3727 1460 3745 1477; x_wconf 77' lang='grc' dir='ltr'><strong>ο</strong></span> 
     </span>
    </p>
   </div>
   <div class='ocr_carea' id='block_1_45' title="bbox 2145 1534 3749 1607">
    <p class='ocr_par' dir='ltr' id='par_1_45' title="bbox 2145 1534 3749 1607">
     <span class='ocr_line' id='line_1_45' title="bbox 2145 1534 3749 1607; baseline 0.001 -18"><span class='ocrx_word' id='word_1_294' title='bbox 2145 1536 2349 1605; x_wconf 84' lang='grc' dir='ltr'>μᾶλλον</span> <span class='ocrx_word' id='word_1_295' title='bbox 2393 1534 2452 1588; x_wconf 81' lang='grc' dir='ltr'><strong>δὲ</strong></span> <span class='ocrx_word' id='word_1_296' title='bbox 2500 1535 2727 1606; x_wconf 74' lang='grc' dir='ltr'>ἐξάρχει</span> <span class='ocrx_word' id='word_1_297' title='bbox 2777 1534 3253 1607; x_wconf 74' lang='grc' dir='ltr'><strong>ἐπιφθεγγόμενος</strong></span> <span class='ocrx_word' id='word_1_298' title='bbox 3282 1536 3351 1591; x_wconf 77' lang='grc' dir='ltr'><strong>τά</strong></span> <span class='ocrx_word' id='word_1_299' title='bbox 3392 1537 3615 1607; x_wconf 72' lang='grc' dir='ltr'>ῥήματα</span> <span class='ocrx_word' id='word_1_300' title='bbox 3642 1536 3749 1606; x_wconf 81' lang='grc' dir='ltr'>τῆς</span> 
     </span>
    </p>
   </div>
   <div class='ocr_carea' id='block_1_46' title="bbox 2141 1622 3745 1699">
    <p class='ocr_par' dir='ltr' id='par_1_46' title="bbox 2141 1622 3745 1699">
     <span class='ocr_line' id='line_1_46' title="bbox 2141 1622 3745 1699; baseline 0.001 -19"><span class='ocrx_word' id='word_1_301' title='bbox 2141 1628 2340 1698; x_wconf 81' lang='grc' dir='ltr'>χαρᾶς,</span> <span class='ocrx_word' id='word_1_302' title='bbox 2373 1622 2457 1691; x_wconf 79' lang='grc' dir='ltr'>οἷς</span> <span class='ocrx_word' id='word_1_303' title='bbox 2484 1629 2587 1699; x_wconf 83' lang='grc' dir='ltr'>ὁρᾷ</span> <span class='ocrx_word' id='word_1_304' title='bbox 2605 1626 2699 1681; x_wconf 91' lang='grc' dir='ltr'><strong>τοῦ</strong></span> <span class='ocrx_word' id='word_1_305' title='bbox 2724 1627 3000 1680; x_wconf 89' lang='grc' dir='ltr'>Δεσπότου</span> <span class='ocrx_word' id='word_1_306' title='bbox 3028 1628 3258 1697; x_wconf 82' lang='grc' dir='ltr'><strong>Μητέρα</strong></span> <span class='ocrx_word' id='word_1_307' title='bbox 3284 1629 3364 1691; x_wconf 80' lang='grc' dir='ltr'>εἰς</span> <span class='ocrx_word' id='word_1_308' title='bbox 3390 1628 3461 1680; x_wconf 85' lang='grc' dir='ltr'>τὰ</span> <span class='ocrx_word' id='word_1_309' title='bbox 3492 1628 3587 1681; x_wconf 87' lang='grc' dir='ltr'><strong>τοῦ</strong></span> <span class='ocrx_word' id='word_1_310' title='bbox 3608 1627 3745 1681; x_wconf 80' lang='grc' dir='ltr'>Υίοῦ</span> 
     </span>
    </p>
   </div>
   <div class='ocr_carea' id='block_1_47' title="bbox 2143 1710 3746 1791">
    <p class='ocr_par' dir='ltr' id='par_1_47' title="bbox 2143 1710 3746 1791">
     <span class='ocr_line' id='line_1_47' title="bbox 2143 1710 3746 1791; baseline 0.001 -19"><span class='ocrx_word' id='word_1_311' title='bbox 2143 1720 2669 1791; x_wconf 79' lang='grc' dir='ltr'>ὲγκατοικιζομένην</span> <span class='ocrx_word' id='word_1_312' title='bbox 2690 1720 2958 1789; x_wconf 75' lang='grc' dir='ltr'>βασίλεια.</span> <span class='ocrx_word' id='word_1_313' title='bbox 2991 1721 3058 1774; x_wconf 84' lang='grc' dir='ltr'>Ἣ</span> <span class='ocrx_word' id='word_1_314' title='bbox 3076 1720 3186 1789; x_wconf 84' lang='grc' dir='ltr'>γὰρ</span> <span class='ocrx_word' id='word_1_315' title='bbox 3204 1718 3546 1790; x_wconf 84' lang='grc' dir='ltr'>θεοχὼρητος</span> <span class='ocrx_word' id='word_1_316' title='bbox 3567 1710 3746 1790; x_wconf 76' lang='grc' dir='ltr'>σκηνὴ</span> 
     </span>
    </p>
   </div>
   <div class='ocr_carea' id='block_1_48' title="bbox 2144 1812 3748 1888">
    <p class='ocr_par' dir='ltr' id='par_1_48' title="bbox 2144 1812 3748 1888">
     <span class='ocr_line' id='line_1_48' title="bbox 2144 1812 3748 1888; baseline -0.003 -18"><span class='ocrx_word' id='word_1_317' title='bbox 2144 1817 2255 1870; x_wconf 83' lang='grc' dir='ltr'><strong>τῶν</strong></span> <span class='ocrx_word' id='word_1_318' title='bbox 2308 1816 2590 1886; x_wconf 82' lang='grc' dir='ltr'><strong>λυομένων</strong></span> <span class='ocrx_word' id='word_1_319' title='bbox 2646 1817 2960 1888; x_wconf 82' lang='grc' dir='ltr'>ἀπαίρουσα</span> <span class='ocrx_word' id='word_1_320' title='bbox 3022 1816 3424 1886; x_wconf 81' lang='grc' dir='ltr'>σκηνωμάτων,</span> <span class='ocrx_word' id='word_1_321' title='bbox 3487 1812 3625 1885; x_wconf 76' lang='grc' dir='ltr'>πρὸς</span> <span class='ocrx_word' id='word_1_322' title='bbox 3672 1812 3748 1866; x_wconf 66' lang='grc' dir='ltr'>τὰ</span> 
     </span>
    </p>
   </div>
   <div class='ocr_carea' id='block_1_49' title="bbox 2150 1903 3747 1982">
    <p class='ocr_par' dir='ltr' id='par_1_49' title="bbox 2150 1903 3747 1982">
     <span class='ocr_line' id='line_1_49' title="bbox 2150 1903 3747 1982; baseline -0.006 -17"><span class='ocrx_word' id='word_1_323' title='bbox 2150 1910 2383 1982; x_wconf 85' lang='grc' dir='ltr'>μένοντα</span> <span class='ocrx_word' id='word_1_324' title='bbox 2416 1908 2812 1980; x_wconf 74' lang='grc' dir='ltr'>μετοικίζεται,</span> <span class='ocrx_word' id='word_1_325' title='bbox 2842 1907 2940 1962; x_wconf 80' lang='grc' dir='ltr'><strong>καὶ</strong></span> <span class='ocrx_word' id='word_1_326' title='bbox 2969 1907 3065 1960; x_wconf 85' lang='grc' dir='ltr'><strong>τοῦ</strong></span> <span class='ocrx_word' id='word_1_327' title='bbox 3099 1907 3316 1978; x_wconf 78' lang='grc' dir='ltr'>ῥέοντος</span> <span class='ocrx_word' id='word_1_328' title='bbox 3352 1904 3491 1976; x_wconf 85' lang='grc' dir='ltr'>βίου,</span> <span class='ocrx_word' id='word_1_329' title='bbox 3523 1903 3747 1974; x_wconf 82' lang='grc' dir='ltr'>ἀμείϐει</span> 
     </span>
    </p>
   </div>
   <div class='ocr_carea' id='block_1_50' title="bbox 2145 1998 3743 2074">
    <p class='ocr_par' dir='ltr' id='par_1_50' title="bbox 2145 1998 3743 2074">
     <span class='ocr_line' id='line_1_50' title="bbox 2145 1998 3743 2074; baseline -0.004 -18"><span class='ocrx_word' id='word_1_330' title='bbox 2145 2004 2239 2058; x_wconf 83' lang='grc' dir='ltr'><strong>τδν</strong></span> <span class='ocrx_word' id='word_1_331' title='bbox 2261 2004 2547 2074; x_wconf 78' lang='grc' dir='ltr'>ἄρευστον.</span> <span class='ocrx_word' id='word_1_332' title='bbox 2570 2003 2745 2072; x_wconf 80' lang='grc' dir='ltr'>Γῆθεν</span> <span class='ocrx_word' id='word_1_333' title='bbox 2761 2000 2902 2072; x_wconf 76' lang='grc' dir='ltr'>πρὸς</span> <span class='ocrx_word' id='word_1_334' title='bbox 2921 2001 3182 2072; x_wconf 79' lang='grc' dir='ltr'>οὐρανοὺς</span> <span class='ocrx_word' id='word_1_335' title='bbox 3200 1998 3743 2070; x_wconf 80' lang='grc' dir='ltr'>διαπορθμευομένη,</span> 
     </span>
    </p>
   </div>
   <div class='ocr_carea' id='block_1_51' title="bbox 2143 2091 3741 2167">
    <p class='ocr_par' dir='ltr' id='par_1_51' title="bbox 2143 2091 3741 2167">
     <span class='ocr_line' id='line_1_51' title="bbox 2143 2091 3741 2167; baseline -0.003 -18"><span class='ocrx_word' id='word_1_336' title='bbox 2143 2099 2178 2166; x_wconf 81' lang='grc' dir='ltr'><strong>ἡ</strong></span> <span class='ocrx_word' id='word_1_337' title='bbox 2208 2096 2557 2167; x_wconf 70' lang='grc' dir='ltr'>διαϐατήριον</span> <span class='ocrx_word' id='word_1_338' title='bbox 2585 2097 2697 2159; x_wconf 82' lang='grc' dir='ltr'>τοῖς</span> <span class='ocrx_word' id='word_1_339' title='bbox 2735 2096 2793 2149; x_wconf 78' lang='grc' dir='ltr'><strong>ὲν</strong></span> <span class='ocrx_word' id='word_1_340' title='bbox 2824 2097 2895 2166; x_wconf 84' lang='grc' dir='ltr'>γῇ</span> <span class='ocrx_word' id='word_1_341' title='bbox 2921 2093 3191 2165; x_wconf 80' lang='grc' dir='ltr'>γενομένη</span> <span class='ocrx_word' id='word_1_342' title='bbox 3222 2093 3360 2164; x_wconf 78' lang='grc' dir='ltr'>πρὸς</span> <span class='ocrx_word' id='word_1_343' title='bbox 3389 2093 3458 2146; x_wconf 85' lang='grc' dir='ltr'>τὰ</span> <span class='ocrx_word' id='word_1_344' title='bbox 3490 2091 3741 2163; x_wconf 77' lang='grc' dir='ltr'><strong>οὐράνια⁹</strong></span> 
     </span>
    </p>
   </div>
   <div class='ocr_carea' id='block_1_52' title="bbox 2146 2185 3743 2260">
    <p class='ocr_par' dir='ltr' id='par_1_52' title="bbox 2146 2185 3743 2260">
     <span class='ocr_line' id='line_1_52' title="bbox 2146 2185 3743 2260; baseline -0.003 -16"><span class='ocrx_word' id='word_1_345' title='bbox 2146 2190 2193 2244; x_wconf 84' lang='grc' dir='ltr'><strong>ὣ</strong></span> <span class='ocrx_word' id='word_1_346' title='bbox 2218 2190 2312 2244; x_wconf 87' lang='grc' dir='ltr'><strong>τοῦ</strong></span> <span class='ocrx_word' id='word_1_347' title='bbox 2355 2189 2669 2259; x_wconf 82' lang='grc' dir='ltr'>θαύματοςι</span> <span class='ocrx_word' id='word_1_348' title='bbox 2703 2189 2781 2260; x_wconf 83' lang='grc' dir='ltr'>τῷ</span> <span class='ocrx_word' id='word_1_349' title='bbox 2811 2189 3027 2258; x_wconf 87' lang='grc' dir='ltr'>ἀμειδεί</span> <span class='ocrx_word' id='word_1_350' title='bbox 3061 2189 3278 2259; x_wconf 77' lang='grc' dir='ltr'>θανάτῳ</span> <span class='ocrx_word' id='word_1_351' title='bbox 3318 2185 3676 2257; x_wconf 83' lang='grc' dir='ltr'>προσομιλεῖ.</span> <span class='ocrx_word' id='word_1_352' title='bbox 3706 2186 3743 2256; x_wconf 85' lang='grc' dir='ltr'><strong>ή</strong></span> 
     </span>
    </p>
   </div>
   <div class='ocr_carea' id='block_1_53' title="bbox 2144 2277 3745 2357">
    <p class='ocr_par' dir='ltr' id='par_1_53' title="bbox 2144 2277 3745 2357">
     <span class='ocr_line' id='line_1_53' title="bbox 2144 2277 3745 2357; baseline -0.002 -21"><span class='ocrx_word' id='word_1_353' title='bbox 2144 2285 2246 2356; x_wconf 84' lang='grc' dir='ltr'>τῆς</span> <span class='ocrx_word' id='word_1_354' title='bbox 2306 2285 2545 2357; x_wconf 82' lang='grc' dir='ltr'>φρικτῆς</span> <span class='ocrx_word' id='word_1_355' title='bbox 2597 2285 2807 2338; x_wconf 75' lang='grc' dir='ltr'>ἐκείνου</span> <span class='ocrx_word' id='word_1_356' title='bbox 2861 2283 3078 2354; x_wconf 81' lang='grc' dir='ltr'>ὁμιλίας</span> <span class='ocrx_word' id='word_1_357' title='bbox 3132 2282 3233 2353; x_wconf 86' lang='grc' dir='ltr'>τὴν</span> <span class='ocrx_word' id='word_1_358' title='bbox 3279 2280 3605 2348; x_wconf 75' lang='grc' dir='ltr'>ἀπαλλαγὴν</span> <span class='ocrx_word' id='word_1_359' title='bbox 3660 2277 3745 2349; x_wconf 82' lang='grc' dir='ltr'><strong>τῷ</strong></span> 
     </span>
    </p>
   </div>
   <div class='ocr_carea' id='block_1_54' title="bbox 2145 2371 3744 2450">
    <p class='ocr_par' dir='ltr' id='par_1_54' title="bbox 2145 2371 3744 2450">
     <span class='ocr_line' id='line_1_54' title="bbox 2145 2371 3744 2450; baseline -0.004 -18"><span class='ocrx_word' id='word_1_360' title='bbox 2145 2378 2295 2447; x_wconf 81' lang='grc' dir='ltr'>γένει</span> <span class='ocrx_word' id='word_1_361' title='bbox 2326 2378 2762 2450; x_wconf 79' lang='grc' dir='ltr'>παρασχομένη·</span> <span class='ocrx_word' id='word_1_362' title='bbox 2791 2377 2887 2430; x_wconf 75' lang='grc' dir='ltr'><strong>καὶ</strong></span> <span class='ocrx_word' id='word_1_363' title='bbox 2927 2375 3154 2444; x_wconf 81' lang='grc' dir='ltr'>λαγόνες</span> <span class='ocrx_word' id='word_1_364' title='bbox 3192 2373 3503 2446; x_wconf 82' lang='grc' dir='ltr'>κρύπτουσι</span> <span class='ocrx_word' id='word_1_365' title='bbox 3546 2371 3744 2443; x_wconf 84' lang='grc' dir='ltr'>φθορο-</span> 
     </span>
    </p>
   </div>
   <div class='ocr_carea' id='block_1_55' title="bbox 2146 2463 3743 2542">
    <p class='ocr_par' dir='ltr' id='par_1_55' title="bbox 2146 2463 3743 2542">
     <span class='ocr_line' id='line_1_55' title="bbox 2146 2463 3743 2542; baseline -0.006 -17"><span class='ocrx_word' id='word_1_366' title='bbox 2146 2469 2314 2537; x_wconf 70' lang='grc' dir='ltr'>ποιοὶ,</span> <span class='ocrx_word' id='word_1_367' title='bbox 2348 2463 2418 2542; x_wconf 78' lang='grc' dir='ltr'>ἦς</span> <span class='ocrx_word' id='word_1_368' title='bbox 2458 2469 2694 2540; x_wconf 75' lang='grc' dir='ltr'><strong>ἐξεφάνη</strong></span> <span class='ocrx_word' id='word_1_369' title='bbox 2730 2468 3034 2538; x_wconf 89' lang='grc' dir='ltr'>λαγόνωνὴ</span> <span class='ocrx_word' id='word_1_370' title='bbox 3091 2466 3392 2539; x_wconf 77' lang='grc' dir='ltr'>ἁφθαρσία,</span> <span class='ocrx_word' id='word_1_371' title='bbox 3425 2467 3523 2520; x_wconf 76' lang='grc' dir='ltr'>καὶ</span> <span class='ocrx_word' id='word_1_372' title='bbox 3560 2465 3743 2534; x_wconf 84' lang='grc' dir='ltr'>ἀφεγ-</span> 
     </span>
    </p>
   </div>
   <div class='ocr_carea' id='block_1_56' title="bbox 2146 2558 3747 2633">
    <p class='ocr_par' dir='ltr' id='par_1_56' title="bbox 2146 2558 3747 2633">
     <span class='ocr_line' id='line_1_56' title="bbox 2146 2558 3747 2633; baseline -0.004 -15"><span class='ocrx_word' id='word_1_373' title='bbox 2146 2564 2271 2633; x_wconf 85' lang='grc' dir='ltr'>γέσι</span> <span class='ocrx_word' id='word_1_374' title='bbox 2321 2563 2589 2628; x_wconf 81' lang='grc' dir='ltr'>ξενίζεται</span> <span class='ocrx_word' id='word_1_375' title='bbox 2634 2563 2918 2628; x_wconf 83' lang='grc' dir='ltr'>κενεῶσιν,</span> <span class='ocrx_word' id='word_1_376' title='bbox 2947 2562 2980 2633; x_wconf 78' lang='grc' dir='ltr'><strong>ἡ</strong></span> <span class='ocrx_word' id='word_1_377' title='bbox 3014 2562 3145 2624; x_wconf 75' lang='grc' dir='ltr'>τοὺς</span> <span class='ocrx_word' id='word_1_378' title='bbox 3172 2561 3230 2615; x_wconf 81' lang='grc' dir='ltr'><strong>ὲν</strong></span> <span class='ocrx_word' id='word_1_379' title='bbox 3275 2559 3523 2629; x_wconf 81' lang='grc' dir='ltr'>ἀλαμπεῖ</span> <span class='ocrx_word' id='word_1_380' title='bbox 3552 2558 3747 2611; x_wconf 84' lang='grc' dir='ltr'>ταλαι-</span> 
     </span>
    </p>
   </div>
   <div class='ocr_carea' id='block_1_57' title="bbox 2148 2649 3747 2725">
    <p class='ocr_par' dir='ltr' id='par_1_57' title="bbox 2148 2649 3747 2725">
     <span class='ocr_line' id='line_1_57' title="bbox 2148 2649 3747 2725; baseline -0.006 -15"><span class='ocrx_word' id='word_1_381' title='bbox 2148 2655 2541 2725; x_wconf 82' lang='grc' dir='ltr'>πωρουμένους</span> <span class='ocrx_word' id='word_1_382' title='bbox 2587 2654 2948 2725; x_wconf 74' lang='grc' dir='ltr'>στενοχωρία,</span> <span class='ocrx_word' id='word_1_383' title='bbox 2999 2650 3383 2721; x_wconf 83' lang='grc' dir='ltr'>φαεινοτάταις</span> <span class='ocrx_word' id='word_1_384' title='bbox 3422 2653 3481 2704; x_wconf 84' lang='grc' dir='ltr'><strong>ὲν</strong></span> <span class='ocrx_word' id='word_1_385' title='bbox 3522 2649 3747 2720; x_wconf 80' lang='grc' dir='ltr'>λήξεσιν</span> 
     </span>
    </p>
   </div>
   <div class='ocr_carea' id='block_1_58' title="bbox 2147 2742 3748 2816">
    <p class='ocr_par' dir='ltr' id='par_1_58' title="bbox 2147 2742 3748 2816">
     <span class='ocr_line' id='line_1_58' title="bbox 2147 2742 3748 2816; baseline -0.005 -14"><span class='ocrx_word' id='word_1_386' title='bbox 2147 2748 2537 2802; x_wconf 83' lang='grc' dir='ltr'>ἀναπαύσασα.</span> <span class='ocrx_word' id='word_1_387' title='bbox 2570 2747 2637 2799; x_wconf 92' lang='grc' dir='ltr'>Τί</span> <span class='ocrx_word' id='word_1_388' title='bbox 2674 2744 2869 2810; x_wconf 87' lang='grc' dir='ltr'>τοῦτο;</span> <span class='ocrx_word' id='word_1_389' title='bbox 2901 2746 2974 2798; x_wconf 83' lang='grc' dir='ltr'><strong>Ἢ</strong></span> <span class='ocrx_word' id='word_1_390' title='bbox 3011 2744 3266 2816; x_wconf 85' lang='grc' dir='ltr'>βούλεται</span> <span class='ocrx_word' id='word_1_391' title='bbox 3294 2746 3326 2813; x_wconf 86' lang='grc' dir='ltr'><strong>ἡ</strong></span> <span class='ocrx_word' id='word_1_392' title='bbox 3352 2744 3446 2796; x_wconf 89' lang='grc' dir='ltr'><strong>τοῦ</strong></span> <span class='ocrx_word' id='word_1_393' title='bbox 3476 2742 3748 2814; x_wconf 79' lang='grc' dir='ltr'>πράγμα-</span> 
     </span>
    </p>
   </div>
   <div class='ocr_carea' id='block_1_59' title="bbox 2147 2835 3747 2909">
    <p class='ocr_par' dir='ltr' id='par_1_59' title="bbox 2147 2835 3747 2909">
     <span class='ocr_line' id='line_1_59' title="bbox 2147 2835 3747 2909; baseline -0.005 -15"><span class='ocrx_word' id='word_1_394' title='bbox 2147 2857 2241 2904; x_wconf 90' lang='grc' dir='ltr'><strong>τος</strong></span> <span class='ocrx_word' id='word_1_395' title='bbox 2287 2841 2591 2909; x_wconf 83' lang='grc' dir='ltr'>οἰκονομία,</span> <span class='ocrx_word' id='word_1_396' title='bbox 2629 2838 2731 2909; x_wconf 81' lang='grc' dir='ltr'>τὴν</span> <span class='ocrx_word' id='word_1_397' title='bbox 2770 2837 2958 2909; x_wconf 83' lang='grc' dir='ltr'>κοινὴν</span> <span class='ocrx_word' id='word_1_398' title='bbox 2999 2837 3101 2905; x_wconf 81' lang='grc' dir='ltr'>τῆς</span> <span class='ocrx_word' id='word_1_399' title='bbox 3131 2835 3228 2889; x_wconf 87' lang='grc' dir='ltr'><strong>τοῦ</strong></span> <span class='ocrx_word' id='word_1_400' title='bbox 3262 2835 3580 2905; x_wconf 81' lang='grc' dir='ltr'>πλάσματος</span> <span class='ocrx_word' id='word_1_401' title='bbox 3607 2836 3747 2889; x_wconf 78' lang='grc' dir='ltr'>ἁνα-</span> 
     </span>
    </p>
   </div>
   <div class='ocr_carea' id='block_1_60' title="bbox 2152 2928 3747 3003">
    <p class='ocr_par' dir='ltr' id='par_1_60' title="bbox 2152 2928 3747 3003">
     <span class='ocr_line' id='line_1_60' title="bbox 2152 2928 3747 3003; baseline -0.002 -19"><span class='ocrx_word' id='word_1_402' title='bbox 2152 2933 2404 2995; x_wconf 84' lang='grc' dir='ltr'>πλάσεως</span> <span class='ocrx_word' id='word_1_403' title='bbox 2453 2932 2656 2993; x_wconf 82' lang='grc' dir='ltr'>αἰτίαν,</span> <span class='ocrx_word' id='word_1_404' title='bbox 2711 2933 2778 3003; x_wconf 75' lang='grc' dir='ltr'>τῇ</span> <span class='ocrx_word' id='word_1_405' title='bbox 2812 2932 2967 3001; x_wconf 80' lang='grc' dir='ltr'>κοινῇ</span> <span class='ocrx_word' id='word_1_406' title='bbox 3022 2928 3133 2983; x_wconf 92' lang='grc' dir='ltr'><strong>τῶν</strong></span> <span class='ocrx_word' id='word_1_407' title='bbox 3179 2928 3487 3000; x_wconf 80' lang='grc' dir='ltr'>ἀνθρώπιον</span> <span class='ocrx_word' id='word_1_408' title='bbox 3514 2928 3619 2997; x_wconf 78' lang='grc' dir='ltr'>τῆς</span> <span class='ocrx_word' id='word_1_409' title='bbox 3652 2929 3747 2981; x_wconf 82' lang='grc' dir='ltr'><strong>ἐν-</strong></span> 
     </span>
    </p>
   </div>
   <div class='ocr_carea' id='block_1_61' title="bbox 2151 3021 3745 3095">
    <p class='ocr_par' dir='ltr' id='par_1_61' title="bbox 2151 3021 3745 3095">
     <span class='ocr_line' id='line_1_61' title="bbox 2151 3021 3745 3095; baseline -0.005 -16"><span class='ocrx_word' id='word_1_410' title='bbox 2151 3024 2344 3079; x_wconf 89' lang='grc' dir='ltr'>τεῦθεν</span> <span class='ocrx_word' id='word_1_411' title='bbox 2370 3026 2777 3095; x_wconf 81' lang='grc' dir='ltr'>ἀναχωρήσεως</span> <span class='ocrx_word' id='word_1_412' title='bbox 2808 3022 3094 3095; x_wconf 71' lang='grc' dir='ltr'>συνηθείᾳ,</span> <span class='ocrx_word' id='word_1_413' title='bbox 3124 3022 3220 3076; x_wconf 74' lang='grc' dir='ltr'>καὶ</span> <span class='ocrx_word' id='word_1_414' title='bbox 3250 3021 3425 3090; x_wconf 79' lang='grc' dir='ltr'>αὐτὴν</span> <span class='ocrx_word' id='word_1_415' title='bbox 3456 3021 3745 3090; x_wconf 81' lang='grc' dir='ltr'>ἀπαίρειν,</span> 
     </span>
    </p>
   </div>
   <div class='ocr_carea' id='block_1_62' title="bbox 445 3105 2043 3190">
    <p class='ocr_par' dir='ltr' id='par_1_62' title="bbox 445 3105 2043 3183">
     <span class='ocr_line' id='line_1_62' title="bbox 445 3105 2043 3183; baseline -0.005 -19"><span class='ocrx_word' id='word_1_416' title='bbox 445 3111 674 3183; x_wconf 88' lang='lat' dir='ltr'><strong>positio,</strong></span> <span class='ocrx_word' id='word_1_417' title='bbox 724 3118 785 3163; x_wconf 89' lang='lat' dir='ltr'><strong>ut</strong></span> <span class='ocrx_word' id='word_1_418' title='bbox 803 3109 921 3179; x_wconf 91' lang='lat' dir='ltr'><strong>ipsa</strong></span> <span class='ocrx_word' id='word_1_419' title='bbox 943 3122 1185 3178; x_wconf 90' lang='lat' dir='ltr'><strong>quoque,</strong></span> <span class='ocrx_word' id='word_1_420' title='bbox 1208 3121 1331 3178; x_wconf 76' lang='lat' dir='ltr'><strong>qua:</strong></span> <span class='ocrx_word' id='word_1_421' title='bbox 1349 3106 1771 3161; x_wconf 89' lang='lat' dir='ltr'><strong>instaurationis</strong></span> <span class='ocrx_word' id='word_1_422' title='bbox 1794 3105 2043 3158; x_wconf 71' lang='lat' dir='ltr'><strong>humana:</strong></span> 
     </span>
    </p>
   </div>
   <div class='ocr_carea' id='block_1_63' title="bbox 2148 3105 3745 3190">
    <p class='ocr_par' dir='ltr' id='par_1_63' title="bbox 2152 3113 3745 3190">
     <span class='ocr_line' id='line_1_63' title="bbox 2152 3113 3745 3190; baseline -0.004 -17"><span class='ocrx_word' id='word_1_423' title='bbox 2152 3118 2241 3173; x_wconf 80' lang='grc' dir='ltr'>ἵνα</span> <span class='ocrx_word' id='word_1_424' title='bbox 2272 3118 2347 3190; x_wconf 77' lang='grc' dir='ltr'><strong>μὴ</strong></span> <span class='ocrx_word' id='word_1_425' title='bbox 2389 3119 2450 3172; x_wconf 84' lang='grc' dir='ltr'><strong>τὸ</strong></span> <span class='ocrx_word' id='word_1_426' title='bbox 2489 3118 2669 3171; x_wconf 78' lang='grc' dir='ltr'>πάντα</span> <span class='ocrx_word' id='word_1_427' title='bbox 2713 3119 3085 3187; x_wconf 87' lang='grc' dir='ltr'>καινοτομεῖν,</span> <span class='ocrx_word' id='word_1_428' title='bbox 3127 3114 3228 3187; x_wconf 79' lang='grc' dir='ltr'>τὴν</span> <span class='ocrx_word' id='word_1_429' title='bbox 3270 3114 3435 3185; x_wconf 86' lang='grc' dir='ltr'>φύσιν</span> <span class='ocrx_word' id='word_1_430' title='bbox 3471 3113 3572 3183; x_wconf 80' lang='grc' dir='ltr'>τῆς</span> <span class='ocrx_word' id='word_1_431' title='bbox 3607 3130 3745 3184; x_wconf 80' lang='grc' dir='ltr'>συγ-</span> 
     </span>
    </p>
   </div>
   <div class='ocr_carea' id='block_1_64' title="bbox 443 3196 2045 3265">
    <p class='ocr_par' dir='ltr' id='par_1_64' title="bbox 443 3196 2045 3265">
     <span class='ocr_line' id='line_1_64' title="bbox 443 3196 2045 3265; baseline -0.006 -4"><span class='ocrx_word' id='word_1_432' title='bbox 443 3202 759 3261; x_wconf 87' lang='lat' dir='ltr'><strong>communis</strong></span> <span class='ocrx_word' id='word_1_433' title='bbox 793 3214 963 3256; x_wconf 88' lang='lat' dir='ltr'><strong>causa</strong></span> <span class='ocrx_word' id='word_1_434' title='bbox 996 3211 1170 3265; x_wconf 86' lang='lat' dir='ltr'><strong>esset,</strong></span> <span class='ocrx_word' id='word_1_435' title='bbox 1202 3198 1484 3255; x_wconf 91' lang='lat' dir='ltr'><strong>communi</strong></span> <span class='ocrx_word' id='word_1_436' title='bbox 1510 3198 1795 3253; x_wconf 90' lang='lat' dir='ltr'><strong>hominum</strong></span> <span class='ocrx_word' id='word_1_437' title='bbox 1837 3196 1968 3251; x_wconf 86' lang='lat' dir='ltr'><strong>hinc</strong></span> <span class='ocrx_word' id='word_1_438' title='bbox 2013 3210 2045 3251; x_wconf 88' lang='lat' dir='ltr'><strong>e</strong></span> 
     </span>
    </p>
   </div>
   <div class='ocr_carea' id='block_1_65' title="bbox 441 3289 2042 3360">
    <p class='ocr_par' dir='ltr' id='par_1_65' title="bbox 441 3289 2042 3360">
     <span class='ocr_line' id='line_1_65' title="bbox 441 3289 2042 3360; baseline -0.009 -9"><span class='ocrx_word' id='word_1_439' title='bbox 441 3294 585 3351; x_wconf 77' lang='lat' dir='ltr'><strong>viris</strong></span> <span class='ocrx_word' id='word_1_440' title='bbox 607 3292 993 3349; x_wconf 83' lang='lat' dir='ltr'><strong>excedentium</strong></span> <span class='ocrx_word' id='word_1_441' title='bbox 1015 3289 1448 3358; x_wconf 89' lang='lat' dir='ltr'><strong>consuetudine,</strong></span> <span class='ocrx_word' id='word_1_442' title='bbox 1480 3289 1733 3360; x_wconf 80' lang='lat' dir='ltr'><strong>emigret,</strong></span> <span class='ocrx_word' id='word_1_443' title='bbox 1762 3302 1831 3343; x_wconf 92' lang='lat' dir='ltr'><strong>ne</strong></span> <span class='ocrx_word' id='word_1_444' title='bbox 1858 3301 2042 3342; x_wconf 88' lang='lat' dir='ltr'><strong>rerum</strong></span> 
     </span>
    </p>
   </div>
   <div class='ocr_carea' id='block_1_66' title="bbox 443 3374 2046 3446">
    <p class='ocr_par' dir='ltr' id='par_1_66' title="bbox 443 3374 2046 3446">
     <span class='ocr_line' id='line_1_66' title="bbox 443 3374 2046 3446; baseline -0.006 -5"><span class='ocrx_word' id='word_1_445' title='bbox 443 3386 695 3441; x_wconf 89' lang='lat' dir='ltr'><strong>omnium</strong></span> <span class='ocrx_word' id='word_1_446' title='bbox 719 3383 1027 3446; x_wconf 79' lang='lat' dir='ltr'><strong>inuovatio,</strong></span> <span class='ocrx_word' id='word_1_447' title='bbox 1054 3389 1311 3437; x_wconf 88' lang='lat' dir='ltr'><strong>naturam</strong></span> <span class='ocrx_word' id='word_1_448' title='bbox 1336 3379 1749 3437; x_wconf 87' lang='lat' dir='ltr'><strong>necessitudine</strong></span> <span class='ocrx_word' id='word_1_449' title='bbox 1776 3393 1841 3433; x_wconf 91' lang='lat' dir='ltr'><strong>ac</strong></span> <span class='ocrx_word' id='word_1_450' title='bbox 1867 3374 2046 3432; x_wconf 79' lang='lat' dir='ltr'><strong>aﬂini-</strong></span> 
     </span>
    </p>
   </div>
   <div class='ocr_carea' id='block_1_67' title="bbox 444 3471 2047 3547">
    <p class='ocr_par' dir='ltr' id='par_1_67' title="bbox 444 3471 2047 3547">
     <span class='ocr_line' id='line_1_67' title="bbox 444 3471 2047 3547; baseline -0.004 -14"><span class='ocrx_word' id='word_1_451' title='bbox 444 3486 560 3534; x_wconf 84' lang='lat' dir='ltr'><strong>tate</strong></span> <span class='ocrx_word' id='word_1_452' title='bbox 580 3492 677 3533; x_wconf 89' lang='lat' dir='ltr'><strong>sua</strong></span> <span class='ocrx_word' id='word_1_453' title='bbox 695 3475 911 3547; x_wconf 76' lang='lat' dir='ltr'><strong>privet?</strong></span> <span class='ocrx_word' id='word_1_454' title='bbox 927 3474 1297 3540; x_wconf 80' lang='lat' dir='ltr'><strong>Quamobrem</strong></span> <span class='ocrx_word' id='word_1_455' title='bbox 1320 3472 1470 3539; x_wconf 89' lang='lat' dir='ltr'><strong>Filii,</strong></span> <span class='ocrx_word' id='word_1_456' title='bbox 1489 3473 1579 3528; x_wconf 90' lang='lat' dir='ltr'><strong>cui</strong></span> <span class='ocrx_word' id='word_1_457' title='bbox 1598 3472 1772 3528; x_wconf 87' lang='lat' dir='ltr'><strong>castis</strong></span> <span class='ocrx_word' id='word_1_458' title='bbox 1791 3471 2047 3527; x_wconf 86' lang='lat' dir='ltr'><strong>manibus</strong></span> 
     </span>
    </p>
   </div>
   <div class='ocr_carea' id='block_1_68' title="bbox 443 3564 2048 3636">
    <p class='ocr_par' dir='ltr' id='par_1_68' title="bbox 443 3564 2048 3636">
     <span class='ocr_line' id='line_1_68' title="bbox 443 3564 2048 3636; baseline -0.006 -9"><span class='ocrx_word' id='word_1_459' title='bbox 443 3571 702 3627; x_wconf 85' lang='lat' dir='ltr'><strong>vehiculo</strong></span> <span class='ocrx_word' id='word_1_460' title='bbox 726 3571 928 3636; x_wconf 83' lang='lat' dir='ltr'><strong>fuerat,</strong></span> <span class='ocrx_word' id='word_1_461' title='bbox 956 3568 1164 3624; x_wconf 84' lang='lat' dir='ltr'><strong>divinis</strong></span> <span class='ocrx_word' id='word_1_462' title='bbox 1199 3566 1479 3630; x_wconf 88' lang='lat' dir='ltr'><strong>manibus,</strong></span> <span class='ocrx_word' id='word_1_463' title='bbox 1515 3564 1954 3622; x_wconf 89' lang='lat' dir='ltr'><strong>sincerissimum</strong></span> <span class='ocrx_word' id='word_1_464' title='bbox 1982 3577 2048 3618; x_wconf 89' lang='lat' dir='ltr'><strong>ac</strong></span> 
     </span>
    </p>
   </div>
   <div class='ocr_carea' id='block_1_69' title="bbox 340 3657 2045 3735">
    <p class='ocr_par' dir='ltr' id='par_1_69' title="bbox 340 3657 2045 3735">
     <span class='ocr_line' id='line_1_69' title="bbox 340 3657 2045 3735; baseline -0.001 -22"><span class='ocrx_word' id='word_1_465' title='bbox 340 3712 343 3713; x_wconf 30' lang='grc' dir='ltr'>ν</span> <span class='ocrx_word' id='word_1_466' title='bbox 406 3663 816 3735; x_wconf 84' lang='lat' dir='ltr'><strong>&#39;purissimum</strong></span> <span class='ocrx_word' id='word_1_467' title='bbox 858 3660 1117 3732; x_wconf 89' lang='lat' dir='ltr'><strong>spiritum</strong></span> <span class='ocrx_word' id='word_1_468' title='bbox 1168 3660 1416 3725; x_wconf 89' lang='lat' dir='ltr'><strong>tradens,</strong></span> <span class='ocrx_word' id='word_1_469' title='bbox 1468 3668 1633 3729; x_wconf 88' lang='lat' dir='ltr'><strong>atque</strong></span> <span class='ocrx_word' id='word_1_470' title='bbox 1675 3674 1705 3712; x_wconf 90' lang='lat' dir='ltr'><strong>a</strong></span> <span class='ocrx_word' id='word_1_471' title='bbox 1755 3657 2045 3728; x_wconf 88' lang='lat' dir='ltr'><strong>temporali</strong></span> 
     </span>
    </p>
   </div>
   <div class='ocr_carea' id='block_1_70' title="bbox 450 3751 2049 3821">
    <p class='ocr_par' dir='ltr' id='par_1_70' title="bbox 450 3751 2049 3821">
     <span class='ocr_line' id='line_1_70' title="bbox 450 3751 2049 3821; baseline -0.003 -12"><span class='ocrx_word' id='word_1_472' title='bbox 450 3754 746 3811; x_wconf 85' lang='lat' dir='ltr'><strong>discedens</strong></span> <span class='ocrx_word' id='word_1_473' title='bbox 772 3753 912 3817; x_wconf 88' lang='lat' dir='ltr'><strong>vita,</strong></span> <span class='ocrx_word' id='word_1_474' title='bbox 940 3759 1147 3807; x_wconf 69' lang='lat' dir='ltr'><strong>aeterna</strong></span> <span class='ocrx_word' id='word_1_475' title='bbox 1196 3752 1465 3806; x_wconf 71' lang='lat' dir='ltr'><strong>caelorum</strong></span> <span class='ocrx_word' id='word_1_476' title='bbox 1496 3766 1663 3821; x_wconf 85' lang='lat' dir='ltr'><strong>regna</strong></span> <span class='ocrx_word' id='word_1_477' title='bbox 1702 3751 1937 3817; x_wconf 86' lang='lat' dir='ltr'><strong>obtinet,</strong></span> <span class='ocrx_word' id='word_1_478' title='bbox 1992 3758 2049 3806; x_wconf 90' lang='lat' dir='ltr'><strong>et</strong></span> 
     </span>
    </p>
   </div>
   <div class='ocr_carea' id='block_1_71' title="bbox 450 3842 2048 3916">
    <p class='ocr_par' dir='ltr' id='par_1_71' title="bbox 450 3842 2048 3916">
     <span class='ocr_line' id='line_1_71' title="bbox 450 3842 2048 3916; baseline -0.001 -16"><span class='ocrx_word' id='word_1_479' title='bbox 450 3849 522 3902; x_wconf 86' lang='lat' dir='ltr'><strong>ad</strong></span> <span class='ocrx_word' id='word_1_480' title='bbox 554 3846 740 3902; x_wconf 86' lang='lat' dir='ltr'><strong>omnis</strong></span> <span class='ocrx_word' id='word_1_481' title='bbox 776 3852 1034 3916; x_wconf 80' lang='lat' dir='ltr'><strong>expertes</strong></span> <span class='ocrx_word' id='word_1_482' title='bbox 1071 3844 1280 3899; x_wconf 74' lang='lat' dir='ltr'><strong>umbrae</strong></span> <span class='ocrx_word' id='word_1_483' title='bbox 1328 3842 1489 3900; x_wconf 84' lang='lat' dir='ltr'><strong>sedes</strong></span> <span class='ocrx_word' id='word_1_484' title='bbox 1534 3845 1863 3915; x_wconf 89' lang='lat' dir='ltr'><strong>commigrat</strong></span> <span class='ocrx_word' id='word_1_485' title='bbox 1887 3886 1904 3912; x_wconf 89' lang='lat'><strong>,</strong></span> <span class='ocrx_word' id='word_1_486' title='bbox 1951 3842 2048 3899; x_wconf 91' lang='lat' dir='ltr'><strong>Dei</strong></span> 
     </span>
    </p>
   </div>
   <div class='ocr_carea' id='block_1_72' title="bbox 449 3937 2048 4011">
    <p class='ocr_par' dir='ltr' id='par_1_72' title="bbox 449 3937 2048 4011">
     <span class='ocr_line' id='line_1_72' title="bbox 449 3937 2048 4011; baseline 0.001 -16"><span class='ocrx_word' id='word_1_487' title='bbox 449 3943 547 3995; x_wconf 89' lang='lat' dir='ltr'><strong>illa</strong></span> <span class='ocrx_word' id='word_1_488' title='bbox 598 3939 991 4011; x_wconf 89' lang='lat' dir='ltr'><strong>splendoribus</strong></span> <span class='ocrx_word' id='word_1_489' title='bbox 1037 3938 1317 3993; x_wconf 86' lang='lat' dir='ltr'><strong>celebrata</strong></span> <span class='ocrx_word' id='word_1_490' title='bbox 1367 3938 1592 4006; x_wconf 90' lang='lat' dir='ltr'><strong>domus,</strong></span> <span class='ocrx_word' id='word_1_491' title='bbox 1638 3953 1805 4009; x_wconf 90' lang='lat' dir='ltr'><strong>quam</strong></span> <span class='ocrx_word' id='word_1_492' title='bbox 1862 3937 2048 4009; x_wconf 84' lang='lat' dir='ltr'><strong>passis</strong></span> 
     </span>
    </p>
   </div>
   <div class='ocr_carea' id='block_1_73' title="bbox 448 4030 2048 4106">
    <p class='ocr_par' dir='ltr' id='par_1_73' title="bbox 448 4030 2048 4106">
     <span class='ocr_line' id='line_1_73' title="bbox 448 4030 2048 4106; baseline -0.002 -18"><span class='ocrx_word' id='word_1_493' title='bbox 448 4034 632 4106; x_wconf 88' lang='lat' dir='ltr'><strong>portis</strong></span> <span class='ocrx_word' id='word_1_494' title='bbox 666 4035 871 4090; x_wconf 69' lang='lat' dir='ltr'><strong>coelum</strong></span> <span class='ocrx_word' id='word_1_495' title='bbox 914 4032 1169 4103; x_wconf 85' lang='lat' dir='ltr'><strong>suscipit,</strong></span> <span class='ocrx_word' id='word_1_496' title='bbox 1210 4046 1277 4087; x_wconf 90' lang='lat' dir='ltr'><strong>ac</strong></span> <span class='ocrx_word' id='word_1_497' title='bbox 1308 4032 1682 4104; x_wconf 87' lang='lat' dir='ltr'><strong>susceptione,</strong></span> <span class='ocrx_word' id='word_1_498' title='bbox 1711 4030 2048 4087; x_wconf 84' lang='lat' dir='ltr'><strong>decentioris</strong></span> 
     </span>
    </p>
   </div>
   <div class='ocr_carea' id='block_1_74' title="bbox 448 4122 2047 4184">
    <p class='ocr_par' dir='ltr' id='par_1_74' title="bbox 448 4122 2047 4184">
     <span class='ocr_line' id='line_1_74' title="bbox 448 4122 2047 4184; baseline -0.004 0"><span class='ocrx_word' id='word_1_499' title='bbox 448 4144 517 4184; x_wconf 88' lang='lat' dir='ltr'><strong>ac</strong></span> <span class='ocrx_word' id='word_1_500' title='bbox 568 4126 907 4183; x_wconf 88' lang='lat' dir='ltr'><strong>honestioris</strong></span> <span class='ocrx_word' id='word_1_501' title='bbox 961 4133 1143 4182; x_wconf 86' lang='lat' dir='ltr'><strong>status</strong></span> <span class='ocrx_word' id='word_1_502' title='bbox 1198 4125 1521 4181; x_wconf 88' lang='lat' dir='ltr'><strong>accessione</strong></span> <span class='ocrx_word' id='word_1_503' title='bbox 1577 4125 1857 4180; x_wconf 87' lang='lat' dir='ltr'><strong>clarescit.</strong></span> <span class='ocrx_word' id='word_1_504' title='bbox 1908 4122 2047 4177; x_wconf 87' lang='lat' dir='ltr'><strong>Cum</strong></span> 
     </span>
    </p>
   </div>
   <div class='ocr_carea' id='block_1_75' title="bbox 450 4217 2046 4289">
    <p class='ocr_par' dir='ltr' id='par_1_75' title="bbox 450 4217 2046 4289">
     <span class='ocr_line' id='line_1_75' title="bbox 450 4217 2046 4289; baseline -0.003 -13"><span class='ocrx_word' id='word_1_505' title='bbox 450 4221 599 4277; x_wconf 85' lang='lat' dir='ltr'><strong>enim</strong></span> <span class='ocrx_word' id='word_1_506' title='bbox 629 4222 766 4289; x_wconf 89' lang='lat' dir='ltr'><strong>jam,</strong></span> <span class='ocrx_word' id='word_1_507' title='bbox 800 4226 881 4274; x_wconf 89' lang='lat' dir='ltr'><strong>tot</strong></span> <span class='ocrx_word' id='word_1_508' title='bbox 910 4218 1247 4289; x_wconf 87' lang='lat' dir='ltr'><strong>spiritalium</strong></span> <span class='ocrx_word' id='word_1_509' title='bbox 1281 4232 1347 4275; x_wconf 87' lang='lat' dir='ltr'><strong>ac</strong></span> <span class='ocrx_word' id='word_1_510' title='bbox 1379 4219 1773 4273; x_wconf 87' lang='lat' dir='ltr'><strong>immortalium</strong></span> <span class='ocrx_word' id='word_1_511' title='bbox 1806 4217 2046 4288; x_wconf 82' lang='lat' dir='ltr'><strong>populis,</strong></span> 
     </span>
    </p>
   </div>
   <div class='ocr_carea' id='block_1_76' title="bbox 449 4310 2050 4383">
    <p class='ocr_par' dir='ltr' id='par_1_76' title="bbox 449 4310 2050 4383">
     <span class='ocr_line' id='line_1_76' title="bbox 449 4310 2050 4383; baseline -0.002 -15"><span class='ocrx_word' id='word_1_512' title='bbox 449 4323 677 4383; x_wconf 85' lang='lat' dir='ltr'><strong>tamque</strong></span> <span class='ocrx_word' id='word_1_513' title='bbox 706 4313 896 4367; x_wconf 87' lang='lat' dir='ltr'><strong>multis</strong></span> <span class='ocrx_word' id='word_1_514' title='bbox 926 4326 994 4365; x_wconf 86' lang='lat' dir='ltr'><strong>ex</strong></span> <span class='ocrx_word' id='word_1_515' title='bbox 1019 4312 1334 4364; x_wconf 87' lang='lat' dir='ltr'><strong>mortalium</strong></span> <span class='ocrx_word' id='word_1_516' title='bbox 1362 4325 1565 4380; x_wconf 80' lang='lat' dir='ltr'><strong>genere</strong></span> <span class='ocrx_word' id='word_1_517' title='bbox 1604 4310 1660 4364; x_wconf 88' lang='lat' dir='ltr'><strong>in</strong></span> <span class='ocrx_word' id='word_1_518' title='bbox 1697 4310 1846 4363; x_wconf 84' lang='lat' dir='ltr'><strong>illam</strong></span> <span class='ocrx_word' id='word_1_519' title='bbox 1874 4310 2050 4365; x_wconf 88' lang='lat' dir='ltr'><strong>ascri-</strong></span> 
     </span>
    </p>
   </div>
   <div class='ocr_carea' id='block_1_77' title="bbox 448 4401 2043 4477">
    <p class='ocr_par' dir='ltr' id='par_1_77' title="bbox 448 4401 2043 4477">
     <span class='ocr_line' id='line_1_77' title="bbox 448 4401 2043 4477; baseline -0.003 -18"><span class='ocrx_word' id='word_1_520' title='bbox 448 4407 561 4477; x_wconf 84' lang='lat' dir='ltr'><strong>ptis</strong></span> <span class='ocrx_word' id='word_1_521' title='bbox 608 4404 915 4472; x_wconf 87' lang='lat' dir='ltr'><strong>clvitatem,</strong></span> <span class='ocrx_word' id='word_1_522' title='bbox 973 4410 1034 4457; x_wconf 89' lang='lat' dir='ltr'><strong>ut</strong></span> <span class='ocrx_word' id='word_1_523' title='bbox 1080 4417 1208 4457; x_wconf 89' lang='lat' dir='ltr'><strong>cum</strong></span> <span class='ocrx_word' id='word_1_524' title='bbox 1268 4402 1443 4456; x_wconf 80' lang='lat' dir='ltr'><strong>Matre</strong></span> <span class='ocrx_word' id='word_1_525' title='bbox 1482 4401 1673 4472; x_wconf 87' lang='lat' dir='ltr'><strong>regina</strong></span> <span class='ocrx_word' id='word_1_526' title='bbox 1719 4410 2043 4473; x_wconf 88' lang='lat' dir='ltr'><strong>perpetuum</strong></span> 
     </span>
    </p>
   </div>
   <div class='ocr_carea' id='block_1_78' title="bbox 446 4493 2047 4566">
    <p class='ocr_par' dir='ltr' id='par_1_78' title="bbox 446 4493 2047 4566">
     <span class='ocr_line' id='line_1_78' title="bbox 446 4493 2047 4566; baseline -0.002 -13"><span class='ocrx_word' id='word_1_527' title='bbox 446 4514 622 4553; x_wconf 61' lang='lat' dir='ltr'><strong>avum</strong></span> <span class='ocrx_word' id='word_1_528' title='bbox 684 4498 892 4566; x_wconf 78' lang='lat' dir='ltr'><strong>agitent</strong></span> <span class='ocrx_word' id='word_1_529' title='bbox 937 4512 953 4561; x_wconf 90' lang='lat'><strong>;</strong></span> <span class='ocrx_word' id='word_1_530' title='bbox 1012 4495 1133 4565; x_wconf 88' lang='lat' dir='ltr'><strong>ejus</strong></span> <span class='ocrx_word' id='word_1_531' title='bbox 1187 4495 1319 4565; x_wconf 79' lang='lat' dir='ltr'><strong>Regi</strong></span> <span class='ocrx_word' id='word_1_532' title='bbox 1368 4510 1436 4550; x_wconf 88' lang='lat' dir='ltr'><strong>ac</strong></span> <span class='ocrx_word' id='word_1_533' title='bbox 1484 4493 1627 4551; x_wconf 87' lang='lat' dir='ltr'><strong>Filio</strong></span> <span class='ocrx_word' id='word_1_534' title='bbox 1677 4497 2047 4551; x_wconf 89' lang='lat' dir='ltr'><strong>communiter</strong></span> 
     </span>
    </p>
   </div>
   <div class='ocr_carea' id='block_1_79' title="bbox 446 4587 2048 4653">
    <p class='ocr_par' dir='ltr' id='par_1_79' title="bbox 446 4587 2048 4653">
     <span class='ocr_line' id='line_1_79' title="bbox 446 4587 2048 4653; baseline -0.001 -8"><span class='ocrx_word' id='word_1_535' title='bbox 446 4592 641 4646; x_wconf 87' lang='lat' dir='ltr'><strong>laudes</strong></span> <span class='ocrx_word' id='word_1_536' title='bbox 693 4588 1141 4653; x_wconf 87' lang='lat' dir='ltr'><strong>decantautibus,</strong></span> <span class='ocrx_word' id='word_1_537' title='bbox 1192 4587 1432 4641; x_wconf 86' lang='lat' dir='ltr'><strong>mirabili</strong></span> <span class='ocrx_word' id='word_1_538' title='bbox 1478 4595 1756 4643; x_wconf 91' lang='lat' dir='ltr'><strong>concentu</strong></span> <span class='ocrx_word' id='word_1_539' title='bbox 1803 4587 2048 4643; x_wconf 76' lang='lat' dir='ltr'><strong>circum-</strong></span> 
     </span>
    </p>
   </div>
   <div class='ocr_carea' id='block_1_80' title="bbox 445 4680 2050 4752">
    <p class='ocr_par' dir='ltr' id='par_1_80' title="bbox 445 4680 2050 4752">
     <span class='ocr_line' id='line_1_80' title="bbox 445 4680 2050 4752; baseline -0.002 -12"><span class='ocrx_word' id='word_1_540' title='bbox 445 4691 658 4752; x_wconf 87' lang='lat' dir='ltr'><strong>sonet;</strong></span> <span class='ocrx_word' id='word_1_541' title='bbox 702 4697 930 4739; x_wconf 81' lang='lat' dir='ltr'><strong>neccsse</strong></span> <span class='ocrx_word' id='word_1_542' title='bbox 971 4690 1058 4736; x_wconf 91' lang='lat' dir='ltr'><strong>est</strong></span> <span class='ocrx_word' id='word_1_543' title='bbox 1106 4689 1167 4736; x_wconf 88' lang='lat' dir='ltr'><strong>ut</strong></span> <span class='ocrx_word' id='word_1_544' title='bbox 1239 4681 1401 4752; x_wconf 90' lang='lat' dir='ltr'><strong>longe</strong></span> <span class='ocrx_word' id='word_1_545' title='bbox 1447 4680 1621 4752; x_wconf 91' lang='lat' dir='ltr'><strong>priori</strong></span> <span class='ocrx_word' id='word_1_546' title='bbox 1662 4680 1937 4737; x_wconf 69' lang='lat' dir='ltr'><strong>ammnior</strong></span> <span class='ocrx_word' id='word_1_547' title='bbox 1982 4696 2050 4737; x_wconf 90' lang='lat' dir='ltr'><strong>ac</strong></span> 
     </span>
    </p>
   </div>
   <div class='ocr_carea' id='block_1_81' title="bbox 444 4773 2050 4846">
    <p class='ocr_par' dir='ltr' id='par_1_81' title="bbox 444 4773 2050 4846">
     <span class='ocr_line' id='line_1_81' title="bbox 444 4773 2050 4846; baseline 0.001 -15"><span class='ocrx_word' id='word_1_548' title='bbox 444 4775 834 4831; x_wconf 86' lang='lat' dir='ltr'><strong>delectabilior</strong></span> <span class='ocrx_word' id='word_1_549' title='bbox 864 4773 989 4843; x_wconf 88' lang='lat' dir='ltr'><strong>ejus</strong></span> <span class='ocrx_word' id='word_1_550' title='bbox 1027 4773 1357 4830; x_wconf 88' lang='lat' dir='ltr'><strong>constitutio</strong></span> <span class='ocrx_word' id='word_1_551' title='bbox 1387 4773 1535 4829; x_wconf 83' lang='lat' dir='ltr'><strong>facta</strong></span> <span class='ocrx_word' id='word_1_552' title='bbox 1584 4774 1678 4831; x_wconf 89' lang='lat' dir='ltr'><strong>sit.</strong></span> <span class='ocrx_word' id='word_1_553' title='bbox 1709 4773 1852 4831; x_wconf 86' lang='lat' dir='ltr'><strong>Hinc</strong></span> <span class='ocrx_word' id='word_1_554' title='bbox 1878 4790 2050 4846; x_wconf 86' lang='lat' dir='ltr'><strong>ange-</strong></span> 
     </span>
    </p>
   </div>
   <div class='ocr_carea' id='block_1_82' title="bbox 445 4867 2052 4938">
    <p class='ocr_par' dir='ltr' id='par_1_82' title="bbox 445 4867 2052 4938">
     <span class='ocr_line' id='line_1_82' title="bbox 445 4867 2052 4938; baseline -0.002 -12"><span class='ocrx_word' id='word_1_555' title='bbox 445 4872 627 4926; x_wconf 91' lang='lat' dir='ltr'><strong>lorum</strong></span> <span class='ocrx_word' id='word_1_556' title='bbox 690 4868 855 4932; x_wconf 84' lang='lat' dir='ltr'><strong>ordo,</strong></span> <span class='ocrx_word' id='word_1_557' title='bbox 909 4868 1049 4923; x_wconf 88' lang='lat' dir='ltr'><strong>duce</strong></span> <span class='ocrx_word' id='word_1_558' title='bbox 1099 4867 1389 4934; x_wconf 88' lang='lat' dir='ltr'><strong>Gabriele,</strong></span> <span class='ocrx_word' id='word_1_559' title='bbox 1439 4868 1634 4923; x_wconf 80' lang='lat' dir='ltr'><strong>faustis</strong></span> <span class='ocrx_word' id='word_1_560' title='bbox 1694 4870 2052 4938; x_wconf 84' lang='lat' dir='ltr'><strong>prosequitur</strong></span> 
     </span>
    </p>
   </div>
   <div class='ocr_carea' id='block_1_83' title="bbox 445 4960 2053 5033">
    <p class='ocr_par' dir='ltr' id='par_1_83' title="bbox 445 4960 2053 5033">
     <span class='ocr_line' id='line_1_83' title="bbox 445 4960 2053 5033; baseline -0.001 -14"><span class='ocrx_word' id='word_1_561' title='bbox 445 4963 730 5019; x_wconf 88' lang='lat' dir='ltr'><strong>ominibus</strong></span> <span class='ocrx_word' id='word_1_562' title='bbox 775 4970 944 5032; x_wconf 89' lang='lat' dir='ltr'><strong>atque</strong></span> <span class='ocrx_word' id='word_1_563' title='bbox 977 4961 1259 5017; x_wconf 87' lang='lat' dir='ltr'><strong>laudibus.</strong></span> <span class='ocrx_word' id='word_1_564' title='bbox 1292 4961 1426 5016; x_wconf 91' lang='lat' dir='ltr'><strong>lude</strong></span> <span class='ocrx_word' id='word_1_565' title='bbox 1462 4960 1750 5016; x_wconf 88' lang='lat' dir='ltr'><strong>beatorum</strong></span> <span class='ocrx_word' id='word_1_566' title='bbox 1813 4965 2053 5033; x_wconf 88' lang='lat' dir='ltr'><strong>prophe-</strong></span> 
     </span>
    </p>
   </div>
   <div class='ocr_carea' id='block_1_84' title="bbox 442 5052 2050 5129">
    <p class='ocr_par' dir='ltr' id='par_1_84' title="bbox 442 5052 2050 5129">
     <span class='ocr_line' id='line_1_84' title="bbox 442 5052 2050 5129; baseline 0.004 -21"><span class='ocrx_word' id='word_1_567' title='bbox 442 5064 627 5109; x_wconf 89' lang='lat' dir='ltr'><strong>tarum</strong></span> <span class='ocrx_word' id='word_1_568' title='bbox 670 5069 888 5121; x_wconf 73' lang='lat' dir='ltr'><strong>agmen,</strong></span> <span class='ocrx_word' id='word_1_569' title='bbox 934 5052 1095 5123; x_wconf 92' lang='lat' dir='ltr'><strong>cujus</strong></span> <span class='ocrx_word' id='word_1_570' title='bbox 1126 5054 1254 5108; x_wconf 88' lang='lat' dir='ltr'><strong>olim</strong></span> <span class='ocrx_word' id='word_1_571' title='bbox 1281 5053 1523 5121; x_wconf 90' lang='lat' dir='ltr'><strong>laudem,</strong></span> <span class='ocrx_word' id='word_1_572' title='bbox 1567 5057 1621 5110; x_wconf 91' lang='lat' dir='ltr'><strong>in</strong></span> <span class='ocrx_word' id='word_1_573' title='bbox 1671 5056 1795 5129; x_wconf 84' lang='lat' dir='ltr'><strong>ejus</strong></span> <span class='ocrx_word' id='word_1_574' title='bbox 1829 5059 2050 5115; x_wconf 89' lang='lat' dir='ltr'><strong>eminus</strong></span> 
     </span>
    </p>
   </div>
   <div class='ocr_carea' id='block_1_85' title="bbox 443 5140 2050 5218">
    <p class='ocr_par' dir='ltr' id='par_1_85' title="bbox 443 5140 2050 5218">
     <span class='ocr_line' id='line_1_85' title="bbox 443 5140 2050 5218; baseline 0.003 -15"><span class='ocrx_word' id='word_1_575' title='bbox 443 5147 742 5203; x_wconf 87' lang='lat' dir='ltr'><strong>intendens</strong></span> <span class='ocrx_word' id='word_1_576' title='bbox 791 5148 1067 5218; x_wconf 87' lang='lat' dir='ltr'><strong>gloriam,</strong></span> <span class='ocrx_word' id='word_1_577' title='bbox 1113 5140 1490 5205; x_wconf 76' lang='lat' dir='ltr'><strong>meditabatur</strong></span> <span class='ocrx_word' id='word_1_578' title='bbox 1537 5168 1551 5217; x_wconf 90' lang='lat'><strong>;</strong></span> <span class='ocrx_word' id='word_1_579' title='bbox 1602 5150 1851 5207; x_wconf 84' lang='lat' dir='ltr'><strong>eamdem</strong></span> <span class='ocrx_word' id='word_1_580' title='bbox 1902 5168 2050 5208; x_wconf 92' lang='lat' dir='ltr'><strong>nunc</strong></span> 
     </span>
    </p>
   </div>
   <div class='ocr_carea' id='block_1_86' title="bbox 441 5240 2049 5308">
    <p class='ocr_par' dir='ltr' id='par_1_86' title="bbox 441 5240 2049 5308">
     <span class='ocr_line' id='line_1_86' title="bbox 441 5240 2049 5308; baseline 0.004 -11"><span class='ocrx_word' id='word_1_581' title='bbox 441 5251 765 5297; x_wconf 80' lang='lat' dir='ltr'><strong>reverenter</strong></span> <span class='ocrx_word' id='word_1_582' title='bbox 811 5240 1040 5308; x_wconf 88' lang='lat' dir='ltr'><strong>adiens,</strong></span> <span class='ocrx_word' id='word_1_583' title='bbox 1092 5242 1229 5297; x_wconf 70' lang='lat' dir='ltr'><strong>laeta:</strong></span> <span class='ocrx_word' id='word_1_584' title='bbox 1284 5244 1642 5300; x_wconf 77' lang='lat' dir='ltr'><strong>modulantia:</strong></span> <span class='ocrx_word' id='word_1_585' title='bbox 1685 5246 1735 5301; x_wconf 92' lang='lat' dir='ltr'><strong>ei</strong></span> <span class='ocrx_word' id='word_1_586' title='bbox 1788 5249 2049 5303; x_wconf 88' lang='lat' dir='ltr'><strong>meditata</strong></span> 
     </span>
    </p>
   </div>
   <div class='ocr_carea' id='block_1_87' title="bbox 441 5334 2047 5412">
    <p class='ocr_par' dir='ltr' id='par_1_87' title="bbox 441 5334 2047 5412">
     <span class='ocr_line' id='line_1_87' title="bbox 441 5334 2047 5412; baseline 0.004 -21"><span class='ocrx_word' id='word_1_587' title='bbox 441 5334 693 5391; x_wconf 88' lang='lat' dir='ltr'><strong>carmina</strong></span> <span class='ocrx_word' id='word_1_588' title='bbox 729 5336 941 5405; x_wconf 76' lang='lat' dir='ltr'><strong>pangit.</strong></span> <span class='ocrx_word' id='word_1_589' title='bbox 968 5334 1089 5389; x_wconf 89' lang='lat' dir='ltr'><strong>Alia</strong></span> <span class='ocrx_word' id='word_1_590' title='bbox 1118 5335 1338 5390; x_wconf 89' lang='lat' dir='ltr'><strong>demum</strong></span> <span class='ocrx_word' id='word_1_591' title='bbox 1366 5352 1433 5392; x_wconf 89' lang='lat' dir='ltr'><strong>ex</strong></span> <span class='ocrx_word' id='word_1_592' title='bbox 1460 5345 1616 5408; x_wconf 90' lang='lat' dir='ltr'><strong>parte</strong></span> <span class='ocrx_word' id='word_1_593' title='bbox 1640 5352 1768 5394; x_wconf 90' lang='lat' dir='ltr'><strong>eum</strong></span> <span class='ocrx_word' id='word_1_594' title='bbox 1799 5339 2047 5412; x_wconf 83' lang='lat' dir='ltr'><strong>discipu-</strong></span> 
     </span>
    </p>
   </div>
   <div class='ocr_carea' id='block_1_88' title="bbox 444 5426 2046 5501">
    <p class='ocr_par' dir='ltr' id='par_1_88' title="bbox 444 5426 2046 5501">
     <span class='ocr_line' id='line_1_88' title="bbox 444 5426 2046 5501; baseline 0.006 -20"><span class='ocrx_word' id='word_1_595' title='bbox 444 5427 623 5481; x_wconf 86' lang='lat' dir='ltr'><strong>lorum</strong></span> <span class='ocrx_word' id='word_1_596' title='bbox 647 5436 794 5482; x_wconf 86' lang='lat' dir='ltr'><strong>coetu</strong></span> <span class='ocrx_word' id='word_1_597' title='bbox 823 5426 1024 5481; x_wconf 82' lang='lat' dir='ltr'><strong>inﬁniti</strong></span> <span class='ocrx_word' id='word_1_598' title='bbox 1052 5440 1353 5499; x_wconf 77' lang='lat' dir='ltr'><strong>martyrum</strong></span> <span class='ocrx_word' id='word_1_599' title='bbox 1378 5431 1681 5498; x_wconf 80' lang='lat' dir='ltr'><strong>exercitus,</strong></span> <span class='ocrx_word' id='word_1_600' title='bbox 1717 5437 2046 5501; x_wconf 88' lang='lat' dir='ltr'><strong>reverentia,</strong></span> 
     </span>
    </p>
   </div>
   <div class='ocr_carea' id='block_1_89' title="bbox 444 5518 2048 5598">
    <p class='ocr_par' dir='ltr' id='par_1_89' title="bbox 444 5518 2048 5598">
     <span class='ocr_line' id='line_1_89' title="bbox 444 5518 2048 5598; baseline 0.005 -24"><span class='ocrx_word' id='word_1_601' title='bbox 444 5535 512 5575; x_wconf 88' lang='lat' dir='ltr'><strong>ac</strong></span> <span class='ocrx_word' id='word_1_602' title='bbox 550 5519 750 5575; x_wconf 88' lang='lat' dir='ltr'><strong>timore</strong></span> <span class='ocrx_word' id='word_1_603' title='bbox 790 5518 1051 5588; x_wconf 88' lang='lat' dir='ltr'><strong>jubilant.</strong></span> <span class='ocrx_word' id='word_1_604' title='bbox 1099 5520 1144 5576; x_wconf 87' lang='lat'><strong>0</strong></span> <span class='ocrx_word' id='word_1_605' title='bbox 1174 5537 1336 5591; x_wconf 88' lang='lat' dir='ltr'><strong>quam</strong></span> <span class='ocrx_word' id='word_1_606' title='bbox 1382 5522 1543 5579; x_wconf 90' lang='lat' dir='ltr'><strong>beata</strong></span> <span class='ocrx_word' id='word_1_607' title='bbox 1585 5541 1709 5596; x_wconf 68' lang='lat' dir='ltr'><strong>quae</strong></span> <span class='ocrx_word' id='word_1_608' title='bbox 1754 5526 1870 5582; x_wconf 90' lang='lat' dir='ltr'><strong>illic</strong></span> <span class='ocrx_word' id='word_1_609' title='bbox 1920 5542 2048 5598; x_wconf 85' lang='lat' dir='ltr'><strong>per-</strong></span> 
     </span>
    </p>
   </div>
   <div class='ocr_carea' id='block_1_90' title="bbox 444 5614 2047 5690">
    <p class='ocr_par' dir='ltr' id='par_1_90' title="bbox 444 5614 2047 5690">
     <span class='ocr_line' id='line_1_90' title="bbox 444 5614 2047 5690; baseline 0.006 -24"><span class='ocrx_word' id='word_1_610' title='bbox 444 5614 734 5684; x_wconf 78' lang='lat' dir='ltr'><strong>aguntur!</strong></span> <span class='ocrx_word' id='word_1_611' title='bbox 788 5615 833 5666; x_wconf 82' lang='lat'>0</span> <span class='ocrx_word' id='word_1_612' title='bbox 885 5623 1130 5683; x_wconf 89' lang='lat' dir='ltr'><strong>quantus</strong></span> <span class='ocrx_word' id='word_1_613' title='bbox 1182 5615 1474 5686; x_wconf 89' lang='lat' dir='ltr'><strong>qualisque</strong></span> <span class='ocrx_word' id='word_1_614' title='bbox 1521 5619 1721 5685; x_wconf 89' lang='lat' dir='ltr'><strong>honos,</strong></span> <span class='ocrx_word' id='word_1_615' title='bbox 1767 5628 2047 5690; x_wconf 77' lang='lat' dir='ltr'><strong>perpetua:</strong></span> 
     </span>
    </p>
   </div>
   <div class='ocr_carea' id='block_1_91' title="bbox 447 5704 2046 5779">
    <p class='ocr_par' dir='ltr' id='par_1_91' title="bbox 447 5704 2046 5779">
     <span class='ocr_line' id='line_1_91' title="bbox 447 5704 2046 5779; baseline 0.006 -20"><span class='ocrx_word' id='word_1_616' title='bbox 447 5704 648 5776; x_wconf 86' lang='lat' dir='ltr'><strong>virgini</strong></span> <span class='ocrx_word' id='word_1_617' title='bbox 692 5704 854 5761; x_wconf 79' lang='lat' dir='ltr'><strong>Matri</strong></span> <span class='ocrx_word' id='word_1_618' title='bbox 889 5707 942 5761; x_wconf 88' lang='lat' dir='ltr'><strong>in</strong></span> <span class='ocrx_word' id='word_1_619' title='bbox 978 5708 1136 5765; x_wconf 75' lang='lat' dir='ltr'><strong>cmlis</strong></span> <span class='ocrx_word' id='word_1_620' title='bbox 1167 5707 1418 5765; x_wconf 78' lang='lat' dir='ltr'><strong>defertur</strong></span> <span class='ocrx_word' id='word_1_621' title='bbox 1451 5713 1463 5765; x_wconf 93' lang='lat'><strong>!</strong></span> <span class='ocrx_word' id='word_1_622' title='bbox 1508 5712 1598 5767; x_wconf 90' lang='lat' dir='ltr'><strong>ubi</strong></span> <span class='ocrx_word' id='word_1_623' title='bbox 1638 5712 1917 5779; x_wconf 88' lang='lat' dir='ltr'><strong>nimirum,</strong></span> <span class='ocrx_word' id='word_1_624' title='bbox 1950 5713 2046 5769; x_wconf 86' lang='lat' dir='ltr'><strong>Fi-</strong></span> 
     </span>
    </p>
   </div>
   <div class='ocr_carea' id='block_1_92' title="bbox 449 5795 2052 5875">
    <p class='ocr_par' dir='ltr' id='par_1_92' title="bbox 449 5795 2052 5875">
     <span class='ocr_line' id='line_1_92' title="bbox 449 5795 2052 5875; baseline 0.008 -24"><span class='ocrx_word' id='word_1_625' title='bbox 449 5795 586 5853; x_wconf 90' lang='lat' dir='ltr'><strong>lium</strong></span> <span class='ocrx_word' id='word_1_626' title='bbox 604 5796 860 5857; x_wconf 82' lang='lat' dir='ltr'><strong>vidensin</strong></span> <span class='ocrx_word' id='word_1_627' title='bbox 880 5799 1064 5856; x_wconf 85' lang='lat' dir='ltr'><strong>divum</strong></span> <span class='ocrx_word' id='word_1_628' title='bbox 1086 5802 1291 5873; x_wconf 88' lang='lat' dir='ltr'><strong>medio,</strong></span> <span class='ocrx_word' id='word_1_629' title='bbox 1309 5818 1450 5873; x_wconf 87' lang='lat' dir='ltr'><strong>quos</strong></span> <span class='ocrx_word' id='word_1_630' title='bbox 1471 5804 1566 5862; x_wconf 86' lang='lat' dir='ltr'><strong>ille</strong></span> <span class='ocrx_word' id='word_1_631' title='bbox 1583 5807 1788 5875; x_wconf 72' lang='lat' dir='ltr'><strong>deitate</strong></span> <span class='ocrx_word' id='word_1_632' title='bbox 1802 5807 2052 5874; x_wconf 88' lang='lat' dir='ltr'><strong>donavit,</strong></span> 
     </span>
    </p>
   </div>
   <div class='ocr_carea' id='block_1_93' title="bbox 2146 3207 3749 3283">
    <p class='ocr_par' dir='ltr' id='par_1_93' title="bbox 2146 3207 3749 3283">
     <span class='ocr_line' id='line_1_93' title="bbox 2146 3207 3749 3283; baseline -0.004 -17"><span class='ocrx_word' id='word_1_633' title='bbox 2146 3212 2363 3283; x_wconf 85' lang='grc' dir='ltr'>γενείας</span> <span class='ocrx_word' id='word_1_634' title='bbox 2381 3211 2721 3283; x_wconf 71' lang='grc' dir='ltr'>χωρίζηταις</span> <span class='ocrx_word' id='word_1_635' title='bbox 2750 3209 2935 3280; x_wconf 86' lang='grc' dir='ltr'>Ταύτῃ</span> <span class='ocrx_word' id='word_1_636' title='bbox 2970 3209 3081 3280; x_wconf 79' lang='grc' dir='ltr'>ἄρα</span> <span class='ocrx_word' id='word_1_637' title='bbox 3110 3207 3207 3262; x_wconf 89' lang='grc' dir='ltr'><strong>τοῦ</strong></span> <span class='ocrx_word' id='word_1_638' title='bbox 3240 3207 3524 3278; x_wconf 80' lang='grc' dir='ltr'>παλάμαις</span> <span class='ocrx_word' id='word_1_639' title='bbox 3552 3209 3749 3276; x_wconf 82' lang='grc' dir='ltr'>ἁγναῖς</span> 
     </span>
    </p>
   </div>
   <div class='ocr_carea' id='block_1_94' title="bbox 2147 3296 3749 3376">
    <p class='ocr_par' dir='ltr' id='par_1_94' title="bbox 2147 3296 3749 3376">
     <span class='ocr_line' id='line_1_94' title="bbox 2147 3296 3749 3376; baseline -0.005 -16"><span class='ocrx_word' id='word_1_640' title='bbox 2147 3305 2563 3376; x_wconf 74' lang='grc' dir='ltr'>ὲποχησαμένου</span> <span class='ocrx_word' id='word_1_641' title='bbox 2591 3301 2722 3356; x_wconf 88' lang='grc' dir='ltr'>Υἰοῦ</span> <span class='ocrx_word' id='word_1_642' title='bbox 2742 3344 2758 3368; x_wconf 94' lang='grc'><strong>,</strong></span> <span class='ocrx_word' id='word_1_643' title='bbox 2790 3319 2851 3371; x_wconf 87' lang='grc' dir='ltr'><strong>χε</strong></span> <span class='ocrx_word' id='word_1_644' title='bbox 2860 3302 2949 3371; x_wconf 70' lang='lat' dir='ltr'><strong>psi</strong></span> <span class='ocrx_word' id='word_1_645' title='bbox 2978 3296 3199 3363; x_wconf 83' lang='grc' dir='ltr'>θεῖκαῖς</span> <span class='ocrx_word' id='word_1_646' title='bbox 3220 3298 3320 3371; x_wconf 77' lang='grc' dir='ltr'><strong>τὴν</strong></span> <span class='ocrx_word' id='word_1_647' title='bbox 3352 3299 3749 3369; x_wconf 85' lang='grc' dir='ltr'>πανακήρατον</span> 
     </span>
    </p>
   </div>
   <div class='ocr_carea' id='block_1_95' title="bbox 2149 3391 3747 3467">
    <p class='ocr_par' dir='ltr' id='par_1_95' title="bbox 2149 3391 3747 3467">
     <span class='ocr_line' id='line_1_95' title="bbox 2149 3391 3747 3467; baseline -0.004 -16"><span class='ocrx_word' id='word_1_648' title='bbox 2149 3396 2465 3467; x_wconf 73' lang='grc' dir='ltr'>ἐποχεῖσθαι</span> <span class='ocrx_word' id='word_1_649' title='bbox 2494 3394 2662 3447; x_wconf 81' lang='grc' dir='ltr'>δοῦσα</span> <span class='ocrx_word' id='word_1_650' title='bbox 2702 3392 2902 3464; x_wconf 80' lang='grc' dir='ltr'>ψυχὴν,</span> <span class='ocrx_word' id='word_1_651' title='bbox 2926 3392 3036 3446; x_wconf 91' lang='grc' dir='ltr'><strong>τῶν</strong></span> <span class='ocrx_word' id='word_1_652' title='bbox 3063 3391 3416 3463; x_wconf 68' lang='grc' dir='ltr'>προσκαίρων</span> <span class='ocrx_word' id='word_1_653' title='bbox 3449 3392 3747 3467; x_wconf 56' lang='grc' dir='ltr'>ὲπανισταέ</span> 
     </span>
    </p>
   </div>
   <div class='ocr_carea' id='block_1_96' title="bbox 2151 3465 3751 3561">
    <p class='ocr_par' dir='ltr' id='par_1_96' title="bbox 2151 3465 3751 3561">
     <span class='ocr_line' id='line_1_96' title="bbox 2151 3465 3751 3561; baseline -0.003 -20"><span class='ocrx_word' id='word_1_654' title='bbox 2151 3465 2311 3561; x_wconf 83' lang='grc' dir='ltr'>μένη,</span> <span class='ocrx_word' id='word_1_655' title='bbox 2362 3487 2463 3552; x_wconf 87' lang='grc' dir='ltr'>τὰς</span> <span class='ocrx_word' id='word_1_656' title='bbox 2503 3485 2758 3549; x_wconf 85' lang='grc' dir='ltr'>αἰωνίους</span> <span class='ocrx_word' id='word_1_657' title='bbox 2810 3484 3225 3557; x_wconf 86' lang='grc' dir='ltr'>καταλαμϐάνει</span> <span class='ocrx_word' id='word_1_658' title='bbox 3274 3484 3596 3556; x_wconf 80' lang='grc' dir='ltr'>διατριϐάς,</span> 
     </span>
    </p>
   </div>
   <div class='ocr_carea' id='block_1_97' title="bbox 2150 3576 3746 3652">
    <p class='ocr_par' dir='ltr' id='par_1_97' title="bbox 2150 3576 3746 3652">
     <span class='ocr_line' id='line_1_97' title="bbox 2150 3576 3746 3652; baseline -0.003 -17"><span class='ocrx_word' id='word_1_659' title='bbox 2150 3580 2288 3652; x_wconf 82' lang='grc' dir='ltr'>πρὸς</span> <span class='ocrx_word' id='word_1_660' title='bbox 2314 3577 2415 3650; x_wconf 78' lang='grc' dir='ltr'>τὴν</span> <span class='ocrx_word' id='word_1_661' title='bbox 2435 3577 2629 3632; x_wconf 80' lang='grc' dir='ltr'>ἄσκιον</span> <span class='ocrx_word' id='word_1_662' title='bbox 2654 3580 3035 3648; x_wconf 87' lang='grc' dir='ltr'>μεταποιεῖται</span> <span class='ocrx_word' id='word_1_663' title='bbox 3062 3576 3236 3645; x_wconf 80' lang='grc' dir='ltr'>λῆξιν,</span> <span class='ocrx_word' id='word_1_664' title='bbox 3268 3577 3303 3647; x_wconf 70' lang='grc' dir='ltr'><strong>η</strong></span> <span class='ocrx_word' id='word_1_665' title='bbox 3330 3576 3424 3630; x_wconf 89' lang='grc' dir='ltr'><strong>τοῦ</strong></span> <span class='ocrx_word' id='word_1_666' title='bbox 3449 3576 3588 3631; x_wconf 84' lang='grc' dir='ltr'>Θεοῦ</span> <span class='ocrx_word' id='word_1_667' title='bbox 3616 3578 3746 3642; x_wconf 86' lang='grc' dir='ltr'>ταῖς</span> 
     </span>
    </p>
   </div>
   <div class='ocr_carea' id='block_1_98' title="bbox 2148 3667 3750 3745">
    <p class='ocr_par' dir='ltr' id='par_1_98' title="bbox 2148 3667 3750 3745">
     <span class='ocr_line' id='line_1_98' title="bbox 2148 3667 3750 3745; baseline -0.002 -18"><span class='ocrx_word' id='word_1_668' title='bbox 2148 3672 2499 3745; x_wconf 79' lang='grc' dir='ltr'>λαμπρότησι</span> <span class='ocrx_word' id='word_1_669' title='bbox 2517 3672 2909 3743; x_wconf 82' lang='grc' dir='ltr'>δεδοξασμένος</span> <span class='ocrx_word' id='word_1_670' title='bbox 2928 3667 3101 3737; x_wconf 83' lang='grc' dir='ltr'>οἶκος,</span> <span class='ocrx_word' id='word_1_671' title='bbox 3126 3672 3193 3743; x_wconf 83' lang='grc' dir='ltr'><strong>ἢν</strong></span> <span class='ocrx_word' id='word_1_672' title='bbox 3209 3669 3533 3742; x_wconf 82' lang='grc' dir='ltr'>ὑποδέχεται</span> <span class='ocrx_word' id='word_1_673' title='bbox 3568 3670 3750 3736; x_wconf 85' lang='grc' dir='ltr'>πύλας</span> 
     </span>
    </p>
   </div>
   <div class='ocr_carea' id='block_1_99' title="bbox 2147 3761 3752 3838">
    <p class='ocr_par' dir='ltr' id='par_1_99' title="bbox 2147 3761 3752 3838">
     <span class='ocr_line' id='line_1_99' title="bbox 2147 3761 3752 3838; baseline -0.002 -18"><span class='ocrx_word' id='word_1_674' title='bbox 2147 3764 2379 3838; x_wconf 77' lang='grc' dir='ltr'>οὐρανὸς</span> <span class='ocrx_word' id='word_1_675' title='bbox 2408 3765 2762 3829; x_wconf 82' lang='grc' dir='ltr'>ἀναπετάσας</span> <span class='ocrx_word' id='word_1_676' title='bbox 2778 3779 2792 3795; x_wconf 87' lang='grc'><strong>·</strong></span> <span class='ocrx_word' id='word_1_677' title='bbox 2818 3761 3140 3837; x_wconf 83' lang='grc' dir='ltr'>προσθήκην</span> <span class='ocrx_word' id='word_1_678' title='bbox 3163 3763 3455 3834; x_wconf 83' lang='grc' dir='ltr'>δεχόμενος</span> <span class='ocrx_word' id='word_1_679' title='bbox 3474 3764 3752 3835; x_wconf 79' lang='grc' dir='ltr'>εὐπρεπε-</span> 
     </span>
    </p>
   </div>
   <div class='ocr_carea' id='block_1_100' title="bbox 2152 3858 3751 3933">
    <p class='ocr_par' dir='ltr' id='par_1_100' title="bbox 2152 3858 3751 3933">
     <span class='ocr_line' id='line_1_100' title="bbox 2152 3858 3751 3933; baseline -0.002 -19"><span class='ocrx_word' id='word_1_680' title='bbox 2152 3859 2353 3932; x_wconf 84' lang='grc' dir='ltr'>στέρας</span> <span class='ocrx_word' id='word_1_681' title='bbox 2381 3860 2775 3924; x_wconf 85' lang='grc' dir='ltr'>καταστάσεως</span> <span class='ocrx_word' id='word_1_682' title='bbox 2809 3861 2877 3933; x_wconf 76' lang='grc' dir='ltr'>τῇ</span> <span class='ocrx_word' id='word_1_683' title='bbox 2912 3858 3117 3930; x_wconf 85' lang='grc' dir='ltr'>ταύτης</span> <span class='ocrx_word' id='word_1_684' title='bbox 3149 3858 3413 3930; x_wconf 78' lang='grc' dir='ltr'>ὑποδοχῇ.</span> <span class='ocrx_word' id='word_1_685' title='bbox 3441 3858 3604 3929; x_wconf 75' lang='grc' dir='ltr'><strong>⁸’Λρτι</strong></span> <span class='ocrx_word' id='word_1_686' title='bbox 3635 3858 3751 3912; x_wconf 88' lang='grc' dir='ltr'><strong>τῶν</strong></span> 
     </span>
    </p>
   </div>
   <div class='ocr_carea' id='block_1_101' title="bbox 2149 3950 3749 4024">
    <p class='ocr_par' dir='ltr' id='par_1_101' title="bbox 2149 3950 3749 4024">
     <span class='ocr_line' id='line_1_101' title="bbox 2149 3950 3749 4024; baseline -0.001 -19"><span class='ocrx_word' id='word_1_687' title='bbox 2149 3953 2268 4006; x_wconf 76' lang='grc' dir='ltr'>ἐκεῖ</span> <span class='ocrx_word' id='word_1_688' title='bbox 2295 3952 2687 4024; x_wconf 77' lang='grc' dir='ltr'>ἑορταζόντων,</span> <span class='ocrx_word' id='word_1_689' title='bbox 2716 3952 2833 4006; x_wconf 85' lang='grc' dir='ltr'>ὅσοι</span> <span class='ocrx_word' id='word_1_690' title='bbox 2862 3968 2922 4006; x_wconf 88' lang='grc' dir='ltr'><strong>τε</strong></span> <span class='ocrx_word' id='word_1_691' title='bbox 2946 3951 3111 4023; x_wconf 80' lang='grc' dir='ltr'>δῆμοι</span> <span class='ocrx_word' id='word_1_692' title='bbox 3148 3950 3303 4006; x_wconf 80' lang='grc' dir='ltr'>ἄῦλοι</span> <span class='ocrx_word' id='word_1_693' title='bbox 3333 3952 3431 4005; x_wconf 77' lang='grc' dir='ltr'>καὶ</span> <span class='ocrx_word' id='word_1_694' title='bbox 3460 3950 3749 4022; x_wconf 79' lang='grc' dir='ltr'>ἀθάνατοι,</span> 
     </span>
    </p>
   </div>
   <div class='ocr_carea' id='block_1_102' title="bbox 2150 4046 3750 4119">
    <p class='ocr_par' dir='ltr' id='par_1_102' title="bbox 2150 4046 3750 4119">
     <span class='ocr_line' id='line_1_102' title="bbox 2150 4046 3750 4119; baseline 0.003 -19"><span class='ocrx_word' id='word_1_695' title='bbox 2150 4046 2246 4100; x_wconf 74' lang='grc' dir='ltr'><strong>καὶ</strong></span> <span class='ocrx_word' id='word_1_696' title='bbox 2272 4047 2389 4101; x_wconf 84' lang='grc' dir='ltr'>ὅσοι</span> <span class='ocrx_word' id='word_1_697' title='bbox 2420 4046 2519 4101; x_wconf 91' lang='grc' dir='ltr'><strong>τοῦ</strong></span> <span class='ocrx_word' id='word_1_698' title='bbox 2547 4046 2746 4118; x_wconf 82' lang='grc' dir='ltr'>θνητοῦ</span> <span class='ocrx_word' id='word_1_699' title='bbox 2797 4046 2991 4115; x_wconf 87' lang='grc' dir='ltr'>γένους</span> <span class='ocrx_word' id='word_1_700' title='bbox 3025 4047 3255 4112; x_wconf 80' lang='grc' dir='ltr'>ἐκείνοις</span> <span class='ocrx_word' id='word_1_701' title='bbox 3286 4048 3750 4119; x_wconf 86' lang='grc' dir='ltr'>συνεπολιτογρα-</span> 
     </span>
    </p>
   </div>
   <div class='ocr_carea' id='block_1_103' title="bbox 2151 4140 3749 4214">
    <p class='ocr_par' dir='ltr' id='par_1_103' title="bbox 2151 4140 3749 4214">
     <span class='ocr_line' id='line_1_103' title="bbox 2151 4140 3749 4214; baseline 0.001 -21"><span class='ocrx_word' id='word_1_702' title='bbox 2151 4140 2407 4211; x_wconf 80' lang='grc' dir='ltr'>φήθησαν</span> <span class='ocrx_word' id='word_1_703' title='bbox 2442 4140 2537 4193; x_wconf 74' lang='grc' dir='ltr'>ἐπὶ</span> <span class='ocrx_word' id='word_1_704' title='bbox 2564 4143 2631 4211; x_wconf 81' lang='grc' dir='ltr'>τῇ</span> <span class='ocrx_word' id='word_1_705' title='bbox 2665 4140 3035 4211; x_wconf 82' lang='grc' dir='ltr'>συνδιαιτήσει</span> <span class='ocrx_word' id='word_1_706' title='bbox 3068 4140 3171 4212; x_wconf 85' lang='grc' dir='ltr'>τῆς</span> <span class='ocrx_word' id='word_1_707' title='bbox 3203 4140 3475 4212; x_wconf 81' lang='grc' dir='ltr'>βασιλίδος</span> <span class='ocrx_word' id='word_1_708' title='bbox 3514 4143 3749 4214; x_wconf 75' lang='grc' dir='ltr'>μητρὸς,</span> 
     </span>
    </p>
   </div>
   <div class='ocr_carea' id='block_1_104' title="bbox 2149 4232 3746 4308">
    <p class='ocr_par' dir='ltr' id='par_1_104' title="bbox 2149 4232 3746 4308">
     <span class='ocr_line' id='line_1_104' title="bbox 2149 4232 3746 4308; baseline 0.001 -22"><span class='ocrx_word' id='word_1_709' title='bbox 2149 4232 2229 4302; x_wconf 83' lang='grc' dir='ltr'>τῷ</span> <span class='ocrx_word' id='word_1_710' title='bbox 2260 4232 2473 4303; x_wconf 85' lang='grc' dir='ltr'>βασιλεῖ</span> <span class='ocrx_word' id='word_1_711' title='bbox 2520 4232 2615 4288; x_wconf 81' lang='grc' dir='ltr'>καὶ</span> <span class='ocrx_word' id='word_1_712' title='bbox 2645 4233 2760 4304; x_wconf 82' lang='grc' dir='ltr'><strong>Υίῷ</strong></span> <span class='ocrx_word' id='word_1_713' title='bbox 2791 4233 2990 4297; x_wconf 86' lang='grc' dir='ltr'>κοινῶς</span> <span class='ocrx_word' id='word_1_714' title='bbox 3032 4233 3268 4306; x_wconf 76' lang='grc' dir='ltr'>ᾀδόντων</span> <span class='ocrx_word' id='word_1_715' title='bbox 3294 4235 3393 4308; x_wconf 77' lang='grc' dir='ltr'>τὴν</span> <span class='ocrx_word' id='word_1_716' title='bbox 3438 4237 3746 4305; x_wconf 81' lang='grc' dir='ltr'>εὐφημίαν,</span> 
     </span>
    </p>
   </div>
   <div class='ocr_carea' id='block_1_105' title="bbox 2151 4325 3749 4400">
    <p class='ocr_par' dir='ltr' id='par_1_105' title="bbox 2151 4325 3749 4400">
     <span class='ocr_line' id='line_1_105' title="bbox 2151 4325 3749 4400; baseline 0.003 -21"><span class='ocrx_word' id='word_1_717' title='bbox 2151 4328 2218 4397; x_wconf 80' lang='grc' dir='ltr'>τῇ</span> <span class='ocrx_word' id='word_1_718' title='bbox 2250 4325 2538 4398; x_wconf 81' lang='grc' dir='ltr'>θαυμαστῇ</span> <span class='ocrx_word' id='word_1_719' title='bbox 2567 4325 3005 4398; x_wconf 86' lang='grc' dir='ltr'>περιηχούμενος</span> <span class='ocrx_word' id='word_1_720' title='bbox 3035 4328 3348 4400; x_wconf 82' lang='grc' dir='ltr'>συμφωνίᾳ,</span> <span class='ocrx_word' id='word_1_721' title='bbox 3373 4329 3749 4399; x_wconf 83' lang='grc' dir='ltr'>τερπνοτέραν</span> 
     </span>
    </p>
   </div>
   <div class='ocr_carea' id='block_1_106' title="bbox 2151 4412 3746 4489">
    <p class='ocr_par' dir='ltr' id='par_1_106' title="bbox 2151 4412 3746 4489">
     <span class='ocr_line' id='line_1_106' title="bbox 2151 4412 3746 4489; baseline 0.008 -22"><span class='ocrx_word' id='word_1_722' title='bbox 2151 4414 2186 4485; x_wconf 83' lang='grc' dir='ltr'>ἢ</span> <span class='ocrx_word' id='word_1_723' title='bbox 2243 4416 2506 4489; x_wconf 88' lang='grc' dir='ltr'>πρόσθεν,</span> <span class='ocrx_word' id='word_1_724' title='bbox 2562 4420 2656 4470; x_wconf 82' lang='grc' dir='ltr'>καὶ</span> <span class='ocrx_word' id='word_1_725' title='bbox 2692 4412 2847 4479; x_wconf 72' lang='grc' dir='ltr'>οὗτος</span> <span class='ocrx_word' id='word_1_726' title='bbox 2888 4416 3033 4473; x_wconf 72' lang='grc' dir='ltr'>ἔοικε</span> <span class='ocrx_word' id='word_1_727' title='bbox 3078 4418 3330 4489; x_wconf 85' lang='grc' dir='ltr'>δέχεσθαι</span> <span class='ocrx_word' id='word_1_728' title='bbox 3381 4420 3746 4479; x_wconf 86' lang='grc' dir='ltr'>κατάστασιν.</span> 
     </span>
    </p>
   </div>
   <div class='ocr_carea' id='block_1_107' title="bbox 2164 4508 3863 4583">
    <p class='ocr_par' dir='ltr' id='par_1_107' title="bbox 2164 4508 3863 4583">
     <span class='ocr_line' id='line_1_107' title="bbox 2164 4508 3863 4583; baseline 0.004 -21"><span class='ocrx_word' id='word_1_729' title='bbox 2164 4508 2410 4563; x_wconf 84' lang='grc' dir='ltr'>Ἐκεῖθεν</span> <span class='ocrx_word' id='word_1_730' title='bbox 2456 4509 2491 4580; x_wconf 77' lang='grc' dir='ltr'><strong>ἡ</strong></span> <span class='ocrx_word' id='word_1_731' title='bbox 2541 4509 2654 4563; x_wconf 91' lang='grc' dir='ltr'><strong>τῶν</strong></span> <span class='ocrx_word' id='word_1_732' title='bbox 2716 4510 2968 4580; x_wconf 81' lang='grc' dir='ltr'>ἀγγέλων</span> <span class='ocrx_word' id='word_1_733' title='bbox 3025 4510 3181 4575; x_wconf 77' lang='grc' dir='ltr'>τάξις</span> <span class='ocrx_word' id='word_1_734' title='bbox 3239 4513 3587 4583; x_wconf 85' lang='grc' dir='ltr'>ῦπευφημεῖ,</span> <span class='ocrx_word' id='word_1_735' title='bbox 3638 4513 3750 4569; x_wconf 74' lang='grc' dir='ltr'><strong>ὑπὸ</strong></span> <span class='ocrx_word' id='word_1_736' title='bbox 3860 4574 3863 4575; x_wconf 23' lang='grc' dir='ltr'>ν</span> 
     </span>
    </p>
   </div>
   <div class='ocr_carea' id='block_1_108' title="bbox 2150 4596 3753 4685">
    <p class='ocr_par' dir='ltr' id='par_1_108' title="bbox 2150 4596 3753 4685">
     <span class='ocr_line' id='line_1_108' title="bbox 2150 4596 3753 4685; baseline 0.003 -29"><span class='ocrx_word' id='word_1_737' title='bbox 2150 4602 2427 4677; x_wconf 78' lang='grc' dir='ltr'>ταξιάρχῃ</span> <span class='ocrx_word' id='word_1_738' title='bbox 2451 4602 2757 4674; x_wconf 76' lang='grc' dir='ltr'>ταττομένη</span> <span class='ocrx_word' id='word_1_739' title='bbox 2798 4601 2878 4674; x_wconf 86' lang='grc' dir='ltr'>τῷ</span> <span class='ocrx_word' id='word_1_740' title='bbox 2921 4601 3191 4675; x_wconf 59' lang='grc' dir='ltr'>Γαϐριὴλ,</span> <span class='ocrx_word' id='word_1_741' title='bbox 3230 4596 3530 4659; x_wconf 70' lang='grc' dir='ltr'>Ἐντεῦθεν</span> <span class='ocrx_word' id='word_1_742' title='bbox 3550 4608 3594 4685; x_wconf 53' lang='grc' dir='ltr'><strong>,ό</strong></span> <span class='ocrx_word' id='word_1_743' title='bbox 3634 4606 3753 4661; x_wconf 88' lang='grc' dir='ltr'><strong>τῶν</strong></span> 
     </span>
    </p>
   </div>
   <div class='ocr_carea' id='block_1_109' title="bbox 2158 4691 3747 4771">
    <p class='ocr_par' dir='ltr' id='par_1_109' title="bbox 2158 4691 3747 4771">
     <span class='ocr_line' id='line_1_109' title="bbox 2158 4691 3747 4771; baseline 0.003 -24"><span class='ocrx_word' id='word_1_744' title='bbox 2158 4694 2448 4765; x_wconf 86' lang='grc' dir='ltr'>μακαρίων</span> <span class='ocrx_word' id='word_1_745' title='bbox 2494 4694 2796 4765; x_wconf 78' lang='grc' dir='ltr'>προφητῶν</span> <span class='ocrx_word' id='word_1_746' title='bbox 2844 4694 3123 4763; x_wconf 66' lang='grc' dir='ltr'>σύλλογος.</span> <span class='ocrx_word' id='word_1_747' title='bbox 3178 4691 3288 4760; x_wconf 87' lang='grc' dir='ltr'>Ἧς</span> <span class='ocrx_word' id='word_1_748' title='bbox 3336 4695 3624 4769; x_wconf 74' lang='grc' dir='ltr'>πόρρωθεν</span> <span class='ocrx_word' id='word_1_749' title='bbox 3677 4701 3747 4771; x_wconf 74' lang='grc' dir='ltr'>τῇ</span> 
     </span>
    </p>
   </div>
   <div class='ocr_carea' id='block_1_110' title="bbox 2152 4785 3749 4867">
    <p class='ocr_par' dir='ltr' id='par_1_110' title="bbox 2152 4785 3749 4867">
     <span class='ocr_line' id='line_1_110' title="bbox 2152 4785 3749 4867; baseline 0.003 -27"><span class='ocrx_word' id='word_1_750' title='bbox 2152 4785 2284 4861; x_wconf 82' lang='grc' dir='ltr'>δόξῃ</span> <span class='ocrx_word' id='word_1_751' title='bbox 2334 4785 2686 4851; x_wconf 82' lang='grc' dir='ltr'>ἐνατενίζων,</span> <span class='ocrx_word' id='word_1_752' title='bbox 2731 4788 3080 4858; x_wconf 83' lang='grc' dir='ltr'>προεμελέτα</span> <span class='ocrx_word' id='word_1_753' title='bbox 3131 4789 3226 4842; x_wconf 81' lang='grc' dir='ltr'><strong>τὸν</strong></span> <span class='ocrx_word' id='word_1_754' title='bbox 3270 4788 3515 4859; x_wconf 64' lang='grc' dir='ltr'>ἔπαινον,</span> <span class='ocrx_word' id='word_1_755' title='bbox 3574 4792 3749 4867; x_wconf 77' lang='grc' dir='ltr'>ταύτῃ</span> 
     </span>
    </p>
   </div>
   <div class='ocr_carea' id='block_1_111' title="bbox 2155 4878 3745 4957">
    <p class='ocr_par' dir='ltr' id='par_1_111' title="bbox 2155 4878 3745 4957">
     <span class='ocr_line' id='line_1_111' title="bbox 2155 4878 3745 4957; baseline 0.005 -25"><span class='ocrx_word' id='word_1_756' title='bbox 2155 4878 2403 4949; x_wconf 86' lang='grc' dir='ltr'>προσιὼν</span> <span class='ocrx_word' id='word_1_757' title='bbox 2443 4878 2713 4944; x_wconf 80' lang='grc' dir='ltr'>εὐλαϐῶς,</span> <span class='ocrx_word' id='word_1_758' title='bbox 2758 4879 2829 4933; x_wconf 86' lang='grc' dir='ltr'><strong>τά</strong></span> <span class='ocrx_word' id='word_1_759' title='bbox 2870 4881 3082 4951; x_wconf 85' lang='grc' dir='ltr'>τερπνὰ</span> <span class='ocrx_word' id='word_1_760' title='bbox 3114 4882 3319 4954; x_wconf 84' lang='grc' dir='ltr'>ὑπηχεῖ</span> <span class='ocrx_word' id='word_1_761' title='bbox 3368 4882 3745 4957; x_wconf 81' lang='grc' dir='ltr'>μελετήματα.</span> 
     </span>
    </p>
   </div>
   <div class='ocr_carea' id='block_1_112' title="bbox 2163 4970 3752 5055">
    <p class='ocr_par' dir='ltr' id='par_1_112' title="bbox 2163 4970 3752 5055">
     <span class='ocr_line' id='line_1_112' title="bbox 2163 4970 3752 5055; baseline 0.006 -31"><span class='ocrx_word' id='word_1_762' title='bbox 2163 4970 2465 5041; x_wconf 88' lang='grc' dir='ltr'>Ἐτέρωθεν</span> <span class='ocrx_word' id='word_1_763' title='bbox 2503 4972 2643 5042; x_wconf 81' lang='grc' dir='ltr'>μετὰ</span> <span class='ocrx_word' id='word_1_764' title='bbox 2670 4971 2768 5027; x_wconf 88' lang='grc' dir='ltr'><strong>τοῦ</strong></span> <span class='ocrx_word' id='word_1_765' title='bbox 2806 4972 2995 5055; x_wconf 81' lang='grc' dir='ltr'>θιάσου</span> <span class='ocrx_word' id='word_1_766' title='bbox 3018 4974 3129 5028; x_wconf 88' lang='grc' dir='ltr'><strong>τῶν</strong></span> <span class='ocrx_word' id='word_1_767' title='bbox 3162 4974 3444 5046; x_wconf 84' lang='grc' dir='ltr'>μαθητῶν,</span> <span class='ocrx_word' id='word_1_768' title='bbox 3475 4977 3544 5032; x_wconf 80' lang='grc' dir='ltr'>τὰ</span> <span class='ocrx_word' id='word_1_769' title='bbox 3575 4978 3752 5049; x_wconf 81' lang='grc' dir='ltr'>μυρία</span> 
     </span>
    </p>
   </div>
   <div class='ocr_carea' id='block_1_113' title="bbox 2151 5064 3753 5139">
    <p class='ocr_par' dir='ltr' id='par_1_113' title="bbox 2151 5064 3753 5139">
     <span class='ocr_line' id='line_1_113' title="bbox 2151 5064 3753 5139; baseline 0.004 -20"><span class='ocrx_word' id='word_1_770' title='bbox 2151 5064 2262 5119; x_wconf 88' lang='grc' dir='ltr'>τῶν</span> <span class='ocrx_word' id='word_1_771' title='bbox 2321 5064 2617 5137; x_wconf 88' lang='grc' dir='ltr'>μαρτύρων</span> <span class='ocrx_word' id='word_1_772' title='bbox 2691 5067 3081 5139; x_wconf 83' lang='grc' dir='ltr'>στρατεύματα</span> <span class='ocrx_word' id='word_1_773' title='bbox 3133 5068 3275 5122; x_wconf 83' lang='grc' dir='ltr'>αίδοῖ</span> <span class='ocrx_word' id='word_1_774' title='bbox 3326 5068 3588 5135; x_wconf 79' lang='grc' dir='ltr'>ἀλαλάζει</span> <span class='ocrx_word' id='word_1_775' title='bbox 3653 5072 3753 5125; x_wconf 75' lang='grc' dir='ltr'>καὶ</span> 
     </span>
    </p>
   </div>
   <div class='ocr_carea' id='block_1_114' title="bbox 2154 5157 3752 5235">
    <p class='ocr_par' dir='ltr' id='par_1_114' title="bbox 2154 5157 3752 5235">
     <span class='ocr_line' id='line_1_114' title="bbox 2154 5157 3752 5235; baseline 0.003 -24"><span class='ocrx_word' id='word_1_776' title='bbox 2154 5157 2327 5229; x_wconf 81' lang='grc' dir='ltr'>φόϐῳ.</span> <span class='ocrx_word' id='word_1_777' title='bbox 2372 5158 2439 5212; x_wconf 84' lang='grc' dir='ltr'><strong>’Ὦ</strong></span> <span class='ocrx_word' id='word_1_778' title='bbox 2480 5158 2592 5212; x_wconf 92' lang='grc' dir='ltr'><strong>τῶν</strong></span> <span class='ocrx_word' id='word_1_779' title='bbox 2619 5160 2737 5213; x_wconf 76' lang='grc' dir='ltr'>ἐκεῖ</span> <span class='ocrx_word' id='word_1_780' title='bbox 2771 5159 3145 5231; x_wconf 78' lang='grc' dir='ltr'>τελουμένωνῑ</span> <span class='ocrx_word' id='word_1_781' title='bbox 3181 5161 3245 5214; x_wconf 83' lang='grc' dir='ltr'><strong>Ὦ</strong></span> <span class='ocrx_word' id='word_1_782' title='bbox 3273 5162 3374 5233; x_wconf 85' lang='grc' dir='ltr'>τῆς</span> <span class='ocrx_word' id='word_1_783' title='bbox 3408 5163 3467 5216; x_wconf 80' lang='grc' dir='ltr'><strong>ὲν</strong></span> <span class='ocrx_word' id='word_1_784' title='bbox 3495 5163 3752 5235; x_wconf 84' lang='grc' dir='ltr'>οὐρανοῖς</span> 
     </span>
    </p>
   </div>
   <div class='ocr_carea' id='block_1_115' title="bbox 2150 5253 3751 5330">
    <p class='ocr_par' dir='ltr' id='par_1_115' title="bbox 2150 5253 3751 5330">
     <span class='ocr_line' id='line_1_115' title="bbox 2150 5253 3751 5330; baseline 0.001 -20"><span class='ocrx_word' id='word_1_785' title='bbox 2150 5258 2217 5327; x_wconf 81' lang='grc' dir='ltr'>τῇ</span> <span class='ocrx_word' id='word_1_786' title='bbox 2271 5253 2618 5326; x_wconf 83' lang='grc' dir='ltr'>άειπαρθένῳ</span> <span class='ocrx_word' id='word_1_787' title='bbox 2672 5254 2859 5327; x_wconf 75' lang='grc' dir='ltr'>Μητρὶ</span> <span class='ocrx_word' id='word_1_788' title='bbox 2903 5255 3278 5329; x_wconf 82' lang='grc' dir='ltr'>κροτουμὲνης</span> <span class='ocrx_word' id='word_1_789' title='bbox 3319 5258 3521 5330; x_wconf 79' lang='grc' dir='ltr'>τιμῆςί</span> <span class='ocrx_word' id='word_1_790' title='bbox 3555 5257 3751 5328; x_wconf 82' lang='grc' dir='ltr'>Ἔνθα,</span> 
     </span>
    </p>
   </div>
   <div class='ocr_carea' id='block_1_116' title="bbox 2153 5345 3750 5420">
    <p class='ocr_par' dir='ltr' id='par_1_116' title="bbox 2153 5345 3750 5420">
     <span class='ocr_line' id='line_1_116' title="bbox 2153 5345 3750 5420; baseline 0.003 -20"><span class='ocrx_word' id='word_1_791' title='bbox 2153 5347 2246 5400; x_wconf 79' lang='grc' dir='ltr'>τὸν</span> <span class='ocrx_word' id='word_1_792' title='bbox 2271 5346 2405 5401; x_wconf 79' lang='grc' dir='ltr'>Υίὸν</span> <span class='ocrx_word' id='word_1_793' title='bbox 2443 5345 2632 5420; x_wconf 84' lang='grc' dir='ltr'>ὁρῶσα</span> <span class='ocrx_word' id='word_1_794' title='bbox 2677 5348 2737 5401; x_wconf 77' lang='grc' dir='ltr'><strong>ὲν</strong></span> <span class='ocrx_word' id='word_1_795' title='bbox 2774 5349 2928 5419; x_wconf 85' lang='grc' dir='ltr'>μέσῳ</span> <span class='ocrx_word' id='word_1_796' title='bbox 2952 5348 3092 5402; x_wconf 87' lang='grc' dir='ltr'>θεῶν</span> <span class='ocrx_word' id='word_1_797' title='bbox 3125 5348 3221 5413; x_wconf 85' lang='grc' dir='ltr'><strong>οὓς</strong></span> <span class='ocrx_word' id='word_1_798' title='bbox 3259 5349 3486 5418; x_wconf 81' lang='grc' dir='ltr'>ὲθέωσε,</span> <span class='ocrx_word' id='word_1_799' title='bbox 3534 5350 3750 5416; x_wconf 81' lang='grc' dir='ltr'>δεδοξα-</span> 
     </span>
    </p>
   </div>
   <div class='ocr_carea' id='block_1_117' title="bbox 2158 5438 3754 5515">
    <p class='ocr_par' dir='ltr' id='par_1_117' title="bbox 2158 5438 3754 5515">
     <span class='ocr_line' id='line_1_117' title="bbox 2158 5438 3754 5515; baseline 0.004 -23"><span class='ocrx_word' id='word_1_800' title='bbox 2158 5441 2381 5510; x_wconf 78' lang='grc' dir='ltr'>σμένον,</span> <span class='ocrx_word' id='word_1_801' title='bbox 2430 5439 2528 5495; x_wconf 56' lang='grc' dir='ltr'><strong>καὶ⁸</strong></span> <span class='ocrx_word' id='word_1_802' title='bbox 2569 5438 2632 5494; x_wconf 82' lang='grc' dir='ltr'>τὸ</span> <span class='ocrx_word' id='word_1_803' title='bbox 2664 5441 2954 5510; x_wconf 88' lang='grc' dir='ltr'>μεγαλεῖον</span> <span class='ocrx_word' id='word_1_804' title='bbox 2978 5442 3181 5512; x_wconf 80' lang='grc' dir='ltr'>ἑαυτῆς</span> <span class='ocrx_word' id='word_1_805' title='bbox 3214 5442 3340 5497; x_wconf 83' lang='grc' dir='ltr'>ὅσον</span> <span class='ocrx_word' id='word_1_806' title='bbox 3388 5443 3754 5515; x_wconf 87' lang='grc' dir='ltr'>καταμανθά-</span> 
     </span>
    </p>
   </div>
   <div class='ocr_carea' id='block_1_118' title="bbox 2152 5523 3754 5605">
    <p class='ocr_par' dir='ltr' id='par_1_118' title="bbox 2152 5523 3754 5605">
     <span class='ocr_line' id='line_1_118' title="bbox 2152 5523 3754 5605; baseline 0.004 -24"><span class='ocrx_word' id='word_1_807' title='bbox 2152 5545 2348 5594; x_wconf 92' lang='grc' dir='ltr'>νουσα,</span> <span class='ocrx_word' id='word_1_808' title='bbox 2397 5523 2480 5592; x_wconf 80' lang='grc' dir='ltr'>οἷς</span> <span class='ocrx_word' id='word_1_809' title='bbox 2505 5530 2765 5584; x_wconf 87' lang='grc' dir='ltr'>τοσούτου</span> <span class='ocrx_word' id='word_1_810' title='bbox 2814 5530 2946 5584; x_wconf 90' lang='grc' dir='ltr'>Υίοῦ</span> <span class='ocrx_word' id='word_1_811' title='bbox 2985 5532 3328 5602; x_wconf 80' lang='grc' dir='ltr'>ἐχρημάτισε</span> <span class='ocrx_word' id='word_1_812' title='bbox 3381 5534 3590 5605; x_wconf 79' lang='grc' dir='ltr'>μήτηρ,</span> <span class='ocrx_word' id='word_1_813' title='bbox 3641 5533 3754 5587; x_wconf 85' lang='grc' dir='ltr'><strong>τῶν</strong></span> 
     </span>
    </p>
   </div>
   <div class='ocr_carea' id='block_1_119' title="bbox 2153 5621 3751 5701">
    <p class='ocr_par' dir='ltr' id='par_1_119' title="bbox 2153 5621 3751 5701">
     <span class='ocr_line' id='line_1_119' title="bbox 2153 5621 3751 5701; baseline 0.006 -28"><span class='ocrx_word' id='word_1_814' title='bbox 2153 5621 2556 5693; x_wconf 84' lang='grc' dir='ltr'>παναχράντων</span> <span class='ocrx_word' id='word_1_815' title='bbox 2587 5622 2796 5677; x_wconf 84' lang='grc' dir='ltr'>ὠδίνων</span> <span class='ocrx_word' id='word_1_816' title='bbox 2841 5624 3045 5694; x_wconf 78' lang='grc' dir='ltr'>ἑαυτὴν</span> <span class='ocrx_word' id='word_1_817' title='bbox 3092 5625 3498 5697; x_wconf 83' lang='grc' dir='ltr'>μακαρίζουσα,</span> <span class='ocrx_word' id='word_1_818' title='bbox 3531 5629 3751 5701; x_wconf 68' lang='grc' dir='ltr'>χαίρειν</span> 
     </span>
    </p>
   </div>
   <div class='ocr_carea' id='block_1_120' title="bbox 2154 5714 3753 5795">
    <p class='ocr_par' dir='ltr' id='par_1_120' title="bbox 2154 5714 3753 5795">
     <span class='ocr_line' id='line_1_120' title="bbox 2154 5714 3753 5795; baseline 0.008 -29"><span class='ocrx_word' id='word_1_819' title='bbox 2154 5714 2252 5767; x_wconf 76' lang='grc' dir='ltr'><strong>καὶ</strong></span> <span class='ocrx_word' id='word_1_820' title='bbox 2282 5714 2374 5767; x_wconf 82' lang='grc' dir='ltr'>τὸν</span> <span class='ocrx_word' id='word_1_821' title='bbox 2411 5714 2641 5787; x_wconf 77' lang='grc' dir='ltr'>ἄπειρον</span> <span class='ocrx_word' id='word_1_822' title='bbox 2671 5717 2733 5770; x_wconf 80' lang='grc' dir='ltr'>ἐν</span> <span class='ocrx_word' id='word_1_823' title='bbox 2756 5716 3122 5793; x_wconf 72' lang='grc' dir='ltr'>μεγαλωσύνη</span> <span class='ocrx_word' id='word_1_824' title='bbox 3158 5719 3343 5787; x_wconf 83' lang='grc' dir='ltr'>τόκον,</span> <span class='ocrx_word' id='word_1_825' title='bbox 3373 5718 3436 5776; x_wconf 80' lang='grc' dir='ltr'><strong>ὃν</strong></span> <span class='ocrx_word' id='word_1_826' title='bbox 3477 5721 3753 5795; x_wconf 75' lang='grc' dir='ltr'>πρότερον</span> 
     </span>
    </p>
   </div>
   <div class='ocr_carea' id='block_1_121' title="bbox 2166 5808 3760 5891">
    <p class='ocr_par' dir='ltr' id='par_1_121' title="bbox 2166 5808 3760 5891">
     <span class='ocr_line' id='line_1_121' title="bbox 2166 5808 3760 5891; baseline 0.006 -27"><span class='ocrx_word' id='word_1_827' title='bbox 2166 5808 2450 5880; x_wconf 86' lang='grc' dir='ltr'>σαρκικῶς</span> <span class='ocrx_word' id='word_1_828' title='bbox 2494 5814 2892 5883; x_wconf 85' lang='grc' dir='ltr'>πτωχεύσαντα</span> <span class='ocrx_word' id='word_1_829' title='bbox 2928 5814 3285 5888; x_wconf 77' lang='grc' dir='ltr'>θαυμάζουσα</span> <span class='ocrx_word' id='word_1_830' title='bbox 3310 5817 3667 5891; x_wconf 71' lang='grc' dir='ltr'>ἐμεγάλυνεν,</span> <span class='ocrx_word' id='word_1_831' title='bbox 3694 5818 3760 5874; x_wconf 72' lang='grc' dir='ltr'><strong>ιν</strong></span> 
     </span>
    </p>
   </div>
  </div>
