4108 6306
322 341 425 405 161

1118 346 1401 410 ORATIO
1435 348 1591 412 XIV.
1630 373 1700 384 -
1738 348 1822 411 ΙΝ
1861 350 1926 411 Β.
1966 349 2231 412 MARle
2268 354 2889 420 ASSUMPTIONEM.

3496 365 3601 428 162

311 454 402 524 τῷ
426 451 643 524 πλούτῳ
669 454 772 526 τῆς
803 455 1009 519 οίκείας
1035 455 1292 527 θεότητος
1325 458 1691 528 διαπρέποντα
1739 475 1871 528 μεγα

1976 459 2185 529 Lgloria
2238 464 2682 533 magniﬁcatum,
2736 481 3006 538 suamque
3059 471 3480 541 amplitudinem
3530 491 3598 533 ac

307 549 479 602 λύνει.
531 547 724 602 Ταῦτα
762 549 861 621 μὲν
889 552 918 603 ό
962 549 1075 604 ἅνω
1105 550 1313 622 κόσμος
1359 550 1474 622 ἔχει
1507 551 1898 621 πραγματευό-

310 657 472 708 μενα.

2003 553 2349 621 maiestatem
2396 557 2732 627 intelligens,
2779 561 2926 630 quod
2977 563 3112 615 tanti
3145 563 3270 619 Filii
3324 569 3600 625 exstiterit

2004 655 2199 709 mater,
2256 647 2470 700 beatam
2521 663 2582 704 se
2630 651 2699 704 ab
2742 652 3261 711 immaculatissimo
3307 661 3595 728 gratulans

307 742 494 801 partu,
520 733 848 805 impensiori
882 736 1083 807 gaudio
1116 736 1324 791 fruitur
1365 753 1380 790 :
1420 737 1740 808 prolemque
1775 738 1988 792 infinita
2030 741 2318 809 majestate
2346 745 2580 811 clarum,
2638 761 2802 815 quam
2855 749 3008 817 prius
3057 765 3227 806 carne
3293 768 3588 822 pauperem

300 825 561 879 effectam
600 828 912 897 suspiciens
943 830 1377 900 magniﬁcabat;
1421 831 1475 885 in
1527 847 1642 887 suae
1692 833 1909 887 deitatis
1937 837 2219 903 opulentia
2243 841 2710 908 spectatissimam
2766 844 3081 913 magniiicat
3125 859 3190 899 ac
3239 845 3594 917 deprtedicat.

301 919 483 987 Atque
510 919 628 974 haec
659 921 882 990 quidem
914 923 1170 992 superior
1201 923 1292 977 ille
1331 923 1572 978 mundus
1601 925 1792 994 agitat.

370 1011 516 1080 Φέρε
562 1011 629 1080 δὴ
675 1014 836 1083 ήμεῑς
887 1017 915 1068 ὁ
955 1015 1107 1069 κάτω
1171 1015 1398 1086 κόσμος,
1421 1009 1496 1070 ὧν
1537 1018 1799 1088 ἀπάρασα
1827 1018 1887 1070 οὐ

297 1104 592 1174 συναπῆρε
645 1103 744 1172 τὴν
795 1105 1136 1175 εὐεργεσίαν,
1189 1107 1286 1175 ἀφ’
1337 1107 1506 1176 ὖψους
1534 1109 1590 1161 δὲ
1636 1112 1889 1178 περιέπει

295 1194 399 1261 τῆς
440 1196 783 1264 προστασίας
830 1198 894 1266 τῇ
943 1197 1199 1266 πτέρυγι,
1249 1197 1318 1252 τὰ
1356 1200 1488 1270 ἡμῖν
1529 1200 1888 1254 ἐπιϐάλλοντα

294 1285 672 1356 συντελῶμεν,
700 1288 796 1340 καὶ
823 1289 923 1357 τὴν
961 1290 1252 1357 μετάθεσιν
1280 1293 1378 1362 τῆς
1401 1293 1680 1363 Παρθένου
1712 1294 1886 1363 τιμῶ-

293 1395 430 1447 μεν·
473 1381 570 1431 καὶ
605 1378 741 1450 πρὸς
760 1377 831 1432 τὰ
861 1380 1207 1452 ὐπερκόσμια
1236 1384 1524 1454 χωρούσης
1550 1386 1721 1454 αὐτῆς
1755 1402 1884 1456 προ-

290 1473 699 1544 πομπεύωμεν,
747 1474 824 1536 ὡς
853 1470 964 1526 οἷόν
999 1475 1149 1529 ἐστιν
1193 1477 1619 1548 ὐπερκοσμίως·
1657 1481 1752 1533 καὶ
1788 1483 1888 1550 τῆς

286 1566 662 1637 βαρυνούσης,
711 1567 808 1620 καὶ
850 1567 1226 1640 κατασπώσης
1264 1569 1418 1642 ὕλης,
1467 1573 1553 1640 ἐφ’
1584 1573 1710 1627 ὅσον
1743 1577 1890 1645 αἴρει

286 1659 350 1711 τὸ
383 1659 633 1729 πνεῦμα,
674 1659 1115 1732 μετατιθέμενοι,
1151 1662 1244 1716 καὶ
1274 1666 1388 1727 τοῖς
1415 1664 1602 1728 ἀΰλοις
1630 1682 1889 1719 συνεπαι-

284 1748 541 1818 ρόμενοι.
559 1750 714 1802 Τίσιν
740 1747 835 1803 οὖν
863 1755 1175 1822 πομπικαῖς
1198 1753 1499 1824 εὐφημίαις
1522 1757 1886 1828 χρησώμεθα;

2066 1019 2177 1090 Age
2217 1029 2271 1075 et
2311 1036 2411 1077 nos
2441 1021 2679 1076 mundus
2709 1021 2959 1085 inferior,
2995 1039 3024 1077 a
3077 1025 3306 1093 quibus,
3341 1036 3590 1097 quamvis

1995 1108 2334 1175 discesserit,
2390 1111 2538 1165 haud
2594 1122 2777 1165 tamen
2829 1113 3248 1171 beneﬁcentiam
3303 1120 3592 1187 abstulit;

1993 1199 2126 1266 quin
2156 1201 2224 1254 ab
2252 1202 2384 1267 alto,
2425 1205 2511 1257 sui
2548 1203 2838 1271 patrocinii
2869 1204 2970 1257 alis
3020 1205 3195 1270 fovet;
3231 1213 3376 1278 quod
3409 1216 3593 1267 nostri

1995 1292 2241 1345 muneris
2269 1302 2374 1356 est,
2412 1301 2758 1361 praestemus,
2787 1308 2851 1347 ac
2887 1293 3134 1364 Virginis
3174 1299 3592 1358 translationem

1997 1378 2203 1435 honore
2234 1396 2636 1450 prosequamur
2667 1399 2680 1435 :
2718 1383 3098 1454 coelorumque
3145 1388 3401 1444 sublimia
3435 1401 3591 1446 tran-

1995 1473 2371 1536 scendentem,
2408 1491 2508 1544 pro
2543 1476 2692 1530 virili
2737 1487 2927 1532 nostra
2959 1517 2976 1542 ,
3020 1490 3342 1550 quantoque
3389 1498 3590 1542 ornatu

1990 1581 2308 1636 possumus,
2335 1566 2700 1635 deducamus,
2756 1578 2919 1639 atque
2943 1587 2970 1624 a
2994 1574 3147 1640 gravi
3173 1587 3237 1627 ac
3260 1576 3588 1634 detrahenti:

1990 1659 2241 1724 materia,
2285 1669 2550 1728 quantum
2599 1661 2805 1716 attollit
2856 1664 3110 1731 spiritus,
3142 1669 3423 1731 translati,
3461 1687 3586 1725 cum

1992 1749 2281 1817 Spiritibus
2311 1753 2591 1806 caelitibus
2624 1754 2679 1806 in
2713 1754 2884 1809 altum
2939 1755 3334 1813 subvehamur.
3370 1760 3588 1825 Quibus

283 1841 398 1895 Καὶ
430 1843 553 1904 πῶς
590 1845 733 1896 κατὰ
756 1819 958 1915 τρόπον
990 1819 1491 1916 προσενεχθή-σεται
1609 1819 1778 1920 iriiri};
1816 1853 1871 1904 Ἤ

1991 1850 2172 1898 autem
2209 1846 2702 1901 acclamationibus
2772 1848 3105 1916 triumphum
3153 1865 3586 1922 prosequemur.

283 1932 556 2002 καλῶμεν
583 1935 648 1987 ἐκ
691 1935 798 1987 τῶν
828 1936 1070 2004 ὑψίστων
1121 1937 1446 2007 (ορυφαίους
1468 1977 1483 2002 ,
1513 1940 1610 1992 καὶ
1650 1940 1886 2009 μάλιστα

283 2026 374 2079 τὸν
403 2030 511 2098 τῆς
559 2031 877 2099 τιμωμένης
916 2031 1143 2099 βασιλέα
1194 2035 1554 2102 προπάτοραδ
1597 2036 1692 2089 καί¹
1752 2037 1886 2107 παρ’

282 2121 471 2176 αὐτῶν
497 2121 828 2192 πυθόμενοι,
863 2117 944 2185 οἷς
976 2117 1122 2177 οὗτοι
1160 2127 1554 2196 καταρτίζουσι
1597 2127 1698 2198 τὴν
1742 2129 1884 2198 ἱερο-

284 2214 504 2281 λογίαν,
537 2214 679 2268 κατὰ
708 2213 911 2286 τρόπον
939 2215 1164 2268 ἐκείνων
1195 2216 1484 2286 ἀποδῶμεν
1514 2217 1602 2270 τὸν
1629 2219 1880 2284 ἕπαινον;

283 2305 459 2378 Οἶμαι
485 2309 551 2378 δὴ
579 2310 801 2374 αὐτοὺς,
828 2303 909 2371 οἷς
943 2308 1181 2378 πρόσθεν
1212 2308 1511 2379 ἁνύμνουν,
1539 2309 1752 2374 τούτοις
1791 2311 1883 2364 καὶ

284 2399 376 2450 ἐπὶ
425 2398 523 2452 τοῦ
578 2399 849 2470 παρόντος
905 2399 1215 2468 ὑμνοῦντας
1246 2401 1546 2468 προσάγειν
1575 2400 1674 2469 τὴν
1709 2400 1880 2470 εὐφη-

289 2489 420 2558 μίαν
442 2507 456 2520 ο
485 2491 611 2543 ἐπεὶ
650 2491 770 2562 μηδ’
805 2486 874 2562 ἦν
906 2493 970 2543 ἐκ
996 2491 1103 2543 τῶν
1142 2491 1429 2561 ἡμετέρων
1456 2491 1524 2544 τὰ
1563 2491 1683 2544 τότε
1712 2493 1879 2562 ἠχού-

294 2601 455 2654 μενα,
483 2582 588 2637 κᾶν
621 2585 678 2637 ὲν
723 2587 837 2648 τοῖς
878 2585 1172 2654 ἡμετέροις
1225 2584 1520 2654 ἐκρούετο·
1557 2584 1674 2638 ἀλλ’
1710 2587 1877 2654 οὐρα-

288 2677 442 2732 νόθεν
488 2678 737 2746 ὐπήχουν
769 2677 816 2730 οἱ
869 2678 1109 2748 ᾄδοντες.
1166 2672 1456 2740 Εἰκὸς,οὖν
1492 2677 1588 2729 καὶ
1635 2677 1877 2745 σήμερον

281 2771 480 2832 αὐτοὺς
515 2771 754 2832 ἐκείναις
781 2772 900 2833 ταῖς
923 2769 1326 2840 προλαϐοῦσαις
1353 2770 1642 2840 φθογγαῖς,
1679 2769 1774 2822 ἆτε
1810 2769 1876 2841 δὴ

282 2863 564 2934 οὐρανίαις
617 2865 713 2935 τὴν
764 2865 1087 2935 Θεομήτορα
1117 2865 1283 2934 τιμᾷν
1319 2863 1776 2936 παραγενομένην
1817 2865 1875 2918 ἐν

283 2957 553 3024 οὐρανοῖς,
602 2956 668 3016 ἂς
705 2959 799 3010 καὶ
842 2960 972 3028 ἡμῖν
1012 2957 1420 3028 παραληπτέον.
1481 2957 1698 3020 Ἔξεστι
1734 2957 1866 3028 γὰρ,

280 3051 366 3100 καὶ
415 3049 597 3110 οὐδεὶς
641 3051 886 3113 κίνδυνος
938 3051 1018 3113 είς
1062 3052 1161 3120 τὴν
1217 3049 1390 3119 αὐτὴν
1432 3049 1620 3119 χρείαν
1670 3050 1871 3112 ταύτας

277 3139 760 3210 παραλαμϐάνειν.
831 3139 991 3192 Ἀλλὰ
1039 3139 1236 3210 μικρὸν
1287 3140 1316 3191 ὁ
1366 3138 1524 3207 λόγος
1555 3141 1869 3210 παρρησια-

276 3228 479 3295 (item,
534 3230 632 3283 καὶ
669 3231 745 3301 μὴ
780 3230 940 3299 μόνον
979 3231 1173 3295 τούτο,
1205 3230 1305 3300 τὴν
1340 3231 1639 3302 εὐφημίαν,
1694 3230 1870 3283 καθά-

273 3334 377 3389 περ
425 3322 581 3375 οὐδὲν
621 3323 750 3376 ἄλλο
781 3322 1026 3392 θαρρεῖν,
1060 3323 1327 3392 ἑπόμενος
1365 3323 1688 3391 πληρούτω,
1733 3322 1872 3376 ἀλλὰ

275 3412 367 3464 καὶ
398 3411 541 3482 αὐτῇ
567 3411 806 3481 προσιὼν
830 3414 896 3482 τῇ
921 3411 1314 3482 εὐφημουμένῃ
1346 3413 1769 3483 προσομιλείεω.

1989 1950 2168 2004 quave
2214 1937 2430 1991 ratione
2468 1939 2730 1992 honorem
2768 1940 3009 1996 debitum
3039 1942 3374 2000 oileremus?
3401 1947 3484 2000 An
3516 1964 3585 2002 ex

1989 2029 2258 2083 altissima
2275 2031 2542 2086 ccelorum
2568 2032 2791 2101 regione
2817 2035 3144 2103 coryphzeos
3168 2036 3581 2102 advocabimus,

1986 2134 2052 2173 ac
2084 2121 2325 2176 maxime
2351 2123 2522 2186 illius,
2553 2139 2673 2191 quae
2713 2123 2766 2177 in
2796 2124 2979 2180 laudis
3019 2139 3407 2198 argumentum
3455 2147 3583 2200 pro-

1987 2211 2227 2280 ponitur,
2255 2227 2414 2266 avum
2442 2213 2642 2283 Regem
2670 2214 2881 2284 ?atque
2909 2218 2996 2271 ubi
3027 2218 3094 2271 ab
3117 2218 3580 2283 eisaudieritnus.

1986 2301 2187 2368 quibus
2217 2300 2323 2369 ipsi
2351 2301 2528 2356 modis
2562 2303 2736 2371 elogia
2760 2307 3098 2360 concinneut
3121 2317 3442 2376 aptentque,
3466 2309 3582 2362 illo-

1984 2407 2106 2446 rum
2132 2408 2231 2447 nos
2249 2409 2400 2448 more
2419 2394 2640 2449 laudum
2661 2399 2931 2465 prmeonia
2963 2398 3252 2455 reddemus
3276 2401 3300 2454 ?
3323 2401 3582 2457 Arbitror

1984 2484 2235 2553 equidem
2272 2485 2444 2556 ipsos,
2491 2488 2699 2555 quibus
2748 2490 2900 2557 prius
2951 2492 3329 2556 celebrabant,
3379 2494 3577 2550 iisdem

1982 2576 2358 2629 encomiorum
2391 2579 2706 2646 generibus,
2744 2581 3045 2636 etiamnum
3085 2587 3158 2638 uti
3189 2603 3201 2637 :
3239 2601 3362 2639 nam
3402 2602 3578 2656 neque

1981 2669 2250 2722 nostratia
2292 2678 2475 2733 erant,
2524 2685 2646 2739 quae
2693 2680 2826 2726 tunc
2876 2677 3249 2742 personabant
3285 2718 3299 2739 .
3356 2681 3576 2733 tametsi

1981 2759 2124 2813 inter
2145 2768 2421 2815 nostrates
2441 2761 2844 2830 psallerentur:
2875 2764 2968 2817 sed
2995 2765 3052 2824 ii.
3079 2767 3301 2820 caelitus
3326 2767 3577 2823 instincti

1978 2866 2041 2905 ac
2092 2853 2313 2927 impulsi
2367 2854 2662 2908 canebant.
2720 2854 2825 2910 Fas
2870 2857 3055 2925 itaque
3106 2869 3212 2924 cst,
3254 2875 3317 2914 ac
3363 2861 3570 2914 rationi

1975 2955 2430 3012 consentaneum,
2478 2954 2537 3001 ut
2583 2946 2747 3002 iidem
2794 2947 3059 3003 hodierna
3116 2951 3258 3016 luce,
3317 2952 3570 3022 pristinis

1976 3036 2083 3091 illis
2108 3038 2328 3090 laudum
2355 3039 2735 3103 concentibus,
2759 3054 2860 3094 ceu
2881 3041 3224 3108 coelestibus,
3251 3042 3345 3097 Dei
3377 3044 3572 3100 Matris

1976 3129 2031 3181 in
2063 3128 2232 3181 crelos
2269 3127 2560 3181 adventum
2597 3129 2872 3184 honorent
2902 3147 2918 3184 :
2952 3147 3092 3202 quos
3115 3143 3170 3187 et
3206 3135 3369 3190 nobis
3400 3151 3572 3190 usur-

1980 3219 2097 3290 pari
2134 3227 2369 3288 oportet.
2405 3218 2557 3274 Licet
2585 3220 2755 3286 enim,
2802 3236 2906 3277 nec
2943 3223 3115 3278 ullum
3145 3233 3231 3279 est
3265 3227 3572 3296 periculum

1981 3321 2042 3367 ut
2103 3313 2376 3382 ejusmodi
2443 3309 2778 3382 usurpemus
2843 3313 3058 3371 laudes.
3122 3316 3328 3373 Verum
3393 3321 3574 3374 oratio

1981 3404 2263 3477 paululum
2319 3404 2391 3457 sit
2440 3403 2714 3469 liberior;
2755 3419 2857 3459 nec
2901 3409 3081 3461 solum
3132 3408 3370 3463 faustam
3420 3411 3570 3464 illam

273 3506 762 3571 acclamationem,
804 3520 867 3560 ac
913 3507 959 3559 si
999 3507 1209 3559 nuilum
1261 3508 1408 3562 aliud
1456 3511 1862 3577 praeconiorum
1903 3501 2214 3572 exemplum
2241 3501 2394 3569 sequi
2427 3502 2592 3565 ausit,
2615 3508 2878 3571 usurpet;
2932 3518 3119 3558 verum
3170 3505 3335 3559 etiam
3392 3506 3570 3576 ipsam

273 3600 496 3661 adiens,
524 3613 647 3668 quae
676 3597 950 3667 praconio
979 3599 1305 3664 celebratur,
1335 3615 1461 3653 cum
1497 3599 1587 3653 illa
1619 3600 1876 3653 cominus
1905 3601 2050 3666 agat.

344 3692 420 3745 Τί
448 3709 532 3744 σοι
559 3694 589 3744 ὁ
614 3691 686 3744 τὰ
711 3692 970 3761 μεγαλεῖα
1005 3695 1238 3763 ποιήσας
1296 3694 1468 3763 μέγας
1504 3694 1651 3758 Υἱὸς,
1696 3696 1870 3762 ὑπερ-

272 3783 624 3854 ευλογημένη
668 3785 908 3851 σήμερον
935 3785 1116 3849 natet;
1151 3783 1215 3834 Τί
1238 3784 1483 3852 γίνεται;
1535 3785 1600 3836 Τί
1634 3785 1693 3837 τὸ
1732 3784 1872 3854 ὁρώ-

275 3891 481 3946 μενον;
539 3875 613 3926 Ἢ
665 3873 764 3944 τὴν
824 3874 1056 3928 κιϐωτόν
1100 3893 1160 3927 σε
1211 3875 1304 3929 τοῦ
1362 3877 1697 3947 ἁγιάσματος
1728 3894 1741 3906 ο
1777 3877 1870 3928 τὸν

269 3971 531 4039 εὐπρεπῆ
584 3967 889 4036 νυμφῶνα·
940 3969 1030 4021 τὸν
1087 3968 1363 4022 θειότατον
1417 3969 1606 4040 θρόνον
1680 3970 1760 4030 εἰς
1811 3970 1871 4020 τὸ

270 4061 421 4114 θεῖον
443 4059 639 4114 ἑαυτοῦ
668 4059 968 4128 ἀνάκτορον
997 4061 1322 4130 μετατίθησι
1345 4078 1357 4091 ’
1377 4062 1477 4131 τὴν
1505 4062 1562 4124 ἐξ
1589 4056 1656 4130 ἦς
1684 4059 1866 4112 λαϐὼν

268 4151 371 4220 τὴν
414 4148 683 4220 σαρκίνην
719 4149 911 4217 στολὴν
965 4151 1087 4217 μετ’
1115 4150 1420 4218 ἀνθρώπων
1452 4150 1864 4214 ἐπολιτεύσατο,

269 4244 324 4295 ἐν
364 4242 616 4311 ὑψίστοις
647 4240 804 4309 φέρει
837 4241 1234 4310 συνδιατρίϐειν
1278 4242 1388 4294 τῶν
1427 4244 1700 4312 σαρκίνων
1735 4243 1866 4294 ἀνα-

269 4331 568 4402 λαμϐάνων
591 4345 603 4357 ·
649 4329 743 4382 καί
767 4346 850 4382 σοι
883 4333 1105 4400 πάρεισι
1142 4331 1602 4401 λειτουργοῦντες,
1634 4333 1783 4384 πᾶσα
1832 4333 1866 4399 ή

268 4424 467 4492 ἐκείνῳ
499 4422 895 4493 λειτουργοῦσα
961 4425 1143 4489 τάξις·
1197 4424 1444 4491 ἀγγέλων
1477 4423 1678 4492 δῆμοι·
1729 4442 1865 4494 προ-

269 4515 459 4584 φητῶν
503 4519 744 4584 χορεῖαιο
796 4517 845 4568 οἱ
891 4515 1082 4585 ὡραῖοι
1112 4516 1206 4568 τοῦ
1256 4516 1348 4568 σοῦ
1403 4517 1607 4586 ὡραίου
1664 4517 1860 4579 Παιδὸς

269 4607 559 4677 μαθηταί·
598 4609 669 4660 τὰ
700 4609 810 4662 τῶν
834 4609 1155 4662 καλλινίκων
1180 4608 1476 4680 μαρτύρων
1508 4610 1855 4679 συστήματαο

265 4701 457 4753 ἅπασα
494 4699 768 4770 παρθένος
798 4701 966 4771 ψυχὴ,
1003 4701 1094 4753 καὶ
1124 4701 1259 4771 πρὸς
1281 4701 1379 4772 τὴν
1410 4701 1688 4771 νυμφικὴν
1714 4702 1855 4753 ἀπό·

264 4787 458 4852 λεκτος
505 4790 755 4845 παστάδα
790 4789 884 4843 σοῦ
935 4789 1028 4842 τοῦ
1060 4786 1158 4860 τῆς
1189 4792 1486 4861 παρθενίας
1541 4792 1854 4861 ἀγάλματος

267 4882 526 4951 προΐασιν
557 4883 614 4933 ὲν
636 4881 968 4954 εὐφροσύνη.
1005 4884 1226 4951 Ἐπειδὴ
1260 4884 1369 4956 γὰρ
1399 4884 1569 4954 ἐχρῆν
1586 4883 1854 4954 ἀνασχού-

271 4989 368 5026 σαν
397 4973 604 5043 θνητῆς
632 4975 907 5045 γεωργίας
933 4975 1242 5038 ἀκολούθως
1291 4993 1350 5028 σε
1391 4979 1454 5048 τῇ
1488 4975 1694 5048 βλάστῃ
1719 4977 1869 5046 πρὸς·

265 5065 334 5116 τά
376 5063 496 5117 θεῖα
551 5065 990 5135 συγκομισθῆναι
1037 5070 1274 5136 ταμεῖα,
1322 5066 1657 5136 λειτουργεῖς
1705 5067 1856 5136 νόμῳ

265 5157 497 5226 θνητῶν,
541 5159 636 5210 καὶ
664 5157 908 5224 ὁμιλεῖς,
963 5151 1008 5210 ὦ
1058 5157 1152 5210 τοῦ
1197 5159 1351 5227 ἡλίου
1395 5160 1735 5228 φαεινότερα,
1778 5157 1856 5228 τῷ

270 5245 579 5315 σκυθρωπῷ
639 5248 920 5316 προσιόντι
963 5250 1219 5318 θανάτῳ·
1276 5249 1417 5318 πλὴν
1472 5250 1572 5319 τῆς
1612 5251 1852 5320 ἀρρήτου

264 5338 621 5407 φαιδρότητος
669 5340 704 5409 ἡ
738 5339 1048 5410 παρουσία,
1104 5340 1258 5393 οὐδὲν
1306 5343 1579 5410 συγχωρεῖ
1604 5344 1669 5411 τῇ
1725 5341 1855 5393 σκυ-

265 5431 575 5502 θρωπότητι
609 5431 880 5501 ὲνοχλεῖν’
915 5434 1115 5503 χειρῶν
1157 5434 1256 5504 μὲν
1278 5436 1522 5498 ἐκείνων,
1561 5432 1648 5498 αἷς
1676 5437 1856 5496 πάντα

265 5523 573 5592 συνέχεται,
611 5522 710 5592 τὴν
739 5523 1085 5593 πανάμωμον
1139 5525 1446 5595 δεχομένων
1488 5526 1705 5595 ψυχήν·
1759 5527 1852 5578 τοῦ

267 5614 314 5666 ἳὲ
347 5613 614 5685 καθαροῦ,
653 5613 749 5666 καὶ
798 5614 1031 5668 ἀσπίλου
1071 5615 1323 5685 σώματος
1353 5619 1411 5672 ὲν
1443 5618 1854 5688 καθαρωτάτοις

333 5789 424 5822 ’δαί
455 5787 595 5844 Luc.
627 5805 669 5853 ι,
702 5787 790 5842 49.

595 5880 871 5940 ΡΑτιιοι.
915 5878 1032 5938 Gn.
1070 5877 1254 5939 CVII.

2043 3689 2185 3755 Quid
2200 3703 2328 3742 vero
2348 3687 2416 3750 is,
2434 3687 2523 3752 qui
2544 3703 2736 3757 magna
2754 3689 2853 3744 tibi
2875 3707 3105 3762 magnus
3119 3690 3289 3747 Filius
3306 3691 3432 3747 fecit
3446 3693 3566 3757 ”-',

1969 3797 2003 3838 ο
2035 3789 2116 3835 ter
2155 3779 2468 3841 benedicta,
2500 3779 2597 3833 tibi
2644 3779 2806 3836 hodie
2851 3781 2983 3836 facit
3014 3783 3037 3836 ?
3071 3782 3344 3848 Quidnam
3377 3801 3564 3842 rerum

1971 3875 2152 3931 evenit
2182 3874 2206 3927 ?
2237 3873 2376 3940 Quid
2401 3874 2547 3928 istud
2581 3873 2728 3941 quod
2753 3876 3034 3930 cernimus
3061 3877 3083 3929 ?
3115 3877 3262 3932 Sane
3293 3892 3478 3932 arcam
3515 3890 3568 3935 te

1970 3966 2453 4031 sanctificationis,
2487 3966 2937 4020 honestissimum
2976 3968 3301 4030 thalamum,
3332 3971 3568 4026 divinis-

1971 4061 2171 4115 sitnum
2207 4058 2467 4112 thronum
2506 4057 2560 4110 in
2603 4057 2849 4111 divinum
2900 4073 3062 4112 suum
3116 4061 3384 4116 transfert
3419 4071 3561 4116 tem-

1970 4151 2117 4219 plum
2151 4167 2166 4203 :
2204 4165 2347 4214 eam,
2396 4162 2461 4200 ex
2509 4162 2617 4216 qua
2663 4162 2830 4202 carne
2878 4160 3094 4217 sumpta
3136 4151 3282 4205 inter
3312 4152 3564 4209 homines

1932 4247 2222 4313 versatus
2264 4247 2366 4304 est,
2419 4237 2488 4291 ad
2538 4237 2797 4291 sublimia
2853 4241 2979 4292 ρωιί
3022 4239 3309 4308 transfert,
3350 4256 3417 4295 ex
3456 4242 3561 4296 hoc

1971 4331 2186 4382 mortali
2256 4337 2400 4383 statu
2457 4326 2752 4392 eductam;
2805 4328 3014 4398 tibique
3064 4330 3245 4386 omnis
3298 4333 3433 4387 ordo
3481 4334 3560 4389 illi

1970 4421 2402 4474 ministrantium
2446 4419 2708 4475 satellitio
2749 4418 2944 4474 adest:
2973 4422 3292 4491 angelorum
3339 4431 3556 4490 turma,

1970 4513 2359 4583 prophetarum
2384 4511 2562 4577 chori,
2596 4513 2906 4580 speciosum
2936 4512 3336 4582 discipulorum
3361 4530 3558 4585 agmen

1925 4602 2208 4676 Tspeciosi
2244 4602 2370 4659 Filii
2415 4603 2530 4669 tui,
2574 4603 2873 4674 insignium
2928 4604 3201 4659 victorum
3251 4619 3556 4677 martyrqu

1967 4703 2268 4764 exercitus,
2318 4713 2514 4754 omnes
2550 4699 2750 4752 animae
2789 4697 3057 4767 virgines,
3089 4697 3401 4780 Sponsique
3435 4701 3558 4753 tha-

1968 4794 2114 4846 lamo
2132 4791 2410 4846 destinata
2439 4791 2660 4854 cohors,
2695 4791 2817 4854 tibi,
2846 4806 2968 4859 qua:
2989 4791 3322 4861 virginitatis
3350 4793 3554 4861 imago,

1966 4883 2262 4951 vivumque
2320 4882 2678 4937 simulacrum
2744 4883 3020 4948 exsistas,
3071 4883 3128 4936 in
3185 4884 3556 4939 exsultatione

1967 4974 2233 5044 obsequio
2261 4975 2435 5044 prmit.
2457 4973 2727 5040 Quoniam
2749 4974 2894 5028 enim
2918 4983 2972 5030 te
2997 4975 3351 5032 mortalitatis
3376 4992 3556 5031 messe

1966 5066 2266 5130 succisam,
2291 5073 2698 5134 consequenter
2723 5080 2833 5118 una
2857 5081 2981 5119 cum
3004 5067 3250 5135 germine
3277 5067 3332 5119 in
3360 5067 3548 5121 divina

1967 5160 2161 5210 borrea
2203 5155 2335 5210 ferri
2363 5140 2674 5225 oportebai,
2708 5157 3024 5210 mortalium
3069 5157 3173 5226 legi
3205 5158 3552 5227 obsequeris,

1965 5262 2029 5301 ac
2085 5262 2208 5301 eum
2267 5246 2411 5300 tristi
2460 5261 2525 5300 ac
2564 5255 2684 5299 atra
2734 5255 2932 5314 morte,
2987 5257 3046 5302 tu
3094 5249 3211 5304 sole
3259 5249 3553 5315 illustrior,

1964 5338 2337 5409 congrederis,
2398 5353 2715 5407 quanquam
2757 5340 3049 5396 ineil‘abilis
3096 5341 3369 5398 claritatis
3415 5358 3557 5413 pra:-

1963 5433 2166 5494 sentia,‘
2209 5431 2346 5485 nihil
2373 5438 2568 5485 mortts
2595 5432 2743 5485 illam
2780 5433 3232 5500 severitudinem,
3264 5433 3554 5489 molestam

1963 5539 2085 5579 esse
2115 5522 2248 5577 sinit
2275 5538 2289 5575 :
2321 5536 2450 5576 cum
2482 5522 2589 5576 illm
2628 5523 2850 5592 quidem
2885 5537 3104 5592 manus,
3133 5526 3338 5596 quibus
3367 5527 3554 5580 omnia

1963 5616 2346 5681 continentur,
2361 5615 2906 5672 intemeratissimam
2925 5617 3274 5688 susciperent
3291 5618 3559 5692 animam;

3019 5884 3052 5944 6
