4108 6306
563 276 664 339 163

1791 278 1990 339 LEON
1998 279 2070 339 IS
2107 279 2570 340 PHiLOSOPHI

3734 280 3834 340 164

556 383 822 442 mundum
855 392 1035 440 autem
1089 380 1151 440 ac
1183 386 1590 441 immacu.atum
1624 401 1847 458 corpus,
1873 391 1926 443 in
1961 389 2142 459 puris-

2250 391 2644 460 μεθισταμένου
2694 389 2934 460 χωρίοις.
2973 389 3096 442 Ὀτι
3131 389 3437 452 ἐϐάστασας
3469 389 3605 442 Θεὸν
3648 390 3827 457 σάρκα

558 479 696 533 sima
723 477 841 531 loca
871 475 1291 530 transferretur.
1317 476 1472 542 Quod
1495 476 1663 532 Deum
1696 492 1862 533 carne
1888 479 2143 533 indutum

558 576 852 638 gestasses,
887 568 983 621 Dei
1017 568 1134 638 ipsa
1166 570 1422 624 manibus
1454 571 1711 640 gestaris,
1753 571 1849 625 ubi
1893 574 2145 628 emisses

557 674 802 716 carnem.
825 659 1130 715 Maternum
1159 662 1484 733 obsequium
1510 665 1767 726 tuo,sine
1795 663 1976 731 Patre,
2007 665 2147 719 Filio

555 751 852 815 detuleras,
893 765 1020 806 cum
1064 753 1154 808 ille
1200 756 1466 809 mundum
1516 756 1945 824 ingrederetur:
2003 771 2148 812 nunc

557 843 822 896 mundum
881 843 1000 915 ipsa
1046 847 1357 914 egrediens,
1411 848 1531 918 ejus
1576 848 1827 903 vicissim
1879 849 2146 918 obsequio

558 932 781 997 foveris,
807 935 959 989 omni
989 937 1234 990 ccelitum
1265 938 1456 1001 choro,
1479 952 1544 992 ac
1573 938 1820 1007 tripudio
1848 948 2146 1010 praeeunte,

556 1035 819 1091 moreque
838 1023 1263 1092 supplicantium
1291 1026 1557 1080 honorem
1586 1027 1821 1081 habente
1850 1029 2149 1096 :quemad_—

556 1109 777 1164 modum
828 1119 882 1165 et
921 1114 1097 1180 prius,
1141 1112 1286 1168 haud
1323 1114 1398 1168 ita
1437 1114 1647 1185 pridem
1678 1130 1743 1170 ex
1779 1117 1953 1171 Annte
1995 1128 2152 1172 utero

565 1202 619 1256 in
652 1202 828 1258 lucem
855 1212 1131 1274 suscepta,
1169 1205 1414 1274 virgineo
1445 1207 1684 1276 agmine,
1717 1208 2149 1278 supplicantium

557 1292 690 1356 ritu,
745 1295 799 1347 in
852 1310 1016 1348 unum
1059 1303 1249 1350 coacto
1307 1297 1696 1352 honorabaris.
1740 1297 1942 1352 Verum
1997 1309 2150 1363 tunc,

557 1385 704 1440 aliud
734 1387 995 1455 quiddam
1028 1398 1167 1454 erat,
1213 1392 1361 1459 quod
1404 1391 1564 1446 ﬁebat
1593 1433 1609 1458 ,
1683 1393 1900 1462 aliaque
1942 1393 2153 1448 ratione

556 1492 794 1548 corpore
846 1490 1216 1550 praesentem,
1259 1484 1500 1554 virgines
1555 1487 1884 1555 corporibus
1935 1487 2151 1540 amictae

557 1569 858 1638 stipabant,
900 1587 964 1627 ac
1003 1572 1392 1641 deducebant;
1443 1583 1568 1646 apte
1612 1578 1870 1643 nimirum
1916 1586 1971 1632 et
2013 1593 2147 1632 con-

2245 476 2641 546 ὴμφιεσμένον,
2691 476 2934 548 βαστάζῃ
2967 477 3102 530 Θεοῦ
3145 477 3426 548 παλάμαις
3467 478 3832 548 ἀπαμφιασο-

2251 569 2389 638 μένη
2419 570 2516 639 τὴν
2547 570 2746 642 σάρκα.
2775 571 3187 641 Προσενήνοχας
3207 571 3533 642 δορυφορίαν
3557 573 3833 643 μητρικὴν

2249 661 2385 732 πρὸς
2417 662 2623 732 κόσμον
2660 663 2883 715 εἰσιόντι
2910 661 2990 732 τῷ
3019 661 3256 730 ἀπάτορί
3290 679 3384 715 σου
3437 661 3550 732 Υἱῷ
3573 679 3586 693 ·
3621 664 3835 716 ἀντιδοο

2252 756 2464 825 ρυφορῇ
2500 754 2707 824 κόσμου
2737 752 2981 820 ἐξιοῦσα,
3023 754 3206 824 πάσης
3233 755 3332 825 1?};
3381 756 3510 825 περὶ
3539 755 3700 809 αὑτὸν
3740 773 3834 825 χο-

2253 845 2549 916 ροστασίας
2574 846 3081 916 προπορευομένης,
3105 846 3200 900 καὶ
3217 850 3283 918 τῇ
3307 847 3546 900 λιτανεία
3563 849 3835 917 τιμώσης,

2251 937 2561 1008 ῶσπερκαὶ
2599 939 2836 1009 πρόσθεν
2885 938 3061 1009 ἐθίμῳ
3115 938 3502 1010 λιτανευομένη
3551 939 3676 1008 ἄρτι
3722 939 3835 990 τῶν

2251 1030 2355 1099 τῆς
2387 1031 2592 1100 Ἀννης
2646 1031 2889 1099 λαγόνων
2938 1034 3018 1094 είς
3053 1031 3167 1100 βίον
3215 1032 3629 1102 προκύπτουσα.
3673 1030 3840 1084 Ἀλλά

2251 1119 2372 1171 τότε
2415 1119 2512 1189 μὲν
2540 1118 2683 1172 ’ἀλλο
2713 1119 2774 1172 τὸ
2807 1120 3094 1190 γινόμενον
3117 1161 3131 1187 ,
3180 1121 3277 1173 καί
3305 1119 3480 1184 άλλως
3525 1119 3839 1173 ὲλιτάνευον

2253 1209 2540 1279 παροῦσαν
2577 1211 2635 1263 ἐν
2668 1209 2906 1279 σώματι,
2962 1209 3099 1281 μετά
3135 1210 3394 1279 σώματος
3422 1209 3664 1280 τιμῶσαι
3698 1226 3840 1280 παρη

2256 1301 2422 1366 θένοι,
2453 1304 2548 1355 καὶ
2586 1301 2663 1372 τῷ
2689 1301 2872 1372 καιρῷ
2906 1301 3272 1371 συμϐαίνοντα
3303 1300 3799 1371 προπομπεύουσαι
3819 1316 3835 1329 °

2255 1391 2348 1446 νῦν
2392 1393 2438 1445 δ’
2472 1392 2840 1462 ἐκδημούσης,
2874 1392 3101 1462 έκδημοι
3131 1392 3230 1461 τῆς
3257 1393 3518 1463 σαρκίνης
3552 1392 3739 1461 πέδης,
3777 1392 3840 1444 αἱ

2257 1483 2541 1553 παρθένων
2588 1483 2803 1554 ψυχαὶ,
2879 1482 3231 1554 ἐντιμοτέραν
3283 1482 3496 1535 ποιοῦσι
3547 1481 3646 1552 τὴν
3700 1497 3839 1550 προ-

2252 1577 2499 1646 πομπήν.

556 1668 819 1717 sentanee
861 1666 1101 1733 corpori.
1135 1665 1298 1721 Nunc
1333 1684 1487 1730 vero,
1512 1684 1638 1724 cum
1667 1671 1973 1727 excesseris
2033 1685 2290 1742 corpore,
2335 1669 2608 1738 virginum
2664 1669 2864 1722 animae
2921 1667 3205 1738 corporeis
3247 1667 3484 1723 vinculis
3545 1667 3836 1730 exsolutus,

557 1750 718 1821 longe
744 1753 1203 1814 honoriﬁcentius
1234 1758 1530 1815 deducunt.

628 1843 832 1898 Verum
855 1847 985 1915 quid
1012 1848 1121 1914 ais,
1147 1865 1180 1903 o
1206 1852 1580 1907 sacratissime
1606 1853 1954 1933 deductionis
1976 1855 2143 1924 hujus
2173 1858 2220 1916 Β

560 1935 871 2007 οοτγριικθ,
911 1938 1006 2007 qui
1048 1947 1101 1993 et
1145 1948 1276 1994 tunc
1313 1943 1464 1997 velut
1511 1954 1798 2016 cognatus,
1832 1962 2145 2017 quanquam

557 2029 718 2099 longe
747 2031 1054 2087 morabaris
1085 2047 1116 2086 a
1154 2037 1343 2089 saeculi
1373 2037 1480 2102 via,
1516 2037 1571 2091 in
1603 2039 1728 2094 tilia:
1765 2046 1949 2095 tamen
1974 2043 2146 2095 hono-

555 2133 671 2172 rent
697 2120 906 2188 pariter
935 2123 1252 2188 occurristi,
1287 2138 1350 2178 ac
1383 2126 1681 2195 spirituum
1715 2143 1889 2193 more,
1917 2143 2043 2183 cum
2077 2129 2146 2182 iis

554 2210 651 2278 qui
676 2211 904 2265 materia
939 2222 1219 2278 constant,
1253 2214 1400 2270 diem
1436 2215 1635 2273 festum
1661 2217 1819 2273 laetus
1852 2219 2097 2288 agitabas
2128 2238 2141 2272 :

555 2316 704 2356 nunc
739 2311 921 2358 autem
966 2308 1225 2369 maxime,
1277 2308 1352 2360 illi
1405 2311 1906 2377 congruentissime
1953 2312 2143 2376 statui,

553 2393 610 2446 in
637 2407 750 2462 quo
780 2395 1048 2459 versaris,
1095 2411 1157 2450 ea
1186 2412 1423 2453 cernens
1455 2415 1577 2469 qua:
1625 2411 1978 2470 peraguntur,
2023 2402 2146 2456 (ilia:

554 2483 822 2540 honorem
852 2486 1124 2549 celebras,
1170 2503 1234 2542 ac
1263 2491 1583 2558 gratularis,
1633 2492 1977 2562 gloriamque
2027 2508 2146 2547 om-

554 2577 707 2630 nium
735 2577 913 2632 oculis
936 2580 1245 2648 expositam
1279 2583 1570 2651 perspicue
1601 2583 1859 2639 laudibus
1903 2586 2142 2640 extollis.

555 2666 714 2723 Ilaud
771 2683 904 2723 vero
950 2669 1065 2739 jam
1119 2672 1262 2726 intra
1309 2676 1493 2730 carnis
1544 2676 1722 2731 velum
1769 2677 2145 2748 contemplans

553 2759 918 2828 deprasdicas,
951 2759 1098 2828 quod
1133 2771 1265 2816 tunc
1290 2764 1346 2816 in
1381 2765 1570 2822 laudes
1590 2764 1796 2822 effusus
1821 2767 2144 2836 praestabas,

553 2849 890 2921 propiusque
937 2860 1250 2909 contextam
1307 2854 1363 2909 in
1403 2855 1638 2913 ﬁmbriis
1669 2859 1853 2914 aureis
1885 2861 1904 2891 ³
1949 2860 2143 2918 stolam

551 2941 913 2997 considerans
939 2957 953 3006 ;
979 2958 1194 2996 summa
1218 2955 1399 3000 tamen
1427 2947 1708 3017 voluptate
1735 2947 1806 3004 ob
1836 2949 1958 3004 ﬁlia:
1978 2953 2142 3005 deco-

554 3047 668 3086 rem
707 3033 1080 3103 perfunderis,
1129 3036 1505 3108 universeque
1550 3038 1929 3094 sacratissimo
1971 3041 2144 3096 choro

554 3125 775 3193 signum
814 3125 1155 3182 laudationis
1183 3128 1513 3184 inchoanda:
1540 3129 1683 3186 edis.
1722 3131 1805 3185 An
1831 3131 2145 3203 dignaberis

2330 1845 2493 1901 Ἀλλά
2526 1845 2579 1898 τί
2603 1843 2726 1914 φὴς,
2755 1836 2801 1896 ὦ
2826 1842 2926 1912 τῆς
2961 1842 3260 1914 ἱερωτάτης
3299 1846 3632 1915 προπομπῆς
3660 1861 3838 1915 κορυ-

2253 1942 2403 2009 φαῖε,
2435 1937 2494 1999 ὃς
2520 1935 2614 1988 καὶ
2641 1933 2764 1988 τότε
2815 1929 2905 1986 οἷα
2929 1932 2995 2004 δὴ
3028 1927 3318 2005 συγγενὴς,
3349 1935 3396 1987 εἰ
3439 1934 3536 1988 καὶ
3575 1934 3697 1988 ὁδοῦ
3733 1937 3840 2005 τῆς

2251 2034 2310 2084 ἐν
2338 2030 2436 2102 βίῳ
2475 2030 2664 2101 πόρρω
2708 2026 2997 2098 διέτριὸες,
3030 2026 3182 2096 ὅμως
3210 2029 3289 2089 είς
3316 2027 3481 2098 τιμὴν
3511 2027 3837 2100 συνέτρεχες

2250 2124 2351 2192 τῆς
2371 2120 2659 2190 θυγατρὸς,
2688 2119 2784 2173 καὶ
2824 2118 3003 2182 ἀθλως
3054 2119 3554 2189 συνεπανηγύριζες
3599 2123 3712 2184 τοῖς
3751 2124 3839 2174 έν-

2257 2215 2424 2278 ύλοις.
2449 2215 2559 2267 Καὶ
2581 2213 2675 2266 νῦν
2707 2212 2940 2281 μάλιστα
2961 2211 3177 2275 οίκείως
3203 2212 3304 2281 τῆς
3331 2211 3562 2282 ἐχούσης
3586 2229 3644 2264 σε
3661 2231 3838 2266 κατα-

2253 2307 2489 2370 στάσεως
2528 2305 2671 2376 όρῶν
2695 2306 2763 2357 τά
2794 2304 3091 2378 γινόμενα,
3133 2307 3453 2376 συγκροτεῖς
3492 2307 3560 2377 τῇ
3593 2305 3834 2378 θυγατρὶ

2233 2386 2349 2468 ’τὴν
2397 2396 2586 2468 τιμὴν,
2644 2397 2738 2449 καὶ
2789 2396 2890 2466 τὴν
2962 2395 3120 2464 δόξαν
3183 2397 3469 2468 ὁρωμένην
3536 2399 3836 2468 προφανῶς

2250 2493 2510 2553 ἐπαινεῖς.
2544 2487 2689 2542 Ἀλλ’
2716 2488 2817 2541 οὐκ
2848 2486 3051 2542 ἔσωθεν
3077 2488 3244 2560 αὐτὴν
3265 2489 3361 2541 τοῦ
3391 2491 3836 2561 παραπετάσμα-

2250 2598 2340 2647 τος
2393 2582 2594 2653 σαρκὸς
2634 2577 2802 2636 οὖσαν
2865 2579 3087 2651 θεωρῶν
3148 2581 3432 2652 ἀνυμνείς,
3482 2581 3675 2655 ῶσπερ
3706 2583 3830 2637 τότε

2250 2676 2460 2738 ἐποίεις
2488 2675 2695 2745 ὑμνῶν,
2729 2674 2826 2727 καὶ
2854 2673 2951 2742 τὴν
2981 2674 3039 2727 ἐν
3079 2675 3192 2736 τοῖς
3234 2675 3458 2744 χρυσοῖς
3485 2673 3594 2727 τῶν
3621 2675 3829 2745 ἀρετῶν

2252 2768 2586 2837 κροσσωτοίς
2622 2763 3002 2833 ἐξυφασμένην
3030 2763 3223 2832 στολὴν
3251 2761 3485 2830 ἐγγύθεν
3523 2763 3823 2828 κατανοῶν,

2250 2856 2564 2929 ὑπερηδύνῃ
2598 2857 2696 2928 μὲν
2725 2861 2793 2928 τῇ
2825 2856 3131 2926 εὐπρεπείᾳ
3154 2855 3252 2925 τῆς
3275 2854 3566 2924 θυγατρὸς,
3591 2873 3830 2926 προανα⁶

2237 2948 2437 3014 φωνεῖς
2463 2943 2523 2997 δέ
2559 2948 2627 3016 τῇ
2675 2946 2943 3016 ἱερωτάτῃ
2997 2947 3191 3018 χορεία
3231 2947 3295 2999 τὸ
3342 2947 3643 3016 ἐνδόσιμον.
3696 2941 3826 3013 'Ap‘

2240 3037 2409 3100 ἐστιν,
2440 3038 2590 3100 ὅπως
2623 3037 2720 3090 καὶ
2766 3038 2900 3109 ἡμῖν
2933 3037 3189 3103 ἀξιώσεις
3239 3036 3526 3110 παρελθὼν
3567 3037 3822 3104 διατάξαι

2241 3131 2342 3201 τὴν
2372 3130 2670 3201 εὐφημίαν,
2702 3128 2799 3183 καὶ
2836 3130 3176 3202 συνεπιλήψη
3201 3131 3302 3200 τῆς
3332 3129 3661 3202 προθυμίας,
3695 3131 3826 3202 βου-

556 3226 693 3272 utet
721 3229 924 3273 nostro.
942 3219 1117 3275 choro
1151 3222 1470 3290 adveniens,
1499 3223 1683 3280 laudis
1717 3225 1876 3281 nobis
1904 3242 1969 3281 ac
1998 3243 2140 3297 prae-

2248 3223 2490 3294 λομένοις
2519 3225 2587 3296 τῇ
2621 3222 2856 3294 θυγατρὶ⁵
2887 3223 3082 3292 ὥσπερ
3115 3239 3167 3277 τι
3199 3223 3371 3290 δῶρον
3413 3223 3624 3290 ἐόρτιον
3657 3239 3826 3290 προσο

552 3311 849 3366 dicationis
868 3310 1087 3364 modum
1117 3312 1479 3383 ordinemque
1501 3317 1848 3384 praescribas,
1877 3317 2135 3388 adjuves-

553 3415 664 3470 que
693 3399 1030 3454 alacritatem
1059 3415 1253 3455 eorum
1285 3402 1380 3472 qui
1411 3401 1539 3457 ﬁliae
1579 3413 1703 3470 tuae,
1743 3409 1900 3476 quasi
1934 3423 2135 3463 munus

555 3492 698 3548 festo
733 3501 1079 3562 competens;
1126 3494 1432 3549 orationem
1489 3495 1688 3552 oﬂerre
1731 3499 2020 3568 cogitant?
2054 3502 2138 3554 An

555 3584 767 3638 abnues
825 3597 1002 3652 neque
1046 3583 1362 3651 adduceris,
1404 3594 1461 3640 ut
1517 3585 1613 3656 qui
1659 3585 1773 3655 jam
1807 3587 2142 3645 immortales

556 3676 718 3731 sedes
746 3674 965 3741 incolis,
1000 3678 1064 3729 ad
1108 3692 1209 3730 nos
1238 3672 1567 3742 descendas,
1592 3661 1818 3749 'quibus
1845 3681 1962 3735 ista:
1993 3698 2141 3736 mor-

557 3765 787 3820 talitatis
828 3768 986 3820 sedes
1040 3765 1381 3836 obtigerunt,
1415 3776 1470 3821 et
1517 3784 1658 3839 quos
1710 3768 1820 3824 fata
1876 3771 1964 3827 his
2006 3773 2142 3828 locis

557 3857 737 3912 debita
786 3858 1094 3912 exercent?
1132 3857 1287 3914 Haud
1327 3860 1607 3915 enimvero
1654 3872 1918 3930 recusat;
1967 3864 2139 3929 adest,

557 3964 622 4003 ac
681 3963 824 4018 opus
877 3948 1232 4019 aggreditur,
1274 3966 1610 4024 operamque
1649 3969 1806 4008 suam
1851 3955 2142 4013 nobiscum

553 4040 736 4110 jungit
760 4078 777 4103 ,
808 4039 948 4093 nihil
977 4039 1210 4096 moleste
1233 4041 1440 4107 ferens,
1466 4054 1524 4097 ut
1547 4044 1668 4114 ejus
1697 4059 1800 4100 nos
1832 4045 2058 4100 vocibus
2081 4061 2147 4102 ac

556 4133 798 4189 oraculis
841 4133 1140 4187 abutamur
1195 4135 1446 4189 oratione
1497 4135 1836 4190 conﬁcienda
1877 4155 1890 4189 :

2250 3312 2558 3385 ενηνοχέναι
2620 3313 2712 3367 τὸν
2779 3311 2971 3380 λόγον;
3021 3310 3096 3364 Ἣ
3161 3309 3506 3382 παραιτήσῃ,
3563 3307 3658 3361 καὶ
3723 3307 3827 3361 οὐκ

2242 3407 2447 3469 ἐθέλεις
2486 3406 2648 3469 αὐτὸς
2688 3406 2810 3467 ταῖς
2863 3400 3164 3472 ἀκηράτοις
3223 3399 3584 3469 ἐνδιατρίϐων
3639 3398 3829 3468 λήξεσι

2240 3500 2378 3570 πρὸς
2403 3499 2550 3569 ἡμᾶς
2575 3494 2841 3560 κατιέναι,
2864 3493 2957 3557 οὓς
2976 3495 3031 3547 αἱ
3048 3493 3199 3546 κάτω
3225 3491 3584 3561 περιφέρουσι
3631 3491 3826 3560 κῆρες

2254 3591 2396 3646 Ἀλλ’
2436 3589 2696 3659 οθμενουν
2750 3585 3096 3657 παραιτεῖται
3121 3597 3138 3610 ⁶
3175 3583 3408 3652 πάρεστι
3433 3582 3525 3646 δέ,
3556 3580 3651 3634 καὶ
3688 3598 3828 3650 συμ-

2247 3683 2464 3754 μετέχει
2515 3679 2608 3733 τοῦ
2640 3679 2986 3749 πράγματος,
3043 3675 3137 3728 καὶ
3180 3672 3696 3742 συγκατασκευάζει
3764 3673 3828 3724 τὸ

2242 3775 2426 3846 ἔργον,
2476 3771 2628 3825 οὐδέν
2677 3787 2728 3821 τι
2779 3767 3049 3838 νεμεσῶν,
3091 3769 3204 3830 τοῖς
3261 3765 3476 3818 ἐκείνου
3513 3764 3824 3835 φθέγμασιν

2242 3865 2661 3938 ἀποχρωμένοις
2689 3866 2845 3934 ἡμῖν,
2880 3865 2956 3926 είς
2991 3863 3091 3931 τὴν
3129 3860 3222 3913 τοῦ
3258 3860 3417 3928 λόγου
3441 3857 3822 3926 κατασκευήνο

2242 3955 2324 4023 οἷς
2353 3954 2473 4013 οὖσι
2522 3955 2997 4030 προσφορωτάτοις
3025 3953 3270 4024 κεφαλὴν
3303 3951 3584 4014 ἐπιθέντες
3603 3949 3703 4026 τὴν
3729 3948 3828 4002 τοῦ

2243 4049 2412 4105 καλοῦ
2450 4050 2759 4122 νυμφευτοῠ
2802 4048 2988 4118 φωνὴν
3033 4047 3132 4117 τῆς
3156 4046 3354 4117 χαρᾶς,
3387 4046 3541 4114 κοινῇ
3577 4047 3642 4114 τῇ
3677 4059 3831 4112 παρ-

1947 4137 2147 4205 quibus
2246 4144 2383 4212 θένῳ
2426 4143 2671 4213 ποιῶμεν
2716 4140 2807 4193 τὸν
2837 4139 3083 4193 ἔπαινον.
3107 4137 3368 4207 Εἴπωμεν
3408 4135 3591 4188 τοίνυν
3640 4133 3784 4204 αὐτῇ
3811 4148 3830 4166 ο

558 4235 821 4294 tanquam
882 4227 1361 4296 oppositissimis,
1435 4230 1636 4298 capitis
1697 4231 1820 4283 loco
1885 4229 2146 4284 addemus

2248 4226 2441 4294 imm,
2469 4229 2515 4280 δ’
2545 4229 2573 4279 ὁ
2602 4225 2778 4280 ταῦτα
2809 4225 3242 4296 προανυμνήσας
3276 4219 3506 4288 λεγέτω⁶
3536 4218 3711 4287 Χαῖρε
3731 4256 3748 4281 ,
3796 4219 3834 4288 ἡ

556 4317 787 4373 verbum
818 4317 1002 4388 gaudii
1035 4319 1445 4388 plenissimum,
1469 4319 1620 4391 quod
1645 4321 2031 4390 integerrimus
2059 4321 2146 4375 ille

2248 4321 2466 4384 ιι6ωτδς
2492 4361 2506 4386 ,
2538 4319 2605 4374 δι’
2631 4316 2701 4393 ἦς
2735 4321 2764 4372 ὁ
2800 4319 2937 4382 Θεὸς
2971 4319 3030 4371 ἐν
3061 4316 3138 4387 τῷ
3181 4314 3272 4368 διὰ
3301 4313 3394 4368 σοῦ
3432 4310 3735 4380 ἀναστῆσαι
3770 4311 3838 4364 τὸ

558 4407 845 4476 pronubus
884 4410 1174 4478 usurpavit
1205 4449 1220 4474 ,
1269 4409 1462 4479 sicque
1488 4409 1765 4462 communi
1803 4409 1987 4462 studio
2026 4406 2146 4462 Vir-

2248 4412 2460 4483 πλάσμα
2482 4411 2574 4464 τοῦ
2596 4412 2914 4481 πτώματος,
2935 4409 3021 4476 ἐφ’
3043 4401 3088 4477 ᾧ
3111 4405 3350 4477 κειμένῳ
3374 4405 3444 4458 τά
3463 4404 3564 4475 τῆς
3591 4400 3838 4472 στοργῆς

558 4499 671 4568 gini
705 4501 984 4570 praeconia
1031 4508 1408 4556 contexemus.
1457 4500 1717 4555 Dicamus
1760 4499 1926 4570 igitur
1956 4501 2025 4565 ei,
2063 4500 2146 4554 vel

2248 4507 2496 4577 ἐτρύχετο
2523 4505 2829 4575 σπλάγχνα,
2865 4501 3162 4556 κάντεῦθεν
3189 4496 3553 4569 ἀνεστηκότος
3579 4495 3830 4548 ἀναπαυ-

560 4591 745 4660 potius
790 4592 960 4646 totius
1001 4591 1153 4646 chori
1202 4593 1398 4646 ductor
1426 4606 1491 4646 ac
1531 4606 1742 4662 auspex
1785 4592 1974 4646 dicat:
2003 4591 2142 4655 Ave,

2248 4598 2506 4666 σάμενος,
2539 4600 2619 4661 είς
2646 4597 2745 4668 τὴν
2786 4595 2985 4650 ἐαυτοῦ
3017 4594 3219 4661 ἀνέστη
3252 4591 3583 4646 ἀνάπαυσιν.
3626 4587 3829 4656 Χαῖρε,

558 4697 712 4746 arca,
763 4698 858 4753 per
905 4699 1072 4753 quam
1114 4684 1281 4749 Deus,
1315 4684 1628 4754 reparando
1676 4699 1773 4754 per
1808 4692 1862 4740 te
1913 4699 1943 4736 a
1993 4674 2146 4753 lapsu

2248 4691 2297 4743 τὸ
2327 4691 2480 4744 ποῖον
2509 4689 2657 4760 ὅρος,
2690 4681 2752 4743 οὗ
2773 4687 2873 4760 τὴν
2898 4687 3136 4757 πιότητα
3167 4682 3402 4739 κατιδὼν
3432 4684 3460 4735 ὁ
3483 4682 3584 4752 τῆς
3611 4678 3837 4749 φύσεως

559 4789 822 4830 manuum
847 4793 1077 4832 suarum
1098 4777 1392 4848 figmento‘
1412 4778 1506 4849 (ob
1525 4779 1682 4846 cujus
1706 4776 1919 4831 ruinam
1940 4777 2143 4831 intimis

2248 4799 2508 4853 γεωργός,
2543 4783 2607 4834 ἐκ
2637 4781 2730 4835 σοῦ
2766 4783 2899 4854 ἡμῖν
2939 4781 3259 4850 ἐγεώργησε
3283 4775 3383 4846 τὴν
3418 4772 3686 4843 ἀφθονίαν
3717 4771 3840 4823 τῶν

558 4867 866 4924 visceribus
900 4870 1250 4940 angebatur),
1283 4885 1348 4924 ac
1379 4886 1506 4924 cum
1523 4885 1586 4925 ea
1614 4871 1827 4925 ratione
1860 4871 2145 4933 erexisset,

2248 4877 2484 4946 ἀγαθῶν.
2517 4877 2712 4945 Χαῖρε,
2747 4875 2814 4928 δι’
2842 4870 2908 4944 ἧς
2932 4875 3135 4944 ὀσφύος
3157 4870 3355 4934 θνητῆς
3381 4871 3470 4922 ἐπὶ
3498 4867 3588 4916 τὸν
3609 4863 3843 4917 αἰώνιον

558 4959 937 5028 requiescens,
975 4961 1029 5014 in
1062 4976 1220 5015 suam
1256 4962 1501 5016 surrexit
1517 4963 1782 5031 requiem.
1814 4963 1948 5023 Ave.
1987 4975 2145 5015 mons

2248 4963 2434 5036 θρόνον
2454 4962 2687 5025 αίωνίως
2717 4961 2978 5026 καθίσων,
3008 4959 3284 5030 ἐνίδρυται
3306 4953 3588 5017 Βασιλεύς.
3619 4953 3829 5022 Χαῖρε,

557 5052 847 5121 pinguis",
882 5054 1044 5122 cujus
1084 5052 1473 5124 pinguedinem
1503 5055 1691 5109 videns
1729 5062 1941 5107 naturae
1968 5053 2146 5106 cultor

555 5151 609 5196 et
653 5153 825 5209 sator,
885 5158 953 5198 ex
1012 5153 1064 5200 te
1119 5146 1364 5199 omnium
1410 5146 1680 5200 bonorum
1751 5143 2144 5199 abundantiam

555 5233 717 5288 nobis
741 5235 1023 5302 produxit.
1061 5236 1198 5298 Ave,
1234 5253 1332 5306 per
1355 5253 1521 5306 quam
1543 5252 1607 5292 ex
1645 5237 1967 5291 mortalibus
2006 5234 2146 5287 lum-

555 5325 641 5379 bis
670 5313 837 5394 supra
872 5336 1142 5380 teternum
1167 5329 1428 5382 thronum
1447 5333 1489 5394 ⁸,
1514 5339 1779 5383 maternum
1812 5337 2143 5399 regnaturus

553 5414 671 5470 Rex
698 5418 1026 5473 collocatur.
1051 5420 1184 5483 Ave,
1207 5435 1371 5489 quam
1397 5421 1722 5490 compluens
1751 5421 1875 5474 vita:
1893 5421 2075 5490 pluvia
2099 5422 2141 5485 ⁵,

554 5510 847 5565 universos
889 5510 1031 5568 ﬁnes
1064 5519 1247 5579 terrae,
1279 5528 1403 5567 cum
1451 5529 1520 5569 ex
1552 5514 1739 5568 lethali
1774 5513 2028 5568 siccitate
2079 5515 2135 5567 in

624 5687 646 5719 ²
679 5685 826 5744 Psal.
860 5705 1006 5756 xuv,
1056 5692 1122 5745 Η

2246 5048 2366 5128 ἐνῇ
2406 5053 2542 5116 ὕσας
2571 5055 2600 5105 ὁ
2626 5053 2724 5121 τῆς
2773 5050 2919 5122 ζωῆς
2956 5051 3132 5116 ὑετὸς,
3187 5049 3385 5119 αὐχμῷ
3442 5044 3833 5101 κινδυνεύοντα

2247 5147 2476 5202 θανάτου
2523 5143 2591 5199 τὰ
2625 5144 2836 5216 πέρατα
2861 5141 3176 5196 διεσώσατο.
3215 5142 3413 5210 Χαῖρε,
3447 5143 3475 5193 ὁ
3501 5138 3835 5205 δεξιώτατος

2246 5240 2412 5310 τόμος
2440 5237 2539 5308 τῆς
2569 5235 2661 5289 τοῦ
2679 5235 2816 5289 Θεοῦ
2842 5235 3017 5302 Λόγου
3046 5235 3264 5304 γραφῆς
3291 5231 3684 5300 (ἐπισυνήφθω
3715 5230 3836 5300 γὰρ

2246 5335 2355 5393 τοῖς
2390 5330 2813 5400 προπατορικοῖς
2859 5327 3267 5397 ίερολογήμασι,
3316 5325 3410 5377 καὶ
3442 5323 3498 5387 ἂ,
3548 5323 3627 5391 τῷ
3677 5321 3835 5391 αὑτῴ

2247 5421 2520 5492 πνεύματι
2547 5419 2767 5491 χειλέων
2795 5419 2999 5490 ἐτέρων
3030 5416 3374 5488 ἱερολογήθη,
3393 5419 3461 5487 τῇ
3487 5416 3628 5485 αὐτῇ
3651 5430 3834 5484 προσ-

2245 5512 2624 5584 αναρμόζοντα
2668 5509 2902 5582 χορείᾳ),
2933 5506 3002 5562 δι’
3031 5505 3093 5564 οὗ
3137 5507 3571 5578 τετρυχωμένοις
3588 5506 3724 5576 ἡμῖν
3751 5503 3837 5575 τῷ

1231 5693 1251 5725 ³
1283 5691 1427 5747 Psal.
1455 5707 1642 5758 cxxxr,
1687 5691 1735 5748 8.
1813 5691 1837 5724 ⁵
1871 5689 2016 5747 Psal.
2060 5707 2229 5760 van,
2273 5691 2360 5747 16.
2434 5693 2458 5725 ⁸
2501 5688 2647 5752 Psal.
2681 5704 2868 5757 cxxxt,
2901 5689 2988 5744 ‘ll.
3060 5687 3400 5746 'Psal.Lxxt
3450 5690 3486 5741 ti
