4108 6306
419 303 516 366 165

1187 300 1470 361 ORATIO
1503 301 1657 362 XIV.
1681 327 1740 337 -
1779 299 1855 361 [Ν
1880 302 1944 360 Β.
1980 301 2241 360 ΜΑΒΙιΈ
2276 301 2890 363 ASSUMPTIONEM.

3571 305 3670 368 166

416 417 570 487 βαρεῖ
593 416 696 481 τῆς
723 413 972 476 δουλείας
999 411 1172 483 ζυγῷ,
1201 414 1567 487 ἀναφαίρετος
1599 416 1815 486 ἐγράφη
1848 415 1997 468 έλευ-

2099 414 2408 486 periculum
2441 419 2788 483 ,veuissent,
2846 417 3155 473 incolumes
3211 420 3470 476 servavit.
3515 421 3668 478 Ave.

415 506 590 576 θερία.
630 503 1093 575 Χαῖρε,Ῥάϐδος,
1117 504 1179 570 ἐξ
1203 499 1272 576 ἦς
1303 505 1398 559 τοῦ
1430 506 1646 583 ζωηροῦ
1675 506 1869 570 ἀνθους
1899 507 1996 578 τῆς

413 597 661 667 εὐλογίας
699 596 1080 667 ὲξανθηκότος,
1117 596 1497 668 ήφθοροποιὸς
1527 599 1828 670 ἀπεφθάρη
1865 617 1998 652 κατ⁴

412 690 537 760 ἀρα.
561 691 743 760 Χαῖρε
771 728 785 749 ,
830 689 864 758 ἡ
902 689 993 742 τὸν
1043 690 1302 744 ἀστεκτον
1367 689 1617 762 ἄνθρακα
1656 692 1995 762 περισχοῦσα

413 777 590 842 λαὸὶς,
630 777 701 830 δι’
731 771 806 830 οῦ
825 778 928 847 τῆς
971 778 1224 849 ῥυπαρᾶς
1249 779 1547 850 ἁμαρτίας,
1587 781 1646 836 ἐν
1675 783 1742 852 τῇ
1770 782 1996 852 χειλέων

414 869 762 939 προσψαύσει
808 868 1282 941 ἑκκαθαιρόμεθα.
1317 871 1520 941 Χαῖρε,
1566 873 1600 944 ἡ
1643 872 1734 926 τὸν
1791 874 1994 936 καινῶς

413 961 505 1013 καὶ
535 959 834 1032 ὑπερφυῶς
855 961 1248 1031 γεωργηθέντα
1264 961 1428 1034 ἄρτον
1450 962 1695 1031 φέρουσα
1721 965 1990 1036 τράπεζα·

412 1046 469 1104 οὗ
514 1053 819 1122 τραφέντες
867 1053 917 1105 oi
972 1055 1041 1124 τῇ
1091 1055 1340 1125 γεωργίᾳ
1389 1055 1489 1124 τῆς
1539 1055 1781 1127 ἀκάνθης
1850 1055 1994 1126 λιμῷ

411 1144 799 1212 ἀπολλύμενοι,
845 1146 940 1198 τοῦ
993 1145 1240 1199 κινδύνου
1288 1146 1726 1219 διασεσώσμεθα.
1792 1149 1988 1221 Χαῖρε,

411 1236 574 1304 πύλη,
606 1239 642 1305 ἡ
679 1237 827 1306 μόνῳ
854 1236 934 1306 τῷ
963 1236 1206 1304 Βασιλεῖ,
1257 1240 1337 1302 είς
1364 1239 1464 1309 τὴν
1509 1239 1715 1294 εἴσοδον
1744 1242 1844 1311 τῆς
1868 1241 1990 1295 καθ’

411 1330 553 1398 ἡμᾶς
600 1329 964 1401 ἀφωρισμένη
1006 1329 1410 1395 ζωοπλαστίας,
1447 1332 1556 1388 τῶν
1594 1332 1864 1404 κλείθρων
1909 1352 1992 1389 σοι

410 1423 504 1491 τῆς
524 1422 737 1491 σεπτῆς
755 1421 1053 1491 παρθενίας
1068 1421 1342 1493 ἀκινήτων
1369 1440 1436 1492 με
1445 1425 1781 1493 μενηκότων.
1798 1427 1990 1497 Χαῖρε,

407 1509 694 1576 παλάτιον,
729 1511 790 1577 ἐξ
826 1504 888 1566 οῦ
920 1513 978 1566 ὲν
1007 1512 1248 1581 ταπεινῷ
1281 1513 1524 1583 σχήματι
1556 1513 1938 1585 προεληλυθὼς
1964 1519 1992 1569 6

412 1600 698 1666 Βασιλεὺς.
724 1603 819 1656 καὶ
852 1602 946 1656 τὸν
970 1604 1320 1675 ἀνῃρημένον
1345 1604 1406 1657 τὸ
1444 1606 1568 1659 καθ’
1601 1606 1758 1677 ήμῶν
1789 1608 1993 1680 κράτος

412 1693 642 1747 θάνατον
665 1693 894 1760 ἀνελὼν,
927 1695 989 1748 τὸ
1009 1695 1112 1764 τῆς
1135 1697 1346 1750 ἐκείνου
1367 1698 1681 1768 τυραννίδος
1707 1697 1988 1770 ὀδυνηρὸν,

2096 506 2546 576 elegantissimus
2571 508 2666 562 Dei
2697 507 2862 564 Verbi
2893 510 3184 580 scriptum
3214 523 3397 565 tomus
3422 512 3442 544 ⁷
3478 511 3670 581 (adda-

2096 615 2219 655 mus
2244 599 2390 654 enim
2434 601 2618 666 avitis,
2656 615 2722 657 ac
2757 599 3036 657 Davidicis
3083 586 3278 670 elogiis
3316 602 3444 667 alia,
3481 605 3675 657 eodem

2095 691 2291 762 spiritu
2320 706 2351 744 a
2385 692 2672 762 prophetis
2701 691 2827 747 aliis
2865 689 2990 747 fusa
3036 706 3099 744 ac
3149 692 3460 758 decantata,
3504 707 3674 747 necta

2092 783 2350 852 pmsenti
2395 781 2568 837 choro
2610 782 2810 852 aliena)
2847 797 2946 852 per
2988 796 3172 851 quem,
3202 796 3330 836 cum
3369 784 3523 851 gravi
3556 798 3674 837 ser-

2094 875 2287 931 vitulis
2329 876 2463 946 jugo
2490 884 2822 942 tereremur,
2854 875 3190 930 inviolabilis
3238 875 3402 931 nobis
3441 875 3674 931 libertas

2095 968 2295 1037 scripta
2319 977 2425 1022 est.
2449 967 2583 1030 Ave,
2607 966 2794 1038 Virga,
2816 983 2884 1023 ex
2904 982 3034 1037 qua,
3052 982 3176 1023 cum
3202 975 3463 1036 tanquam
3491 969 3674 1024 vitalis

2093 1058 2214 1119 ﬂos.
2261 1059 2572 1129 benedictio
2606 1059 2995 1123 etlioruisset‘,
3055 1075 3185 1114 mox
3211 1059 3545 1126 maledictio,
3584 1061 3675 1114 in-

2093 1152 2292 1209 teritus
2319 1151 2590 1218 ellectrix,
2631 1154 2839 1208 interiit
2865 1152 3063 1219 °.Ave,
3094 1151 3336 1222 forceps,
3373 1151 3674 1208 carbonem

2093 1244 2246 1298 illum
2277 1245 2682 1315 importabilem
2705 1244 3010 1315 complexa,
3040 1259 3151 1313 quo
3184 1263 3215 1298 a
3247 1245 3454 1314 peccati
3488 1243 3673 1299 sordi-

2093 1337 2218 1400 bus,
2254 1337 2524 1392 labiorum
2565 1345 2825 1399 contactu
2861 1337 3248 1392 emundamur.
3281 1338 3416 1402 Ave,
3459 1353 3674 1402 mensa,

2091 1444 2213 1499 qum
2256 1444 2447 1498 pauent
2481 1429 2635 1483 illum
2687 1444 2832 1484 novo
2871 1443 2936 1484 ac
2966 1438 3179 1483 naturae
3225 1428 3471 1483 inaudito
3510 1431 3673 1483 modo

2092 1519 2403 1574 confectum
2451 1527 2683 1590 gestas;
2730 1534 2839 1590 quo
2892 1519 3207 1583 sustentati,
3245 1519 3339 1588 qui
3387 1521 3672 1588 spinarum

2093 1625 2276 1666 messe
2330 1619 2728 1682 proventuque,
2787 1612 2930 1666 fame
2967 1610 3353 1673 enecabamur,
3397 1625 3463 1663 ex
3517 1616 3674 1662 tanto

2093 1702 2414 1758 discrimine
2457 1703 2754 1760 evasimus.
2807 1703 2942 1766 Ave,
2995 1707 3173 1771 porta,
3215 1715 3339 1768 quae
3387 1700 3490 1754 soli
3539 1698 3673 1770 Regi

411 1785 504 1837 καὶ
539 1784 823 1852 ἐπίπονον,
869 1785 952 1848 είς
986 1763 1297 1841 ἀνάπαυσιν
1331 1763 1595 1858 ἤμειψενο
1627 1782 1662 1861 ᾖ
1713 1789 1807 1843 καὶ
1849 1763 1988 1860 αὐτὴ

2096 1793 2413 1864 iugressuro
2456 1795 2522 1848 ad
2554 1795 2714 1850 nobis
2755 1793 2989 1850 similem
3039 1790 3377 1847 induendum
3417 1801 3672 1844 naturam

410 1876 656 1948 σήμερον
685 1877 1120 1949 προσομιλοῦσα,
1155 1880 1290 1950 πρὸς
1320 1881 1418 1951 τὴν
1443 1881 1532 1934 διὰ
1558 1882 1654 1934 σοῦ
1676 1898 1986 1954 κεχορηγη-

2095 1885 2371 1940 destinata
2393 1901 2454 1942 es
2472 1887 2538 1954 ¹⁰,
2565 1887 2822 1942 claustris
2851 1883 3178 1941 venerandae
3205 1893 3311 1937 tuas
3341 1881 3673 1952 virginitatis

414 1967 582 2036 μένην
619 1967 922 2032 διαΰαίνεις
944 1968 1267 2024 ἀθανασίαν.

2096 1977 2359 2033 immotis.
2385 1978 2520 2044 Ave,
2553 1979 2837 2050 palatium,
2867 1993 2933 2031 ex
2963 1991 3072 2044 quo
3106 1967 3296 2030 humili
3329 1974 3517 2029 habitu
3545 1987 3674 2044 pro-

407 2074 632 2130 gressus
664 2058 799 2126 Rex,
826 2068 1065 2114 erectam
1097 2067 1290 2113 contra
1329 2074 1430 2114 nos
1459 2059 1654 2115 mortis
1678 2062 1977 2129 potentiam
2007 2068 2231 2122 sustulit
2288 2085 2304 2124 :
2349 2068 2813 2138 durissimamque
2862 2067 3033 2137 ipsius
3098 2081 3163 2121 ac
3223 2067 3673 2127 molestissimam

407 2151 779 2238 tyrannidem,
810 2150 865 2204 in
895 2150 1144 2220 requiem
1199 2150 1600 2206 commutavit:
1637 2151 1706 2206 ad
1735 2168 1900 2224 quam
1928 2162 1988 2210 tu
2042 2172 2262 2228 quoque
2309 2161 2575 2216 hodierna
2623 2159 2710 2214 die
2752 2166 2994 2229 recepta.
3061 2158 3127 2211 ad
3200 2158 3672 2214 immortalitatem

408 2262 509 2320 per
536 2255 591 2301 te
620 2245 828 2300 mundo
859 2258 1204 2310 concessam,
1237 2243 1574 2314 proveheris.

481 2336 717 2392 Πολλαί
736 2335 1056 2404 θυγατέρες
1087 2336 1388 2402 ἐποίησαν
1412 2335 1671 2408 δύναμιν
1704 2335 1991 2408 (προσκεί-

410 2430 522 2484 σθω
549 2429 649 2482 καὶ
701 2426 864 2481 τοῦτο
908 2429 1022 2491 τοῖς
1068 2427 1365 2497 ἐγκωμίοις
1411 2428 1473 2481 τὸ
1528 2430 1732 2500 μέρος,
1761 2429 1992 2498 ἐπείπερ

2161 2338 2351 2395 Multa:
2376 2339 2504 2409 ﬁlia:
2537 2339 2776 2408 fecerunt
2806 2338 3055 2393 virtutem
3083 2336 3338 2401 (addatur
3376 2344 3431 2388 et
3460 2336 3565 2391 hoc
3586 2352 3676 2390 rep

2094 2431 2260 2503 liquis
2286 2430 2578 2495 encomiis,
2614 2429 3059 2499 quandoquidem
3090 2442 3362 2497 nusquam
3391 2428 3520 2482 alibi
3552 2429 3673 2498 ejus

411 2524 622 2593 οὐδαμῆ
653 2520 884 2592 ὲτᾶρωθι
912 2520 1201 2591 συμϐαίνει
1226 2518 1336 2575 τῶν
1372 2521 1632 2591 ῥημάτων
1656 2521 1717 2574 τὸ
1733 2522 1988 2592 ἀληθὲς),

414 2613 636 2669 πολλαί
669 2611 1010 2680 ἐκτήσαντο
1057 2611 1354 2666 πλοῦτον*
1399 2616 1592 2683 κρατεί
1631 2613 1675 2665 δ’
1709 2615 1990 2681 ἁπάντων,

409 2713 442 2782 ἡ
491 2708 647 2780 παρά
707 2709 916 2772 πάντας
969 2706 1500 2779 ὕπερδεδοξασμένη.
1557 2710 1768 2763 Οὔκουν
1823 2712 1882 2762 ὲν
1916 2709 1994 2781 τῷ

411 2802 602 2857 κάλλει
627 2801 799 2872 αὐτῆς
828 2799 1138 2870 ψευδομένη
1170 2799 1455 2871 ἀρέσκεια.
1489 2801 1588 2854 Διά
1621 2800 1782 2855 τοῦτο
1820 2819 1993 2855 κατα-

414 2893 546 2956 στὰς
584 2893 667 2957 είς
699 2891 997 2963 ἀρέσκειαν
1025 2891 1196 2961 αὐτῆς
1243 2892 1271 2943 6
1298 2891 1453 2956 Θεὸς,
1484 2893 1549 2945 ὲκ
1578 2893 1766 2945 πασῶν
1793 2894 1995 2960 γενεῶν

412 2985 631 3056 μητέρα
660 2983 948 3052 ἐκλέγεται
969 2999 984 3012 ·
1013 2983 1110 3036 καὶ
1136 2981 1244 3035 τῶν
1273 2984 1492 3054 ἐκείνης
1513 2985 1759 3054 αἱμάτων
1791 3003 1991 3058 μορφο-

2094 2523 2298 2578 veritas
2333 2522 2576 2588 constat)
2609 2521 2796 2576 multa:
2826 2519 3193 2590 acquisicrunt
3215 2518 3430 2572 divitias
3466 2519 3563 2574 “’:
3617 2528 3674 2573 at

2100 2613 2279 2683 major
2333 2610 2595 2668 omnibus
2627 2618 2734 2677 est,
2780 2627 2902 2681 qua:
2936 2611 3079 2681 apud
3109 2624 3304 2665 onunes
3337 2610 3672 2666 celebratur.

2096 2705 2537 2779 Haudquaquam
2596 2702 2764 2760 fallax
2821 2704 2944 2775 ejus
2988 2702 3418 2774 pulchritudinis
3451 2702 3672 2773 gratia:

2095 2796 2451 2866 quamobrem
2507 2793 2674 2860 Deus,
2722 2793 2845 2865 ejus
2896 2793 3081 2863 specie
3146 2807 3212 2847 ac
3262 2791 3674 2861 pulchritudine

2096 2895 2312 2958 captus,
2345 2903 2412 2942 ex
2439 2887 2697 2943 omnibus
2729 2900 2895 2940 unam
2930 2885 3071 2940 hanc
3095 2885 3199 2940 sibi
3240 2895 3470 2940 matrem
3519 2884 3675 2940 dele-

2097 2980 2213 3050 git;
2255 2993 2433 3049 exque
2467 2979 2589 3047 ejus
2633 2976 3000 3049 sanguinibus
3043 2975 3340 3030 humanam
3385 2990 3672 3031 assumens

413 3076 759 3148 ποιούμενος,
805 3077 885 3139 είς
948 3075 1012 3129 τὸ
1056 3077 1285 3146 ἀρχαῖον
1333 3075 1431 3148 τὴν
1486 3077 1835 3148 διαρῤυεῖσαν
1895 3077 1990 3132 τοῦ

2094 3072 2348 3138 formam,
2395 3071 2636 3141 ﬁgmenti
2680 3068 2914 3124 formam
2943 3083 3066 3138 quae
3113 3067 3427 3134 diiluxerat,
3464 3066 3518 3121 in
3558 3067 3675 3136 pri-

414 3168 738 3239 πλάσματος
772 3166 1116 3232 ἀνακαινίζει
1173 3167 1408 3238 μορφήν.
1441 3166 1532 3238 Τῷ
1574 3166 1688 3220 ὄντι
1739 3168 1877 3238 μόνη
1932 3169 1991 3220 έν

2094 3166 2300 3223 stiuum
2346 3170 2551 3221 statum
2596 3163 2887 3219 instaurat.
2924 3161 3065 3217 Vere
3103 3161 3218 3217 sola
3264 3160 3321 3215 in
3344 3159 3673 3215 mulieribus

413 3257 663 3328 γυναιξὶν
714 3256 1077 3327 εὐλογημένη,
1128 3257 1162 3328 ἡ
1221 3256 1357 3329 μόνη
1401 3259 1468 3328 τῇ
1523 3259 1856 3331 προμήτορι,
1895 3259 1990 3312 καὶ

2094 3256 2406 3323 benedicta,
2441 3269 2562 3324 quae
2585 3254 2706 3310 sola
2731 3254 2923 3324 primae
2957 3252 3194 3324 parenti,
3222 3251 3455 3321 ejusque
3481 3258 3671 3320 poste-

411 3318 526 3415 τοῖς
557 3318 616 3417 ἐξ
649 3349 822 3419 αὐτῆς
853 3318 1304 3420 βοηθήσασαδτῇ
1338 3318 1468 3419 μὲν,
1490 3318 1580 3412 οἷς.
1599 3318 1795 3419 διπλῆν
1820 3318 1987 3403 οὖσαν

2094 3351 2170 3404 ris
2196 3363 2354 3419 opem
2378 3318 2507 3402 tulit
2548 3346 2671 3402 :illi
2699 3318 3093 3416 quiderm—qua
3121 3318 3399 3414 duplicem
3441 3318 3673 3397 calami-

413 3445 510 3516 τὴν
541 3443 865 3513 κατήφειαν,
892 3442 1081 3511 ἑαυτῇ,
1109 3440 1204 3493 καὶ
1231 3442 1344 3502 τοῖς
1369 3439 1582 3502 τέκνοις
1605 3440 1984 3513 λυμηναμένη,

2094 3451 2280 3507 tatem,
2317 3441 2477 3512 cujus
2508 3440 2601 3494 illa
2628 3439 2734 3496 sibi
2786 3454 2853 3495 ac
2893 3438 3024 3493 ﬁliis
3052 3438 3266 3492 auctrix
3311 3436 3524 3501 fuerat,
3571 3451 3672 3490 ex-

410 3533 727 3589 διελύσατο·
753 3533 869 3593 τοῖς
899 3531 956 3584 δὲ
984 3529 1051 3583 δι’
1082 3523 1158 3584 ὧν
1183 3529 1312 3592 τούς
1336 3546 1395 3582 τε
1428 3529 1693 3600 κατόχους
1725 3531 1883 3595 ὄντας
1909 3531 1988 3602 τῷ

2094 3536 2254 3592 solvit
2284 3549 2299 3588 :
2331 3536 2432 3589 hos
2457 3547 2611 3598 vero,
2642 3547 2748 3603 qua
2769 3546 2800 3586 a
2840 3520 3021 3596 malis,
3051 3531 3252 3600 quibus
3276 3529 3504 3584 obnoxii
3531 3538 3676 3585 tene—

413 3623 593 3694 κακῷ,
635 3619 1097 3690 ἀπελυτρώσατο·
1140 3619 1236 3672 καὶ
1289 3619 1417 3682 τοὺς
1467 3620 1606 3689 μετὰ
1668 3619 1839 3673 ταῦτα
1889 3621 1990 3674 οὑκ

2094 3624 2313 3691 bantur,
2337 3623 2598 3690 redemit;
2629 3636 2729 3678 uec
2752 3628 2836 3678 est
2865 3633 3026 3691 passa
3055 3630 3113 3674 ut
3139 3617 3367 3688 posteri,
3399 3617 3452 3671 in
3483 3617 3673 3672 eadem

411 3717 566 3769 εἴασε
616 3711 1024 3782 κατασχεθῆναι
1056 3712 1124 3782 τῇ
1166 3711 1449 3780 συμφορᾷ·
1505 3711 1604 3763 οὐκ
1634 3711 1714 3764 ἔτι
1743 3729 1989 3783 κεχωρη-

417 3799 578 3869 κυίας
611 3805 707 3858 ἐπὶ
732 3802 794 3856 τὸ
815 3800 1051 3873 πρόσθεν
1077 3800 1180 3871 τῆς
1228 3799 1421 3870 πρώην
1457 3801 1519 3852 τὸ
1560 3800 1786 3870 πλάσμα
1819 3819 1988 3855 κατα-

414 3895 728 3967 νεμομένης
759 3894 900 3961 ἀρᾶς
919 3909 934 3924 ο
967 3889 1081 3945 ἀλλ’
1109 3894 1189 3954 είς
1217 3890 1490 3962 ἀνάρρουν
1521 3891 1854 3962 στραφέντας
1895 3891 1992 3946 τοῦ

421 3986 596 4044 κακοῦ
635 3986 932 4057 ῥεύματος,
966 3983 1271 4052 ἐπιστάσης
1299 3981 1404 4053 τῆς
1446 3982 1842 4055 εὐλογημένης’
1882 3983 1990 4036 οὐδ’

412 4082 494 4135 ἔτι
558 4077 953 4149 κρατουμένων
997 4074 1301 4145 ἀνθρώπων
1349 4076 1409 4127 ὲν
1447 4077 1560 4136 τοῖς
1599 4075 1861 4144 ἀφύκτοις
1896 4075 1991 4129 τοῦ

415 4173 649 4228 θανάτου
697 4170 896 4236 λίνοις,
946 4166 1082 4221 ἀλλά
1136 4166 1432 4237 χρωμένων
1467 4164 1617 4236 αὐτῷ
1660 4165 1993 4237 διαὸατηρίῳ

416 4267 558 4338 πρὸς
579 4265 682 4334 τὴν
707 4261 878 4333 ζωὴν,
904 4259 1060 4314 τοῦτο
1079 4258 1142 4330 δὴ
1157 4258 1218 4312 τὸ
1238 4259 1331 4310 ἐπὶ
1345 4260 1410 4330 τῇ
1435 4257 1775 4330 εὐλογημένη
1790 4258 1993 4327 ἀρτίως

413 4351 932 4425 πανηγυριξόμενον
952 4366 968 4382 ο
1001 4349 1069 4421 ἢν
1102 4349 1192 4402 διὰ
1223 4348 1460 4402 θανάτου
1496 4347 1632 4418 πρὸς
1663 4348 1853 4399 ἑαυτὸν
1880 4346 1994 4401 δια-

413 4445 654 4509 ϐιϐάζων
683 4445 713 4496 6
760 4441 1047 4506 Βασιλεὺς,
1092 4441 1187 4494 καλ⁵
1214 4439 1360 4504 Υἱὸς,
1396 4439 1499 4509 τῆς
1552 4439 1687 4502 ίδξας
1737 4437 1895 4509 δόξης
1924 4441 1990 4511 τῇ

418 4541 648 4610 μετοχῇ,
699 4535 854 4607 παρὰ
884 4535 1067 4588 πᾶσαν
1105 4533 1282 4586 κτίσιν
1330 4531 1676 4603 ἐνδοξοτέραν
1723 4529 1990 4585 δεικνύει’

2092 3715 2233 3768 mala
2263 3713 2444 3768 denuo
2475 3713 2845 3774 incurrerent,
2899 3716 2960 3763 ut
3015 3709 3278 3763 nimirum
3326 3705 3671 3768 maledictio,

2092 3803 2394 3861 secundum
2428 3817 2555 3859 eum
2581 3815 2826 3868 cursum,
2892 3814 3003 3870 quo
3028 3799 3347 3870 humanum
3395 3798 3662 3867 depasce-

2093 3900 2255 3955 batur
2281 3912 2477 3969 genus,
2506 3895 2653 3952 haud
2678 3896 2820 3950 ultra
2858 3893 3123 3964 procedat
3148 3910 3161 3946 :
3194 3891 3292 3948 sed
3322 3897 3471 3947 retro
3514 3898 3672 3943 actus

2095 3993 2190 4055 sit,
2221 4006 2286 4047 ac
2333 4004 2636 4046 conversus
2691 3986 2822 4041 mali
2852 3986 3114 4057 impetus,
3172 3985 3294 4055 ejus
3352 3982 3668 4054 praesentia,

2093 4099 2216 4156 qua:
2249 4083 2534 4141 benedicta
2567 4079 2808 4143 exsistit,
2873 4086 2934 4134 ut
2963 4092 3065 4132 nec
3127 4077 3363 4147 amplius
3413 4075 3686 4130 homines

2094 4175 2503 4234 inevitabilibus
2535 4174 2731 4228 mortis
2759 4172 2980 4228 casibus
3010 4180 3329 4234 teneantur,
3359 4168 3454 4224 sed
3503 4175 3667 4222 utan-

2094 4278 2184 4323 tur
2212 4282 2277 4323 ea
2307 4265 2564 4337 tanquam
2593 4264 2832 4319 transitu
2860 4264 2927 4319 ad
2959 4264 3162 4330 vitam;
3195 4261 3299 4316 hoc
3316 4261 3495 4332 plane,
3526 4261 3672 4331 quoii

2103 4363 2158 4416 in
2192 4358 2494 4416 benedicta:
2523 4357 2674 4415 hisce
2705 4355 3010 4418 solemniis,
3079 4352 3274 4410 festive
3327 4353 3624 4408 recolimus
3656 4370 3670 4405 :

2095 4465 2257 4523 quam
2286 4449 2401 4506 Rex
2453 4448 2754 4516 Filiusque,
2788 4447 2979 4500 mortis
3012 4445 3318 4499 interventu
3361 4443 3429 4498 ad
3457 4458 3517 4498 se
3562 4451 3678 4496 tra-

2052 4615 2056 4619 _
2097 4545 2330 4606 ducens,
2365 4556 2472 4613 qua
2503 4540 2741 4611 prapriae
2771 4537 2954 4610 gloriae
2985 4537 3119 4591 facit
3156 4536 3503 4606 participem,
3555 4550 3674 4590 ma-

413 4629 726 4700 ἀντισηκῶν
749 4626 894 4682 οὕτω
920 4627 1021 4697 τὴν
1060 4622 1120 4689 ἐξ
1148 4624 1319 4693 αὐτῆς
1354 4621 1610 4694 μετοχὴν,
1638 4618 1672 4696 ᾗ
1701 4622 1982 4694 παραπλη-

2098 4637 2207 4707 jori
2231 4649 2396 4706 supra
2451 4641 2638 4689 creata
2687 4630 2896 4694 omnia,
2926 4628 3100 4698 gloria
3123 4638 3282 4708 auget
3309 4645 3324 4681 :
3350 4643 3418 4682 ea
3454 4627 3675 4681 ratione

416 4723 546 4785 σίως
608 4722 742 4790 ἡμῖν
790 4715 1110 4789 ὲμορφώθη,
1150 4718 1178 4769 6
1230 4715 1325 4769 τοῦ
1367 4716 1581 4786 Πατρὸς
1636 4715 1992 4780 ἀναλλοίωτος

2098 4729 2273 4782 vicem
2301 4725 2608 4796 rependens
2652 4723 2772 4793 ejus
2805 4738 2870 4776 ex
2902 4725 3020 4791 ipsa
3062 4720 3527 4791 participationis,
3565 4733 3676 4786 qua

414 4814 734 4886 χαρακτῆρ’
768 4811 974 4882 σαρκὸς
1005 4809 1101 4863 κα)⁵
1151 4809 1387 4879 αἵματος
1421 4810 1553 4879 ἡμῖν
1599 4808 1996 4879 παραπλησίως

417 4905 774 4983 μετεσχηκώς
793 4921 807 4935 ο
833 4907 930 4958 καὶ
959 4904 1234 4976 μητρικῆς
1253 4901 1576 4973 θεραπείας,
1593 4904 1658 4972 τῇ
1685 4901 1816 4970 πρὸς
1837 4901 1998 4954 αὐτὸν

414 4999 721 5073 παρρησίᾳ»
759 4997 856 5052 καὶ
881 5000 950 5069 τῇ
989 4995 1256 5066 ὲγγύτητι
1288 4993 1770 5064 ἀντιθεραπεύωνυ
1812 4992 1878 5045 δι’
1909 4995 1994 5062 ἣν,

413 5093 487 5155 ὡς
521 5090 598 5162 μὴ
618 5089 849 5160 ραγεῖσα
875 5087 1107 5158 κόσμου,
1137 5085 1261 5158 μηδ’
1288 5086 1380 5154 ἀφ’
1407 5084 1564 5156 ἡμῶν
1593 5085 1988 5154 μακρυνθεῑσα,

414 5182 513 5235 οὐκ
555 5177 837 5248 ἐζημίωσε
875 5177 966 5229 τὸν
1015 5176 1222 5247 κόσμον
1251 5174 1354 5243 τῆς
1400 5175 1534 5236 ἰδίας
1570 5173 1817 5243 ὁμιλίας⁹
1876 5172 1991 5226 ἀλλ’

416 5266 489 5326 ὧν
510 5273 599 5325 ἐπ’
628 5268 868 5348 ὠφελείᾳ
893 5270 1048 5338 κοινῇ
1082 5269 1181 5337 τῆς
1221 5266 1302 5330 είς
1332 5265 1443 5336 βίον
1473 5265 1678 5319 εἰσόδου
1706 5265 1990 5336 μετέλαχε,

415 5363 640 5427 τούτων,
660 5360 757 5414 καὶ
782 5357 1185 5430 παροδεύσασα,
1209 5357 1395 5426 κοινὴν
1417 5355 1712 5426 ἐργάζεται
1732 5355 1994 5426 διηνεκῶς

415 5455 509 5524 τὴν
551 5451 838 5523 ὠφέλειαν.
874 5449 1246 5521 Συνδιατρίὸει
1294 5449 1390 5502 καὶ
1436 5449 1517 5503 έτι
1563 5449 1988 5520 περινοστοῦσι,

416 5551 523 5611 τοῖς
558 5548 710 5601 κάτω
735 5561 749 5576 ·
781 5544 982 5613 μᾶλλον
1011 5543 1068 5597 δὲ
1102 5542 1198 5596 νῦν
1223 5541 1502 5613 πανταχοῦ
1531 5542 1724 5608 φθάνει
1756 5545 1784 5597 6
1812 5542 1988 5613 ἔμψυ-

491 5736 510 5768 '
537 5736 641 5795 lsa.
675 5754 792 5797 vui.
829 5739 883 5796 1.
959 5739 980 5772 ³
1010 5737 1176 5795 Num.
1212 5755 1345 5804 xvit,
1379 5741 1430 5796 8.
1507 5743 1528 5774 '
1559 5741 1666 5798 lsa.
1699 5758 1774 5809 vr,
1802 5743 1854 5797 6.

1973 5741 2016 5773 "
2047 5738 2252 5798 Ezecu.
2281 5756 2428 5808 xuv,
2465 5743 2515 5797 ι.

2093 4816 2274 4874 Patris
2331 4816 2694 4872 immutabilis
2744 4815 3051 4877 character,
3117 4812 3350 4868 similem
3381 4813 3543 4868 nobis
3568 4810 3676 4866 for-

2096 4923 2240 4962 mam
2275 4908 2488 4975 accepit
2525 4924 2538 4959 :
2569 4919 2721 4959 more
2748 4913 2963 4970 nostro,
2992 4902 3220 4958 eﬂectus
3251 4904 3529 4974 particeps
3558 4918 3678 4958 car.

2097 4999 2185 5054 nis
2241 5005 2298 5052 et
2349 4996 2676 5067 sanguinis,
2707 5010 2920 5066 Proque
2973 5003 3226 5049 materna
3272 4999 3392 5064 ipsa
3431 4996 3676 5065 impensa

2099 5105 2254 5157 cura,
2288 5088 2486 5161 agendi
2540 5089 2795 5143 libertate
2825 5086 2967 5157 apud
3021 5089 3202 5157 ipsum
3238 5085 3520 5150 donatam,
3571 5086 3678 5142 sibi

2103 5184 2407 5257 proximam
2431 5183 2642 5248 locans,
2671 5196 2780 5251 quo
2807 5195 3056 5245 munere,
3099 5189 3360 5251 tanquam
3393 5179 3618 5234 minime
3647 5196 3676 5233 a

2104 5276 2311 5330 mundo
2359 5272 2606 5328 abscissa
2656 5279 2752 5326 aut
2803 5272 2967 5326 nobis
3002 5270 3296 5335 subducta,
3330 5271 3470 5325 nihil
3517 5285 3681 5326 mun-

2103 5368 2208 5422 dus
2253 5365 2374 5435 ejus
2426 5379 2556 5433 ergo
2613 5361 3032 5418 consuetudinis
3058 5362 3290 5430 jactura:
3336 5360 3467 5416 fecit
3505 5376 3679 5415 :nam

2101 5458 2303 5530 quibus
2341 5465 2400 5511 ut
2433 5455 2719 5527 prodesset
2739 5454 2794 5508 in
2831 5455 2981 5508 hunc
3001 5454 3264 5508 mundum
3283 5455 3456 5520 venit,
3483 5453 3678 5509 iisdem

2096 5551 2209 5622 jam
2247 5565 2465 5621 quoque
2496 5548 2553 5604 in
2582 5547 2780 5604 cmlum
2813 5547 3100 5613 translata,
3132 5546 3503 5604 conducibilia
3547 5562 3679 5619 pro-

2633 5727 2676 5774 ’ί
2711 5739 2876 5798 Prov.
2911 5756 3043 5808 xxx,
3074 5738 3169 5794 29.
