4086 6298
426 308 526 374 167

1650 298 1926 363 LEONIS
1959 297 2424 360 PHILOSOPHI

3589 294 3682 356 168

416 435 614 476 curare
647 409 930 489 nunquam
961 417 1190 476 desinit.
1229 416 1513 474 Hactenus
1540 415 1598 471 in
1637 416 1808 475 terris
1837 430 1993 471 com-

2112 429 2198 484 χος
2231 410 2459 482 οὐρανός
2482 427 2497 442 ·
2550 409 2755 480 ὁμοίως
2789 408 3035 470 ἅπαντας
3065 407 3428 478 περιέπουσα,
3461 407 3558 465 καὶ
3592 411 3686 479 τῆς

416 519 687 579 moratur,
719 520 913 568 nostra
975 513 1436 570 circumlustrans
1467 533 1482 569 :
1518 512 1657 583 quin
1681 513 1860 582 magis
1889 512 2003 582 jam

431 603 638 674 ubique
667 600 823 660 adest
845 604 1146 658 animatum
1179 605 1406 672 coelum,
1431 620 1734 675 omnesque
1755 605 2007 661 similiter

419 695 638 759 fovens,
667 695 1048 751 beneﬁcentiae
1080 696 1262 752 stillas
1323 697 1495 765 pluit;
1532 705 1889 766 arentemque
1921 697 2004 749 vi-

418 794 527 837 tam
558 793 828 847 nostram,
858 799 888 837 a
923 786 1134 854 peccati
1203 787 1570 842 a‘stuautibus
1603 786 1867 852 ﬂammis,
1931 787 2007 839 ir-

417 873 630 942 riguam
685 875 835 930 facit.
869 874 1029 930 Nunc
1087 890 1282 942 omnes
1317 877 1468 945 adit;
1504 877 1709 948 quippe
1752 877 1841 930 via
1867 875 2007 931 faci-

418 953 563 1026 liori,
595 971 953 1034 maternoque
974 961 1171 1019 aﬁ‘ectu
1195 973 1460 1036 cognatos
1529 965 1801 1030 invisens,
1861 981 2003 1036 prae-

417 1061 505 1108 sto
534 1063 616 1110 est
646 1056 1060 1126 promptissime
1105 1064 1163 1109 ut
1195 1055 1542 1112 incommoda
1591 1059 1862 1128 depellat;
1905 1073 2004 1129 pro

421 1161 810 1202 universorum
859 1158 1013 1203 stans
1055 1148 1258 1213 salute,
1286 1165 1386 1218 pro
1413 1151 1673 1206 omnibus
1743 1152 2002 1206 immacu-

420 1237 717 1291 latissimas
766 1237 1067 1291 extendens
1096 1251 1316 1304 manus,
1358 1239 1560 1310 quibus
1617 1241 2000 1296 universorum

419 1329 572 1382 salus
606 1337 762 1382 vecta
796 1337 901 1382 est.

487 1419 702 1474 Idcirco
759 1436 823 1476 os
865 1436 1030 1476 omne
1092 1423 1315 1493 plenum
1364 1430 1450 1477 est
1500 1422 1704 1487 laudis,
1735 1439 1845 1491 qua
1880 1424 2000 1493 ejus

2111 502 2434 574 εὐεργεσίας
2491 499 2663 556 ὕουσα
2713 499 2814 564 τὰς
2871 499 3113 571 ῥανίδας,
3172 498 3269 553 καὶ
3323 499 3530 553 λύουσα
3589 502 3687 570 τὴν

2109 594 2403 666 αὒχμηράν
2457 594 2559 664 τῆς
2592 594 2870 664 ἡμετέρας
2915 591 3062 658 ζωῆς
3119 592 3478 656 κατάστασιν,
3528 592 3596 664 ἢν
3651 594 3683 662 ἠ

2113 689 2395 760 φλογώδης
2415 686 2659 758 ἁμαρτία
2687 686 2990 754 συνίστησι.
3017 684 3132 738 Νῦν
3148 685 3240 737 ἐπὶ
3262 685 3473 747 πάντας
3494 685 3687 755 διήκει,

2113 785 2473 854 ἑτοιμοτέρας
2500 780 2668 851 οὔσης
2691 781 2791 850 τῆς
2825 779 3068 849 πορείας,
3103 778 3198 832 καὶ
3231 778 3536 848 συμπαθῶς
3573 781 3689 832 ἑπι-

2111 873 2457 943 σκεπτομένη
2499 875 2626 935 τοὺς
2686 873 2991 939 συγγενεῖς,
3044 869 3181 940 πρὸς
3225 868 3325 939 τὴν
3371 867 3689 940 ἀπαλλαγὴν

2107 965 2218 1018 τῶν
2258 965 2528 1035 ὀχληρῶν,
2565 965 2890 1034 ὲτοιμοτάτη
2925 961 3150 1033 βοήθεια
3191 961 3427 1030 γίνεται,
3472 961 3689 1015 πάντων

2107 1059 2248 1128 ὑπὲρ
2281 1057 2556 1129 σωτηρίας
2589 1057 2801 1110 ἑστῶσα
2823 1074 2838 1088 ·
2874 1056 3092 1110 πάντων
3129 1054 3520 1124 ύπεραπλοῦσα
3558 1070 3689 1107 παν-

2106 1150 2410 1219 αχράντους
2474 1149 2759 1218 παλάμας,
2815 1143 2904 1212 αἷς
2951 1149 2984 1201 ft
3019 1147 3128 1201 τῶν
3173 1145 3312 1201 ὅλων
3365 1148 3690 1218 ὲπωχήσατο

2108 1241 2372 1311 σωτηρία.

2175 1425 2275 1479 Διὰ
2323 1423 2486 1478 τοῦτο
2534 1425 2745 1497 πλῆρες
2789 1425 2934 1478 ἅπαν
2966 1424 3140 1495 στόμα
3167 1425 3266 1494 τῆς
3293 1424 3555 1488 αἰνέσεως
3583 1424 3690 1477 τῶν

417 1512 770 1567 celebrentur
824 1515 1118 1582 magnalia,
1183 1523 1347 1581 atque
1408 1529 1438 1568 a
1484 1515 1702 1571 cunctis
1744 1518 2000 1572 aetatibus

2112 1516 2273 1587 αὐτῆς
2297 1516 2626 1585 μεγαλείων,
2645 1517 2742 1570 καὶ
2768 1516 3090 1586 ὑποδέχεται
3111 1516 3261 1587 παρά
3284 1516 3471 1569 πασῶν
3487 1516 3688 1583 γενεῶν

417 1606 577 1658 beata
608 1606 935 1673 praedicatur
987 1606 1031 1637 “
1061 1622 1074 1659 ε
1108 1621 1274 1676 quam
1322 1613 1488 1660 etiam
1549 1605 1995 1676 praedicationem

2112 1606 2193 1659 τὸν
2245 1608 2637 1678 μακαρισμόνο
2688 1608 2748 1661 ὃν
2791 1608 2889 1660 καὶ
2927 1607 3057 1677 πρὶν
3109 1605 3357 1676 θεωμένη
3405 1605 3686 1676 πόρρωθεν

415 1697 526 1764 jam
551 1697 678 1751 olim
704 1696 943 1766 proferri
967 1700 1188 1754 eminus
1216 1699 1461 1758 intuens,
1497 1699 1889 1769 magniﬁcabat
1940 1701 1996 1755 in

2112 1699 2538 1770 προφερόμενον,
2583 1698 2920 1768 ἐμεγάλυνεν
2949 1700 3007 1751 ὲν
3050 1696 3374 1766 ἀγαλλιάσει
3405 1697 3515 1750 τῶν
3554 1697 3688 1750 θαυ-

417 1789 792 1843 exsultatione
853 1804 1036 1844 rerqu
1101 1788 1237 1845 adeo
1289 1790 1623 1844 mirabilium
1663 1789 1999 1848 ell'ectorem.

2112 1788 2337 1856 μαστῶν
2363 1789 2676 1860 μεγαλείων
2701 1788 2795 1841 τὸν
2822 1788 3079 1857 ποιητήν.
3121 1786 3284 1841 Ἀλλά
3316 1788 3688 1856 παρέστηκεν,

418 1880 547 1947 Sed,
577 1896 610 1935 o
660 1881 1009 1948 beatissima,
1043 1882 1220 1953 reipsa
1267 1883 1506 1937 exhibita
1544 1891 1674 1940 sunt
1721 1886 2004 1941 verissima

2112 1874 2156 1933 ῶ
2199 1880 2470 1951 μακαρία,
2519 1879 2613 1931 ἐπὶ
2637 1878 2746 1932 τῶν
2787 1877 3153 1948 πραγμάτων,
3192 1877 3261 1931 τὰ
3295 1877 3364 1931 σά
3401 1879 3684 1950 παναληθῆ

415 1985 511 2027 tua
564 1974 656 2028 illa
698 1975 949 2028 oracula.
992 1973 1136 2030 Ecce
1181 1976 1326 2031 enim
1358 1991 1555 2032 omnes
1578 1978 1830 2034 nationes
1868 1994 2007 2048 prae-

416 2067 575 2120 conia
610 2075 704 2120 tua
727 2055 1093 2133 celebrantes,
1137 2066 1348 2122 beatam
1394 2077 1449 2122 te
1475 2069 1806 2137 acclamant,
1854 2073 2003 2126 omni

417 2157 638 2228 quidem
694 2156 748 2212 id
805 2167 1086 2228 tempore;
1142 2160 1492 2229 potissimum
1549 2171 1736 2218 autem
1779 2163 1834 2218 in
1871 2178 2007 2234 prte-

418 2249 584 2312 senti,
621 2265 730 2319 quo
757 2250 826 2304 ad
881 2248 1083 2304 Filium
1116 2251 1385 2305 translata
1409 2266 1473 2306 ac
1531 2253 1877 2324 inseparabili
1929 2254 2006 2309 illi

419 2342 705 2396 consortio
734 2341 1050 2406 adhaerens,
1110 2357 1222 2396 non
1279 2356 1470 2399 cessas
1525 2344 1580 2397 in
1610 2353 1759 2399 terra
1811 2346 2007 2415 positis

416 2449 577 2503 opem
613 2433 780 2489 ferre.
835 2433 1057 2488 Beatam
1104 2443 1156 2488 te
1202 2433 1394 2489 dicunt
1440 2449 1632 2491 omnes
1657 2435 1792 2494 lines
1826 2447 2003 2506 teme,

420 2523 566 2595 quod
601 2539 692 2580 res
746 2523 1051 2580 inetrabiles
1098 2531 1193 2578 tuo
1246 2523 1552 2580 ministerio
1598 2524 1710 2579 sint
1739 2536 2004 2595 peractae;

436 2632 544 2686 qua
577 2615 837 2671 nimirum
869 2615 1136 2670 Altissimi
1165 2615 1474 2681 brachium,
1507 2631 1604 2684 per
1633 2625 1684 2671 te
1724 2632 1877 2673 suam
1911 2633 2008 2687 po-

421 2709 658 2762 tentiam
698 2716 883 2760 notam
915 2705 1064 2767 fecit,
1097 2721 1224 2758 cum
1260 2704 1394 2758 illud
1431 2705 1609 2760 altiori
1643 2721 1808 2776 supra
1839 2709 2007 2761 ratio-

427 2815 549 2855 nem
584 2800 750 2854 modo
785 2812 848 2852 ex
895 2804 948 2851 te
976 2811 1199 2852 carnem
1241 2811 1488 2863 sumens,
1520 2811 1619 2850 sua
1676 2797 2031 2861 humilitate,‘

428 2902 543 2944 tum
573 2889 850 2945 excelsum
898 2889 1052 2942 illum
1085 2888 1139 2942 in
1173 2887 1432 2958 superbia
1495 2887 1719 2956 dejecit,
1754 2895 1868 2942 tum
1903 2889 2006 2942 bu-

423 2984 584 3039 miles
611 2983 895 3038 exaltavit.
936 2981 1161 3035 Beatam
1189 2988 1244 3034 te
1267 2980 1480 3046 dicunt,
1512 2981 1606 3049 qui
1647 2979 1823 3036 donec
1847 2994 2007 3034 exor-

419 3085 475 3128 ta
515 3083 685 3136 esset,
717 3083 812 3128 tua
837 3074 930 3127 illa
971 3073 1093 3128 sine
1120 3073 1332 3128 semine
1372 3074 1522 3142 spica
1546 3073 1898 3137 esurientes;
1940 3085 2002 3126 ea

420 3177 635 3232 exorta,
666 3166 816 3220 omni
850 3164 1070 3218 abunde
1102 3163 1371 3219 bonorum
1398 3162 1556 3232 copia
1587 3163 1822 3218 recreati
1853 3171 2000 3217 sunt.

421 3260 667 3315 llabebat
702 3258 926 3329 quidem
961 3257 1227 3327 antiquus
1255 3256 1445 3322 Israel,
1479 3270 1671 3310 arcam
1707 3256 1786 3311 tui
1809 3255 2006 3327 imagi-

422 3365 542 3405 nem
574 3349 923 3419 adjutricem,
969 3351 1014 3403 si
1038 3347 1261 3419 quando
1305 3350 1472 3405 rebus
1504 3349 1755 3405 adversis
1782 3364 2007 3418 urgere-

423 3453 513 3496 tur
572 3451 628 3496 et
675 3449 735 3494 ut
782 3438 1114 3510 quandoque
1193 3439 1433 3509 inopiam
1486 3442 1690 3495 levaret
1751 3456 1764 3494 :
1817 3457 2006 3496 verum

423 3538 607 3595 erant,
666 3545 789 3601 quae
857 3533 1211 3601 gerebantur,
1275 3532 1458 3601 reipsa
1518 3532 1776 3604 imaginis
1844 3542 2009 3602 atque

425 3619 637 3688 ﬁgurae,
690 3618 759 3673 iis
785 3619 944 3688 longe
976 3618 1260 3683 inferiora,
1301 3635 1424 3690 quae
1459 3635 1554 3688 per
1579 3631 1631 3676 te
1652 3628 2006 3691 praestantur.

421 3696 700 3776 Quocirca
749 3725 927 3780 neque
982 3725 1200 3780 semper
1223 3726 1379 3778 opem
1412 3712 1481 3765 ab
1517 3727 1579 3766 ea
1618 3712 2006 3783 impetrabant,

426 3800 523 3856 sed
549 3807 690 3867 tum,
728 3814 851 3853 cum
878 3800 969 3868 pio
1023 3800 1264 3853 erantin
1309 3799 1476 3855 Deum
1515 3802 1720 3867 animo,
1757 3818 1933 3872 neque
1976 3818 2006 3856 a

428 3899 580 3945 recta
608 3887 921 3944 divinorum
951 3891 1149 3944 semita
1173 3891 1524 3970 aberrabant,
1553 3895 1786 3948 salutem
1811 3910 2009 3950 conse-

427 3981 761 4050 quebantur.
803 3982 874 4037 At
923 3983 968 4037 si
1009 3981 1137 4051 quid
1173 3985 1605 4051 cemmisissent,
1661 4001 1830 4055 seque
1887 4001 2010 4040 reos

429 4072 606 4143 culpae
633 4072 893 4142 alicujus,
926 4074 1238 4127 divinorum
1275 4084 2007 4146 praeceptorumtransgres-

426 4165 587 4219 sione
610 4164 1060 4226 constituissent,
1094 4179 1205 4218 non
1226 4164 1402 4219 solum
1442 4165 1575 4219 nihil
1605 4167 1792 4221 auxilii
1819 4168 2009 4238 depel-

2031 3120 2073 3180 C

2111 1973 2356 2043 ῥήματα.
2409 1971 2520 2025 Ἴδε
2567 1971 2678 2042 γὰρ
2731 1971 2884 2024 πᾶσα
2929 1968 3106 2041 φυλὴ,
3157 1969 3259 2031 τὰς
3310 1969 3409 2032 σὰς
3454 1971 3687 2033 αἱνέσεις

2110 2063 2439 2135 ποιουμένη,
2476 2062 2568 2118 τὸν
2599 2063 2952 2134 μακαρισμὸν
2996 2080 3080 2116 σοι
3121 2062 3417 2132 προσάγειο
3452 2062 3685 2133 μάλιστα

2112 2160 2213 2229 μὲν
2251 2159 2311 2211 ὲν
2339 2157 2506 2212 παντὶ
2535 2156 2715 2231 καιρῷ
2735 2173 2750 2188 ο
2778 2156 3146 2226 διαφερόντως
3169 2155 3212 2209 δ’
3239 2158 3297 2209 ὲν
3318 2155 3395 2226 τῷ
3421 2157 3682 2227 παρόντι”

2110 2250 2169 2301 ἐν
2200 2241 2244 2315 ᾧ
2285 2248 2421 2320 πρὸς
2453 2248 2546 2302 τὸν
2576 2248 2706 2300 Υἱδν
2736 2245 3218 2318 μετεσκηνωμένη,
3243 2245 3338 2299 καὶ
3365 2246 3686 2300 ἀδιάστατον

2109 2341 2352 2410 λαχοῦσα
2394 2338 2493 2410 τὴν
2526 2339 2665 2410 πρὸς
2697 2339 2863 2392 αὐτὸν
2911 2336 3153 2409 ὁμιλίαν,
3197 2339 3260 2390 ού
3292 2337 3480 2409 λήγεις
3509 2339 3568 2391 ὲν
3611 2339 3683 2408 γῇ

2108 2430 2539 2502 διαπεραίνουσα
2580 2430 2681 2493 τὰς
2728 2429 3068 2500 ἀντιλήψεις.
3115 2425 3495 2498 Μακαρίζουσι
3526 2428 3591 2498 δή
3624 2445 3686 2482 σε

2107 2522 2178 2575 τὰ
2228 2523 2473 2592 πέρατα,
2531 2520 2618 2575 διά
2666 2520 2760 2574 σοῦ
2814 2519 3160 2590 πραγμάτων
3210 2520 3536 2590 ἀπορρήτων
3591 2536 3689 2572 πε-

2110 2614 2443 2683 πραγμένων
2469 2614 2520 2665 ὲι
2541 2612 2640 2681 τῷ,
2661 2613 2750 2665 διὰ
2774 2611 2868 2664 σοῦ
2892 2612 2983 2664 τὸν
3000 2609 3094 2665 τοῦ
3125 2611 3378 2680 Ὑψίστου
3405 2609 3687 2682 βραχίονα,

2107 2705 2172 2758 τὸ
2208 2706 2410 2759 οἰκεῖον
2446 2704 2715 2775 γνωρίσαι
2761 2704 3008 2773 κράτος’
3057 2703 3129 2755 ἐκ
3181 2701 3276 2756 σοῦ
3349 2703 3490 2772 ὑπὲρ
3531 2701 3689 2771 λόγον

2110 2798 2561 2869 σωματωθέντος,
2601 2797 2694 2851 καὶ
2738 2800 2803 2868 τῇ
2835 2795 3028 2850 ἑαυτοῦ
3069 2795 3418 2862 ταπεινώσει,
3457 2793 3551 2846 τὸν
3591 2794 3688 2862 μὲν

2111 2891 2317 2963 ὑψηλὸν
2363 2892 2421 2944 ὲν
2473 2891 2857 2961 ὑπερηφανείᾳ
2909 2886 3420 2955 καταϐεϐληκότοςο
3465 2885 3590 2948 τοὺς
3631 2885 3689 2940 δὲ

2110 2983 2404 3046 ταπεινοὺς
2455 2969 2863 3051 ἀνυψώσαντος.
2911 2979 3294 3050 Μεγαλύνουσί
3338 2996 3420 3045 σε,
3447 2981 3499 3031 oi
3527 2979 3687 3047 μέχρι

2108 3075 2202 3128 τοῦ
2243 3074 2338 3127 σοῦ
2387 3074 2634 3143 ’ἀσπόρου
2673 3074 3032 3144 πεινήσαντες
3068 3073 3332 3143 στάχυος·
3373 3070 3580 3124 ἐκείνου
3627 3069 3683 3122 δὲ

2111 3170 2178 3239 τῇ
2223 3170 2355 3240 φυῇ,
2387 3168 2639 3236 ἀφθόνως
2666 3169 2780 3229 τοῖς
2811 3166 3040 3234 ἀγαθοῖς
3081 3164 3544 3236 ὲντρυφήσαντες.
3578 3155 3687 3215 Ἦν

2112 3260 2212 3328 μὲν
2240 3259 2332 3313 οὖν
2375 3258 2590 3330 Ἰσραὴλ
2617 3257 2698 3328 τῷ
2735 3257 2954 3328 γηραιῷ
2999 3259 3099 3328 τῆς
3147 3257 3250 3326 σῆς
3299 3255 3460 3324 δόξης
3503 3253 3686 3318 εἰκὼν,

2109 3351 2342 3414 κιϐωτὸς
2385 3350 2678 3420 ἐπίκουρος
2723 3349 3176 3419 ἐλαττουμένοις,
3224 3348 3317 3400 καὶ
3339 3347 3429 3418 ςτδ
3463 3344 3690 3400 ἐκείνων

2114 3441 2288 3494 ἐνίοτε
2349 3439 2530 3503 ἐνδεὲς
2582 3439 3009 3509 ἁναπληροῦσα·
3055 3438 3174 3491 ἀλλ’
3216 3432 3286 3506 ἦν
3334 3435 3564 3499 εἰκόνος,
3614 3434 3691 3498 ὡς

2111 3531 2331 3602 ἀληθῶς
2354 3532 2424 3584 τὰ
2464 3532 2727 3602 γινόμενα
2747 3545 2762 3561 ⁶
2788 3531 2882 3583 καὶ
2913 3531 3047 3584 πολὺ
3082 3529 3191 3581 τῶν
3227 3530 3316 3582 διὰ
3348 3526 3444 3581 σοῦ
3471 3526 3692 3597 γινομέ-

2110 3640 2216 3676 νων
2243 3622 2563 3692 λειπόμενα.
2590 3621 2690 3674 Διά
2712 3620 2871 3674 τοῦτο
2890 3621 2952 3673 οὐ
2983 3620 3236 3691 βοηθείας
3253 3620 3339 3673 ἀεὶ
3363 3618 3496 3690 παρ’
3521 3617 3691 3686 αὐτῆς

2116 3711 2365 3782 ἠξιοῦντο
2387 3729 2401 3743 ·
2425 3712 2543 3766 ἀλλ’
2565 3711 2741 3783 ὀρθῶς
2772 3711 2872 3781 μὲν
2897 3711 2965 3764 τὰ
2993 3711 3130 3782 πρὸς
3147 3710 3281 3763 Θεὸν
3305 3709 3691 3780 διακειμένοις,

2112 3804 2206 3858 καὶ
2249 3805 2324 3874 μὴ
2366 3805 2466 3872 τῆς
2497 3803 2715 3868 εὐθείας
2753 3803 2862 3856 τῶν
2891 3802 3284 3873 θεσπισμάτων
3313 3801 3503 3870 τρίϐου
3554 3801 3692 3852 ἀπο-

2110 3896 2507 3968 πλανωμένοις,
2551 3897 2768 3966 ἀπήντα
2809 3899 2842 3967 ἡ
2869 3895 3153 3967 ξσωτηρία.
3201 3893 3369 3964 Δίκης
3395 3892 3439 3947 δ’
3486 3892 3695 3961 ὲνόχοις

2110 3992 2292 4053 αὐτοῖς
2333 3990 2730 4060 γεγενημένης,
2779 3985 2862 4056 οἷς
2893 3989 3314 4060 κατωλιγὼρουν
3362 3987 3472 4042 τῶν
3523 4002 3694 4058 προσ-

2110 4085 2440 4154 ταγμάτων*
2510 4085 2571 4137 οὐ
2633 4085 2794 4154 μόνον
2843 4085 2903 4138 οὑ
2953 4083 3137 4155 παρῆν
3191 4084 3226 4152 ἡ
3265 4079 3556 4150 ἐπικουρία
3599 4079 3694 4132 τὸν

2113 4178 2357 4231 κίνδυνον
2392 4178 2769 4248 ὲπαμύνουσα,
2814 4177 2952 4231 ἀλλά
2991 4178 3087 4230 καὶ
3140 4176 3280 4247 αὑτὴ
3325 4174 3536 4237 τούτοις
3571 4190 3694 4226 συν-

429 4254 595 4310 lendo
648 4254 900 4324 periculo
965 4256 1461 4332 suppeditabatur;
1502 4256 1597 4312 sed
1650 4266 1705 4312 et
1734 4257 1850 4328 ipsa
1882 4274 2008 4313 arca

2115 4265 2478 4320 εκινδύνευεν.
2523 4265 2681 4320 Οὕτω
2718 4264 2849 4319 ποτὲ
2896 4265 3173 4336 ἁλώσιμος
3217 4267 3324 4328 τοῖς
3375 4261 3693 4332 ἀλλοφύλοις

431 4362 539 4402 una
577 4361 704 4402 cum
737 4346 870 4418 ipsis
923 4348 1345 4418 periclitabatur
1379 4349 1441 4402 ¹³.
1475 4348 1659 4416 Quare
1717 4353 2008 4422 aliquando

2115 4358 2532 4425 ὲδείκνυτο,τῶν
2553 4357 2649 4412 τοῦ
2665 4357 2798 4413 λαοῦ
2818 4359 3180 4428 πταισμάτων
3203 4356 3694 4428 ἐπικρατησάντων

431 4438 656 4505 accidit,
692 4449 754 4493 ut
815 4439 886 4494 ab
917 4439 1246 4510 alienigenis
1292 4452 1607 4512 caperetur,
1645 4457 1771 4498 cum
1825 4444 2004 4514 populi

2113 4449 2214 4521 τῆς
2253 4449 2346 4504 ὑπ’
2375 4451 2548 4520 αὐτῆς
2575 4450 2991 4523 χορηγουμένης
3024 4447 3366 4518 ἀντιλήψεως
3386 4449 3401 4478 ⁴
3435 4447 3531 4501 καὶ
3559 4445 3698 4516 πρὸς

431 4531 642 4584 scelera
671 4529 969 4600 grandiora
1003 4541 1211 4596 essent,
1253 4547 1418 4601 quam
1445 4533 1589 4603 quod
1624 4548 1687 4589 ea
1717 4542 2008 4603 praestare~

2112 4542 2209 4612 τὴν
2234 4544 2392 4613 χεῖρα
2430 4542 2542 4597 τῶν
2572 4543 2852 4613 πολεμίων
2881 4542 2944 4595 τὸ
2984 4541 3124 4595 κατὰ
3165 4541 3262 4594 τοῦ
3303 4540 3492 4604 ἔθνους
3529 4540 3700 4609 χωρεῖ

432 4633 521 4676 tur
585 4622 872 4688 auxilium,
929 4632 1306 4694 tropaeumque
1355 4624 1623 4681 adversus
1671 4635 1907 4697 gentem,
1957 4627 2008 4682 in

2112 4633 2417 4704 τρόπαιονρ
2462 4633 2606 4704 αὑτὴ
2653 4634 2994 4705 δορυάλωτος
3035 4632 3270 4702 γίνεται,
3321 4633 3371 4685 ει
3425 4630 3521 4683 καὶ
3562 4629 3699 4690 Θεὸς

431 4726 629 4767 manus
657 4713 900 4767 hostium
933 4713 1153 4768 cederet
1194 4731 1208 4768 :
1253 4723 1419 4785 atque
1459 4715 1597 4771 adeo
1628 4717 1750 4788 ipsa
1798 4719 2008 4790 captiva

2113 4725 2277 4776 κάκεῖ
2299 4723 2358 4776 τὸ
2386 4720 2573 4793 τίμιον
2602 4723 2742 4794 αὐτῇ
2785 4715 3093 4786 διασὼζων,
3123 4721 3282 4772 νόσου
3337 4719 3518 4789 πληγῇ
3571 4717 3698 4779 τοὺς

433 4802 743 4868 abducitur,
779 4805 882 4859 etsi
940 4803 1052 4857 illic
1092 4821 1309 4874 quoque
1353 4806 1520 4874 Deus,
1548 4809 1669 4878 ejus
1719 4811 2008 4864 consulens

2123 4812 2679 4881 αίχμαλωτεύσαντας
2718 4814 3083 4883 τιμωρεῖται·
3115 4810 3210 4862 καὶ
3241 4811 3300 4876 ,οἱ
3335 4807 3556 4878 φαύλως
3604 4803 3696 4859 ὑπ’

437 4894 737 4964 majestati,
781 4894 957 4950 morbi
994 4896 1150 4965 plaga
1206 4911 1302 4951 eos
1341 4898 1437 4966 qui
1472 4900 1754 4968 cepissent
1794 4901 2008 4954 ulcisci-

2117 4905 2341 4956 ἐκείνων
2356 4902 2658 4973 τιμώμενοι
2681 4903 2816 4966 θεοὶ,
2849 4901 3042 4973 κέρδος
3069 4901 3170 4970 τῆς
3197 4898 3470 4968 τοσαύτης
3493 4897 3701 4968 λαφυρ-

436 4997 526 5041 ιυι·
558 5001 573 5041 :
609 4985 818 5056 diique,
853 5003 994 5057 quos
1022 4989 1175 5042 inani
1198 4989 1275 5042 illi
1301 4990 1455 5044 cultu
1488 4991 1913 5058 venerabantur,
1964 4993 2008 5046 id

2116 4995 2360 5063 αγωγίας
2414 4996 2512 5066 τὴν
2563 4993 2716 5064 σφῶν
2736 4993 3074 5063 λαμϐάνουσι
3104 4991 3333 5056 πτῶσιν,
3357 4991 3420 5062 οὐ
3445 4988 3701 5058 δυνηθέν-

435 5076 578 5133 lucri
635 5091 704 5131 ex
759 5078 928 5132 tantis
970 5077 1081 5133 illis
1133 5078 1328 5148 spoliis
1381 5087 1738 5149 reportarunt
1784 5091 1846 5136 ut
1896 5096 2019 5135 cor-

446 5177 693 5234 ruerent,
727 5184 837 5223 non
871 5168 1116 5225 valentes
1146 5171 1216 5226 iis
1254 5171 1562 5229 consistere
1616 5173 1845 5231 basibus
1892 5174 2020 5244 qui-

435 5265 540 5319 bus
609 5264 774 5317 locati
825 5270 986 5316 erant
1039 5279 1053 5315 :
1111 5261 1165 5317 in
1211 5270 1433 5334 terram;
1489 5264 1654 5332 allisi,
1704 5279 1769 5320 ac
1796 5266 2023 5320 commi-

439 5355 584 5420 nuti,
615 5353 784 5410 simul
827 5365 993 5424 atque
1039 5369 1168 5409 arca
1209 5355 1276 5410 ad
1310 5357 1435 5412 illos
1465 5357 1679 5413 invecta
1713 5366 1880 5415 esset.
1912 5357 2020 5413 Ve-

435 5461 560 5499 rum
588 5455 681 5499 tua
730 5446 877 5501 haud
906 5446 981 5500 ita
1020 5445 1260 5511 habent;
1291 5463 1393 5504 nec
1423 5449 1521 5504 tali
1554 5449 1761 5505 auxilio
1808 5465 2015 5505 novum

441 5523 701 5603 populum
723 5536 896 5590 tueris
939 5551 1004 5590 ac
1042 5537 1283 5607 protegis
1309 5553 1323 5590 :
1349 5538 1480 5610 quin
1534 5540 1774 5610 etprius
1809 5541 1880 5602 iis
1913 5542 2010 5612 qui

511 5713 551 5744 ¹²
587 5712 722 5771 Luc.
759 5730 800 5781 t,
833 5715 923 5770 47.
1007 5717 1049 5749 ’³
1078 5714 1097 5770 Ι
1132 5715 1364 5790 Reg._1v,
1399 5717 1433 5771 4
1465 5733 1581 5789 seq.

2123 5103 2209 5148 τες
2236 5087 2329 5138 ἐπὶ
2373 5086 2474 5155 τῆς
2509 5085 2646 5150 ἰδίας
2692 5085 2948 5139 ἵστασθαι
3001 5085 3248 5155 βάσεως·
3305 5082 3420 5136 ἀλλ’
3470 5083 3551 5143 είς
3593 5080 3697 5148 γῆν

2123 5179 2559 5249 συντριῦόμενοι,
2589 5177 2726 5247 ὁμοῦ
2775 5181 2842 5249 τῇ
2891 5179 2992 5248 τῆς
3042 5174 3280 5230 κιϐωτοῦ
3327 5176 3460 5246 παρ’
3504 5174 3700 5236 αὐτοὺς

2122 5267 2440 5322 είσελεύσει.
2496 5266 2637 5320 Ἀλλ’
2659 5268 2781 5337 οὐχὶ
2807 5267 2875 5320 τὰ
2905 5267 2975 5320 σὰ
2997 5265 3247 5328 τοιαῦτα,
3274 5265 3396 5318 οὐδὲ
3435 5263 3700 5333 τοσαύτης

2122 5357 2202 5428 τῷ
2225 5357 2332 5427 νέῳ
2370 5357 2486 5429 λαῷ
2530 5357 2686 5430 παρὰ
2731 5357 2827 5410 σοῦ
2864 5358 3117 5428 μέτεστιν
3147 5357 3524 5426 ἀντιλήψεωςο
3565 5354 3702 5408 ἀλλά

2121 5450 2216 5503 καὶ
2251 5449 2520 5521 πρότερον
2580 5451 2863 5514 παντελῶς
2907 5444 3030 5504 οὖσι
3078 5448 3702 5521 καταπεπολεμωμίνοις

2121 5543 2228 5599 ὑπὸ
2253 5543 2364 5600 τῶν
2410 5543 2622 5610 κακῶν,
2655 5542 2946 5617 ἐπήμυνας
2967 5562 2982 5578 ·
3015 5543 3109 5599 καί
3137 5542 3233 5598 νῦν
3257 5543 3380 5615 οὐχὶ
3410 5542 3570 5612 μόνον
3612 5541 3701 5595 ἐπ’
