4086 6298
384 359 483 418 169

1109 359 1393 420 ORATIO
1418 359 1573 420 XIV.
1606 385 1676 396 --
1713 359 1793 420 IN
1849 362 1915 422 B.
1959 360 2222 422 MAI’tI/E
2256 365 2850 430 ASSUMPTIONEM

3556 369 3655 434 170

373 471 594 536 εὐθείας
625 473 741 528 τῶν
773 474 1127 547 ἒνταλμάτων
1167 475 1290 530 ὁδοῦ
1325 476 1567 548 βαδίζειν
1597 480 1964 550 προαιρουμέε

2075 495 2105 536 a
2136 482 2296 539 malis
2329 484 2550 552 penitus
2600 486 2818 542 fuerant
2873 487 3158 552 deliellati,
3192 500 3350 558 opem
3421 488 3598 545 tulisti
3633 504 3651 544 :

373 581 487 618 νων
513 566 548 637 ἡ
574 567 727 634 παρὰ
768 566 863 620 σοῦ
900 568 1124 638 βοήθεια
1167 569 1484 637 συνέπεται,
1513 569 1650 623 ἀλλὰ
1683 573 1779 623 καὶ
1818 571 1958 642 πρὸς

373 655 476 724 τὴν
522 657 773 711 ἐναντίαν
825 659 1272 728 ὲκτρεπομένοις,
1311 661 1605 732 καὶταύτῃ
1637 661 1864 725 ἐνδίκως
1887 662 1959 717 ἂν

374 747 601 816 δφλουσι
642 748 859 821 ποινὴν,
885 751 1116 822 εὑρίσκῃ
1161 753 1482 822 ἀποχρῶσα,
1527 755 1620 807 καὶ
1661 753 1760 825 τῆς
1801 751 1958 825 δίκης

375 840 504 904 τοὺς
533 839 756 910 ἐνόχους
782 840 1168 911 ὲξαιρουμένη.

447 1025 787 1080 Δυσωπεϊται
815 1028 924 1098 γάρ
960 1044 1018 1080 σε
1050 1027 1182 1092 Θεὸς
1211 1029 1310 1098 τὴν
1339 1031 1751 1102 πανιερωτάτην
1783 1032 1952 1086 αὑτοῦ

377 1117 645 1182 Κιϐωτὺν,
693 1119 790 1171 καὶ
845 1119 1229 1189 χρηστεύεται,
1284 1121 1423 1192 πρὸς
1467 1123 1596 1186 τοὺς
1644 1122 1747 1176 οὐκ
1793 1122 1958 1186 ὄντας

381 1209 561 1275 ἀξίους
606 1209 974 1280 χρηστότητος
997 1228 1010 1242 ’
1074 1213 1170 1264 καὶ
1222 1211 1322 1280 τῆς
1355 1211 1511 1281 δίκης
1541 1213 1757 1285 ἀφίησι,
1779 1231 1961 1287 παρα-

379 1299 574 1355 κλίνων
600 1302 668 1353 τὰ
693 1301 792 1368 τῆς
817 1301 974 1372 δίκης
1008 1301 1171 1370 ζυγά,
1213 1304 1694 1374 προσωπολήπτης
1721 1305 1812 1360 διὰ
1861 1305 1962 1378 τὴν

380 1388 478 1462 τὴν
508 1389 668 1454 ἀξίαν
691 1390 1004 1461 γενόμενος,
1047 1392 1282 1445 καὶτῶν
1339 1395 1540 1464 χειρῶν
1587 1394 1688 1465 τὴν
1739 1393 1964 1451 ἔκτασιν

380 1479 796 1549 εὐλαϐούμενος,
850 1482 907 1536 αἳ
932 1481 1108 1551 τούτῳ
1131 1482 1420 1550 γεγόνασιν
1470 1483 1677 1554 ὄχημα.
1729 1485 1808 1539 οὐ
1851 1485 1963 1558 γὰρ

380 1572 632 1643 ἐνέχεται
699 1576 950 1646 παρορᾷν
1009 1576 1178 1638 αὑτὰς
1231 1577 1567 1646 αίρομέναςο
1613 1579 1752 1649 πρὸς
1813 1579 1965 1643 ἔλεος

379 1666 684 1730 διακλᾶται,
740 1666 837 1720 καὶ
885 1666 1007 1720 λύει
1039 1668 1344 1738 συμπαθῶς
1373 1667 1443 1721 τὰ
1481 1667 1639 1739 χρέα,
1667 1670 1767 1740 τῆς
1802 1669 1957 1740 ,παρ’

380 1756 540 1811 αὑτοῦ
602 1757 771 1822 ἀξιῶν
817 1757 1130 1828 εὐμενείας,
1170 1760 1288 1814 ἀνθ’
1320 1754 1389 1831 ἧς
1441 1756 1509 1830 ἦν
1536 1760 1686 1826 ἀξιον
1703 1761 1962 1832 ὑποσχεῖν

2061 589 2327 645 nuncque
2358 577 2550 645 etiam,
2579 577 2783 634 nedum
2817 578 2929 634 illis
2979 578 3156 634 facilis
3180 579 3334 642 ades,
3371 579 3468 649 qui
3507 580 3652 635 viam

2059 665 2369 720 divinorum
2396 668 2772 722 mandatorum
2793 668 3079 733 insistunt,
3107 667 3200 724 sed
3230 677 3286 723 et
3310 667 3377 724 iis
3396 669 3490 737 qui
3521 683 3656 724 con-

2062 757 2228 809 traria
2256 755 2345 809 via
2375 756 2653 822 incedunt,
2702 772 2766 813 ac
2794 757 3023 828 proinde
3057 757 3238 828 poenis
3291 758 3653 814 se‘obnoxios

2058 843 2316 908 reddunt,
2336 855 2533 914 potens
2559 846 2778 902 abunde
2802 847 2868 901 ad
2899 846 3294 918 protectionem
3333 845 3609 902 inveneris
3632 887 3649 914 ,

2060 950 2267 1005 eosque
2295 950 2325 989 a
2355 938 2563 992 meritis
2601 937 2890 1009 suppliciis
2935 936 3125 1008 eripis.

2135 1023 2442 1083 Reveretur
2517 1031 2663 1084 enim
2725 1029 2870 1085 Deus
2955 1030 3386 1086 sacratissimam
3448 1030 3647 1083 Arcam

2060 1134 2240 1184 suam,
2268 1120 2674 1190 benignumque
2727 1136 2786 1176 se
2813 1120 3036 1178 exhibet
3062 1121 3154 1189 iis,
3180 1120 3274 1192 qui
3304 1121 3640 1191 benignitate

2061 1212 2272 1281 indigni
2306 1223 2473 1280 sunt;
2513 1227 2786 1284 poenaque
2811 1213 3003 1278 solvit,
3065 1228 3132 1269 ac
3159 1212 3389 1282 iustitiae
3433 1211 3644 1266 lancem

2063 1303 2329 1370 declinat,
2365 1305 2586 1374 alioque
2618 1305 2807 1369 vertit,
2845 1305 2923 1360 tui
2955 1304 3170 1359 ratione
3198 1305 3348 1358 velut
3380 1316 3646 1373 persona-

2067 1409 2190 1450 rum
2238 1404 2556 1466 acceptator
2579 1394 2793 1464 factus,
2843 1411 2909 1451 ac
2943 1412 3206 1451 manuum
3260 1395 3644 1457 extensionem

2062 1485 2355 1550 reveritus,
2389 1503 2512 1558 quas
2557 1488 2664 1559 ipsi
2712 1488 3025 1544 vehiculum
3063 1487 3304 1542 fuerunt.
3360 1485 3470 1540 Nec
3499 1485 3644 1540 enim

2063 1578 2273 1646 patitur
2294 1585 2354 1632 ut
2387 1577 2634 1636 sublatas
2661 1579 2968 1650 despiciat;
3001 1578 3299 1634 inﬂectitur
3349 1577 3420 1632 ad
3477 1575 3642 1632 mise-

2063 1669 2383 1737 ricordiam,
2405 1685 2469 1726 ac
2483 1669 2669 1726 debita
2695 1671 2995 1727 clementer
3018 1669 3269 1731 remittit,
3290 1682 3390 1723 sua
3409 1666 3641 1738 dignans

2064 1762 2462 1832 placabilitate,
2503 1762 2708 1833 quibus
2747 1763 2944 1818 merito
2974 1775 3137 1830 poena
3176 1758 3469 1830 irroganda
3499 1767 3640 1824 erat.

379 1850 664 1922 τιμωρίας.
699 1851 813 1904 Οὐκ
841 1852 934 1906 οὖν
969 1854 1077 1922 ὅπη
1111 1853 1179 1923 σὴ
1226 1854 1528 1925 παρουσία,
1561 1855 1672 1908 τῶν
1703 1855 1961 1909 ἐναντίων

2067 1853 2205 1924 Ergo
2243 1854 2335 1908 ubi
2393 1861 2452 1910 tu
2477 1869 2718 1925 praesens
2748 1869 2831 1918 es,
2865 1853 3017 1908 nulla
3051 1851 3383 1906 adversariis
3415 1856 3643 1919 superat

380 1943 628 2013 ηόμιλία
679 1943 946 2014 λαμϐάνει
1002 1948 1103 2016 τὴν
1152 1946 1469 2016 παρρησίαν
1498 1963 1515 1979 ο
1573 1947 1684 2000 οὐδ’
1717 1947 1964 2018 εὑρίσκει

381 2033 562 2105 χώραν
600 2035 668 2089 τὰ
710 2035 1013 2106 σκυθρωπὰ
1061 2039 1165 2106 τῆς
1194 2038 1298 2107 σῆς
1323 2037 1801 2110 ἐπιχωριαζούσης
1831 2056 1962 2108 φαι-

382 2123 658 2195 δρότητος.
702 2125 823 2182 Ἀπ’
865 2127 1042 2198 ἀρχῆς
1059 2129 1170 2198 γὰρ
1200 2130 1280 2191 είς
1306 2126 1512 2198 κόσμον
1534 2128 1834 2198 παριοῦσα,
1869 2129 1964 2183 ἐπὶ

375 2217 709 2289 φαιδροτέρᾳ
741 2217 932 2272 τούτου
987 2219 1345 2285 καταστάσει,
1380 2219 1480 2289 τὴν
1532 2218 1703 2290 αὐτὴν
1733 2219 1820 2272 ἀεὶ
1840 2219 1962 2274 δια-

383 2305 576 2371 σώζεις
638 2307 980 2381 προαίρεσιν,
1035 2309 1136 2379 τῆς
1193 2309 1306 2364 τῶν
1350 2308 1542 2375 δεξιῶν
1571 2307 1844 2381 χορηγίας
1899 2309 1960 2361 οὐ

382 2395 643 2466 λήγουσα.

450 2483 560 2542 Ἦν
608 2489 795 2555 αὐτοῖς
828 2492 923 2547 καὶ
950 2491 1142 2563 λυχνία
1170 2490 1364 2563 φώτων
1417 2491 1676 2563 ὲϐδομάδι
1731 2509 1965 2565 περιαυ-

389 2579 682 2654 γαζομένη,
735 2583 831 2637 καὶ
877 2584 1115 2654 στάμνος
1167 2582 1261 2638 τοῦ
1316 2584 1491 2654 μάννα
1537 2585 1765 2654 ταμεῖον
1797 2599 1812 2614 ·
1869 2583 1965 2637 καὶ

386 2670 580 2740 ῥάϐδος
608 2674 708 2742 τῆς
731 2674 833 2744 σῆς
849 2673 1148 2746 παρθενίας
1177 2675 1550 2746 ἀνθοφοροῦσα
1569 2673 1631 2727 τὸ
1656 2675 1922 2745 κήρυγμα
1945 2690 1960 2705 ⁶

383 2763 475 2812 καὶ
508 2761 578 2814 τέι
628 2763 783 2831 ἄλλα,
838 2758 920 2828 οἷς
955 2765 1096 2832 μέγα
1149 2765 1378 2829 εἰκότως
1431 2765 1655 2836 ἐφρόνει
1696 2766 1756 2817 τὸ
1784 2764 1959 2828 ἔθνος,

383 2849 538 2920 παρὰ
578 2851 755 2906 πάντα
808 2853 879 2908 τὰ
933 2855 1084 2926 ἔθνη.
1134 2855 1275 2908 Ἀλλ’
1313 2854 1642 2926 ὑπεχώρησε
1675 2855 1816 2926 μετὰ
1865 2853 1962 2909 τοῦ

385 2940 596 2996 κλεινοῦ
651 2944 912 3015 ὀνόματος
949 2948 1132 3002 αὐτῶν
1157 2989 1172 3014 ,
1198 2949 1294 3001 καὶ
1341 2949 1444 3018 τῆς
1480 2948 1831 3020 σεμνότητος.
1890 2948 1961 3002 Σὲ

385 3034 492 3106 γὰρ
519 3037 984 3108 σκιαγραφοῦντα,
1016 3042 1084 3112 τῇ
1108 3043 1175 3112 σῇ
1201 3039 1410 3110 ἐκρύϐη
1442 3040 1757 3113 ἐπιφανείᾳ.
1789 3040 1961 3113 Φαίνῃ

2062 1949 2322 2018 loquendi
2372 1948 2608 2011 llducia;
2653 1948 2862 2001 nullum
2896 1945 3079 2000 tristia
3113 1945 3294 2000 locum
3322 1941 3638 2005 inveniunt.

2063 2037 2158 2092 ubi
2223 2038 2303 2092 tui
2364 2033 2678 2106 ‘splendoris
2711 2035 2895 2090 laetitia
2967 2034 3209 2104 all'ulget.
3265 2031 3402 2088 Cum
3434 2033 3640 2087 enima

2064 2127 2340 2198 principio
2367 2127 2422 2181 in
2457 2127 2606 2181 hunc
2631 2126 2898 2180 mundum
2933 2125 3174 2188 veneris,
3208 2130 3268 2176 ut
3296 2122 3422 2176 laeto
3463 2119 3641 2189 magis

2063 2229 2210 2277 statu
2238 2232 2618 2290 componeres,
2649 2217 2894 2272 eamdem
2913 2231 3126 2285 semper
3151 2214 3358 2270 retines
3387 2212 3639 2282 volupta-

2064 2323 2194 2380 tem,
2245 2325 2348 2368 nec
2395 2325 2638 2382 unquam
2679 2308 2946 2366 beneﬁcia
2983 2307 3145 2363 nobis
3197 2314 3463 2378 praestare
3518 2318 3639 2359 ces-

2063 2418 2182 2458 835.

2134 2491 2267 2546 Erat
2306 2487 2570 2546 lsraelitis
2603 2504 2824 2561 quoque
2869 2489 3279 2552 candelabrum,
3326 2487 3638 2556 septenario

2063 2582 2334 2638 luminum
2391 2581 2604 2652 fulgore
2659 2582 3054 2651 conspicuum;
3094 2589 3148 2634 et
3203 2595 3361 2645 urna,
3417 2580 3474 2633 in
3529 2595 3640 2649 qua

2065 2690 2265 2730 manna
2295 2673 2656 2739 servabatur;
2685 2681 2740 2728 et
2777 2672 2955 2742 virga,
2985 2670 3325 2742 virginitatis
3357 2679 3465 2725 tua;
3497 2685 3638 2740 prae-

2063 2767 2305 2832 conium,
2334 2766 2491 2836 quasi
2522 2763 2710 2819 ﬂorem
2759 2762 3142 2836 emittens;~e_t
3183 2761 3238 2817 id
3286 2775 3462 2832 genus
3510 2760 3639 2823 alia,

2065 2860 2267 2930 quibus
2296 2858 2445 2914 natio
2464 2858 2554 2912 illa
2577 2855 2772 2912 merito
2809 2870 2984 2925 super
3019 2869 3214 2910 omnes
3240 2855 3495 2909 nationes
3517 2867 3640 2909 sese

2064 2950 2342 3007 efferebat.
2383 2949 2582 3005 Verum
2611 2956 2962 3003 recesserunt
2988 2946 3103 3002 haec
3133 2946 3348 3010 omnia,
3375 2959 3503 3000 cum
3551 2945 3642 3000 in-

2066 3046 2210 3118 clyto
2243 3058 2434 3099 eorum
2484 3041 2706 3096 nomine
2759 3054 2823 3095 ac
2855 3038 3168 3109 majestate.
3221 3035 3358 3092 Cum
3411 3033 3559 3091 enim
3587 3041 3644 3089 te

382 3123 440 3178 δὲ
479 3125 589 3197 ἄρα
615 3129 650 3199 ἡ
693 3129 959 3199 ἀείφωτος
995 3131 1060 3185 σὺ
1107 3131 1322 3203 λυχνία,
1377 3132 1472 3187 τοῦ
1527 3131 1809 3188 σκοτεινοῦ
1869 3135 1964 3188 καὶ

2067 3136 2487 3201 adumbrarent,
2518 3133 2753 3189 adventu
2786 3131 3012 3202 fulgoris
3038 3132 3120 3186 tui
3152 3128 3338 3186 abdita
3370 3136 3521 3183 sunt.
3558 3125 3640 3181 Tu

385 3216 703 3290 ῥυσαμένη,
762 3223 859 3274 καὶ
924 3223 1163 3294 ῥυομένη
1223 3224 1456 3278 θανάτου
1509 3223 1609 3294 τῆς
1666 3223 1961 3296 ἁμαρτίας.

387 3310 717 3377 Εύωδιάζεις
737 3315 830 3368 τὸν
861 3318 1065 3384 κόσμον
1094 3318 1162 3387 τῇ
1189 3319 1255 3389 σῇ
1282 3317 1391 3370 τῶν
1421 3316 1602 3373 καλῶν
1629 3318 1950 3390 ἀνθοφορίᾳ.

394 3396 462 3452 Ἦ
501 3400 561 3453 τδ
583 3401 744 3466 ἄνθος
798 3404 1113 3476 ἀνασχοῢσα
1138 3407 1237 3478 τῆς
1288 3409 1587 3479 σωτηρίας,
1613 3407 1835 3478 τρέφεις
1884 3407 1966 3479 τῷ

381 3489 450 3541 ἐκ
486 3491 580 3545 σοῦ
598 3495 969 3565 πεφυραμένῳ
1012 3493 1214 3567 ζωηρῷ
1253 3496 1423 3568 ἄρτῳ.
1479 3498 1758 3569 Πηγάζεις
1807 3499 1964 3553 ἀδια-

382 3580 621 3648 λείπτως
676 3586 777 3650 τὰς
821 3587 1053 3659 δωρεὰς,
1103 3591 1198 3644 καὶ
1261 3592 1329 3661 τῇ
1351 3590 1562 3662 ἀεννάῳ
1611 3590 1797 3662 βλύσει
1855 3592 1968 3648 τῶν

383 3677 789 3748 χρηστοτέρων,
835 3679 934 3751 τὴν
961 3682 1069 3734 τῶν
1103 3683 1481 3754 περιστάσεων
1539 3685 1714 3754 φορὰν
1763 3685 1966 3738 ἀνακό-

389 3781 570 3829 πτεις.
627 3767 957 3833 Σκεδάζεται
1005 3771 1108 3840 τῆς
1147 3771 1389 3843 ἀθυμίας
1417 3772 1487 3827 τᾶ.
1536 3775 1694 3845 νέφη,
1726 3776 1817 3830 διὰ
1869 3775 1965 3831 σοῦ

383 3857 605 3926 αἰθρίας
631 3861 725 3915 τὸν
775 3861 892 3934 βίον
919 3863 1311 3935 ἀγλαῖζούσης.
1358 3866 1677 3922 Ἐλαύνεται
1709 3869 1880 3942 πάθη,
1905 3869 1968 3924 τὸ

386 3949 619 4023 φοϐερὸν
671 3953 782 4008 τῶν
836 3957 1100 4011 κινδύνων
1153 3959 1236 4021 είς
1289 3957 1477 4012 ἄνεσιν
1508 3961 1912 4031 μεταϐάλλεται
1944 3980 1963 3999 ο

383 4041 558 4107 οὐδὲν,
584 4043 613 4096 ὃ
643 4042 719 4115 μὴ
764 4045 1126 4116 παραγίνεται
1162 4048 1272 4101 τῶν
1321 4051 1594 4119 χρηστῶν.
1659 4051 1755 4104 σοῢ
1785 4052 1968 4119 βουλο-

387 4136 557 4204 μένης
592 4151 608 4168 ⁸
644 4139 737 4192 καὶ
797 4138 951 4192 οὐδὲν
979 4139 1008 4194 ὅ
1042 4140 1118 4211 μὴ
1149 4139 1341 4210 φεύγει
1370 4142 1478 4195 τῶν
1527 4143 1807 4212 ἐναντίων,
1867 4146 1963 4200 σοῦ

382 4226 736 4298 ἀμυνούσηςο
779 4231 1226 4303 κατανεύειγᾶρ
1276 4234 1364 4286 ἀεὶ
1391 4235 1484 4288 ἐπὶ
1530 4239 1688 4300 πᾶσι,
1744 4239 1841 4292 καὶ
1873 4237 1956 4293 δί-

381 4319 518 4374 δωσι
550 4323 731 4377 πάντα
758 4323 847 4378 διὰ
865 4322 980 4392 σοῦ,
1009 4328 1037 4380 ό
1064 4327 1151 4379 ἐπ’
1177 4327 1467 4398 εὐεργεσία
1490 4328 1583 4383 τοῦ
1617 4327 1959 4400 πλάσματος,

380 4413 489 4483 τὴν
523 4413 620 4484 σὴν
650 4417 730 4478 είς
757 4415 850 4470 τὸν
883 4415 996 4486 βίον
1051 4417 1284 4488 πάροδον
1333 4418 1605 4484 δεδωκὼς,
1647 4421 1706 4488 ἐξ
1739 4414 1802 4475 οὗ
1826 4423 1966 4492 πρὸς

2071 3243 2224 3294 vero,
2267 3235 2528 3297 tanquam
2559 3233 2822 3296 perpetuo
2851 3221 3055 3277 lumine
3097 3222 3485 3276 collustratum
3507 3232 3644 3274 can-

2067 3317 2352 3373 delabrum
2383 3316 2573 3371 lucens
2601 3328 2632 3369 a
2658 3313 2870 3385 peccati
2902 3312 3194 3368 tenebrosa
3227 3320 3406 3365 morte
3426 3308 3647 3373 eruisti,

2067 3407 2274 3483 pariter
2299 3415 2464 3477 atque
2487 3405 2658 3462 eruis.
2692 3403 2952 3460 Mundum
2997 3411 3172 3457 totum
3205 3411 3424 3457 tuarum
3471 3402 3646 3454 virtu-
3694 3397 3696 3400 ’

2069 3509 2186 3555 tum
2214 3498 2444 3554 ﬂoribus
2469 3497 2608 3552 bene
2658 3496 2901 3552 olentem
2936 3493 3130 3549 efﬁcis.
3189 3491 3398 3548 Ferens
3450 3490 3645 3548 salutis

2068 3591 2279 3654 ﬂorem,
2311 3588 2566 3644 eumdem
2601 3588 2840 3642 vitaliex
2888 3595 2941 3642 te
2967 3585 3222 3641 confecto
3258 3599 3398 3655 pane
3447 3583 3568 3637 alis.
3598 3584 3644 3636 A

2069 3690 2122 3736 te
2151 3682 2532 3737 indesinenter
2555 3679 2841 3743 beneﬁcia,
2869 3679 3026 3750 quasi
3068 3694 3137 3734 ex
3198 3677 3348 3732 fonte
3397 3683 3644 3738 manant,

2064 3773 2434 3847 jugique'illa
2494 3773 2770 3828 bonorum
2824 3772 3185 3843 scaturigine,
3245 3769 3645 3832 calamitatum,

2067 3881 2208 3936 quas
2238 3864 2498 3934 patimur,
2553 3861 2974 3932 impressionem
3006 3874 3099 3915 'ac
3137 3873 3363 3914 cursum
3395 3856 3644 3912 cohibes.

2067 3958 2416 4028 Dissipantur
2445 3953 2683 4009 tristitiae
2707 3954 2913 4018 nubila,
2934 3959 3063 4007 dum
3091 3951 3270 4006 nitore
3297 3958 3393 4003 tuo
3421 3962 3648 4004 serenas

2067 4052 2259 4107 vitam.
2290 4048 2573 4120 Fugantur
2601 4047 2780 4102 morbi
2812 4063 2827 4100 :
2864 4045 3236 4115 periculorum
3269 4051 3450 4098 terror
3478 4042 3535 4099 in
3559 4056 3650 4097 se-

2068 4143 2362 4198 curitatem
2394 4147 2772 4196 commutatur
2809 4156 2826 4193 :
2865 4139 3003 4192 nihil
3031 4153 3140 4192 non
3169 4135 3327 4192 adest
3346 4137 3644 4198 bonorum,

2067 4245 2127 4289 ut
2159 4233 2276 4303 ipsa
2307 4231 2444 4286 velis
2475 4246 2489 4282 :
2519 4230 2844 4300 nullumque
2867 4229 3071 4283 malum
3111 4228 3256 4298 quod
3277 4241 3383 4281 non
3415 4224 3646 4295 propul-

2066 4334 2239 4390 setur,
2269 4321 2432 4377 modo
2453 4336 2612 4392 opem
2645 4321 2859 4375 tuleris.
2887 4320 3097 4374 Annuit
3118 4318 3264 4374 enim
3291 4317 3344 4372 in
3364 4314 3645 4377 omnibus,

2068 4434 2132 4476 ac
2164 4426 2328 4489 perte
2349 4415 2535 4472 omnia
2557 4416 2811 4486 largitur,
2836 4415 2956 4485 qui,
2985 4422 3046 4468 ut
3078 4411 3344 4468 beneﬁcio
3374 4408 3645 4481 singulari

381 4502 478 4556 τὸν
528 4505 836 4576 ἀπέραντον
886 4509 1352 4580 διαπεραιουμένη
1411 4511 1524 4582 βίον
1550 4550 1567 4572 .
1618 4515 1774 4586 κοινῇ
1830 4531 1964 4582 προ-

2079 4511 2394 4581 ﬁgmentum
2439 4522 2599 4564 suum
2648 4505 2909 4569 alliceret,
2939 4505 2993 4559 in
3031 4504 3173 4558 hanc
3203 4510 3258 4557 te
3289 4501 3456 4555 vitam
3488 4499 3645 4554 nasci

383 4594 602 4666 ετρέψω
613 4598 1029 4670 πανηγυρίζειν,
1048 4599 1144 4664 οὖς
1157 4618 1217 4654 τε
1240 4602 1446 4664 ἐκεῖνος
1472 4604 1530 4656 ὲν
1553 4603 1752 4676 βαθείᾳ
1768 4604 1977 4679 γαλήνῃ

384 4688 842 4758 προσορμοὼτας
895 4691 1036 4760 ἔχει,
1091 4692 1187 4744 καὶ
1237 4693 1334 4758 οὓς
1386 4688 1542 4757 οὗτος
1593 4695 1849 4759 ἁστάτοις
1894 4696 1976 4749 ἔτι

382 4781 677 4848 περιφέρει
743 4783 864 4843 ταῖς
913 4782 1281 4856 παλιρροίαις.
1349 4785 1434 4855 Ὧς
1498 4785 1606 4855 γὰρ
1672 4785 1852 4840 αὐτῶν
1914 4803 1975 4839 τε

381 4866 724 4931 δεσπόζουσα
775 4871 872 4924 καὶ
929 4871 1106 4942 ἡμῶν,
1146 4873 1237 4943 ὑφ’
1289 4875 1560 4948 ἑκατέρας
1613 4874 1820 4947 λήξεως
1882 4877 1976 4930 ἀν-

386 4963 534 5030 υμνῇ
544 4998 558 5015 .

476 5230 643 5298 Ἀλλ’,
671 5226 718 5288 ὦ
764 5233 1030 5306 Παρθένε,
1069 5237 1162 5290 καὶ
1194 5238 1408 5309 Μῆτερ,
1445 5241 1477 5310 ἡ
1533 5241 1829 5310 παρθενίαν
1881 5243 1976 5296 καὶ

387 5324 576 5386 τόκον,
625 5323 694 5380 τὰ
755 5327 894 5380 πολὺ
950 5327 1124 5382 ταῦτα
1171 5328 1456 5394 διεστῶτα,
1486 5331 1581 5384 ἐπὶ
1613 5332 1699 5385 σοὶ
1749 5333 1970 5400 δείξασα

388 5414 669 5484 ἡνωμένα.
697 5411 768 5469 Ὦ
815 5418 1017 5488 σκέπη,
1078 5419 1174 5473 καὶ
1231 5419 1596 5490 καταφύγιον,
1628 5424 1725 5478 καὶ
1749 5424 1970 5496 ἄγκυρα

385 5508 595 5578 κόσμον
636 5507 758 5563 ὅλον
785 5512 845 5564 ὲν
875 5512 1041 5582 ἑαυτῇ
1068 5511 1345 5583 κρατοῦσά
1383 5531 1468 5580 τε,
1504 5514 1598 5570 καί
1627 5516 1968 5588 περισῶξουο

385 5616 481 5680 σα.
508 5599 657 5670 Αὕτη
724 5617 805 5655 σοι
835 5602 968 5673 παρ’
997 5603 1155 5674 ἡμῶν
1205 5604 1239 5676 ἡ
1289 5605 1386 5660 τοῦ
1424 5605 1587 5676 λόγου
1627 5609 1972 5680 προσένεξις,

383 5690 489 5760 τὴν
515 5689 637 5761 σὴν,
687 5692 816 5746 ὅσον
877 5694 1009 5762 ἡμῖν
1059 5693 1266 5765 ἐξήκει,
1320 5697 1541 5767 τιμῶσα
1592 5699 1968 5770 μετάστασιν·

386 5782 528 5854 πρὸς
559 5784 648 5854 ἢν,
687 5787 819 5858 παρ’
872 5786 1091 5852 ἐλπίδας
1151 5788 1261 5844 τῶν
1311 5790 1412 5846 οὐκ
1454 5785 1515 5846 εὗ
1542 5794 1642 5856 τὰς
1667 5793 1966 5864 ἡμετέρας,

2075 4603 2390 4666 concessit;
2442 4614 2508 4653 ex
2544 4611 2654 4668 quo
2704 4596 2962 4649 nimirum
2992 4595 3058 4649 ad
3089 4593 3550 4649 interminabilem
3582 4592 3649 4644 il-

2074 4690 2179 4744 lam
2238 4687 2621 4743 transmitteus
2675 4684 2871 4750 vitam,
2934 4684 3242 4740 communis
3282 4682 3409 4738 festi
3448 4681 3647 4753 gaudia

2074 4777 2380 4849 praebuisti,
2412 4784 2526 4830 tum
2549 4776 2618 4829 iis
2651 4789 2792 4844 quos
2830 4774 2940 4828 vita
2968 4773 3059 4827 illa
3109 4773 3164 4827 in
3209 4783 3426 4843 portum
3485 4785 3647 4826 recc-

2073 4883 2218 4940 ptos,
2247 4867 2356 4922 alta
2396 4866 2642 4921 fruentes
2689 4865 3089 4935 tranquillitate
3120 4864 3285 4920 habet
3327 4881 3341 4918 :
3403 4871 3520 4917 tum
3554 4861 3646 4930 iis,

2071 4976 2213 5032 quos
2236 4961 2342 5015 ista
2384 4957 2737 5014 instabilibus
2763 4965 2819 5011 et
2841 4957 3142 5027 reciprocis
3177 4956 3332 5026 quasi
3364 4955 3645 5016 ﬂuctibus,

2072 5055 2338 5108 hactenus
2360 5052 2768 5123 circumagitat.
2805 5049 2873 5106 Ut
2902 5049 3048 5104 enim
3087 5049 3308 5104 illorum
3333 5047 3561 5118 pariter,
3585 5059 3649 5100 ac

2074 5155 2259 5202 nostra
2289 5147 2538 5212 Domina,
2571 5147 2640 5200 ab
2670 5145 2921 5216 utrisque
2953 5143 3221 5199 laudaris.

2143 5240 2236 5305 At,
2270 5255 2304 5293 o
2333 5237 2518 5308 Virgo,
2546 5247 2600 5291 et
2635 5249 2826 5303 mater,
2881 5250 3004 5306 quae
3038 5235 3405 5306 virginitatem
3435 5241 3488 5288 et
3519 5247 3648 5304 par-

2073 5339 2210 5396 tum,
2251 5346 2341 5385 res
2380 5331 2462 5386 sic
2489 5331 2759 5395 diversas,
2791 5329 2846 5383 in
2874 5338 2929 5384 te
2958 5327 3292 5397 coniunctas
3329 5326 3647 5381 ostendisti.

2077 5420 2122 5478 0
2151 5422 2439 5493 protectio,
2479 5429 2535 5476 et
2585 5420 2917 5492 perfugium,
2961 5428 3126 5490 atque
3150 5421 3421 5482 anchora,
3467 5424 3645 5472 totum

2076 5517 2130 5571 iu
2172 5524 2223 5571 te
2266 5515 2532 5571 mundum
2581 5523 2775 5571 tenens
2819 5526 3292 5582 conservansque.
3350 5509 3469 5566 Hoc
3533 5525 3638 5578 ego

2077 5611 2350 5665 orationis
2380 5622 2586 5663 munus
2624 5607 2724 5662 tibi
2755 5606 2924 5671 dono,
2968 5614 3078 5659 tua}
3132 5601 3514 5660 translationis
3551 5616 3651 5672 pro

2074 5703 2286 5760 viribus
2317 5700 2654 5758 honorandae
2679 5699 2855 5772 gratia
2900 5712 2916 5754 :
2948 5697 3018 5754 ad
3037 5697 3199 5768 cujus
3217 5695 3649 5759 solemnitatem,

2085 5804 2282 5867 praeter
2310 5810 2462 5863 spem
2489 5808 2679 5851 eorum
2712 5791 2805 5863 qui
2827 5792 2944 5851 dies
2976 5791 3101 5851 vitae
3128 5797 3332 5850 nostrae
3350 5794 3520 5860 (quos
3548 5787 3649 5857 ipsi
