4086 6298
463 390 558 455 171

464 519 570 557 non

465 604 668 650 nostrae
726 581 1066 648 curriculum
1103 591 1306 646 durare
1357 590 1598 646 voluisti.
1634 588 1714 644 Tu
1749 603 1882 644 vero
1927 589 2047 643 vice

465 684 631 753 hujus
666 682 912 737 muneris
938 688 994 736 et
1047 681 1362 745 oblationis,
1401 681 1470 736 da
1520 680 1704 746 nobis,
1756 695 1868 734 non
1920 679 2045 732 vitae

469 776 860 848 longitudinem
893 778 1027 847 (non
1059 774 1195 829 adeo
1234 790 1353 829 eam
1386 787 1531 837 amo,
1595 787 1776 842 neque
1812 771 2045 826 insatia-

471 869 566 939 bili
598 867 873 922 desiderio
922 865 1087 934 hujus
1128 879 1330 918 amarae
1372 863 1765 933 navigationis,
1801 873 1855 917 et
1884 876 2045 932 quam

471 958 822 1027 conjunctam
855 957 1037 1022 habet,
1076 955 1414 1028 agitationis,
1442 955 1654 1023 teneor)
1689 970 1704 1007 :
1740 954 1859 1018 sed,
1889 955 1937 1009 si
1977 955 2052 1008 ita

472 1054 771 1114 decretum,
791 1066 891 1105 nos
923 1067 989 1105 ex
1007 1055 1109 1104 hac
1141 1049 1245 1103 vita
1267 1049 1591 1111 subducere,
1611 1048 1833 1116 largire,
1848 1055 1908 1101 ut
1925 1063 2055 1117 pec-

473 1151 717 1196 catorum
749 1143 987 1209 pondere
1010 1140 1177 1194 lever.
1205 1137 1361 1204 Quod
1384 1140 1427 1193 si
1451 1138 1660 1194 diutius
1683 1139 1734 1191 in
1757 1153 1923 1194 carne
1945 1155 2057 1192 ma-

475 1233 710 1286 nendum
731 1232 854 1295 erit,
875 1230 978 1285 etsi
999 1230 1103 1286 hoc
1122 1230 1238 1286 scio
1253 1230 1586 1301 quibusdam
1609 1231 1883 1300 ingratum
1918 1229 2056 1294 fore,

477 1337 534 1382 tu
563 1327 823 1393 concede,
869 1335 928 1381 ut
974 1335 1028 1381 et
1059 1326 1193 1397 ipsis
1223 1336 1277 1381 et
1313 1327 1474 1384 nobis
1509 1326 1792 1382 fructuose
1839 1339 2056 1395 gregem

477 1432 698 1488 pascam
721 1433 736 1484 ;
759 1415 1036 1487 simulque
1063 1432 1273 1472 mecum
1299 1432 1480 1488 pasce,
1519 1417 1628 1472 duc
1646 1424 1701 1472 et
1736 1417 1876 1471 educ
1905 1431 1974 1470 ne
1993 1414 2060 1468 ad

479 1510 712 1566 aliorum
750 1523 976 1580 operum
1022 1503 1294 1564 rationem
1350 1523 1609 1579 supremo
1643 1508 1737 1563 illo
1787 1508 2060 1573 examine,

481 1598 851 1655 damnationis
909 1607 1095 1654 reatus
1146 1609 1373 1670 propter
1388 1598 1637 1654 subditos
1663 1599 1890 1655 accedat
1920 1618 1933 1654 :
1967 1601 2061 1656 sed

484 1699 543 1746 ut
577 1707 770 1748 omnes
799 1692 945 1748 sicut
983 1693 1092 1756 hic,
1137 1693 1213 1747 ita
1260 1701 1316 1748 et
1359 1691 1430 1746 ibi
1468 1693 1842 1748 indesinenter
1865 1692 2062 1747 festum

483 1781 628 1836 diem
656 1791 975 1852 agamus,et
1002 1784 1337 1838 collaatemur
1369 1784 1424 1838 in
1459 1784 1549 1838 illa
1575 1786 2063 1855 primogenitorum

486 1873 846 1928 celebritate:
880 1875 935 1928 in
958 1874 1181 1930 Christo
1207 1873 1337 1930 Jesu
1368 1875 1744 1950 primogenito
1780 1885 1873 1930 tuo
1927 1873 2066 1930 Filio

493 1982 552 2020 ac
581 1965 810 2020 Domino
825 1967 1005 2022 omnis
1027 1974 1293 2022 creaturae
1325 1983 1525 2039 :quem
1553 1967 1709 2022 decet
1740 1968 1934 2038 gloria,
1971 1982 2071 2038 po-

487 2065 679 2124 testas,
701 2056 938 2112 honoret
959 2057 1207 2113 adoratio
1225 2061 1278 2114 in
1293 2061 1492 2114 saecula
1511 2060 1858 2115 saeculorum.
1878 2061 2069 2115 Amen.

1072 2171 1332 2228 ORATIO
1370 2172 1487 2228 XV.

491 2287 774 2343 Dominica
810 2298 929 2357 post
962 2287 1328 2351 Pentecosten;
1356 2289 1591 2357 ejusdem
1621 2290 1747 2357 imp.
1784 2290 1989 2351 Oratio,
2017 2289 2071 2342 in

562 2361 1004 2430 universwrterm
1034 2369 1250 2412 sanctos
1275 2361 1568 2422 universos,
1612 2359 1826 2430 quando
1868 2362 2072 2429 generis

563 2431 736 2483 nostri
767 2429 1158 2495 adversarium,
1181 2431 1293 2484 suis
1325 2430 1380 2484 in
1425 2429 1800 2488 certaminibus
1825 2440 2075 2498 prostra-

564 2510 770 2568 verunt,
801 2509 851 2554 et
873 2501 1185 2555 universalis
1213 2499 1311 2554 Dei
1340 2498 1584 2555 Ecclesia
1604 2500 1726 2555 illos
1755 2500 2000 2561 honorat.

1691 387 1969 447 LEONIS
2010 384 2472 446 PHILOSOPHI

648 499 1099 569 subministrant)
1166 514 1454 569 perperam
1510 497 1842 565 metiuntur,
1910 500 2084 558 vitae;

2183 493 2254 550 ἴον
2299 497 2400 549 οὐκ
2463 495 2569 548 εἰσὶ
2621 498 2868 567 χορηγοὶ,
2900 496 3000 565 τῆς
3048 494 3206 566 ἡμῶν
3255 495 3496 565 βιώσεως
3536 497 3720 565 ὲπιμευ

3621 383 3719 450 172

2147 588 2443 658 τρούντων,
2481 587 2573 642 τὸν
2631 587 2902 659 ⁴ἡμέτερον
2933 589 3047 659 βίον
3093 588 3382 659 διαρκέσαι
3405 587 3722 658 εὐδόκησας.

2151 687 2222 739 Σὺ
2256 685 2301 738 δ’
2335 685 2467 755 ἡμῖν
2521 684 2671 753 δοίης
2727 685 2849 739 ἀντὶ
2889 685 2990 754 τῆς
3036 674 3431 756 προσενέξεως,
3464 683 3526 736 οὐ
3555 683 3725 754 μῆκος

2153 777 2267 846 βίου
2306 777 2424 848 (οὑχ
2474 776 2646 840 οὕτως
2695 776 2827 849 ὲρῶ,
2857 776 2969 830 οὐδ’
3007 776 3323 846 ἀκορέστως
3349 775 3458 846 ἔχω
3507 773 3604 828 τοῦ
3631 773 3727 827 ἀλ-

2157 867 2331 939 μυροῦ
2379 869 2569 921 τούτου
2622 867 2781 934 πλοῦ,
2843 870 2935 922 καὶ
2981 869 3081 938 τῆς
3115 867 3353 922 ἐνταῦθα
3376 866 3724 940 περιφορᾶς),

2155 961 2272 1014 ἀλλ’
2306 962 2356 1014 εί
2389 960 2644 1029 κέκριται
2673 959 3098 1031 μεταναστεύειν
3151 961 3320 1029 ἡμᾶς,
3373 959 3466 1012 τοῦ
3534 960 3730 1030 φόρτου

2153 1053 2263 1106 τῶν
2311 1051 2728 1124 ἁμαρτημάτων
2772 1052 2872 1123 τὴν
2917 1052 3282 1123 ἐλαφρότητα.
3316 1052 3379 1105 Ei
3409 1052 3466 1106 δὲ
3493 1035 3608 1106 καὶ.Δ
3631 1046 3732 1116 ἔτι,

2157 1143 2264 1198 κᾶν
2291 1143 2370 1207 είς
2393 1142 2560 1213 ἀχθος
2594 1143 2757 1205 ἐνίοις
2779 1143 2841 1197 τό
2874 1159 2958 1213 γε,
2987 1143 3332 1214 παραμένειν
3356 1142 3437 1196 δεῖ
3451 1146 3518 1216 τῇ
3547 1144 3732 1213 σαρκὶ,

2159 1235 2296 1288 ἀλλὰ
2319 1233 2383 1288 σύ
2421 1253 2487 1303 γε
2558 1235 2864 1309 παράσχοις
2910 1234 3205 1298 λυσιτελῶς
3270 1235 3454 1299 αὐτοῖς
3510 1251 3592 1298 τε,
3647 1234 3739 1288 καὶ

2161 1328 2291 1397 ἡμῖν
2329 1327 2616 1397 ποιμένειν
2667 1327 2728 1380 τὸ
2781 1327 3055 1398 ποίμνιον,
3119 1325 3259 1396 αὐτὴ
3289 1325 3382 1379 καὶ
3433 1323 3740 1397 συμποιμέ-

2161 1434 2350 1483 νουσα,
2402 1418 2497 1471 καὶ
2551 1416 2977 1484 συνδιεξάγουσα
3005 1431 3022 1449 ο
3073 1415 3150 1479 ὡς
3172 1415 3239 1469 ἂν
3271 1415 3346 1486 μὴ
3381 1414 3478 1468 ἐπὶ
3505 1417 3573 1487 τῇ
3632 1412 3740 1469 τῶν

2163 1509 2341 1582 ἔργων
2375 1508 2688 1581 είσπράξει,
2718 1510 2860 1579 καὶή
2889 1509 3034 1580 ὑπὲρ
3071 1509 3300 1562 ἐκείνων
3325 1506 3617 1579 προσέλθοι
3641 1524 3742 1562 κα-

2166 1603 2417 1673 τάκρισις
2451 1614 2468 1631 ⁸
2507 1598 2755 1668 ἀξιοῦσα,
2811 1601 3021 1664 πάντας
3060 1599 3178 1671 ἀμα
3223 1599 3501 1664 κακεῖθεν,
3557 1597 3747 1670 ὥσπερ

2168 1699 2262 1749 καὶ
2282 1695 2534 1750 ἐντεῦθεν
2556 1695 2814 1766 ἀλήκτως
2863 1695 3166 1766 ἑορτάζειν,
3216 1694 3313 1747 καὶ
3351 1692 3746 1762 συνευφραίνε-

2172 1786 2296 1841 σθαι
2325 1788 2384 1840 ὲν
2413 1789 2479 1860 τῇ
2513 1787 2822 1858 πανηγύρει
2853 1788 2964 1840 τῶν
2996 1787 3379 1858 πρωτοτόκων.
3407 1784 3499 1838 Ἒν
3529 1783 3751 1855 Χριστῷ

2182 1874 2355 1946 Ἰησοῦ
2387 1876 2464 1948 τῷ
2484 1876 2563 1946 σῷ
2602 1878 2934 1950 πρωτοτόκῳ
2958 1877 3206 1948 Υίῷ,καὶ
3234 1876 3426 1947 Κυρίῳ
3445 1875 3628 1946 πάσης
3655 1875 3752 1945 τῆς

2169 1969 2403 2034 κτίσεως
2429 1985 2443 2000 ·
2475 1963 2522 2034 ᾧ
2559 1971 2765 2042 πρέπει
2809 1970 2957 2036 δόξα,
3001 1971 3226 2042 κράτος,
3282 1970 3417 2040 τιμὴ
3463 1967 3559 2022 καὶ
3584 1984 3755 2038 προσ-

2169 2063 2397 2136 κύνησις
2427 2065 2512 2126 είς
2547 2065 2676 2128 τοὺς
2699 2064 2903 2128 αίῶνας
2924 2064 3034 2118 τῶν
3069 2062 3301 2118 αἰώνων.
3356 2061 3557 2132 ’κλμ-ἒν.

2791 2183 3010 2238 ΛΟΓΟΣ
3036 2186 3136 2239 IE'.

2171 2296 2436 2367 Κυριακῇ
2479 2298 2641 2366 μετὰ
2695 2299 2811 2365 τὴν
2879 2299 3326 2367 Πεγτηκοστήν.
3382 2298 3491 2352 Τοῦ
3553 2291 3755 2367 ,αὑτοῦ

2239 2366 2423 2436 λόγιος
2443 2372 2530 2435 είς
2556 2370 2701 2439 τοὺς
2723 2366 3076 2438 ἁπανταχοῦ
3105 2371 3211 2439 τῆς
3245 2371 3454 2437 ἁγίους
3481 2366 3714 2439 πάντας
3740 2378 3752 2392 ³

2247 2439 2346 2493 ὅτε
2377 2439 2493 2509 τὸν
2541 2438 2854 2507 ἀλάστορα
2901 2436 3008 2494 τοῦ
3049 2436 3265 2509 τέγους
3290 2436 3760 2509 οἰκείοις-ἄθλοις

2248 2507 2605 2588 κατέϐαλον,
2634 2508 2735 2564 καί
2774 2505 2818 2577 ἢ
2851 2505 3597 2580 πατκόὰμιοξῈκκλησία
3616 2505 3754 2560 τού-

2243 2596 2390 2645 τους
2413 2595 2573 2648 τιμᾳ.

1732 2684 2052 2752 (Caussa,
2082 2695 2121 2744 t.
2143 2687 2261 2754 XV,
2294 2705 2347 2760 p.
2374 2689 2524 2760 329.)

569 2786 744 2839 Antea
778 2783 1019 2854 Spiritus
1059 2782 1236 2837 sancti
1269 2780 1336 2836 ad
1373 2781 1624 2838 homines
1662 2781 1957 2837 adventum
1985 2797 2080 2836 ce-

500 2877 874 2942 lebrabamus,
904 2875 1086 2934 Verbo
1111 2876 1223 2946 jam
1253 2875 1320 2930 ad
1350 2890 1580 2945 superas
1615 2875 1776 2931 sedes
1811 2873 2080 2945 proiecto.

500 2967 661 3026 Nunc
696 2967 898 3034 festum
932 2967 1078 3024 diem
1105 2967 1264 3024 nobis
1297 2968 1645 3023 constituunt
1674 2950 1939 3022 ministri
1967 2982 2084 3020 ser-

503 3057 705 3124 monis,
737 3058 832 3129 qui
859 3059 1030 3133 variis
1066 3059 1358 3115 tormentis
1382 3072 1624 3129 corpore
1651 3073 1752 3114 suo
1779 3058 2083 3113 exentciati

505 3159 658 3213 sunt,
691 3158 751 3204 ιιι
773 3149 971 3204 animae
1014 3149 1210 3206 stolam
1252 3152 1516 3206 intactam
1543 3150 1913 3206 custodirent.
1955 3150 2083 3203 Heri

505 3255 727 3296 sacrum
767 3240 917 3297 diem
948 3241 1160 3313 egimus
1200 3239 1508 3310 Pa'racleto,
1556 3242 1651 3311 qui
1706 3242 1774 3297 ad
1805 3243 2087 3314 apostolos

501 3331 814 3400 descendit,
846 3338 901 3388 et
927 3347 1024 3403 per
1049 3333 1199 3402 ipsos
1233 3333 1378 3389 velut
1401 3335 1737 3406 perennibus
1760 3337 2088 3406 quibusdam

507 3425 689 3482 ﬂuviis
715 3434 891 3482 totum
915 3434 1189 3481 terrarum
1211 3427 1402 3482 orbem
1436 3429 1710 3500 irrigavit.
1741 3428 1914 3485 Hodie
1936 3445 2090 3484 reco-

509 3521 676 3576 limus
711 3519 1054 3575 immortales
1071 3520 1193 3574 illos
1222 3519 1501 3586 ﬂosculos,
1527 3529 1815 3592 martyres,
1842 3521 2088 3590 inquam,

511 3626 650 3681 quos
694 3621 841 3666 terra
887 3610 1107 3680 quidem
1157 3610 1434 3674 submisit,
1469 3617 1524 3665 at
1558 3611 1756 3666 ccclum
1791 3611 1901 3681 jam
1936 3627 2091 3668 rece-

511 3705 612 3774 pit.
653 3703 915 3773 Sed'quae
968 3701 1154 3772 lingua
1189 3702 1272 3757 his
1307 3701 1671 3758 decantandis
1713 3702 1848 3759 satis
1877 3712 1960 3758 est
2000 3718 2092 3758 so—
2150 3706 2154 3710 “

512 3796 688 3850 nora?
711 3809 834 3864 quae
872 3809 1032 3851 mens
1058 3793 1195 3848 satis
1225 3794 1458 3848 idonea?
1485 3793 1639 3860 Quod
1663 3794 1709 3848 si
1739 3809 1848 3864 qua
1881 3796 2092 3865 angelis

513 3893 599 3940 est
665 3885 872 3956 lingua,
933 3900 1055 3940 eam
1089 3885 1379 3955 oportebat
1412 3887 1604 3939 borum
1668 3885 1859 3942 laudes
1887 3894 2092 3942 texere.

513 3981 613 4036 llis
648 3980 797 4036 enim
849 3977 944 4050 qui
990 3977 1195 4032 luctam
1234 3993 1402 4048 supra
1454 3989 1666 4033 naturae
1714 3978 1860 4032 vires
1905 3978 2095 4032 luctati

513 4081 669 4135 sunt,
695 4070 973 4140 quomodo
1005 4085 1104 4140 pro
1137 4070 1351 4124 meritis
1390 4076 1444 4124 et
1478 4069 1748 4138 dignitate
1804 4080 2098 4125 censeatur

517 4165 608 4219 illa
638 4163 904 4224 laudatio.
933 4176 1100 4232 quam
1149 4171 1346 4215 natura
1376 4159 1650 4215 instituit?
1697 4159 2098 4230 Vcrumplane

516 4255 857 4312 credendum
913 4263 1017 4318 εει,
1049 4254 1280 4309 eximios
1319 4253 1419 4307 hos
1468 4253 1702 4308 athletas
1732 4253 1996 4310 celebrari
2028 4253 2096 4308 ab

517 4346 750 4416 angelis,
781 4361 865 4412 ea,
897 4359 1063 4416 quam
1090 4343 1194 4414 ipsi
1244 4353 1436 4412 agunt,
1469 4343 1851 4410 solemnitate;
1902 4343 1998 4400 sed
2027 4359 2097 4398 an

519 4440 645 4493 ideo
674 4454 891 4509 aequum
917 4439 1046 4504 erit,
1082 4445 1140 4492 ut
1175 4453 1277 4493 nos
1304 4437 1396 4506 qui
1425 4437 1479 4490 in
1504 4445 1649 4490 terra
1677 4436 1949 4507 degimus,
1969 4437 2097 4506 quia

2253 2784 2526 2856 Πρότερον
2559 2784 2594 2854 ἡ
2626 2782 2720 2837 τοῦ
2756 2785 3023 2852 παναγίου
3061 2782 3380 2854 Πνεύματος
3432 2778 3756 2851 ὲπανηγυρί-

2180 2873 2306 2937 ζετο
2344 2876 2483 2946 πρὸς
2509 2875 2830 2943 ἀνθρώπους
2877 2875 3163 2946 ἐπιδημία,
3215 2874 3320 2944 ’ήδη
3342 2871 3441 2926 τοῦ
3467 2871 3645 2940 Λόγου
3667 2869 3762 2940 τὴν

2180 2969 2262 3029 είς
2292 2968 2554 3040 οὐρανοὺς
2580 2967 2767 3023 ἄνοδον
2799 2967 3188 3036 τελεσαμένου.
3224 2966 3340 3020 Νῦν
3363 2966 3497 3035 ἡμῖν
3529 2978 3764 3033 συγκρο-

2180 3058 2336 3112 τοῦσι
2364 3060 2466 3130 τῆς
2513 3059 2713 3131 ἑορτῆς
2767 3059 2869 3132 τὴν
2927 3059 3186 3113 ὑπόθεσιν
3229 3059 3279 3111 οί
3333 3056 3612 3128 ὑπηρέται
3667 3051 3763 3106 τοῦ

2112 3181 2156 3240 C
2187 3150 2350 3217 λόγου
2397 3151 2675 3215 ποικίλαις
2717 3151 2969 3222 βασάνων
3016 3149 3188 3216 ίδέαις
3211 3151 3304 3204 τὸν
3327 3149 3655 3221 δερμάτινον
3683 3163 3769 3215 χι-

2189 3245 2336 3298 τῶνα
2391 3244 2790 3310 διαξανθὲντες,
2850 3246 2940 3300 ἵνα
2980 3245 3042 3298 τὸ
3069 3246 3330 3315 ἀκέραιον
3354 3245 3420 3313 τῇ
3465 3241 3626 3312 στολῇ
3674 3241 3774 3308 τῆς

2187 3336 2366 3407 ψυχῆς
2400 3339 2824 3408 συντηρήσωσι·
2888 3339 3018 3410 χθὲς
3065 3336 3156 3413 τὸν
3213 3331 3772 3408 Παράκλητονὲθειά-

2190 3429 2377 3497 ζομεν,
2407 3428 2745 3499 ἐνδημοῦντα
2790 3432 2904 3493 τοῖς
2949 3427 3290 3492 ἀποστόλοις,
3321 3427 3418 3480 καὶ
3443 3426 3511 3480 δι’
3572 3422 3775 3485 αὐτῶν,

2190 3519 2380 3591 ὥσπερ
2399 3520 2510 3573 τισὶ
2542 3521 2810 3589 ποταμοῖς
2840 3519 3057 3583 ἀενάοις
3079 3518 3178 3587 τὴν
3205 3519 3357 3571 οίκου
3367 3518 3536 3588 μένην
3558 3514 3781 3587 ἀρδείας

2193 3610 2528 3683 πληροῦντα.
2569 3610 2842 3682 Σήμερον,
2871 3611 2942 3666 τὰ
2976 3611 3270 3683 ἁμάραντα
3324 3609 3484 3679 ἄνθη,
3515 3608 3552 3663 θ.
3578 3607 3652 3678 γῆ
3683 3608 3782 3678 μὲν

2193 3705 2554 3771 ἐξανέτειλεν,
2586 3703 2968 3772 ὑπεδέξατο-δὲ
2997 3703 3249 3776 οὐρανὸς,
3302 3703 3429 3766 τοὺς
3472 3702 3777 3772 μάρτυρας-

2207 3795 2367 3850 Ἀλλά
2399 3795 2482 3859 τίς
2527 3796 2723 3866 εὖηχος
2788 3796 3047 3864 γλῶσσα;
3084 3796 3168 3857 τίς
3187 3793 3418 3865 διαρκὴς
3447 3792 3591 3857 νοῦςς
3645 3790 3784 3860 πρὸς

2194 3887 2499 3958 εὺςρημίανς
2528 3888 2581 3941 εί
2606 3905 2688 3952 τις
2721 3887 2830 3960 ἄρα
2852 3887 2975 3942 ἐστὶ
3019 3886 3241 3957 γλῶσσα
3277 3886 3550 3954 ἀγγέλων,
3577 3883 3787 3951 ταύτην

2195 3981 2361 4051 ἐχρῆν
2387 3981 2703 4036 διαπλέκειν
2751 3979 2851 4049 τὴν
2900 3975 3204 4052 εὐφημίαν·
3256 3973 3338 4041 οἷς
3359 3977 3470 4048 γὰρ
3498 3976 3638 4046 ὑπὲρ
3678 3974 3787 4042 φύ-

2199 4092 2303 4139 σιν,
2355 4075 2389 4143 ὴ
2445 4074 2614 4144 πάλη,
2671 4073 2792 4138 πῶς
2840 4072 3058 4137 τούτοις
3104 4070 3366 4143 ἀποχρῶν
3425 4070 3565 4141 πρὸς
3619 4067 3786 4138 τιμὴν

2198 4166 2392 4236 ὀφθείη
2425 4166 2537 4230 δὲκ
2570 4164 2671 4235 τῆς
2700 4165 2920 4233 φύσεως
2947 4164 3207 4228 ἔπαινοςς
3243 4161 3361 4217 ἀλλ’
3412 4161 3637 4232 ἄγγελοι
3652 4160 3789 4214 πάν-

2198 4278 2304 4322 τως
2354 4261 2420 4330 τῇ
2478 4258 2601 4312 καθ’
2645 4257 2876 4320 ἑαυτοὺς
2937 4255 3274 4326 πανηγίῳει,
3326 4254 3454 4316 τοὺς
3481 4252 3789 4322 ὑπερφυεῖς

2198 4351 2402 4422 τιμῶσι
2428 4349 2711 4419 γεννάδας.
2747 4349 2838 4418 Μή
2867 4365 3003 4403 ποτε
3031 4348 3089 4401 δὲ
3118 4348 3220 4417 οὐχ
3266 4346 3437 4413 ὅσιον,
3459 4345 3612 4415 ἡμᾶς
3657 4344 3789 4407 τοὺς

2199 4444 2258 4496 ὲν
2295 4444 2387 4511 γῇ,
2419 4443 2500 4496 ὅτι
2527 4441 2601 4512 μὴ
2628 4441 2728 4510 τῆς
2751 4439 2910 4506 ἀξίας
2944 4437 3341 4509 ὲφικνούμεθα,
3368 4437 3471 4509 ἢδη
3502 4434 3789 4499 παντελῶς

520 4532 756 4588 dicendo
789 4539 995 4584 tantam
1028 4529 1409 4584 excellentiam
1450 4541 1670 4596 aequare
1693 4543 1802 4581 non
1830 4527 1979 4594 licet,
2006 4543 2084 4598 pe-

2207 4533 2596 4604 κατολιγωρείν
2617 4533 2715 4601 τῆς
2747 4530 2939 4602 τιμῆς,
2985 4531 3186 4602 χρῆναι
3218 4529 3275 4583 δὲ
3321 4527 3525 4600 μᾶλλον
3580 4543 3794 4582 συνεισ-

522 4622 672 4679 nitus
698 4622 766 4676 ab
792 4622 987 4675 horum
1024 4622 1175 4674 cultu
1205 4628 1261 4675 et
1287 4621 1496 4674 honore
1526 4618 1884 4684 desistamus,
1910 4629 1964 4673 et
1991 4633 2100 4673 non

524 4720 728 4786 potius,
761 4716 1028 4787 quidquid
1061 4718 1208 4771 vires
1261 4715 1467 4779 ierunt,
1507 4712 1761 4769 conferre
1794 4716 2104 4768 tentemus?

521 4808 694 4879 Igitur
725 4808 792 4862 ad
833 4808 1122 4864 exordium
1151 4806 1405 4862 oratione
1458 4814 1735 4872 revocata,
1778 4819 1895 4860 rem
1927 4805 2102 4874 ipsam

524 4900 930 4972 aggrediamur.

597 4994 790 5063 Itaque
813 5008 939 5047 cum
967 4991 1082 5062 jam
1110 4990 1296 5046 divina
1330 4988 1576 5060 cognitio
1597 4988 1808 5043 animas
1833 4987 2105 5058 irrigaret,

525 5086 739 5141 aridum
767 5102 991 5156 prorsus
1017 5094 1074 5139 et
1103 5086 1284 5140 omnis
1311 5084 1562 5139 humoris
1585 5098 1780 5152 expers
1809 5080 2108 5136 humanum

528 5195 701 5247 genus
733 5180 972 5243 vivebat,
998 5179 1128 5247 quin
1153 5177 1300 5234 etab
1328 5175 1658 5232 idololatria:
1681 5172 2112 5245 cultusquegina-

530 5275 681 5327 nium
715 5272 944 5327 deorum
975 5274 1194 5326 llamma
1219 5270 1632 5332 absumebatur,
1676 5278 1732 5323 et
1758 5282 1880 5339 quae
1911 5281 1942 5321 a
1973 5258 2112 5321 con;

528 5367 706 5421 ditore
743 5363 918 5420 indita
956 5371 1115 5421 erant
1165 5363 1403 5428 semina,
1439 5377 1547 5418 non
1601 5368 1858 5431 poterant
1901 5367 2111 5413 naturae

527 5459 959 5524 consentaneos,
1007 5467 1061 5513 et
1110 5456 1302 5527 quales
1329 5471 1398 5512 ex
1444 5454 1865 5526 probosemine
1891 5451 2112 5524 prodire

527 5551 730 5615 solent,
764 5549 979 5605 fructus
1011 5548 1294 5619 proferre;
1320 5545 1424 5604 sed
1439 5545 1704 5618 quidquid
1735 5551 2110 5610 succreverat,

530 5642 586 5696 id
614 5644 964 5714 peregrinum
992 5651 1047 5697 et
1095 5642 1330 5698 alienum
1360 5651 1501 5708 erat,
1533 5652 1589 5695 et
1619 5647 1777 5696 ortus
1806 5638 1893 5695 sui
1936 5637 2113 5694 mani-

530 5735 758 5791 festiora
779 5735 1190 5801 dabatindicia,
1225 5750 1390 5808 quam
1429 5733 1643 5791 soleant
1678 5740 1928 5789 monstra
1969 5747 2111 5803 prae-

531 5829 662 5886 bere
703 5831 1035 5888 documenta
1066 5830 1242 5888 morbi
1276 5843 1491 5900 eorum,
1545 5845 1575 5886 a
1610 5827 1821 5901 quibus
1845 5841 2110 5900 progene-

2208 4626 2474 4693 ενεγκείν,
2507 4623 2632 4675 ὅσον
2660 4617 2795 4694 ἧκεν
2827 4623 2907 4686 είς
2929 4620 3156 4692 δύναμιν
3176 4636 3192 4686 ;
3214 4617 3452 4685 Οὐκοῦν,
3484 4617 3676 4690 ὥσπερ
3710 4619 3792 4682 είς

2210 4717 2386 4786 ἀρχήν
2447 4729 2570 4767 τινα
2635 4714 3078 4783 καταστήσαντες
3116 4711 3209 4765 τὸν
3262 4710 3440 4781 λόγον,
3491 4709 3588 4764 τοῦ
3628 4711 3792 4780 ἔργου

2212 4803 2610 4876 ἑπιληψόμεθα.

2281 4993 2419 5063 Ἤδη
2449 4993 2545 5063 μὲν
2572 4991 2664 5046 οὖν
2698 4992 2797 5059 τῆς
2826 4989 3168 5062 ὲπαρδούο-ης
3227 4988 3383 5053 θείας
3413 4987 3672 5058 γνώσεως
3695 4985 3796 5049 τὰς

2207 5083 2406 5155 ψυχὰς,
2455 5084 2684 5153 ἀνικμον
2726 5078 2795 5153 ἦν
2825 5081 3106 5146 παντελῶς
3139 5080 3201 5134 τὸ
3245 5078 3612 5153 ἀνθρώπινον,
3647 5078 3796 5132 εἰδω-

2210 5168 2475 5239 λομανίας
2506 5168 2563 5223 δὲ
2609 5169 2877 5223 ὲκέκαυτο
2913 5170 3068 5241 πυρὶ,
3096 5167 3168 5222 τὰ
3188 5166 3249 5222 δὲ
3287 5167 3576 5223 ἐντεθέντα
3641 5167 3796 5238 παρὰ

2211 5261 2308 5317 τοῦ
2360 5261 2695 5334 δημιουργοῦ
2759 5261 3036 5333 σωτηρίας
3079 5261 3393 5332 σπέρματα,
3439 5253 3639 5327 οὐδ”ἧν
3668 5256 3797 5312 ἀνα-

2216 5355 2368 5426 σχεῖν
2422 5353 2658 5426 βλάστην
2699 5353 2932 5424 γνησίαν
2966 5353 3069 5425 τῆς
3121 5351 3365 5422 φύσεως,
3410 5349 3522 5404 οὐδ’.
3550 5345 3641 5404 οἷα
3661 5366 3798 5419 προ-
3830 5394 3831 5397 η

2216 5449 2364 5504 ἔλθοι
2398 5449 2466 5504 ἂν
2499 5447 2814 5520 σπέρματος
2874 5444 3106 5516 ἀγαθοῦ,
3147 5445 3285 5500 ἀλλὰ
3317 5445 3449 5512 πᾶν,
3503 5443 3643 5512 ὅπερ
3673 5439 3799 5496 ἔπε-

2222 5542 2388 5612 φύκει
2434 5540 2738 5613 ἀλλότριον,
2778 5539 2875 5595 καὶ
2905 5538 3056 5604 ξένον
3081 5532 3151 5610 ἦν
3174 5536 3563 5608 γνωρίσματος
3591 5535 3797 5589 οἰκείου

2173 5712 2179 5722 ι
2220 5635 2406 5702 πλέον,
2446 5633 2482 5707 ἢ
2512 5633 2654 5704 νόσῳ
2691 5630 2894 5706 [νόσου]
2938 5629 3065 5686 τῶν
3115 5627 3436 5698 γεννώντων
3482 5628 3552 5682 τὰ
3573 5627 3794 5700 τέρατα.

2219 5725 2525 5798 Δαιμονίων
2571 5724 2679 5797 γὰρ
2733 5722 2911 5776 ἔτικτε
2973 5718 3340 5793 θεραπευτὰς,
3373 5720 3468 5772 καὶ
3495 5718 3556 5771 οὐ
3573 5718 3673 5789 τῆς
3709 5717 3800 5786 δη-

2219 5819 2484 5895 μιουργοῦ
2538 5820 2647 5876 τῶν
2695 5818 2832 5874 ὅλων
2863 5815 3065 5886 αἰτίας,
3128 5813 3385 5872 ἁπάντων
3415 5809 3800 5871 καταλελοιπό-
