4108 6306
277 321 377 422 173

1283 363 1568 425 onum
1586 364 1715 426 xv.
1742 390 1814 402 -
1835 321 1929 429 ΙΝ
1959 365 2219 429 OMNES
2258 367 2612 430 SANCTOS.

3463 363 3567 431 174

270 481 380 533 των
410 467 618 538 μικροῦ
648 467 761 522 δεῖν
775 469 1081 542 ἀνθρώπων
1111 471 1213 543 τὴν
1248 470 1346 526 τοῦ
1378 471 1517 526 Θεοῦ
1538 473 1728 542 τιμὴν,
1774 472 1872 528 καὶ

1988 484 2095 527 rata
2141 480 2295 529 sunt.
2325 472 2641 528 Dzemouum
2675 473 2821 528 enim
2853 473 3116 554 pariebat
3153 475 3422 544 cultores,
3454 492 3565 532 non
3650 515 3659 526 .

273 560 410 632 πρὸς
457 561 709 625 ἐκείνους
745 563 1230 633 μεταταξαμένων.
1299 565 1455 618 Ἐπεὶ
1480 563 1526 618 δ’
1554 564 1583 617 ό
1601 564 1661 630 ἐξ
1683 564 1862 634 ἀρχῆς

272 651 483 716 πλάσας
515 651 584 707 δι’
606 645 791 706 οἶκτον
828 654 920 707 τὸν
948 654 1258 725 ἄνθρωπον,
1314 654 1416 709 ούκ
1453 653 1616 725 ἔφερε
1639 653 1862 724 βλέπειν

266 745 362 816 τὴν
394 745 677 814 τοσαύτην
731 746 826 799 ἐπὶ
884 745 953 800 τὰ
999 746 1170 817 χείρω
1199 745 1394 820 ῥοπὴν,
1417 748 1538 800 οὐδὲ
1567 746 1669 817 τὴν
1719 745 1863 800 οὕτω

270 836 474 904 πικράν
512 837 612 890 τοῦ
673 837 1000 908 πλάσματος
1047 838 1362 910 τυραννίδα,
1414 838 1531 893 ἀλλ’
1565 838 1862 910 εὐδόκησεν

266 929 428 994 αὐτὸς
472 929 771 999 γενόμενος
796 929 1111 1001 ἄνθρωπος,
1168 932 1228 984 ὲν
1285 931 1464 1002 ὁμοίῳ
1493 932 1735 1003 σχήματι
1767 935 1865 988 ὲπ-

266 1019 500 1090 αμύνειν
539 1019 872 1093 ἀνθρώποις,
912 1020 1036 1093 ἄρτι
1069 1023 1175 1094 μὲν
1207 1021 1354 1076 θείου
1391 1023 1605 1094 ῥανίσιν
1632 1025 1865 1095 αἵματος

269 1113 644 1168 ἀπεσϐέννυτο
673 1115 777 1185 τῆς
841 1115 1233 1185 είδωλομανίας
1266 1116 1300 1187 ἡ
1333 1114 1487 1186 φλὸξ,
1553 1117 1864 1190 ἑδροσίζετο

264 1208 318 1260 δὲ
347 1209 380 1279 ή
414 1206 536 1262 τῶν
568 1206 874 1278 ἀνθρώπων
907 1207 1091 1278 φύσις,
1120 1208 1217 1263 καὶ
1247 1209 1391 1264 κατὰ
1426 1207 1602 1281 βραχὺ
1628 1209 1861 1265 πίνουσα

268 1297 371 1350 τῶν
430 1298 740 1368 σταγόνων,
785 1298 1019 1369 ἀνέφερε
1064 1297 1205 1371 πρὸς
1249 1297 1473 1372 ἑαυτὴν,
1499 1301 1594 1352 καὶ
1615 1300 1875 1368 καρποὺς

267 1388 538 1460 ὲνηνόχει,
609 1389 713 1443 οὐκ
770 1387 1111 1457 ἀλλοτρίους,
1170 1387 1285 1442 ἀλλ’
1340 1389 1620 1454 ἐοικότας,
1675 1382 1758 1452 οἷς
1803 1388 1865 1455 ἐξ

275 1481 448 1554 ἀρχῆς
476 1484 507 1536 ό
536 1482 886 1555 γεωργήσας,
921 1481 1056 1553 ἡμῖν
1075 1479 1406 1549 ἐγκατέθετο
1433 1479 1735 1552 σπέρμασι.
1755 1479 1867 1533 Kal.

266 1575 363 1647 ἢδη
397 1576 501 1647 μὲν
529 1574 1018 1645 κατεπεφρόνηντο
1045 1571 1323 1642 δαίμονες,
1360 1571 1592 1643 ἐπανῄει
1631 1571 1687 1624 δὲ
1729 1572 1869 1643 πρὸς

269 1668 358 1722 τὸν
416 1658 674 1737 Κτίστην
725 1665 762 1738 ὴ
794 1662 929 1737 τιμὴ
993 1661 1179 1727 καλῶς
1227 1663 1334 1717 ἀπὸ
1383 1662 1495 1717 τῶν
1548 1661 1868 1733 κτισμάτων

268 1757 652 1830 ἀναχωροῦσα.
680 1755 851 1811 Τοῦτο
869 1750 963 1810 οὖν
995 1754 1227 1824 ἐπείπερ
1278 1754 1553 1823 ἐγεγόνει,
1589 1750 1862 1824 ἤσχαλλεν

1962 563 2105 633 eius,
2135 565 2232 635 qui
2263 564 2523 620 universa
2555 563 3166 645 procreavitmmrnibus
3189 566 3364 623 ferme
3389 567 3572 622 homi-

1962 655 2148 720 nibus,
2193 655 2262 711 ad
2291 656 2607 712 damonum
2633 657 2869 720 cultum,
2918 655 3041 712 DElO
3067 657 3355 726 derelicto,
3383 666 3571 715 trans-

1961 750 2195 823 gressis.
2227 748 2528 821 Postquam
2580 765 2713 806 vero
2740 750 2810 816 is,
2844 749 2940 821 qui
2962 754 3040 808 ab
3074 752 3235 807 initio
3265 750 3572 815 hominem,

1964 841 2343 898 misericordia
2377 824 2581 908 motus,
2619 842 2910 907 formarat,
2939 844 3244 909 non.tulit,
3278 853 3342 900 ut
3377 845 3445 900 ad
3479 845 3576 898 de-

1964 929 2170 986 teriora
2202 945 2420 1000 semper
2461 931 2872 1001 prolaberetur,
2903 940 2958 988 et
2998 939 3122 987 tam
3169 933 3309 988 duro
3335 933 3579 989 servitu-

1967 1019 2037 1074 tis
2076 1019 2212 1092 jugo
2261 1020 2587 1091 ﬁgmentum
2651 1036 2815 1077 suum
2865 1022 3320 1094 opprimetretur;
3381 1023 3578 1080 statuit

1965 1110 2203 1181 ipsemet
2234 1112 2357 1191 opis
2417 1113 2664 1169 ferenda:
2714 1128 2907 1181 causa,
2966 1114 3278 1171 humanam
3322 1122 3571 1171 naturam

1966 1201 2220 1268 induere,
2260 1212 2317 1260 et
2348 1204 2516 1261 simili
2554 1205 2659 1262 sub
2698 1205 2942 1277 imagine
2972 1206 3120 1262 inter
3153 1207 3420 1269 mortales
3445 1223 3574 1264 ver-

1967 1296 2106 1352 sari.
2145 1295 2213 1350 Et
2231 1296 2344 1367 jam
2381 1298 2554 1367 guttis
2584 1297 2758 1353 divini
2795 1297 3086 1369 sanguinis
3113 1297 3575 1375 exstinguebatur

1968 1388 2298 1445 idololatriae
2349 1389 2592 1455 ﬂamma,
2644 1398 2700 1446 et
2737 1404 2863 1446 rore
2893 1390 3109 1446 cmlesti
3135 1391 3575 1460 perfundebatur

1969 1478 2213 1535 humana
2241 1488 2465 1546 natura,
2506 1480 2897 1552 paulatimque
2924 1480 3106 1536 stillas
3133 1481 3482 1547 combibens,
3504 1483 3572 1538 ad

1971 1572 2209 1644 seipsam
2239 1574 2516 1643 trahebat,
2556 1574 2887 1645 fructusque
2921 1573 3134 1630 ferebat
3185 1588 3296 1630 non
3325 1575 3573 1646 peregri-

1969 1680 2095 1732 nos,
2131 1665 2226 1721 sed
2255 1666 2363 1722 sibi
2391 1659 2796 1736 competentes,
2826 1680 3070 1738 quorum
3096 1667 3307 1723 semina
3332 1682 3364 1721 a
3393 1667 3575 1738 primo

1972 1759 2160 1813 statim
2193 1767 2342 1823 ortu,
2373 1759 2622 1816 caelestis
2668 1760 2908 1816 colonus
2946 1759 3310 1830 insperserat.
3343 1758 3578 1832 Jamque

272 1847 575 1920 ἀνιώμενον
605 1849 667 1901 τὸ
689 1846 969 1920 δαιμόνιον
997 1846 1178 1915 γένος,
1214 1843 1323 1898 οὐδ’
1366 1844 1615 1915 ἠνείχετο
1643 1845 1866 1913 βλέπειν

1988 1849 2284 1920 lespieatui
2321 1860 2482 1906 erant
2535 1851 2836 1919 daemones,
2892 1851 3184 1922 honosque
3225 1867 3257 1906 a
3305 1853 3578 1910 creaturis

272 1943 350 2012 ἐφ’
379 1941 528 1995 οὕτω
550 1939 798 2013 χρηστὴν
829 1937 1134 2011 μεταϐολὴν
1163 1936 1456 1991 ὲπανιόντα
1474 1937 1567 1989 τὸν
1607 1937 1746 2008 πρὸς
1797 1936 1867 1990 τὰ

276 2036 435 2109 χείρω
465 2035 917 2109 μετατραπέντα.
949 2033 1052 2094 Διὰ
1076 2033 1236 2087 τοῦτο
1260 2031 1356 2086 καὶ
1389 2033 1529 2104 πρὸς
1547 2032 1868 2102 ἀκήρυκτον

276 2126 602 2200 ἀνηρέθιστο
624 2110 886 2198 πόλεμον.
923 2125 1037 2180 Καὶ
1059 2124 1250 2193 ιπειδὴ
1275 2122 1587 2195 προὸάτων,
1609 2125 1703 2176 καὶ
1727 2121 1868 2192 βοῶν

278 2219 478 2291 αἵματα
513 2221 645 2281 τοὺς
701 2217 921 2290 βωμοὺς
981 2215 1348 2280 ἐπελελοίπει,
1393 2212 1759 2284 ἀνθρωπίνοις
1789 2213 1875 2268 αἴ-

283 2329 409 2382 μασι
486 2309 764 2383 φύρεσθαι
820 2309 920 2380 τὴν
987 2309 1096 2379 γῆν
1168 2305 1577 2378 παρεσκεύασε.
1630 2306 1743 2359 Καὶ
1793 2307 1875 2360 ὅτι

288 2403 526 2474 σφαγίων
584 2402 818 2456 ἐνεδεῖτο
876 2399 1140 2471 πλήθους,
1181 2402 1275 2453 ἐπὶ
1301 2398 1400 2463 τὰς
1429 2399 1540 2452 τῶν
1569 2396 1877 2469 ἀνθρώπων

289 2494 475 2567 ἐχώρει
497 2493 745 2565 σφαγάς.
795 2479 934 2547 ‘AD.’
957 2486 1028 2562 ἦν
1075 2489 1329 2562 δαίμοσιν
1361 2488 1606 2560 όλεθρος,
1633 2489 1730 2543 κα)⁹
1775 2487 1879 2558 τῆς

291 2585 451 2641 αὐτῶν
490 2585 686 2658 ἰσχύος
715 2585 1058 2658 καθαίρεσις.
1085 2583 1252 2637 Ὅσον
1279 2582 1390 2653 γὰρ
1422 2583 1480 2636 οί
1507 2582 1734 2654 κρουνοὶ
1766 2581 1878 2636 τῶν

297 2677 644 2752 μαρτυρικῶν
677 2677 928 2748 αἱμάτων
966 2675 1288 2741 νὲκενοῦντο,
1325 2674 1578 2729 τοσοῦτον
1625 2675 1734 2730 τῶν
1754 2677 1879 2729 ὲπι-

289 2770 504 2842 δωμίων
558 2771 811 2844 αίμάτων
869 2770 929 2824 αἱ
969 2771 1092 2840 ῥοαὶ
1166 2770 1554 2834 άνεκόπτοντο,
1581 2771 1707 2825 ὅσον
1765 2772 1881 2836 τοῖς

289 2863 468 2935 ἀτμοῖς
523 2861 640 2917 τῶν
675 2862 1037 2935 μαρτυρικῶν
1097 2861 1300 2915 θυσιῶν
1355 2862 1385 2915 ὁ
1436 2863 1543 2934 ἀὴρ
1590 2859 1872 2933 ήγιάζετο,

291 2952 376 3008 tul
395 2952 562 3007 πλέον
584 2951 682 3024 τῆς
713 2951 942 3022 κνίσσης
962 2950 1022 3004 τὸ
1040 2950 1278 3015 δυσῶδες
1294 2950 1370 3004 διε
1379 2952 1726 3009 σκεδάννυτο.

1976 1939 2196 1996 ablatus
2227 1941 2480 1996 Creatori
2509 1940 2890 2024 deferebatur.
2922 1939 3083 2008 Quod
3105 1941 3203 1997 ubi
3233 1941 3464 2008 factum,
3495 1943 3578 1997 ira

1976 2041 2304 2088 exarserunt
2334 2033 2636 2099 daemones,
2671 2049 2776 2089 nec
2820 2034 3172 2089 tolerandum
3200 2042 3490 2105 putarunt,
3524 2045 3584 2090 ut

1975 2138 2102 2193 qute
2124 2124 2193 2177 ad
2229 2125 2534 2195 pessimum
2568 2134 2774 2182 statum
2805 2125 3065 2181 devoluta
3118 2126 3361 2191 fuerant,
3403 2128 3569 2184 reStio

1981 2224 2269 2271 tuerentur
2303 2216 2359 2270 in
2398 2217 2698 2287 optimum.
2735 2218 3009 2284 Quocirca
3037 2217 3208 2274 etiam
3239 2217 3311 2273 ad
3344 2232 3454 2273 non
3484 2219 3582 2274 de-

1978 2304 2292 2361 nuntiatum
2339 2306 2548 2362 bellum
2600 2307 3020 2378 suscipiendum
3068 2307 3276 2363 irritati
3330 2314 3586 2374 sunt;et

1978 2396 2106 2466 quia
2132 2397 2319 2452 ovium
2351 2405 2405 2453 et
2429 2399 2596 2454 boum
2629 2401 2857 2470 sanguis
2885 2400 3086 2454 altaria
3112 2398 3228 2470 jam
3259 2399 3588 2471 reliquerat,

1979 2498 2269 2557 curarunt,
2294 2498 2356 2547 ut
2384 2491 2629 2548 humano
2651 2492 2928 2564 sanguine
2957 2499 3108 2548 terra
3138 2492 3504 2560 misceretur;
3531 2501 3591 2550 et

1977 2585 2110 2655 quia
2143 2585 2334 2642 deerat
2350 2587 2466 2657 jam
2501 2602 2775 2651 caesarum
2814 2588 3128 2645 hostiarum
3165 2588 3349 2659 copia,
3381 2587 3450 2644 ad
3482 2601 3593 2644 caa-

1977 2673 2078 2734 des
2106 2677 2390 2734 hominum
2421 2695 2548 2736 sese
2569 2674 3009 2748 converterunt;
3035 2696 3160 2753 quae
3183 2688 3368 2738 tamen
3383 2680 3595 2738 daemo-

1978 2769 2145 2825 nibus
2183 2769 2469 2825 interitum
2502 2772 2842 2839 attulerunt,
2876 2781 2932 2828 et
2976 2779 3333 2842 potestatem,
3358 2787 3469 2845 qua
3490 2787 3590 2832 vae

1979 2859 2186 2925 lebant,
2233 2861 2656 2918 destruxerunt.
2719 2862 2948 2929 Quanto
3001 2863 3182 2934 magis
3226 2863 3376 2918 enim
3409 2861 3603 2918 fontes.

1981 2955 2268 3025 sanguinis
2293 2969 2321 3008 a
2357 2956 2697 3026 martyribus
2719 2955 2940 3027 profusi
2976 2955 3398 3027 aperiebantur,
3436 2963 3596 3012 tanto

291 3050 453 3121 magis
474 3047 686 3104 fluenta
718 3047 1009 3120 sanguinis
1043 3047 1101 3102 in
1136 3046 1249 3103 aris
1278 3047 1549 3102 immolati
1576 3048 2072 3112 imminuebantur,
2100 3058 2158 3105 et
2188 3061 2399 3120 quanto
2467 3051 2645 3122 magis
2708 3066 2806 3108 aer
2865 3051 3323 3108 sanctificabatur
3377 3065 3611 3124 vapore-

293 3144 712 3208 sacriliciorum,
741 3157 864 3215 quae
897 3152 1174 3214 martyres
1194 3141 1523 3212 offerebant,
1562 3158 1630 3198 eo
1660 3146 1838 3214 magis
1873 3143 2112 3200 aliorum
2140 3147 2550 3202 sacriﬁciorum
2585 3145 2751 3202 nidor
2771 3144 3177 3216 dissipabatur.

377 3239 544 3294 Ἀλλὰ
618 3237 728 3310 γὰρ
811 3235 1132 3308 ,ἁπανταχοῦ
1218 3237 1321 3307 τῆς
1432 3237 1722 3303 εὐσεϐείας
1805 3238 1884 3305 εξ-

2065 3238 2242 3296 Porro
2268 3256 2393 3296 cum
2423 3241 2517 3295 lux
2547 3241 2770 3312 pietatis
2793 3240 3001 3311 ubique
3015 3238 3276 3310 fulgeret,
3305 3237 3600 3307 noctisque

295 3332 710 3404 αστραπτούσης
769 3329 830 3384 τὸ
885 3330 1090 3401 φέγγος
1122 3369 1138 3395 ,
1209 3329 1303 3383 καὶ⁴
1366 3330 1465 3400 τῆς
1517 3330 1883 3402 σκοτομηνίας

297 3423 743 3495 ἀπελαυνομένης
771 3461 786 3489 ,
863 3419 1180 3492 ἁπανταχοῦ
1253 3421 1362 3491 γῆς
1418 3421 1447 3473 ὁ
1530 3421 1715 3493 ἄρχων
1788 3423 1884 3477 τοῦ

300 3516 510 3582 σκότους
566 3515 832 3586 διέτρεχε,
888 3515 982 3568 καὶ
1024 3511 1204 3583 δόγμα
1245 3511 1540 3582 ἐγράφετο,
1598 3513 1885 3584 ἥδαίμοσι

300 3609 472 3678 φέρειν
502 3608 573 3663 τὸ
620 3606 867 3677 σέϐας,ἢ
919 3605 1404 3676 καταφρονοῦντας
1460 3605 1554 3660 τοῦ
1589 3606 1883 3676 δόγματος,

301 3700 385 3754 τοῦ
431 3702 534 3773 ζῇν
571 3698 996 3754 ἀπελαύνεσθαι.
1032 3699 1256 3752 Εἵλκετο
1276 3697 1341 3768 δὴ
1366 3691 1459 3751 οὗν
1490 3698 1583 3750 ἐπὶ
1616 3698 1715 3760 τὰς
1747 3715 1888 3766 σφα-

303 3790 396 3858 γάς
422 3790 488 3846 τὰ
537 3788 822 3861 ἀμώμητα
865 3788 1103 3860 θύματα,
1167 3787 1485 3859 παρεδίδοτο
1515 3790 1628 3850 τοῖς
1665 3787 1881 3860 θηρίοις

307 3885 410 3948 τοῖς
465 3884 692 3954 πικροῖς
744 3883 1036 3953 τυράννοις
1100 3879 1170 3934 τά
1226 3880 1321 3934 τοῦ
1377 3879 1618 3951 Χριστοῦ
1681 3879 1890 3951 πρόὸαη

305 3989 367 4026 τα
391 3987 403 4003 ·
453 3973 802 4048 πολύτροπος
847 3974 891 4027 δ’
944 3968 1012 4045 ἦν
1051 3973 1235 4037 αὐτοῖς
1260 3971 1354 4027 καὶ
1380 3972 1623 4044 ποικίλη,
1656 3973 1711 4044 ἡ,
1737 3973 1890 4036 ὅπως

312 4067 614 4136 μετέλθοιεν
658 4067 788 4130 τοὺς
822 4065 1034 4134 ἁγίους,
1081 4065 1349 4137 περίνοια.
1418 4063 1560 4127 Τοὺς
1626 4063 1727 4136 μὲν
1783 4064 1892 4135 γὰρ

310 4160 394 4213 καὶ
442 4161 577 4232 πρὶν
630 4158 915 4233 ὁραθῆναι,
967 4157 1049 4212 ὃτι
1102 4157 1201 4223 τὴν
1243 4155 1510 4228 ἀληθινὴν
1566 4155 1886 4226 ὡμολόγουν

311 4249 468 4323 ζωὴν,
499 4252 586 4326 τῷ
644 4252 862 4323 θανάτῳ
905 4249 1247 4324 παρεδίδουν.
1313 4249 1574 4321 Ἐχαιρον
1631 4248 1714 4314 δὲ,
1746 4247 1888 4319 πρὸς

313 4345 461 4400 αὑτὸν
489 4346 544 4400 οί
579 4347 819 4416 γενναῖοι
841 4344 1124 4414 ἀγόμενοι,
1161 4341 1353 4414 ὥσπερ
1383 4344 1462 4406 είς
1513 4341 1659 4412 ἱερὸν
1691 4341 1893 4394 ἀπιόν-

311 4453 416 4506 τες,
442 4437 831 4509 τελειουμένην
864 4438 1051 4499 αὑτοῖς
1080 4434 1319 4506 ὁρῶντες
1357 4434 1456 4506 τὴν
1507 4435 1718 4504 ἔφεσιν.
1782 4436 1896 4488 Καὶ

317 4529 501 4586 αὐτίκα
535 4529 617 4601 τῷ
648 4529 968 4601 ποθουμένῳ
995 4526 1383 4599 καθαρώτερον
1409 4527 1693 4598 ὀμιλήσειν
1717 4544 1894 4598 προσ-

315 4621 595 4687 δοκῶντες,
642 4621 809 4692 μηδὲν
865 4620 948 4674 ἔτι
989 4619 1083 4674 τοῦ
1137 4621 1399 4693 σαρκίνου
1457 4621 1899 4692 παραπετάσμα-

317 4727 401 4777 τος
423 4713 860 4784 διατειχίζοντος.
915 4713 1043 4776 Τοῖς
1084 4712 1141 4766 δὲ
1195 4711 1280 4776 [οί
1331 4711 1435 4783 δὲ],
1471 4711 1660 4782 ὥσπερ
1707 4713 1904 4782 φλογὸς

321 4809 540 4874 καπνὸν,
579 4808 673 4861 τὸν
719 4807 890 4877 θυμὸν
954 4806 1329 4877 ύπέκρυπτον,
1380 4806 1476 4860 καὶ
1544 4805 1899 4886 συνδιεπλάτ-

322 4912 463 4955 τοντο
490 4899 634 4972 πρὸς
664 4899 727 4953 τὸ
764 4900 947 4969 ῆπιον,
977 4899 1073 4951 καὶ
1104 4897 1430 4968 κηδομένοις
1485 4896 1753 4967 ἐῴκεσαν,
1807 4897 1906 4950 καὶ

327 4988 612 5057 φιλούντων
643 4989 922 5044 ποιεῖσθαι
952 4987 1277 5059 παραίνεσιν
1303 5003 1318 5018 ο
1353 4986 1505 5042 ἔνθεν
1564 4988 1665 5057 μὲν
1705 5005 1902 5057 προτιο

329 5078 498 5147 θέντες
527 5082 833 5142 ἀπόλαυσιν
871 5081 981 5137 τῶν
1009 5080 1103 5136 τοῦ
1138 5081 1256 5152 βίου
1291 5081 1565 5152 τερπνῶν,
1616 5081 1830 5136 ἐκεῖθεν
1857 5082 1908 5136 δ’

329 5172 649 5240 οἰκτίζεσθαι
675 5174 950 5244 λέγοντες,
982 5173 1058 5246 μὴ
1089 5172 1277 5238 κακῶς
1301 5173 1590 5229 ἀπόλοιντο
1616 5191 1630 5205 ·
1664 5173 1760 5228 νῦν
1805 5175 1909 5242 μὲν

334 5266 598 5330 φείδεσθαι
624 5267 875 5338 νεότητος
902 5265 1098 5331 ἄνθους
1137 5265 1312 5330 οὕτως
1344 5267 1544 5338 ἀώρως
1596 5269 1898 5337 ἀποκειρο-

339 5355 486 5423 μένου
507 5400 524 5425 ν
555 5359 652 5415 νῦν
677 5360 736 5415 δὲ
764 5362 840 5432 μὴ
863 5361 1106 5430 ἀφειδεῖν
1150 5359 1245 5414 τοῦ
1284 5359 1388 5430 τῆς
1440 5360 1697 5431 ἀνδρείας
1765 5361 1908 5431 χρὴ-

340 5463 510 5516 ματος,
539 5453 568 5507 ὃ
599 5453 797 5523 τιμῶν,
839 5454 936 5508 καὶ
972 5451 1283 5524 στεφάνων,
1325 5452 1444 5507 ἀλλ’
1496 5453 1561 5506 ού
1590 5452 1914 5524 τιμωρίας,

336 5542 432 5596 οὐδ’
459 5546 731 5617 αἰκισμῶν
757 5548 905 5601 ἐστιν
943 5546 1114 5614 ἄξιον.
1150 5547 1260 5601 Ναὶ
1297 5547 1407 5617 μὴν
1437 5547 1663 5618 ἀγαπᾷν
1701 5548 1798 5601 καὶ
1839 5547 1910 5600 τὰ

338 5633 394 5686 ὲκ
416 5635 674 5704 βασιλέως
699 5638 901 5706 ἀγαθά,
929 5638 965 5693 ἃ
995 5638 1255 5709 δωρεῖται
1273 5641 1386 5702 τοῖς
1414 5639 1626 5693 ἐκείνου
1682 5641 1916 5712 πειθαρ-

340 5727 476 5792 χοῦσι
504 5731 588 5801 τῷ
612 5730 875 5800 δόγματι.
923 5731 1282 5786 Ἀποϐλέπειν
1308 5729 1367 5784 δὲ
1402 5732 1500 5786 καὶ
1538 5733 1620 5796 είς
1644 5732 1706 5786 τὸ
1732 5732 1908 5802 γλυκὺ

345 5815 431 5886 τῆς
452 5824 732 5896 παρούσης
761 5821 927 5897 ζωῆς,
957 5826 1052 5882 καὶ
1080 5825 1154 5897 μὴ
1201 5825 1467 5898 καθάπερ.
1489 5825 1916 5898 ἀπομύσαντας,

1929 4589 1976 4645 D

1989 3330 2173 3402 caligo
2208 3333 2531 3404 pelleretur,
2564 3331 2774 3403 ubique
2818 3331 3074 3387 locorum
3127 3329 3391 3401 princeps
3439 3335 3602 3382 tene-

1987 3423 2211 3480 brarum
2240 3424 2795 3491 circumcursitabat,
2826 3421 3192 3494 edictumque
3215 3421 3370 3487 exiit,
3405 3427 3468 3474 ut
3504 3426 3604 3473 aut

1989 3516 2334 3572 daemonibus
2371 3516 2596 3586 pietatis
2631 3516 2822 3572 cultus
2850 3515 3218 3580 tribueretur,
3276 3519 3374 3568 aut
3410 3511 3504 3582 qui
3541 3510 3617 3566 id‘

1989 3620 2307 3674 renuerent,
2367 3625 2436 3665 ex
2485 3609 2602 3664 vita
2635 3608 3169 3665 exterminarentur.
3213 3603 3602 3661 Trahebantur

1989 3716 2124 3772 ergo
2153 3700 2222 3756 ad
2241 3701 2451 3756 caedem
2478 3700 2723 3755 innoxiae
2751 3699 2973 3765 hostiae,
2996 3697 3474 3768 tradebanturque
3498 3695 3606 3750 imo

1993 3793 2253 3850 manibus
2309 3787 2533 3859 belluis,
2590 3790 3090 3848 truculentissimis
3136 3789 3415 3862 tyrannis,
3470 3802 3620 3844 oves.

1991 3885 2222 3952 Christi,
2251 3887 2550 3956 variasque
2575 3885 2823 3940 rationes
2844 3884 3210 3950 adhibebant,
3238 3883 3443 3954 quibus
3473 3897 3603 3938 san-

1994 3987 2116 4034 ctos
2165 3994 2195 4033 e
2249 3977 2433 4033 medio
2471 3963 2752 4032 tollerent:
2808 3973 3124 4049 Nonnullos
3165 3977 3316 4031 enim
3357 3973 3606 4030 trucida-

1995 4071 2149 4133 bant,
2186 4069 2355 4125 etiam
2405 4078 2704 4140 antequam
2739 4075 3050 4134 constaret,
3090 4083 3190 4124 eos
3245 4082 3436 4124 veram
3477 4067 3607 4122 reli-

1994 4162 2212 4234 gionem
2247 4161 2425 4227 sequi.
2463 4159 2792 4216 Gaudebant
2826 4166 3011 4215 autem
3043 4159 3299 4230 generosi
3337 4157 3417 4214 illi
3441 4157 3618 4230 pugi-.

1994 4253 2099 4321 les,
2137 4253 2360 4324 quando
2409 4254 2477 4308 ad
2515 4262 2751 4308 mortem
2803 4251 3183 4317 ducebantur,
3224 4259 3492 4322 tanquam
3537 4249 3609 4305 ad

1999 4362 2222 4403 sacrum
2258 4345 2676 4401 tabernaculum
2707 4345 3004 4412 abeuntes,
3039 4358 3170 4399 cum
3206 4343 3460 4399 viderent
3489 4341 3610 4412 jam

1999 4439 2336 4494 desiderium
2391 4452 2552 4493 suum
2592 4437 2805 4508 perlici,
2858 4453 3028 4506 seque
3057 4451 3089 4492 e
3134 4437 3370 4506 vestigio
3402 4436 3611 4492 clarius

2004 4540 2059 4586 et
2117 4530 2271 4602 prius
2328 4544 2454 4585 cum
2509 4545 2597 4593 eo,
2651 4543 2815 4599 quem
2848 4528 3267 4592 desiderabant,
3289 4535 3612 4584 versaturos

2012 4625 2164 4678 nullo
2193 4623 2306 4693 jam
2336 4621 2578 4691 amplius
2602 4621 2792 4676 carnis
2841 4621 2962 4675 velo
3009 4617 3333 4691 interiecto.
3366 4618 3439 4672 At
3483 4632 3615 4690 erga

2010 4717 2149 4771 alios
2183 4716 2346 4782 iram,
2386 4723 2446 4768 ut
2479 4713 2716 4768 ﬂammae
2763 4712 2998 4777 fumum,
3042 4711 3423 4778 occultabant,
3462 4719 3516 4766 et
3547 4709 3632 4764 ad.

2013 4810 2300 4865 lenitatem
2332 4822 2458 4864 sese
2514 4806 2959 4875 componebant;
2990 4813 3045 4860 et
3080 4819 3242 4874 quasr
3275 4818 3470 4860 eorum
3503 4817 3616 4856 ma.

2011 4918 2176 4973 gnam
2210 4914 2405 4955 curam
2458 4906 2737 4969 gererent,
2779 4896 3146 4962 simulabant,
3183 4903 3239 4951 et
3272 4894 3482 4949 amicas
3526 4908 3618 4950 co-

2014 4992 2363 5048 hortationes
2416 4988 2806 5055 instituebant,
2842 4988 2976 5042 binc
3011 4989 3238 5059 quidem
3285 4987 3415 5041 vita:
3455 4985 3624 5056 hujus

2011 5082 2460 5155 iucunditatibus
2483 5080 2809 5153 propositis,
2843 5080 2974 5136 inde
2995 5078 3512 5150 commiseratione,
3569 5086 3631 5134 et.

2013 5175 2315 5231 formidine
2337 5189 2399 5230 se
2423 5174 2551 5244 angi
2577 5173 2861 5240 dicebant,
2882 5186 2954 5226 ne
2984 5169 3129 5226 male
3153 5170 3484 5237 interirent;
3509 5168 3624 5238 jam

2013 5285 2074 5324 se
2105 5269 2284 5324 aetatis
2345 5265 2466 5322 flori
2511 5278 2764 5335 parcere,
2807 5279 2878 5320 ne
2911 5273 3023 5317 tam
3048 5263 3350 5317 immature
3372 5261 3620 5317 demeta—

2018 5371 2130 5417 tur.
2162 5359 2286 5417 Jam
2320 5358 2617 5429 rogabant,
2644 5372 2715 5412 ne
2746 5357 2886 5412 adeo
2916 5355 3081 5421 nihili
3113 5353 3422 5426 penderent
3469 5355 3614 5424 inge-

2020 5455 2194 5509 nitam
2233 5451 2615 5506 fortitudinem
2644 5455 2702 5502 et
2739 5449 3005 5504 invictam
3031 5447 3344 5512 dexteram,
3372 5461 3490 5502 rem
3508 5461 3624 5516 quae

2023 5547 2210 5619 potius
2244 5545 2410 5615 digna
2455 5543 2528 5598 sit
2574 5541 2882 5598 honoribus
2917 5542 3237 5614 etcoronis,
3277 5555 3446 5610 quam
3498 5555 3626 5608 sup.

2023 5639 2205 5711 pliciis
2234 5647 2288 5693 et
2323 5636 2524 5708 poenis.
2547 5634 2613 5689 Et
2636 5641 2695 5689 ut
2721 5632 3075 5704 imperatoris
3107 5630 3331 5705 quoque
3355 5633 3638 5688 rationem.

2025 5735 2314 5797 ducerent,
2338 5738 2562 5802 propter
2592 5742 2848 5792 munera,
2884 5725 3145 5782 donanda
3181 5727 3272 5793 iis,
3328 5725 3422 5797 qui
3472 5739 3620 5778 man-

2024 5826 2168 5884 datis
2201 5825 2322 5899 ejus
2348 5836 2560 5882 morem
2587 5828 2842 5894 gert-rent
2863 5831 3076 5891 ;.utque
3109 5819 3270 5877 etiam
3305 5825 3430 5875 vita
3466 5817 3644 5882 huius
