4086 6298
530 336 631 398 175

531 538 813 594 interitum
844 549 1090 595 ruerunt.
1127 541 1253 597 Haec
1281 553 1644 611 tyrannorum
1676 544 1909 598 subdola
1932 553 1986 597 et
2006 559 2124 596 ma-

1800 296 2078 401 LEONIS
2111 340 2578 404 PHILOSOPHI

436 491 443 499 .
529 445 875 501 dulcedinem
912 446 1341 518 perpenderent,
1380 465 1561 520 neque
1592 451 1802 506 clausis
1849 451 2027 506 oculis
2050 451 2119 505 ad

2234 458 2424 525 χωρεῖν
2455 455 2595 526 πρὸς
2632 453 2726 507 τὸν
2765 453 3018 509 θάνατον.
3049 453 3219 509 Ταῦθ’
3252 455 3285 526 ή
3346 448 3649 524 τυραννικὴ
3698 467 3799 503 κα-

2225 546 2567 617 κεντρέχεια.
2603 543 2825 606 Τούτοις
2856 547 2889 615 ἡ
2941 543 3314 615 παιδαριώδης
3366 543 3475 596 τῶν
3524 541 3799 610 τυράννων

3703 338 3799 403 176

532 630 718 685 litiosa
748 634 1008 685 versutia.
1052 630 1152 686 liis
1188 636 1491 702 puerilibus
1525 640 1856 689 commentis
1903 636 2124 707 tyranni

2234 638 2461 702 ἐπίνοια,
2491 637 2595 706 τῆς
2628 635 2888 706 ἀληθινῆς
2950 635 3145 706 σοφίας
3187 637 3314 697 τοὺς
3379 633 3619 705 ὲραστάς
3658 633 3803 684 ἐπει-

533 734 675 775 verze
704 720 991 792 sapientiae
1020 732 1304 781 amatores
1328 725 1385 779 in
1419 726 1669 781 fraudem
1700 727 1977 797 impellere
2005 736 2124 782 stu-

531 813 758 867 debant.
789 813 860 867 At
889 829 955 868 ex
994 815 1216 871 illorum
1254 833 1486 872 numero
1533 820 1676 874 alius
1707 819 1855 873 aliud
1894 834 2126 888 respon-

534 918 656 957 sum
689 903 873 959 dabat.
902 904 1005 959 Hic
1037 905 1312 962 clamabat
1346 924 1360 961 :
1403 907 1551 965 Nihil
1602 924 1818 970 eorum,
1867 925 1989 977 quae
2021 911 2127 964 sub

536 1002 823 1062 aspectum
859 995 1091 1061 cadunt,
1129 1013 1215 1052 me
1265 998 1525 1066 delectat,
1580 1008 1693 1054 tota
1724 1001 2022 1069 cupiditate
2057 999 2124 1053 ad

537 1088 664 1150 hoc,
696 1097 757 1141 ut
792 1102 894 1157 pro
950 1087 1175 1144 Christo
1214 1092 1412 1159 patiar,
1446 1090 1643 1148 effusa.
1684 1091 1778 1146 llle
1802 1107 1932 1147 vero
1964 1090 2124 1145 :Jam

535 1178 759 1233 occasio
788 1178 969 1244 adest,
1001 1189 1065 1234 ut
1094 1180 1478 1237 fortitudinem
1501 1198 1680 1238 meam
1712 1184 1767 1237 in
1808 1182 2124 1238 certamini-

538 1270 644 1325 bus
672 1284 774 1340 pro
797 1286 924 1342 rege
952 1287 1076 1328 meo
1106 1274 1436 1340 subeundis,
1479 1274 1875 1330 demonstrem.
1922 1275 2079 1329 Alius
2109 1291 2125 1328 :

538 1356 697 1413 Nunc
727 1373 829 1429 par
862 1371 948 1415 est
971 1368 1054 1427 ut,
1087 1360 1217 1415 dum
1244 1360 1346 1417 iios
1378 1364 1480 1417 aevi
1512 1364 1679 1434 viget,
1704 1364 1904 1420 delicto
1930 1379 2014 1419 me
2047 1363 2127 1419 si-

540 1457 706 1516 stam,
738 1451 1061 1522 priusquam
1084 1453 1267 1519 {senio
1310 1464 1619 1509 exarescat.
1644 1455 1798 1510 Alius
1834 1456 2022 1509 animo
2062 1453 2129 1508 ad

540 1537 697 1608 plura
738 1538 988 1605 diducto,
1024 1549 1079 1596 et
1116 1542 1371 1596 oratione
1403 1545 1684 1612 copiosior
1711 1546 1839 1599 talia
1877 1546 2127 1615 quaedam

540 1628 874 1697 loquebatur
906 1649 920 1685 :
956 1630 1096 1686 Sunt
1124 1634 1347 1703 quidem
1386 1636 1635 1705 pulchra,
1658 1654 1780 1705 qua:
1800 1651 2133 1691 commemo-

541 1718 704 1775 rasti.
743 1720 986 1775 Pulchra
1014 1737 1160 1787 esse,
1196 1740 1375 1794 neque
1399 1742 1500 1781 nos
1524 1727 1853 1789 inilciamur,
1889 1734 1995 1781 eta
2023 1725 2132 1781 Deo

541 1826 846 1880 concessa;
874 1829 940 1869 ac
971 1816 1201 1883 proinde
1233 1819 1441 1886 gratias
1470 1817 1647 1873 eidem
1704 1819 1901 1873 merito
1921 1818 2130 1886 persol-
2161 1800 2204 1854 Β

540 1902 745 1959 vimus.
771 1903 844 1959 At
877 1921 985 1975 qua
1014 1908 1231 1962 ratione
1267 1909 1476 1978 gratias
1506 1924 1821 1979 ageremus,
1861 1910 1909 1964 si
1959 1909 2128 1962 nimia

541 1994 743 2051 ltorum
770 1996 1074 2068 cupiditate
1109 1999 1181 2053 ab
1209 2000 1307 2053 illo
1345 1999 1804 2071 sejungeremur?
1841 2000 2132 2067 Quomodo

540 2101 702 2142 mens
732 2087 825 2143 illa
850 2104 1022 2160 gnara
1060 2091 1276 2162 pulchri
1310 2093 1493 2147 vocari
1534 2102 1733 2163 potest,
1769 2109 1892 2163 qua:
1924 2095 2131 2147 donum

542 2179 802 2244 honorat,
829 2183 1129 2239 donantem
1158 2185 1531 2253 aspernatur?
1557 2184 1794 2241 Pulchra
1826 2194 1955 2242 sunt
1985 2186 2088 2242 ista
2113 2201 2130 2251 ;

542 2271 643 2326 sed
671 2272 897 2344 siquis
928 2283 1100 2330 totam
1164 2292 1322 2331 suam
1362 2276 1754 2347 cogitationem
1790 2278 1857 2331 ad
1902 2293 1967 2334 ea
1999 2291 2133 2333 con-

541 2366 729 2431 vertit,
786 2375 842 2422 et
892 2376 1120 2439 propter
1155 2384 1348 2424 eorum
1392 2385 1661 2435 amorem,
1697 2372 1821 2440 ejus
1857 2372 1947 2441 qui
2006 2388 2134 2427 vere

544 2455 773 2525 pulcher
803 2465 911 2524 est,
948 2473 1192 2515 amorem
1238 2460 1579 2530 exstinguit,
1613 2461 1714 2516 iste
1768 2470 1824 2517 et
1860 2463 2132 2531 pessimus

542 2548 649 2603 sibi
698 2550 801 2621 ipsi
860 2550 1115 2617 eilicitur,
1147 2560 1203 2607 et
1261 2552 1429 2607 miser
1466 2552 1537 2608 ob
1569 2555 1926 2623 voluptatem,
1964 2571 2129 2624 quam

541 2638 673 2696 lude
695 2641 863 2714 capit,
894 2650 949 2697 et
978 2641 1140 2714 longe
1166 2641 1349 2699 adhuc
1382 2644 1642 2700 miserior
1665 2647 1735 2700 ob
1758 2660 1967 2715 poenas,
1993 2662 2129 2716 quas

541 2735 676 2790 dum
707 2736 876 2792 rebus
907 2739 1121 2793 modice
1152 2755 1377 2796 sensum
1405 2740 1759 2795 titillantibus
1801 2740 1996 2804 inhiat,
2031 2740 2131 2795 sibi

541 2828 790 2884 asciscit.
844 2826 1204 2900 Nequaquam
1265 2832 1436 2901 igitur
1491 2838 1799 2901 opportuna
1829 2841 1913 2886 cst
1964 2832 2132 2885 animi

540 2919 713 2975 vestri
743 2917 801 2974 in
829 2935 932 2977 nos
959 2920 1369 2988 benevolentia,
1421 2939 1601 2992 neque
1644 2925 1791 2977 cnim
1834 2923 2134 2994 quidquam

541 3010 900 3066 emolumenti
927 3011 1108 3068 aﬂ'ert.
1140 3014 1211 3067 At
1238 3013 1352 3069 haec
1385 3013 1570 3069 dulcia
1598 3023 1751 3081 sunt,
1786 3024 2135 3082 mentemque

541 3098 890 3154 devinciendi
921 3102 1033 3155 vim
1055 3101 1281 3158 habent.
1312 3103 1421 3158 Sed
1447 3104 1799 3173 pulchritudo
1830 3105 2135 3158 auimseest

543 3189 1019 3262 incomparabilis.
1063 3193 1185 3247 Non
1239 3194 1423 3259 decet,
1481 3204 1540 3249 ut
1574 3196 1698 3263 quis
1753 3196 2137 3265 praestantiore

543 3284 767 3350 relicto,
826 3285 979 3340 circa
1032 3285 1279 3342 deterius
1318 3287 1564 3342 studium
1597 3296 1652 3343 et
1696 3302 1916 3358 operam
1946 3296 2133 3356 ponat.

544 3371 744 3429 Suavis
774 3383 861 3430 est
888 3390 1134 3447 praesens
1168 3377 1282 3433 vita
1313 3396 1331 3445 ;
1361 3380 1460 3435 sed
1494 3396 1676 3450 neque
1699 3382 1948 3435 umbram
1978 3381 2134 3451 ejus,

542 3478 670 3535 quae
699 3480 803 3521 nos
825 3476 1130 3538 exspectat,
1167 3470 1296 3525 vitae
1330 3473 1738 3542 complectitur.
1782 3471 1902 3527 Non
1930 3472 2137 3534 ﬁniun-

544 3560 755 3608 turres
812 3564 1021 3610 nostra:
1064 3560 1452 3626 praesentibus.
1506 3560 1804 3632 Exspectat
1866 3579 1969 3618 nos
2029 3564 2135 3618 alia

543 3644 680 3708 vita,
704 3645 868 3716 cujus
897 3648 1024 3704 ﬁnis
1059 3651 1266 3707 nullus.
1288 3651 1417 3708 ‘Non
1452 3655 1569 3709 abit
1608 3656 1663 3709 in
1702 3657 1935 3711 nihilum
1965 3659 2130 3712 etiam

543 3735 742 3793 istbmc
768 3748 959 3793 nostra
983 3755 1049 3797 ex
1073 3741 1192 3797 luto
1213 3744 1338 3797 iicta
1370 3744 1595 3816 effigies,
1623 3747 1840 3803 etiamsi
1872 3757 2136 3818 perpetuo

547 3828 709 3896 quasi
763 3829 1018 3897 radatur,
1052 3834 1339 3904 multoque
1380 3835 1565 3891 minus
1614 3840 1832 3905 anima;
1864 3837 1958 3893 sed
1996 3839 2137 3894 hanc

544 3916 770 3985 quidem
828 3920 1149 3978 insolubilis
1194 3932 1375 3979 status
1423 3935 1643 3991 manet;
1693 3926 1821 3980 huic
1872 3940 2003 3982 vero
2041 3941 2138 3995 per

545 4009 993 4077 dissolutionem,
1025 4030 1151 4084 qua:
1193 4017 1466 4082 cernitur,
1498 4020 1766 4072 transitus
1804 4029 2030 4088 paratur
2065 4019 2133 4074 ad

544 4110 749 4157 statum
784 4102 1249 4159 indissolubilem.
1280 4104 1347 4159 Et
1367 4106 1564 4161 animae
1600 4107 1844 4175 quidem,
1874 4106 1922 4160 si
1952 4120 1984 4159 a
2008 4121 2134 4161 vera

541 4193 864 4263 cognitione
888 4209 999 4249 non
1032 4195 1276 4261 aberret,
1308 4196 1364 4250 in
1394 4196 1683 4252 beatorum
1717 4197 1943 4252 sedibus
1980 4211 2135 4253 com-

542 4285 781 4340 moratio
796 4285 910 4355 jam
943 4286 1169 4341 decreta
1208 4296 1320 4353 est;
1349 4295 1407 4341 at
1442 4287 1491 4342 si
1526 4287 1593 4341 ad
1625 4287 1971 4342 contrarium
2014 4302 2137 4341 ver-

542 4387 658 4451 gat,
696 4377 878 4447 pinnis
926 4393 1052 4435 sese
1096 4379 1392 4434 obnoxiam
1449 4380 1627 4435 reddit
1665 4394 1679 4432 :
1727 4395 1931 4449 corpus
1955 4390 2134 4434 autem

2228 724 2360 795 ράτο
2409 722 2895 795 παραλογίζεσθαι.
2938 724 3062 783 Τῶν
3103 723 3159 777 δὲ
3210 723 3369 785 ἄλλος
3428 720 3596 789 ἀλλην
3655 719 3803 787 ίεράν

2226 814 2379 884 ἠφίει
2407 816 2611 887 φωνήν.
2654 814 2715 869 '0
2752 816 2851 884 μὲν
2888 813 2997 887 γὰρ
3041 815 3254 883 ἔλεγεν·
3305 813 3471 867 Οὐδὲν
3500 811 3611 864 τῶν
3669 810 3805 881 δρω-

2231 905 2411 974 μένων
2444 904 2568 975 ἐμοὶ
2585 905 2842 975 τερπνὸν,
2870 905 2999 974 ὅλης
3033 904 3131 973 τῆς
3156 902 3472 971 ἐπιθυμίας,
3499 901 3579 965 εἰς
3613 900 3675 952 τὸ
3704 915 3806 952 πα-

2229 996 2342 1048 θεῖν
2368 995 2509 1065 ὑπὲρ
2532 993 2769 1065 Χριστοῦ
2800 995 3201 1064 κεκενωμένης.
3246 992 3305 1045 '0
3331 993 3389 1046 δὲ
3414 1033 3432 1057 ,
3459 991 3573 1045 Νῦν
3594 987 3805 1059 ,ἐπιτή-

2229 1087 2372 1139 δειον
2426 1087 2585 1156 ἣκειν
2634 1103 2724 1156 μοι
2773 1086 2866 1138 τὸν
2919 1085 3133 1155 καιρὸν,
3194 1084 3258 1138 τὸ
3292 1084 3539 1154 ἀνδρεῖον
3587 1082 3648 1133 ὲν
3694 1081 3805 1143 τοῖς

2231 1175 2373 1244 ὑπὲρ
2394 1174 2486 1227 τοῦ
2512 1174 2782 1245 ἡμετέρου
2849 1172 3114 1242 βασιλέως
3180 1171 3390 1240 ἀγῶσιν
3450 1166 3807 1235 ἐνδείξασθαι.

2232 1268 2344 1321 Καὶ
2366 1267 2526 1331 ἀλλος
2546 1281 2560 1297 ⁸
2596 1267 2712 1321 Νῦν
2736 1268 3011 1337 προσῆκεν
3031 1269 3089 1320 ὲν
3125 1264 3276 1319 ἄνθει
3306 1266 3407 1335 τῆς
3434 1263 3681 1332 νεότητος
3709 1260 3810 1327 ὀφ-

2233 1358 2393 1427 θῆναι
2424 1358 2501 1429 τῷ
2531 1358 2871 1429 ποθουμένῳ,
2917 1360 3047 1428 πρὶν
3104 1358 3139 1428 ἢ
3190 1353 3683 1425 καταμαρανθῆναι
3730 1350 3809 1419 τῷ

2234 1434 2420 1520 γήρει.
2452 1451 2679 1520 Ἕτερος
2713 1450 2769 1504 δὲ
2787 1451 3046 1504 ὲπιπλέον
3069 1446 3390 1518 κινούμενος
3419 1447 3520 1514 τὴν
3545 1445 3809 1508 διάνοιαν,

2234 1544 2329 1596 καὶ
2353 1537 2467 1596 οἷον
2501 1542 2642 1613 ῥέων
2674 1541 2755 1612 τῷ
2798 1543 2967 1612 λόγῳ,
3016 1539 3244 1594 τοιαῦτά
3294 1555 3420 1592 τινα
3470 1536 3809 1607 ἐφθέγγετο⁸

2210 1628 2388 1697 ,Εἶναι
2424 1632 2523 1702 μὲν
2554 1632 2731 1687 ταῦτα
2768 1634 2931 1697 καλὰ,
2964 1630 3284 1701 ἃπερέφης,
3332 1627 3477 1682 καλά
3505 1626 3602 1681 καὶ
3653 1626 3813 1697 ἡμεῖς

2237 1724 2517 1794 σύνισμεν,
2566 1725 2661 1778 καὶ
2689 1725 2842 1796 παρά
2892 1721 3029 1776 Θεοῦ
3080 1720 3325 1775 δεδόσθαι
3371 1718 3579 1791 μέντοι,
3638 1706 3816 1794 ἐφ’γῷ

2236 1819 2397 1887 χάριν
2418 1816 2619 1871 εἰδέναι
2638 1830 2653 1846 ⁸
2687 1816 2806 1880 πῶς
2835 1816 2882 1870 δ’
2908 1814 2975 1869 ἂν
3002 1815 3277 1885 εἰδείημεν
3304 1814 3489 1884 χάριν,
3519 1812 3569 1863 εί
3604 1808 3687 1880 τῷ
3715 1809 3815 1862 πόα

2235 1903 2313 1974 θῳ
2335 1902 2544 1958 τούτων
2575 1904 2787 1959 ἐκείνου
2846 1902 3323 1975 διαζευγνύμεθα;
3365 1900 3468 1955 ποῦ
3518 1901 3576 1954 δὲ
3620 1898 3816 1969 φρενὸς

2234 1995 2644 2063 είδυίαςκαλδν,
2681 1996 2743 2052 τδ
2772 1996 2871 2068 μὲν
2899 1996 3073 2067 δῶρον
3116 1995 3320 2049 ἐθέλειν
3363 1995 3553 2065 τιμᾷν,
3612 1992 3717 2062 τῆς
3760 1990 3820 2045 δὲ

2234 2089 2329 2141 τοῦ
2372 2089 2665 2153 δεδωκότος
2718 2090 2889 2161 τιμῆς
2930 2086 3357 2160 κατολιγωρεῖν;
3417 2086 3558 2165 καλὰ
3620 2083 3815 2155 ταῦτα.

2247 2180 2388 2234 Ἀλλ’
2418 2181 2552 2246 εἴτις
2580 2182 2704 2235 ὅλον
2752 2181 2844 2235 τὸν
2873 2181 3001 2234 νοῦν
3045 2180 3184 2253 πρὸς
3240 2179 3380 2233 αὐτά
3431 2178 3679 2249 στρέφοι,
3725 2176 3821 2232 καὶ

2234 2271 2441 2327 τούτων
2462 2274 2630 2345 ἔρωτι
2650 2274 2746 2328 τοῦ
2783 2272 2953 2338 ὅντως
2986 2272 3153 2327 καλοῦ
3201 2274 3296 2325 τδν
3344 2270 3525 2343 ἔρωτα
3579 2267 3821 2325 ἀποσϐέ-

2237 2391 2346 2439 σοι,
2375 2363 2533 2433 οὗτος
2561 2369 2825 2432 κάκιστος
2858 2367 2958 2438 μὲν
2981 2365 3185 2436 ἐαυτῷ,
3218 2364 3403 2428 ἄθλιος
3431 2362 3488 2416 δὲ
3536 2362 3637 2433 τῆς
3682 2362 3819 2415 ἀπο-

2235 2467 2504 2528 λαύσεως,
2539 2458 2866 2530 ἀθλιώτερος
2894 2458 2952 2512 δὲ
2980 2458 3082 2527 τῆς
3116 2456 3343 2528 ζημίας,
3371 2456 3441 2527 ἢν
3495 2453 3592 2506 ἐπὶ
3634 2449 3810 2524 μικρὰ

2234 2556 2599 2620 δελεάζουσιν,
2633 2548 2953 2614 ἀντελέξατο
2985 2566 3001 2581 ·
3033 2550 3133 2601 οὐκ
3192 2546 3289 2603 οῦν
3332 2546 3463 2617 ὑμῖν
3517 2546 3579 2598 ὲν
3634 2541 3813 2614 καιρῷ

2235 2648 2298 2700 τὸ
2330 2645 2428 2715 τῆς
2459 2640 2686 2712 γνώμης
2709 2638 3011 2709 κηδόμενον
3045 2638 3128 2709 (οὐ
3171 2639 3283 2709 γὰρ
3330 2636 3528 2705 κτῆσιν
3589 2632 3813 2701 ἀγαθῶν

2238 2734 2561 2808 εἰσηγεῖται)
2588 2733 2700 2803 ἔχει
2746 2748 2799 2785 τι
2841 2730 3010 2785 ταῦτα
3059 2729 3402 2800 θελκτήριον,
3455 2726 3551 2782 καὶ
3597 2728 3810 2793 ὑπαγω-

2237 2830 2354 2897 γὸν,
2382 2827 2517 2881 ἀλλὰ
2544 2824 2603 2878 τὸ
2634 2822 2830 2884 κάλλος
2855 2821 3190 2894 ἀσύγκριτον
3219 2822 3323 2892 τῆς
3357 2819 3559 2891 ψυχῆς.
3607 2820 3687 2873 Οὐ
3719 2817 3812 2880 δεῖ,

2236 2920 2330 2974 τοῦ
2362 2919 2672 2990 κρείττονος
2727 2915 3059 2986 ἀφεμένους,
3082 2915 3210 2985 περὶ
3232 2915 3295 2968 τὸ
3328 2909 3493 2986 ἦττον
3522 2912 3624 2983 τὴν
3656 2929 3819 2965 σπου-

2216 3012 2330 3084 δὴν
2361 3010 2735 3082 ἐπιστρέφειν.
2773 3007 2985 3071 Γλυκῦς
3041 3009 3071 3060 ὁ
3105 3005 3295 3078 παρὼν
3327 3005 3466 3077 βίος,
3520 3004 3653 3059 ἀλλ’
3695 3003 3820 3057 οὐδὲ

2164 3133 2207 3190 c
2242 3104 2401 3157 σκιὰν
2423 3104 2523 3175 τῆς
2547 3106 2674 3174 ἡμῖν
2690 3102 3064 3174 ἀποκειμένης
3092 3098 3431 3190 γλυκύτητος
3490 3095 3825 3190 ἀναπληροῖ.

2239 3195 2315 3247 Οὐ
2349 3195 2511 3265 μέχρι
2549 3193 2755 3248 τούτων
2805 3194 3006 3261 ἔστηκε
3060 3192 3129 3244 τὰ
3186 3189 3455 3261 ἡμέτερα.
3503 3185 3823 3255 Ἐκδέχεται

2238 3289 2389 3357 ἡμᾶς
2406 3286 2541 3356 ἄλλη
2570 3285 2705 3357 ζωὴ,
2737 3281 2807 3357 ἧς
2841 3285 2940 3353 οὐχ
2972 3284 3205 3338 ἅπτεται
3251 3278 3428 3342 λύσις.
3457 3277 3573 3330 Οὐκ
3610 3274 3824 3347 οἴχεται

2239 3378 2379 3449 πρδς
2408 3378 2468 3432 τὸ
2500 3379 2574 3448 μὴ
2605 3378 2686 3441 δν,
2722 3376 2836 3431 οὗθ’
2871 3369 3025 3438 οὗτος
3061 3374 3216 3445 ἡμῶν
3252 3375 3279 3427 δ
3306 3372 3530 3443 πήλινος
3574 3371 3823 3441 ἀνδριὰς,

2238 3471 2345 3525 κᾶν
2375 3472 2561 3539 ξέηται
2585 3471 2905 3534 διαπαντὸς,
2928 3467 3054 3523 οὔτε
3088 3466 3273 3535 πολλῷ
3301 3465 3623 3537 πρότερονή
3645 3463 3820 3541 ψυχὴ,

2238 3562 2377 3617 ἀλλὰ
2403 3565 2470 3632 τῇ
2502 3563 2600 3631 μὲν
2617 3561 2814 3623 ἄλυτος
2839 3563 2873 3630 ἡ
2904 3558 3156 3630 διαμονὴ,
3188 3557 3266 3629 τῷ
3293 3556 3372 3625 δὲ,
3398 3558 3486 3611 διὰ
3526 3555 3627 3626 τῆς
3675 3556 3823 3624 ὁρω-

2244 3657 2417 3726 μένης
2443 3655 2675 3722 λύσεως,
2728 3654 2865 3724 πρὸς
2916 3653 2976 3708 τὸ
3018 3652 3213 3705 ἄλυτον
3258 3652 3293 3720 ἡ
3341 3648 3687 3722 μετάϐασις·
3723 3646 3825 3701 καὶ

2238 3750 2307 3818 τῇ
2346 3747 2444 3819 μὲν
2492 3748 2569 3817 μὴ
2630 3743 3002 3817 ἀπολισθούσῃ
3043 3744 3142 3815 τῆς
3195 3743 3367 3804 ὅντως
3405 3739 3687 3810 γνώσεως,
3767 3741 3826 3793 ὲν

2245 3836 2495 3908 μακαρίᾳ
2526 3835 2861 3907 μεταστάσει
2891 3835 2925 3904 ἡ
2960 3833 3227 3902 διαγωγὴ,
3264 3830 3573 3902 ὕπαχθείσῃ
3598 3828 3659 3882 δὲ
3681 3828 3825 3899 πρὸς

2238 3928 2575 3994 τούναντίον,
2610 3926 2767 3998 λῆξις
2794 3925 3014 3997 ἀπαντᾷ
3039 3923 3340 3995 τιμωρίας·
3385 3922 3464 3993 τῷ
3500 3921 3559 3975 δὲ
3604 3919 3827 3990 ἀνάγκη

2240 4015 2657 4079 συναπολαύειν,
2684 4009 2760 4069 ὧν
2789 4014 2857 4071 ἂν
2880 4015 3065 4085 ἐκείνη
3094 4013 3306 4079 δεξιῶν,
3352 4013 3385 4083 ἢ
3431 4011 3658 4081 φαύλων
3720 4026 3825 4083 με·

2246 4112 2419 4180 τέχοι.
2456 4109 2520 4162 Εί
2554 4110 2653 4181 μὲν
2684 4104 2780 4162 οὖν
2815 4110 2873 4161 ὲν
2901 4105 2981 4177 τῷ
3007 4107 3238 4180 παρόντι
3259 4106 3322 4158 τὸ
3359 4104 3557 4169 κάλλος
3580 4102 3828 4176 τηρήσο-

2246 4218 2347 4272 μεν
2378 4201 2479 4271 τῆς
2516 4199 2697 4270 ψυχῆς
2724 4198 2967 4269 (τηροῖτο
3019 4195 3064 4249 δ’
3096 4195 3185 4261 ἂν,
3247 4195 3298 4249 εί
3359 4194 3437 4267 μὴ
3488 4193 3828 4267 προδοίημεν

2238 4295 2339 4365 τὴν
2370 4291 2701 4362 εὐσέϐειαν),
2727 4291 2882 4347 ἔσται
2907 4291 3061 4359 ἡμῖν,
3100 4287 3253 4342 ἔσται
3294 4288 3390 4341 καὶ
3429 4286 3605 4341 ταῦτα
3645 4286 3716 4359 δὴ
3756 4286 3829 4340 τά

2237 4383 2335 4437 τοῦ
2358 4381 2613 4454 σώματος
2634 4383 2696 4436 ὲν
2726 4380 2976 4451 ἀμείνονι
3002 4379 3400 4450 διαμειϐόμενα
3439 4379 3707 4448 σχήματι.
3760 4378 3830 4432 Et

544 4470 867 4525 necessario
909 4480 1005 4526 aut
1046 4470 1207 4527 bonis
1235 4478 1331 4525 aut
1363 4472 1547 4536 malis,
1582 4471 1787 4542 quibus
1832 4473 1971 4539 ipsa,
2008 4486 2133 4539 per-

2237 4476 2296 4527 δὲ
2321 4476 2388 4545 τῇ
2411 4473 2557 4545 ψυχῇ
2591 4472 3070 4545 παραχωρήσομεν
3086 4470 3185 4533 τὰς
3218 4469 3319 4539 τῆς
3342 4468 3600 4533 ἀσεϐείας
3620 4468 3827 4539 κῆρας,

547 4561 847 4619 frueretur.
865 4560 924 4618 Si
956 4562 1125 4632 igitur
1144 4564 1199 4619 in
1218 4562 1481 4635 praesenti
1512 4563 1624 4617 vita
1666 4562 2135 4633 pulchritudinem

544 4649 747 4707 anima:
800 4666 1199 4709 conservemus
1224 4653 1701 4725 (conservabimus
1734 4660 1914 4707 autem
1942 4651 1989 4706 si
2018 4651 2137 4723 pie-

546 4754 716 4800 tatem
750 4759 862 4799 non
897 4744 1244 4817 prodamus),
1294 4747 1405 4802 hoc.
1428 4747 1549 4816 ipso
1581 4747 1743 4801 etiam
1774 4744 1991 4816 corpori
2024 4760 2139 4800 me-

541 4836 734 4892 liorem
771 4836 1004 4892 formam
1034 4847 1089 4893 et
1109 4839 1481 4894 conditionem
1509 4839 1953 4894 conciliabimus.
1979 4836 2135 4904 Quod

542 4929 589 4984 si
615 4930 893 5000 patiamur
928 4930 1172 4986 animam
1201 4933 1255 4986 in
1289 4932 1625 5002 impietatem
1660 4932 1898 5001 prolabi,
1927 4939 1981 4986 et
2010 4931 2137 4986 huic

540 5032 598 5075 ct
636 5022 715 5077 illi
773 5022 1010 5079 insidias
1070 5025 1381 5080 tetendisse
1429 5023 1556 5094 jure
1604 5026 1817 5093 optimo
1869 5024 2133 5079 feremur.

540 5113 684 5178 Quid
717 5114 886 5184 igitur
930 5113 1027 5169 illa
1086 5114 1249 5170 nobis
1305 5113 1536 5177 aﬂ‘ertis,
1593 5132 1718 5182 qum
1750 5131 1927 5184 neque
1963 5117 2134 5169 altera

540 5213 695 5272 parte
752 5205 1047 5273 pulchrum
1088 5205 1439 5276 respiciunt?
1478 5207 1633 5273 Quod
1686 5207 1733 5261 si
1777 5216 1831 5260 et
1861 5207 2019 5261 vobis
2071 5221 2135 5260 ca

537 5310 663 5364 quas
718 5293 1021 5359 delectant,
1078 5299 1236 5353 cordi
1292 5307 1443 5361 sunt,
1490 5297 1717 5368 qumrite
1742 5298 1884 5355 viam
1913 5314 2036 5368 qua:
2066 5300 2132 5352 ad

539 5399 671 5439 vere
695 5383 1046 5442 delectabilia
1064 5386 1241 5442 ducit.
1263 5387 1364 5443 Sin
1395 5388 1597 5450 minus,
1635 5388 1795 5444 nobis
1822 5398 2003 5443 autem
2022 5398 2173 5444 tota"

538 5474 801 5546 cogitatio
840 5487 1034 5534 nostra
1065 5479 1136 5534 ad
1161 5480 1253 5535 illa
1289 5481 1489 5547 tendit,
1526 5497 1592 5536 ne
1617 5482 1911 5551 praesentia
1936 5497 2138 5552 propo-

538 5570 657 5624 nite
687 5584 705 5623 :
741 5571 881 5627 nihil
910 5588 1014 5628 nos
1047 5571 1181 5630 inde
1214 5573 1546 5630 abstrahere
1599 5584 1805 5644 potest,
1837 5575 1955 5630 sive
1978 5574 2136 5631 volu-

540 5669 771 5731 ptatem,
796 5663 916 5719 sive
943 5664 1231 5720 tristitiam
1263 5665 1466 5735 pariat.
1499 5665 1644 5733 Quid
1691 5667 1925 5737 gloriam
1969 5667 2134 5723 nobis

537 5749 903 5822 pollicemini,
943 5753 1107 5826 cujus
1156 5756 1369 5815 domini
1430 5772 1543 5813 non
1582 5757 1761 5815 estis?
1791 5757 1933 5825 Quid
1962 5758 2129 5825 datis,

2239 4567 2611 4637 λυμήνασθαι,
2637 4563 2951 4635 καὶταύτῃ,
2980 4562 3224 4634 κάκείνῳ
3253 4557 3701 4626 ἐπιϐουλεύοντες
3756 4562 3829 4616 ἂν

2238 4658 2564 4730 ὀφθείημεν.
2594 4656 2660 4711 Τί
2692 4656 2785 4710 οῦν
2815 4658 3003 4709 ἐκεῖνα
3035 4656 3169 4725 ἡμῖν
3227 4652 3559 4724 εἰσηγεῖσθε,
3615 4653 3652 4707 ἀ
3699 4653 3829 4724 μηδ’

2238 4751 2413 4821 ἑτέρῳ
2447 4750 2603 4821 μέρει
2630 4749 2765 4819 πρὸς
2783 4748 2946 4802 καλὸν
2963 4748 3065 4818 ὁρᾷ.
3091 4762 3109 4814 ;
3151 4747 3213 4801 El
3249 4746 3349 4817 μὲν
3370 4748 3465 4799 καὶ
3493 4746 3623 4816 ύμῖν
3670 4743 3831 4817 μέλει

2236 4842 2348 4896 τῶν
2377 4843 2649 4912 τερπνῶν,
2680 4840 2958 4913 ζητήσατε
2974 4840 3073 4909 τὴν
3103 4838 3244 4904 ὁδὸν,
3272 4840 3307 4910 ἢ
3328 4837 3639 4901 διαϐιϐάζει
3687 4838 3830 4909 πρὸς

2238 4934 2309 4988 τὰ
2336 4934 2509 4995 ὅντως
2539 4932 2769 5004 τερπνά.
2833 4934 2899 4985 Ei
2944 4932 3003 4985 δὲ
3056 4931 3285 5003 μὴ,ἀλλ’
3315 4932 3447 5002 ἡμῖν
3492 4947 3556 4998 γε
3595 4930 3716 4983 ὅλον
3763 4931 3831 4984 τὸ

2240 5025 2497 5095 φρόνημα
2524 5023 2660 5096 πρὸς
2685 5024 2871 5076 ἐκεῖνα
2896 5022 3312 5093 μεταθεμένοις,
3346 5022 3423 5092 μὴ
3458 5022 3528 5077 τὰ
3578 5022 3831 5093 παρόν-τα

2238 5114 2574 5186 προτείνετε.
2602 5113 2771 5167 Οὐδὲν
2803 5116 2837 5186 ἠ
2850 5114 2957 5185 μᾶς
2994 5114 3203 5167 ὲκεῖθεν
3240 5113 3525 5184 μεθέλκειν
3574 5113 3828 5173 δύναται,

2242 5209 2342 5278 οὐχ
2374 5208 2475 5260 ὅσα
2505 5206 2663 5278 φέρει
2694 5205 2909 5277 τέρψιν,
2940 5206 3038 5277 οὐχ
3062 5206 3163 5259 ὃσα
3195 5205 3377 5259 λυπεῖ.
3403 5205 3470 5258 Τί
3501 5205 3660 5269 δόξαν
3691 5205 3830 5275 ἡμῖν

2238 5301 2610 5373 ὑπισχνεῖσθε,
2638 5296 2707 5374 ἦς
2755 5303 2853 5355 οὐκ
2887 5301 3010 5354 ἐστὲ
3038 5300 3252 5371 κύριοι;
3306 5300 3361 5353 τί
3407 5301 3601 5365 δίδοτε,
3643 5298 3680 5353 ἃ
3727 5302 3831 5353 καὶ

2238 5396 2385 5466 ὑμᾶς
2406 5394 2602 5448 θᾶττον
2632 5393 2953 5458 ἀπολείπεις
2990 5392 3044 5445 τί
3071 5393 3138 5456 δ’,
3174 5393 3250 5457 ὼς
3303 5392 3559 5464 φοϐερὸν,
3603 5391 3697 5446 τὸν
3728 5391 3830 5445 θάο

2237 5502 2398 5541 νατον
2415 5484 2717 5549 ἀπειλεῖτε,
2767 5483 2828 5548 δς
2860 5484 3065 5555 μᾶλλον
3096 5484 3229 5553 ὑμῖν
3278 5485 3502 5555 ἀπαντᾷ
3558 5482 3825 5555 φοϐερόςς

2238 5577 2298 5631 ἒν
2353 5577 2489 5648 ἡμῖν
2520 5574 2795 5648 τερπνὸν,
2850 5575 2912 5629 τδ
2974 5576 3117 5645 μετὰ
3168 5572 3410 5645 Χριστοῦ
3465 5570 3630 5630 εἶναι.
3665 5573 3725 5627 ἒν
3766 5572 3830 5626 δὲ

2237 5666 2493 5738 φοϐερὸν,
2531 5667 2617 5730 τὸ,
2642 5664 2855 5720 ἐκείνου
2894 5663 3249 5735 χωρίζεσθαι.
3307 5664 3477 5718 Ταῦθ’
3523 5666 3553 5719 ὁ
3596 5662 3698 5735 μέν
3740 5679 3829 5725 τις

2236 5760 2347 5815 τῶν
2389 5757 2667 5823 ἀθλητῶν,
2720 5753 2833 5812 οἷον
2894 5757 3124 5823 νιφάδες
3195 5756 3379 5821 ἀφιεὶς
3433 5759 3512 5821 είς
3577 5753 3827 5820 ἀφωνίαν
