4086 6298
398 387 496 450 ΠἸ
1374 390 1654 452 ORATIO
1682 393 1804 452 XV.
1836 415 1905 427 --
1942 392 2018 453 ΙΝ
2061 392 2320 457 OMNES
2357 395 2723 458 SANCTOS.
3553 398 3660 464 178

390 500 660 568 περιέστη
719 499 820 564 τὰς
906 499 1242 571 συνηγόρους
1290 501 1391 571 τῆς
1434 501 1648 572 πλάνης
1693 501 1962 570 γλώσσας.

2069 521 2192 574 quae
2221 507 2379 562 vobis
2404 508 2539 577 ipsis
2568 509 2712 564 forte
2737 506 2981 562 desunt?
3010 506 3154 573 Quid
3183 517 3444 581 tanquam
3492 512 3658 566 terri-

393 590 620 661 Ἕτερος
643 591 722 654 δὲ,
749 591 819 645 τὰ
851 592 989 661 μέλη
1019 590 1306 662 προῦτεινε
1354 593 1492 664 πρὸς
1549 593 1812 664 ἐκτομὴν,
1870 595 1964 648 καὶ

2076 595 2234 650 ticam
2267 605 2500 651 mortem
2533 596 2843 662 minaniini,
2891 612 3015 666 quas
3049 597 3206 653 vobis
3255 599 3431 669 magis
3467 598 3662 655 formi-

389 683 526 754 πρὸς
555 683 655 753 τὴν
683 685 900 753 σφαγὴν
940 686 1034 738 τὸν
1075 684 1280 753 αὐχένα
1318 685 1511 749 ἐδίδου,
1567 686 1664 738 καὶ
1704 686 1778 758 μὴ
1838 688 1964 757 μὲλ-

2075 687 2252 742 danda
2286 689 2469 744 venit?
2519 688 2698 744 Unum
2727 689 2883 745 nobis
2902 689 3208 759 jucundum
3234 703 3340 756 est,
3378 707 3503 747 esse
3533 706 3659 747 cum

389 780 503 828 λειν
532 775 668 846 πρὸς
694 774 792 846 τὴν
825 778 1024 846 πεῖραν
1053 776 1162 829 τῶν
1187 774 1437 845 βασάνων
1471 776 1893 847 παρεκελεύετο.

2073 779 2317 835 Christo.
2381 779 2562 836 Unum
2604 780 3052 849 formidandum,
3096 783 3345 852 separari
3398 784 3468 837 ab
3512 785 3656 852 ipso.

390 867 516 922 llaec
542 883 686 923 unus
707 884 772 923 ex
799 869 1126 924 athletarum
1157 885 1390 924 numero
1416 869 1760 939 prolocutus,
1803 871 2082 927 silentium
2110 874 2372 940 imposuit
2438 875 2646 929 erroris
2709 873 3012 928 advocatis.
3092 876 3249 930 Alius
3305 889 3434 930 vero
3484 888 3660 928 mem-

388 966 486 1016 bra
516 963 894 1033 protendebat,
925 970 986 1018 ut
1015 972 1457 1033 amputarentur,
1489 971 1544 1017 et
1573 963 1870 1027 cervicem,
1904 971 1964 1016 ut
1997 964 2410 1033 praecideretur,
2436 972 2874 1036 cunctantesque
2925 967 2993 1020 ad
3043 972 3316 1020 tormenta
3370 965 3660 1020 inferenda

388 1056 687 1112 excitabat.

472 1146 615 1202 Ἀλλ’
637 1148 671 1216 ὴ
707 1146 807 1218 μὲν
840 1146 952 1199 τῶν
976 1145 1277 1219 προμάχων
1325 1148 1426 1217 τῆς
1464 1146 1745 1216 ἀληθείας,
1796 1147 1970 1210 οὕτως

389 1240 814 1307 ἀκατάπληκτος
851 1239 1153 1310 παρρησία.
1199 1238 1264 1291 Ἠ
1309 1238 1367 1292 δὲ
1400 1239 1622 1308 ποικίλη
1669 1238 1780 1292 τῶν
1819 1239 1973 1292 δικα-

390 1332 533 1385 στῶν
566 1330 847 1384 κακόνοια.
871 1331 1001 1392 Τοῖς
1026 1331 1127 1402 μὲν
1161 1330 1366 1394 εὐθέως
1416 1331 1642 1401 ὲπηφίει
1688 1330 1759 1384 τὰ
1796 1330 1970 1395 δεινὰ,

390 1423 490 1476 καὶ
519 1421 606 1474 διὰ
667 1421 778 1476 τῶν
830 1419 1227 1492 παλαισμάτων
1269 1421 1547 1492 ἐλάμϐανε
1594 1419 1827 1490 δοκιμὴν
1873 1419 1974 1488 τῆς

387 1531 452 1567 τε
528 1514 801 1583 ἀηττήτου
870 1510 980 1566 τῶν
1045 1512 1297 1583 ἀθλητῶν
1367 1513 1640 1583 ἀνδρείας,
1709 1515 1803 1567 καὶ
1870 1513 1973 1580 τῆς

391 1609 544 1676 σφῶν
595 1607 785 1676 ἥττης.
847 1606 911 1659 Oi
970 1607 1026 1658 δὲ
1075 1607 1254 1659 καίτοι
1327 1605 1466 1677 πρὸς
1539 1607 1734 1675 φόνους
1810 1607 1974 1673 τεθη-

388 1700 613 1770 γμένοι,
673 1701 768 1753 καὶ
824 1699 1020 1768 ἥδιστα
1069 1698 1166 1750 τοῦ
1221 1698 1562 1769 μαρτυρικοῦ
1620 1699 1687 1754 ἂν
1738 1688 1972 1768 αἵματος

388 1793 696 1862 πιόντες,ἢ
752 1790 969 1856 ὓδατος,
1027 1791 1111 1844 ἔτι
1161 1791 1222 1843 τὸ
1284 1791 1547 1862 μειλίχιον
1593 1792 1967 1860 ὑπεδείκνυον,

395 1885 493 1937 καὶ
521 1884 630 1938 τῶν
655 1885 905 1955 βασάνων
935 1885 1150 1960 ἀνεῖχον
1188 1883 1285 1954 τὴν
1307 1887 1521 1954 πεῖραν,
1552 1886 1646 1937 καὶ
1703 1886 1839 1956 πρὸς
1870 1885 1968 1940 λα-

389 1983 493 2046 ϐὰς
548 1982 744 2050 λόγων,
794 1985 986 2052 πράως
1041 1982 1325 2044 δοκοῦντες
1376 1980 1541 2050 ἔχειν,
1589 1981 1669 2032 ἔτι
1703 1976 1967 2033 συνεπλέ-

387 2087 550 2124 κοντο
574 2112 588 2134 ,
627 2072 689 2124 ΕΞ
716 2070 813 2123 καὶ
869 2071 1001 2140 ὑμῖν
1056 2068 1328 2136 λέγοντες,
1355 2070 1418 2122 οὐ
1468 2068 1812 2139 βουλομένοις
1839 2068 1971 2138 ὁρᾷν

385 2159 450 2212 τὸ
475 2159 776 2229 συμφέρον,
805 2155 1276 2227 περισπούδαστός
1313 2159 1464 2210 ἐστιν
1496 2157 1524 2207 ὁ
1583 2155 1728 2208 οὕτω
1774 2155 1970 2225 πικρὸς

388 2250 644 2314 θάνατος,
687 2250 801 2304 ἀλλ’
855 2250 1003 2320 ἡμᾶς
1048 2265 1112 2317 γε
1150 2244 1335 2310 οἶκτος
1385 2248 1719 2315 εἰσέρχεται,
1762 2246 1856 2298 καὶ
1906 2245 1966 2297 οὐ

389 2339 696 2411 βουλόμεθα
716 2340 904 2402 κακῶς
928 2341 1074 2410 ὑμᾶς
1104 2339 1388 2393 ὀλωλέναι.
1418 2339 1622 2409 Ἐχρῆν
1645 2338 1702 2390 δὲ
1746 2338 1967 2407 μᾶλλον,

387 2430 580 2502 ὥσπερ
612 2432 945 2502 διακαθᾶραι
988 2431 1068 2500 τῷ
1108 2433 1174 2483 ὲκ
1222 2430 1399 2498 λόγων
1451 2431 1596 2498 φωτὶ
1649 2431 1752 2498 τὴν
1805 2447 1965 2501 περι-

391 2521 626 2591 σχοῦσαν
655 2523 802 2591 ὑμᾶς
840 2521 1072 2592 πλάνην,
1099 2522 1176 2586 ὡς
1209 2521 1275 2575 ἂν
1296 2521 1440 2575 οὕτω
1483 2522 1584 2590 τῆς
1627 2520 1967 2575 ἐπικινδύνου

387 2615 546 2684 δόξης
583 2616 944 2678 ἀποστάντες,
995 2614 1153 2677 θεούς
1204 2630 1263 2666 τε
1313 2613 1434 2683 μεθ’
1491 2612 1648 2685 ἡμῶν
1700 2611 1966 2682 τιμῴητε,

387 2706 602 2757 καὶτῶν
636 2705 903 2771 βασιλέως
935 2705 1158 2773 ἀγαθῶν
1193 2704 1576 2776 κοινωνοίητε.,
1613 2704 1820 2775 Ἰησοῦς
1866 2703 1965 2774 μὲν

383 2795 496 2862 γὰρ
517 2796 743 2856 ἐκεῖνος,
774 2794 833 2846 ὃν
860 2797 1074 2857 ἑαυτοῖς
1141 2793 1369 2864 βασιλέα
1431 2795 1816 2864 χειροτονεῖτε,
1876 2793 1968 2845 τὸν

381 2887 494 2940 τῶν
528 2886 858 2956 ,κακούργων
892 2885 1126 2939 θάνατον
1177 2886 1444 2948 ὑποστὰς.
1476 2885 1579 2938 οὐκ
1617 2884 1775 2956 ἔσχεν
1803 2883 1967 2937 αὑτὸν

383 2976 624 3048 βοηθεῖν.
680 2976 805 3041 Πῶς
857 2972 954 3032 οὖν
997 2977 1128 3048 ὑμῖν
1186 2977 1482 3047 ὲπαμύνει,
1515 2976 1576 3040 ὂς
1640 2977 1765 3048 μηδ’
1814 2975 1968 3047 αὑτῷ

383 3068 622 3139 ἧμυνενς
663 3069 694 3142 ῆ
733 3067 851 3132 πῶς
881 3067 992 3123 τῶν
1023 3071 1103 3131 εἰς
1156 3069 1326 3138 τιμὴν
1361 3068 1604 3137 ἡκόντων
1634 3085 1688 3121 τι
1723 3067 1962 3138 μεταδῷ,

383 3158 413 3208 ό
443 3156 616 3222 οὕτως
646 3159 859 3228 ἀτίμως
907 3155 1125 3222 θανὼν;
1167 3156 1437 3226 ἐπίγνωτε
1496 3158 1625 3220 τοὺς
1665 3157 1966 3226 εὐεργέτας

2139 1145 2245 1202 Sed
2279 1145 2392 1201 haec
2422 1145 2644 1216 quidem
2686 1145 2932 1201 veritatis
2985 1153 3455 1216 propugnatorum
3511 1146 3650 1201 adeo

2073 1239 2442 1310 imperterrita
2478 1238 2733 1307 loquendi
2759 1237 2989 1293 libertas
3013 1245 3152 1293 erat.
3199 1241 3267 1291 At
3293 1238 3510 1307 judices
3551 1237 3654 1292 im-

2068 1333 2228 1404 probi
2259 1332 2358 1386 hos
2386 1332 2506 1386 sine
2537 1344 2691 1385 mora
2717 1332 3008 1386 tormentis
3052 1329 3382 1394 subdebant,
3410 1330 3659 1401 ipsisque

2068 1421 2471 1477 certaminibus
2508 1420 2946 1491 experimentum
2979 1422 3278 1477 sumebant
3320 1433 3378 1478 et
3425 1424 3494 1478 de
3520 1423 3659 1479 invi-

2069 1521 2160 1568 cto
2180 1513 2512 1567 athletarum
2547 1512 2768 1576 robore,
2803 1520 2860 1567 et
2890 1513 2960 1565 de
3000 1528 3099 1566 sua
3144 1513 3299 1567 clade
3328 1524 3384 1569 et
3415 1517 3662 1571 victoriae

2074 1605 2394 1661 amissione.
2425 1603 2531 1657 Alii
2572 1619 2708 1660 vero
2735 1604 2992 1673 quamvis
3026 1604 3258 1659 caedium
3297 1607 3501 1674 cupidi,
3542 1623 3660 1661 ma—

2069 1697 2263 1766 gisque
2303 1696 2592 1766 sanguinis
2623 1705 2952 1766 martyrum,
3002 1711 3168 1766 quam
3198 1712 3353 1767 aquae
3380 1697 3658 1764 sitientes,

2069 1788 2368 1842 blanditias
2390 1787 2569 1842 adhuc
2588 1782 2943 1854 adhibebant,
2969 1797 3024 1843 et
3052 1803 3083 1841 a
3117 1789 3463 1845 cruciatibus
3487 1790 3657 1847 absti-

2071 1879 2297 1945 nebant,
2338 1886 2393 1934 et
2422 1879 2488 1933 ad
2525 1878 2831 1936 tendiculas
2856 1880 3180 1945 verborum,
3211 1895 3320 1951 quo
3359 1881 3659 1936 clementes

2070 1988 2195 2026 esse
2221 1972 2576 2035 viderentur,
2631 1986 2754 2026 sese
2812 1971 3228 2027 convertebant.
3281 1971 3431 2026 Licet
3481 1972 3653 2040 vobis,

2070 2064 2311 2129 aiebant,
2363 2063 2675 2118 nolentibus
2734 2077 2962 2118 cernere
3005 2063 3058 2117 id
3090 2064 3236 2133 quod
3283 2063 3656 2129 conducibile,

2069 2170 2259 2208 amara
2290 2169 2439 2208 mors
2466 2152 2772 2222 expetenda
2816 2152 3088 2216 videatur,
3130 2161 3185 2206 at
3211 2169 3313 2207 nos
3340 2153 3655 2208 miscricor-

2069 2246 2158 2300 dia
2194 2247 2360 2301 vestri
2391 2245 2563 2315 tangit
2591 2260 2607 2311 ;
2654 2260 2828 2312 neque
2860 2259 2956 2298 vos
2991 2244 3132 2298 male
3160 2244 3342 2314 perire
3373 2246 3656 2300 volumus.

2069 2337 2258 2393 Satius
2306 2344 2489 2390 autem
2521 2344 2662 2400 erat,
2696 2347 2755 2390 ut
2788 2337 2937 2391 velut
2972 2336 3241 2392 orationis
3273 2336 3477 2391 lumine
3505 2352 3652 2401 eam,

2069 2443 2192 2498 quae
2221 2428 2380 2484 vobis
2408 2427 2749 2483 circumfusa
2777 2437 2883 2494 est,
2917 2428 3291 2498 deceptionem
3323 2433 3665 2498 expurgare"

2069 2522 2162 2587 tis,
2192 2528 2252 2576 ut
2286 2522 2368 2576 sic
2393 2520 2614 2576 deserta
2641 2523 2952 2591 periculosa
2984 2521 3363 2590 persuasione,
3398 2521 3531 2577 deos
3561 2535 3658 2574 no-

2069 2614 2280 2669 biscum
2311 2614 2590 2680 colerctis,
2615 2620 2672 2668 et
2701 2613 2993 2678 bonorum,
3017 2628 3140 2682 qua:
3168 2613 3461 2682 imperator
3489 2612 3654 2682 largi-

2069 2715 2177 2772 tur,
2210 2705 2510 2775 participes
2543 2704 2770 2760 essetis.
2795 2703 2931 2759 Nam
2957 2703 3123 2760 Jesus
3153 2704 3266 2768 ille,
3309 2720 3470 2773 quem
3498 2703 3654 2759 vobis

2069 2813 2250 2866 regem
2285 2797 2485 2867 legitis,
2513 2795 2890 2851 maleﬁcorum
2938 2805 3114 2850 morte
3167 2796 3371 2862 subita,
3408 2795 3512 2850 sibi
3538 2795 3659 2864 ipse

2067 2903 2227 2958 opem
2255 2887 2399 2943 ferre
2429 2890 2641 2959 nequit.
2665 2887 2954 2953 Quomodo
2972 2887 3142 2957 igitur
3167 2887 3324 2942 vobis
3341 2897 3651 2953 succurret,

2067 2981 2160 3048 qui
2189 2979 2294 3034 sibi
2329 2995 2440 3034 non
2469 2978 2572 3034 fuit
2607 2979 2850 3035 auxilio?
2873 2978 2983 3033 Aut
3012 2978 3288 3049 quomodo
3315 2979 3384 3044 is,
3411 2979 3506 3048 qui
3537 2985 3649 3032 tam

2067 3068 2490 3140 ignominiosam
2522 3079 2756 3124 mortem
2784 3067 3036 3138 oppetiit,
3061 3067 3251 3137 gloriae
3291 3065 3499 3134 aliquid
3521 3079 3660 3119 con-

2069 3157 2244 3212 feret?
2276 3159 2570 3230 Agnoscite
2603 3157 2983 3213 benefactores
3029 3164 3085 3211 et
3135 3164 3446 3212 servatores
3473 3155 3648 3212 'deos.

383 3246 478 3299 καὶ
495 3248 749 3317 σωτῆρας
804 3246 982 3308 θεούς.
1029 3247 1143 3316 Οὐχ
1183 3246 1368 3315 ὁρᾶτε,
1419 3245 1542 3298 ὅθεν
1588 3245 1658 3298 τὰ
1703 3245 1964 3297 κάλλιστα

2071 3250 2260 3306 Nonne
2293 3252 2512 3316 videtis,
2577 3251 2721 3307 unde
2775 3250 3146 3320 pulcherrima
3179 3265 3412 3320 quaeque
3448 3247 3661 3302 ﬂuant?

383 3339 796 3411 παραγίνεται;
825 3339 1016 3400 Ἥλιος
1038 3337 1226 3391 οὐτοσὶ
1251 3337 1326 3391 τὰ
1369 3338 1546 3390 πάντα
1593 3336 1794 3407 πληροῖ
1851 3353 1964 3404 φω-

381 3433 495 3495 τὸς,
528 3429 708 3484 πάντα
734 3431 933 3501 πληροῖ
953 3431 1123 3501 ζωῆς.
1161 3430 1436 3500 Ἀγνοεῖτε
1473 3431 1667 3483 τούτου
1721 3431 1817 3497 τὴν
1869 3427 1964 3480 δύ-

381 3511 585 3593 ναμιν;
619 3525 695 3578 Οὐ
723 3524 842 3589 νὺξ,
875 3525 970 3577 καὶ
995 3526 1179 3594 ἡμέρα
1217 3525 1331 3587 τοῖς
1389 3524 1602 3576 ἐκείνου
1657 3523 1966 3593 ἀκαμάτοις

381 3615 607 3686 δρόμοις
650 3614 968 3686 μερίζεταις
1011 3614 1086 3666 Οὐ
1130 3613 1240 3666 τῶν
1297 3613 1620 3683 θαυμασίων
1674 3611 1854 3683 ὡρῶν,
1905 3609 1962 3665 αἳ

383 3705 578 3777 ὥσπερ
611 3706 808 3775 σεμναί
836 3723 981 3768 τινες
1001 3706 1158 3776 κόραι
1176 3705 1438 3776 ἀλλήλαις
1489 3705 1962 3778 περιχορεύουσιν,

382 3793 544 3863 οὗτός
605 3799 754 3854 ἐστιν
805 3798 1165 3865 αἰτιώτατος;
1209 3797 1341 3870 Ἆρ’
1391 3799 1574 3867 ὀλίγου
1637 3793 1802 3860 τινὸς
1838 3796 1965 3862 ἄξια

382 3892 580 3958 ταῦτα,
604 3894 700 3948 καὶ
725 3893 786 3947 οὗ
811 3893 963 3956 Θείας
983 3893 1188 3963 τιμῆς;
1227 3891 1362 3946 Οὐδὲ
1405 3891 1637 3962 σελήνην
1689 3891 1827 3955 ἴστε,
1864 3890 1965 3944 ὃσα

384 3982 701 4055 ἀνθρώποις
730 3983 1045 4056 χαρίζεταις
1105 3985 1208 4038 ὃσα
1247 3982 1618 4054 συμϐάλλεται
1655 3982 1737 4053 τῷ
1771 3983 1933 4035 παντί
1946 3999 1962 4047 ;

382 4075 725 4146 Προσφᾶρειν
749 4076 844 4130 οὖν
877 4076 960 4130 δεῖ
991 4077 1278 4150 καὶταύτῃ
1325 4076 1388 4128 τὸ
1438 4076 1602 4138 σέϐας
1631 4090 1646 4105 ⁸
1708 4075 1799 4129 ναὶ
1855 4074 1964 4145 μὴν

381 4171 480 4224 καὶ
503 4171 618 4233 τοῖς
636 4168 823 4232 ἀλλοις
871 4169 1211 4240 φωστῆρσιν,
1239 4161 1315 4222 ὧν
1362 4168 1396 4239 ἡ
1433 4167 1708 4238 ἐπιτροπὴ
1768 4167 1966 4220 διοικο-

379 4262 540 4331 νομεῖ
567 4260 639 4315 τὰ
665 4259 1016 4331 ἀνθρώπινα·
1049 4260 1146 4314 ἐπὶ
1193 4263 1330 4314 πᾶσι
1361 4260 1441 4327 δὲ,
1479 4260 1558 4331 τῷ
1606 4259 1743 4312 θεῶν
1775 4257 1966 4330 ὑπάτῳ

379 4351 557 4419 Διὶ,δς
577 4351 838 4407 ἁπάντων
868 4351 1051 4424 εἴληχε
1082 4353 1180 4424 την
1208 4353 1410 4425 ἀρχήν.

448 4557 595 4628 Πρὸς
646 4557 822 4612 ταῦτα
872 4559 922 4611 oi
983 4558 1086 4628 μὲν
1115 4556 1226 4612 τῶν
1270 4556 1590 4628 μαρτύρων,
1638 4561 1818 4628 σιωπῇ
1862 4560 1963 4628 τὴν

376 4647 556 4701 αὐτῶν
574 4647 782 4718 πλάνην
840 4648 1186 4702 κατέστενον.
1225 4651 1288 4702 Οί
1327 4650 1385 4702 δὲ
1426 4650 1521 4703 καὶ
1548 4649 1779 4721 δάκρυσι
1831 4667 1964 4704 κατ-

376 4738 670 4805 ελείόοντο,
698 4739 856 4791 τοῦτο
907 4738 1006 4808 μὲν
1033 4737 1128 4792 τοῦ
1153 4740 1499 4810 Δημιουργοῦ
1543 4741 1644 4810 τὴν
1698 4739 1856 4811 ὕϐριν
1898 4742 1960 4794 οὐ

377 4831 636 4900 φέροντες
658 4831 945 4901 ἀδακρυτὶ,
975 4830 1138 4886 τοῦτο
1165 4833 1363 4902 δὲ,1καὶ
1391 4834 1517 4896 τοὺς
1563 4833 1959 4904 πλανωμένους

373 4922 477 4993 τῆς
506 4924 768 4986 ἀπονοίας
788 4924 1173 4992 οἰκτείροντες.
1224 4925 1418 4988 Ἀλλος
1465 4927 1526 4979 δέ
1584 4943 1669 4990 τις
1701 4927 1959 4995 γλῶσσαν

373 5010 760 5080 πολύφθογγον
788 5015 1127 5083 ἀνακινήσας
1159 5013 1236 5084 τῷ
1265 5014 1570 5084 Πνεῦματι,
1623 5015 1732 5070 τῶν
1782 5015 1960 5086 λόγων

370 5100 434 5154 τὸ
455 5102 704 5169 μάταιον,
736 5101 916 5170 λόγοις
941 5105 1203 5175 ἀληθείας
1219 5105 1511 5177 ὲῤῥάπιζε.
1563 5107 1700 5175 Περὶ
1731 5107 1831 5177 μὲν
1860 5109 1960 5176 τῆς

371 5194 464 5246 τοῦ
498 5194 768 5264 ἡμετέρου
784 5195 1051 5265 βασιλέως
1069 5197 1352 5268 δυνάμεως
1383 5199 1580 5267 λέγων’
1602 5194 1673 5251 Ὦ
1703 5199 1957 5266 δικαστά,

371 5285 430 5338 ιν
478 5286 616 5355 ἔφης
670 5289 762 5341 τὸν
806 5288 1290 5362 τῶνκακούργων
1341 5291 1575 5347 θάνατον
1633 5293 1956 5364 ὑπομεῖναι;

367 5381 488 5447 είγε
509 5379 820 5452 βουλομένῳ
853 5399 936 5435 σοι
962 5385 990 5436 ό
1034 5383 1298 5455 λογισμὸς
1331 5384 1470 5456 πρὸς
1512 5386 1573 5438 τὸ
1620 5385 1753 5455 ὕψος
1788 5384 1956 5438 αὑτοῦ

367 5473 471 5541 τῆς
517 5472 944 5542 μεγαλειότητος
972 5476 1330 5541 ὲνατενίζειν,
1375 5475 1552 5546 ἔγνως
1611 5476 1680 5531 ἂν
1730 5473 1844 5540 οἷός
1872 5477 1958 5542 τίς

372 5561 617 5633 ιστιτὴν
643 5560 902 5634 δύναμιν,
959 5567 1054 5618 καὶ
1101 5563 1196 5620 τὸν
1234 5565 1488 5631 Θάνατον,
1547 5561 1608 5620 δν
1647 5567 1952 5636 χλευάζεις,

367 5649 569 5723 ἡλίκην
629 5652 777 5724 ζωὴν
831 5654 1230 5727 προεεῶοησενς
1301 5657 1443 5711 Ἀλλ’
1484 5658 1549 5711 οὐ
1617 5657 1774 5728 φίλον
1823 5659 1958 5728 ὑμῖν

365 5735 720 5810 ἀπηλλάχθαι
743 5739 846 5809 τῆς
874 5740 1036 5813 φίλης
1055 5744 1288 5815 πλάνης.
1321 5740 1421 5809 Οἷς
1450 5746 1508 5800 δὲ
1543 5748 1676 5819 περί
1705 5764 1766 5800 τε
1798 5747 1954 5819 ἡλίου

372 5827 604 5882 καὶτῶν
651 5827 828 5884 ἄλλων
860 5832 1150 5898 συνείρεις,
1186 5835 1286 5888 οὐκ
1345 5835 1652 5899 ἀγνοοῦμεν
1697 5838 1824 5900 τοὺς
1870 5836 1959 5890 λό-

2071 3344 2165 3398 Sol
2220 3345 2325 3399 iste
2362 3346 2546 3399 omnia
2595 3343 2785 3414 implet
2821 3343 3260 3406 lumine.omnia
3299 3341 3490 3411 implet
3518 3342 3651 3396 vita.

2062 3434 2205 3489 Num
2240 3437 2348 3490 vim
2374 3433 2492 3504 ejus
2521 3434 2829 3504 ignoratis?
2861 3434 2944 3488 An
2975 3448 3085 3488 non
3126 3447 3233 3487 nox
3265 3439 3322 3488 et
3337 3431 3457 3488 dies
3495 3431 3652 3488 inde-

2066 3529 2268 3586 sinenti
2303 3528 2426 3598 ejus
2453 3543 2622 3582 cursu
2654 3525 3059 3595 distinguitur?
3084 3524 3168 3580 An
3215 3513 3326 3580 non
3353 3523 3651 3580 admirabi-

2065 3620 2199 3674 lium
2230 3619 2512 3682 horarum,
2553 3631 2680 3688 quae
2725 3615 2874 3671 velut
2923 3614 3138 3685 decora:
3182 3612 3378 3684 puella:
3415 3614 3652 3670 choreas

2065 3710 2171 3766 sibi
2203 3717 2397 3764 mutuo
2425 3707 2788 3764 succedentes
2806 3705 3031 3777 agitant,
3060 3705 3166 3761 iste
3192 3703 3274 3758 vel
3308 3704 3547 3757 maxime
3566 3711 3651 3757 est

2065 3800 2336 3857 effector?
2367 3802 2449 3852 An
2485 3800 2599 3853 hare
2623 3798 2823 3869 exiguo
2849 3799 3080 3863 honore,
3110 3803 3167 3850 et
3193 3811 3303 3849 non
3347 3795 3536 3849 divino
3563 3794 3648 3846 di-

2065 3910 2171 3964 gna
2218 3894 2386 3950 sunt?
2431 3891 2542 3948 Nec
2576 3898 2784 3962 quanta
2844 3889 2972 3943 luna
3031 3887 3346 3942 hominibus
3404 3893 3648 3956 praestet,

2065 3985 2275 4041 nostis?
2301 3992 2507 4054 quanta
2532 3980 2822 4037 commoda
2867 3995 3052 4034 rerum
3080 3975 3426 4033 universitati
3474 3975 3650 4045 μισοῧί-

2065 4078 2230 4145 gnat?
2253 4076 2479 4146 Oportet
2507 4089 2666 4144 ergo,
2690 4081 2751 4126 ut
2789 4079 2844 4126 et
2862 4071 2981 4126 hac
3007 4069 3193 4125 debito
3229 4068 3382 4123 cultu
3409 4067 3646 4133 colatur,

2065 4173 2178 4228 imo
2203 4180 2260 4228 et
2285 4172 2412 4226 aliis
2453 4168 2843 4232 lmninaribus,
2874 4181 3110 4237 quorum
3141 4179 3364 4220 munere
3408 4163 3647 4217 humana

2066 4262 2547 4326 administrantur,
2579 4261 2765 4315 cultus
2792 4269 2878 4314 est
2906 4257 3276 4314 exhibendas.
3317 4257 3436 4312 PMB
3473 4257 3652 4312 omni-

2068 4354 2172 4410 bus
2203 4360 2406 4417 autem,
2437 4352 2624 4406 divum
2661 4363 2920 4421 supremo
2945 4345 3092 4417 Jovi,
3133 4348 3225 4404 cui
3270 4347 3561 4419 imperium
3591 4346 3649 4401 in

2067 4461 2260 4502 omnes
2287 4444 2665 4500 commissum.

2134 4557 2231 4613 His
2257 4556 2479 4623 auditis,
2511 4566 2813 4628 martyrum
2866 4555 3120 4612 nonnulli
3149 4555 3373 4611 silentio
3394 4568 3642 4610 errorem

1997 4638 2474 4720 Ddeplorabant:
2530 4651 2658 4704 aliis
2712 4648 2950 4704 ubertim
3021 4649 3277 4720 lacryma:
3327 4648 3646 4712 manabant,

2065 4745 2265 4814 partim
2291 4745 2420 4814 quia
2452 4751 2660 4798 tantam
2688 4743 2740 4797 in
2786 4744 3102 4799 Creatorem
3145 4740 3403 4810 injuriam
3438 4738 3649 4808 absque

2065 4836 2325 4906 lacrymis
2358 4835 2502 4890 ferre
2531 4851 2642 4890 non
2673 4843 2953 4906 poterant;
2986 4833 3205 4905 partim.
3226 4833 3356 4899 quia
3387 4831 3648 4901 deceptos

2064 4928 2201 4983 istos
2229 4929 2302 4982 ob
2330 4929 2626 4982 amentiam
2651 4927 3076 4982 miserabantur.
3101 4925 3258 4979 Alius
3289 4933 3472 4978 autem
3504 4937 3643 4979 rese-

2065 5031 2184 5074 rata
2214 5018 2420 5074 diserta
2443 5018 2630 5089 lingua
2681 5033 2779 5088 per
2806 5019 3098 5088 Spiritum,
3128 5016 3400 5072 orationis
3437 5017 3646 5069 vanita-

2063 5121 2196 5177 tem,
2248 5109 2467 5165 dicendi
2525 5111 2756 5165 veritate
2810 5107 3114 5180 castigabat
3148 5107 3235 5163 his
3265 5115 3320 5162 et
3373 5107 3648 5162 simiiibus

2061 5201 2246 5256 verbis
2276 5217 2288 5252 :
2337 5199 2412 5254 De
2469 5201 2640 5254 nostri
2677 5198 2846 5268 Regis
2897 5200 3162 5268 potentia,
3195 5197 3443 5266 ojudex,
3478 5211 3642 5265 quem

2063 5294 2145 5347 ais
2171 5287 2544 5346 male’ﬁcorum
2588 5306 2777 5346 necem
2827 5291 3087 5357 subiisse,
3121 5290 3168 5344 si
3212 5290 3308 5343 tibi
3340 5288 3646 5343 collibitum

2060 5390 2210 5436 esset
2243 5379 2407 5448 paulo
2430 5381 2692 5434 attentius
2722 5382 2987 5450 cogitare,
3018 5391 3074 5434 et
3121 5380 3178 5433 in
3211 5378 3646 5449 magnitudinem

2059 5471 2182 5540 ejus
2211 5473 2405 5526 oculos
2436 5470 2694 5543 deligere,
2751 5473 3090 5543 intelligeres
3121 5473 3312 5540 utique
3349 5471 3471 5540 ejus
3513 5470 3624 5523 vim

2061 5566 2358 5635 simulque,
2388 5566 2608 5637 qualem
2641 5567 2837 5630 vitam,
2874 5581 3047 5630 mors,
3075 5580 3243 5636 quam
3275 5564 3446 5623 rides.
3483 5576 3636 5634 pepe-

2059 5654 2218 5709 rerit.
2245 5653 2314 5708 At
2340 5669 2451 5709 non
2479 5663 2696 5724 gratum
2736 5663 2822 5709 est
2853 5656 3034 5721 vobis,
3059 5665 3121 5709 ut
3159 5656 3230 5710 ab
3260 5669 3452 5709 errore
3490 5661 3646 5722 grato

2061 5745 2391 5803 liberemini.
2447 5746 2606 5813 Quod
2640 5763 2771 5802 vero
2821 5747 2892 5803 de
2943 5748 3060 5803 sole
3080 5756 3136 5802 et
3181 5745 3303 5802 aliis
3326 5744 3512 5808 aﬂ‘ers,
3535 5759 3644 5801 non

2065 5838 2407 5905 ignoramus,
2441 5855 2580 5905 quos
2615 5839 2880 5895 terminos
2912 5855 2941 5895 a
2967 5839 3226 5897 Creatorc
3259 5837 3515 5907 praeﬁxos
3550 5838 3634 5892 ha-
