4086 6298
461 365 566 430 179

1690 379 1884 441 LEON
1890 381 1964 441 IS
2021 378 2492 441 PHILOSOPHI

3633 381 3723 436 Ιδυ

453 482 656 547 beant,
691 496 864 551 neque
895 482 947 537 id
977 499 1078 539 nos
1112 483 1270 556 fugit,
1303 494 1509 556 quanta
1540 488 1608 543 ab
1637 489 1746 555 his,
1767 499 2029 562 tanquam
2057 545 2059 551 ,

2162 509 2284 556 ους,
2311 490 2406 554 οῦς
2430 492 2612 555 αὑτοῖς
2639 490 2792 544 ἔθετο
2820 490 2848 542 ὁ
2870 486 3252 559 Δημιουργόςλ
3305 487 3414 542 οὐδ’
3465 487 3566 543 ὅσα
3598 505 3726 559 χορ-

452 587 484 625 a
526 571 827 639 ministris,
865 584 1120 631 creatura
1175 579 1275 633 hac
1325 578 1590 636 inferiore
1640 584 2040 652 superioribus,

455 664 598 719 bona
644 667 988 735 proveniant.
1044 668 1184 723 Sunt
1242 672 1390 726 enim
1443 672 1603 730 nobis
1643 656 1789 730 oculi
1823 676 1890 731 ad
1940 676 2046 734 hoc

455 755 904 826 perspiciendum
950 762 1090 817 satis
1113 763 1484 832 perspicaces.
1534 765 1808 833 Quocirca
1861 770 2047 825 existi-

454 850 753 906 mationem
779 867 943 922 quam
975 863 1258 911 merentur
1282 856 1350 912 de
1382 858 1493 915 illis
1525 858 1814 926 habemus,
1846 873 1899 917 et
1932 865 2046 933 pul-

454 940 588 994 chra
655 941 771 998 hinc
843 943 1116 1011 fatemur,
1192 963 1490 1020 rerumque
1543 951 2043 1021 pulcherrimarum

455 1046 692 1098 causas;
719 1035 911 1104 quidni
943 1039 1112 1104 enim,
1141 1056 1264 1095 cum
1305 1042 1420 1099 sint
1452 1045 1644 1115 optimi
1676 1045 1893 1114 opiﬁcis
1918 1047 2049 1103 eiic-

455 1124 584 1177 cta?
608 1124 676 1179 At
706 1127 848 1195 apud
875 1143 992 1195 vos,
1028 1139 1087 1184 ut
1121 1132 1299 1186 honor
1319 1134 1458 1207 ipse,
1487 1151 1649 1205 quem
1681 1137 1767 1192 his
1790 1137 2044 1203 defertis,

455 1224 649 1272 contra
678 1233 896 1277 omnem
937 1230 1022 1279 est
1071 1227 1381 1294 rationem,
1434 1228 1511 1284 ita
1548 1236 1606 1284 et
1641 1244 1809 1286 causa
1865 1232 2046 1287 bono-

456 1309 638 1364 randi.
677 1309 814 1366 Nam
849 1329 989 1385 quas
1045 1318 1267 1374 tandem
1298 1319 1366 1376 de
1390 1319 1500 1376 illis
1521 1322 1812 1392 opiniones
1843 1337 2048 1380 conce-

456 1399 616 1469 pistis
635 1409 658 1458 ’ί
682 1404 934 1460 Siderum
961 1405 1106 1461 enim
1130 1407 1380 1478 qumdam
1409 1425 1558 1466 nunc
1583 1411 1789 1482 optima
1820 1428 2050 1485 quaeque

456 1498 717 1554 ciliciunt.
747 1498 815 1552 Et
851 1514 999 1554 nunc
1038 1502 1263 1570 quidem
1323 1517 1448 1557 cum
1493 1504 1547 1558 in
1605 1505 1710 1559 hac
1744 1516 1898 1575 parte
1931 1508 2050 1562 vol-

456 1597 698 1655 vuntur,
754 1591 1125 1646 necessariam
1158 1594 1268 1647 vim
1319 1602 1374 1648 et
1399 1595 1699 1650 efﬁcaciam
1736 1597 1804 1651 ad
1859 1614 1946 1654 res
1977 1599 2050 1670 gi-

458 1681 705 1752 gnendas
753 1690 1052 1748 exserunt;
1106 1690 1161 1738 at
1191 1700 1316 1738 cum
1360 1685 1488 1740 inde
1521 1686 1846 1754 abscedunt,
1882 1689 2050 1745 simul

459 1776 628 1830 etiam
663 1774 745 1829 vis
774 1784 828 1830 et
854 1775 1147 1831 eiiicacitas
1174 1776 1444 1832 abscedit.
1463 1777 1532 1832 At
1561 1793 1659 1846 par
1689 1795 1799 1833 non
1835 1792 1919 1836 est
1947 1781 2049 1836 hu-

2145 587 2271 655 ηγεῖ
2309 584 2376 638 δι’
2430 583 2611 638 αὐτῶν
2639 623 2656 650 ,
2691 584 2768 647 ὡς
2809 583 3142 651 λειτουργοῖς
3201 578 3574 650 ἀναϐεϐηκόσι
3635 580 3728 648 τὴν

2147 675 2316 745 ἄλλην
2387 673 2799 744 ὑποϐεϐηκυῖαν
2861 673 3162 728 διατάττων
3246 672 3446 726 κτίσιν.
3522 671 3728 743 Ἐνεισι

2153 767 2354 840 μᾶλλον
2380 767 2513 838 ἡμῖν
2542 766 2813 836 ὀφθαλμοί
2842 766 3278 836 τηλαυγέστερον
3309 763 3718 825 διαϐλέποντες.

2173 862 2273 916 Διά
2295 862 2452 916 τοῦτο
2480 861 2574 916 καὶ
2605 862 2732 924 τοὺς
2756 862 3133 932 προσήκοντας
3165 861 3352 922 αὐτοῖς
3418 857 3731 938 ἁρμόζομεν

2160 955 2376 1022 λόγους,
2398 953 2494 1006 καί
2527 953 2664 1007 καλά
2700 955 2798 1023 μὲν
2838 952 3011 1010 ταῦτά
3037 968 3244 1022 φαμεν,
3299 950 3396 1004 καὶ⁵
3441 949 3551 1004 τῶν
3581 947 3733 1002 -καλ-

2150 1044 2352 1099 λίστων
2381 1045 2667 1116 παραίτια.
2718 1043 2844 1108 Πῶς
2893 1044 3002 1117 γὰρ
3033 1044 3136 1096 οὑκ
3159 1041 3353 1112 ἔμελλε
3400 1039 3498 1095 τοῦ
3521 1038 3730 1108 ἀγαθοῦ

2148 1135 2279 1190 ὄντα
2310 1134 2811 1207 δημιουργήματα;
2842 1134 2971 1206 ὑμῖν
3011 1135 3068 1188 δὲ
3099 1135 3290 1208 ὥσπερ
3333 1133 3647 1205 παράλογος
3695 1134 3729 1202 ἡ

2152 1227 2282 1298 περὶ
2308 1227 2485 1281 ταῦτα
2517 1229 2678 1298 τιμὴ,
2709 1227 2852 1282 οὕτω
2884 1226 3024 1282 πολὺ
3046 1227 3110 1281 τὸ
3135 1226 3449 1297 παράλογον
3481 1225 3596 1297 ἔχει
3642 1224 3733 1279 καὶ

2150 1318 2304 1389 ὁτῆς
2321 1320 2503 1384 αίτίας
2547 1320 2725 1389 λόγος.
2772 1313 2876 1373 Οἷα
2920 1319 3030 1390 γάρ
3077 1319 3173 1372 καὶ
3230 1319 3380 1374 δοκεῖ
3428 1305 3574 1391 ὑμῖν,
3603 1315 3734 1383 περὶ

2154 1409 2393 1479 τοὺτων;
2427 1412 2522 1466 νῦν
2552 1412 2601 1465 oi
2635 1411 2736 1482 μὲν
2770 1410 2952 1465 αὑτῶν
2985 1411 3054 1464 τά
3081 1410 3222 1464 καλά
3252 1411 3516 1480 φέρουσιν
3567 1409 3694 1480 ὑμῖν
3717 1425 3732 1441 ο

2160 1502 2258 1556 νῦν
2281 1501 2339 1554 δὲ
2373 1505 2422 1556 oi
2454 1503 2613 1557 αὐτοὶ⁸
2642 1502 2806 1556 πάλιν
2835 1501 2944 1556 τῶν
2969 1502 3254 1572 ιχειρόνων
3302 1501 3411 1555 eici.
3471 1499 3736 1571 δημιουρ-

2153 1593 2260 1662 γοί.
2297 1594 2413 1648 Καὶ
2464 1592 2562 1648 νῦν
2594 1595 2694 1665 μὲν
2739 1595 2799 1648 ὲν
2855 1593 3032 1665 τούτῳ
3083 1593 3240 1664 μέρει
3292 1592 3732 1654 ὲπιϐατεὺοντες,

2151 1685 2361 1755 ἄμαχον
2399 1683 2580 1754 ἔχουσι
2635 1685 2753 1740 τόδε
2813 1703 2868 1739 τι
2918 1683 3175 1755 γενέσθαι
3251 1683 3470 1754 ροπήνβ
3530 1680 3629 1738 νῦν
3678 1680 3737 1738 δὲ

2153 1776 2363 1829 ἐκεῖθεν
2410 1774 2847 1846 ἀναχωροῦντες,
2914 1774 3306 1846 ἀναχωροῦσαν
3355 1774 3606 1845 ἔχουσιν,
3637 1772 3737 1843 τὴν

457 1864 702 1937 jusmodi
731 1866 797 1921 de
825 1865 935 1920 Deo
960 1866 1353 1938 cogitationem
1382 1838 1685 1939 suscipere.
1725 1871 1830 1926 Sed
1865 1872 2049 1926 mitta-

2162 1865 2403 1935 δύναμιν.
2427 1838 2636 1935 0ὑᾶἀρ
2656 1838 2841 1930 ἀξιον,
2859 1838 3120 1927 τοιαύτας
3159 1862 3290 1933 περὶ
3334 1838 3428 1916 τοῦ
3455 1838 3612 1914 Θείοὺ
3646 1838 3741 1931 φέ-

461 1971 586 2012 mus
617 1956 750 2011 haec.
780 1955 1049 2011 Caeterum
1075 1956 1371 2023 affirmare,
1403 1974 1487 2024 ea,
1519 1975 1644 2033 quae.
1675 1962 1915 2016 animum
1947 1965 2051 2017 im-

464 2047 696 2119 probum
754 2047 1010 2110 reddunt,
1060 2063 1128 2104 ex
1181 2064 1372 2105 eorum
1411 2054 1804 2108 constitutione
1833 2054 1900 2108 ad
1935 2055 2055 2109 ani-

464 2155 613 2194 mum
638 2141 924 2210 pervenire
959 2138 1108 2194 fatali
1135 2141 1371 2212 quadam
1398 2145 1747 2207 necessitate,
1777 2148 2055 2214 quomodo

466 2250 577 2290 non
632 2243 827 2305 praeter
883 2251 1154 2290 summam
1209 2236 1542 2308 impietatem
1602 2239 1894 2309 omnisque
1960 2239 2054 2296 Dei

466 2329 906 2399 abnegationem,
939 2329 1181 2382 omnium
1214 2330 1548 2394 mortalium,
1583 2331 1676 2400 qui
1726 2331 1936 2400 legibus
1966 2349 2055 2390 re-

467 2431 691 2492 guntur,
741 2428 796 2477 et
829 2429 1014 2477 vestro
1064 2421 1232 2476 etiam
1281 2423 1473 2478 sensui
1509 2425 1727 2494 penitus
1755 2427 2060 2498 repugnat?

466 2513 585 2570 Non
619 2514 763 2571 enim
802 2514 1038 2569 arbitror
1067 2528 1134 2571 eo
1160 2514 1417 2586 nequitiae
1461 2531 1790 2588 quemquam
1836 2534 2058 2589 proces-

466 2605 626 2668 sisse,
658 2603 901 2660 utDeum
932 2605 1134 2659 bonum
1153 2621 1277 2663 esse
1306 2607 1534 2664 abnuat.
1597 2609 1715 2676 Qua
1775 2609 1943 2682 igitur
1966 2626 2058 2666 ra-

467 2696 618 2750 tione
641 2711 669 2748 ιι
704 2695 850 2751 bono
887 2696 1029 2750 mala
1063 2697 1424 2766 provenient?
1454 2699 1551 2756 Sin
1605 2701 1819 2768 minus,
1856 2705 2059 2774 poteris

466 2795 522 2841 et
549 2787 724 2859 ignem
757 2801 978 2842 causam
1007 2788 1209 2844 caloris
1262 2791 1572 2859 nominare,
1607 2801 1662 2849 et
1691 2794 1870 2851 lucem
1902 2805 2058 2853 tene-

467 2879 716 2936 brarum.
745 2879 813 2933 At
842 2895 949 2934 non
983 2879 1244 2936 fatebitur
1270 2882 1392 2946 hoc,
1422 2884 1513 2939 cui
1540 2899 1694 2941 mens
1742 2902 1900 2944 sana.
1941 2889 2060 2957 Qua

466 2968 536 3025 de
593 2984 758 3024 causa
815 2970 958 3042 leges
993 2969 1128 3034 fers,
1181 2987 1304 3042 quae
1358 2973 1624 3044 improbis
1650 2990 1841 3045 pcenas
1871 2981 2062 3035 decer-

468 3060 652 3114 nunt?
680 3059 738 3116 Sl
787 3063 934 3116 enim
967 3062 1274 3127 [stellarum
1302 3067 1825 3126 :constitutionibus
1869 3072 2063 3141 hujus-

469 3151 617 3207 modi
659 3152 959 3208 voluntatis
1020 3155 1364 3225 propositum
1390 3157 1782 3214 ascribendum
1812 3169 1916 3227 est,
1963 3179 2064 3217 cur
2091 3179 2135 3242 ρ

466 3259 660 3315 prunas
702 3246 888 3316 poscis
915 3246 1010 3316 qui
1039 3254 1098 3301 ut
1132 3249 1370 3304 maxime
1407 3249 1695 3316 voluisset,
1731 3251 1946 3309 facinus
1977 3266 2060 3309 ta-

470 3352 593 3391 men
641 3336 772 3391 iilttd
807 3337 985 3393 vitare
1023 3339 1398 3409 nequivisset?
1423 3339 1592 3398 Vides
1625 3344 1904 3414 quomodo
1952 3363 2062 3402 non

469 3438 684 3486 tantum
750 3429 818 3486 de
854 3428 964 3487 Deo
996 3430 1393 3487 convenienter
1439 3449 1547 3488 non
1578 3435 1849 3501 sentiatis,
1881 3439 1975 3493 sed
2009 3449 2064 3494 et

468 3527 649 3576 vestra
697 3505 952 3590 dogmata
977 3520 1297 3586 (evertam.
1345 3522 1414 3577 At
1447 3539 1550 3579 nos
1595 3527 2060 3594 quemadmodum

468 3611 608 3678 dixi,
655 3612 1029 3683 pulcherrima
1089 3610 1184 3668 Dei
1219 3627 1388 3684 opera
1434 3629 1558 3670 esse
1613 3616 1967 3686 profitemur;
2011 3629 2065 3676 et

469 3707 842 3776 pulcherrima
872 3723 1106 3779 quaeque
1133 3708 1460 3780 producere,
1483 3710 1647 3781 idque
1671 3727 1738 3768 ex
1767 3716 2064 3772 commissa

469 3796 756 3852 functione
787 3813 950 3867 quam
975 3813 1004 3852 a
1035 3799 1213 3869 primo
1236 3809 1361 3854 ortu
1387 3814 1418 3854 a
1441 3814 1628 3855 rerum
1654 3801 1952 3857 Conditore
1975 3819 2065 3858 ac-

469 3896 755 3957 ceperunt.
796 3886 906 3944 Vos
957 3905 1088 3944 vero
1128 3889 1275 3945 haud
1329 3891 1448 3946 scio
1475 3934 1492 3958 ,
1533 3907 1774 3962 quonam
1830 3894 2064 3949 consilio

471 3978 644 4042 ducti,
665 3981 716 4034 ei
755 3979 844 4034 cui
867 3978 1047 4034 honor
1071 3977 1239 4035 adimi
1266 3981 1480 4051 nequit,
1508 3980 1775 4036 honorem
1800 3983 2066 4054 abrogare

470 4071 715 4136 tentatis,
751 4080 806 4126 et
837 4070 974 4136 illis,
1009 4070 1212 4141 quibus
1239 4071 1409 4127 divini
1452 4074 1682 4130 honoris
1732 4075 1884 4129 nulla
1913 4091 2066 4130 com-

470 4160 688 4226 munio,
720 4162 878 4233 quasi
932 4178 1002 4219 eo
1054 4163 1432 4233 dignissimis,
1463 4165 1718 4221 eumdem
1750 4167 2062 4237 impertitis.

472 4252 594 4319 Quo
615 4255 933 4312 testimonio
958 4256 1210 4324 permoti,
1240 4256 1444 4312 divinis
1477 4257 1782 4314 honoribus
1817 4257 2068 4314 aliieitis?

471 4347 702 4412 Qualem
732 4364 862 4404 vero
895 4349 1005 4404 vim
1028 4360 1080 4405 et
1117 4349 1444 4420 potentiam,
1476 4365 1598 4420 quae
1631 4350 1874 4406 divinam
1904 4365 2067 4408 natu-

473 4456 593 4496 ram
619 4448 876 4504 testetur,
900 4441 954 4494 in
977 4441 1111 4510 ipsis
1141 4441 1348 4506 intuiti,
1372 4441 1616 4496 divinam
1640 4445 2063 4514 appellationem

2158 1976 2272 2030 psw
2314 1958 2416 2021 τὰς
2468 1957 2792 2028 ὑπολήψεις.
2836 1955 3002 2010 Ἀλλά
3048 1955 3295 2024 ἀφείσθω
3343 1952 3523 2006 τοῦτο.
3561 1951 3638 2004 Τὸ
3691 1950 3739 2008 δ’

2154 2049 2368 2103 ἐκεῖθεν
2399 2052 2653 2120 φάσκειν,
2686 2049 2722 2104 ἀ.
2765 2052 2865 2123 τὴν
2915 2047 3095 2120 ψυχὴν
3129 2049 3380 2115 κακὺνει,
3417 2047 3506 2100 ἐπ’
3567 2046 3740 2116 αὑτὴν

2155 2142 2334 2212 ἥκειν,
2360 2141 2550 2216 ὥσπερ
2583 2143 2690 2197 τινὶ
2714 2141 3000 2211 ἀναγκαίῳ
3034 2141 3226 2212 κλήρῳ
3259 2140 3338 2211 τῷ
3395 2139 3575 2193 αὑτῶν
3607 2140 3741 2209 σχή-

2159 2252 2317 2305 ματι,
2355 2235 2472 2300 πῶς
2515 2236 2574 2289 οὑ
2624 2234 2968 2298 παντάπασι,
3024 2233 3166 2304 μετά
3219 2232 3314 2287 τοῦ
3350 2234 3528 2285 νοσεῖν
3574 2230 3734 2286 ἀθεό-

2155 2345 2317 2400 τητα,
2349 2330 2446 2382 καὶ
2489 2331 2613 2393 ταῖς
2657 2329 2915 2382 ἁπάντων
2977 2327 3306 2398 ἀνθρώπων,
3370 2326 3486 2380 ὅσοι
3551 2325 3739 2392 νόμοις

2158 2421 2404 2491 ἄγονται,
2429 2421 2633 2486 δόξαις,
2665 2421 2760 2474 καὶ
2797 2422 2918 2484 ταῖς
2948 2418 3106 2488 ὑμῶν
3159 2419 3340 2472 αὐτῶν
3395 2417 3523 2470 πολε
3535 2416 3744 2486 μιωτά-

2158 2531 2285 2576 τους
2314 2511 2648 2582 ἀποφαίνει;
2699 2511 2932 2582 Ἀγαθὸν
2964 2511 3069 2582 μὲν
3091 2505 3186 2565 οῦν
3230 2507 3373 2563 εἶναι
3439 2507 3532 2562 τὸν
3585 2507 3743 2576 Θεὸν,

2158 2605 2261 2657 οὑκ
2308 2601 2378 2656 ἂν
2434 2603 2528 2656 ἐπὶ
2567 2599 2828 2654 τοσοῦτον
2849 2601 3051 2662 κακίας
3101 2599 3287 2669 οἴομαί
3339 2616 3464 2653 τινα
3522 2598 3744 2664 ἐλάσαι,

2163 2694 2240 2767 μὴ
2264 2694 2559 2748 κατάθεσιν
2582 2692 2791 2749 δοῦναι.
2828 2693 2954 2756 Πῶς
2986 2688 3080 2747 οῦν
3132 2695 3198 2746 ἐκ
3233 2691 3328 2746 τοῦ
3373 2690 3584 2760 ἀγαθοῦ
3646 2692 3742 2762 γέ-

2160 2787 2291 2841 νοιτ’
2318 2787 2384 2841 ἂν
2408 2785 2476 2839 τὰ
2495 2785 2672 2851 κακά;
2695 2786 2759 2839 Εἰ
2789 2785 2866 2857 μὴ
2917 2784 3028 2857 ἄρα
3053 2785 3118 2837 σὺ
3147 2785 3242 2840 καὶ
3273 2784 3335 2838 τὸ
3361 2786 3476 2856 πῦρ
3536 2784 3746 2857 ψύχους

2162 2879 2334 2934 αἴτιον
2363 2881 2586 2949 φήσαις,
2619 2880 2712 2932 καὶ
2741 2879 2804 2931 τὸ
2849 2895 2965 2948 φως
2995 2879 3244 2943 σκότους.
3303 2876 3445 2931 Ἀλλ’
3489 2877 3588 2949 οὑχ
3620 2881 3754 2950 ὁμο-

2163 2970 2313 3039 λογεῖ
2342 2969 2498 3024 τοῦτο
2528 2970 2853 3039 ὑγιαίνουσα
2880 2970 3160 3038 αἴσθησις.
3192 2970 3260 3023 Τί
3287 2970 3344 3025 δὲ
3373 2970 3470 3025 καὶ
3513 2972 3750 3042 γράφεις

2165 3060 2330 3128 νόμον
2387 3059 2546 3122 δίκας
2585 3062 2698 3123 τοῖς
2731 3058 2962 3130 φαύλοις
3001 3061 3298 3132 ὁρίζοντας
3335 3060 3398 3116 Et
3462 3060 3574 3134 γὰρ
3635 3062 3750 3122 τοῖς

2164 3153 2274 3206 τῶν
2328 3151 2577 3224 ἀστέρων
2639 3153 3050 3222 σχηματισμοῖς
3109 3153 3428 3220 ἀναγκαίως
3481 3153 3518 3224 ἠ
3570 3151 3753 3207 τοιάδε

2166 3243 2490 3315 προαίρεσις
2529 3243 2860 3314 συνηνέχθη,
2907 3244 2961 3296 τί
3016 3242 3176 3314 δίκην
3219 3239 3374 3308 οὗτος
3418 3243 3750 3315 εἰσπράττε-

2164 3354 2276 3398 ται,
2317 3337 2458 3406 ὑπὲρ
2493 3328 2556 3390 οὑ
2602 3334 2700 3388 καὶ
2760 3329 3078 3405 βουληθέντι
3125 3337 3322 3404 φυγεῖν
3379 3335 3482 3406 τὴν
3524 3334 3750 3407 πρᾶξιν,

2163 3429 2264 3480 οὑκ
2289 3424 2358 3500 ἦν
2393 3428 2568 3490 ἄλλως
2600 3426 2896 3496 γενέσθαι;
2933 3427 3120 3498 Ὁρᾷς,
3151 3428 3300 3491 ὅπως
3351 3425 3491 3498 μετά
3539 3425 3635 3480 τοῦ
3675 3427 3752 3497 μὴ

2168 3521 2366 3586 σώζειν
2399 3521 2498 3592 τὴν
2521 3519 2643 3590 Θεῷ
2673 3519 2995 3590 πρέπουσαν
3043 3518 3224 3586 δόξαν,
3254 3520 3349 3574 καὶ
3383 3520 3455 3572 τὰ
3485 3521 3618 3592 ὑμῖν
3665 3521 3754 3573 δο-

2165 3613 2391 3679 κοῦντα,
2420 3611 2759 3676 καταλῦετες
2800 3611 2966 3679 Ἡμῖν
2996 3611 3074 3675 δὲ,
3111 3611 3302 3681 ὥσπερ
3344 3611 3582 3682 εἴρηται,
3621 3611 3756 3666 κάλ-

2164 3704 2319 3758 λιο-τά
2349 3722 2408 3756 τε
2463 3703 2749 3774 νομίζεται
2787 3700 2926 3755 Θεοῦ
2978 3703 3468 3774 δημιουργήματα,
3530 3705 3628 3757 καὶ
3681 3705 3751 3756 τὰ

2166 3797 2428 3852 κάλλιστα
2475 3799 2650 3849 ποιεῖν
2696 3797 2798 3865 τὴν
2864 3795 3080 3849 οἰκείαν
3135 3795 3456 3868 πληροῦντα
3507 3795 3752 3866 λειτουρ-

2165 3889 2312 3956 γίαν,
2337 3889 2404 3958 ἣν
2442 3885 2501 3951 ἐξ
2525 3888 2703 3957 ἀρχῆς
2736 3886 2982 3952 διέταξεν
3010 3889 3038 3940 ὁ
3068 3887 3518 3959 Δημιουργήσας.
3563 3887 3755 3956 Ὑμεῖς

2165 3982 2244 4043 δὲ,
2292 3983 2396 4034 οὑκ
2443 3977 2540 4034 οἷδ’
2587 3982 2618 4035 ὃ
2664 3998 2718 4033 τι
2782 3979 2998 4044 δοκοῦν,
3043 3973 3105 4032 οῦ
3136 3982 3265 4050 εμὲν
3306 3982 3673 4052 ἀναφαίρετος
3717 3981 3753 4050 ἠ

2167 4072 2320 4144 τιμὴ,
2349 4072 2539 4127 τοῦτον
2599 4071 2864 4143 πειρᾶσθε
2913 4071 3121 4144 ταύτης
3179 4073 3636 4143 ἀποχειροτονεῖν,
3671 4065 3756 4135 οἷς

2167 4165 2356 4219 ἃοὺδ’
2399 4163 2583 4218 ὁτιοῦν
2637 4165 2863 4235 μέτεστι
2919 4165 3150 4237 ταύτης,
3208 4165 3285 4230 ὡς
3335 4165 3526 4229 αὑτοῖς
3567 4164 3755 4234 διαφέ-

2169 4274 2367 4330 ρουσαν
2390 4257 2698 4311 ἀνατίθετε.
2735 4258 2801 4310 Τί
2835 4257 2928 4310 οῦν
2975 4257 3240 4328 ἐχέγγυον
3264 4258 3548 4324 λαϐόντες,
3601 4257 3752 4320 θείας

2165 4353 2306 4407 αὑτά
2319 4352 2487 4423 τιμῆς
2502 4351 2740 4418 ἀξιοῦτες
2756 4353 2925 4404 Ποίαν
2937 4350 2993 4403 δὲ
3006 4350 3256 4420 δύναμιν,
3274 4349 3308 4421 ἢ
3325 4348 3447 4419 Θεῷ
3464 4365 3755 4419 προσμαρ-

2167 4447 2435 4515 τυρεῖται,
2452 4444 2891 4514 κατανοήσαντες
2918 4444 2976 4494 ὲν
3006 4443 3192 4504 αὐτοῖς
3216 4441 3594 4512 προσηγορίας
3623 4457 3756 4510 μετ-

471 4532 557 4587 cis
589 4529 912 4588 tribuistis?
962 4530 1296 4600 Splendidus
1352 4541 1438 4588 est
1489 4535 1574 4589 sol
1632 4534 1758 4598 iste,
1800 4535 2059 4605 vitalique

2171 4535 2319 4588 ἐδοτε
2349 4552 2364 4602 ;
2389 4535 2658 4605 Λαμπρὸς
2703 4527 2861 4598 οὗτος
2890 4536 2918 4587 ὁ
2942 4533 3115 4604 ἥλιος,
3147 4534 3242 4586 καὶ
3269 4531 3568 4602 ξωογόνους
3591 4532 3756 4593 ἐνιεὶς

473 4622 693 4678 actione
720 4621 1006 4691 praeditus.
1035 4623 1247 4677 Eximia
1274 4625 1388 4680 hac
1431 4636 1580 4689 sunt,
1616 4627 1959 4699 planumque
1985 4629 2065 4686 fac

473 4712 650 4778 ciunt,
691 4712 864 4767 solem
897 4712 1042 4767 inter
1062 4727 1151 4768 res
1177 4723 1393 4771 creatas
1421 4716 1684 4769 eximium
1707 4718 1888 4774 locum
1914 4721 2065 4775 obti-

473 4818 628 4859 nere.
661 4803 769 4859 Sed
813 4810 968 4859 tanta
1016 4819 1128 4859 non
1156 4813 1307 4871 sunt,
1351 4815 1410 4862 ut
1447 4806 1517 4862 ad
1549 4808 1894 4866 divinitatem
1941 4828 2068 4870 eve‘

473 4893 628 4948 bant.
657 4892 742 4947 An
775 4908 885 4948 non
915 4893 1146 4948 cernitis
1169 4932 1184 4958 ,
1223 4894 1447 4963 quantis
1493 4894 1780 4964 subiaceat
1814 4899 2063 4956 affectio-

473 4983 675 5038 nibus?
707 4981 828 5049 Quo
869 4983 996 5050 jure
1034 4984 1171 5039 tales
1205 4984 1433 5041 an‘eetus
1463 4995 1517 5040 et
1560 4989 1893 5045 mutationes
1953 4992 2065 5047 Deo

474 5074 827 5146 assignabis?
861 5076 944 5130 An
1003 5090 1116 5131 non
1169 5074 1394 5142 videtis,
1429 5078 1707 5147 quomodo
1754 5081 1897 5136 actio
1945 5082 2065 5152 ejus

473 5167 878 5238 dispertiatur?
909 5168 980 5221 At
1005 5182 1128 5238 quae
1153 5182 1291 5224 sana
1321 5183 1480 5224 mens
1515 5170 1680 5224 ullam
1716 5173 2065 5240 partitionem

471 5258 531 5313 in
585 5257 697 5314 Deo
733 5258 965 5315 statuit!
1021 5258 1326 5316 Diversitas
1352 5269 1534 5315 autem
1577 5265 1864 5332 temporis,
1899 5281 2066 5335 quam

473 5370 646 5410 cursu
678 5370 783 5412 suo
811 5354 1002 5418 efﬁcit,
1045 5357 1324 5426 quomodo
1349 5371 1459 5410 non
1493 5367 1550 5409 et
1575 5358 1693 5426 ipsa
1725 5360 2065 5427 servitutem,

473 5464 643 5520 quam
675 5449 868 5512 servit,
900 5450 1178 5504 testatur?
1212 5448 1355 5516 Quid
1388 5452 1535 5506 enim
1566 5454 1674 5506 Deo
1703 5467 1839 5522 opus
1869 5463 1954 5507 est
1984 5454 2068 5509 lo-

472 5556 667 5595 corum
723 5541 1067 5604 diversitate,
1121 5551 1182 5595 ut
1214 5542 1339 5611 -jam
1388 5542 1518 5606 hoc,
1547 5542 1677 5613 Ejam
1729 5544 1875 5598 aliud
1906 5546 2067 5616 agat?

475 5633 619 5699 Quin
653 5625 721 5689 ε(
746 5648 842 5702 per
866 5635 978 5689 haec
1011 5635 1130 5705 ipsa
1171 5642 1384 5690 tantum
1415 5651 1521 5690 non
1572 5652 1760 5693 vocem
1791 5638 1939 5702 edit;
1971 5637 2068 5693 sed

476 5724 631 5780 surdi
666 5739 788 5780 eam
823 5740 934 5780 non
963 5725 1288 5783 exaudiunt.

545 5814 724 5881 Quam
779 5816 1164 5874 inenarrabilis
1204 5826 1290 5875 est
1325 5818 1489 5885 ratio,
1542 5835 1651 5891 qua
1703 5821 1885 5880 sidera
1935 5831 2068 5879 sunt

2172 4625 2480 4696 ἐνεργείας.
2530 4626 2818 4697 Ἐξαίρετα
2848 4627 3046 4690 ταῦτα,
3091 4626 3186 4678 καὶ
3221 4627 3492 4696 μαρτυρεῖ
3523 4624 3757 4694 κτισμά-

2169 4737 2281 4774 των
2309 4721 2472 4774 αὑτὸν
2517 4715 2660 4772 εἶναι
2708 4720 3015 4790 ἐξαίρετον.
3055 4718 3198 4770 Ἀλλ’
3251 4719 3353 4771 οὑκ
3393 4719 3472 4782 εἰς
3501 4715 3756 4788 θειότητά

2173 4812 2337 4866 ποθεν
2359 4811 2704 4876 ἀναϐιϐάζει.
2733 4811 2845 4881 Οὐχ
2860 4811 3047 4879 ὁρᾶτε,
3072 4805 3154 4872 οἷς
3182 4808 3483 4862 ὑποπίπτει
3516 4807 3751 4872 πάθεσι;

2178 4903 2291 4958 Ποῦ
2322 4903 2369 4956 δ’
2391 4904 2539 4956 ξσιον
2567 4903 2741 4966 πάθος
2766 4903 3100 4973 προσνέμειν
3124 4901 3244 4972 Θεῷ
3271 4900 3422 4969 ςοὺχ
3449 4900 3635 4969 ὁρᾶτε.
3664 4914 3760 4968 με-

2176 4997 2469 5070 ριζομένην
2490 4996 2654 5050 αὑτοῦ
2672 4995 2770 5067 τὴν
2793 4995 3098 5068 ὁνὲργειανς
3123 4994 3234 5048 Ποῦ
3251 4993 3308 5047 δὲ
3333 4993 3528 5063 φρενὸς
3548 4989 3754 5058 ὑγιοῦς,

2178 5087 2439 5160 μεριστὸν
2470 5090 2528 5141 ὲν
2566 5088 2687 5160 θείᾳ
2721 5087 2885 5158 φύσει
2919 5090 3097 5153 νοεῖνς
3143 5084 3216 5140 Τδ
3247 5085 3305 5138 δὲ
3365 5084 3623 5155 διάφορον
3651 5082 3758 5135 τῶν

2174 5181 2357 5251 ὡρῶν,
2385 5180 2453 5244 ἃς
2482 5180 2563 5251 τῷ
2609 5180 2855 5251 διαφόρῳ
2902 5179 3091 5251 δρόμῳ
3143 5180 3310 5241 ποιεῖ,
3341 5175 3460 5240 πῶς
3489 5177 3612 5246 οὐχὶ
3660 5175 3756 5228 καὶ

2173 5273 2334 5326 τοῦτο
2363 5272 2464 5343 τὴν
2508 5272 2754 5327 δουλείαν
2803 5271 2970 5325 αὑτοῦ
3006 5270 3248 5342 βεϐαιοῖ;
3288 5268 3354 5323 Τί
3379 5268 3491 5339 γάρ
3536 5269 3616 5322 δεῖ
3642 5265 3759 5336 Θεῷ

2177 5364 2364 5417 τόπων
2415 5364 2705 5436 διαφορᾶς,
2748 5364 2838 5418 ίνα
2879 5362 2974 5416 νῦν
3014 5362 3114 5433 μὲν
3147 5361 3329 5424 τοῦτο,
3354 5359 3451 5412 νῦν
3498 5359 3543 5412 δ’
3586 5359 3760 5410 ἐκεῖνο

2176 5456 2412 5525 ποιήσῃς
2466 5454 2641 5508 Ἀλλά
2695 5453 2790 5506 καὶ
2822 5452 2912 5507 διὰ
2968 5451 3180 5505 τούτων
3234 5447 3520 5520 μονονουχὶ
3576 5443 3758 5514 φωνὴν

2176 5547 2425 5617 ἀφίησιν
2456 5545 2750 5600 ὲτκιῖεινδλ
2774 5543 2883 5614 ἄρα
2911 5545 2974 5597 οὑ
3005 5544 3266 5598 δύνανται
3306 5541 3356 5594 οἱ
3389 5537 3588 5609 κωφοί.

2259 5826 2348 5890 Ὧς
2376 5825 2690 5895 ἀπόρρητος
2718 5824 2876 5892 λόγος
2901 5821 3263 5894 δημιουργίας
3291 5818 3496 5885 αὐτῶν,
3525 5819 3622 5880 τὰς
3645 5814 3760 5870 δια-
