4108 6306
311 327 407 386 181

1278 329 1560 391 ORATIO
1588 332 1711 392 XV-
1747 355 1814 365 —
1862 329 1943 389 ΙΝ
1972 330 2231 394 OMNES
2272 333 2623 394 SANCTOS.

3481 330 3580 394 182

312 436 506 504 φόρους
540 435 839 506 ἐπιτρέπει
876 438 1228 507 μεταϐάσεις,
1254 441 1333 502 είς
1357 440 1623 510 ἐργασίαν
1664 440 1766 510 τῆς
1787 440 1898 493 τῶν
1926 488 1931 497 .

2031 451 2312 498 recreata.
2366 442 2543 498 Variis
2574 440 2997 496 transitionibus
3026 446 3082 493 et
3108 440 3506 497 mutationibus
3527 457 3591 498 ea

312 522 472 593 ὡρῶν
502 526 793 590 εὐταξίας.
836 526 1166 599 Θαυμαστόν
1214 547 1267 583 τι
1312 528 1409 583 καὶ
1455 532 1654 601 σελήνη
1688 532 1903 603 χρῆμα,

314 618 411 672 καὶ
440 617 685 688 χορηγὸς
712 617 1025 690 ἀνθρώποις
1056 620 1402 690 θαυμασίων,
1436 622 1803 678 λευκαίνουσά
1845 640 1904 678 τε

315 710 378 764 τὸ
407 709 737 781 σκυθρωπὸν
768 711 868 781 τῆς
910 712 1129 778 νυκτὸς,
1162 714 1258 767 καὶ
1288 714 1425 769 ἄλλα
1455 716 1593 769 ἄττα
1642 716 1904 769 διοικονο-

324 801 599 873 μουμένη,
644 804 763 857 ἀλλ’
792 804 1049 874 ὁμολογεῖ
1098 806 1193 858 καὶ
1216 807 1355 878 αὑτὴ
1382 808 1481 876 τὴν
1515 808 1780 873 δουλείαν,
1813 809 1908 863 καὶ

325 896 595 950 σιωπῶσα
616 897 716 968 τὴν
745 897 950 952 ἔνδειαν
973 898 1267 969 κέκραγεν.
1301 896 1397 962 Οἷς
1422 900 1520 970 μὲν
1556 900 1908 967 λαμϐάνουσα

328 987 660 1056 μεταδίδωσι
692 985 789 1041 τοῦ
837 986 1037 1057 φωτὸς,
1065 984 1147 1051 οἷς
1174 988 1219 1042 δ’
1260 989 1319 1041 οὐ
1378 988 1755 1061 λαμϐάνουσα,
1809 991 1910 1045 οὐκ

326 1079 464 1149 ἔχει,
526 1079 597 1145 τί,
635 1079 872 1150 μεταδῷ.
925 1079 1318 1156 Συμπληροῦσί
1346 1098 1409 1149 γε
1461 1080 1568 1151 μὴν
1623 1080 1700 1152 τῷ
1748 1081 1911 1135 παντί

324 1172 519 1243 χρείαν
548 1173 648 1226 καὶ
672 1173 964 1244 φωστῆρες
994 1172 1166 1226 ἄλλοι.
1205 1173 1597 1245 Συμπληροῦσι
1639 1174 1684 1227 δ’
1716 1172 1815 1245 οὐχ
1844 1174 1913 1245 ἢν

326 1267 356 1318 ὁ
389 1264 624 1335 μάταιος
648 1265 834 1320 δίδωσι
868 1264 1052 1331 λόγος,
1076 1264 1187 1319 οὐδ’
1216 1265 1284 1335 ἣν
1308 1264 1613 1336 ἀποκληροῖ
1637 1266 1851 1328 τούτοις
1877 1266 1911 1335 ἡ
1958 1278 1961 1281 ·

329 1357 511 1426 πλάνη
546 1356 889 1422 δεσποτείαν,
924 1358 1041 1411 ἀλλ’
1072 1358 1418 1428 ὑπηρετικὴν
1442 1374 1566 1411 τινα
1613 1356 1769 1409 τοῦδε
1814 1356 1913 1410 τοῦ

329 1448 535 1511 παντὸς
563 1448 949 1519 διακόσμησιν.
997 1450 1089 1520 Μὴ
1137 1449 1237 1520 τὴν
1271 1449 1554 1519 εὐγένειαν
1592 1449 1915 1519 ἀφαιρεῖσθε

327 1538 583 1604 ἑαυτοὺς,
621 1540 689 1611 ἢν
719 1542 863 1613 χειρὶ
890 1540 1027 1594 Θεοῦ
1058 1540 1321 1604 πλασθεὶς
1359 1542 1650 1613 τετίμηται
1701 1540 1917 1612 ἀνθρω-

328 1649 454 1697 πος,
499 1632 596 1685 καὶ
634 1632 778 1687 οὕτω
801 1632 990 1697 κακῶς
1016 1633 1215 1703 ἀγαθοὶ
1248 1634 1427 1687 δοῦλοι
1460 1634 1795 1705 κτισμάτων
1828 1632 1917 1703 γί-

328 1724 511 1789 νεσθε,
556 1724 631 1796 μὴ
674 1724 776 1795 τῆς
801 1724 1179 1796 προαιρέσεως
1229 1725 1291 1778 τδ
1323 1725 1611 1798 ἐλεύθερον
1654 1724 1931 1781 κάτοδον-⁸

328 1816 509 1873 λοῦτε.
536 1818 673 1871 Τίνα
689 1816 799 1889 γὰρ
829 1817 945 1889 ἔχει
963 1818 1148 1887 λόγον,
1187 1816 1381 1890 ἄρχειν
1405 1819 1507 1890 τῆς
1541 1819 1600 1873 ὲν
1632 1816 1770 1891 ἡμῖν
1814 1818 1915 1872 αὑ·
1946 1804 1990 1860 Β

329 1909 615 1974 τεξουσίου
647 1910 850 1982 ὁρμῆς,
886 1910 923 1965 ἀ
954 1910 1335 1983 προαιρέσεως
1383 1913 1639 1981 ἀμοιρεῖ;
1674 1910 1820 1965 Ἀλλ’
1846 1905 1917 1983 ἦν

329 2002 444 2071 ἄρα
494 2001 593 2056 καὶ
634 2000 793 2056 τοῦτο
826 2001 1143 2068 ἀκόλουθον,
1196 2004 1623 2067 ἐκπεπτωκότας
1652 2003 1752 2073 τῆς
1778 2001 1915 2055 Θεοῦ

331 2094 693 2166 οξκειότητος,
728 2094 824 2148 καὶ
864 2093 1014 2163 σφῶν
1032 2094 1215 2148 αὐτῶν
1239 2096 1513 2149 ἐκπεσεῖν.
1559 2092 1675 2147 Ἰνα
1708 2094 1782 2164 μὴ
1820 2095 1919 2163 μό-

334 2203 425 2239 νον
458 2185 619 2252 Θεοῦ,
676 2186 815 2240 ἀλλά
850 2187 947 2240 καὶ
990 2186 1199 2240 ἑαυτῶν
1228 2187 1391 2251 ὄντας
1432 2186 1917 2255 ἀλλοτριωτάτους,

334 2279 692 2333 παντάπασιν
713 2278 1057 2351 ἀϐοηθήτους
1076 2278 1235 2341 ὖντας
1259 2281 1293 2349 ἡ
1315 2278 1491 2348 πλάνη
1518 2277 1916 2349 ἀνδραποδίζοι,

335 2368 477 2438 πρὸς
508 2370 784 2442 μηδεμίαν
817 2371 1042 2441 ἔχοντας
1075 2370 1416 2441 ἐπιστροφὴν
1440 2371 1773 2439 ἀνενεγκεῖν.
1809 2370 1922 2422 Οὐκ

338 2457 553 2534 ἀπέχρη
580 2463 651 2530 δ’,
682 2463 763 2527 ὡς
804 2462 975 2533 ἔοικε,
1015 2463 1078 2517 τὸ
1107 2466 1166 2516 ὲν
1206 2464 1403 2535 ἀγνοίᾳ⁸
1445 2457 1587 2516 εἶναι
1637 2464 1798 2533 μόνον
1828 2461 1922 2513 τοῦ

343 2554 492 2616 δντος
519 2554 681 2621 Θεοῦ,
728 2553 844 2610 ἀλλ’
900 2554 951 2608 εί
981 2552 1075 2606 καὶ
1118 2552 1195 2624 μὴ
1224 2552 1406 2624 πλήθη
1438 2551 1576 2607 θεῶν
1627 2552 1923 2622 ὲξεύροιτε,

343 2645 497 2699 οὐδέν
519 2662 573 2699 τι
600 2645 744 2716 μέγα
770 2644 947 2716 ᾤεσθε
978 2644 1377 2715 διανοηθῆναιῷ
1412 2642 1505 2707 Ὦς
1554 2644 1647 2697 καὶ
1682 2644 1778 2696 νῦν
1802 2644 1926 2695 ἐπι-

337 2737 573 2789 τάσσετε
623 2735 783 2800 θεοὺς
836 2736 1025 2806 τιμᾷν.
1086 2737 1179 2790 Δεῖ
1220 2734 1355 2805 γὰρ,
1402 2734 1478 2797 ὡς
1519 2734 1684 2801 ἔοικε,
1717 2733 1927 2803 -πλὴθη

334 2829 486 2882 θεῶν
521 2828 833 2897 ἑφιστάνειν
877 2828 1049 2901 ὑμᾶς,
1083 2828 1171 2882 ἵνα
1197 2828 1271 2905 μὴ
1313 2826 1423 2881 τῶν
1459 2826 1929 2898 ἐπιτροπευόντων

337 2920 601 2993 ἀσθενείᾳ
630 2921 799 2993 κάμοι
827 2906 897 2976 τὰ
927 2922 1253 2995 πράγματα.
1297 2922 1457 2976 Ἀλλά
1487 2922 1674 2987 κακῶς
1707 2922 1805 2992 μὲν
1830 2924 1932 2993 τῆς

2006 536 2291 601 instruxit,
2320 546 2377 589 ut
2401 536 2667 605 temporis
2691 533 3034 603 aptissimum
3060 531 3308 588 ordinem
3334 530 3593 587 efficiant.

2006 626 2161 681 Luna
2203 626 2393 682 itidem
2439 641 2530 681 res
2584 626 2745 696 plane
2780 632 2864 679 est
2915 622 3259 690 admiranda,
3300 638 3598 695 rerumque

2008 724 2415 780 admirabilium
2466 722 2887 793 suppeditatrix,
2937 735 3058 791 quae
3094 720 3272 775 noctis
3302 720 3595 791 caliginem

2009 818 2270 884 illustrat,
2298 824 2355 869 et
2407 815 2461 870 id
2510 832 2684 886 genus
2732 815 2839 869 alia
2884 815 3052 869 multa
3101 820 3346 884 prmstat.
3395 811 3501 867 Sed
3544 822 3599 867 et

2016 910 2135 981 ipsa
2164 906 2486 964 servitutem
2522 921 2676 961 suam
2705 905 2924 972 fatetur,
2959 915 3012 959 ct
3042 904 3189 959 clara
3216 904 3353 958 voce
3382 912 3597 973 egesta-

2010 1010 2121 1056 tem
2159 1015 2317 1057 suam
2352 1006 2722 1063 contestatur,
2772 997 2902 1053 dum
2947 996 3152 1054 lumen.
3189 995 3334 1065 quod
3372 994 3595 1065 accipit,

2011 1088 2406 1155 communicat,
2430 1098 2505 1153 et,
2536 1087 2582 1144 si
2613 1086 2751 1141 nihil
2781 1085 3007 1141 aliunde
3036 1092 3240 1148 sumat,
3271 1084 3410 1139 nihil
3442 1099 3595 1138 com-

2013 1180 2281 1234 municat.
2336 1177 2460 1233 Alia
2507 1192 2726 1248 quoque
2779 1176 2906 1232 coeli
2966 1176 3150 1231 sidera
3208 1175 3413 1230 mundo
3471 1174 3599 1228 huic

2014 1270 2384 1325 ministerium
2416 1284 2575 1325 suum
2600 1266 2858 1323 exhibent
2888 1282 2905 1331 ς
2933 1266 3076 1335 quod
3110 1273 3294 1320 tamen
3324 1278 3434 1319 non
3462 1279 3599 1319 con-

2016 1364 2161 1418 sistit
2186 1364 2241 1418 in
2272 1378 2339 1417 eo
2373 1360 2557 1426 modo,
2584 1375 2753 1431 quem
2782 1373 2925 1414 vana
2961 1359 3105 1415 ratio
3135 1357 3599 1414 comminiscitur.
3636 1422 3639 1423 ν

2017 1470 2196 1524 neque
2233 1454 2289 1508 in
2324 1460 2621 1524 potestate,
2670 1467 2836 1523 quam
2885 1466 3045 1507 error
3076 1452 3159 1505 eis
3192 1450 3419 1505 ascribit
3450 1488 3467 1515 ,
3503 1448 3602 1503 sed

2016 1545 2074 1598 in
2102 1544 2361 1599 facultate
2385 1543 2620 1614 quadam
2650 1542 2779 1597 huic
2800 1558 2985 1598 rerum
3013 1542 3358 1597 universltati
3382 1542 3605 1597 subser-

2016 1636 2228 1691 viendi.
2262 1634 2342 1691 Ne
2382 1636 2751 1707 vosmetipsos
2798 1634 3045 1704 spolietis
3089 1634 3253 1689 insita
3296 1632 3601 1696 nobilitate,

2019 1743 2127 1798 qua
2154 1725 2422 1782 Conditor
2447 1726 2724 1780 hominem
2752 1725 3061 1781 exornavit.
3094 1718 3173 1779 Ne
3209 1732 3320 1777 tam
3353 1723 3603 1793 improbe

2018 1819 2072 1873 in
2094 1827 2473 1876 creaturarum
2501 1815 2821 1875 servitutem
2847 1816 3184 1871 concedatis.
3214 1814 3403 1887 Neque
3431 1814 3602 1870 liber-

2018 1920 2186 1970 tatem
2216 1912 2430 1967 arbitrii
2465 1910 2522 1965 in
2548 1912 2869 1967 servitutem
2902 1909 3152 1981 redigite.
3185 1909 3302 1976 Qua
3336 1908 3484 1965 enim
3513 1923 3603 1962 ra-

2019 2004 2169 2059 tione
2201 2002 2374 2057 astrui
2410 2008 2611 2072 potest,
2645 2015 2708 2054 ea
2733 2014 2855 2069 qum
2904 1999 3076 2053 libero
3114 1998 3343 2053 arbitrio
3393 2004 3606 2064 carent,

2016 2091 2109 2161 jus
2150 2101 2204 2147 et
2237 2099 2567 2162 potestatem
2618 2092 2674 2145 in
2728 2098 2984 2145 nostrum
3031 2089 3267 2145 liberum
3312 2089 3606 2144 arbitrium

2021 2184 2264 2240 habere?
2311 2186 2381 2238 At
2426 2195 2771 2252 consequens
2807 2191 2926 2237 erat
2965 2190 3049 2244 ut.
3090 2192 3383 2254 postquam
3430 2197 3463 2237 ιι
3512 2180 3607 2237 Dei

2022 2275 2397 2331 familiaritate
2416 2283 2469 2330 et
2492 2274 2886 2345 conjunctione
2918 2274 3263 2337 exciderant,
3290 2271 3608 2329 exciderent

2023 2384 2245 2440 quoque
2288 2385 2320 2424 a
2366 2369 2698 2437 semetipsis,
2748 2383 2804 2424 et
2844 2383 2955 2421 non
3006 2371 3184 2422 solum
3213 2382 3243 2421 a
3275 2364 3405 2430 Deo,
3437 2363 3533 2419 sed
3576 2379 3608 2417 τι

2026 2464 2222 2532 seipsis
2252 2462 2577 2518 alienissimi
2608 2461 2976 2527 efﬁcerentur,
3009 2472 3070 2516 ut
3104 2460 3254 2516 omni
3296 2476 3397 2530 ope
3436 2459 3611 2514 desti-

2025 2564 2172 2611 tutos
2200 2570 2360 2609 error
2390 2556 2567 2627 magis
2610 2555 2666 2609 in
2715 2555 3089 2625 captivitatem
3129 2552 3426 2622 abriperet,
3458 2550 3610 2604 nullo

2027 2647 2269 2717 penitus,
2320 2661 2430 2717 quo
2480 2661 2540 2700 se
2591 2645 2921 2716 reciperent.
2957 2642 3210 2715 perfugio
3243 2641 3459 2699 relicto.
3492 2637 3611 2693 Non

2028 2739 2337 2794 sufﬁciebat
2360 2746 2539 2793 autem
2565 2737 2746 2802 vobis,
2765 2744 2826 2791 ut
2852 2735 3093 2799 videtur,
3116 2733 3427 2805 ignorantia
3448 2731 3615 2786 unius

2028 2840 2083 2889 et
2108 2830 2221 2885 veri
2248 2831 2367 2903 Dei,
2395 2832 2489 2888 sed
2514 2832 2618 2886 nisi
2649 2831 2924 2901 ingentem
2958 2829 3183 2884 deorum
3208 2826 3615 2883 multitudinem

2029 2922 2452 2989 excogitaretis,
2508 2922 2646 2975 nihil
2688 2921 2850 2977 laude
2918 2920 3145 2990 dignum
3197 2935 3299 2975 vos
3346 2918 3619 2989 reperisse

338 3011 585 3082 ἀληθοῦς
614 3011 881 3091 γνώσεως
900 3013 1037 3069 Θεοῦ
1062 3013 1471 3093 παρηνέχθητε,
1500 3014 1638 3067 πολὺ
1663 3013 1720 3067 δὲ
1750 3015 1931 3084 χεῖρον

2031 3015 2452 3071 existimabatis.
2484 3013 2636 3080 Quos
2656 3015 2821 3069 etiam
2854 3023 2913 3070 ut
2948 3014 3283 3069 honoremus
3314 3011 3618 3083 imperatis.

340 3105 403 3158 τὸ
441 3106 501 3157 ἓν
527 3105 628 3176 τῆς
654 3104 932 3177 θεότητος,
966 3108 1048 3170 είς
1074 3106 1279 3175 πλῆθος
1302 3106 1689 3177 ἀπομερίζετε.
1733 3105 1928 3173 Ἀφθό-

343 3198 470 3253 νίαν
500 3198 610 3270 γάρ
633 3196 771 3252 θεῶν
796 3199 1241 3269 ἀνευρίσκοντες,
1280 3199 1361 3261 εἰς
1388 3197 1450 3250 τὸ
1467 3196 1747 3262 παντελῶς
1770 3196 1930 3250 ἄθεον

345 3288 729 3360 περιίστασθε.
762 3289 935 3343 Παντὶ
962 3288 1063 3359 μὲν
1087 3284 1267 3358 οἶμαι,
1294 3287 1372 3358 τῷ
1405 3288 1538 3358 περὶ
1566 3286 1702 3339 Θεοῦ
1775 3286 1931 3342 ἀδιαιο

347 3380 593 3451 στρόφου
657 3380 869 3443 ἑννοίας
930 3378 1160 3445 σώζοντι
1193 3379 1393 3450 χρῆναι
1458 3377 1930 3449 ἀνομολογεῖσθαι,

346 3471 627 3543 ἀπροσδεῆ
660 3488 719 3524 τε
748 3464 888 3525 εἶναι
918 3472 1009 3525 τὸν
1040 3470 1193 3535 Θεὸν,
1231 3470 1327 3524 καὶ
1353 3471 1446 3523 ἐπὶ
1480 3471 1659 3523 πάντα
1684 3468 1784 3541 τὴν
1831 3468 1932 3522 αύ-

346 3558 449 3612 τοῦ
488 3558 742 3627 ἐξαρκεῖν
764 3558 1019 3630 δύναμιν,
1048 3559 1243 3630 μηδενὶ
1272 3560 1469 3630 πέρατι
1500 3559 1849 3631 ὁριζομένην.
1872 3559 1936 3612 El

358 3652 464 3721 μὲν
495 3646 590 3704 οῦν
617 3650 843 3721 τοιαύτη
884 3668 967 3715 τις
996 3651 1177 3706 ἔννοια
1212 3653 1341 3723 ὑμῖν
1368 3651 1794 3722 ὲνέσπαρται,τί
1824 3669 1937 3728 κοιέ

350 3746 557 3807 νωνοὺς
592 3742 745 3814 αύτῷ
794 3744 895 3813 τῆς
921 3742 1169 3810 ἐξουσίας
1221 3743 1562 3815 προσνέμετε
1591 3761 1607 3811 ;
1634 3743 1854 3798 Μᾶλλον
1880 3744 1939 3797 δὲ

352 3838 473 3900 πῶς
502 3836 564 3890 ού
621 3836 817 3904 γέλως,
859 3837 1147 3890 κοινωνίαν
1195 3836 1462 3901 ἐξουσίας,
1499 3836 1812 3906 δωρεῖσθαι,
1856 3832 1940 3899 οἷς

355 3927 483 3980 κατ’
502 3926 657 3981 οὐδὲν
686 3925 839 3979 ἔσται
883 3925 1091 3997 ταύτης
1146 3926 1417 3997 μετέχειν,
1451 3926 1708 3982 ἁπάντων
1729 3927 1835 3995 ὑπὸ
1861 3928 1942 3999 τῷ

356 4018 561 4091 πρώτῳ
613 4017 1173 4102 περιδεδραγμένωνξ
1223 4017 1290 4072 Εἰ
1414 4019 1443 4071 ὅ
1470 4017 1521 4069 τί
1558 4035 1689 4071 ποτε
1716 4018 1941 4093 πρώτην

355 4108 534 4179 ἀρχὴν
555 4108 757 4171 οἴεσθε,
779 4108 877 4161 εἶθ’
901 4111 930 4163 ὁ
957 4098 1311 4181 ῦπατοςύμῖν
1336 4110 1493 4177 Ζεὺς,
1520 4111 1631 4163 εἴτε
1655 4128 1740 4175 τις
1758 4111 1938 4178 ἄλλος,

356 4202 420 4254 οὐ
441 4202 678 4272 διαρκής
715 4202 831 4255 ἐστι
864 4201 986 4255 καθ’
1020 4200 1207 4269 αὑτὸν,
1245 4202 1342 4255 καὶ
1378 4202 1467 4257 διὰ
1508 4202 1690 4269 τοῦτο,
1720 4204 1802 4258 δεῖ
1829 4222 1944 4259 κοι-

358 4294 565 4355 νωνοὺς
596 4290 784 4346 λαϐεῖν
828 4290 994 4346 αὑτὸν
1047 4292 1147 4362 τῆς
1186 4293 1383 4365 ἀρχῆς.
1425 4293 1544 4357 πῶς
1572 4293 1637 4348 ἀν
1666 4295 1752 4364 εῐη
1785 4295 1940 4360 Θεὸς,

356 4383 421 4445 ὃς
446 4381 848 4455 παραπλησίως
869 4380 1179 4451 ἀνθρώποις
1194 4383 1296 4436 οὐκ
1318 4382 1748 4456 ἀποκεχώρηκεν
1776 4382 1943 4440 άσθεὲ

1956 3149 2002 3210 C

2033 3106 2266 3179 Oportet
2296 3108 2441 3162 enim
2467 3121 2586 3172 vos,
2616 3117 2675 3162 ut
2696 3114 2941 3177 apparet,
2979 3120 3234 3176 magnum
3260 3104 3485 3159 deorum
3512 3116 3621 3157 nu-

2033 3216 2245 3255 merum
2277 3202 2442 3255 rebus
2470 3198 2771 3269 praeficere,
2806 3213 2875 3253 ne
2903 3205 3220 3253 curatorum
3248 3204 3303 3250 et
3322 3192 3620 3265 praesidum

2033 3291 2411 3347 lmbecillitate
2452 3304 2542 3345 res
2566 3289 2706 3345 male
2745 3289 3223 3345 administrentur.
3248 3288 3424 3341 Porro
3457 3298 3623 3355 prave

2033 3385 2254 3454 quidem
2290 3398 2319 3437 a
2354 3397 2486 3457 vera
2519 3383 2612 3438 Dei
2643 3382 2957 3454 cognitione
2986 3381 3208 3437 abducti
3244 3379 3415 3435 estis;
3437 3376 3623 3449 Longe

2034 3491 2165 3532 vero
2209 3475 2366 3546 pejus
2402 3474 2671 3530 unitatem
2706 3474 2803 3530 Dei
2850 3474 2907 3528 in
2941 3469 3443 3543 pluresesecuistis.
3486 3466 3623 3524 Nam

2036 3585 2135 3640 per
2184 3570 2554 3624 introductam
2610 3566 2842 3624 deorum
2892 3567 3109 3637 copiam
3164 3565 3221 3619 in
3291 3562 3622 3619 atheismum

2037 3662 2376 3719 incurristis.
2421 3660 2675 3716 Arbitror
2723 3674 2962 3729 namque
3015 3672 3232 3713 omnem
3281 3656 3458 3720 illum,
3529 3654 3626 3724 qui

2036 3751 2512 3808 existimationem
2544 3750 2613 3807 de
2642 3750 2753 3807 Deo
2776 3756 3176 3819 competentem
3210 3747 3474 3811 custodit,
3493 3761 3628 3802 con-

2039 3845 2180 3900 fiteri
2212 3844 2433 3911 debere,
2462 3843 2632 3898 Deum
2664 3843 2868 3899 nullius
2896 3857 3019 3898 esse
3050 3839 3318 3912 indigum.
3341 3848 3394 3895 et
3432 3846 3628 3908 poten-

2041 3937 2169 3991 tiam
2192 3935 2317 4007 ejus
2363 3936 2535 3990 nullis
2559 3934 2807 3991 terminis
2832 3932 3332 4003 circumscriptam,
3356 3930 3421 3985 ad
3443 3929 3629 3985 omnia

2042 4028 2310 4084 sufﬁcere.
2362 4026 2421 4082 Si
2463 4028 2628 4097 igitur
2653 4025 2971 4095 huiusmodi
3002 4026 3069 4080 de
3108 4024 3218 4079 Deo
3246 4023 3442 4079 notitia
3474 4036 3627 4077 men-

2041 4121 2191 4175 tibus
2234 4119 2436 4175 vestrfs
2478 4124 2564 4174 est
2613 4117 2781 4173 insita
2806 4158 2828 4183 ,
2870 4132 2972 4173 cur
3021 4116 3205 4173 socios
3253 4115 3539 4186 potestatis
3580 4114 3629 4169 ei

2043 4212 2385 4283 adjungitis?
2414 4209 2513 4267 Vel
2538 4209 2723 4281 potius
2746 4210 3025 4281 quomodo
3054 4209 3348 4264 ridiculum
3384 4222 3493 4263 non
3523 4216 3629 4273 est,

2044 4305 2487 4359 communionem
2514 4304 2803 4373 potestatis
2824 4302 3009 4373 largiri
3039 4302 3147 4367 bis,
3171 4300 3263 4372 qui
3288 4300 3453 4369 huius
3485 4299 3633 4353 nullo

2047 4393 2216 4448 modo
2253 4401 2486 4464 possunt
2510 4404 2636 4448 esse
2668 4392 2978 4463 participes,
3000 4393 3215 4473 quippe
3244 4390 3502 4446 omnibus
3531 4389 3634 4443 sub

358 4474 532 4539 νείας,
573 4474 689 4527 ἀλλ’
722 4475 801 4537 εἰς
824 4471 893 4526 τά
914 4472 1199 4541 δοκοῦντα,
1231 4474 1403 4527 δεῖται
1431 4474 1525 4527 τοῦ
1552 4476 1931 4548 ὲπικουρήσον·

2049 4486 2227 4555 primo
2270 4485 2364 4539 illo
2407 4500 2593 4540 rerum
2645 4493 2875 4556 parente
2915 4482 3369 4555 comprehensis?
3398 4480 3554 4549 Quod
3585 4480 3632 4536 si

356 4582 480 4634 τος;
522 4564 555 4637 ἢ
582 4565 701 4628 πῶς
737 4564 1026 4636 συνάρχειν
1050 4565 1271 4636 ἐτέρους
1306 4566 1748 4634 ὲγκαθιστῶντες
1768 4569 1941 4642 αὐτῷ,

358 4660 461 4728 οὐχ
492 4659 612 4727 ἀμα
642 4674 703 4710 τε
731 4656 921 4710 τοῦτον
974 4658 1075 4727 τῆς
1122 4659 1296 4729 ἀρχῆς
1347 4659 1690 4732 ἀφαιρεῖσθε,
1727 4662 1823 4714 καὶ
1850 4663 1944 4726 οὓς

360 4750 657 4822 συνάρχειν
685 4748 1057 4812 καθίστασθες
1112 4750 1175 4803 Εί
1213 4748 1313 4817 μὲν
1363 4751 1474 4822 γάρ
1504 4751 1706 4816 πάντες
1744 4754 1946 4821 ὁμοίως

357 4841 609 4911 ἄρξουσι,
645 4840 699 4893 τί
724 4839 915 4894 τούτου
943 4841 1223 4911 μᾶλλον,ῆ
1257 4843 1481 4895 ἐκείνων
1513 4844 1547 4913 ἡ
1583 4844 1757 4916 ἀρχῆς
1790 4843 1853 4897 Εἰ
1877 4844 1935 4896 δὲ

363 4933 442 5004 μὴ
473 4936 679 4996 πάντες
705 4935 932 5004 ὁμοίως,
985 4935 1103 4997 πῶς
1133 4937 1191 4989 ὲν
1220 4930 1265 5004 ᾧ
1299 4936 1725 5007 ύποϐεϐήκασιν,
1760 4938 1859 4990 οὐκ
1889 4938 1947 4989 ὲν

357 5026 429 5094 τῇ
455 5023 570 5079 τῶν
600 5026 921 5096 ἀρχομένων
950 5025 1059 5081 εἶεν
1087 5028 1303 5099 μερίδι;
1334 5029 1400 5080 "0
1424 5028 1483 5081 δὲ
1504 5028 1579 5099 μὴ
1616 5028 1795 5099 ἄρχει,
1829 5026 1947 5091 πῶς

358 5117 430 5172 ἂν
457 5119 543 5187 ειη
576 5118 745 5184 Θεός;
776 5120 963 5183 Οὕτως
998 5122 1125 5190 ύμῖν
1169 5122 1230 5175 τὸ
1257 5120 1417 5175 άθεον
1444 5120 1523 5191 τῷ
1552 5121 1797 5191 πολυθέῳ
1822 5137 1949 5174 συν·

358 5210 587 5282 ἐρχεται
614 5225 628 5241 ⁸
678 5210 933 5282 οὐδαμῶς
954 5212 1046 5268 οὖν
1078 5213 1181 5284 χρὴ
1213 5214 1294 5277 είς
1318 5211 1521 5283 πλῆθος
1545 5215 1607 5267 τὸ
1632 5214 1788 5267 Θεῖον
1814 5214 1950 5266 ἀπο-

360 5302 637 5374 μερίζειν,
668 5304 791 5357 ούδὲ
822 5306 882 5375 ἐξ
903 5300 970 5370 ρῦ
1002 5308 1117 5369 τοῖς
1146 5306 1329 5370 ἀλλοις
1370 5308 1404 5377 ὴ
1441 5307 1647 5377 μετοχὴ
1672 5305 1769 5359 τοῦ
1804 5306 1941 5371 ἑνὸς,

357 5394 576 5465 ἐκεῖθεν
614 5396 726 5467 γάρ
762 5398 979 5451 κάτεισι
1018 5397 1078 5451 τὸ
1109 5397 1168 5451 ἓν
1197 5400 1256 5451 ἐν
1285 5400 1399 5461 τοῖς
1433 5399 1769 5463 σκιδαστοῖς,
1793 5398 1949 5452 τοῦτο

358 5490 716 5561 ἀποστερεῖν,
732 5488 761 5543 ὃ
782 5489 965 5544 δίδωσι
986 5492 1099 5553 τοῖς
1120 5490 1324 5553 ἄλλοις.
1345 5491 1440 5563 Μὴ
1459 5494 1653 5563 τομαῖς
1673 5491 1733 5544 τὸ
1750 5487 1951 5545 ἐνιαῖον

361 5580 463 5651 τῆς
498 5581 825 5652 κυριότητος
856 5582 1214 5636 ὑποϐάλλετε.
1242 5581 1418 5654 Μηδὲ,
1441 5580 1503 5636 τὸ
1536 5584 1638 5654 μέν
1665 5600 1715 5638 τι
1745 5583 1950 5655 ταύτης

365 5673 749 5747 ὕπερκεῖσθαι,
802 5676 864 5728 τὸ
915 5676 961 5729 δ’
1009 5674 1414 5748 ὑποϐεϐηκέναι
1472 5670 1781 5748 νομίζοιτε;
1814 5678 1950 5748 μηδὲ

363 5765 689 5840 ἀφελόμενοι
715 5766 812 5821 τοῦ
841 5766 1075 5827 Κτίστου
1104 5766 1203 5842 τὴν
1254 5768 1649 5840 προσκύνησιν,
1697 5770 1807 5832 τοῖς
1832 5769 1947 5823 κτί-

2048 4577 2233 4648 aliquo
2264 4576 2485 4631 tandem
2519 4576 2681 4630 modo
2714 4577 2947 4645 primum
2980 4574 3337 4645 principium,
3359 4574 3477 4629 sive
3497 4573 3633 4628 illud

2049 4670 2123 4725 sit
2170 4684 2464 4739 supremus
2508 4667 2743 4739 Jupiter,
2777 4670 2895 4723 sive
2925 4668 3073 4723 aliud
3113 4667 3400 4739 quiddam,
3431 4668 3636 4723 virtute

2048 4761 2353 4816 sufﬁciente
2377 4775 2471 4830 per
2498 4776 2557 4814 se
2584 4774 2693 4813 non
2722 4759 2911 4830 pollet,
2935 4769 2991 4815 et
3023 4761 3095 4816 ob
3132 4760 3185 4814 id
3218 4759 3437 4830 imperii
3468 4761 3638 4816 sociis

2047 4859 2193 4919 eget,
2241 4848 2517 4920 quomodo
2558 4850 2702 4904 Deus
2746 4850 2876 4915 erit,
2918 4850 3015 4920 qui
3065 4850 3243 4906 instar
3276 4849 3560 4905 hominum
3605 4863 3636 4903 a

2051 4942 2338 5012 potestatis
2359 4949 2413 4996 et
2435 4940 2633 4995 virium
2664 4940 3047 4997 imbecillitate
3076 4957 3188 4998 non
3209 4950 3293 4998 est
3327 4949 3636 5012 exemptus,

2048 5034 2143 5091 Sed
2182 5033 2248 5087 ad
2280 5049 2366 5098 ea,
2404 5047 2528 5102 qua
2572 5032 2802 5103 exsequi
2844 5032 3058 5100 statuit,
3103 5032 3451 5104 adjutoribus
3482 5034 3639 5103 ‘opus

2050 5122 2258 5178 habet?
2286 5122 2351 5176 Et
2372 5121 2649 5193 quomodo
2670 5137 2796 5177 cum
2825 5122 3009 5179 socios
3027 5121 3243 5192 imperii
3270 5121 3320 5177 ei
3346 5120 3641 5177 constitui-

2050 5217 2145 5282 tis,
2191 5231 2301 5270 non
2333 5216 2501 5270 simul
2547 5222 2602 5271 et
2646 5215 2794 5269 hunc
2827 5214 3060 5286 imperio
3094 5214 3350 5285 privatis.
3389 5224 3453 5270 et
3491 5214 3639 5279 illos,

2051 5324 2191 5379 quos
2239 5308 2291 5363 ei
2339 5308 2701 5378 opitulatores
2745 5308 3102 5380 adjungitis?
3153 5306 3210 5362 Si
3257 5307 3403 5363 enim
3444 5322 3641 5363 omnes

2048 5401 2337 5471 aequaliter
2374 5400 2663 5469 imperent,
2694 5415 2797 5455 cur
2840 5400 3008 5470 hujus
3065 5415 3231 5471 quam
3276 5399 3425 5456 illius
3461 5399 3640 5469 magis

2053 5490 2125 5545 sit
2155 5490 2446 5559 imperium
2478 5491 2501 5543 ’ί
2530 5490 2600 5543 Αι
2640 5491 2701 5546 si.
2730 5504 2925 5545 omnes
2970 5505 3081 5546 non
3120 5490 3413 5562 gaudeant
3439 5490 3640 5560 aequali

2054 5581 2308 5651 imperio,
2331 5582 2609 5651 quomodo
2630 5596 2695 5635 ea
2719 5581 2933 5637 ratione
2951 5597 3058 5651 qua
3086 5591 3218 5638 sunt
3240 5582 3504 5647 minores,
3526 5596 3637 5636 non

2054 5676 2433 5730 censebuntur
2464 5676 2518 5729 in
2555 5689 2745 5730 eorum
2776 5674 2873 5744 qui
2908 5675 3146 5730 subsunt
3180 5689 3413 5729 numero
3436 5674 3463 5727 ἲ
3490 5672 3640 5740 Quo-

2053 5767 2217 5825 modo
2237 5766 2378 5825 Dcus
2406 5774 2510 5835 est,
2542 5767 2636 5837 qui
2664 5782 2772 5823 non
2802 5777 2999 5837 prazest
3022 5768 3046 5822 τ
3071 5766 3149 5825 ita
3176 5768 3397 5824 tandem
3426 5766 3635 5824 auleis-
