4108 6306
467 332 568 398 183

1707 327 1980 388 LEONIS
2008 327 2474 388 Pl-IlLOSOPl-II

3620 325 3753 391 184

463 461 614 502 mum
660 443 978 513 nullumque
1025 442 1192 496 Deum
1234 456 1360 496 cum
1413 440 1643 496 deorum
1687 441 2040 496 multitudine

2165 441 2534 511 πμασιταύτην
2553 439 2744 495 δίδοτε.
2765 440 3150 511 Ἀναϐλέψατε,
3164 441 3461 512 ἄνθρωποι,
3478 442 3766 511 λογισμῷ

462 536 732 593 miscetis.
767 533 951 600 Quare
984 535 1134 588 nullo
1182 534 1348 588 modo
1380 533 1739 588 dividendum
1783 543 1868 590 est
1910 533 2050 586 diri-

463 643 594 682 num
625 625 838 680 Numen
873 627 926 679 in
958 627 1139 695 plura,
1177 641 1356 695 neque
1384 626 1461 691 id,
1487 625 1630 682 unde
1655 627 1777 680 aliis
1803 640 2049 679 commuo

462 720 555 774 nio
603 717 837 772 unitatis
868 728 1057 771 manat
1089 717 1238 787 (inde
1282 719 1427 782 enim
1466 717 1535 772 ad
1570 733 1684 784 res,
1717 734 1838 787 qua:
1864 719 2050 787 plures

459 820 514 865 et
553 810 818 879 dispersa:
848 818 998 875 sunt,
1035 812 1216 865 unitas
1242 810 1414 878 venit)
1453 825 1552 880 par
1583 819 1670 866 est
1705 812 1925 880 privare
1960 827 2048 879 eo,

460 901 609 973 quod
639 900 870 972 largitur
893 900 1038 956 aliis.
1073 899 1262 970 Neque
1287 902 1683 971 partitionibus
1709 911 1765 956 et
1786 903 2052 957 sectioni-

464 997 568 1049 bus
593 994 858 1047 unitatem
892 993 1289 1048 dominationis
1319 993 1598 1062 subjicite,
1630 1009 1807 1064 neque
1839 1005 2049 1065 partem

470 1084 593 1154 ejus
620 1085 983 1153 superiorem,
1021 1092 1231 1152 partem
1268 1098 1397 1137 vero
1445 1083 1759 1138 inferiorem
1788 1100 1908 1140 esse
1934 1086 2051 1139 exi-

464 1175 711 1238 stimate,
742 1189 923 1244 neque
950 1172 1200 1228 detracto
1233 1187 1262 1226 a
1295 1173 1559 1230 Creatore
1597 1176 1784 1231 debito
1815 1177 1966 1231 cultu
1996 1186 2052 1231 et

467 1266 814 1331 adoratione,
867 1281 987 1322 eam
1037 1270 1312 1324 creaturis
1363 1270 1612 1326 tribuite.
1667 1269 1968 1340 Respicite,
2021 1285 2055 1325 ο

466 1362 749 1424 mortales,
771 1359 828 1414 in
846 1359 1072 1415 caelum.
1099 1359 1324 1422 Discite,
1347 1363 1476 1431 quis
1497 1361 1699 1416 caelum
1724 1362 2054 1417 extenderit.

463 1448 601 1512 Quis
651 1449 812 1518 quasi
865 1448 1110 1503 siderum
1151 1449 1383 1505 ﬂoribus
1439 1450 1571 1504 illud
1624 1453 1872 1506 variarit.
1921 1452 2055 1516 Quis

463 1539 772 1596 luminibus
803 1541 912 1595 illis
937 1540 1191 1596 ordinem
1217 1542 1641 1612 praescripserit.
1676 1542 1810 1608 Quis
1839 1544 2059 1599 univer-

463 1633 682 1688 sitatem
755 1633 897 1688 hanc
959 1632 1250 1688 ordinarit.
1308 1633 1446 1698 Quis
1515 1634 1886 1690 immensitate
1942 1650 2058 1690 suae

465 1723 709 1778 scientia:
750 1739 839 1780 res
872 1740 1064 1779 omnes
1101 1732 1211 1779 tam
1245 1726 1519 1780 concinne
1557 1719 1941 1795 disposuerit:
1985 1728 2056 1781 ita

463 1822 524 1868 ut
569 1831 668 1885 per
703 1814 823 1885 ejus
873 1817 1357 1887 elcgantissimam'
1396 1817 1841 1886 dispositionem,
1891 1819 2050 1888 quasi

464 1919 561 1971 per
622 1907 1098 1964 ordinatissimum
1151 1910 1385 1964 chorum
1441 1911 1711 1978 sapientia
1770 1911 2052 1966 Creatoris

463 1995 808 2064 deeantetur,
851 2009 906 2053 et
943 2001 1396 2070 praestantissima
1438 2017 1669 2072 qumque
1703 2002 1846 2057 dona
1888 2003 2053 2059 homo

465 2090 748 2160 percipiat.
787 2090 990 2148 Discite
1026 2094 1162 2160 haec,
1202 2101 1258 2150 et
1297 2095 1582 2162 repudiato
1620 2110 1801 2149 rerum
1833 2105 2053 2151 creata-

465 2198 584 2235 rnm
630 2185 805 2250 cultu,
845 2183 1049 2242 discite
1084 2201 1342 2256 magnum
1373 2187 1574 2240 divina“:
1623 2187 2054 2256 dispensationis

463 2274 609 2326 circa
630 2273 879 2329 homines
902 2276 1244 2346 mysterium.
1266 2275 1551 2342 Quomodo
1575 2285 1794 2346 propter
1812 2279 2046 2332 salutem

465 2365 748 2424 hominum
779 2367 925 2423 Deus
953 2367 1118 2423 homo
1143 2367 1326 2422 factus
1355 2369 1448 2423 sit.
1484 2368 1550 2421 Et
1573 2371 1849 2438 quomodo
1870 2386 2044 2438 mors,

2150 534 2232 596 είς
2258 533 2350 586 τὸν
2381 533 2613 603 οὐρανόν
2639 549 2656 566 ο
2680 535 3052 604 καταμάθετε,
3081 535 3166 597 τίς
3189 536 3218 588 6
3247 534 3488 599 τανύσας
3519 535 3703 588 αὐτόν
3741 550 3758 564 ·

2150 625 2234 687 τίς
2266 627 2294 677 6
2317 626 2571 690 ποικίλας
2607 625 2772 679 αὐτὸν
2829 627 2906 698 τῷ
2948 627 3183 699 ἁστρῴῳ
3215 627 3398 694 ἄνθει,
3432 629 3514 691 τίς
3541 629 3572 681 6
3608 629 3766 682 δια.-

2149 717 2317 782 τάξας
2346 716 2546 787 δρόμον
2597 720 2918 787 φωστῆρσι,
2969 718 3057 780 τίς
3107 719 3136 771 6
3199 717 3427 787 θέμενος
3471 715 3628 783 τάξιν
3655 715 3767 786 τῷ

2152 809 2354 875 παντὶ,
2385 811 2471 874 τίς
2495 813 2524 865 6
2557 793 2774 882 ἀπείρῳ
2807 812 3093 883 ἐπιστήμῃ
3123 809 3264 864 οὕτω
3290 812 3405 872 τοῖς
3438 813 3604 864 πᾶσιν
3636 810 3768 878 ἀρ·

2155 903 2348 972 μονίαν
2377 902 2627 971 θέμενος,
2653 899 2806 976 δι’ἧς
2835 903 3025 974 ὥσπερ
3055 903 3392 974 τεταγμένου
3414 903 3578 974 χοροῦ
3600 903 3636 972 ἦ
3673 918 3761 954 τε

2155 996 2319 1063 σοφία
2344 995 2437 1048 τοῦ
2461 997 2793 1067 Ποιήσαντος
2821 998 3213 1065 ἁναφωνεῖται,
3247 998 3342 1050 καὶ
3369 997 3437 1050 τὰ
3467 997 3764 1051 κάλλιστοι

2155 1088 2380 1139 πλουτεί
2407 1086 2717 1156 ἄνθρωπος.
2749 1086 3116 1156 Καταμάθετε
3145 1085 3340 1150 ταῦτα,
3390 1085 3486 1137 καὶ
3519 1082 3762 1145 τούτοις

2153 1177 2552 1240 ἀνανεύσαντες
2576 1178 2679 1248 τῆς
2707 1177 2820 1231 τῶν
2858 1176 3175 1249 κτισμάτων
3223 1175 3490 1237 δουλείας,
3529 1174 3762 1244 μάθετε

2154 1271 2215 1324 τὸ
2252 1271 2396 1340 μέγα
2417 1271 2518 1340 τῆς
2554 1270 2682 1339 περῖ¹
2714 1267 3038 1340 ἀνθρώπους
3062 1267 3382 1336 οἰκονομίας
3431 1267 3764 1336 μυστήριον

2154 1365 2248 1420 τοῦ
2279 1365 2414 1417 Θεοῦ
2442 1406 2457 1428 ,
2490 1363 2611 1426 πῶς
2657 1362 2756 1433 μὲν
2779 1364 2868 1416 διὰ
2902 1360 3178 1432 σωτηρίαν
3226 1359 3545 1430 ἀνθρώπου,
3599 1354 3766 1419 Θεὸς

2155 1455 2448 1525 ἄνθρωπος
2475 1456 2701 1523 γίνεται,
2737 1455 2852 1516 πῶς
2885 1454 2932 1506 δ’
2955 1455 2982 1508 ό
3016 1453 3266 1513 θάνατος,
3295 1452 3354 1504 ὃν
3373 1449 3575 1520 χλεύην
3606 1465 3755 1501 ποι-

2157 1546 2325 1610 εἴσθε,
2362 1546 2506 1614 ζωῆς
2525 1544 2848 1606 αἰτιώτατος
2869 1544 3112 1613 γέγονεν,
3136 1543 3394 1596 ἀσθένεια
3415 1541 3543 1610 ύμῖν
3566 1539 3757 1605 ἔδοξε,

2157 1639 2239 1700 τὸ,
2267 1637 2658 1710 προσηλῶσθαι
2689 1637 2928 1708 σταυρῷ,
2952 1636 3047 1691 καὶ
3073 1635 3179 1706 μὴν
3210 1637 3423 1705 ἄμαχος
3452 1634 3548 1687 τοῦ
3576 1651 3758 1687 σταυ-

2164 1730 2255 1802 ροῢ
2289 1733 2320 1800 ὴ
2349 1730 2603 1798 δύναμις.
2639 1729 2796 1798 Ἀμα
2828 1745 2889 1781 τε
2911 1727 3023 1798 γὰρ
3055 1727 3289 1795 σταυρὸς
3320 1725 3614 1794 ἐπεπήγει,
3643 1723 3759 1776 καὶ

2154 1820 2267 1872 τῶν
2289 1819 2420 1890 παρ’
2451 1819 2607 1890 ὑμῶν
2632 1817 2942 1888 σεϐομένων
2966 1817 3283 1886 δαιμονίων,
3307 1815 3366 1879 ἐξ
3395 1814 3606 1867 ἐκείνου
3638 1812 3757 1881 μέ-

2157 1930 2248 1983 χρι
2280 1912 2373 1965 καὶ
2397 1910 2512 1977 νῦν,
2533 1913 2566 1981 ἡ
2600 1911 2833 1980 δύναμις
2864 1909 3126 1978 ὑπολήγει
3151 1924 3167 1940 ο
3200 1909 3402 1970 ἐκεῖνος
3423 1908 3451 1958 ὀ
3482 1905 3752 1966 θάνατος.

2156 2007 2220 2059 τὸ
2255 2004 2455 2074 πικρὸν
2476 2004 2570 2057 τοῦ
2615 2003 2867 2068 θανάτου,
2892 2002 2974 2066 είς
3003 2000 3321 2072 γλυκύτητα
3353 2000 3753 2068 μετενηνοχεν,

2158 2098 2236 2160 ὡς
2260 2097 2355 2150 καὶ
2378 2096 2472 2149 νῦν
2498 2097 2632 2166 ἡμῖν
2678 2092 2788 2148 οἷόν
2817 2111 2870 2148 τι
2923 2093 3101 2162 γλυκὺ
3148 2093 3301 2162 πόμα
3329 2091 3400 2144 δι’
3444 2088 3765 2159 ἐπιθυμίας

2159 2192 2299 2253 ἐστὶ,
2346 2190 2414 2243 δι’
2440 2186 2610 2244 αὐτοῦ
2646 2188 2784 2261 πρὸς
2827 2188 2973 2256 ζωὴν
3007 2187 3452 2257 μεταϐαίνουσιν,
3485 2183 3561 2247 ὡς
3580 2182 3755 2251 εὔερ-

2155 2281 2322 2349 γέτην
2349 2281 2729 2350 προσμένομεν
2773 2279 2966 2344 αὑτὸν,
2998 2280 3080 2332 ὅτι
3103 2279 3198 2332 τοῦ
3225 2275 3451 2347 πηλίνου
3499 2273 3754 2346 μετοικί-

2156 2370 2264 2433 ζων
2300 2369 2556 2440 σκήνους,
2586 2373 2665 2431 εἰς
2690 2371 2789 2432 τὰς
2809 2369 3093 2440 οὐρανίους
3111 2367 3475 2435 ὲγκατοικίζει
3509 2362 3748 2433 σκηνάς.

465 2448 635 2528 ιιυοιῆ
675 2474 776 2515 vos
821 2460 1010 2516 irrisui
1052 2469 1106 2516 et
1149 2459 1455 2531 despicatui
1509 2461 1746 2529 habetis,
1795 2464 1867 2518 sit
1918 2464 2044 2518 vitae
2072 2478 2264 2518 causa.
2298 2461 2633 2516 lnﬁrmitatis
2665 2463 2785 2516 loco
2814 2461 3075 2526 duxistis,
3133 2461 3280 2531 quod
3334 2457 3485 2514 cruci
3543 2457 3745 2511 aﬂixus

465 2561 572 2610 est.
611 2556 777 2625 Atqui
830 2555 1219 2626 insuperabilis
1263 2565 1347 2613 est
1381 2556 1562 2612 crucis
1606 2557 1810 2615 virtus.
1862 2557 2041 2613 Simul
2073 2570 2238 2628 atque
2266 2559 2412 2612 enim
2446 2572 2581 2612 crux
2617 2557 2721 2612 lixa
2753 2563 2859 2621 est,
2885 2557 2953 2611 ab
2977 2571 3046 2611 eo
3111 2563 3390 2611 momento
3440 2569 3621 2625 usque
3674 2556 3744 2607 ad

464 2663 707 2716 praesens
746 2658 962 2718 tempus
1009 2655 1254 2719 potestas
1303 2647 1638 2711 dtemonum,
1694 2650 1856 2720 quia
1895 2651 2052 2704 vobis
2081 2650 2423 2711 colebantur,
2457 2648 2644 2722 desiit.
2691 2647 2791 2702 illa
2848 2661 3001 2702 mors
3056 2645 3478 2700 amaritudinem
3544 2647 3746 2700 mortis

465 2745 520 2798 in
546 2742 894 2799 dulcedinem
934 2744 1114 2808 vertit,
1141 2757 1266 2813 quae
1291 2750 1350 2797 et
1381 2758 1528 2798 nunc
1562 2751 1826 2814 tanquam
1882 2747 2142 2816 poculum
2195 2752 2419 2815 gustatu
2454 2744 2612 2798 valde
2649 2742 2980 2812 jucundum,
3041 2740 3203 2795 nobis
3253 2748 3339 2795 est
3391 2742 3446 2794 in
3510 2742 3738 2810 optatis.

467 2845 656 2910 utpote
683 2838 845 2908 cujus
873 2838 1189 2894 interventu
1225 2837 1294 2893 ad
1329 2838 1498 2894 vitam
1537 2838 1865 2903 transimus.
1897 2850 1952 2896 et
1996 2849 2056 2895 ut
2083 2840 2150 2895 de
2201 2840 2360 2895 nobis
2412 2838 2554 2893 bene
2598 2844 2900 2892 merentem
2973 2844 3384 2905 exspectamus,
3461 2834 3590 2905 quia
3675 2848 3744 2888 ex

466 2932 616 2986 luteo
658 2931 1012 2986 tabernaculo
1056 2930 1286 2987 eductos
1320 2929 1396 2997 ad
1437 2939 1676 2988 aeternas
1701 2932 1879 3001 [sedes
1931 2933 2186 2989 traducit.

539 3019 668 3076 Haec
686 3031 988 3092 martyrum
1009 3023 1284 3093 quispiam
1315 3023 1636 3092 prolocutus
1660 3024 1870 3079 invicto
1887 3026 2054 3079 animi

469 3111 690 3176 robore,
736 3110 1058 3181 disertaque
1097 3119 1151 3167 et
1184 3113 1348 3167 docta
1383 3112 1645 3168 facundia
1675 3115 1890 3185 tyranni
1915 3115 2052 3169 iram

2236 3019 2408 3079 Εῐπέν
2434 3041 2519 3087 τις
2547 3023 2720 3078 ταῦτα
2752 3021 2864 3077 τῶν
2892 3019 3214 3093 μακαρίων,
3251 3017 3488 3087 γενναίῳ
3513 3017 3607 3088 μὲν
3629 3035 3736 3068 πα-

2166 3119 2500 3189 ραστήματι,
2532 3114 2741 3186 εὐλάλῳ
2785 3114 2844 3169 δὲ
2868 3116 2960 3166 καὶ
2989 3114 3125 3183 σοφῇ
3161 3114 3226 3182 τῇ
3253 3111 3497 3181 γλώσσῃ.
3528 3109 3619 3162 καὶ
3643 3107 3737 3160 τοῦ

470 3202 744 3268 accendit,
778 3203 985 3273 quibus
1015 3204 1163 3274 quod
1198 3207 1581 3275 responderet,
1625 3207 1764 3261 nihil
1795 3215 2054 3277 suppete-

2165 3210 2426 3278 τυράννου
2458 3206 2721 3271 ἐξέκαυσε
2777 3206 2870 3258 τὸν
2922 3203 3114 3272 θυμὸν,
3151 3197 3233 3264 οἷς
3287 3201 3564 3254 ἀντειπεῖν
3606 3198 3733 3266 ἡπό-

469 3293 585 3348 bat.
621 3293 686 3348 Et
718 3293 808 3348 ubi
836 3304 1127 3357 tormenta.
1161 3295 1569 3353 vociferabatur
1597 3295 1622 3352 ἳ
1660 3297 1763 3354 Ubi
1793 3297 2004 3368 ﬂagella
2037 3298 2061 3351 ‘i

472 3379 787 3437 All'erantur
831 3391 988 3439 rotae.
1036 3383 1454 3442 lnﬂammentur
1501 3383 1781 3452 fornaces.
1849 3386 1918 3442 Et
1974 3387 2060 3444 his

473 3482 731 3545 tanquam
759 3490 974 3545 aurum,
1002 3491 1195 3535 aureas
1221 3495 1352 3536 vere
1374 3481 1597 3548 pietatis
1625 3483 1916 3554 imagines,
1940 3499 2063 3554 pro-

475 3566 702 3621 babant.
755 3567 891 3642 Quis
933 3584 1128 3625 eorum
1187 3570 1246 3627 in
1305 3573 1676 3644 perpetiendis
1717 3576 2061 3632 cruciatibus

473 3660 850 3716 constantiam
899 3671 956 3717 et
999 3663 1354 3719 tolerantiam
1410 3665 1576 3736 digne
1637 3676 1990 3736 repraesentet
2039 3671 2065 3722 ’ἐ

477 3745 790 3818 Praeparata
822 3758 977 3807 erant
1013 3752 1381 3811 instrumenta
1409 3757 1477 3810 ad
1499 3755 1784 3813 cruciatus
1817 3757 2062 3813 inferen-

475 3839 579 3893 dos
629 3840 904 3909 apposita.
949 3841 1017 3897 Et
1050 3843 1175 3900 laeto
1206 3846 1389 3910 vultu,
1424 3846 1589 3918 quasi
1632 3848 1978 3904 medicamen
2008 3859 2063 3904 et

476 3927 724 3985 levamen
770 3931 898 3988 inde
939 3935 1252 4004 percepturi
1298 3945 1507 4002 essent,
1563 3937 1826 3993 lictorum
1867 3953 2063 3994 manus

479 4021 859 4088 intuebantur,
908 4026 1064 4094 quasi
1115 4041 1223 4081 non
1260 4037 1555 4095 tormenta,
1589 4029 1686 4085 sed
1721 4029 2062 4102 voluptatem

479 4113 552 4168 ab
585 4113 721 4183 ipsis
753 4126 1158 4186 exspectarent.
1190 4117 1256 4172 Et
1289 4119 1346 4174 hi
1387 4121 1606 4191 quidem
1637 4121 1706 4176 ad
1737 4137 1864 4178 ossa
1891 4138 2065 4193 usque

477 4220 575 4261 eos
606 4205 895 4263 radebant.
925 4210 996 4262 At
1021 4209 1122 4275 illi,
1154 4211 1300 4265 sicut
1326 4212 1528 4281 planta:
1559 4213 1610 4267 in
1637 4213 1915 4282 profundo
1944 4214 2066 4283 pin-

476 4296 765 4370 guel‘actae,
807 4297 1142 4357 ﬂoridiorem
1185 4301 1346 4357 ﬁdem
1384 4304 1768 4358 ostendebant.
1818 4304 2063 4360 Membra

478 4390 590 4444 illis
618 4392 1009 4460 amputabant;
1040 4401 1096 4447 at
1128 4404 1397 4466 martyres
1433 4396 1625 4450 laudes
1661 4396 1773 4450 Deo
1803 4397 2063 4452 decanta-

426 4498 430 4503 '
478 4480 632 4545 bant,
673 4490 727 4535 et
776 4481 905 4550 quia
952 4483 1251 4553 impietatis
1299 4485 1532 4556 caligine
1569 4486 1891 4541 circumfusi
1953 4503 2059 4541 non

2168 3316 2273 3374 ρει.
2305 3300 2416 3353 Καὶ
2442 3297 2543 3352 ποῦ
2572 3301 2627 3353 αἱ
2666 3294 3050 3369 στρεϐλώσεις,
3085 3293 3249 3358 ἐϐόας
3288 3291 3398 3346 Ποῦ
3439 3292 3498 3345 δὲ
3531 3290 3587 3343 αί
3637 3289 3743 3358 μά·

2169 3408 2388 3460 στιγεςς
2429 3391 2780 3463 Ἀχθήτωσαν
2811 3388 2869 3441 δὲ
2923 3387 2974 3440 οί
3019 3386 3222 3458 τροχοὶ,
3247 3380 3666 3448 ἐξαπτέσθωσάν
3691 3397 3748 3433 τε

2167 3483 2264 3538 καὶ
2287 3484 2346 3538 αί
2386 3483 2633 3552 κόιμινοι,
2671 3481 2767 3534 καὶ
2814 3479 3034 3542 τούτοις
3069 3476 3313 3547 ὡσπερεὶ
3357 3475 3583 3548 χρυσὸν,
3624 3475 3749 3536 τοὺς

2167 3575 2404 3646 χρυσοῦς
2431 3575 2602 3638 ὄντως
2625 3571 2952 3643 ἀνδριάντας
2975 3573 3075 3642 τῆς
3100 3569 3379 3632 εὐσεϐείας
3403 3565 3750 3638 ἐδοκίμαζον.

2167 3666 2268 3729 Τίς
2293 3665 2391 3737 τὴν
2432 3665 2571 3736 πρὸς
2618 3665 2688 3718 τὰ
2717 3663 2866 3716 δεινὰ
2917 3662 3219 3733 καρτερίαν
3260 3660 3443 3714 αὐτῶν
3473 3659 3751 3728 παραστή-

2170 3772 2288 3824 σει;
2327 3755 2666 3826 Εὑτρέπιστο
2695 3755 2764 3807 τὰ
2801 3753 3205 3823 βασανιστήρια
3251 3751 3488 3822 ϐργανα,
3511 3749 3605 3802 καὶ
3630 3749 3750 3817 χαί-

2171 3865 2318 3919 ροντι
2350 3846 2653 3919 προσώπῳ,
2687 3846 2938 3918 καθάπερ
2970 3844 3110 3915 πρὸς
3144 3841 3445 3915 θεραπείαν
3494 3841 3598 3903 τὰς
3634 3839 3753 3892 τῶν

2167 3940 2378 4012 δημίων
2425 3941 2613 4010 χεῖρας
2656 3939 2989 4003 ἀπέϐλεπον,
3025 3936 3215 4007 ὥσπερ
3278 3935 3339 3988 οὐ
3396 3933 3580 3995 πόνου,
3633 3930 3752 3986 αλλ’

2169 4030 2364 4102 ἡδονῆς
2408 4028 2468 4094 ἐξ
2513 4029 2696 4082 αὐτῶν
2733 4028 2902 4097 οὖσης
2945 4026 3340 4098 προσδοκίμου.
3398 4022 3509 4077 Καὶ
3555 4023 3604 4074 οί
3651 4023 3755 4090 μὲν

2169 4123 2316 4186 ἔξεον
2351 4122 2542 4192 μέχρις
2566 4120 2788 4175 ὀστέων,
2823 4119 2887 4172 Ol
2921 4119 2999 4184 δὲ,
3029 4117 3216 4187 ὥσπερ
3245 4116 3391 4185 φυτὰ
3421 4113 3564 4167 κατὰ
3586 4112 3753 4181 βάθος

2170 4217 2520 4285 πιαινόμενα,
2585 4212 2984 4283 εὐανθεστέραν
3042 4209 3141 4281 τὴν
3209 4208 3394 4260 πίστιν
3451 4205 3753 4259 ἐδείκνυον.

2183 4306 2507 4375 Ἀπέκειρον
2533 4302 2602 4356 τὰ
2632 4303 2793 4374 μέλη.
2831 4302 2897 4354 Ol
2927 4300 2986 4353 δὲ
3005 4299 3106 4370 τὴν
3143 4299 3222 4361 εἰς
3249 4296 3382 4350 Θεὸν
3418 4294 3754 4361 δοξολογίαν,

2171 4398 2424 4468 καθάπερ
2477 4395 2724 4468 καρποὺς
2754 4392 3119 4465 ἀναφέροντες
3145 4433 3162 4456 ,
3206 4386 3287 4453 οἷς
3313 4389 3341 4441 ό
3366 4389 3467 4457 τῆς
3498 4387 3754 4446 ἀσεϐείας

2170 4491 2271 4544 οὐκ
2308 4489 2596 4542 ἐπεσκότει
2627 4489 2848 4558 γνόφος,
2883 4485 3206 4556 ώραιότεροι
3234 4480 3607 4550 ἀνεφαίνοντο.
3649 4476 3751 4531 Καὶ

477 4580 659 4638 erant,
705 4574 1073 4643 speciosiores
1121 4585 1174 4629 et
1215 4576 1541 4646 fulgidiores
1592 4583 1946 4647 apparebant.
1981 4579 2059 4634 llli

2172 4585 2220 4636 οἱ
2267 4582 2365 4653 μὲν
2393 4579 2796 4651 διεσπάρασσον
2839 4575 3056 4640 δνυξιν·
3117 4577 3165 4627 οἱ
3201 4573 3246 4626 δ’
3283 4573 3491 4640 ελεγον,
3541 4571 3749 4624 Λεπτύ·

479 4665 700 4733 ungulis
732 4665 1075 4722 lacerabant.
1098 4667 1193 4721 Isti
1216 4684 1348 4723 vero
1375 4670 1686 4724 clamabant
1719 4689 1731 4724 :
1764 4671 2067 4728 Extenuate

478 4755 667 4810 carnis
702 4757 926 4825 molem,
976 4768 1027 4814 et
1075 4760 1233 4828 quasi
1278 4761 1545 4826 tunicam,
1590 4779 1749 4830 quam
1783 4774 2064 4832 peccatum

482 4862 727 4903 crassam
751 4849 954 4905 eﬂ‘ecit.
974 4851 1288 4907 Abradatur
1315 4854 1400 4908 bis
1426 4853 1808 4912 instrumentis
1835 4859 2066 4924 malitia,

480 4955 591 5009 qua
618 4940 806 4997 divino
836 4944 990 5014 operi
1037 4944 1312 5016 malignus
1343 4947 1552 5002 nocuit.
1591 4946 1750 5003 Nunc
1782 4951 1911 5004 dum
1943 4966 2067 5006 ossa

484 5047 654 5086 carne
703 5031 1006 5100 nudantur,
1047 5036 1235 5092 tunica
1277 5036 1394 5105 illa,
1434 5053 1544 5109 qua
1586 5040 1656 5094 ab
1694 5039 1855 5095 initio
1895 5042 2070 5098 induti

483 5141 726 5190 eramus,
760 5127 924 5184 nobis
968 5129 1158 5201 denuo
1193 5139 1562 5202 praeparetur.
1587 5132 1758 5188 'Nunc
1791 5133 1951 5190 beata
1988 5137 2076 5191 illa

486 5218 815 5274 constitutio
881 5227 938 5274 et
1000 5221 1296 5292 habitudo,
1353 5240 1520 5295 quam
1595 5240 1694 5296 per
1742 5228 2073 5299 voluptatem

486 5308 793 5377 amisimus,
829 5311 886 5365 in
921 5312 1048 5377 hac,
1078 5329 1200 5384 qua:
1225 5317 1382 5371 vobis
1412 5318 1647 5384 videtur,
1673 5330 2072 5377 tormentorum

490 5400 794 5455 acerbitate
826 5402 984 5459 nobis
1020 5405 1356 5462 restituitur.
1385 5408 1533 5475 Quas
1569 5411 1752 5481 regias
1774 5413 2069 5482 dignitates

490 5498 548 5546 et
571 5506 704 5562 opes
722 5491 1087 5552 libentissime
1113 5512 1220 5552 non
1245 5499 1487 5556 insumat
1507 5503 1632 5572 quis
1658 5512 1712 5557 et
1752 5507 2066 5574 profundat,

492 5594 554 5639 ut
598 5583 746 5640 hunc
792 5592 901 5640 tam
945 5586 1158 5644 felicem
1201 5600 1406 5645 statum
1459 5603 1749 5662 recuperet
1787 5595 1811 5647 ?
1845 5599 1913 5648 At
1971 5598 2070 5650 hac

489 5675 690 5746 exigua
733 5680 986 5753 corporis
1019 5683 1166 5738 velut
1195 5699 1457 5755 expensa,
1498 5696 1553 5739 et
1587 5688 1836 5756 impensa
1885 5689 2067 5744 divina

492 5767 585 5823 illa
609 5767 848 5839 dignitas
880 5772 1144 5830 redditur.
1179 5777 1321 5843 Quin
1351 5778 1530 5844 potius
1567 5794 1743 5844 neque
1773 5795 2067 5843 expensam

2174 4691 2301 4727 νατε
2335 4675 2430 4727 τὸν
2458 4672 2559 4742 τῆς
2595 4670 2797 4741 σαρκὸς
2838 4666 3062 4739 χιτῶνα,
3098 4666 3157 4719 ὃν
3197 4666 3231 4733 ἡ
3269 4662 3517 4732 ἁμαρτία
3542 4663 3754 4731 ἐπάχυο

2173 4784 2284 4820 νεν.
2327 4761 2663 4828 Ἀποξεὲσθω
2695 4761 2786 4815 διὰ
2812 4759 3021 4813 τούτων
3052 4760 3243 4821 κακία,
3348 4758 3375 4809 ό
3421 4755 3656 4825 πονηρὸς
3677 4751 3756 4824 τῷ

2173 4859 2303 4930 θείῳ
2326 4859 2607 4927 ὑφάσματι
2639 4855 2967 4925 ἐλυμήνατο.
3025 4851 3140 4903 Νῦν
3189 4851 3345 4918 ἡμῖν,
3379 4846 3446 4900 δι’
3495 4838 3571 4899 ὧν
3621 4845 3755 4897 ἀπο-

2173 4952 2506 5020 γυμνοῦνται
2544 4949 2642 5017 τῆς
2675 4945 2877 5017 σαρκὸς
2898 4946 2966 4998 τὰ
2996 4945 3152 5001 ὀστᾶ,
3185 4943 3348 5012 χιτὼν
3375 4943 3579 5007 ἐκεῖνος
3607 4938 3635 4990 6
3659 4939 3758 4992 ἀπ’

2175 5045 2353 5114 ἀρχῆς
2420 5041 2795 5112 ἑτοιμάζεται.
2848 5035 2964 5093 Νῦν
3029 5039 3163 5106 ἡμῖν
3217 5035 3278 5088 τὸ
3337 5033 3610 5105 μακάριον
3657 5032 3759 5100 τῆς

2175 5133 2409 5199 εὐεξίας,
2465 5131 2494 5184 ὃ
2525 5130 2594 5183 δι’
2647 5129 2840 5200 ἡδονῆς
2885 5127 3275 5194 ἀπωλέσαμεν,
3316 5125 3374 5174 ὲν
3421 5125 3489 5192 τῇ
3523 5119 3758 5190 δοκούσῃ

2177 5227 2469 5297 πικρότητι
2502 5224 2612 5276 τῶν
2635 5222 2881 5292 βασάνων
2923 5219 3382 5273 ἀποκαθίσταται.
3413 5217 3564 5267 Πόσα
3588 5213 3653 5266 ἄν
3673 5229 3759 5275 τις,

2175 5317 2452 5387 βασιλείας
2477 5315 2752 5377 ἀπολέσας
2782 5313 3094 5381 ἀξιώματα,
3144 5309 3315 5380 ἡδέως
3353 5308 3630 5360 ἀνάλωσεν
3669 5306 3762 5368 ἂν,

2173 5411 2262 5462 ἶνα
2304 5410 2462 5463 τοῦτο
2509 5408 2674 5461 πάλιν
2721 5405 3094 5473 ἁνακτήσηται
3120 5419 3135 5466 ;
3164 5401 3278 5454 Νῦν
3315 5402 3449 5470 ἡμῖν
3494 5399 3556 5452 τὸ
3616 5398 3763 5450 θεῖον

2180 5500 2397 5570 ἀξίωμα
2449 5502 2515 5571 τῇ
2549 5498 2708 5570 ὀλίγῃ
2767 5494 2941 5567 ταύτῃ
3004 5492 3275 5547 ἀναλώσει
3336 5490 3433 5542 τοῦ
3485 5487 3763 5554 σώματος,

2178 5591 2508 5656 ἀποδίδοται,
2548 5591 2747 5663 μᾶλλον
2795 5588 2854 5641 δὲ
2884 5586 3006 5640 οὐδὲ
3065 5584 3338 5646 ἀνάλωσις
3371 5580 3530 5634 τοῦτό
3587 5581 3760 5642 ἐστιν,

2181 5686 2294 5739 ἀλλ’
2343 5680 2457 5737 οἷον
2500 5683 2677 5753 σπορά
2717 5698 2827 5746 τις,
2880 5677 3272 5747 εὐανθέστερον
3304 5674 3438 5744 ἡμῖν
3490 5673 3551 5724 τὸ
3597 5668 3763 5737 σῶμα

2181 5777 2532 5844 προῖσχουσα.
2591 5771 2656 5826 Τί
2701 5771 2842 5842 μέγα
2893 5768 3183 5830 τοσαύταις
3239 5763 3543 5834 ἐνεργείαις
3586 5776 3761 5813 κατα-
