4108 6306
288 265 376 329 185
1214 268 1499 328 ORATIO
1526 269 1649 331 XV.
1685 293 1756 304 --
1813 270 1896 330 IN
1927 268 2186 330 OMNES
2222 264 2571 328 SANCTOS.

3457 261 3562 328 186

286 376 709 438 πλουτισθέντας
742 377 915 448 ἡμᾶς,
939 375 1104 447 ὐλίγα
1133 377 1278 449 ὑπὲρ
1306 371 1369 432 οὐ
1419 380 1481 432 τὸ
1507 382 1618 434 πᾶν
1664 380 1860 451 ἔχομεν

1968 381 2248 434 nominare
2273 377 2454 443 decet,
2483 388 2608 430 cum
2644 372 2717 428 sit
2751 371 2927 428 instar
2959 371 3246 438 sementis,
3275 386 3401 441 quae
3431 387 3562 426 cor-

286 466 614 535 ἀποθέσθαι;
649 467 744 540 Μὴ
788 469 900 541 γὰρ
929 469 1196 540 βασάνους
1225 472 1513 542 ἡγούμεθα
1558 472 1658 536 τὰς
1699 472 1867 542 βασά-

283 575 400 622 νους
449 558 632 629 ὑμῶν,
692 562 969 632 ἐμπορίαν
996 561 1060 616 τὺ
1103 563 1339 634 πρᾶγμα
1379 563 1694 634 νομίζομεν.
1735 564 1866 618 Κεί-

286 665 402 715 pste
425 644 521 702 οὖν
553 651 814 720 ἀφειδῶς,
842 653 929 706 ἵνα
959 654 1094 722 ἡμῖν
1140 654 1528 727 ἀναδλαστήσῃ
1568 655 1866 725 ἀκμαιότε-

284 758 395 811 ρον.
423 742 694 812 Λάμόανε
730 744 806 814 μὴ
839 745 961 798 καθ’
996 744 1056 797 ἓν
1088 745 1402 799 διακόπτων
1437 745 1506 798 τὰ
1548 746 1708 818 μέλη,
1747 745 1866 800 ἀλλ’

277 834 412 906 ὁμοῦ
443 836 628 890 πάντα
675 838 865 906 τέμνε,
898 838 974 902 ώς
1022 839 1173 910 ἡμᾶς
1194 856 1258 906 γε
1299 838 1462 893 πλέον
1518 839 1865 908 ἀποτέμνων,

1970 487 2074 542 pus
2102 478 2352 526 nostrum
2386 466 2636 539 Vegetius
2669 471 2726 521 et
2767 463 3021 520 ﬂoridius
3063 464 3373 519 submittet.
3415 462 3560 530 Quid

1973 566 2194 629 mirum,
2216 561 2262 618 si
2282 561 2451 615 tantis
2467 559 2629 614 donis
2653 556 2995 627 locupletati,
3021 554 3258 626 paucula
3281 554 3556 625 quaedam,

1972 658 2174 725 quibus
2213 655 2396 710 omnia
2430 652 2812 722 adipiscimur,
2849 648 3192 718 deponamus
3223 647 3468 704 vicissim
3502 655 3562 702 et

1971 747 2345 819 elargiamur?
2383 743 2503 800 Non
2551 743 2697 798 enim
2742 748 3018 797 tormenta
3069 748 3255 795 vestra
3289 749 3560 793 tormenta

1971 839 2358 902 ducimus,sed
2386 839 2559 908 magis
2581 837 2848 892 bonorum
2873 835 3118 889 omnium
3140 831 3558 886 abundantiam.

277 928 438 979 πλέον
460 928 792 1002 εὐφραίνῃς.
828 930 942 983 Καὶ
971 933 1020 984 οἱ
1053 931 1158 1000 μὲν
1194 932 1382 999 ἔλεγον
1421 930 1618 985 ταῦτα.
1646 930 1865 1001 Ἐτεροι

1968 931 2263 987 Attondete
2312 931 2482 1000 igitur
2512 942 2614 984 nos
2659 936 2714 982 et
2745 926 3006 981 demetite
3037 925 3250 994 absque
3281 923 3466 986 modo,
3502 930 3562 976 ut

274 1020 333 1072 δὲ
363 1017 461 1072 τοῦ
510 1020 831 1093 πνεύματος
863 1023 931 1075 τὰ
992 1023 1215 1094 ᾅσματα
1250 1023 1509 1096 ἔμελπον,
1552 1023 1742 1096 ὥσπερ
1771 1024 1865 1077 οὐκ

1968 1042 2032 1081 eo
2055 1024 2281 1080 uberius
2313 1022 2472 1076 nobis
2506 1035 2740 1090 corpora
2785 1018 3134 1089 repullulent.
3176 1015 3255 1069 Ne
3281 1015 3561 1085 sigillatim

276 1114 334 1164 ἐν
368 1113 629 1181 βασάνοις
679 1115 833 1180 ὄντες
855 1154 869 1179 ,
904 1116 1021 1170 ἀλλ’
1071 1117 1462 1188 εὐωχούμενοι.
1503 1117 1686 1170 Ἀλλοι
1721 1117 1865 1170 διδα-

1971 1118 2221 1172 membra
2272 1115 2586 1180 abscindas,
2633 1115 2725 1170 sed
2768 1113 2932 1169 simul
2980 1111 3165 1165 omnia
3208 1118 3457 1178 amputa,
3503 1117 3562 1161 ut

275 1209 508 1272 σκαλίας
541 1211 738 1278 ἥδιστα
765 1212 983 1283 νάματα
1017 1212 1317 1283 ὥμῦριζον,
1348 1213 1561 1277 πολλοῖς
1612 1213 1710 1283 τῆς
1742 1214 1865 1265 δυσ-

1971 1210 2223 1279 pluribus
2262 1207 2584 1278 amputatis,
2630 1207 2807 1276 magis
2851 1221 2954 1261 nos
2997 1204 3295 1260 exhilares.
3336 1202 3403 1256 Et
3447 1201 3562 1255 hac

273 1300 501 1365 σεὸείας
525 1303 619 1354 τὸν
645 1304 859 1374 αὐχμὸν
902 1304 1233 1368 διαλύοντες.
1284 1301 1454 1367 Εἷπες
1480 1305 1546 1358 ἂν
1585 1303 1730 1368 ἰδὼν,
1763 1303 1863 1355 οὐκ

1969 1303 2190 1372 quidem
2225 1301 2477 1356 nonnulli
2518 1315 2586 1354 ex
2635 1300 2730 1353 illo
2765 1313 2995 1352 numero
3043 1295 3312 1352 ferebant.
3360 1292 3429 1347 At
3469 1292 3559 1345 alii

270 1392 500 1460 αὐτοὺς,
537 1395 654 1449 ἀλλ’
687 1396 913 1468 ἐτέρους
938 1399 1052 1460 τοῖς
1075 1398 1272 1461 δεινοῖς
1301 1397 1648 1450 ὑποκεῖσθαι.

1969 1393 2280 1462 spiritualia
2327 1393 2545 1446 cantica
2590 1391 2978 1456 concinebant,
3010 1390 3169 1461 quasi
3213 1404 3321 1443 non
3357 1389 3411 1443 in
3445 1396 3562 1440 tor-

270 1483 504 1545 mentis,
538 1483 633 1538 sed
667 1485 721 1538 in
751 1487 1023 1540 conviviis
1056 1493 1435 1541 versarentur.
1475 1485 1582 1540 Alii
1613 1485 1879 1540 doctrinae
1907 1484 2292 1550 pulcherrima:
2335 1491 2389 1536 et
2418 1482 2799 1537 saluberrimae
2857 1484 3007 1536 velut
3047 1482 3280 1536 imbrem
3343 1479 3564 1533 emitte-

269 1571 429 1640 bant,
463 1576 763 1646 impietatis
795 1576 1103 1632 siccitatem
1129 1591 1226 1646 per
1252 1576 1422 1631 divini
1445 1574 1651 1646 eloquii
1679 1589 1863 1630 rorem
1893 1574 2297 1629 humectantes.
2329 1573 2601 1638 Dixisses,
2626 1575 2672 1628 si
2701 1589 2887 1629 coram
2960 1574 3316 1642 conspicatus
3370 1587 3549 1636 esses,

265 1685 382 1725 non
413 1687 528 1737 eos,
549 1657 652 1725 'sed
683 1673 817 1727 alios
847 1673 1187 1727 cruciatibus
1210 1671 1613 1728 excarniﬁcari.

359 1761 694 1832 Ἐμιμοῦντο
713 1763 756 1815 δ’
782 1764 889 1832 ἄρα
925 1764 1118 1833 κωφὴν
1142 1764 1346 1817 ἀσπίδα
1375 1764 1425 1816 οἱ
1455 1761 1736 1833 τύραννοι,
1765 1759 1858 1816 ὑπ’

2032 1759 2305 1815 Caeterum
2348 1757 2568 1829 tyranni
2614 1756 2977 1812 imitabantur
3021 1756 3245 1811 surdam
3290 1755 3561 1826 aspidem,

265 1853 489 1915 οὐδενὸς
544 1853 910 1925 ὲπᾳδόμενοιο
954 1855 1091 1908 ἀλλὰ
1145 1855 1284 1925 πρὸς
1334 1855 1460 1917 τοὺς
1501 1853 1865 1926 σπαραγμοὺς

1972 1851 2375 1906 incantamenta
2408 1851 2503 1905 illa
2540 1851 2805 1904 salutaria
2837 1850 3214 1918 repudiantes,
3254 1850 3457 1920 quippe
3494 1849 3561 1904 ad

264 1940 384 1993 τῶν
416 1941 670 2012 ἀθλητῶν
709 1943 1061 2014 θηριούμενοι
1090 1962 1105 1976 ο
1137 1944 1274 1998 ἀλλὰ
1315 1945 1424 2015 γὰρ
1469 1946 1499 1998 ὁ
1553 1943 1653 2014 μέν
1685 1961 1770 2007 τις
1793 1943 1865 2006 ὡς

1971 1947 2118 2001 solos
2148 1943 2433 1999 cruciatus
2461 1945 2681 1999 invictis
2711 1944 2931 1998 athletis
2963 1942 3283 1998 inl'erendos
3319 1942 3559 1998 etl‘erati.

268 2033 527 2102 ἄμπελος
577 2034 926 2104 εὐκλήματος
962 2078 978 2102 ,
1025 2036 1493 2104 ἀποτεμνόμενος,
1531 2032 1619 2088 οἷα
1656 2034 1721 2106 δὴ
1775 2033 1865 2104 βό-

1973 2037 2078 2090 Sed
2120 2036 2266 2090 enim
2308 2034 2476 2096 alius,
2508 2042 2776 2104 tanquam
2813 2033 2942 2088 vitis
2983 2043 3184 2088 onusta
3219 2032 3556 2101 palmitibus,

266 2143 432 2195 τρυς,
467 2125 569 2196 τὴν
623 2129 704 2190 είς
735 2127 867 2181 Θεὸν
908 2127 1104 2197 ἔφερεν
1165 2127 1537 2198 εὐχαριστίαν.
1567 2128 1762 2188 ’Ἄλλος
1808 2126 1868 2180 δὲ

266 2218 405 2280 τοὺς
431 2218 750 2288 ὀφθαλμοὺς
780 2220 1173 2289 ὀρυσσόμενος,
1195 2220 1452 2289 τοιαύτην
1481 2219 1634 2288 ἀφίει
1658 2218 1862 2288 φωνήν·

267 2307 686 2378 Προσφερέσθω
738 2309 898 2362 θυσία
931 2309 1210 2378 ὀφθαλμὸς
1251 2308 1330 2379 τῷ
1373 2310 1532 2377 φωτί.
1556 2307 1756 2373 Καλὸν,
1787 2306 1866 2376 τῷ

271 2399 518 2470 ἀληθινῷ
560 2401 724 2469 φωτὶ,
756 2402 893 2474 ὅπερ
924 2403 982 2455 ὲν
1011 2404 1144 2470 ἡμῖν
1169 2403 1350 2454 ἔκτισε
1387 2402 1522 2470 φῶς,
1548 2401 1865 2473 προσφορὰν

273 2492 559 2557 γενέσθαι.
589 2493 732 2546 Ἀλλ’
753 2493 1148 2564 εὐπρόσδεκτος
1171 2495 1256 2564 εἴη
1279 2494 1510 2547 ἐνώπιόν
1533 2510 1648 2559 σου,
1665 2494 1860 2563 Κύριε,

277 2583 321 2653 ἡ
349 2582 500 2637 θυσία
533 2586 566 2654 ἠ
578 2585 694 2654 μῶν
718 2600 732 2614 ’
767 2585 922 2638 οὐδὲν
951 2585 1200 2650 ἀπεικὸς,
1233 2584 1364 2655 παρ’
1389 2577 1450 2638 οὗ
1473 2585 1712 2657 τοσούτῳ
1734 2586 1864 2639 κάλ-

275 2677 364 2729 λει
401 2677 744 2748 διεστολίσθη
797 2677 1104 2748 ὀφθαλμός·
1159 2679 1300 2750 ὑπὲρ
1335 2679 1543 2732 ἐκείνου
1581 2678 1690 2731 τῶν
1719 2677 1862 2731 ίδίων

272 2772 518 2837 ἐξελθεῖν
545 2771 826 2842 θαλάμων,
856 2772 950 2825 νῦν
971 2771 1303 2842 ώραιότερον
1328 2770 1716 2841 θαλαμεύεται.
1746 2769 1863 2822 Νῦν

273 2864 484 2933 μᾶλλον
534 2866 830 2936 πλουτήσει
887 2865 950 2918 τδ
999 2865 1135 2934 φῶς.
1183 2866 1298 2917 Νὐν
1350 2863 1775 2932 ἀποστίλψουσιν
1805 2862 1862 2917 αἱ

273 2958 438 3029 κόραι
470 2960 875 3028 λαμπρότερον,
911 2958 1130 3012 πάντων
1180 2955 1657 3026 ἐπιπροσθούντων
1688 2955 1864 3024 ἀπηλ-

270 3050 576 3120 λαγμέναι.
625 3051 738 3104 Καὶ
777 3050 927 3104 ἄλλοι
976 3049 1202 3104 διέολων
1235 3050 1335 3112 τὰς
1389 3047 1653 3118 κεφαλάς.
1690 3047 1752 3100 Ol
1782 3045 1859 3108 δὲ,

1969 2129 2278 2191 mutilatus,
2326 2133 2382 2181 et
2435 2125 2580 2181 botri
2635 2125 2830 2187 instar,
2878 2141 3127 2195 pressus,
3175 2123 3288 2180 Deo
3340 2123 3560 2180 debitas

1967 2219 2163 2287 agebat
2211 2219 2441 2287 gratias.
2492 2218 2649 2271 Alius
2695 2215 2911 2271 effossis
2939 2217 3144 2282 oculis,
3198 2216 3343 2271 tales
3392 2229 3560 2269 voces

1968 2310 2226 2364 mittebat
2252 2327 2266 2363 :
2305 2307 2589 2364 Oll‘eratur
2609 2309 2665 2363 in
2693 2309 3030 2364 sacriﬁcium
3061 2307 3258 2364 oculus
3291 2307 3423 2362 luci.
3450 2307 3560 2361 De-

1967 2409 2076 2462 cet,
2102 2408 2163 2453 ut
2190 2415 2334 2454 verae
2362 2400 2469 2454 luci
2507 2400 2599 2454 lux
2631 2415 2797 2470 quam
2826 2401 2880 2454 in
2911 2401 3073 2455 nobis
3107 2399 3340 2464 creavit,
3371 2397 3555 2454 hostia

1966 2495 2078 2548 ﬁat.
2116 2491 2224 2547 Sed
2254 2500 2469 2563 gratum
2513 2493 2584 2548 sit
2618 2493 2672 2546 in
2702 2499 3004 2561 conspectu
3035 2501 3154 2560 tuo,
3191 2490 3443 2556 Domine,
3469 2505 3560 2544 sa-

1964 2585 2235 2640 crilicium
2267 2595 2542 2640 nostrum.
2570 2583 2970 2639 lnconveniens
2998 2600 3107 2638 non
3137 2592 3240 2648 est,
3275 2591 3337 2637 ut
3359 2584 3559 2638 oculus

1965 2693 2065 2748 pro
2099 2693 2188 2743 eo,
2221 2692 2252 2732 a
2287 2694 2397 2748 quo
2441 2688 2592 2732 tanta
2635 2677 3049 2748 pulchritudine
3093 2685 3400 2732 exornatus
3447 2687 3556 2736 est.

1964 2771 2185 2840 propria
2205 2771 2440 2825 statione
2466 2770 2714 2825 excedat.
2738 2769 2780 2822 Ν
2791 2785 2894 2824 unc
2917 2763 3256 2824 ornatiorem
3291 2768 3559 2824 sortietur

1968 2859 2169 2914 locum.
2192 2859 2349 2914 Nunc
2371 2861 2579 2914 lumine
2599 2860 2774 2930 magis
2801 2860 3129 2914 abundabit.
3148 2859 3310 2914 Nunc
3335 2859 3558 2929 pupilla:

1966 2952 2309 3021 splendidius
2339 2952 2646 3024 fulgebunt,
2677 2952 2746 3007 ab
2797 2953 3057 3007 omnibus
3080 2993 3095 3016 ,
3130 2967 3254 3023 quae
3298 2952 3407 3020 luci
3438 2949 3554 3006 olli-

1965 3044 2138 3107 ciunt,
2173 3044 2457 3114 expeditae.
2494 3045 2633 3098 Aliis
2669 3043 3183 3099 comminuehantur
3209 3043 3409 3113 capita.
3458 3041 3542 3097 llli

285 3143 445 3196 Ἀντὶ
491 3141 604 3195 τῶν
635 3141 938 3195 καλλίστων
975 3145 1074 3211 τῆς
1117 3140 1591 3209 φύσεως,›.ξλεγον,
1623 3141 1660 3194 ἃ
1692 3141 1719 3191 ὁ
1761 3139 1863 3209 Δη-

1968 3150 2096 3190 vero
2125 3135 2380 3189 dicebant
2404 3151 2416 3188 :
2448 3135 2552 3189 Pro
2581 3133 2968 3205 pulcherrimis
2991 3143 3202 3190 natura:
3225 3134 3409 3200 donis,
3431 3148 3556 3204 quae

278 3235 544 3306 μιουργδς
578 3238 645 3306 τῇ
678 3235 888 3306 κεφαλῇ
929 3235 1285 3304 ὲθησαύρισε,
1340 3233 1432 3286 τὸν
1459 3233 1732 3304 θησαυρὸν
1764 3235 1861 3303 τῆς

274 3326 520 3389 πίστεως
552 3328 886 3395 τηρήσωμεν
921 3323 1140 3377 ἄσυλον.
1173 3321 1265 3392 Μὴ
1298 3323 1428 3394 γὰρ,
1463 3322 1568 3376 κᾶν
1599 3322 1730 3392 δοκῇ
1748 3324 1861 3382 τοῖς

273 3420 589 3490 τυράννοις,
623 3419 974 3488 σκορπιεὴαι
1023 3417 1122 3486 τῆς
1169 3415 1414 3485 κεφαλῆς
1455 3415 1487 3486 ἡ
1541 3415 1861 3476 ὑπόστασις.

275 3510 589 3578 Συνάγεται
628 3509 726 3578 μὲν
752 3507 845 3561 οὖν
873 3506 1240 3578 πλαστουργῷ
1270 3507 1440 3576 δεξιᾷ,
1476 3506 1570 3559 καὶ
1620 3507 1729 3557 τῶν
1759 3523 1864 3573 μυ-

272 3603 420 3657 ελῶν
450 3605 485 3673 ή
512 3603 686 3672 τῆξις,
713 3601 788 3664 ὡς
811 3600 954 3673 ὀσμὴ
983 3601 1210 3663 εὐωδίας
1235 3599 1721 3669 σπουδασθήσεται.
1753 3596 1865 3649 Καὶ

269 3696 589 3758 ὀϐελίσκοις
650 3693 808 3756 ἄλλος
864 3695 1160 3763 ἐπερονᾶτο
1192 3694 1294 3760 τὴν
1353 3692 1554 3760 ἀκοὴν,
1603 3689 1740 3744 ἀλλὰ
1770 3689 1864 3742 νῦν

268 3788 610 3858 τρανότερον
677 3785 954 3850 ἀκούσειν,
1002 3785 1206 3853 ἔλεγεν,
1240 3784 1342 3854 τῆς
1368 3783 1461 3836 τοῦ
1517 3781 1863 3854 δρακοντείου

272 3879 598 3951 πωρώσεως
628 3878 733 3943 ἰοῦ,
765 3881 878 3942 τοῖς
925 3877 1227 3940 ὀϐελίσκοις
1258 3876 1470 3939 τούτοις
1516 3875 1865 3946 διακαθαιρο-

278 3965 479 4036 μένης,
511 3965 606 4020 νῦν
642 3967 724 4028 εἰς
757 3965 1026 4038 ὑποδοχὴν
1051 3966 1467 4036 ἐπιτηδειοτάτη
1490 3965 1585 4018 τοῦ
1620 3966 1864 4038 ᾅσματος

271 4055 390 4109 τῶν
421 4056 669 4123 ἀγγέλων
699 4057 731 4126 ἡ
760 4056 900 4126 ἀκοὴ
926 4096 940 4120 ,
976 4055 1062 4109 διὰ
1107 4056 1201 4108 τοῦ
1223 4055 1394 4125 πυρὸς
1418 4055 1606 4108 τούτου
1639 4057 1703 4126 τῇ
1741 4072 1865 4125 προ-

271 4144 443 4216 ῖούσῃ
479 4145 589 4198 τῶν
617 4145 901 4215 φλογερῶν
942 4145 1229 4214 στομάτων
1281 4145 1581 4215 ὑμνολογίᾳ
1637 4161 1863 4215 προσοιο
1899 4157 1911 4168 ⁸

273 4237 601 4309 κειουμένη.
655 4237 837 4309 Ἀλλῳ
882 4237 1268 4308 ἀνασπώμενοι
1303 4237 1471 4308 ῥιζῶν
1511 4237 1742 4301 ὀδόντες,
1777 4237 1866 4290 εὐ-

276 4329 560 4400 φροσύνην
620 4329 1092 4395 ἀνέδλυζον,Νὖν
1143 4328 1206 4399 δὴ
1249 4330 1597 4400 τραφήσομαι
1654 4327 1864 4396 λέγοντι

274 4420 491 4492 τροφὴν
521 4421 791 4490 ἀγγέλων,
824 4420 922 4475 καὶ
951 4423 1111 4493 μέχρι
1143 4421 1238 4474 τοῦ
1261 4420 1360 4492 τὴν
1391 4421 1452 4474 οὐ
1487 4421 1753 4491 μένουσαν
1783 4437 1864 4472 σι-

272 4511 505 4582 τοῦμαι,
552 4513 679 4583 ἄρτι
707 4512 872 4566 δώσει
905 4513 1113 4584 τροφὴν
1141 4513 1171 4564 ό
1195 4511 1476 4580 Δεσπότης
1504 4513 1564 4562 οὐ
1600 4510 1863 4580 κενουμέ-

275 4622 404 4674 νην,
429 4605 539 4658 οὐδ’
561 4605 794 4658 ὀδόντων
821 4605 1256 4675 προσδεομένην.
1299 4605 1389 4673 Μή
1423 4621 1512 4672 μοι
1545 4605 1608 4656 τὸ
1630 4604 1864 4673 πρᾶγμα

280 4698 522 4767 βάσανος
552 4695 816 4763 λεγέσθω,
849 4696 1174 4766 εὐεργεσίαν
1206 4694 1317 4764 ἐγὼ
1350 4695 1506 4750 τοῦτό
1553 4713 1715 4765 φημι.
1755 4697 1866 4749 Καὶ

277 4790 460 4843 ἄλλων
503 4785 573 4841 τὰ
597 4787 763 4852 νῶτα,
790 4788 1074 4858 ἀμύθητον
1108 4787 1315 4857 πλῆθος
1339 4787 1504 4858 ἔφερε
1537 4787 1766 4858 πληγῶν
1801 4790 1864 4841 ἐκ

282 4882 616 4955 βουνεύρων,
651 4883 766 4936 ἀλλ’
816 4882 1057 4953 ἔχαιρον,
1105 4882 1249 4936 ’Δντὶ
1282 4883 1380 4952 τῆς
1414 4880 1634 4952 πολλῆς,
1676 4882 1864 4948 λέγον-

278 4995 394 5040 τες,
422 4975 640 5047 ῥώμης,
677 4976 742 5046 ἢν
775 4975 928 5028 ἔθετο
956 4973 1033 5045 τῷ
1059 4973 1212 5044 νώτῳ
1244 4972 1272 5025 ὁ
1327 4973 1560 5044 πλάσας,
1590 4973 1864 5036 τοσούτοις

282 5069 608 5140 συνδέσμοις
630 5067 886 5134 συστίξας
905 5066 1088 5132 αὐτὸν,
1115 5066 1255 5139 ὑπὲρ
1272 5066 1370 5136 τῆς
1389 5066 1598 5119 ἐκείνου
1627 5065 1784 5137 δόξης
1805 5066 1867 5118 τὸ

283 5162 484 5234 μικρὸν
526 5161 638 5214 τῶν
687 5159 971 5230 μαστίγων
1001 5159 1220 5228 φορτίον
1270 5159 1502 5228 φερέτω.
1555 5159 1772 5221 Ἀλλοις
1796 5159 1864 5212 τὰ

279 5257 565 5327 σπλάγχνα
583 5255 777 5325 μέχρις
791 5254 969 5307 αὐτῶν
985 5254 1299 5324 μυστηρίων
1312 5254 1420 5306 τῶν
1437 5254 1685 5322 ὲγκάτων
1697 5254 1868 5324 ὠρύσ-

278 5366 459 5414 σοντο,
484 5348 708 5402 ἁλλ’ὲπὶ
735 5346 934 5417 μᾶλλον
950 5347 1052 5415 τῆς
1068 5346 1350 5410 εὐσεϐείας
1366 5346 1456 5400 τὸν
1478 5345 1725 5416 θεμέλιον
1746 5348 1861 5400 ἑνε-

276 5440 532 5495 6άθυνον.
568 5440 801 5510 ’Έτερος
851 5438 951 5509 τὴν
991 5438 1236 5507 γλῶτταν
1257 5439 1613 5509 ἀπετέμνετο,
1647 5440 1867 5509 καὶτῆς

273 5534 586 5603 δοξολογίας
607 5533 712 5586 οὐκ
739 5532 955 5602 ἔληγεν,
971 5533 1087 5587 ἀλλ’
1110 5528 1200 5588 οἷα
1218 5535 1283 5607 δὴ
1304 5534 1477 5605 δῶρον
1494 5534 1555 5586 τὸ
1574 5533 1862 5588 κάλλιστον

277 5627 611 5700 προσφέρων
634 5626 780 5698 Θεῷ,
810 5626 1122 5698 ἐπευφήμει
1141 5626 1558 5699 σεμνυνόμενος.
1591 5628 1701 5682 Καί
1719 5645 1863 5692 τινες

279 5721 376 5774 ἐπὶ
423 5720 583 5789 ξύλου
627 5719 943 5778 ὲτανύοντο.
983 5720 1125 5776 Ἀλλ’
1152 5715 1220 5791 ἦν
1249 5721 1437 5787 αὐτοῖς
1472 5721 1564 5777 καὶ
1601 5721 1708 5793 πρὸ
1755 5721 1864 5778 τῶν

1968 3243 2153 3282 rerum
2188 3227 2438 3282 omnium
2471 3226 2677 3280 Parens
2712 3225 2765 3279 in
2803 3226 2990 3295 capite
3021 3225 3287 3294 reposuit,
3322 3225 3551 3280 thesau-

1967 3335 2090 3375 rum
2121 3320 2241 3375 lidei
2277 3320 2544 3373 intactum
2580 3317 2979 3374 custodiemus.
3011 3315 3131 3371 Non
3165 3317 3311 3372 enim
3337 3317 3555 3387 disper-

1966 3423 2125 3482 getur
2147 3412 2344 3480 capitis
2367 3411 2699 3474 substantia,
2732 3411 2860 3465 licet
2893 3410 3143 3481 tyrannis
3172 3423 3336 3464 secus
3362 3408 3552 3464 videa-

1969 3513 2079 3557 tur.
2111 3503 2413 3573 Colligetur
2443 3503 2626 3555 denuo
2649 3501 2953 3556 conditoris
2973 3501 3222 3564 dextera,
3249 3514 3315 3555 ac
3338 3499 3568 3554 medul-.

1966 3596 2142 3649 larum
2189 3595 2493 3664 corruptio,
2547 3606 2605 3648 ut
2649 3596 2786 3649 odor
2834 3593 3128 3648 suavitatis
3177 3592 3548 3663 reputabitur.

1965 3689 2129 3743 Alius
2147 3689 2398 3743 'verubus
2447 3703 2542 3757 per
2585 3703 2746 3742 aures
2788 3687 3239 3756 transllgehatur.
3283 3686 3355 3738 At
3405 3697 3553 3739 nunc

1966 3780 2191 3844 clarius,
2225 3781 2426 3847 aiebat,
2464 3781 2708 3845 audiam,
2745 3789 3045 3849 expurgato
3083 3793 3181 3848 per
3213 3778 3330 3833 haec
3359 3789 3550 3833 veruta

1967 3889 2196 3938 veneno,
2236 3874 2381 3943 quod
2419 3876 2588 3929 draco
2618 3874 3003 3928 instillavcrat.
3038 3871 3195 3927 Nunc
3227 3873 3550 3943 aptissimus

1965 3977 2050 4022 est
2095 3966 2319 4021 auditus
2367 3967 2432 4020 ad
2483 3966 2835 4036 excipiendos
2884 3963 3078 4020 cantus
3118 3966 3418 4036 angelicos,
3453 3980 3551 4036 per

1966 4063 2147 4131 ignem
2206 4061 2351 4116 hunc
2413 4060 2715 4114 laudationi
2775 4075 2844 4114 ex
2891 4058 3051 4129 igneo
3103 4073 3198 4112 ore
3256 4058 3548 4127 prodeuntl

1967 4151 2327 4206 assimilatus.
2356 4149 2461 4204 Alii
2506 4149 2772 4203 radicitus
2801 4150 3004 4203 evulsis
3032 4149 3315 4214 dentibus,
3361 4149 3548 4204 laetitia

1966 4243 2339 4298 exsultabant.
2363 4242 2538 4303 Nunc,
2559 4243 2801 4304 aiebant.
2823 4243 3039 4297 nutriar
3055 4242 3376 4312 angelorum
3400 4257 3546 4298 esca.

1966 4334 2242 4391 Hactenus
2270 4335 2668 4388 manducabam
2697 4335 2878 4389 cibum
2915 4350 3022 4389 non
3053 4342 3363 4390 manentem
3391 4352 3408 4402 ;
3433 4336 3548 4404 jam

1970 4426 2122 4481 dabit
2155 4426 2421 4481 Dominus
2451 4427 2656 4490 cibum,
2685 4427 2776 4496 qui
2807 4442 2913 4480 non
2941 4427 3102 4497 perit,
3131 4427 3338 4498 quique
3365 4428 3552 4482 denti-

1970 4520 2074 4574 hus
2095 4533 2204 4574 non
2237 4526 2380 4588 eget.
2415 4517 2494 4574 Ne
2526 4519 2808 4574 cruciatus
2839 4519 2953 4574 haec
2981 4534 3071 4574 res
3103 4528 3350 4576 vocetur.
3380 4522 3553 4578 Bene-

1970 4612 2154 4666 ﬁcium
2203 4612 2464 4667 arbitror.
2509 4611 2754 4667 Aliorum
2807 4614 2973 4668 dorsa
3022 4613 3331 4670 innumeris
3373 4617 3552 4686 plagis

1968 4704 2447 4773 concidebantur;
2492 4705 2590 4761 sed
2622 4706 2788 4761 Deum
2825 4707 3124 4762 laudabant
3156 4725 3172 4774 ;
3215 4707 3313 4764 sed
3349 4709 3552 4779 gaude-

1969 4795 2118 4851 bant.
2170 4795 2317 4850 Loco
2374 4795 2532 4850 multi
2583 4795 2829 4860 roboris,
2893 4796 3134 4861 aiebant,
3188 4810 3298 4865 quo
3323 4796 3553 4852 Creator

1968 4887 2193 4943 dorsum
2225 4887 2509 4955 instruxit,
2528 4895 2608 4942 tot
2625 4887 2860 4942 nexibus
2883 4895 2938 4942 et
2967 4887 3162 4942 vinclis
3195 4887 3248 4941 id
3284 4901 3552 4956 compun-

1969 4996 2128 5053 gens,
2179 4996 2280 5052 pro
2339 4982 2512 5052 gloria
2555 4980 2675 5049 ejus
2725 4981 2978 5049 exiguam
3020 4979 3160 5033 banc
3204 4979 3550 5050 ﬂagellorum

1971 5079 2279 5134 molestiam
2299 5076 2461 5133 ferat.
2486 5078 2624 5132 Aliis
2644 5078 2855 5132 viscera
2875 5091 3052 5146 usque
3074 5075 3145 5130 ab
3167 5075 3552 5132 intestinorum

1971 5169 2347 5240 penetralibus
2386 5168 2761 5224 avellebantur
2799 5185 2813 5235 ;
2853 5165 2950 5221 sed
2980 5182 3045 5221 eo
3084 5166 3284 5220 altiora
3333 5168 3555 5236 pietatis

1973 5260 2335 5316 fundamenta
2374 5259 2672 5330 iaciebant.
2719 5259 2824 5312 Alii
2872 5259 3058 5327 lingua
3103 5257 3554 5321 abscindebatnr.

1974 5369 2079 5409 nec
2108 5368 2138 5406 a
2170 5351 2374 5408 divinis
2415 5352 2674 5407 laudibus
2722 5351 3083 5408 decantandis
3123 5351 3376 5406 cessabat
3407 5368 3423 5419 ;
3457 5351 3553 5406 sed

1975 5445 2134 5517 quasi
2165 5444 2593 5515 pulcherrimum
2618 5459 2817 5498 munus
2844 5445 2954 5498 Deo
2979 5442 3237 5506 olIerens,
3258 5457 3385 5499 eum
3416 5443 3544 5500 cele

1971 5541 2135 5595 brare
2178 5539 2456 5610 pergebat.
2488 5537 2750 5594 Nonnulli
2797 5539 2854 5592 in
2899 5536 3051 5607 ligno
3095 5536 3555 5592 extendebantur.

1974 5630 2080 5686 Sed
2115 5646 2183 5686 ex
2228 5633 2332 5686 hoc
2361 5630 2483 5700 ipso
2522 5631 2689 5685 etiam
2741 5637 2867 5685 ante
2901 5635 3218 5700 perceptam
3265 5642 3552 5691 coronam.

1975 5721 2238 5794 majorem
2306 5721 2638 5792 voluptatem
2700 5717 3093 5791 percipiebant,
3148 5717 3297 5788 quod
3347 5717 3555 5776 similes
