4086 6298
573 295 672 360 187

1794 293 2066 354 LEONiS
2097 287 2560 351 PIIILOSOPHI

3737 283 3827 349 188

566 403 803 462 Domino
835 419 938 460 suo
961 405 1242 460 cruciatus
1264 409 1604 474 paterentur.
1636 403 1739 457 Alii
1766 414 1921 458 metae
1951 404 2148 465 instar,

2260 401 2538 468 στεφάνων
2573 398 2776 468 μείζων
2811 396 2845 467 ἡ
2871 395 3190 460 ἀπόλαυσις.
3220 395 3342 449 Ὀτι
3369 395 3449 466 τῷ
3473 394 3645 466 ὁμοίῳ
3676 398 3827 452 πάθει

565 497 800 566 impuris
822 497 1095 558 manibus,
1115 511 1210 566 per
1231 495 1539 551 castissima
1564 511 1795 565 corpora
1815 496 1940 550 telis
1965 502 2152 550 trans-

563 591 877 673 figebantur
908 607 922 656 ;
970 598 1025 644 et
1069 571 1392 645 vulneribus
1429 589 1556 644 inde
1587 590 1850 658 acceptis.
1887 596 2150 659 tanquam

568 683 826 754 pretiosis
842 682 1119 752 lapidibus
1136 683 1423 752 conspicui
1443 682 1868 737 decorabantur.
1885 679 2155 747 Quorum-

567 773 693 828 dam
732 773 1022 844 suppliciis
1071 775 1293 844 tyranni
1331 773 1544 842 l‘atigati
1589 788 1685 843 spe
1726 772 1875 826 omni
1914 772 2149 839 abiecta,

568 873 876 932 creaturas,
907 881 1046 936 quas
1080 866 1358 930 colebant,
1393 863 1462 919 ad
1494 877 1590 918 eos
1626 861 1935 932 puniendos
1976 877 2156 915 arma-

569 955 723 1020 bant,
768 967 824 1012 et
871 959 1011 1016 alios
1057 959 1277 1030 quidem
1319 957 1505 1022 undis,
1542 958 1678 1012 alios
1721 955 1977 1020 ﬂammis,
2014 957 2154 1012 alios

571 1047 751 1118 gelido
796 1047 987 1119 frigori
1027 1048 1372 1102 tradiderunt
1416 1056 1472 1103 et
1511 1054 1906 1118 exposuerunt.
1954 1046 2152 1100 Verum

570 1141 687 1194 haec
713 1140 888 1211 magis
918 1155 1013 1196 eos
1048 1150 1411 1210 agnoverunt,
1444 1156 1610 1210 quam
1639 1139 1739 1193 illi.
1770 1133 2157 1209 Agnoscebant

567 1233 714 1286 enim
739 1246 856 1297 eos,
880 1232 972 1300 qui
997 1232 1312 1287 Creatorem
1337 1232 1702 1297 honorabant,
1724 1239 1778 1286 et
1804 1233 1925 1302 plus
1950 1231 2156 1292 cultus,

569 1337 734 1392 quam
778 1321 1039 1377 molestia:
1081 1322 1405 1376 attulerunt.
1451 1320 1587 1374 Nam
1631 1321 1773 1391 ignis
1818 1321 2013 1375 crebro
2060 1334 2157 1390 eos

515 1435 518 1437 λ
570 1413 663 1483 qui
719 1413 1155 1469 circumstabant
1219 1415 1539 1480 absumens,
1591 1414 1902 1468 veneranda
1962 1427 2156 1468 eorum

570 1519 804 1574 corpora
834 1506 1039 1560 intacta
1067 1506 1434 1561 conservavit.
1460 1506 1617 1571 Quod
1647 1520 1778 1561 vero
1807 1507 1989 1561 anima
2023 1521 2155 1560 evo-

572 1595 733 1659 laret,
758 1596 812 1651 id
844 1610 955 1649 non
987 1596 1130 1666 ignis
1165 1596 1438 1666 supplicio
1467 1597 1856 1651 ascribendum
1885 1608 2028 1661 erat,
2059 1598 2157 1654 sed

571 1686 803 1756 majoris
847 1687 1134 1756 cujusdam
1167 1687 1470 1742 voluntatis
1495 1696 1552 1742 et
1596 1689 1841 1756 virtutis,
1879 1705 1993 1757 tua:
2035 1705 2153 1744 eam

571 1777 1168 1853 excipiebat._Hocque
1201 1777 1552 1833 manifestum
1587 1789 1695 1844 est,
1716 1787 1770 1834 et
1800 1779 1989 1834 videre
2020 1795 2159 1834 non-

511 1881 516 1887 ‘
571 1884 853 1938 nunquam
903 1879 1042 1934 erat,
1093 1879 1305 1924 vestem
1360 1870 1509 1924 illam
1565 1879 1865 1942 martyrum
1907 1872 2156 1938 illzesam,

571 1962 730 2030 quasi
782 1963 838 2016 in
886 1975 1014 2015 arca
1062 1962 1363 2026 conditam,
1393 1969 1446 2016 et
1491 1962 1652 2032 quasi
1700 1979 1810 2017 non
1856 1951 2055 2019 fuisset
2101 1966 2158 2019 in

571 2051 816 2116 ﬂamma,
846 2055 914 2108 ab
943 2053 1088 2107 on‘tni
1124 2053 1266 2121 ignis
1291 2053 1521 2123 vestigio
1547 2051 1707 2123 plane
1737 2055 2060 2109 immunem.
2089 2055 2162 2110 At

573 2158 704 2198 vero
746 2143 968 2197 humida
1016 2159 1173 2215 aquae
1207 2152 1407 2198 natura
1439 2144 1634 2199 iisdem
1672 2147 2008 2217 martyribus
2054 2147 2162 2201 mi-

573 2236 866 2290 nisterium
920 2249 1084 2292 suum
1143 2251 1252 2292 non
1306 2237 1635 2308 denegabat.
1689 2236 1986 2295 Nonnullis
2015 2242 2158 2296 enim

572 2342 699 2382 cum
732 2328 946 2382 beatam
990 2327 1229 2382 animam
1266 2329 1380 2384 Deo
1422 2329 1799 2396 tradidissent,
1833 2339 1952 2385 erat
2002 2333 2160 2388 strati

574 2420 769 2486 instar,
791 2420 844 2473 in
869 2434 978 2489 quo
997 2421 1429 2489 requiescerent,
1452 2429 1505 2475 et
1534 2421 1602 2476 ab
1625 2420 1856 2475 inﬁnitis
1881 2421 2161 2479 laboribus

574 2512 931 2583 respirarent.
947 2510 1084 2566 Allis
1111 2519 1318 2576 autem,
1342 2515 1434 2582 qui
1460 2513 1628 2566 vitam
1654 2511 1834 2568 adhuc
1855 2516 2160 2582 agitabant,

575 2606 796 2675 planam
820 2611 874 2658 et
899 2603 1080 2659 omnis
1102 2603 1367 2659 molestiae
1390 2612 1670 2673 expertem
1697 2604 1840 2658 viam
1864 2607 2160 2674 praebebat.

575 2696 634 2750 In
663 2697 812 2751 hunc
835 2696 1057 2750 modum
1085 2696 1293 2759 omnia,
1323 2694 1572 2748 miranda
1599 2697 1925 2760 mutatione,
1953 2698 2162 2762 sanctis

576 2788 1008 2844 famulabantur.
1054 2787 1124 2840 At
1153 2787 1427 2857 quomodo
1466 2795 1740 2857 martyres
1773 2787 1840 2841 ad
1883 2789 1998 2842 haec
2040 2788 2160 2843 adi-

575 2880 708 2933 bant
733 2880 756 2934 ?
781 2878 1070 2945 Videlicet,
1098 2887 1168 2932 ιιι·
1186 2881 1240 2933 in
1266 2880 1700 2948 incorruptionis
1729 2881 2034 2944 lavacrum,
2055 2881 2160 2936 laeti

2257 490 2627 564 ὐπεϐἐϐληντο
2663 490 2757 543 τοῦ
2805 489 3101 544 Δεσπότου.
3136 488 3377 559 Ἔτερει,
3414 487 3668 557 καθάπερ
3711 505 3827 541 σκο-

2256 585 2360 647 πὸς
2409 584 2598 654 χερσὶν
2641 583 2917 650 άνάγνοις,
2959 581 3026 634 τὰ
3057 580 3330 649 ἁγνότατα
3378 579 3611 652 σώματα
3658 580 3828 652 βέλεσι

2254 677 2612 748 διεπείροντο,
2653 675 2749 729 καὶ
2788 677 2900 738 τοῖς
2949 675 3159 728 ἐκεῖθεν
3201 674 3530 745 τραύμασιν,
3557 675 3634 739 ῶς
3673 676 3829 740 λίθοις

2258 767 2578 838 πολυτίμοις
2627 766 3126 836 περιανθιζόμενοι,
3170 766 3490 837 ὼραῖζοντο.
3526 768 3653 830 Τοῖς
3689 768 3744 821 δὲ
3788 771 3829 821 oi

2256 861 2511 932 τύραννοι
2539 859 2676 930 πρὸς
2705 859 2803 922 τὰς
2833 858 3103 929 βασάνους
3129 857 3590 928 ἀπαγορεύοντες,
3623 859 3690 928 ἣν
3720 859 3832 913 ἐλά-

2257 968 2449 1019 τρευον
2474 950 2653 1004 κτίσιν
2685 950 2821 1018 πρὸς
2843 949 3116 1019 τιμωρίαν
3142 945 3458 1013 ἐξώπλιζον.
3489 948 3597 1000 Καὶ
3625 947 3720 1010 οὒς
3742 949 3831 1017 μὲν

2261 1042 2435 1103 ὕδατι,
2467 1040 2561 1104 οὒς
2587 1040 2645 1093 δέ
2675 1041 2830 1111 πυρὶ,
2887 1039 2985 1092 καὶ
3025 1039 3244 1110 ἐτέρους
3281 1038 3477 1109 αἰθρίῳ
3509 1038 3669 1111 κρύει
3703 1057 3834 1109 παρ·

2271 1133 2536 1187 εδίδοσαν.
2591 1131 2732 1184 Ἀλλ’
2761 1126 2828 1201 ἦν
2856 1131 3082 1184 ἐκείνων
3118 1130 3289 1184 ταῦτα
3325 1129 3523 1200 μᾶλλον
3552 1130 3834 1200 συναίσθη-

2260 1244 2344 1279 σιν
2406 1226 2616 1295 ἐχοντα.
2675 1223 3045 1292 Ἑπεγίνωσκε
3090 1215 3197 1294 γὰρ
3251 1224 3379 1288 τοὺς
3423 1223 3704 1292 τιμῶντας
3748 1225 3834 1277 τὸν

2265 1318 2527 1387 κτίστην,
2558 1317 2652 1370 καὶ
2676 1316 2838 1369 πλέον
2881 1315 3068 1386 ἐτίμα,
3107 1315 3142 1386 ἢ
3189 1316 3498 1385 κατετόλμα
3531 1316 3741 1371 λυπεῖν.
3768 1317 3836 1368 Τὸ

2264 1409 2362 1477 μὲν
2413 1409 2520 1479 γὰρ
2561 1407 2673 1479 πῦρ
2722 1406 2982 1469 πολλάκις
3020 1407 3146 1469 τοὺς
3194 1405 3299 1472 ἔξω
3345 1407 3836 1478 καταϐοσκόμενον,

2259 1498 2440 1552 αὐτῶν
2470 1499 2537 1554 τά
2571 1499 2845 1570 σεϐάσμια
2882 1497 3111 1569 σώματα
3142 1499 3379 1569 ἀκέραια
3403 1499 3745 1567 διεφύλαττε,
3772 1501 3838 1551 Τὸ

2260 1593 2315 1645 δὲ
2348 1593 2614 1664 ἐκπτῆναι
2661 1590 2760 1663 τὴν
2793 1589 2991 1661 ψυχὴν,
3057 1591 3158 1643 οὐκ
3199 1586 3267 1661 ἦν
3299 1591 3398 1660 τῆς
3439 1589 3534 1643 τοῦ
3565 1590 3738 1661 πυρὸς
3761 1607 3856 1642 τιι

2266 1685 2496 1755 μωρίας,
2527 1683 2664 1738 ἀλλὰ
2705 1684 2806 1753 τῆς
2845 1682 3280 1751 ύποδεδεγμὲνης
3326 1683 3499 1752 αὐτὴν
3526 1683 3624 1736 τοῦ
3667 1682 3840 1753 κρείτ-

2262 1794 2410 1839 τονος
2443 1776 2709 1839 εὐδοκίας.
2744 1775 2856 1829 Καὶ
2884 1769 3041 1828 τοῦτο
3093 1774 3250 1843 δῆλον
3289 1775 3380 1842 ἀφ’
3409 1768 3485 1828 ὧν
3531 1775 3702 1828 ἐνίοτε
3748 1774 3841 1844 τὴν

2265 1869 2609 1941 μαρτυρικὴν
2639 1869 2864 1940 ἐσθῆτα,
2882 1867 3074 1937 ῶσπερ
3101 1869 3160 1921 ὲν
3185 1867 3445 1938 κιϐωτίῳ,
3475 1867 3622 1921 σώαν
3647 1863 3717 1939 ἦν
3745 1864 3841 1921 κα-

2262 1961 2449 2032 θορᾷν,
2505 1960 2620 2014 ἀλλ’
2668 1961 2768 2013 οὐκ
2797 1962 2854 2013 ἐν
2899 1960 3059 2029 φλογί
3105 1959 3364 2030 καμίνου,
3416 1960 3618 2023 παντὸς
3669 1961 3843 2031 ῐκνονς

2261 2052 2433 2122 πυρὸς
2457 2052 2665 2122 ἀπαθῆ,
2701 2052 2812 2122 ἡδὲ
2850 2051 2992 2122 ὑγρὰ
3015 2051 3110 2104 τοῦ
3142 2051 3332 2115 ὓδατος
3361 2050 3542 2120 φύσις,
3579 2051 3843 2122 θεραπευ-

2260 2145 2431 2204 τικῶς
2459 2144 2631 2198 ἐδίδου
2678 2144 2745 2196 τὰ
2774 2143 2940 2198 νῶτα.
2975 2145 3101 2206 Τοῖς
3153 2143 3253 2213 μὲν
3281 2142 3388 2213 γάρ
3424 2142 3522 2212 τὴν
3572 2144 3844 2213 μακαρίαν

2260 2234 2438 2306 ψυχὴν
2469 2232 2870 2306 παραθεμένοις
2900 2231 3040 2302 Θεῷ,
3070 2231 3327 2303 στρωμνὴ
3344 2230 3697 2294 ἀπολαύσεως
3723 2234 3843 2300 ἐγέ-

2263 2345 2404 2393 νετο,
2432 2327 2540 2382 τῶν
2571 2325 2780 2398 μυρίων
2797 2325 2993 2387 αὐτοὺς
3007 2324 3266 2394 καμάτων
3288 2323 3528 2392 ὡσπερεί
3551 2322 3845 2376 διαναπαύ-

2261 2437 2417 2474 ουσα.
2450 2420 2576 2482 Τοῖς
2604 2419 2661 2471 δὲ
2694 2418 2775 2471 ἔτι
2817 2417 3334 2487 διαπεραιουμένοις
3378 2418 3477 2486 τὴν
3511 2415 3680 2486 ζωὴν,
3731 2415 3844 2477 ὁδός

2260 2529 2346 2574 τις
2384 2511 2524 2574 λεία,
2562 2511 2656 2564 καὶ
2711 2509 2876 2580 μηδὲν
2910 2509 3167 2562 ἐπίπονον
3217 2508 3483 2579 φέρουσα.
3528 2508 3666 2561 Ἀλλ’
3704 2505 3852 2561 οὕτω.

2265 2606 2364 2674 μὲν
2403 2602 2580 2656 ταῦτα
2623 2602 2966 2672 μετεποιεῖτο
3011 2602 3094 2664 εἰς
3147 2599 3444 2668 θεραπείαν
3492 2600 3601 2654 τῶν
3648 2601 3840 2666 ἁγίων.

2262 2695 2389 2758 Πῶς
2418 2695 2477 2748 δὲ
2515 2695 2564 2747 οί
2618 2692 2894 2764 μάρτυρες
2925 2692 3062 2761 πρὸς
3106 2691 3282 2745 ταῦτα
3330 2691 3611 2763 ἐχώρουν;
3657 2693 3838 2761 ῶσπερ

2261 2787 2343 2848 εἰς
2367 2784 2678 2856 ἀφθαρσίας
2722 2781 2968 2854 λουτρὸν,
3010 2782 3228 2852 φαιδροὶ
3273 2782 3411 2853 πρὸς
3446 2783 3509 2836 τὸ
3551 2782 3695 2853 ’ὕδωρ
3737 2785 3832 2834 εἰσ-

2270 2881 2460 2952 ῄεσαν,
2485 2880 2561 2942 ὼς
2590 2879 2670 2944 εἰς
2689 2877 2988 2941 παστάδας,
3019 2876 3116 2938 τὰς
3147 2876 3410 2945 καμίνους
3434 2874 3731 2938 ἐνέϐαινον,
3756 2873 3838 2928 καὶ

575 2969 632 3024 in
683 2971 859 3025 undas
894 2970 1368 3041 ingrediebantur,
1409 2979 1465 3026 et
1514 2970 1571 3025 in
1605 2970 1882 3038 fornaces,
1909 2973 2068 3042 quasi
2103 2974 2156 3027 in

2261 2972 2340 3043 τῷ
2386 2972 2583 3043 αἰθρίῳ
2612 2971 2789 3040 κρύει,
2835 2970 2909 3034 ὡς
2971 2967 3142 3040 ἱλαρῷ
3181 2967 3601 3038 ἐπαυριζόμενοι
3645 2966 3842 3037 ἐγεγά-

575 3063 845 3119 thalamos
878 3078 938 3118 se
961 3062 1291 3128 inferebant,
1325 3073 1380 3118 et
1413 3063 1590 3136 rigido
1616 3064 1761 3135 gelu,
1786 3066 1931 3120 velut
1959 3067 2160 3136 jucun-

576 3154 809 3209 dissima
843 3168 976 3208 aura
1010 3155 1423 3210 recreabantur.

646 3245 798 3300 Talis
834 3244 1164 3298 invictorum
1195 3245 1441 3315 pugilum
1469 3255 1590 3300 erat
1628 3246 1864 3315 species.
1903 3245 2017 3302 Hac
2068 3263 2160 3303 ra-

575 3339 727 3392 tione
760 3337 965 3402 omnia,
995 3352 1116 3407 qua:
1165 3337 1404 3391 terriﬁca
1453 3337 1800 3403 videbantur,
1832 3339 2156 3395 irridebant.

575 3430 695 3485 Hoc
715 3428 879 3483 modo
896 3443 1161 3499 generose
1193 3428 1379 3499 fugato
1407 3443 1621 3494 errore,
1644 3430 1862 3498 pietatis
1890 3439 2157 3500 tropaeum

575 3532 893 3582 ercxerunt,
949 3519 1182 3589 abiectis
1235 3521 1494 3576 omnibus
1548 3522 1713 3592 hujus
1747 3523 2162 3579 vitaa'oblecta-

579 3614 801 3676 mentis,
836 3621 892 3667 et
926 3624 1085 3666 exuta
1110 3613 1259 3681 omni
1284 3622 1493 3668 natura:
1517 3616 1868 3681 necessitate,
1901 3618 1956 3671 in
1987 3619 2159 3673 solam

577 3713 806 3760 mortem
846 3720 947 3775 pro
976 3705 1200 3760 Christo
1243 3706 1546 3775 obeundam
1580 3709 1801 3763 intenti.
1848 3708 2162 3765 Mactaban-

576 3808 690 3860 tur,
722 3804 776 3851 et
799 3797 893 3866 qui
922 3796 1254 3861 mactabam,
1291 3795 1582 3852 cadebant.
1631 3796 1990 3867 Ligabantur,
2037 3815 2161 3855 eos-

579 3903 688 3956 que
711 3887 804 3957 qui
853 3885 1097 3956 ligahant
1141 3885 1291 3939 omni
1322 3885 1520 3954 agendi
1550 3882 1873 3950 eﬂicacitate
1894 3885 2160 3941 destitue-

576 3980 730 4034 bant.
766 3977 1232 4049 Flagellabautur,
1281 3985 1336 4033 et
1395 3976 1554 4032 dolor
1595 3993 1690 4033 eos
1729 3979 1825 4049 qui
1855 3980 2158 4044 cadebant,

574 4070 884 4126 cruciabat.
919 4067 1238 4124 Tormentis
1292 4068 1669 4138 excogitandis
1706 4069 2032 4126 deﬁciebant
2063 4082 2148 4143 ty-

577 4163 756 4217 ranni.
798 4161 1259 4215 Emarcescebant
1291 4161 1550 4214 lictorum
1584 4175 1800 4227 manus,
1830 4171 1887 4216 et
1917 4163 2037 4232 ipso
2064 4180 2158 4218 su-

574 4256 709 4309 dore
727 4268 828 4309 suo
854 4253 1241 4321 speciosiorem
1271 4251 1627 4306 reddiderunt
1642 4251 1864 4322 pietatis
1894 4255 2155 4322 speciem.

2258 3081 2428 3119 νωντο
2457 3063 2749 3135 πνεύματι.

2335 3247 2571 3316 Τοιαύτη
2608 3247 2641 3317 ἡ
2667 3246 2778 3300 τῶν
2809 3247 3096 3316 ἀηττήτων
3129 3244 3472 3315 παράστασις
3501 3220 3845 3313 ἀγωνιστῶν,

2259 3338 2432 3404 οὕτως
2479 3340 2738 3394 ἁπάντων
2779 3338 3028 3408 φοϐερῶν
3073 3338 3418 3414 κατεγέλων’
3470 3335 3614 3388 οὕτω
3669 3353 3844 3389 νεανι-

2261 3435 2374 3498 κῶς
2399 3434 2762 3505 τροπούμενοι
2795 3432 2892 3502 τὴν
2927 3432 3156 3503 πλάνην,
3187 3431 3249 3484 τὸ
3284 3431 3403 3500 τῆς.
3441 3429 3723 3493 εὐσεϐείας
3756 3431 3846 3484 dw-

2267 3525 2432 3579 ίστων
2489 3525 2783 3596 τρόπαιον,
2845 3523 3062 3577 ἅπαντα
3125 3523 3380 3594 ῥίψαντες
3438 3521 3553 3591 βίου
3601 3522 3845 3593 τερπνὰ,

2262 3618 2480 3672 ἅπασαν
2527 3617 2773 3686 ἀνάγκην
2844 3614 3061 3684 φύσεως
3119 3614 3478 3683 ἀποθέμενοι,
3531 3614 3626 3668 καὶ
3686 3611 3846 3682 μόνον

2261 3710 2356 3763 τοῦ
2422 3710 2565 3778 ὑπὲρ
2631 3709 2870 3780 Χριστοῦ
2933 3709 3114 3762 θανεῖν
3175 3707 3549 3777 ἀντεχόμενοι.
3614 3706 3843 3774 Ἐσφάτ-

2261 3819 2434 3868 τοντο,
2474 3802 2568 3854 καὶ
2599 3802 2923 3870 σφάττοντες
2953 3801 3200 3854 ἔπιπτον.
3228 3799 3606 3868 Ἐδεσμοῦντο,
3632 3801 3727 3852 καὶ⁴
3759 3799 3846 3850 ἀνα

2262 3894 2592 3964 ενεργήτους
2639 3893 2912 3946 ἐδείκνυον
2958 3893 3083 3956 τοὺς
3135 3891 3516 3961 δεσμεύοντας.
3585 3891 3847 3961 Ἐμαστι-

2261 3987 2476 4054 γοῦντο,
2509 3988 2602 4038 καὶ
2632 3986 2690 4040 αἱ
2712 3985 2896 4038 ὀδύναι
2923 3984 3054 4048 τοὺς
3085 3982 3486 4055 μαστιγοῦντας
3512 3982 3847 4050 ἐλάμϐανον.

2276 4075 2653 4148 Ἐξηπόρησαν
2683 4075 2818 4146 πρὸς
2845 4076 2944 4147 τὴν
2973 4074 3194 4145 ε’ύρεσιν
3225 4075 3336 4128 τῶν
3381 4073 3631 4144 βασάνων
3653 4073 3700 4126 οί
3751 4073 3849 4126 τύ-

2229 4185 2470 4239 -ραννοι.
2518 4166 2945 4235 Ἐξενευρίζοντο
2993 4167 3091 4229 τὰς
3142 4168 3332 4236 χεῖρας
3371 4165 3422 4217 οἱ
3466 4165 3672 4234 δήμιοι.
3709 4165 3847 4217 Φαι-

2261 4257 2523 4329 δροτέραν
2556 4257 2885 4328 εἰργάσαντο
2930 4259 3045 4321 τοῖς
3092 4257 3314 4327 ἱδρῶσιν
3357 4256 3538 4309 αὐτῶν
3573 4256 3668 4326 τῆς
3693 4257 3847 4310 εὐσε-

577 4343 892 4400 ιίωειίιὶιιιιι
925 4343 1189 4412 impietati
1219 4343 1607 4398 conciliarunt.
1632 4341 1915 4400 Daatttones
1944 4344 2156 4414 ejulan-

2261 4350 2411 4413 ϐείας
2453 4350 2553 4418 τὴν
2577 4350 2889 4420 ὡραιότητα
2915 4366 2928 4380 ·
2960 4350 3020 4403 τὸ
3075 4349 3398 4419 σκυθρωπὸν
3436 4353 3502 4421 τῇ
3552 4349 3847 4420 δυσσεϐείᾳ

574 4452 658 4500 tes
689 4428 1042 4512 aufugerunt,
1076 4441 1403 4494 conculcata
1433 4455 1627 4493 eorum
1683 4439 1740 4493 in
1797 4453 2027 4509 corpore
2061 4457 2156 4495 su-

576 4533 826 4606 percilio.
864 4533 923 4586 In
977 4531 1254 4587 silentium
1306 4530 1684 4600 deceptioncm
1721 4530 1952 4584 mutavit
1985 4531 2157 4586 mali—

574 4642 715 4698 gnus
745 4640 998 4696 serpens,
1030 4640 1152 4679 cum
1184 4624 1422 4685 videret.
1462 4639 1654 4678 omnes
1691 4624 2016 4679 insidiarum
2042 4640 2155 4679 ma-

574 4720 766 4775 chinas
795 4717 851 4771 in
877 4732 1037 4772 suum
1059 4725 1222 4786 caput
1249 4715 1531 4770 recidisse.

643 4810 762 4866 Jain
794 4809 942 4863 enim
992 4818 1047 4864 et
1089 4808 1351 4863 mulieres
1409 4807 1662 4864 alacriter
1692 4809 1748 4862 in
1795 4823 2016 4863 arenam
2053 4810 2152 4865 de-

576 4902 923 4967 scendentes,
951 4901 1020 4954 ob
1051 4899 1281 4970 primam
1308 4909 1591 4970 parentem
1624 4900 1927 4971 deceptam,
1960 4917 2152 4973 pmnas

580 4995 643 5047 ab
682 5008 749 5047 eo
777 4993 1160 5062 reposcebant,
1193 4993 1370 5062 capite
1395 4991 1514 5060 ejus
1547 5001 1772 5047 strenue
1802 4995 2148 5058 conculcato,

579 5088 690 5151 illo,
731 5085 976 5154 inquam,
1024 5087 1223 5155 capite,
1262 5084 1406 5154 quod
1434 5084 1568 5138 illud
1626 5085 1894 5139 malorum
1957 5101 2152 5156 agmen

579 5172 884 5243 progenuit.
917 5170 1073 5227 Nunc
1113 5174 1482 5243 excogitatum
1532 5174 1601 5229 ab
1637 5175 1731 5228 illo
1763 5175 2103 5230 mendacium
2136 5194 2150 5230 :

583 5263 744 5318 Erilis
799 5264 937 5318 sicut
983 5263 1060 5316 dii
1119 5264 1186 5330 ¹”,
1220 5275 1418 5334 praeter
1451 5279 1670 5320 omnem
1722 5281 1897 5334 spem,
1934 5268 2151 5322 veritati

584 5371 908 5425 tonsonans,
944 5356 1321 5412 acerbissimis
1375 5372 1499 5411 eum
1535 5358 1875 5414 cruciatibus
1911 5367 2149 5427 torquet.

583 5446 708 5501 .‘iam
738 5455 1008 5518 martyres
1035 5447 1254 5502 Christo
1283 5448 1340 5502 in
1373 5449 1725 5519 passionibus
1760 5451 1876 5506 suis
1906 5451 2151 5521 conligu-

583 5544 699 5610 -ati,
729 5542 893 5597 etiam
922 5543 1122 5600 divinae
1142 5543 1328 5617 gloria:
1359 5544 1682 5616 conﬁgurati
1705 5556 1854 5603 sunt.
1890 5545 2048 5602 Nunc
2079 5548 2147 5603 ab

655 5725 696 5756 “
740 5721 878 5778 Gen.
913 5738 993 5789 tu,
1030 5722 1084 5779 5.

2257 4441 2701 4513 κατεπράξαντο,
2752 4441 3002 4512 δαίμονες
3059 4441 3308 4512 ἀπῄεσαν
3357 4440 3675 4512 ὀδυρόμενοι
3742 4442 3848 4510 τῆς

2257 4534 2458 4604 ὀφρύος
2490 4534 2670 4588 αὐτῶν
2693 4538 2751 4588 ἐν
2783 4534 2998 4604 σώματι
3030 4535 3400 4606 πατόυμένης,
3440 4534 3736 4605 μετέϐαλεν
3764 4537 3848 4598 εἰς

2260 4628 2417 4698 σιγὴν
2450 4628 2549 4698 τὴν
2590 4627 2806 4696 ἀπάτην
2829 4627 2858 4679 ὀ
2906 4624 3141 4696 πονηρὸς
3170 4626 3316 4694 ὃφις,
3348 4626 3409 4678 τὸ
3450 4627 3560 4680 πᾶν
3581 4627 3682 4696 τῆς
3718 4627 3849 4679 ἐπι.

2257 4720 2456 4788 ϐουλῆς
2487 4719 2736 4786 καθορῶν
2761 4718 3226 4788 ἐπιστρεφόμενον
3250 4717 3386 4788 πρὸς
3413 4718 3599 4773 αὐτόν.

2332 4811 2471 4880 Ἤδη
2499 4811 2607 4880 γὰρ
2654 4809 2748 4861 καὶ
2787 4811 3043 4876 γυναῖκες
3084 4810 3514 4880 άποδυσάμεναι,
3545 4811 3683 4884 πρὸς
3737 4831 3851 4865 πα-

2257 4899 2531 4972 λαίσματα
2562 4903 2661 4972 τῆς
2707 4902 3056 4971 προμὴτορος
3079 4939 3094 4964 ,
3139 4901 3300 4955 αὑτὸν
3353 4903 3708 4973 εἰσέπραττον
3742 4908 3849 4973 τὴν

2257 4995 2496 5063 ἀπάτην,
2539 4995 2802 5056 νεανικῶς
2845 4994 2943 5064 τὴν
2972 4992 3212 5064 κεφαλὴν
3262 4992 3551 5059 πατοῦσαι,
3599 4997 3850 5069 κεφαλὴν

2258 5086 2495 5156 ἐκείνην,
2526 5087 2560 5155 ἦ
2586 5087 2678 5140 τὸν
2707 5085 2875 5155 ἐσμὸν
2900 5087 3000 5156 τῆς
3038 5086 3304 5157 πονηρίας
3336 5087 3592 5142 ἀπέτεκε.
3627 5088 3744 5142 Νῦν
3788 5092 3850 5142 τὸ

2263 5178 2724 5249 μεμηχανημένον
2751 5177 2898 5249 αύτῷ
2940 5177 3154 5246 ψεῦδος,
3194 5179 3276 5245 τὺ,
3304 5177 3565 5234 Ἕσεσθε
3593 5181 3674 5246 ὡς
3695 5182 3853 5247 θεοὶ,

2258 5271 2412 5341 παρὰ
2443 5272 2623 5324 πᾶσαν
2671 5269 2863 5322 ἐλπίδα
2903 5268 3040 5342 πρὸς
3087 5269 3348 5339 ἀλήθειαν
3382 5270 3617 5339 ἐξελθὸν,
3648 5272 3850 5342 δριμυ-

2254 5362 2444 5426 τάταις
2471 5359 2759 5430 ἀλγηδόσιν
2784 5359 2947 5413 αὐτὸν
2979 5359 3309 5430 περιϐάλλει.
3337 5362 3397 5414 Ol
3424 5362 3532 5433 γὰρ
3563 5363 3849 5433 μάρτυρες

2259 5452 2745 5525 συμμορφούμενοι
2779 5454 2836 5523 ἐν
2864 5454 2976 5514 τοῖς
3015 5450 3214 5507 πάθεσι
3254 5452 3334 5525 τῷ
3362 5453 3607 5524 Χριστῷ,
3649 5455 3745 5506 καὶ
3783 5458 3850 5525 τῇ

2257 5546 2378 5618 θείᾳ
2414 5546 2541 5620 δόξῃ
2573 5545 3096 5618 συνεμορφώθησαν,
3123 5545 3218 5601 νῦν
3252 5544 3332 5612 οἷς
3377 5547 3706 5619 διεϐάσκηνε
3741 5549 3852 5619 τῆς
