4108 6306
367 329 466 396 189

1316 325 1600 388 ORATIO
1638 325 1764 387 XV.
1795 348 1864 360 -·
1911 325 1994 386 ΙΝ
2026 324 2282 386 OMNES
2312 324 2670 408 SANCTOS.

3519 328 3620 390 190

362 442 602 505 ἀπαθοῦς
655 443 1078 514 μακαριότητος,
1138 439 1242 494 ὐπδ
1291 440 1500 492 τούτων
1556 437 1943 510 περιϐάλλεται

2052 437 2178 501 illis,
2232 439 2432 510 quibus
2465 445 2470 472 '
2502 437 2903 494 beatitudinem
2973 437 3273 504 invidebat,
3334 442 3624 496 tormentis

363 537 578 592 πάθεσι.
609 536 687 588 Οὐ
717 535 828 605 γὰρ
843 531 1016 605 μόνον
1043 533 1109 586 δι’
1139 525 1235 597 ὧν,
1268 531 1404 601 μετά
1437 531 1617 599 πάσης
1649 528 1814 582 αὐτοῦ
1845 529 1944 598 τῆς

363 626 623 700 στρατιᾶς
661 625 1111 696 συμπλεκόμενος
1161 622 1324 685 αὐτὸς
1368 621 1759 694 κατῃσχύνετο,
1805 621 1944 672 ἐπα-

364 737 508 790 σχεν,
547 718 664 772 ἀλλ’
702 712 790 771 οἶα
815 717 1011 787 πάσχει
1041 717 1138 770 καὶ
1162 714 1280 781 νῦν,
1307 717 1427 778 ταῖς
1473 716 1537 767 ἐκ
1563 713 1753 782 τάφων
1806 729 1944 784 προ-

361 813 570 876 ϊούσαις
598 811 880 882 δυνάμεσι.
903 809 1019 863 Νῦν
1051 809 1160 862 τῶν
1185 807 1498 862 πολύαθλων
1525 807 1698 861 ὀστῶν
1723 805 1946 860 ἐκείνων

365 901 537 974 πυρὸς
561 901 765 972 βολίδες
781 900 1156 971 πεμπόμεναι,
1177 898 1246 952 τὰ
1260 898 1466 952 τούτων
1485 896 1946 967 καταφλογίζουσι

361 993 675 1063 πρόσωπα⁸
721 992 934 1062 καὶτῆς
977 991 1180 1063 σαρκὸς
1235 990 1335 1062 τὴν
1379 989 1550 1055 κόνιν,
1583 991 1650 1060 ἣν
1682 988 1948 1061 πολυτρό⁶

357 1098 478 1145 πως
504 1080 758 1150 διέξηναν
783 1079 1197 1155 συσφίγγουσαν
1226 1078 1402 1150 ψυχὰς
1429 1078 1684 1151 δρῶντες,
1712 1079 1807 1132 καὶ⁸
1842 1077 1946 1132 σῶ-

362 1189 530 1242 ματα,
565 1173 718 1224 αὐτοὶ
759 1171 1036 1236 ἀλύοντες,
1083 1172 1180 1225 καὶ
1229 1171 1555 1242 παρειμένοι
1595 1171 1943 1242 πορεύονται.

372 1262 535 1315 Ἀλλά
562 1261 674 1332 γὰρ
693 1259 835 1333 αὐτη
870 1261 980 1314 τῶν
1018 1260 1336 1332 ἀοιδίμωνή
1381 1261 1532 1332 νίκη.
1569 1261 1825 1316 Τοιοῦτον
1847 1261 1945 1332 τῆς

359 1355 620 1426 ἀληθείας
645 1353 707 1407 τὸ
727 1353 1006 1425 τρόπαιον.
1035 1353 1223 1418 Ούτως
1255 1354 1306 1406 οἱ
1332 1354 1432 1422 τῆς
1461 1354 1717 1416 ἀσεϐείας
1741 1354 1947 1424 ὑπηρέ-

357 1464 451 1500 ται
481 1446 581 1498 σὺν
617 1443 696 1516 τῷ
744 1445 894 1514 σφῶν
940 1445 1184 1516 ἄρχοντι,
1209 1446 1306 1499 καὶ
1339 1449 1774 1516 πρωταγωνιστῇ
1826 1447 1946 1499 δια-

357 1538 520 1610 δόλῳ,
555 1537 663 1592 ὑπὸ
699 1537 810 1591 τῶν
851 1537 1155 1609 προμάχων
1184 1537 1285 1608 τῆς
1325 1538 1586 1610 ἀληθείας
1609 1537 1942 1609 ἡττήθησαν.

369 1630 705 1702 Ἐκρότησαν
736 1630 829 1683 ἐπὶ
854 1630 1065 1694 τούτοις
1090 1631 1301 1686 ἀνωθεν
1341 1619 1585 1699 ἄγγελοι,
1619 1631 1946 1702 εὐφήμησαν

358 1720 782 1773 καταπεσόντων
811 1719 918 1774 τῶν
961 1719 1298 1793 ἀλαστόρων,
1341 1721 1628 1793 ἐκπλήξει,
1661 1721 1758 1776 καὶ
1800 1723 1945 1794 χαρᾷ

357 1810 698 1882 ἐμερίζοντο.
733 1811 990 1882 Ἔχαιρον
1026 1813 1113 1881 ἐφ’
1144 1808 1226 1876 οἷς
1269 1811 1365 1866 τοῦ
1397 1812 1661 1884 βασιλέως
1699 1814 1734 1883 ή
1760 1814 1944 1885 παρά-

357 1903 533 1968 ταξις,
565 1904 693 1968 τοὺς
729 1904 958 1976 ἐχθροὺς
997 1903 1202 1975 ἔργοις,
1226 1907 1321 1960 καὶ
1361 1906 1543 1976 λόγοις
1574 1905 1942 1978 ἐτροπὼσατο.

370 1994 798 2066 Ἐξεπλήττοντο
850 1995 1143 2068 σαρκίνους
1189 1996 1423 2068 ὁρῶντες
1472 1997 1580 2050 τῶν
1637 1996 1946 2068 ἀσωμάτων

361 2085 822 2156 περιγενομένους
845 2100 860 2118 ⁸
891 2087 921 2138 ό
965 2084 1242 2154 βασιλεὺς,
1274 2085 1416 2158 ὑπὲρ
1445 2079 1509 2140 οὐ
1562 2087 1606 2139 ἰί
1645 2082 1819 2152 ἆθλοι,
1851 2087 1946 2139 καὶ⁴

360 2176 428 2230 τὰ
476 2175 855 2247 παλαίσματα,
894 2175 962 2230 τά
1003 2175 1233 2247 βραδεῖα
1258 2175 1600 2248 εὐτρέπιζεν.
1640 2175 1947 2245 Ἦνοίγοντο

362 2268 535 2321 πύλαι
584 2267 695 2322 τῶν
733 2267 1001 2338 οὐρανῶν,
1034 2269 1313 2339 ἀοιδίμους
1344 2269 1575 2340 θερμαῖς
1610 2267 1689 2320 ἔτι
1724 2268 1948 2336 σταγόσι

365 2359 593 2430 ῥέοντας
663 2359 1024 2431 ὑπεδέχοντο,
1087 2359 1499 2431 Παντοκράτορι
1567 2357 1947 2430 δεξιουμένους

360 2451 538 2523 δεξιᾷ.

441 2536 672 2608 mmo
689 2545 926 2613 γενναῖοι
955 2542 1050 2598 τοῦ
1070 2542 1308 2616 Χριστοῦ
1331 2541 1683 2613 στρατιῶται,
1707 2542 1759 2595 τί
1781 2558 1950 2614 προσ-

363 2635 602 2706 εροῦμεν
638 2637 825 2706 ὐμᾶςς
892 2636 1282 2706 ’Δνθρώπους;
1350 2633 1491 2687 Ἀλλ’
1525 2635 1560 2705 ἠ
1600 2634 1764 2703 φύσις
1809 2633 1948 2700 ἰλιγ-

361 2728 461 2800 γιᾷ
511 2726 848 2781 οἰκειοῦσθαι
888 2725 1027 2798 πρὸς
1076 2725 1207 2788 τοὺς
1255 2726 1478 2793 ἀγῶνας
1514 2725 1667 2796 ὐμῶν
1720 2725 1811 2778 καὶ
1851 2724 1948 2795 τὴν

361 2819 538 2888 αὐτῆς
557 2817 790 2889 δύναμιν
819 2817 1233 2872 ἀποσκοποῦσα.
1261 2818 1599 2889 Φωστῆρας;
1650 2818 1812 2872 Ἀλλὰ
1830 2820 1951 2881 ταῖς

361 2911 662 2981 ὑμετέραις
701 2909 897 2978 αὐγαῖς
925 2909 988 2962 τὸ
1026 2910 1230 2979 φέγγος
1282 2908 1463 2962 αὐτῶν
1508 2908 1947 2979 ἀποκρύπτεται.

372 3001 711 3071 ’Δγγέλους;
761 2999 923 3055 Ἀλλά
968 2999 1068 3072 τὴν
1117 3000 1452 3072 καρτερίαν,
1506 3001 1599 3056 καὶ
1644 3001 1744 3071 τὴν
1793 3000 1950 3071 νίκην

2047 530 2361 601 subjicitur.
2401 529 2522 587 Non
2553 531 2699 586 enim
2731 531 2884 586 solus
2922 531 3172 586 devictus
3203 538 3258 585 et
3305 531 3625 588 confusione

2045 622 2288 691 repletus
2322 632 2427 690 est,
2458 637 2580 678 cum
2605 637 2797 677 omnes
2827 637 2956 677 suas
2987 623 3180 691 c0pias
3209 622 3263 676 in
3291 623 3462 678 aciem
3497 639 3624 694 pro-

2046 715 2221 779 duxit,
2251 715 2347 770 sed
2401 723 2455 769 et
2496 729 2644 770 nunc
2674 713 2723 767 vi
2752 714 2864 777 illa,
2900 715 3048 768 velut
3087 714 3265 784 igneis
3305 714 3526 785 jaculis,
3561 731 3625 771 ex

2046 806 2264 861 ossibus
2316 806 2447 870 illis,
2496 822 2618 876 qua:
2669 814 2749 859 tot
2777 807 3078 860 certamina
3130 807 3468 871 tolerarunt,
3497 822 3623 876 pro-

2046 898 2266 964 deunte,
2291 899 2475 955 vultus
2507 914 2697 954 eorum
2733 898 3170 960 inﬂammantur.
3226 911 3466 968 cumque
3507 913 3626 953 cor-

2045 993 2196 1061 poris
2225 993 2522 1062 pulverem,
2550 1007 2710 1062 quem
2740 992 2842 1061 ipsi
2871 991 3023 1045 varie
3051 997 3398 1059 carpserunt,
3424 997 3478 1045 et
3500 991 3626 1044 ani—

2046 1099 2166 1138 mas
2193 1091 2249 1139 et
2300 1099 2530 1155 corpora
2564 1084 3036 1153 Constringentem
3095 1082 3404 1147 intuentur,
3444 1081 3629 1138 tristes

2045 1173 2148 1244 ipsi
2182 1182 2235 1228 et
2267 1172 2671 1243 desperabundi
2709 1173 3018 1241 aulugiunt.
3069 1169 3192 1225 Haec
3239 1171 3629 1241 praestantissi-

2045 1282 2260 1322 morum
2288 1267 2617 1323 athletarum
2647 1265 2899 1320 victoria.
2924 1263 3253 1334 Hujusmndi
3275 1264 3527 1320 veritatis
3547 1274 3630 1319 est

2046 1365 2332 1427 tropaeum.
2372 1357 2531 1412 Hunc
2555 1357 2608 1410 in
2641 1357 2861 1410 modum
2897 1356 3199 1426 impietatis
3232 1355 3471 1409 ministri
3504 1370 3628 1409 cum

2048 1464 2151 1505 suo
2180 1450 2319 1506 duce
2339 1457 2393 1505 et
2421 1450 2667 1521 principe
2695 1449 2914 1504 diabolo
2957 1463 2987 1501 a
3021 1448 3274 1503 veritatis
3318 1462 3630 1518 propugna—

2048 1542 2258 1598 toribus
2291 1542 2493 1598 devicti
2533 1551 2682 1598 sunt.
2719 1540 2976 1596 Plausum
3015 1540 3101 1596 his
3125 1540 3397 1595 dederunt
3427 1555 3457 1595 e
3487 1542 3630 1595 caelo

2047 1635 2250 1705 angeli,
2304 1634 2502 1690 faustis
2551 1621 3058 1688 acclamationibus
3103 1632 3629 1700 exsultarunt,cum

2054 1727 2229 1782 malos
2257 1726 2446 1797 genios
2472 1734 2777 1795 prostratos
2805 1732 3131 1791 cernerent;
3184 1723 3461 1792 simulque
3508 1730 3630 1777 stu-

2048 1832 2182 1888 pore
2215 1825 2269 1872 et
2317 1816 2516 1888 gaudio
2568 1817 3026 1888 percellebantur.
3086 1815 3408 1870 Gaudebant
3459 1816 3629 1879 enim,

2046 1907 2193 1979 quod
2228 1909 2374 1980 regis
2405 1908 2578 1973 acies,
2603 1916 2660 1963 et
2691 1907 2852 1962 factis
2878 1914 2931 1962 et
2977 1907 3160 1962 verbis
3193 1905 3405 1961 hostem
3448 1904 3632 1960 debel-

2047 1999 2240 2056 lasset.
2269 1999 2771 2070 Obstupescebant,
2806 2014 2930 2052 cum
2970 1997 3452 2067 conspicarentur,
3467 2011 3631 2051 carne

2047 2093 2277 2147 vestitos
2323 2089 2637 2160 superiores
2691 2089 2867 2144 factos
2897 2088 2964 2143 iis
2999 2089 3094 2159 Qui
3136 2101 3302 2144 carne
3346 2087 3626 2142 carebant.

2048 2181 2164 2238 Rex
2191 2197 2292 2253 pro
2320 2197 2429 2252 quo
2464 2182 2801 2253 pugnabant,
2845 2180 3070 2251 praemia
3113 2180 3362 2250 parabat.
3403 2179 3630 2249 Aperie-

2047 2277 2252 2332 bantur
2301 2275 2567 2330 caelorum
2637 2281 2827 2343 portae,
2880 2280 2936 2327 et
2984 2273 3232 2330 illustres
3293 2271 3418 2326 illos
3452 2270 3628 2325 calido

2051 2368 2231 2423 adhuc
2261 2367 2516 2438 perfusos
2549 2365 2777 2421 isudore
2801 2403 2817 2429 ,
2854 2363 3214 2433 recipiebant,
3252 2363 3629 2435 Omnipotenti

2051 2466 2314 2528 exceptos
2337 2456 2584 2511 dextera.

2123 2545 2252 2611 Sed,
2281 2560 2312 2600 ο
2339 2545 2528 2598 invicti
2559 2543 2762 2598 milites
2782 2541 3011 2607 Christi,
3038 2557 3144 2612 quo
3172 2541 3396 2596 nomine
3418 2557 3516 2596 vos
3539 2555 3634 2611 ap-

2051 2637 2419 2709 pellabimus?
2451 2637 2534 2689 An
2558 2635 2848 2689 homines?
2879 2635 2948 2688 At
2973 2642 3170 2686 natura
3203 2640 3396 2687 nostra
3445 2632 3633 2686 horret

2051 2731 2120 2785 ad
2158 2737 2338 2784 vestra
2376 2725 2702 2791 certamina,
2736 2739 2861 2778 cum
2885 2725 3076 2778 oculos
3105 2723 3169 2776 ad
3209 2722 3319 2776 vim
3360 2737 3512 2776 suam
3546 2736 3634 2774 re-

2051 2821 2244 2876 ﬂectit.
2275 2819 2356 2873 An
2384 2806 2603 2875 sidera?
2631 2815 2739 2871 Sed
2772 2823 2955 2870 vestro
2983 2814 3278 2884 splendore
3302 2814 3484 2867 lumen
3516 2812 3635 2867 illo-

2050 2931 2174 2972 rum
2208 2913 2536 2970 occultatur.
2561 2912 2645 2966 An
2683 2910 2950 2981 angelos?
2975 2909 3045 2961 At
3077 2907 3429 2962 tolerantiam
3471 2914 3525 2960 et
3549 2905 3602 2958 vi

2051 3009 2281 3066 ctoriam
2311 3014 2549 3062 vestram
2572 3004 2752 3075 angeli
2784 3003 3208 3071 obstupuerunt.
3237 2997 3294 3051 ln
3334 3011 3499 3068 quam
3532 2995 3636 3064 igi-

361 3092 663 3163 ὲξέστησαν
687 3092 928 3159 ἄγγελοι.
951 3091 1043 3155 Ei;
1071 3090 1229 3144 ποίαν
1253 3087 1346 3145 οὖν
1367 3091 1536 3162 ἀλλην
1560 3091 1949 3163 μεταποιηθέν-

2055 3115 2143 3158 tur
2179 3100 2340 3154 aliam
2376 3109 2626 3152 naturam
2661 3091 3033 3154 transmutati,
3083 3090 3222 3158 adeo
3247 3089 3434 3143 omnia
3474 3102 3635 3142 exce-

362 3204 458 3248 τες
487 3185 671 3254 φύσιν,
711 3185 854 3240 οὕτω
886 3186 1064 3240 πάντα
1111 3183 1556 3254 ὐπερεὸάλεσθε;
1597 3185 1712 3239 Οὐκ
1743 3185 1948 3254 ἐμάλα-

361 3277 465 3345 ξαν
515 3277 584 3330 τὰ.
626 3276 946 3348 θελκτήρια,
997 3277 1100 3331 οὐκ
1151 3274 1452 3345 ἐκλάσθη-ιε
1499 3278 1614 3339 τοῖς
1663 3276 1933 3346 φοϐεροῖς.

361 3369 514 3438 Ποίῳ
555 3367 795 3439 τοσούτῳ
824 3368 965 3439 πυρὶ
1007 3367 1295 3439 δυνάμεως
1326 3367 1387 3420 τὸ
1431 3366 1542 3438 πῦρ
1579 3366 1689 3421 τῶν
1733 3367 1948 3440 πικρῶν

364 3459 623 3530 βασάνων
681 3459 981 3526 “Eddius;
1041 3458 1243 3528 Δρόσος
1294 3459 1424 3529 ὑμῖν
1482 3457 1703 3527 μᾶλλον,
1750 3457 1785 3528 ἢ
1836 3457 1948 3528 πῦρ

364 3551 661 3620 ἐλογίζετο,
696 3550 730 3620 ἢ
772 3549 951 3620 δῆλον,
988 3549 1064 3612 ὡς
1096 3547 1175 3619 τῷ
1209 3549 1344 3620 πυρὶ
1381 3548 1481 3617 τῆς
1534 3547 1685 3611 θείας
1730 3549 1950 3618 ἀγάπης

366 3643 832 3715 πυρπολούμενοι,
861 3642 1040 3694 ἐκεῖνο
1066 3641 1128 3693 τὸ
1167 3640 1280 3712 πῦρ
1311 3643 1556 3711 ἐνεργεῖν
1584 3641 1652 3694 τά
1683 3641 1859 3694 οἰκεῖα
1887 3639 1946 3693 οὐ

368 3737 725 3805 συνεχωρεῖτε
745 3750 761 3799 ;
784 3733 920 3786 ἀλλὰ
940 3733 1059 3785 ἀντὶ
1085 3732 1184 3802 μὲν
1199 3729 1295 3785 τοῦ
1319 3732 1558 3802 φλέγειν,
1573 3731 1759 3802 δρόσος
1776 3733 1948 3800 ἐγνω-

371 3825 548 3895 ρξζετο
569 3840 583 3854 °
605 3823 712 3877 Τοῦ
742 3823 876 3876 δ”ἐν
902 3822 1032 3893 ύμῖν
1056 3821 1202 3875 θείου
1237 3825 1407 3894 πυρὸς
1431 3823 1762 3894 ὑπέκκαυμα
1793 3823 1949 3890 γενό-

371 3935 549 3988 μενον,
573 3915 965 3988 λαμπροτέραν
999 3915 1208 3985 ἀνῆπτε
1235 3917 1408 3985 φλόγα
1429 3919 1528 3988 τῆς
1553 3917 1789 3988 Χριστοῦ
1813 3919 1952 3986 ἁγα-

369 4009 612 4080 πήσεως,
652 4002 715 4062 οὗ
740 4005 834 4062 νῦν
875 3997 1100 4078 ὡραίοις
1128 4007 1255 4060 ποσὶ
1297 4008 1393 4060 τὸν
1415 4008 1637 4079 φαιδρὸν
1686 4007 1952 4078 νυμφῶνα

368 4101 842 4174 χοροπατοῦντες,
871 4099 1229 4172 εὐφραίνεσθε
1271 4100 1392 4154 ἀντὶ
1440 4099 1550 4154 τῶν
1605 4100 1951 4171 δριμυτάτων

368 4194 715 4264 ἀλγηδόνων,
769 4193 1060 4263 ήδυτάταις
1123 4191 1497 4263 ἐντρυφῶντες
1558 4189 1948 4246 ἀπολαύσεσιν.

381 4286 528 4338 Ἀντὶ⁵
575 4284 672 4338 τοῦ
723 4284 898 4355 πυρὸς
926 4324 940 4348 ,
1000 4282 1141 4354 μετά
1190 4282 1299 4336 τῶν
1361 4281 1644 4354 φλογερῶν
1694 4298 1952 4354 συμπαρ-

373 4375 593 4429 ίστασθε
623 4375 850 4439 τάξεων.
891 4377 1094 4441 Ἤπου,
1131 4375 1228 4428 καὶ
1266 4374 1474 4429 τούτων
1502 4375 1782 4445 ἐγγυτέρω
1811 4374 1953 4444 (τολ-

2053 3194 2220 3251 ditis?
2247 3193 2366 3248 Non
2393 3190 2746 3246 emollierunt
2772 3201 2870 3241 vos
2895 3183 3308 3247 blandimenta;
3338 3196 3448 3234 non
3472 3179 3635 3233 fracti

2053 3289 2186 3342 estis
2221 3284 2548 3340 terroribus.
2576 3279 2824 3347 Quonam
2853 3286 3007 3332 tanto
3033 3276 3157 3346 igne
3189 3275 3369 3344 ignem
3393 3271 3638 3327 acerbis—
3751 3328 3756 3333 ,

2054 3379 2320 3435 simorum
2347 3379 2745 3429 tormentorum
2772 3365 3158 3422 exstinxistis?
3197 3365 3398 3418 Rorem
3432 3361 3634 3431 potius,

2055 3484 2216 3540 quam
2240 3470 2418 3537 ignem
2449 3461 2809 3534 reputabatis.
2842 3459 2942 3513 -An
2982 3459 3177 3527 liquet,
3213 3470 3312 3510 vos
3341 3454 3466 3524 igne
3501 3451 3635 3506 cha-

2053 3561 2235 3617 ritatis
2265 3558 2461 3612 divina:
2487 3555 2854 3610 inﬂammatos
2877 3565 2985 3606 non
3015 3548 3381 3611 concessisse,
3411 3553 3470 3600 ut
3497 3544 3637 3598 alter

2055 3653 2198 3724 ignis
2224 3665 2286 3705 ea
2310 3663 2430 3719 quae
2464 3653 2593 3702 sunt
2625 3650 2839 3698 natura:
2872 3656 2985 3696 suae
3016 3646 3387 3694 consentanea
3412 3632 3638 3704 ageret?

2054 3760 2159 3802 nec
2185 3742 2402 3805 urebat,
2446 3739 2540 3794 sed
2567 3734 2709 3790 roris
2745 3733 2923 3787 instar
2947 3730 3253 3785 recreabat.
3288 3726 3433 3792 Quin
3467 3733 3522 3779 et
3550 3724 3635 3778 di-

2055 3837 2247 3892 vinum
2295 3825 2476 3902 ignem
2542 3823 2931 3886 exsuscitans,
2991 3821 3150 3890 longe
3205 3815 3638 3889 splendidiorem

2055 3928 2331 3984 ﬂammam
2363 3919 2660 3976 dilectione
2693 3913 2898 3971 Christi
2950 3909 3224 3967 accendit.
3290 3907 3463 3976 Cujus
3494 3920 3640 3959 nunc

2056 4015 2325 4090 speciosis
2351 4011 2581 4084 pedibus
2604 4007 2907 4063 thalamum
2932 4001 3432 4062 circumsistentes,
3455 3997 3643 4054 exsul-

2058 4088 2210 4173 tatis,
2268 4107 2389 4162 loco
2428 4099 2953 4158 immanissimorum
3003 4092 3346 4149 cruciatuum
3378 4088 3644 4146 suavissi-

2058 4201 2164 4256 mis
2185 4194 2560 4267 voluptatibus
2589 4188 2822 4260 perfusi.
2853 4187 2998 4241 Loco
3026 4183 3167 4254 ignis
3206 4179 3470 4237 assistitis
3493 4193 3642 4233 nunc

2059 4306 2185 4349 cum
2219 4286 2485 4343 ﬂammeis
2531 4284 2643 4338 illis
2680 4279 2969 4335 ordinibus
3005 4292 3020 4330 :
3067 4275 3178 4330 imo
3207 4281 3263 4328 et
3299 4272 3387 4328 his
3415 4271 3643 4342 propius

2062 4381 2262 4454 (audeo
2286 4377 2492 4446 dicere)
2519 4381 2726 4445 quanto
2761 4368 2988 4442 propius
3018 4366 3185 4421 etiam
3230 4362 3539 4419 imitatione
3573 4364 3641 4414 ad

375 4468 536 4540 μήσει
586 4467 698 4539 γὰρ
733 4470 831 4521 καὶ
879 4466 1041 4520 τοῦτο
1085 4466 1261 4519 εἰπεῖν
1293 4467 1322 4518 ὁ
1347 4465 1551 4532 λόγος),
1601 4465 1726 4517 ὅσον
1760 4464 1856 4516 καὶ
1879 4465 1946 4534 τῇ

2055 4449 2369 4543 passionem
2399 4464 2613 4522 Christi
2644 4459 2990 4516 accessistis.
3037 4455 3185 4511 Loco
3218 4449 3641 4508 conﬂictationis

371 4559 672 4631 ἐκμιμήσει
700 4559 808 4612 τῶν
855 4557 1201 4628 παθημάτων
1241 4557 1549 4626 ἐγγύτεροι,
1589 4557 1709 4610 ἀντὶ
1753 4557 1852 4626 τῆς
1894 4556 1953 4608 ὲν

372 4651 534 4722 λιμῷ,
567 4651 665 4704 καὶ
688 4651 832 4721 δίψει
854 4650 1255 4720 ταλαιπωρίας,
1296 4647 1334 4702 ἃ
1376 4647 1685 4718 ὀφθαλμὸς
1715 4649 1826 4702 οὐκ
1865 4643 1952 4701 οἷ-

373 4743 498 4809 δεν,
526 4740 626 4794 καὶ
651 4736 764 4805 οὖς
788 4741 900 4794 οὐκ
923 4739 1174 4810 ἤκουσε,
1207 4739 1306 4792 καὶ
1331 4738 1430 4792 ἐπὶ
1456 4736 1708 4805 καρδίαν
1733 4734 1956 4804 ἀνθρώ-

375 4847 491 4888 που
513 4831 851 4900 οὐκάνέϐη,
879 4832 1195 4902 προτίθεται
1215 4830 1466 4900 τράπεζα
1487 4829 1731 4900 φέρουσα
1752 4829 1955 4896 ἀγαθά.

389 4927 533 4981 ’Avtt
561 4926 662 4995 τῆς
691 4927 750 4979 ἐν
792 4924 1094 4994 γυμνότητι
1147 4922 1388 4992 πήξεως,
1444 4921 1728 4992 στολισμὸν
1778 4920 1958 4988 φωτὸς

376 5000 799 5091 περιόάλλεσθε.
851 5017 998 5070 ’Δντὶ
1028 5013 1138 5079 ,τοῦ
1192 5012 1536 5085 σκορπισμοῦ
1591 5011 1702 5066 τῶν
1755 5009 1953 5082 μελῶν,

377 5111 475 5181 τὴν
525 5107 855 5178 ὁλοκληρίαν
901 5106 1004 5176 τῆς
1048 5107 1285 5177 ἀρχαίας
1340 5103 1643 5159 ἀπελάϐετε
1684 5101 1959 5165 πλάσεως.

391 5202 536 5256 Ἀντὶ
587 5199 698 5252 τῶν
751 5198 1099 5253 κενωθέντων
1143 5197 1413 5268 αἱμάτων,
1463 5197 1563 5260 τὰς
1613 5196 1796 5266 πηγὰς
1826 5211 1962 5265 προ-

381 5297 522 5365 χεῖτε
550 5293 664 5346 τῶν
696 5291 962 5361 ἰαμάτων.
1004 5289 1200 5359 Χαίρει
1231 5289 1266 5358 ή
1301 5287 1374 5357 γῆ
1405 5289 1517 5350 τοῖς
1563 5286 1721 5357 ἡμῶν
1761 5286 1965 5354 ἀγωνί-

385 5403 605 5458 σμασιν.
644 5383 1010 5454 Εὐφραίνεται
1037 5380 1287 5453 οὐρανὸς,
1321 5379 1586 5442 τοιούτοις
1614 5379 1962 5447 στεφανίταις

389 5475 906 5550 χοροστατούμενος.
943 5472 1100 5528 Μετά
1155 5471 1403 5541 ἀγγέλων
1444 5470 1824 5543 εὐφραίνεσθε,
1867 5469 1965 5524 καὶ

2061 4541 2185 4622 cum
2210 4563 2353 4618 fame
2383 4569 2438 4616 et
2458 4559 2572 4624 siti,
2597 4554 2923 4628 proponitur
2954 4549 3114 4606 vobis
3146 4560 3337 4602 mensa
3367 4541 3642 4614 ejusmodi

2062 4657 2248 4711 ferens
2277 4653 2442 4716 bona,
2474 4662 2599 4718 quae
2628 4660 2806 4716 neque
2835 4642 3019 4696 oculus
3049 4638 3220 4700 vidit,
3243 4651 3337 4690 nec
3364 4635 3511 4688 auris
3542 4649 3644 4686 au-

2062 4745 2216 4810 divit,
2249 4757 2342 4796 nec
2369 4741 2424 4794 in
2445 4754 2536 4792 cor
2575 4734 2801 4790 hominis
2828 4731 3173 4785 ascenderunt
3199 4725 3268 4781 “.
3309 4723 3458 4778 Loco
3479 4721 3645 4777 nudi-

2062 4836 2216 4897 tatis,
2273 4830 2413 4887 stola
2462 4828 2604 4883 lucis
2659 4823 2842 4879 amicti
2870 4821 3027 4877 estis.
3069 4818 3216 4873 Loco
3268 4815 3646 4872 membrorum

2061 4927 2417 4995 disjectorum
2452 4921 2720 4989 integram
2751 4913 3237 4984 illamsprimaavam
3272 4906 3643 4962 baereditatem

2064 5016 2245 5086 adepti
2282 5013 2439 5069 estis.
2469 5009 2617 5065 Loco
2641 5006 2800 5063 eiusi
2847 5002 3154 5073 sanguinis,
3196 4999 3374 5054 fontes
3401 4996 3647 5052 curatio-

2059 5125 2191 5168 num
2225 5106 2476 5162 l'unditis.
2522 5100 2737 5158 Gaudet
2788 5107 2933 5153 terra
2981 5094 3180 5150 vestris
3219 5089 3644 5146 certaminibus.

2058 5199 2300 5255 Laetatur
2317 5195 2540 5255 caelum.
2570 5205 2695 5246 cum
2732 5183 3050 5257 huiusmodi
3095 5179 3402 5235 victoribus
3439 5190 3646 5232 corona

2058 5288 2332 5346 redimitis
2359 5283 2620 5340 ambitur.
2651 5280 2789 5333 Cum
2820 5275 3032 5347 angelis
3054 5270 3374 5334 exsultatis,
3396 5273 3451 5323 et
3481 5282 3510 5320 a
3541 5280 3645 5320 no-

2062 5383 2151 5438 bis
2175 5394 2283 5435 non
2319 5374 2675 5449 separamini.
2706 5371 2812 5438 Qui
2838 5364 3231 5424 tentationibus
3254 5359 3428 5431 pressi
3452 5358 3521 5414 ad
3549 5371 3648 5412 vos

2070 5469 2413 5542 confugiunt,
2467 5475 2719 5537 paratum
2772 5459 3078 5523 remedium
3151 5454 3460 5510 inveniunt.
3543 5450 3649 5516 Qui

386 5542 541 5641 ήμῶν
583 5570 646 5622 οὐ
701 5542 1023 5639 γωρίζεσθε.
1051 5566 1117 5620 Oi
1157 5565 1215 5619 ἐν
1267 5542 1778 5637 πειρασμοῖςπρὸς
1821 5563 1949 5634 ὑμᾶς

2072 5562 2492 5638 tranquillitatis
2549 5571 2796 5631 tempore
2843 5555 2899 5612 in
2936 5553 3096 5611 vobis
3147 5549 3420 5608 anchoras
3455 5542 3650 5616 ﬁgunt,

498 5751 540 5783 "
571 5748 677 5806 lsa.
718 5761 866 5812 thv,
901 5745 972 5813 4;
1009 5742 1180 5800 lCor.
1210 5758 1271 5809 ll,
1307 5742 1360 5801 8.
