4108 6306
397 360 498 434 191
1541 385 1543 387 ι
1637 354 1913 416 LEONIS
1943 350 2407 413 PHILOSOPHI
3568 348 3680 409 192

388 476 634 552 jucunde
653 477 715 532 in
741 476 864 532 vitte
897 474 1062 544 hujus
1085 471 1207 528 solo
1243 471 1579 526 consistunt.
1610 468 1715 535 Qui
1750 468 1805 523 in
1836 467 1981 522 bello

2099 465 2546 535 ιαταφεύγοντες,
2585 462 2812 533 ἑτοίμην
2853 461 2953 533 τὴν
2989 460 3145 515 λύσιν
3197 459 3575 534 εὑρίσκουσιν.
3614 466 3683 517 Ol

391 586 494 629 vos
519 582 620 641 pro
644 558 1071 638 propugnaculis
1103 562 1329 627 habent,
1368 561 1409 616 ii
1436 570 1768 628 servantur;
1792 559 1889 629 qui
1927 559 1984 613 in

2099 564 2143 611 iv
2180 556 2422 628 εὐθυμία
2447 556 2576 628 ὑμῖν
2604 556 2704 619 τὰς
2740 553 2995 623 ἀγκύρας
3024 554 3303 626 ῥίψαντες,
3353 553 3556 625 ἱλαρῶς
3583 552 3681 609 τὸν

392 678 552 736 pace,
586 659 665 715 illi
691 668 874 714 vestro
906 656 1163 725 praesidio
1204 654 1367 719 bona,
1417 667 1541 723 quae
1573 666 1853 721 nunquam
1881 650 1985 704 im-

382 756 742 814 minuuntur,
773 750 1110 819 percipiunt.
1142 745 1481 801 Multitudini
1513 745 1821 798 libertatem
1848 758 1983 811 snp-

395 844 686 918 peditatis;
723 857 849 897 nam
873 855 970 895 eos
1003 838 1098 909 qui
1125 838 1228 893 sub
1262 838 1471 907 peccati
1495 836 1630 907 jugo
1658 833 1860 905 captivi
1900 843 1983 887 te-

395 946 620 1003 nentur,
658 933 931 997 liberatis,
988 931 1192 987 erectis
1246 928 1361 1000 jam
1396 929 1528 983 olim
1573 936 1630 984 et
1682 928 1983 982 etiamnum

393 1029 638 1099 tropaeis,
700 1034 754 1081 et
791 1024 1111 1095 passionum
1159 1022 1476 1089 caliginem,
1527 1027 1654 1075 ortu
1702 1018 1847 1083 diei,
1877 1032 1987 1088 quo

398 1120 659 1176 memoria
698 1108 867 1173 vestri
916 1117 1200 1180 recolitur,
1238 1104 1553 1182 dispellitis.
1591 1109 1852 1165 Ecclesiae
1881 1126 1988 1164 un-

397 1222 660 1284 guentum
681 1210 837 1273 estis,
862 1209 1022 1277 longe
1046 1205 1407 1276 fragrantius,
1426 1218 1588 1274 quam
1611 1201 1749 1272 quod
1775 1200 1990 1255 descen-

393 1307 478 1359 dit
503 1306 557 1358 in
582 1303 801 1356 barbam
831 1299 1013 1354 Aaron
1044 1308 1093 1353 et
1120 1315 1270 1353 oram
1303 1294 1597 1350 vestimenti
1622 1295 1685 1347 ‘°.
1721 1291 1990 1347 Sacerdo-

401 1397 549 1451 tibus
570 1394 708 1449 estis
742 1401 1129 1447 ornamentum
1155 1390 1330 1455 stolae,
1365 1388 1590 1459 regibus
1638 1400 1844 1440 corona
1872 1388 1990 1454 glo-

400 1490 514 1551 rite,
548 1487 645 1540 toti
682 1494 956 1540 terrarum
980 1482 1102 1555 orbi
1133 1493 1567 1535 conservatores.
1621 1476 1729 1531 Per
1756 1492 1852 1531 vos
1883 1475 1989 1528 mi-

395 1582 472 1637 sit
506 1580 665 1635 Pater
692 1578 952 1633 dilectum
995 1576 1221 1640 Filium,
1282 1572 1376 1644 qui
1412 1572 1735 1643 praeclarum
1770 1569 1903 1625 illud
1938 1580 1991 1625 et

394 1671 742 1730 salutiferum
780 1680 1042 1739 tropaeum
1092 1668 1306 1731 statuit,
1338 1674 1786 1733 creaturamque,
1818 1677 1983 1732 quam

2086 650 2200 721 βίον
2248 648 2705 704 ἀποσαλεύουσιν.
2745 651 2808 702 Ol
2849 649 2908 701 ἐν
2961 648 3223 718 πολέμοις
3271 647 3417 718 ὑμᾶς
3459 648 3685 718 ἔχοντες

2086 740 2355 810 πύργους,
2384 740 2762 805 διασώζονται.
2791 741 2855 792 Οἱ
2879 742 2935 793 ἐν
2962 741 3178 811 εἰρήνῃ.
3208 740 3331 803 ταῖς
3360 738 3518 811 ὑμῶν
3559 742 3685 792 ἐπι-

2089 834 2338 896 στασίαις
2366 832 2616 904 ἀμείωτα
2640 832 2884 903 τρυγῶσι
2914 833 2981 886 τὰ
3006 832 3207 900 ἀγαθά.
3236 831 3391 902 Ἔχει
3411 832 3480 886 τὰ
3497 831 3681 904 πλήθη

2088 926 2359 997 χορηγοὺς
2386 919 2695 993 ἐλευθερίας
2732 926 2897 995 ὑμᾶς.
2924 925 3065 987 Τοὺς
3088 924 3198 996 γὰρ
3225 925 3333 978 ὑπὸ
3360 924 3462 994 τῆς
3483 925 3674 995 ἁμαρ-

2086 1016 2210 1079 τίας
2235 1015 2615 1089 ’διωκομένους
2661 1014 2742 1067 ἔτι
2795 1015 2889 1067 καὶ
2937 1013 3032 1068 νῦν
3070 1014 3378 1084 ἐγείροντες
3416 1004 3677 1083 τρόπαια,

2087 1108 2189 1177 τῆς
2223 1106 2605 1178 αἰχμαλωσίας
2657 1105 3054 1177 ἀπολυτροῦτε,
3089 1106 3185 1159 καὶ
3234 1105 3345 1159 τῶν
3388 1107 3578 1160 παθῶν
3617 1108 3683 1159 τ’)

2092 1198 2305 1262 σκότος,
2345 1201 2469 1261 ταῖς
2515 1197 2805 1263 ἀνατολαῖς
2842 1198 2952 1252 τῶν
2983 1198 3142 1269 ὑμῶν
3196 1197 3358 1270 ίερῶν
3402 1198 3682 1270 μνημοσύ-
3778 1264 3781 1265 ν

2097 1306 2205 1344 νων
2252 1287 2656 1356 διασκεδάζετε.
2691 1292 2915 1361 Ἔχουσι
2955 1290 3130 1363 μύρον
3160 1292 3308 1361 ὑμᾶς
3350 1292 3407 1344 αί
3446 1292 3680 1363 Ἐκκλη-

2094 1382 2229 1448 σίαι,
2277 1381 2372 1435 τοῦ
2419 1383 2521 1436 ἐπὶ
2554 1380 2665 1436 τὸν
2697 1381 2973 1450 πώγωνα,
3012 1382 3111 1437 καί
3160 1382 3278 1452 τὴν
3303 1380 3429 1438 (bar
3464 1384 3686 1453 Ἀαρὼν

2092 1472 2564 1537 καταϐαίνοντος
2593 1470 2976 1543 εὐωδέστερον,
3022 1458 3219 1541 στολῆς
3263 1472 3685 1544 εὐπρέπειαν.οί

2094 1563 2282 1633 ἱερεῖς,
2337 1563 2576 1634 διάδημα
2614 1562 2773 1635 δόξης
2811 1565 2861 1616 oi
2907 1563 3168 1634 βασιλεῖς,
3227 1565 3380 1618 πᾶσα
3432 1566 3466 1636 ἠ
3495 1567 3684 1618 οἰκου-

2096 1655 2230 1724 μένη
2267 1654 2548 1727 σωτῆρας.
2589 1654 2668 1708 Δι’
2695 1656 2851 1725 ὑμῶν
2878 1656 2987 1726 γὰρ
3030 1656 3417 1723 ἐξαπέστειλεν
3460 1658 3688 1728 ἀγαπη-

406 1762 698 1836 tyrannide
732 1778 831 1818 sua
867 1760 1213 1831 opprimebat
1238 1759 1473 1824 daemon,
1519 1757 1695 1827 ejecto
1730 1756 1993 1810 adversa-

2099 1745 2191 1799 τὸν
2223 1745 2411 1799 rem
2466 1747 2682 1815 Πατὴρ,
2713 1746 2775 1800 τὸ
2832 1745 2975 1816 μέγα
3024 1747 3120 1800 καὶ
3171 1746 3441 1818 σωτήριον
3491 1748 3687 1820 ἤγειρε

398 1857 507 1920 rio,
539 1869 738 1911 rursus
770 1852 1010 1922 subjecit
1043 1851 1156 1905 Deo
1186 1859 1243 1905 ct
1290 1848 1439 1904 Patri
1490 1851 1583 1918 qui
1616 1854 1838 1918 prepter
1870 1845 1988 1901 exi-

398 1950 566 2005 miam
595 1946 1027 2010 confessionem,
1060 1960 1169 2015 qua
1206 1958 1331 1998 eum
1366 1940 1594 2011 confessi
1627 1941 1753 1994 estis
1805 1954 1987 1992 coram

398 2040 697 2095 nominibus
723 2039 787 2104 ",
820 2038 875 2092 in
926 2047 1227 2106 conspectu
1266 2032 1449 2089 Patris
1501 2044 1791 2088 consortes
1838 2032 1991 2103 regni

398 2148 501 2187 vos
558 2130 849 2195 conﬁtens,
914 2144 1120 2183 cornua
1181 2126 1372 2197 glorize
1445 2126 1799 2189 condecorat,
1860 2125 1989 2194 quia

398 2226 550 2281 illius
568 2222 657 2279 est
690 2239 922 2295 regnum
953 2231 1007 2277 et
1032 2220 1205 2292 gloria
1231 2221 1285 2274 in
1316 2219 1543 2275 saecula.
1578 2218 1776 2270 Amen.

979 2554 1241 2615 ORATIO
1280 2554 1422 2610 xw.
1470 2622 1475 2625 _

406 2676 602 2735 Oratio
630 2674 684 2729 in
708 2672 1111 2727 decoltationem
1132 2669 1308 2725 sancti
1350 2678 1401 2723 et
1456 2666 1678 2738 ρίονίοεὶ
1727 2666 1993 2738 propheta:

650 2754 701 2800 et
737 2744 1093 2798 Prwcursoris
1112 2752 1165 2796 et
1191 2736 1727 2809 Baptism-Joannis.

2098 1838 2381 1908 τρόπαιον,
2439 1838 2535 1891 καὶ
2567 1834 2637 1911 ἧς
2663 1838 2944 1909 ἐτυράννει
2998 1841 3233 1903 κτίσεως
3272 1840 3362 1893 τὸν
3410 1839 3689 1911 ἀλάστορα

2098 1928 2365 1994 καθελὼν,
2403 1928 2583 1991 καλῶς
2609 1930 2781 2000 αὐτὴν
2829 1930 2991 1983 πάλιν
3019 1929 3256 1995 ὑπέταξε
3303 1929 3381 2001 τῷ
3415 1929 3558 2001 Θεῷ,
3589 1933 3691 1985 καὶ⁹

2100 2022 2299 2093 Πατρὶ,
2350 2022 2411 2085 ὃς
2444 2022 2565 2077 ἀντὶ
2594 2025 2693 2094 τῆς
2741 2023 2916 2093 καλῆς
2968 2023 3264 2092 ὁμολογίας
3310 2024 3377 2096 ἦν
3425 2022 3692 2077 ἐνώπιον

2098 2116 2426 2183 ἀνθρώπων
2445 2115 2894 2185 ὡμολογήσατε,
2923 2117 3155 2171 ἐνώπιον
3183 2117 3280 2172 τοῦ
3326 2116 3541 2188 Πατρός
3565 2135 3690 2171 κοι-

2099 2206 2301 2267 νωνοὺς
2354 2206 2454 2273 τῆς
2506 2204 2787 2274 βασιλείας
2818 2207 3119 2276 ὁμολογῶν,
3164 2207 3244 2279 τῷ
3284 2208 3533 2278 στεφάνῳ
3586 2208 3689 2277 τῆς

2093 2290 2251 2361 δόξης
2281 2296 2644 2363 κατακοσμεῖ,
2696 2296 2777 2347 ὅτι
2810 2296 2975 2349 αὐτοῦ
3027 2298 3175 2351 ἐστιν
3212 2299 3248 2369 ἡ
3293 2296 3559 2368 βασιλεία,
3591 2297 3694 2348 καὶ

2094 2388 2129 2456 ὴ
2159 2386 2286 2452 δόξα
2316 2386 2397 2450 είς
2426 2387 2551 2451 τοὺς
2580 2386 2807 2451 αἰῶνας.
2850 2385 3048 2460 Ἀμήν.

2696 2551 2915 2605 ΛΟΓΟΣ
2965 2551 3085 2620 ις’.

2107 2664 2218 2718 Τοῦ
2242 2664 2429 2735 αὐτοῦ
2472 2664 2708 2734 Ὀμινΐία
2749 2666 2838 2731 είς
2867 2664 2985 2734 τὴν
3025 2665 3343 2734 ἀποτομὴν
3372 2664 3483 2731 τῆς
3517 2664 3701 2735 ἁγίας·

2173 2736 2272 2788 καὶ
2299 2734 2461 2803 ἱερᾶς
2494 2735 2767 2805 κεφαλῆς
2795 2735 2903 2790 τοῦ
2935 2736 3109 2804 ἁγίου
3134 2736 3233 2789 καὶ
3254 2734 3509 2800 ἐνδόξου
3543 2734 3697 2802 προ-

2166 2805 2382 2873 φήτου,
2415 2809 2764 2877 Προδρόμου
2792 2807 2892 2863 καί
2923 2805 3268 2859 Βαπτιστοῦ
3318 2806 3620 2861 Ἰωάννου.

1629 2940 1962 3008 (Causam,
2006 2950 2048 2996 t.
2076 2940 2194 3009 XV,
2231 2957 2286 3013 p.
2319 2941 2470 3014 522.)

478 3064 616 3133 Quis
658 3062 812 3119 dabit
863 3070 921 3115 ut
950 3061 1225 3132 propheta:
1280 3059 1487 3130 forcipe
1529 3075 1592 3116 os
1628 3074 1811 3115 meum
1847 3059 1985 3113 bene

2157 3057 2252 3120 Τίς
2286 3056 2448 3112 δώσει
2484 3055 2660 3110 λαϐίδι
2691 3058 3005 3128 προφητικῇ
3030 3055 3594 3127 διευστομῶσθαι,καὶ
3616 3060 3699 3130 τῷ

405 3156 808 3218 conformetur,
837 3142 894 3207 et
920 3152 1161 3207 carbone
1191 3152 1283 3205 illo
1336 3152 1480 3207 labia
1512 3167 1632 3207 mea
1662 3166 1986 3222 expurgen-

408 3258 501 3302 tur
538 3246 621 3301 ¹⁸ἳ
665 3245 739 3300 lis
775 3244 922 3300 enim
980 3260 1128 3298 nunc
1177 3259 1317 3313 opus
1359 3244 1593 3299 maxime
1622 3244 1817 3309 habeo,
1865 3259 1989 3298 cum

406 3355 536 3397 eum
565 3339 815 3393 oratione
844 3334 1230 3406 depranliccm,
1286 3351 1449 3406 quem
1503 3335 1648 3391 inter
1700 3336 1994 3407 prophetas

411 3433 652 3488 maxime
681 3444 922 3485 sonoros
976 3438 1030 3482 et
1082 3428 1478 3498 grandiloquus
1505 3428 1815 3499 prmcinuit.
1859 3426 1996 3494 Quis

410 3522 563 3577 velut
586 3536 750 3591 supra
780 3527 1021 3574 montem
1054 3518 1446 3587 cogitationum
1477 3520 1817 3574 sublimitate
1862 3519 1996 3575 sub—

414 3614 574 3668 vehet
639 3626 786 3674 eum,
843 3612 936 3679 qui
982 3624 1172 3663 vocem
1206 3607 1369 3664 Verbi
1420 3610 1705 3665 dilaudare
1736 3611 1997 3677 instituit,

413 3714 835 3773 praeconcmque
863 3698 1042 3769 regis?
1068 3698 1235 3754 Adest
1256 3699 1407 3753 enim
1454 3702 1755 3754 etiamnum
1805 3715 1998 3771 magna

414 3790 508 3846 illa
537 3788 872 3861 poenitentiae
897 3787 1051 3853 tuba,
1094 3788 1279 3842 divina
1311 3789 1522 3845 monita
1576 3790 1858 3853 intonans,
1890 3806 1999 3845 non

410 3884 524 3955 jam
552 3899 620 3938 ex
650 3881 821 3938 eremi
857 3881 1173 3952 regionibus
1198 3918 1213 3943 ,
1257 3882 1353 3935 sed
1400 3896 1465 3937 ex
1502 3879 1764 3938 ﬂoriferis
1808 3883 2002 3937 Eccle-

413 3975 513 4033 sia:
534 3974 771 4030 vallibus
799 3970 1123 4045 procedens.
1151 3971 1341 4036 Adest,
1376 3973 1729 4043 minaturque
1762 3974 1999 4029 securim

415 4066 780 4123 infructuosis
828 4074 885 4121 et
910 4064 1187 4120 excidium
1217 4067 1285 4132 ι’,
1333 4074 1390 4121 et
1439 4066 1721 4137 palearum
1760 4068 1830 4121 ab
1879 4069 2004 4138 igne

413 4158 785 4222 orbationem,
818 4156 1194 4226 frumentique
1235 4156 1289 4212 in
1331 4158 1515 4212 divina
1566 4159 1762 4214 horrea
1794 4159 2003 4229 impor—

416 4250 684 4304 tationem
740 4248 1055 4302 annuntiat.
1089 4246 1203 4303 Nec
1242 4264 1348 4303 una
1378 4257 1650 4304 terrarum
1677 4260 1833 4321 parte
1866 4268 2001 4306 cou-

415 4340 684 4409 spicitur;
721 4338 815 4394 sed
854 4354 961 4408 qua
986 4338 1229 4395 mundus
1269 4347 1438 4411 patet,
1470 4342 1717 4395 cernitur
1743 4344 2001 4398 omnibus

416 4432 550 4497 illis,
568 4431 663 4499 qui
692 4432 885 4487 oculos
917 4431 1019 4485 hoc
1044 4431 1359 4501 spectaculo
1388 4433 1583 4503 dignos
1606 4434 1827 4500 habent,
1864 4437 2002 4493 lucis

417 4520 640 4576 lucerna
674 4519 862 4576 radios
897 4521 1096 4576 salutis
1123 4522 1403 4578 emittens.
1463 4520 1999 4581 Funditretiatnnum

419 4611 606 4681 lingua
646 4611 815 4676 illius,
850 4611 1027 4668 instar
1048 4612 1170 4683 puri
1196 4610 1362 4669 l‘outis
1399 4613 1663 4670 doctrinae
1698 4614 1902 4671 ﬂuenta
1929 4618 2000 4674 “.

417 4701 572 4757 Licet
594 4701 739 4756 enim
768 4701 880 4771 jam
915 4701 1047 4757 olim
1087 4710 1380 4774 tyrannus,
1403 4707 1489 4759 vel
1528 4706 1711 4774 potius
1741 4707 2000 4765 adulterii

417 4793 756 4864 mancipium
791 4801 956 4863 caput
992 4793 1113 4863 ejus
1143 4803 1434 4866 amputare
1462 4812 1573 4852 non
1606 4799 1883 4855 horruerit
1911 4802 1995 4871 “;

413 4892 476 4940 at
516 4899 622 4939 una
679 4900 791 4940 non
843 4884 1079 4941 abscidit
1120 4888 1469 4957 eloquentem
1524 4889 1675 4945 illam
1727 4891 1993 4962 linguam.

415 4974 699 5030 Abstinuit
732 4974 949 5046 gladius
1003 4976 1075 5030 ab
1126 4977 1488 5046 abscissione,
1551 4996 1677 5035 cum
1713 4981 1997 5039 incidisset

416 5068 659 5137 linguam
693 5067 844 5122 omni
876 5068 1122 5125 sectione
1155 5072 1660 5139 penetrabiliorem.
1710 5074 1996 5142 Quomodo

416 5157 564 5212 enim
597 5156 714 5212 ﬁeri
740 5166 953 5228 poterat
975 5166 1043 5221 ut
1064 5159 1272 5230 lingua,
1304 5176 1427 5231 quae
1459 5173 1668 5220 natura:
1689 5169 1995 5221 necessita-

418 5256 526 5303 tem
557 5256 867 5318 superarat,
887 5258 1243 5318 superaretur
1257 5252 1325 5306 ab
1345 5253 1455 5308 ictu
1481 5255 1684 5325 gladii?
1708 5256 1998 5323 Quomodo

415 5352 517 5408 par
545 5345 685 5403 erat,
712 5346 770 5392 ut
806 5339 853 5393 is
888 5341 982 5409 qni
1012 5346 1265 5396 materno
1287 5343 1469 5401 adhuc
1516 5356 1674 5401 utero
1696 5349 1995 5403 conclusus

415 5443 481 5483 os
506 5428 563 5482 in
587 5428 754 5483 verba
786 5428 1141 5497 formarent,
1175 5435 1362 5489 carnis
1386 5434 1502 5505 jam
1550 5439 1784 5495 nexibus
1830 5456 1993 5497 exso-

418 5520 591 5587 lutus,
632 5533 665 5575 a
718 5522 975 5592 loquendi
1044 5522 1303 5582 facultate
1347 5528 1776 5599 prohiberetur?
1827 5534 1997 5602 Igitur

415 5610 605 5683 lingua
654 5627 772 5669 non
832 5622 918 5671 est
947 5623 1191 5684 exsecta,
1223 5633 1326 5676 nec
1358 5636 1465 5677 vox
1497 5638 1815 5696 compressa
1848 5644 1861 5681 :
1897 5628 1994 5685 sed

2100 3147 2368 3219 άνθαρακι
2385 3148 2451 3202 τὰ
2481 3147 2633 3219 χείλη
2665 3147 3086 3219 .ταθῃρᾶσθαι[[.
3107 3148 3694 3222 κεκαθᾶρθαι];Ἐκεί-

2094 3254 2202 3304 νων
2231 3238 2339 3307 γάρ
2366 3256 2456 3308 μοι
2488 3239 2556 3292 τὰ
2587 3238 2681 3293 νῦν
2708 3238 2943 3310 μάλιστα
2973 3238 3055 3293 δεῖ
3068 3238 3146 3309 τῷ
3168 3237 3311 3307 λόγῳ
3324 3240 3693 3312 περιηχοῦντι,

2095 3330 2155 3384 δν
2175 3332 2204 3384 ὁ
2232 3332 2745 3401 μεγαλοφωνότατος
2767 3332 3144 3403 τροανήχησεν
3170 3333 3228 3387 ἐν
3249 3334 3580 3404 προφήταις.
3599 3333 3698 3397 Τίς

2097 3418 2212 3476 οἷον
2246 3422 2334 3476 ἐπ’
2369 3423 2527 3493 ὅρους
2552 3422 2732 3493 ὑψηλῇ
2756 3423 2965 3495 διανοίᾳ
2992 3422 3339 3482 ἀναδιδάσει.
3364 3424 3705 3495 ὡρμημένον

2104 3513 2404 3584 κηρύσσειν
2444 3515 2543 3584 τὴν
2574 3516 2758 3587 φωνὴν
2790 3515 2885 3569 τοῦ
2922 3516 3122 3584 Λόγου,
3164 3516 3259 3569 τοῦ
3292 3518 3569 3580 Βασιλέως
3606 3516 3706 3571 τὸν

2103 3606 2362 3677 κήρυκα;
2392 3608 2631 3677 Πάρεστι
2666 3608 2775 3679 γὰρ
2815 3608 2910 3662 καὶ
2956 3607 3051 3662 νῦν
3081 3611 3115 3678 ὴ
3156 3610 3367 3679 μεγάλη
3395 3612 3496 3679 τῆς
3529 3628 3698 3680 μετα-

2103 3696 2254 3758 νοίας
2291 3698 2548 3765 σάλπιγξ,
2578 3698 2648 3751 τὰ
2695 3698 2816 3752 θεῖα
2846 3698 3185 3762 σαλπίζουσα
3234 3700 3700 3770 παραγγέλματα,

2101 3790 2203 3843 οὐκ
2243 3790 2529 3861 ἐρημικῶν
2569 3792 2910 3861 προΐσχουσα
2945 3791 3184 3862 χωρίων,
3223 3792 3358 3846 ἀλλὰ
3381 3794 3491 3845 τῶν
3526 3794 3698 3862 ἀνθησ-

2105 3883 2288 3952 φόρων
2315 3884 2415 3953 τῆς
2454 3882 2785 3954 Ἐκκλησίας
2828 3884 3114 3939 κοιλάδων.
3146 3885 3418 3956 Πάρεστιν
3454 3885 3698 3941 ἀπειλῶν

2102 3974 2204 4044 τὴν
2241 3973 2455 4044 ἀξίνην,
2501 3974 2596 4028 καὶ
2627 3974 2727 4045 τὴν
2752 3975 2927 4046 τομὴν
2951 3978 3065 4040 τοῖς
3110 3976 3407 4047 ἀκάρποις,
3452 3978 3547 4031 καὶ
3592 3977 3699 4048 τὴν

2106 4066 2212 4118 ὑπὸ
2237 4066 2330 4119 τοῦ
2350 4065 2533 4136 ,πυρὸς
2551 4064 2645 4118 τοῦ
2683 4065 2887 4137 άχύρου
2924 4066 3143 4134 καῦσιν,
3176 4068 3272 4120 καί⁵
3299 4069 3400 4139 τὴν
3418 4068 3515 4122 τοῦ
3545 4069 3697 4123 σίτου

2106 4158 2188 4220 είς
2218 4155 2288 4210 τὰ
2315 4156 2434 4210 θεῖα
2467 4158 2696 4226 ταμιεῖα
2731 4159 3093 4227 καταγγέλλει
3137 4159 3419 4215 ἀπόθεσιν.
3470 4162 3698 4233 Ὀρᾶται

2106 4249 2206 4320 οὐχ
2238 4249 2320 4303 ἐνὶ
2357 4250 2516 4320 μέρει
2544 4253 2644 4321 τῆς
2671 4252 2795 4322 γῆς,
2820 4251 2937 4306 ἀλλ’
2969 4254 3076 4307 ἀνὰ
3107 4254 3287 4307 πᾶσαν
3308 4253 3409 4325 τὴν
3436 4254 3696 4325 οἰκουμέ-

2108 4361 2228 4415 νην,
2262 4338 2345 4409 οἷς
2389 4342 2512 4415 ὄψις
2541 4344 2637 4398 τοῦ
2687 4345 2934 4400 τοιούτου
2982 4346 3279 4417 θεάματος,
3324 4349 3419 4402 τοῦ
3462 4349 3640 4418 φωτὸς
3665 4352 3697 4402 ό

2105 4435 2322 4506 λύχνος,
2359 4436 2463 4506 τῆς
2498 4438 2772 4509 σωτηρίας
2803 4440 3147 4509 προπέμπων
3173 4440 3274 4505 τὰς
3318 4438 3694 4513 λαμπηδόνας.

2107 4530 2400 4600 Προχεῖται
2429 4531 2525 4583 καὶ
2547 4530 2644 4584 νῦν
2686 4533 2786 4600 τῆς
2814 4530 3024 4585 ἐκείνου
3070 4531 3321 4603 γλώσσης
3360 4532 3550 4604 ὥσπερ
3585 4550 3695 4604 πη-

2104 4621 2208 4689 γῆς
2256 4619 2506 4690 καθαρᾶς
2543 4620 2641 4691 τῆς
2685 4620 3038 4685 διδασκαλίας
3094 4623 3164 4677 τά
3196 4624 3435 4694 νάματα.
3480 4625 3545 4679 Ei
3584 4626 3695 4695 γὰρ

2103 4713 2200 4765 καὶ
2227 4712 2328 4782 τὴν
2375 4713 2619 4784 κεφαλὴν
2652 4712 2821 4766 πάλαι
2853 4714 3140 4786 τύραννος,
3191 4716 3393 4787 μᾶλλον
3428 4716 3484 4770 δὲ
3519 4734 3695 4787 μοιχι-

2102 4790 2201 4857 κοῦ
2232 4802 2419 4867 δοῦλος
2444 4804 2633 4872 ἄγους,
2657 4806 2910 4874 ἐκτεμεῖν
2957 4805 3266 4875 ἐφρυάξατο
3288 4847 3303 4871 ,
3333 4806 3451 4861 ἀλλ’
3473 4808 3533 4861 οὐ
3565 4824 3693 4861 συν-

2108 4895 2353 4964 απέτεμε
2388 4880 2486 4965 τὴν
2519 4894 2749 4949 εῠλαλον
2772 4896 3044 4963 γλῶσσαν.
3092 4899 3367 4972 Ἐστράφη
3397 4900 3496 4972 τὴν
3520 4900 3694 4974 τομὴν

2105 4985 2166 5039 τὸ
2198 4984 2369 5055 ξίφος,
2397 4985 2629 5056 ὀξυτέρα
2654 4987 3025 5057 περιτυχοῦσα
3066 4992 3205 5059 τομῇ
3230 4990 3329 5059 τῆς
3358 4991 3454 5044 τοῦ
3487 4992 3693 5045 Βαπτιο

2106 5076 2233 5130 στοῦ
2264 5076 2536 5147 γλώσσης.
2570 5078 2682 5132 Ποῦ
2707 5080 2815 5149 γάρ
2862 5074 2932 5151 ἦν
2970 5068 3192 5149 θεμιτὸν
3222 5081 3548 5152 διατεμόντα
3588 5088 3694 5139 πᾶ-

2106 5184 2207 5222 σαν
2258 5170 2507 5240 ἀνάγκην
2546 5171 2647 5242 τῆς
2706 5172 2943 5241 φύσεως,
2999 5173 3149 5243 ἥττω
3195 5174 3445 5242 γενέσθαι
3506 5174 3693 5245 ξίφους

2102 5261 2313 5331 τομῆς;
2347 5261 2457 5314 Ποῦ
2478 5262 2535 5316 δὲ
2562 5263 2711 5326 εἰκὸς
2739 5264 2831 5315 τὸν
2864 5265 2923 5316 ἐν
2952 5264 3287 5335 σπαργάνοις
3310 5265 3502 5333 νηδύος
3525 5268 3693 5334 φθεγ-

2102 5353 2353 5422 γόμενον,
2404 5353 2594 5408 τοῦτον
2639 5355 2869 5408 λυθέντα
2913 5355 3021 5409 τῶν
3073 5357 3349 5424 σαρκίνων
3404 5358 3691 5429 δεσμάτων

2102 5444 2420 5519 [ἁμμάτων]
2472 5448 2571 5519 τὴν
2647 5449 2891 5519 φθογγὴν
2948 5449 3296 5519 κωλυθῆναι;
3336 5450 3547 5504 Οὐκοῦν
3588 5454 3691 5505 οὐκ

2102 5536 2316 5608 ἐτμήθη
2353 5539 2388 5609 ἡ
2436 5536 2679 5607 γλῶσσα,
2708 5540 2819 5593 οὐδ’
2848 5541 2883 5610 ἡ
2928 5542 3080 5612 φωνὴ
3118 5542 3411 5612 ἐπεσχέθη,
3458 5541 3574 5597 ἀλλ’
3607 5542 3689 5596 ἐτι

2102 5629 2201 5681 καὶ
2260 5627 2357 5684 νῦν
2410 5627 2509 5701 τὴν
2552 5629 2797 5701 Ἡρώδου
2857 5630 3108 5702 μοιχείαν
3154 5632 3324 5688 λαλεῖ.
3385 5632 3526 5687 Ἀλλ’
3574 5632 3689 5689 ἄνω

490 5789 690 5851 “Psal.
722 5808 932 5866 cxxxu,
954 5796 1008 5856 2.
1045 5798 1085 5833 ι’
1116 5796 1311 5858 Matth.
1338 5817 1389 5871 ι,
1412 5803 1501 5859 52.
1538 5805 1583 5839 ’⁸
1606 5802 1712 5863 lsa.
1734 5822 1808 5874 γι,
1830 5805 1885 5866 6.
1924 5806 1967 5841 "
1993 5807 2185 5867 Matth.
2215 5809 2741 5881 ut,10;Luc.tn,9.
2772 5813 2820 5847 ⁸ο
2842 5811 3179 5883 Joan.v,'55.
3212 5815 3257 5849 ἰ
3288 5816 3467 5871 Marc.
3492 5814 3674 5879 H.225.
