4086 6298
216 316 303 378 103

681 306 966 372 ORATIO
1007 313 1159 372 XVI.
1208 313 1363 372 -ΙΝ
1408 309 2055 372 DECOLLATIONEM
2081 310 2137 368 S.
2179 308 2505 370 JOANNIS
2545 306 2948 369 BAPTISTAE.

3385 302 3492 365 194

213 432 330 503 πρὸς
357 428 444 488 τὰς
481 425 647 480 αὐτοῦ
683 425 846 494 γονὰς
878 426 1044 478 ἀνιὼν
1079 428 1106 479 6
1144 427 1322 494 λόγος,
1356 426 1478 478 ὅλον
1527 428 1660 496 ἡμῖν
1688 428 1780 477 τὸν

1901 422 2050 477 mdie
2076 423 2244 476 etiam
2279 421 2516 476 Herodis
2549 419 2878 474 adulterium
2931 418 3132 487 arguit.
3157 418 3228 471 At
3271 433 3496 474 revoce-

212 524 395 578 ἐκείνου
429 519 537 587 βίον
564 519 976 586 ἀπαγγειλάτω,
1012 519 1110 572 καὶ
1151 519 1248 585 ὅλη
1279 520 1376 587 τῆς
1408 519 1620 570 ἐκείνου
1655 517 1784 587 βιώ-

215 635 337 680 σεως
378 614 592 677 εὐωδία,
643 614 742 682 τὴν
787 613 1012 683 λογικὴν
1057 612 1310 682 αἴσθησιν
1365 612 1779 680 κατατερπέτω.

212 710 437 766 Μάλιστα
469 707 568 776 μὲν
601 706 712 776 γὰρ
754 706 896 774 μέγα
925 704 1115 774 κέρδος
1150 703 1211 755 τὸ
1256 703 1352 755 καὶ
1396 704 1596 773 μέρους
1639 701 1784 764 τινὸς

212 802 294 857 τοῦ
324 799 523 854 ἐκείνου
559 799 675 868 βίου
708 798 890 851 λαλεῖν
934 797 996 848 τὸ
1023 797 1301 866 ὠφέλιμον
1327 813 1340 827 ⁸
1378 798 1608 866 ἄπειρον
1637 795 1694 848 δέ
1731 813 1783 846 τι

210 896 265 947 τὸ
291 893 574 961 σύμπασαν
624 890 724 962 τὴν
760 888 971 941 ἐκείνου
1018 888 1243 940 ἐπιόντα
1293 885 1463 958 ζωὴν,
1503 884 1784 952 συλλέγειν

211 988 273 1040 τὰ
307 983 497 1053 ἀγαθά.

279 1247 405 1319 Ἤδη
460 1248 562 1318 μὲν
616 1235 710 1304 οὗν
767 1249 882 1312 τοῖς
932 1246 1144 1314 δούλοις
1183 1250 1210 1303 6
1237 1249 1496 1320 βασιλεὺς
1537 1252 1595 1301 ἐν
1622 1248 1788 1318 ὁμοίᾳ

215 1345 380 1414 μορφῇ
439 1342 802 1414 προσομιλεῖν
845 1342 1148 1412 ἐκεκρίκει,
1207 1343 1306 1395 καὶ
1339 1340 1434 1394 τοῦ
1468 1337 1637 1410 ὕψους
1689 1343 1789 1411 τῆς

211 1437 383 1506 οεῖκῆς
403 1436 832 1503 συγκαταϐἀντα
849 1436 1009 1506 δόξης
1037 1435 1345 1507 ἐνδημῆσαι
1379 1438 1446 1506 τῇ
1480 1434 1788 1506 ἀνθρώπων

210 1529 438 1600 ἐσχατιᾷ.
467 1529 617 1582 Ἔδει
646 1528 706 1581 δὲ
744 1529 856 1601 ἄρα
883 1528 986 1598 τῆς
1018 1529 1160 1599 ὑπὲρ
1183 1529 1339 1596 λόγον
1374 1527 1580 1599 ταύτης
1605 1527 1791 1598 ἐπιδη-

210 1622 330 1692 μίας
384 1621 558 1692 μέγαν
612 1621 740 1676 τινὰ
803 1621 1063 1689 γενέσθαι
1139 1621 1512 1694 προάγγελον.
1571 1621 1789 1676 Γίνεται

219 1714 476 1784 Ἰωάννης,
516 1707 578 1767 οὗ
610 1713 814 1785 μείζων
845 1714 1023 1778 οὐδεὶς
1056 1715 1112 1767 ἐν
1147 1717 1430 1784 γεννητοῖς
1474 1714 1783 1782 γυναικῶν’

1886 531 2012 574 mus
2051 518 2360 570 orationem
2398 514 2465 568 ad
2513 514 2637 583 ejus
2671 522 2855 568 ortum
2887 519 2942 567 et
2993 512 3349 576 incunabula,
3409 524 3489 566 Io-

1886 608 2109 678 tiusque
2133 608 2256 662 vitae
2286 607 2584 662 decursum
2633 605 2794 660 nobis
2817 604 3098 668 denarret,
3137 613 3192 659 et
3225 613 3338 658 tota
3369 605 3493 658 vitae

1888 702 1956 755 ab
1983 702 2076 754 illo
2118 707 2414 754 transacta:
2447 698 2748 766 fragrantia
2784 711 3009 751 sensum
3052 696 3288 750 rationis
3319 698 3495 766 parti-

1887 795 2062 861 cipem
2115 792 2374 846 oblectet.
2434 789 2491 844 ln
2531 789 2772 843 maximo
2802 789 2950 842 enim
2986 788 3141 841 lucro
3174 789 3493 857 ponendum

1885 891 1994 948 est,
2050 896 2512 946 commemorare,
2562 895 2704 950 quas
2748 880 2834 934 vel
2869 894 2978 934 una
3008 879 3132 932 vitae
3185 879 3334 934 illius
3366 896 3495 949 pars

1888 975 2160 1030 utilitates
2191 976 2616 1045 complectatur,
2654 973 2904 1027 infinitos
2928 980 3110 1027 autem
3155 973 3372 1028 fructus
3401 990 3496 1044 pa-

1889 1072 1983 1137 rit,
2020 1073 2068 1127 si
2118 1072 2243 1143 quis
2275 1074 2446 1127 totius
2486 1071 2611 1126 vitae
2662 1070 2810 1125 illius
2861 1071 3006 1126 bona
3042 1070 3097 1124 in
3130 1086 3304 1126 unum
3337 1073 3496 1127 colli-

1893 1179 2021 1233 gere
2055 1165 2433 1234 aggrediatur.

1965 1256 2113 1328 Ergo
2140 1256 2254 1326 jam
2316 1255 2429 1312 Rex
2465 1257 2711 1312 caelestis
2785 1271 2912 1310 cum
2955 1257 3135 1312 servis
3163 1257 3300 1322 suis,
3326 1254 3496 1310 simili

1893 1350 2132 1406 vestitus
2167 1347 2371 1413 forma,
2415 1350 2627 1404 versari
2671 1359 2724 1403 et
2773 1347 3050 1414 habitare,
3089 1358 3145 1403 et
3193 1364 3257 1402 ex
3296 1348 3493 1401 altitu-

1893 1437 2022 1492 dine
2067 1437 2268 1491 divime
2301 1436 2492 1506 gloriae
2530 1437 2597 1490 ad
2655 1437 2757 1490 has
2803 1437 2944 1490 imas
2988 1435 3279 1488 hominum
3328 1435 3495 1489 sedes

1895 1528 2239 1584 descendere
2283 1527 2640 1592 decreverat;
2673 1528 2962 1597 oportebat
3011 1527 3184 1596 igitur
3239 1535 3298 1579 ut
3330 1526 3496 1594 hujus

1894 1623 2198 1677 descensus
2257 1631 2311 1675 et
2365 1622 2639 1674 adventus
2674 1635 2894 1673 omnem
2938 1621 3210 1673 rationem
3258 1634 3496 1688 exsupe-

1895 1715 2073 1769 rantis
2117 1714 2354 1784 insignis
2423 1713 2760 1783 deligeretur
2810 1713 3177 1782 przenuntius.
3236 1708 3494 1765 Nascitur

210 1805 294 1858 καὶ
325 1805 622 1875 προφθάνει
648 1805 806 1860 τόκον
844 1806 1105 1878 ὑπερφυῆ
1137 1807 1434 1876 παρθένου,
1463 1807 1622 1869 τόκος
1651 1820 1796 1857 στει-

1901 1806 2167 1872 Joannes,
2230 1821 2342 1876 quo
2377 1806 2558 1873 major
2610 1806 2751 1859 inter
2791 1814 2950 1858 natos
3003 1803 3295 1857 mulierum
3334 1816 3496 1857 nemo

210 1896 462 1967 ρευούσης
513 1899 855 1968 παράδοξος’
908 1899 1003 1952 καὶ
1052 1899 1316 1969 προανοεῖ
1351 1899 1584 1968 στάχυος
1623 1897 1794 1950 ὀισπό⁴

210 1997 315 2060 ρου,
348 1992 760 2061 μαραινομένης
804 1987 961 2061 ῥίζης
1003 1990 1256 2058 βλαστὸς,
1309 1992 1406 2043 καὶ
1450 1989 1566 2042 λύει
1604 1989 1796 2059 ὥσπερ

208 2079 384 2148 νηδύος
423 2081 524 2152 τὴν
580 2082 894 2153 στείρωσιν,
955 2082 1102 2136 οὕτω
1154 2083 1248 2136 καὶ
1300 2081 1560 2151 γλώσσης
1589 2082 1790 2151 δεσμά.

208 2172 333 2225 Οὐδέ
359 2173 466 2242 γὰρ
498 2173 608 2226 ἔδει
630 2175 816 2244 φωνῆς
843 2173 1269 2245 ἀποτεχθείσης,
1297 2175 1390 2226 τὸν
1421 2175 1653 2227 τεκόντα
1680 2183 1796 2243 φω-

206 2266 296 2333 νῆς
321 2267 590 2338 ἀμοιρεῖν,
627 2266 738 2318 οὐδ’
774 2267 1054 2336 ἄφθογγον
1094 2264 1237 2321 εἶναι
1279 2268 1372 2320 τόν
1425 2268 1524 2338 τῆς
1560 2269 1797 2335 σάλπιγ-

205 2369 294 2420 γος
316 2355 508 2412 αἴτιον.
551 2355 757 2408 Λύεται
786 2355 972 2408 τοίνυν
1001 2358 1100 2425 τῆς
1130 2356 1288 2426 δίκης
1315 2357 1416 2430 τῆς
1449 2358 1662 2426 σιωπῆς
1693 2357 1798 2411 Ζα-

207 2444 410 2516 χαρίας,
435 2442 702 2511 λύσαντος
736 2446 834 2512 τὰς
864 2447 1058 2511 ὠδῖνας
1083 2448 1176 2501 τοῦ
1207 2448 1441 2518 βρέφους
1463 2465 1476 2479 °
1511 2451 1606 2502 καὶ
1632 2448 1800 2518 φθέγο

205 2553 350 2603 γεται
408 2539 540 2593 νέαν
575 2539 782 2612 φωνὴν,
813 2541 914 2610 τῆς
951 2541 1179 2611 πρώτης
1206 2542 1419 2611 ἀμείνω
1465 2544 1560 2596 καὶ
1596 2543 1800 2595 θειοτέ-

207 2647 320 2697 ραν,
348 2631 445 2696 τήν
468 2650 532 2685 τε
565 2633 909 2704 Δεσποτικὴν
943 2634 1236 2705 ἐπίσκεψιν
1283 2635 1588 2702 ἁναφωνῶν
1629 2639 1686 2687 ἐν
1720 2635 1798 2706 τῷ

205 2719 496 2794 Πνεύματι,
543 2727 640 2778 κα)⁸
668 2728 769 2798 τὴν
794 2727 888 2780 τοῦ
927 2729 1118 2792 παιδὸς
1148 2731 1406 2802 πορείαν,
1445 2731 1512 2800 ἢν
1555 2731 1660 2801 πρὺ
1703 2732 1797 2783 τοῦ

214 2813 462 2884 Ὑψίστου
495 2818 856 2890 πορεύσεται,
887 2821 1268 2892 ὑφηγούμενος
1289 2840 1302 2852 ·
1353 2824 1416 2874 οὐ
1460 2825 1617 2892 μόνον
1648 2825 1703 2876 δὲ
1734 2823 1798 2893 δὴ

208 2907 359 2979 μέχρι
378 2911 652 2982 Ζαχαρίου
678 2915 891 2967 ἵσταται
915 2915 986 2967 τὰ
1018 2915 1343 2985 τελούμενα,
1373 2916 1510 2972 ἀλλὰ
1542 2918 1637 2970 καὶ
1675 2918 1799 2984 δογ-

209 3000 384 3070 μάτων
421 3005 728 3075 ὁρωμένων
753 3007 1055 3079 βαθύτερον
1077 3011 1136 3062 ἐν
1162 3009 1373 3072 τούτοις
1423 3011 1799 3082 καταθεωρεῖ-

205 3107 310 3149 ται.
354 3093 414 3150 Ὀ
441 3099 559 3169 γάρ
587 3113 671 3150 τοι
703 3099 936 3161 παλαιὸς
963 3101 1129 3171 νόμος
1178 3101 1278 3172 τὴν
1308 3119 1378 3172 γη
1391 3103 1547 3173 ραιὰν
1574 3103 1683 3155 τῶν
1713 3107 1802 3156 ἐν·

205 3183 485 3256 ταλμάτων
547 3190 734 3262 φωνὴν
780 3192 863 3255 είς
917 3194 1115 3265 καινὴν
1169 3198 1509 3264 μετεποιεῖτο
1549 3195 1627 3264 τῷ
1656 3197 1800 3249 κατὰ

210 3277 428 3348 Χριστὸν
457 3283 699 3354 δόγματι
725 3285 1128 3358 καινιζὸμενος.
1176 3287 1339 3340 Ἀλλὰ
1373 3290 1481 3359 γὰρ
1521 3289 1664 3343 οὐτω
1702 3289 1801 3359 μὲν

203 3371 518 3441 παραδόξως
541 3376 784 3446 γαστρὸς
807 3377 1039 3430 ἀτέκνου
1065 3378 1316 3447 πρόεισιν
1358 3379 1636 3447 Ἰωάννης,
1697 3379 1801 3450 ἤδη

202 3463 289 3516 τοῦ
318 3467 516 3537 καιροῦ
549 3467 846 3532 καλοῦντος
879 3469 1015 3542 πρὸς
1059 3471 1345 3524 εὐτεκνίαν
1372 3471 1471 3540 τὴν
1498 3473 1801 3540 ἱερωτάτην

201 3555 288 3610 τοῦ
310 3559 660 3630 Μονογενοῦς
697 3561 939 3632 νύμφην.
968 3562 1429 3634 Παραδοξοτέρων
1477 3562 1520 3616 δ’
1554 3563 1800 3635 ἀπάρχε-

202 3667 307 3715 ut,
356 3652 658 3725 θαυμαστὰ
712 3655 1051 3727 θαυμαστοῖς
1103 3658 1415 3721 συνάπτων,
1447 3658 1545 3711 καὶ
1577 3657 1800 3726 ὑψηλοῖς

204 3742 395 3814 ὑψηλά.
431 3747 509 3800 Οὐ
531 3748 643 3818 γὰρ
655 3750 797 3802 κατά
809 3749 908 3819 την
929 3749 1331 3818 νενομισμένην
1353 3752 1418 3820 τῇ
1447 3750 1604 3818 φύσει
1628 3749 1800 3802 αἰῶνα

204 3833 441 3912 [ᾐώνιζε]
476 3841 649 3913 ζωὴν,
672 3843 796 3895 οὐδὲ
823 3845 936 3905 τοῖς
954 3843 1104 3897 κάτω
1123 3842 1394 3896 δουλεύειν
1421 3843 1682 3913 ὑπέμεινε
1711 3843 1798 3895 νό-

202 3945 340 3997 μοις,
370 3933 491 3986 ἀλλ’
517 3934 718 4006 ὥσπερ
749 3935 855 4001 ἔξω
881 3937 1064 4004 πάσης
1096 3936 1360 4007 σαρκίνης
1395 3937 1642 4007 ἀνάγκης
1675 3939 1798 4006 μετ’

201 4023 446 4091 ἀγγέλων
472 4029 652 4092 ἐὸίου,
678 4029 774 4082 καὶ
802 4032 866 4101 τῇ
895 4031 1121 4083 ἐκείνων
1165 4032 1501 4102 συνανήγετο
1528 4030 1794 4100 πολιτείᾳ.

201 4115 303 4169 Καὶ
328 4122 462 4186 γοῦν
518 4122 848 4176 καταλείπει
898 4124 1002 4184 τὰς
1047 4125 1103 4175 ἐν
1130 4123 1614 4194 ἄστειδιατριϐὰς,
1642 4123 1799 4174 οὐδα-

201 4207 310 4276 μῶς
367 4212 702 4282 ἀνθρώπους
751 4214 927 4286 μισῶν
982 4215 1124 4286 (πῶς
1173 4216 1282 4286 γὰρ
1318 4217 1346 4266 6
1410 4214 1798 4285 φιλανθρώπου

196 4299 466 4356 Δεσπότω
498 4306 705 4375 κῆρυξ,
758 4307 854 4360 καὶ
886 4308 988 4377 τῆς
1013 4308 1123 4360 τῶν
1169 4307 1477 4378 ἀνθρώπων
1521 4309 1798 4377 σωτηρίας

195 4389 597 4466 εὐαγγελιστής
618 4412 633 4460 ;
656 4395 675 4466 )
699 4412 713 4425 ο
746 4397 864 4449 ἀλλ’
892 4398 1082 4470 ἐχρῆν,
1114 4398 1190 4462 ὼς
1244 4399 1409 4464 ἔοικε,
1447 4400 1538 4454 τὸν
1566 4401 1797 4470 δορυφὸ-

1901 1899 2170 1956 οκεῑίιὶιι
2214 1907 2550 1970 partumque
2597 1897 2846 1951 divinum
2885 1894 3128 1967 Virginis
3174 1895 3492 1958 antevertit,

1899 2004 2094 2063 partus
2126 1993 2446 2062 inepinatus
2481 1991 2791 2046 infecundae
2817 1990 3036 2055 matris,
3069 1997 3126 2044 et
3151 1987 3310 2059 prius
3341 1988 3495 2042 efllo-

1904 2086 2073 2140 rescit
2108 2099 2276 2154 quam
2316 2086 2470 2154 spica
2505 2099 2614 2138 non
2672 2093 2813 2148 sata,
2860 2082 3070 2137 arentis
3124 2081 3327 2134 radicis
3369 2093 3493 2150 ger-

1903 2191 2051 2230 men.
2087 2174 2155 2229 Et
2183 2183 2236 2229 ut
2263 2175 2477 2231 ventris
2508 2175 2856 2229 sterilitatem
2897 2213 2912 2240 ,
2957 2173 3029 2227 ita
3053 2182 3107 2228 et
3143 2173 3343 2242 linguae
3377 2171 3493 2225 vin-

1902 2269 2026 2323 cula
2057 2269 2246 2324 solvit.
2279 2265 2398 2322 Non
2433 2269 2579 2322 cnim
2615 2267 2867 2335 decebat,
2903 2277 2962 2321 ut
2985 2266 3163 2337 genita
3194 2280 3346 2328 voce,
3399 2281 3493 2331 ge-

1907 2362 2056 2415 nitor
2119 2376 2321 2430 expers
2377 2361 2529 2414 vocis
2590 2366 2880 2427 maneret;
2917 2366 3177 2411 mutusve
3207 2371 3354 2411 esset
3381 2356 3492 2417 ille,

1901 2456 1996 2524 qui
2033 2453 2179 2508 tubae
2203 2469 2372 2507 causa
2403 2455 2721 2507 exstiterat.
2751 2449 3067 2506 Absolvitur
3089 2450 3256 2520 igitur
3292 2447 3494 2502 Zacha-

1903 2548 2017 2603 rias
2045 2561 2074 2599 a
2109 2548 2337 2602 silentio
2377 2562 2487 2616 quo
2531 2546 2825 2600 damnatus
2865 2544 3062 2610 fuerat,
3101 2543 3309 2612 infante
3337 2541 3494 2596 dolo-

1902 2655 1994 2695 res
2025 2638 2404 2694 dissolvente:
2433 2653 2743 2708 vocemque
2805 2637 2989 2692 fundit
3055 2651 3274 2703 novam,
3312 2636 3494 2704 priore

1903 2733 1994 2787 illa
2026 2733 2188 2802 longe
2217 2731 2504 2788 meliorem
2532 2739 2586 2786 et
2607 2730 2955 2793 diviniorem,
2985 2731 3113 2784 dum
3170 2728 3384 2783 Domini
3416 2730 3491 2782 vi-

1903 2827 2222 2883 sitationem
2250 2827 2307 2880 in
2359 2825 2568 2894 Spiritu
2594 2825 2872 2889 decantat,
2903 2822 3172 2893 puerique
3194 2822 3360 2887 viam,
3387 2836 3494 2898 qua

1904 2928 2033 2973 ante
2065 2918 2266 2972 faciem
2308 2917 2580 2972 Altissimi
2614 2917 2798 2972 iturus
2848 2923 2990 2980 erat,
3022 2916 3273 2984 exponit.
3310 2915 3494 2983 Neque

1903 3009 2193 3064 miraculis
2226 3009 2378 3063 circa
2408 3008 2734 3063 Zachariam
2763 3010 2934 3079 gestis
2967 3021 3057 3063 res
3084 3006 3295 3062 finitur.
3351 3005 3494 3072 Quin

1905 3101 2324 3173 profundiorem
2351 3101 2651 3172 quamdam
2687 3100 3024 3163 doctrinam,
3054 3115 3219 3170 quam
3248 3100 3320 3154 sit
3378 3101 3496 3154 vul-

1911 3193 2082 3263 garis,
2116 3203 2172 3246 et
2205 3207 2329 3260 quae
2374 3193 2430 3246 in
2462 3193 2712 3246 omnium
2759 3202 3061 3261 conspectu
3093 3193 3291 3262 posita,
3329 3193 3381 3245 in
3409 3193 3496 3248 his

1906 3285 2268 3339 considerare
2313 3285 2466 3339 licet.
2523 3283 2664 3338 Nam
2728 3284 2813 3337 lex
2868 3294 3027 3339 vetus
3075 3295 3315 3339 veterem
3347 3284 3494 3338 illam

1906 3379 2290 3431 mandatorum
2324 3392 2513 3432 vocem
2547 3377 2603 3430 in
2628 3391 2825 3431 novam
2857 3378 3236 3444 commutavit,
3270 3393 3366 3447 per
3401 3396 3496 3432 sa-

1905 3471 2142 3524 lutarem
2205 3470 2416 3524 Christi
2465 3471 2875 3525 institutionem
2927 3481 3212 3527 renovata.
3258 3473 3318 3526 ln
3349 3473 3497 3526 hunc

1905 3566 2131 3620 modum
2179 3581 2244 3618 ex
2307 3562 2613 3618 infecundo
2664 3572 2823 3618 utero
2845 3573 3042 3633 praeter
3076 3564 3393 3634 opinionem
3441 3574 3496 3617 et

1903 3657 2376 3728 exspectationem
2405 3656 2656 3732 Joannes
2681 3658 3058 3726 pronascitur,
3083 3657 3334 3724 cumjam
3360 3667 3497 3711 tem-

1852 3815 1859 3820 _
1905 3766 2008 3820 pus
2046 3749 2486 3804 sacratissimam
2521 3748 2830 3820 Virginem,
2866 3758 2920 3804 et
2973 3749 3251 3820 Unigeniti
3295 3767 3496 3821 paren-

1905 3853 2013 3897 tem
2042 3844 2109 3896 ad
2143 3843 2546 3898 fecunditatem
2585 3853 2830 3908 vocaret,
2869 3845 3153 3915 multoque
3177 3845 3358 3900 adhuc
3395 3845 3494 3898 ad-

1904 3935 2217 3989 mirabilius
2248 3936 2374 3991 vita:
2395 3951 2627 3993 cursum
2653 3937 2898 4000 inchoat,
2935 3937 3186 3991 miranda
3208 3938 3494 4002 mirandis,

1902 4034 1959 4081 et
1985 4028 2242 4082 sublimia
2274 4027 2608 4083 sublimibus
2641 4029 3026 4084 accumulans.
3053 4029 3172 4084 Non
3213 4029 3365 4084 enim‘
3414 4030 3499 4082 vi-

1905 4122 2014 4167 tam
2045 4115 2170 4170 aliis
2204 4117 2471 4171 usitatam
2502 4116 2760 4188 degebat,
2793 4134 2971 4189 neque
2998 4121 3234 4176 terrenis
3256 4120 3496 4174 decretis

1903 4211 2114 4265 servire
2158 4210 2418 4279 dignatus
2458 4218 2580 4278 est;
2606 4211 2702 4266 sed
2745 4211 2906 4282 quasi
2968 4213 3155 4267 carnis
3190 4215 3338 4268 mole
3377 4213 3492 4283 jam

1904 4309 2105 4356 extitus
2139 4316 2264 4355 cum
2293 4302 2505 4373 angelis
2537 4302 2888 4366 versabatur,
2937 4318 3242 4372 eorumque
3282 4305 3500 4359 vivendi

1905 4394 2180 4449 rationem
2223 4394 2566 4449 sectabatur.
2605 4395 2661 4447 In
2713 4394 2850 4448 urbe
2897 4395 3232 4448 commorari
3291 4395 3497 4460 renuit,

197 4498 285 4552 ρον
303 4485 399 4538 τοῦ
427 4487 620 4558 πάσης
649 4489 910 4543 ἐπέκεινα
931 4491 1090 4562 δόξης
1108 4495 1202 4545 καὶ
1234 4493 1484 4559 εὐταξίας
1507 4493 1794 4563 βασιλέως,

1906 4503 2018 4542 non
2043 4487 2168 4542 odio
2210 4487 2498 4542 hominum
2530 4487 2832 4558 (quomodo
2864 4488 3009 4541 enim
3048 4503 3227 4558 praeco
3263 4487 3499 4553 Domini,

195 4575 479 4643 κρείττονα
521 4575 666 4634 εἶναι
699 4581 944 4639 ἀστικῶν
975 4585 1268 4655 ταραχῶν,
1318 4587 1414 4639 καὶ
1466 4589 1794 4659 ταπεινότη-

195 4683 302 4731 τος.
332 4670 492 4742 ’Δμα
543 4675 604 4727 δὲ
656 4676 753 4728 καὶ
799 4675 1102 4747 μελλούσης
1145 4679 1267 4748 ἄρτι
1301 4683 1416 4743 τοῖς
1454 4680 1798 4734 δουλεύουσιν

198 4761 444 4839 ἁμαρτίᾳ
469 4768 564 4822 διὰ
590 4768 694 4840 τῆς
729 4771 790 4823 ἐν
822 4773 1008 4840 χάριτι
1033 4772 1310 4836 πολιτείας
1336 4774 1651 4846 ἐλευθερίας
1695 4795 1797 4846 μη-

198 4859 442 4926 νύεσϐαι,
478 4865 787 4919 ἀκόλουθον
808 4861 878 4936 ἦν
903 4865 963 4930 ἐξ
1005 4868 1242 4938 ἐρημίας
1277 4869 1337 4920 τὸ
1369 4871 1592 4938 μήνυμα
1619 4871 1796 4940 ἥκειν,

194 4951 382 5027 ὥσπερ
406 4957 476 5029 δὴ
502 4959 604 5011 καὶ
641 4956 720 5028 τῷ
756 4959 1116 5028 πρεσϐυτέρῳ
1162 4960 1380 5031 Ἰσραὴλ
1413 4961 1512 5030 τῆς
1541 4963 1599 5013 ἐν
1628 4964 1800 5030 Αίγύ-

197 5062 312 5116 πτῳ
341 5049 597 5112 δουλείας
622 5048 682 5113 ἐξ
713 5050 872 5122 ὅρους
895 5047 996 5120 ἧκε
1027 5051 1289 5120 Μωῡσῆς,
1316 5053 1680 5120 ἀπαγγέλλων
1705 5053 1801 5120 τὴν

194 5139 606 5213 ἀπολύτρωσιν.
625 5144 769 5207 Ἕως
799 5144 900 5213 μὲν
926 5143 1019 5197 οἶὶν
1050 5145 1078 5196 6
1107 5145 1380 5214 βασιλεὺς,
1410 5147 1800 5209 ταπεινώσεως

196 5233 429 5304 πλούτῳ,
466 5237 574 5306 τῆς
619 5236 816 5288 ἑαυτοῦ
853 5236 1013 5303 δόξης
1038 5237 1128 5289 τὸν
1176 5237 1409 5290 πλοῦτον
1445 5239 1796 5303 ὑπέστελλεν,

196 5322 426 5393 ἀφανέσι
452 5327 687 5398 χωρίοις
728 5329 823 5381 καὶ
859 5329 886 5380 6
923 5329 1261 5399 στρατιώτης
1307 5331 1609 5400 ἐνδιῃτᾶτο.
1647 5332 1802 5383 Ἐπεὶ

192 5418 246 5469 δὲ
279 5421 306 5472 6
339 5421 540 5489 καιρὸς
597 5421 916 5491 ἐφεστήκει,
955 5422 1080 5474 καθ’
1127 5421 1187 5475 δν
1239 5421 1368 5486 ἔδει,
1394 5423 1494 5475 ὅσα
1525 5423 1676 5493 παρὰ
1705 5423 1799 5474 τοῦ

196 5511 408 5584 Πατρὸς
435 5515 466 5566 6
525 5515 844 5585 Μονογενὴς
879 5517 1106 5586 ἤκουσε,
1143 5517 1532 5586 χρηματίζειν,
1579 5519 1701 5569 τότε
1737 5516 1802 5587 δὴ

195 5612 284 5661 καὶ
308 5611 454 5675 τότε,
487 5611 590 5664 καὶ
620 5613 647 5664 ὁ
684 5611 781 5681 τῆς
811 5613 1022 5682 ἐρήμου
1051 5613 1341 5683 τρόφιμος,
1385 5613 1593 5665 ἄνωθεν
1619 5612 1802 5665 λαϐὼν

193 5703 251 5754 τὸ
301 5704 598 5774 ἐνδόσιμον
638 5702 734 5754 τοῦ
788 5703 1147 5774 κηρύγματος
1179 5747 1192 5767 ,
1227 5705 1458 5773 ἄρχεται
1515 5705 1801 5774 ὁμαλίζειν

193 5792 413 5864 τρίϐους
431 5793 723 5866 τραχείας,
743 5795 863 5865 ἦτοι
890 5794 1122 5866 καρδίας
1139 5795 1484 5868 ἀτεράμονας
1507 5800 1572 5868 τῇ
1596 5800 1801 5851 Δεσπο-

529 5894 806 5952 ιἈΤΙιοιε.
841 5892 958 5952 Gtt.
1001 5891 1188 5952 CVII.
1635 5884 1637 5886 ’

1907 4582 2005 4650 qui
2042 4580 2298 4635 homines
2332 4587 2621 4649 tantopere
2657 4580 2902 4645 amabat,
2943 4589 2997 4635 et
3024 4581 3221 4636 salutis
3251 4581 3504 4636 humana:

1908 4673 2280 4744 evangelista,
2311 4673 2564 4729 homines
2591 4675 2880 4744 odisset?),
2916 4674 3011 4729 sed
3045 4675 3174 4745 quia
3191 4676 3501 4744 oportebat,

1911 4779 1968 4823 ut
2003 4769 2272 4823 credibile
2325 4778 2435 4834 est,
2467 4769 2758 4824 satellitem
2792 4767 2980 4836 Regis,
3011 4769 3101 4837 qui
3140 4768 3288 4822 omni
3331 4769 3505 4837 gloria

1910 4873 1962 4918 et
1985 4863 2187 4917 iordine
2216 4862 2472 4931 superior
2495 4870 2603 4924 est,
2628 4861 2989 4916 excelsiorem
3019 4875 3143 4915 esse
3175 4861 3324 4912 omni
3353 4861 3502 4913 civili

1909 4960 2072 5012 turba
2103 4967 2158 5010 et
2191 4956 2522 5025 abjectione.
2555 4955 2806 5016 Accedit,
2833 4953 2979 5024 quod
3012 4968 3138 5007 cum
3170 4953 3237 5007 iis
3263 4953 3356 5022 qui
3389 4970 3506 5023 pec-

1909 5064 2035 5106 cato
2074 5053 2414 5111 serviebant.
2448 5052 2682 5106 libertas
2708 5066 2805 5120 per
2832 5059 3036 5104 statum
3059 5049 3253 5120 gratiae
3291 5049 3504 5107 futura.

1912 5144 2294 5200 annuntianda
2329 5152 2499 5208 esset,
2542 5158 2895 5213 consequens
2926 5151 3069 5204 erat,
3117 5150 3175 5193 ut
3203 5157 3269 5193 ex
3307 5142 3510 5194 solitu-

1910 5241 2040 5294 dine
2063 5242 2294 5293 nuntius
2327 5239 2431 5293 iste
2463 5237 2735 5306 prodiret,
2773 5235 3241 5306 quemadmodum
3281 5234 3510 5303 antiquo

1912 5332 2106 5386 lsraeli
2138 5346 2206 5384 ex
2251 5337 2443 5384 monte
2475 5327 2698 5398 Moyses
2753 5329 2961 5383 missus
3007 5335 3116 5389 est,
3169 5328 3511 5380 annuntians

1910 5423 2116 5492 populo
2155 5421 2595 5493 redemptionem
2615 5436 2684 5477 ex
2720 5421 2991 5476 servitute
3014 5419 3298 5490 Egyptia.
3330 5417 3514 5482 Quan-

1911 5514 2004 5569 diu
2061 5531 2192 5582 ergo
2232 5531 2326 5570 rex
2369 5515 2582 5571 divitiis
2624 5513 2988 5577 humilitatis,
3051 5513 3277 5568 divitias
3319 5510 3513 5582 gloriae

1913 5613 2151 5681 tegebat,
2189 5610 2380 5666 tandiu
2440 5612 2608 5666 etiam
2643 5611 2803 5666 miles
2835 5611 2986 5666 illius
3013 5621 3068 5666 et
3128 5619 3513 5680 propugnator

1911 5707 2134 5762 abditus
2182 5707 2236 5760 in
2278 5705 2417 5761 locis
2468 5707 2605 5762 solis
2648 5706 2990 5762 morabatur.
3038 5705 3108 5758 At
3141 5720 3265 5759 cum
3294 5710 3516 5772 tempus

1913 5798 2158 5866 advenit,
2205 5815 2314 5870 quo
2349 5798 2528 5855 Filius
2586 5800 2796 5866 omnia,
2837 5815 2959 5870 qua:
3009 5813 3038 5853 a
3066 5798 3225 5853 Patre
3255 5798 3504 5853 audierat

3141 5892 3172 5954 7
