4108 6306
489 299 592 364 195

1746 294 2023 367 LEONIS
2061 273 2527 367 PHILOSOPHI

3676 303 3795 366 196

484 431 588 476 mu.
615 421 724 477 ndo
750 418 1057 491 patefacere
1081 419 1336 484 debebat,
1379 428 1510 475 tunc
1538 430 1592 474 et
1625 420 1797 475 eremi
1830 420 2088 474 alumnus

2201 421 2317 489 τικῇ
2351 417 2446 470 καὶ
2476 416 2598 487 θείᾳ.
2622 415 2964 486 διδασκαλίᾳ,
2994 415 3328 487 καὶλάπηχεῐ
3353 428 3452 487 μεν
3482 416 3585 486 τῆς
3619 434 3800 487 μετα-

513 523 740 584 accepto
760 529 790 568 e
817 513 976 568 caelis
1011 511 1420 582 prmdicationis
1445 513 1764 568 inchoanda:
1786 512 1962 583 signo,
2005 513 2090 566 in-

517 605 655 676 cipit
685 604 806 661 vias
835 603 1219 672 asperas“°",
1244 603 1458 657 animas
1487 603 1742 657 videlicet
1769 602 2093 658 inllexibiles

514 704 570 751 et
615 695 807 756 duras,
855 693 1044 748 divina
1089 692 1340 748 doctrina
1383 693 1631 762 planare,
1693 702 1748 748 et
1797 693 2093 762 aequabiles

513 785 766 840 reddere.
793 783 859 837 Et
884 784 1266 854 pcenitentiam
1308 786 1528 854 quidem
1555 784 1869 850 annuntiat,
1891 785 2095 856 quippe

511 876 779 931 salutaris
828 874 989 930 Verbi
1021 890 1147 940 vox,
1183 889 1391 945 eosque
1424 876 1517 945 qui
1541 876 1936 932 emundatione
1963 890 2093 947 ege-

511 967 668 1030 bant,
692 966 922 1022 mundat
948 967 1118 1023 verbo
1146 960 1201 1022 et
1231 981 1395 1036 aqua,
1416 977 1472 1022 et
1503 983 1628 1022 eum
1655 967 1773 1037 qui,
1793 968 1838 1022 si
1880 975 2097 1038 tempus

514 1065 758 1127 spectes,
794 1059 1076 1126 posterius
1105 1065 1356 1124 venerat,
1391 1057 1568 1127 major
1610 1065 1791 1113 autern
1829 1067 1946 1112 erat
1969 1058 2095 1111 inii-

519 1152 693 1204 nitate
721 1151 1000 1220 potentiae,
1052 1151 1226 1221 magis
1267 1166 1432 1221 quam
1465 1165 1702 1220 unquam
1733 1158 1891 1205 antea
1926 1164 2096 1219 appa-

518 1244 700 1297 ruisse
727 1243 950 1305 clamat,
1001 1257 1159 1311 quem
1185 1250 1240 1296 et
1265 1242 1507 1309 perfecte
1534 1243 1588 1295 in
1622 1242 1820 1310 spiritu
1852 1242 2099 1310 baptiza-

519 1338 702 1385 turum
739 1339 990 1395 testatur,
1022 1333 1239 1402 Agnum
1268 1331 1334 1396 ²⁰,
1367 1330 1460 1401 qui
1516 1340 1870 1401 apparuerat,
1903 1339 2096 1386 osteno

517 1421 624 1489 dit,
660 1424 821 1492 cujus
845 1424 1131 1494 sanguinis
1160 1431 1350 1492 guttae,
1394 1439 1425 1478 a
1455 1424 1665 1493 peccati
1692 1423 1953 1480 sordibus
1999 1438 2089 1478 or-

517 1513 640 1568 bem
672 1522 944 1568 terrarum
974 1522 1369 1584 expurgarunt,
1415 1531 1579 1583 quem
1609 1523 1661 1568 et
1694 1515 1748 1569 in
1792 1523 1950 1570 utero
1997 1514 2094 1568 ad—

518 1606 627 1659 huc
668 1605 911 1668 abditus,
947 1606 1216 1676 agnoscit,
1248 1615 1302 1660 et
1323 1601 1587 1662 Jordanis
1625 1620 1769 1676 aqua
1801 1606 2093 1680 Dominum

518 1697 772 1752 similiter
823 1711 888 1752 ac
920 1712 1109 1753 servos
1142 1697 1338 1766 abluit,
1367 1696 1859 1768 testimoniumque
1881 1695 2022 1751 Filio
2060 1712 2092 1752 a
2121 1685 2166 1745 Β

519 1786 682 1842 Patre
711 1787 898 1841 datum
927 1787 1173 1841 exaudit.

593 1875 900 1946 Oportebat
937 1892 1088 1943 vero,
1121 1884 1179 1931 ut
1245 1891 1354 1932 non
1389 1885 1603 1932 tantum
1654 1886 1903 1933 mortuos
1934 1878 2096 1944 inter,

523 1972 620 2026 sed
651 1981 704 2025 et
751 1972 894 2025 inter
931 1986 1050 2035 eos,
1073 1984 1214 2040 quos
1261 1971 1424 2025 inferi
1463 1971 1741 2037 tenebant,
1794 1985 2101 2041 praecursor

423 2058 427 2060 ⁷
524 2067 695 2126 esset,
760 2059 1042 2129 ferretque
1096 2060 1295 2115 iisdem
1343 2061 1683 2115 laetissimum
1727 2059 1795 2114 de
1849 2060 2102 2116 libertate

463 2187 466 2191 -
525 2154 803 2219 nuntium,
827 2153 894 2208 de
918 2152 1134 2208 Domini
1159 2153 1414 2209 videlicet
1439 2153 1672 2209 adventu
1705 2161 1758 2210 et
1785 2155 2100 2223 praesentia.

494 2245 791 2314 \Quocirca
821 2247 1038 2301 cultura
1058 2247 1326 2302 sermonis
1349 2254 1564 2317 pectora
1590 2247 1726 2301 dura
1756 2247 2012 2302 excolens
2034 2245 2102 2302 ad

522 2355 648 2396 eum
693 2355 934 2410 quoque,
972 2340 1068 2410 qui
1120 2354 1187 2394 eo
1222 2347 1465 2409 tempore
1497 2340 1639 2410 apud
1671 2339 1889 2396 Iudaeos
1918 2355 2101 2396 rerum

522 2430 857 2499 potiebatur,
898 2429 1174 2502 pervenit,
1210 2429 1416 2485 sterilis
1471 2437 1527 2484 et
1555 2428 1886 2485 infructuosi
1934 2430 2099 2484 animi

523 2521 864 2583 medicinam
899 2521 1204 2591 explicans,
1239 2522 1324 2577 vel
1361 2522 1546 2592 potius
1585 2521 1843 2577 exitiales
1890 2520 2101 2591 peccati

524 2611 742 2687 fructus
795 2615 1072 2670 libertatis
1130 2614 1186 2669 in
1251 2613 1707 2683 reprehendendo
1744 2615 1904 2684 quasi
1965 2613 2104 2670 falce

524 2715 846 2775 amputans.
887 2703 1024 2759 Nam
1047 2706 1140 2776 qui
1175 2698 1418 2760 omnium
1452 2704 1692 2761 maxime
1725 2706 1872 2777 leges
1908 2713 2102 2760 custo-

524 2796 644 2851 dire
670 2795 942 2857 debebat...
978 2795 1269 2865 legumque
1312 2797 1707 2851 observatione
1747 2796 2005 2851 subditos
2037 2796 2104 2849 ad

530 2887 617 2941 sui
671 2886 1084 2942 observantiam
1125 2886 1399 2941 adducere
1450 2887 1657 2957 (solent
1704 2888 1851 2942 enim
1901 2886 2104 2941 subditi

525 2992 652 3033 cum
715 2993 928 3042 eorum,
970 2979 1064 3047 qui
1092 2989 1357 3048 praesunt,
1389 2978 1686 3033 virtutibus
1737 2979 1820 3032 vel
1859 2979 2010 3034 vitiis
2042 2993 2102 3034 se

526 3071 854 3142 plerumque
876 3071 1274 3137 conformare),
1299 3071 1403 3126 iste
1429 3081 1625 3141 praeter
1640 3071 1733 3141 jus
1763 3080 1816 3125 et
1848 3070 1931 3126 fas
1947 3071 2102 3124 adul-

525 3167 652 3222 terii
689 3166 896 3237 flagitio
940 3181 1000 3220 se
1049 3166 1451 3230 contaminans,
1509 3165 1682 3236 legem
1734 3165 1940 3219 violare
1991 3177 2100 3220 non

525 3255 932 3322 erubescebat;
964 3270 1144 3325 neque
1169 3255 1345 3309 solum
1367 3255 1637 3310 adulterio
1671 3269 1794 3310 sese
1822 3256 2098 3325 inquinat.

529 3345 629 3402 sed
659 3354 714 3401 et
766 3345 957 3400 fratris
989 3353 1111 3400 toro
1159 3344 1418 3416 injuriam
1453 3345 1639 3411 infert,
1667 3361 1850 3415 quem,
1890 3346 1939 3400 si
1975 3345 2102 3416 quis

524 3437 672 3492 alius
706 3437 760 3491 in
790 3451 915 3492 eum
941 3436 1248 3506 injuriosus
1277 3435 1600 3498 exstitisset,
1635 3437 1704 3491 ab
1725 3437 1875 3492 omni
1900 3445 2102 3492 contu-

525 3527 690 3583 melia
720 3528 1069 3598 cognationis
1093 3527 1219 3598 jure
1243 3518 1526 3582 vindicare
1562 3528 1874 3597 oportebat,
1910 3543 2102 3598 quem-

522 3636 632 3690 que
665 3630 925 3691 tanquam
954 3623 1235 3692 proprium
1259 3635 1456 3675 curare
1484 3620 1715 3676 debebat
1750 3620 1932 3676 :hunc
1955 3622 2102 3692 ipse-

523 3722 638 3769 met
670 3714 999 3779 incestabat,
1024 3728 1203 3784 neque
1239 3713 1550 3784 sanguinis,
1594 3729 1772 3785 neque
1809 3713 1945 3784 legis
1992 3715 2100 3768 ulla

525 3807 742 3863 ratione
772 3807 983 3872 habita,
1015 3816 1076 3861 ut
1108 3823 1136 3860 a
1170 3807 1390 3878 piaculo
1419 3807 1742 3874 desisteret;
1791 3806 1888 3864 sed
1928 3825 2102 3879 quan-

524 3908 637 3961 tus,
666 3906 914 3967 quantus
943 3908 1083 3962 erat,
1115 3897 1358 3952 libidinis
1391 3897 1723 3968 mancipium
1759 3907 1899 3964 erat,
1932 3908 1982 3953 et
2035 3900 2100 3953 ad

523 3990 898 4061 improbitatis
931 3989 1277 4056 barathrum,
1334 3989 1494 4059 quasi
1523 3990 1728 4044 clausis
1756 3992 1930 4045 oculis
1961 3989 2101 4046 fere-

521 4081 705 4136 batur.
765 4081 884 4146 Quo
932 4089 1181 4151 tempore
1219 4096 1411 4151 magna
1449 4082 1543 4136 illa
1591 4079 1756 4137 Verbi
1799 4098 1902 4136 vox
1939 4084 2102 4137 silere

523 4188 632 4229 non
675 4175 855 4244 potuit
897 4191 910 4226 :
955 4174 1053 4228 sed
1119 4174 1454 4244 objurgavit,
1486 4173 1671 4243 reique
1716 4176 2100 4229 enormitatem

520 4265 743 4336 publice
776 4265 1020 4319 traduxit
1050 4274 1103 4319 et
1136 4265 1438 4336 redarguit.
1469 4265 1738 4319 Caeterum
1772 4276 1824 4320 et
1851 4267 1956 4320 hoc
1993 4265 2099 4319 Ile-

2193 511 2341 574 νοίας
2366 510 2458 562 τὸν
2482 509 2739 578 φθόγγον,
2765 504 2853 562 οἷα
2878 509 2943 579 δὴ
2971 509 3067 562 τοῦ
3098 510 3369 579 σωτηρίου
3396 509 3559 578 λόγου
3606 509 3796 579 φωνὴ,

2191 604 2286 656 καὶ
2326 602 2454 664 τοὺς
2490 602 2779 672 δεομένους
2826 601 3149 670 καθάρσεως
3193 601 3450 672 καθαίρει
3492 601 3636 672 λόγῳ
3689 602 3800 655 καὶ

2195 695 2369 749 ὕδατι.
2412 695 2899 764 Ἀναφανεῖσθαιδ³
2944 697 3069 750 ὅσον
3101 694 3256 748 οὔπω
3309 696 3796 767 προκαταγγέλλει

2193 788 2287 840 τὸν
2311 788 2538 860 ὄπισθεν
2573 789 2672 858 μὲν
2703 791 2768 858 τῇ
2795 789 2862 841 δι’
2891 789 3038 858 ἡμᾶς
3068 788 3126 840 ἐν
3155 788 3332 858 χρόνῳ
3361 789 3634 859 γεννήσει,
3669 787 3801 858 μείς

2196 879 2327 945 ξονα
2355 880 2411 933 δέ
2436 880 2512 951 τῷ
2565 879 2986 951 ἀπειροδυνάμῳ
3028 881 3244 951 κράτει,
3277 879 3338 932 ὃν
3369 880 3462 932 καὶ
3498 879 3794 951 βαπτίσειν

2198 971 2538 1044 μαρτύρεται
2563 972 2784 1036 τελείως
2815 973 2872 1024 ἐν
2901 969 3203 1041 Πνεύματι.
3247 971 3358 1024 Καὶ
3384 970 3514 1040 γοῦν
3545 970 3794 1038 φανέντα

2195 1065 2290 1117 τὸν
2331 1063 2530 1134 Ἀμνὸν
2579 1064 2953 1118 ύποδεικνύει·
3010 1057 3072 1118 οὗ
3126 1063 3340 1133 ῥανίδες
3392 1064 3639 1133 αἵματος,
3683 1061 3791 1114 τοῦ

2197 1155 2396 1226 λύθρου
2429 1157 2530 1228 τῆς
2585 1157 2860 1226 ἁμαρτίας
2893 1157 2989 1228 τὴν
3022 1155 3347 1226 οἰκουμένην
3372 1154 3652 1224 ἐκάθηραν
3673 1171 3686 1183 ·
3722 1154 3793 1206 ὃν

2194 1246 2292 1298 καὶ
2320 1247 2450 1317 περὶ
2481 1246 2550 1299 τά
2575 1246 2827 1299 σκοτεινὰ
2859 1245 2958 1314 τῆς
2990 1243 3226 1314 γαστρὸς
3266 1242 3346 1296 ἐτι
3381 1243 3555 1313 χωρία
3583 1242 3796 1310 γνωρίο

2199 1340 2282 1405 ζει
2308 1336 2642 1408 εἱλούμενος,
2667 1339 2762 1392 καὶ
2790 1339 2906 1400 τοῖς
2936 1336 3200 1408 Ἰορδάνου
3225 1334 3463 1405 ῥείθροις
3489 1332 3794 1405 παραπλη-

2200 1433 2330 1495 σίως
2363 1431 2452 1484 τὸν
2485 1430 2766 1500 Δεσπότην
2787 1428 2936 1481 λούει
2969 1430 3080 1492 τοῖς
3101 1427 3329 1491 δούλοις,
3361 1427 3456 1480 καὶ
3483 1426 3591 1496 ,τὴν
3637 1441 3791 1495 μαρ-

2197 1525 2390 1594 τυρίαν
2448 1522 2540 1575 ἐπὶ
2589 1520 2668 1591 τῷ
2721 1521 2882 1575 nam
2920 1519 3277 1591 φωνουμένην
3324 1518 3419 1572 τοῦ
3451 1517 3791 1588 Γεννήτορος

2199 1616 2496 1687 ἐνηχεῖται.

2280 1879 2427 1934 Ἔδει
2453 1879 2508 1933 δὲ
2533 1881 2642 1949 ἄρα
2665 1879 2726 1931 οὐ
2757 1878 2917 1948 μόνον
2941 1880 2999 1932 ὲν
3032 1876 3166 1941 ζῶσι
3190 1877 3503 1949 Πρόδρομος
3529 1862 3790 1946 ὀφθῆναι,

2201 1973 2338 2029 ἀλλὰ
2363 1974 2459 2027 καὶ
2488 1975 2600 2035 τοῖς
2629 1973 2686 2025 ἐν
2718 1972 2846 2043 ᾅδου
2883 1971 3132 2040 φθάνειν,
3173 1971 3269 2024 καὶ
3296 1970 3481 2039 φέρειν
3508 1969 3792 2031 κάκείνοις

2202 2068 2297 2137 τῆς
2321 2064 2634 2136 ἐλευθερίας
2658 2064 2725 2116 τά
2757 2062 3045 2132 εὐαγγέλια
3068 2102 3082 2129 ,
3124 2061 3224 2132 τὴν
3252 2060 3587 2130 Δεσποτικὴν
3619 2059 3792 2127 εὐαγ-

2202 2157 2552 2228 γελιζόμενον
2577 2154 2904 2224 παρουσίαν.
2944 2152 3247 2224 Τοιγαροῦν
3286 2154 3352 2224 τῇ
3403 2153 3651 2223 γεωργίᾳ
3685 2149 3791 2204 τοῦ

2203 2248 2364 2317 λόγου
2393 2246 2494 2310 τὰς
2531 2243 2955 2315 κεχερσωμένας
2977 2242 3242 2314 γεωργῶν
3280 2241 3530 2314 καρδίας,
3564 2240 3793 2311 ἔρχεται

2204 2339 2298 2394 καὶ¹
2344 2337 2538 2408 μέχρις
2574 2334 2741 2388 αὐτοῦ
2792 2333 2888 2388 τοῦ
2937 2335 3056 2387 κατ’
3089 2335 3266 2386 ἐκεῖνο
3290 2333 3548 2404 λαχόντος
3589 2330 3792 2402 καιροῦ

2202 2429 2299 2485 τοῦ
2332 2427 2605 2506 ῘΙουδαίων
2659 2426 2845 2489 ἔθνους
2892 2425 3138 2496 κρατεῖν,
3189 2425 3290 2494 τὴν
3337 2423 3638 2494 θεραπείαν
3681 2421 3790 2492 τῆς

2204 2522 2458 2592 ἀκάρπου
2480 2518 2706 2589 καρδίας
2730 2516 2954 2587 είσηγού
2963 2533 3144 2587 μενος,
3171 2515 3372 2585 μᾶλλον
3393 2515 3450 2569 δέ
3472 2514 3564 2569 τὸν
3589 2514 3786 2585 φθορο-

2207 2614 2361 2668 ποιὸν
2402 2597 2682 2682 ἐκτέμνων
2713 2609 2811 2680 τῆς
2840 2608 3115 2679 ἁμαρτίας
3141 2607 3375 2680 καρπὸν,
3423 2606 3525 2677 τῆς
3565 2608 3792 2678 παρρη-

2207 2707 2327 2769 σίας
2365 2703 2472 2758 τῶν
2500 2701 2740 2773 ἐλέγχων
2771 2702 2933 2772 τομῇ.
2976 2699 3032 2754 Ὀ
3062 2701 3171 2771 γάρ
3201 2717 3281 2753 τοι
3303 2699 3523 2753 πάντων
3552 2700 3793 2770 μάλιστα
3829 2736 3839 2746 .

2204 2795 2600 2866 νομοφυλακεῖν
2626 2793 2878 2861 ὀφείλων,
2904 2795 2999 2847 καὶ
3022 2796 3088 2865 τῇ
3132 2792 3254 2846 καθ’
3285 2791 3480 2845 ἐαυτὸν
3513 2793 3792 2862 συντηρή-

2208 2905 2290 2942 σει
2315 2887 2411 2941 τοῦ
2446 2887 2613 2958 νόμου
2645 2889 2726 2950 είς
2760 2886 2926 2956 τιμὴν
2979 2884 3144 2939 αὐτοῦ
3181 2885 3243 2937 τὸ
3273 2884 3581 2956 ἀρχόμενον
3627 2899 3792 2954 προσ.

2209 2979 2488 3033 καλεῖσθαι
2503 2979 2738 3049 (πέφυκε
2752 2979 2860 3049 γάρ
2885 2994 3002 3042 πως
3018 2977 3079 3030 τὸ
3097 2976 3398 3048 ἀρχόμενον
3415 2979 3535 3041 ταῖς
3567 2976 3794 3047 ἀρεταῖς

2203 3067 2504 3137 ἧῖκακίαις
2561 3067 2636 3130 ὡς
2699 3068 2928 3120 ἐπιπολὺ
2985 3066 3094 3119 τῶν
3154 3065 3500 3143 κρατούντων
3571 3066 3791 3119 συνδια-

2201 3159 2494 3227 τίθεσθαι),
2542 3151 2700 3223 οὗτος
2739 3160 2803 3231 δὴ
2835 3160 3192 3231 παρανομῶν,
3244 3161 3338 3214 καὶ
3389 3159 3634 3231 μοιχείας
3663 3159 3791 3228 ἄγει

2202 3251 2738 3322 καταμολυνόμενος,
2766 3253 2851 3322 είς⁴
2873 3253 3035 3306 αὐτὸν
3069 3252 3343 3322 παροινῶν
3369 3253 3470 3306 οὐκ
3501 3252 3789 3324 ᾐσχύνετο·

2203 3345 2300 3398 καὶ
2325 3345 2387 3397 οὐ
2419 3344 2580 3397 τοῦτο
2608 3346 2768 3416 μόνον
2798 3344 3067 3416 μοιχείας,
3115 3345 3252 3399 ἀλλὰ
3282 3347 3377 3398 καὶ
3416 3344 3648 3414 ἀδελφοῦ
3701 3346 3789 3399 ιν-

2204 3435 2420 3508 υ6ρίζει
2445 3437 2656 3507 κοίτην,
2685 3436 2752 3508 ἢν
2784 3437 2892 3490 ἔδει
2921 3436 3016 3491 καί
3043 3454 3185 3500 τινος
3208 3437 3491 3510 ἀλλοτρίου
3535 3438 3790 3506 ὑϐρίζον-

2202 3545 2313 3593 τος,
2343 3528 2689 3601 ἐπαμύνοντα
2731 3527 2812 3598 τῷ
2848 3527 3045 3600 δικαίῳ
3101 3531 3201 3599 τῆς
3242 3529 3561 3597 συγγενείας
3594 3531 3787 3583 ἀνεπι-

2204 3619 2495 3673 ϐούλευτον
2549 3619 2847 3690 πειρᾶσθαι
2890 3621 3202 3691 διατηρεῖν⁸
3249 3621 3316 3692 ἢν
3344 3621 3450 3675 ἔδει
3478 3622 3784 3700 περιέπειν,

2202 3711 2277 3777 ὡς
2307 3711 2536 3779 οἰκείαν,
2571 3711 2774 3784 ταύτην
2824 3711 2989 3774 αὐτὸς
3037 3711 3328 3784 άνὼρυσσε
3381 3714 3447 3767 δι’
3482 3714 3648 3769 αὑτοῦ
3670 3731 3684 3745 ο
3709 3713 3788 3786 μὴ

2194 3806 2313 3871 ’τοῖς
2344 3808 2401 3873 ἐξ
2427 3806 2678 3877 αἵματος,
2718 3807 2793 3878 μὴ
2816 3809 2927 3870 τοῖς
2951 3809 3017 3861 ἐκ
3045 3806 3212 3877 νόμου
3237 3809 3375 3877 ἔχων
3413 3810 3506 3862 ἐπὶ
3529 3810 3786 3879 λογισμὸν

2203 3899 2518 3968 ἀναφέρειν,
2552 3897 2646 3950 καὶ
2669 3897 2764 3950 τοῦ
2811 3897 3122 3967 μιάσματος
3159 3899 3487 3969 ἀποστῆναι,
3525 3899 3639 3953 ἀλλ’
3664 3901 3786 3964 ὃλος

2202 3994 2303 4062 τῆς
2336 3991 2531 4061 ἡδονῆς
2579 3991 2655 4044 ὢν
2687 3990 3040 4063 ἀνδράποδον,
3089 3991 3186 4046 καὶ
3237 3992 3375 4063 πρὸς
3406 3994 3465 4046 τὸ
3513 3993 3783 4065 βάραθρον

2201 4085 2299 4154 τῆς
2324 4085 2666 4155 παρανομίας
2687 4083 2876 4155 ὥσπερ
2905 4084 2969 4154 δὴ
2998 4083 3148 4155 μύων
3193 4086 3634 4157 καταφερόμενος
3655 4104 3668 4118 ·
3695 4087 3786 4140 ὅτε

2201 4175 2286 4246 δὴ.
2317 4177 2406 4230 ὅτε
2449 4178 2482 4246 ἡ
2535 4175 2746 4247 μεγάλη
2779 4175 2874 4229 τοῦ
2929 4176 3104 4244 Λόγου
3137 4177 3290 4246 φωνὴ
3321 4179 3479 4249 σιγᾷν
3512 4180 3611 4232 οὐκ
3639 4178 3787 4247 ἠνεί-

2201 4286 2348 4339 χετο,
2385 4268 2500 4321 ἀλλ’
2531 4266 2813 4338 ἐξήλεγχε,
2866 4268 2964 4320 καὶ
3010 4269 3110 4338 τῆς
3148 4269 3400 4339 πράξεως
3430 4268 3492 4322 τὸ
3519 4269 3784 4339 ἔκθεσμον

521 4360 679 4415 rodis
721 4359 940 4430 ingenio
966 4359 1346 4426 conveniebat,
1375 4369 1436 4414 ut
1484 4375 1590 4413 non
1631 4360 1792 4413 modo
1838 4358 2094 4413 eruenda-

2202 4359 2564 4430 ὲστηλίτευεν.
2624 4357 2734 4412 Ἦν
2785 4359 2842 4411 δὲ
2866 4359 2962 4412 καὶ
2999 4360 3157 4412 τοῦτο
3193 4360 3456 4432 Ἡρώδου,
3515 4361 3590 4434 μὴ
3623 4365 3783 4432 μόνον

525 4453 694 4506 tionis
725 4466 881 4522 spem
915 4452 1120 4506 nullam
1153 4452 1396 4520 praebere
1418 4492 1432 4516 ,
1465 4451 1558 4507 sed
1607 4461 1661 4506 et
1695 4453 2097 4521 improbitatem

523 4543 756 4610 majoris
817 4542 1068 4596 criminis
1100 4542 1421 4615 accessione
1445 4551 1691 4611 augeret.
1728 4542 1904 4596 Probe
1954 4541 2099 4595 enim

524 4645 808 4708 parentem
870 4650 1029 4690 suum
1088 4635 1416 4689 homicidam
1461 4635 1806 4700 imitabatur,
1837 4643 1891 4688 et
1919 4650 1977 4688 se
2008 4650 2102 4703 ge-

524 4727 769 4782 nuinum
797 4726 946 4781 illius
971 4726 1140 4780 filium
1168 4741 1290 4780 esse
1332 4727 1508 4795 reipsa
1541 4727 1956 4796 comprobabat.
2011 4724 2105 4781 ille

521 4819 674 4873 enim
706 4819 944 4887 aequales
976 4818 1201 4887 Antiqui
1229 4818 1463 4882 dierum,
1494 4819 1586 4888 qui
1609 4827 1833 4887 propter
1867 4835 1968 4874 nos
2023 4820 2105 4872 in-

525 4911 753 4965 fantiam
782 4910 976 4970 subiit.
1012 4919 1274 4980 tanquam
1306 4911 1489 4980 spicas
1513 4913 1862 4973 immaturas,
1892 4927 1957 4965 ex
2003 4911 2105 4965 hac

521 5003 638 5055 vita
664 5001 890 5056 demetit
920 5019 933 5054 :
970 5001 1060 5055 ille
1093 5016 1219 5055 vero
1253 5017 1579 5070 praeconem,
1623 5003 1714 5071 qui
1773 5001 2102 5057 medicinam

524 5090 813 5154 afferebat,
839 5089 1297 5160 putredinemque
1322 5091 1515 5143 animae
1536 5091 1911 5156 exscindebat,
1933 5091 2103 5145 inter-

524 5182 658 5247 ficit,
700 5193 753 5236 et
788 5181 958 5235 miser
997 5195 1121 5236 eum
1149 5182 1244 5250 qui
1285 5192 1344 5234 ut
1373 5182 1592 5236 vincula
1648 5183 1902 5246 solveret,
1938 5183 2102 5237 adve-

521 5277 700 5332 nerat,
729 5269 780 5320 in
810 5266 1026 5320 vincula
1062 5266 1322 5336 conjicit;
1353 5269 1560 5338 quique
1605 5273 1675 5323 ab
1705 5270 1881 5324 oculis
1911 5271 2099 5340 caligi-

512 5364 636 5404 nem
681 5373 700 5397 v
723 5358 984 5421 oluptatls
1020 5355 1394 5426 abstergebat,
1417 5359 1655 5414 carceris
1688 5361 1929 5417 tenebris
1965 5377 2098 5415 con-

512 5439 712 5494 cludit.
751 5442 952 5498 Deinde
988 5447 1225 5501 natalem
1257 5450 1401 5502 diem
1436 5449 1698 5515 celebrat,
1731 5465 1891 5520 quem
1924 5454 2098 5507 satius

514 5533 699 5588 fuerat
750 5536 926 5591 lucem
997 5539 1161 5610 bujus
1221 5542 1355 5596 solis
1412 5557 1695 5613 nunquam
1783 5547 2095 5612 aspexisse,

572 5684 704 5745 ωε
729 5713 860 5770 Luc.
889 5733 967 5783 ιιι,
1004 5717 1064 5772 5.
1145 5718 1362 5777 "Joan.
1396 5738 1433 5788 ι,
1456 5722 1545 5778 99.

2200 4452 2296 4503 καὶ
2326 4450 2685 4504 καθίστασθαι
2713 4450 2850 4521 πρὸς
2883 4449 3193 4521 διόρθωσιν,
3224 4452 3361 4506 ἀλλὰ
3393 4454 3490 4508 καὶ
3534 4455 3596 4507 τὸ
3618 4455 3783 4507 κακὸν

2201 4540 2475 4606 αὐξάνειν,
2511 4539 2756 4613 μείζονος
2783 4542 3072 4613 προσθήκῃ
3118 4542 3314 4611 κακοῦ.
3371 4544 3640 4614 Ἀκριὸὦς
3674 4547 3781 4615 γὰρ

2200 4636 2292 4690 τὸν
2317 4635 2582 4705 φονευτὴν
2611 4635 2861 4704 ἐμιμεῖτο
2896 4633 3132 4706 πατέρα,
3164 4635 3260 4688 καὶ
3300 4635 3374 4699 ὼς
3416 4636 3625 4690 ἐκείνου
3656 4655 3784 4708 γνη-

2204 4728 2296 4781 σία
2323 4727 2500 4796 σπορά
2524 4725 2798 4779 ἐϐεϐαίου.
2840 4725 2897 4777 '0
2929 4727 3027 4795 μὲν
3050 4726 3159 4798 γὰρ
3199 4727 3326 4791 τοὺς
3363 4727 3659 4797 ἡλικιώτας
3690 4728 3784 4782 τοῦ

2204 4818 2444 4872 Παλαιοῦ
2475 4817 2584 4869 τῶν
2624 4816 2848 4887 ἡμερῶν
2889 4817 2957 4869 δι’
2992 4818 3140 4887 ἡμᾶς
3185 4819 3571 4891 νηπιάσαντος,
3606 4816 3696 4874 οἷα
3722 4820 3784 4890 δὴ

2205 4910 2406 4978 στάχυς
2433 4908 2645 4978 ἀώρους
2668 4911 2766 4977 τῆς
2794 4908 2940 4978 ζωῆς
2967 4909 3286 4979 άποκείρει”
3307 4913 3336 4963 ὁ
3365 4910 3422 4963 δὲ
3454 4910 3545 4964 τὸν
3569 4913 3784 4984 κήρυκα

2202 5002 2298 5072 τὴν
2327 5002 2625 5071 θεραπείαν
2670 5000 3086 5070 είσηγούμενον,
3133 5001 3227 5055 καὶ
3263 5002 3365 5073 τὴν
3393 5003 3663 5073 σηπεδόνα
3695 5005 3785 5058 τὲ-

2207 5111 2406 5164 μνοντα
2431 5093 2532 5161 τῆς
2561 5092 2761 5163 ψυχῆς,
2798 5093 3158 5161 ἀποσφάττει.
3201 5095 3312 5148 Καὶ
3341 5095 3372 5147 ὁ
3417 5095 3650 5160 δείλαιος
3694 5096 3785 5153 τὸν

2200 5184 2384 5256 λύσειν
2409 5185 2570 5238 αὑτὸν
2600 5182 2816 5254 δεσμῶν
2853 5182 3270 5254 βεὸουλημένον,
3306 5184 3522 5256 δεσμοῖς
3549 5187 3785 5241 ὑποϐάλ-

2205 5278 2307 5330 λειο
2341 5281 2435 5329 καὶ
2467 5275 2557 5328 τὸν
2610 5275 3053 5346 ἁποκαθαίροντα
3087 5277 3196 5329 τῶν
3251 5276 3546 5349 ὀφθαλμῶν
3591 5279 3689 5349 τὴν
3729 5281 3784 5346 ἐξ

2206 5370 2397 5442 ἡδονῆς
2422 5369 2610 5438 ἀχλὺν,
2642 5368 2819 5438 σκότῳ
2843 5370 3085 5440 φρουρᾶς
3119 5369 3432 5422 ἀποκλείει·
3472 5368 3593 5424 εἶτα
3634 5390 3786 5440 γενε·

2209 5461 2340 5514 σίων
2395 5460 2588 5532 ἑορτὴν
2634 5465 2946 5532 συγκροτεῖ,
3001 5455 3046 5531 ᾧ
3074 5461 3302 5532 ἄμεινον
3329 5459 3420 5533 ἦν,
3480 5465 3606 5535 μηδ’
3649 5466 3787 5529 ὅλως

2209 5553 2344 5624 πρὸς
2370 5552 2540 5623 αὐγὰς
2569 5553 2724 5624 ἡλίου
2752 5554 2945 5620 ἐλθεῖν,
2980 5555 3074 5609 καὶ
3106 5559 3269 5611 παῖδα
3308 5557 3407 5626 τῆς
3451 5557 3785 5631 συμφθειρο-
