4086 6298
341 283 449 349 197

849 285 1136 348 ORATIO
1172 284 1327 349 XVI.
1362 311 1434 323 -
1475 287 1556 346 ΙΝ
1591 281 2233 346 DECOLLATIONEM
2273 282 2331 342 S.
2374 281 2700 343 JOANNIS
2721 281 3129 343 BAPTISTE.

3524 278 3626 343 198

343 398 513 466 μένης
531 398 609 459 είς
631 397 861 473 ὄρχησιν
886 398 1266 468 προύκαλεῖτο,
1293 398 1388 452 καὶ
1417 398 1514 450 ἐπὶ
1533 396 1755 457 θεαταῖς
1782 395 1934 463 ἑτέρ-

2044 394 2322 463 ﬁliamque
2351 395 2616 450 adultera:
2645 396 2714 450 ad
2765 397 3119 452 saltationem
3165 394 3524 467 provocabat,
3572 402 3630 450 et

339 503 496 550 πετο,
522 481 590 558 ἦς
625 487 735 540 ἔδει
776 489 871 541 καὶ
907 489 1068 557 μόνον
1090 489 1375 560 ὁρωμένης
1419 487 1790 556 ἀποστρέφειν
1839 486 1939 548 τὰς

337 575 514 643 ὄψεις,
537 576 611 638 ὡς
649 576 924 646 φερούσης
968 579 1092 631 τινὰ
1122 567 1462 650 ὲρυθρίθασιν,
1494 579 1577 645 ἐφ’
1603 572 1686 639 οἷς
1715 579 1779 645 τῇ
1812 575 1940 627 ταύ-

333 686 436 738 της
469 669 638 739 μητρὶ
692 671 1155 742 συνησέλγαινεν·
1205 673 1233 724 ὁ
1282 671 1340 725 δὲ
1390 671 1485 725 καὶ
1531 672 1612 732 είς
1677 667 1939 732 ἐπίδειξιν

333 760 484 827 ἄγει,
517 763 612 815 καὶ
661 762 861 826 θεατὰς
905 763 1046 833 ἔχων
1091 763 1192 833 τῆς
1239 762 1543 832 παρανοίας
1589 760 1935 831 σεμνύνεται.

335 854 572 922 Προσέτι
604 856 698 908 καὶ
723 856 891 926 τιμῆς
916 856 1138 909 ὠνεῖται
1173 856 1271 925 τὴν
1302 856 1553 928 ὁρχησιν,
1577 855 1673 908 καὶ
1702 855 1804 922 τὴν
1837 853 1934 922 βα-

337 945 548 998 σιλείαν
581 945 889 1017 μερίζεται,
922 947 1145 1016 ἐρώτων
1171 949 1267 1001 καὶ
1299 947 1469 1018 μέθης
1517 946 1608 1000 τὸν
1635 945 1819 999 ἄθλιον
1849 946 1938 997 λο-

333 1037 538 1106 γισμὸν
569 1037 1026 1103 ταλαντευόντων,
1066 1039 1162 1092 καὶ
1202 1038 1388 1092 δίδωσι
1423 1037 1690 1107 κεφαλὴν,
1736 1037 1938 1105 κειμή-

333 1131 452 1182 λιον
475 1129 568 1182 τοῦ
605 1131 948 1199 Πνεύματος,
1004 1128 1168 1184 ἆθλον
1200 1132 1482 1204 ὀρχὴσεως
1533 1130 1786 1199 ἐναγοῦς,
1816 1129 1937 1182 ἀντὶ

335 1222 432 1274 τοῦ
461 1223 561 1292 τῆς
591 1221 871 1291 βασιλείας
901 1223 1139 1292 ἡμίσους
1163 1239 1178 1254 ο
1212 1218 1280 1292 ἧς
1308 1223 1410 1275 οὐκ
1433 1219 1502 1294 ἦν
1535 1222 1655 1284 ὅλος
1677 1225 1704 1275 ὁ
1731 1223 1936 1291 κόσμος

333 1313 621 1378 ἀντάξιος·
657 1315 752 1367 καὶ
784 1315 1028 1368 δείκνυσι
1063 1315 1296 1386 φοϐερὸν
1329 1317 1445 1385 ἀμα
1478 1315 1573 1368 καὶ
1608 1313 1936 1385 σκυθρωπὸν

334 1406 452 1468 τοῖς
481 1405 890 1476 εὐωχουμένοις
921 1406 1124 1478 θέαμα.
1157 1408 1223 1461 Τί
1253 1412 1450 1471 ποιεῖς,
1485 1409 1745 1479 ἄνθρωπε
1772 1425 1787 1474 ;
1818 1408 1935 1472 εἴγε

331 1496 420 1550 δεῖ
443 1496 627 1550 καλεῖν
647 1497 958 1570 ἄνθρωπον,
983 1499 1075 1550 τὸν
1105 1498 1286 1552 πάντα
1335 1498 1598 1569 λογισμὸν
1650 1497 1936 1571 ἀφῃρημέ-

332 1604 430 1641 νον
454 1586 818 1660 ἀνθρώπινον.
849 1587 1074 1654 Καλεῖς,
1096 1590 1182 1658 ἐφ’
1205 1580 1250 1658 ᾧ
1275 1590 1600 1659 εὐφρανεῖς;
1630 1589 1933 1660 ἑορτάζεις,

333 1676 431 1733 ἵνα
456 1677 796 1750 φαιδρότητα
826 1678 1158 1749 ὲμποιήσης,
1192 1680 1289 1733 καὶ
1318 1678 1462 1732 οὕτω
1508 1679 1812 1749 κατηφείας
1841 1680 1936 1733 καὶ

2042 498 2152 536 una
2223 499 2348 537 eum
2403 486 2809 552 spectatoribus
2860 487 3257 551 delectabatur,
3309 502 3340 540 a
3383 502 3492 556 qua
3543 485 3630 540 vel

2040 575 2221 644 primo
2259 586 2510 646 aspectu,
2545 578 2740 634 oculos
2796 593 3050 636 avertere
3097 580 3356 646 debebat,
3385 587 3449 634 ut
3508 592 3631 648 qua:

2040 668 2298 724 ruborem
2327 672 2622 737 incuteret,
2663 688 2729 728 eo
2750 673 2900 743 quod
2931 689 3055 728 cum
3083 685 3260 728 matre
3289 673 3440 728 illius
3463 671 3635 741 turpi-

2039 767 2123 814 ter
2171 770 2583 818 consuesceret.
2632 764 2705 818 At
2769 780 2901 820 vero
2957 765 3227 842 iste.eam
3254 767 3309 820 in
3347 765 3629 834 publicum

2039 851 2319 920 producit,
2351 861 2406 907 et
2435 871 2557 909 cum
2581 858 2820 911 vesaniae
2853 867 3198 926 speetatores
3232 857 3480 921 haberet,
3512 858 3630 927 glo-

2040 943 2314 1001 riabatur.
2372 946 2574 1001 Adhaec
2603 949 2815 1005 honore
2841 951 3003 1004 etiam
3035 951 3382 1005 saltationem
3411 966 3630 1005 merca-

2042 1041 2150 1095 tur,
2181 1044 2233 1089 et
2270 1051 2495 1106 regnum
2540 1039 2798 1108 partitur,
2835 1056 3023 1094 amore
3057 1049 3112 1095 et
3138 1042 3406 1096 ebrietate
3460 1041 3631 1096 mise-

2039 1139 2158 1179 ram
2187 1139 2420 1182 mentem
2442 1129 2546 1184 huc
2569 1131 2806 1201 illucque
2826 1132 3185 1195 distrahente,
3211 1132 3414 1203 datque
3442 1140 3629 1203 caput,

2042 1216 2286 1287 Spiritus
2316 1223 2495 1273 sancti
2530 1220 2875 1282 thesaurum,
2909 1223 3330 1277 remunerandaa
3353 1225 3632 1292 sacrilegae

2040 1311 2346 1370 saltationi.
2372 1312 2496 1366 loco
2529 1312 2744 1366 dimidii
2785 1297 2961 1383 regni;
2998 1331 3108 1383 quo
3131 1317 3310 1384 capite
3335 1331 3514 1385 neque
3549 1325 3632 1370 to-

2038 1406 2128 1453 tus
2160 1402 2396 1477 mundus
2427 1402 2721 1471 pretiosior
2750 1413 2891 1468 erat,
2915 1405 3189 1474 infertque
3223 1407 3280 1459 in
3311 1407 3630 1460 convivium

2039 1493 2346 1547 terriﬁcum
2379 1495 2544 1548 simul
2579 1507 2634 1550 et
2666 1496 2827 1550 triste
2857 1499 3256 1566 spectaculum.
3291 1499 3436 1565 Quid
3486 1501 3628 1570 agis,

2037 1598 2071 1639 0
2099 1584 2301 1640 homo?
2328 1586 2375 1640 si
2405 1585 2570 1640 homo
2597 1587 2881 1642 vocandus
2909 1598 3012 1654 εει,
3047 1589 3139 1657 qui
3174 1590 3325 1644 omni
3386 1592 3631 1646 humano
3728 1624 3731 1627 ι

2040 1691 2205 1735 sensu
2243 1685 2328 1732 est
2355 1681 2611 1734 orbatus.
2644 1678 2848 1745 Vocas,
2875 1689 2934 1734 ut
2969 1682 3206 1749 lmte‘ris;
3253 1685 3491 1739 natalem
3541 1699 3634 1738 ce-

335 1743 800 1840 σκυθρωπότητος
823 1743 884 1822 to
915 1743 1221 1840 συμπόσιον
1241 1774 1419 1834 ποιεῖς
1450 1743 1682 1840 μεστόνξ
1710 1771 1807 1834 Τίς
1827 1773 1933 1843 γὰρ

2044 1767 2245 1834 lebras,
2290 1779 2350 1822 ut
2397 1777 2630 1825 cunctos
2682 1773 2983 1837 exhilares,
3038 1783 3093 1828 et
3137 1783 3287 1828 tanta
3343 1775 3628 1840 maestitia,

332 1862 438 1914 οὐκ
467 1862 532 1914 ἂν
581 1861 692 1915 τῶν
746 1863 1034 1932 παρόντων
1086 1863 1210 1916 τότε
1240 1863 1546 1933 κατηφείας
1579 1862 1919 1934 ὲνεπλήσθη;

333 1952 424 2016 τίς
449 1954 549 2006 οὐκ
580 1953 646 2007 ἂν
682 1953 890 2025 ἤλγησε
937 1954 1037 2024 τὴν
1082 1952 1285 2025 ψυχὴν,
1337 1953 1423 2024 ἐφ’
1455 1953 1602 2007 οὕτω
1646 1954 1805 2023 ξένῳ,
1832 1953 1929 2004 καὶ

333 2040 449 2100 οἷον
473 2048 575 2100 οὐκ
604 2044 714 2100 εἶδέ
745 2065 875 2100 ποτε
900 2047 1172 2119 τράπεζα,
1207 2047 1477 2118 θεάματι;
1521 2047 1716 2101 Ὁπότε
1741 2047 1805 2117 δὴ
1839 2045 1937 2100 καὶ

332 2139 402 2192 σύ
432 2156 495 2208 γε
527 2140 690 2203 αὐτὸς
719 2139 780 2192 ού
822 2142 992 2210 χωρὶς
1024 2139 1202 2210 λύπης
1240 2139 1605 2194 διατεθεῖσθαι
1638 2141 1933 2210 προσποιῇ,

332 2233 420 2295 τίς
457 2231 678 2301 ἐκείνην
733 2232 957 2304 θεωρῶν
989 2232 1090 2304 τὴν
1117 2230 1384 2303 κεφαλὴν,
1414 2231 1513 2284 οὐκ
1537 2232 1604 2287 ἂν
1641 2225 1724 2294 οἷς
1757 2231 1936 2301 ὲκόμα

332 2328 562 2397 ἀγαθοῖς
590 2326 788 2382 ὲννοῶν
815 2367 830 2393 ,
863 2327 1063 2399 θάμϐει
1106 2344 1167 2380 τε
1198 2326 1527 2397 κατεσχέθη,
1563 2327 1659 2380 καὶ
1691 2327 1791 2397 τὴν
1836 2327 1936 2397 σὴν

333 2421 446 2474 τῶν
477 2420 741 2489 γενεσίων
764 2419 979 2491 ἡμέραν
1010 2417 1363 2490 ὲπηράσατο;
1395 2416 1595 2481 Καλῶς
1639 2435 1704 2487 γε
1739 2419 1940 2488 σὺιτῆς

336 2513 438 2583 σῆς
464 2511 683 2565 ἀνοσίου
710 2511 880 2581 γονῆς
905 2510 1007 2582 τὴν
1036 2510 1254 2582 ἡμέραν
1276 2511 1444 2580 τιμᾷς
1468 2523 1480 2537 ·
1505 2512 1564 2563 ὲν
1657 2507 1825 2582 ὲχρῆῖν
1846 2511 1940 2563 καὶ

333 2608 427 2660 τὸν
458 2607 784 2660 αἰτιώτατον
809 2606 1071 2659 ἀπολύειν
1103 2605 1360 2670 Θανάτου,
1405 2607 1464 2658 ὲν
1487 2604 1664 2676 ταύτῃ
1693 2606 1785 2659 τὸν
1817 2606 1940 2677 μεί-

334 2697 470 2762 ζονα
503 2699 725 2751 πάντων
752 2697 1050 2769 προφητῶν
1087 2697 1316 2766 ὑπάγων
1351 2696 1602 2768 Θανάτῳ·
1647 2697 1770 2752 καθ’
1794 2699 1863 2768 ἣν
1891 2698 1943 2751 εῐ

334 2808 390 2844 τι
445 2791 755 2856 κάλλιστον,
814 2794 912 2845 καὶ
953 2790 1090 2862 πρὸς
1145 2787 1430 2861 χαρμονὴν
1496 2791 1942 2861 ἐπιτηδειότατον

335 2882 510 2953 ἐχρῆν
542 2883 914 2953 προστιθέναι,
945 2884 1004 2935 ἐν
1030 2880 1204 2952 ταύτῃ
1233 2883 1481 2953 κεφαλὴν
1511 2882 1608 2934 τοῦ
1649 2881 1751 2950 τῆς
1800 2900 1942 2951 σφα-

335 2976 447 3046 γῆς
491 2977 910 3040 ἀποστάζουσαν
938 2957 1182 3046 αἵματος
1205 2976 1508 3049 προτιθείς.
1589 2976 1678 3040 Ὠς
1708 2977 1942 3042 δείλαιος

339 3068 442 3138 μὲν
465 3068 576 3121 τῶν
597 3070 826 3132 ὠδίνων,
858 3069 926 3133 ἃς
958 3069 1052 3122 ἐπὶ
1081 3069 1162 3138 τῷ
1189 3068 1391 3123 σαυτοῦ
1408 3069 1606 3132 ἔλυσας
1635 3070 1793 3140 κακῷ
1819 3073 1832 3122 l
1865 3070 1941 3132 ὼς

335 3158 576 3222 δείλαιος
603 3159 662 3212 δὲ
687 3159 794 3212 τῶν
828 3158 1160 3228 ἀκαθάρτων
1186 3159 1426 3230 ἐρώτων,
1447 3153 1530 3222 οἷς
1564 3159 1792 3230 κάτοχος
1821 3160 1943 3224 ὅλος

333 3247 655 3318 γενόμενος,
688 3249 828 3319 πρὸς
852 3247 998 3302 οὕτω
1025 3249 1309 3321 προήχθης
1334 3249 1566 3303 ἔκτοπον
1588 3250 1848 3320 τόλμημα
1869 3251 1883 3304 ι

413 3507 541 3568 Οἷον
569 3513 627 3567 δὲ
656 3514 755 3567 καὶ.
780 3511 842 3567 τὸ
872 3513 1065 3585 σχῆμα
1098 3515 1195 3570 τοῦ
1241 3517 1316 3588 μὴ
1371 3517 1579 3571 ὲθέλειν
1627 3518 1947 3573 ἁνανεύσειν

335 3605 482 3674 πρὸς
508 3606 608 3676 τὴν
635 3605 878 3676 σφαγὴν,
905 3607 1041 3677 μηδὲ
1065 3609 1167 3662 τὴν
1186 3610 1403 3678 αἴτησιν
1431 3609 1695 3677 ἀσελγοῦς
1721 3615 1946 3679 γυναίου

335 3691 809 3764 διακρούσασθαι;
844 3694 944 3747 Διά
977 3695 1086 3765 γὰρ
1113 3696 1241 3758 τοὺς
1277 3697 1696 3768 ἀνακειμένους,
1732 3700 1828 3752 καὶ
1859 3699 1947 3753 ἵνα

338 3786 472 3849 τοὺς
521 3785 725 3854 ὅρκους
780 3783 1319 3858 ὲμπεδὼσηται,τὴν
1361 3789 1576 3860 σφαγὴν
1635 3791 1944 3860 ἐπιτρέπει,

339 3878 444 3929 καὶ
478 3878 585 3948 μὴν
611 3878 660 3930 εἰ
689 3876 782 3930 καὶ
805 3877 894 3930 διὰ
916 3877 1084 3948 μηδὲν
1106 3879 1256 3941 ἄλλο,
1284 3881 1372 3934 διά
1394 3898 1456 3950 γε
1491 3882 1665 3936 ταῦτα
1689 3884 1858 3954 ἐχρῆν
1886 3883 1947 3937 τὸ

336 3967 571 4036 γύναιον
597 3970 1030 4039 ἀποπέμπεσθαι
1057 4010 1073 4034 ,
1104 3971 1194 4022 ἵνα
1221 3989 1282 4024 τε
1327 3972 1404 4043 μὴ
1444 3974 1739 4039 ἀνιαθεῖεν,
1771 3975 1946 4039 οὕτως

339 4061 736 4132 ἀπανθρώπως
786 4063 836 4114 οἱ
894 4062 1250 4133 ἀνακείμενοι
1297 4065 1689 4135 εὐωχούμενοι,
1735 4068 1829 4120 καὶ
1860 4069 1947 4120 ἵνα

342 4155 428 4222 μὴ
456 4153 670 4222 γέλωτα
697 4153 891 4229 ὅφλῃς,
933 4154 1053 4208 ἀντὶ
1095 4155 1190 4208 τοῦ
1221 4156 1398 4210 δοκεῖν
1429 4158 1699 4229 εὐορκεῖψ
1723 4160 1808 4223 τίς
1837 4159 1946 4232 γὰρ

339 4245 503 4315 ὤφθη
545 4247 790 4300 τοιοῦτόν
845 4265 977 4301 ποτε
1009 4247 1182 4320 δῶρον
1207 4249 1652 4320 ύπισχνημένος;
1717 4251 1859 4305 Ἀλλ’
1883 4253 1946 4306 ού

342 4338 513 4408 μόνον
536 4340 756 4392 ἀνίατον
784 4342 816 4410 ἡ
844 4339 1032 4410 μανία,
1068 4342 1164 4394 καὶ
1209 4341 1445 4412 μάλιστα
1483 4344 1582 4414 ὅση
1622 4343 1684 4409 ἐξ
1723 4343 1946 4416 ὲρὼτων

341 4431 444 4483 καὶ
474 4431 671 4501 μέθης,
703 4431 840 4485 ἀλλά
861 4434 959 4520 καὶ
988 4433 1212 4502 δόκησιν
1259 4436 1483 4505 ἐμποιεῖ
1519 4439 1796 4502 τοιούτους
1837 4440 1951 4492 ὲτὲ-
1981 4464 2026 4520 D

343 4540 476 4593 ρους
504 4524 779 4590 ἡγεῖσθαι,
827 4517 1044 4594 οἷοίπερ
1083 4525 1240 4578 αὐτοὶ
1272 4527 1338 4597 τῇ
1392 4527 1625 4598 ἀληθείᾳ
1650 4529 1814 4584 εἰσίν.
1855 4530 1946 4594 Ὠς

339 4616 443 4669 καὶ
468 4613 564 4665 νῦν
598 4613 844 4684 Ἡρώδης
877 4616 972 4668 τοῦ
996 4616 1340 4685 προφητικοῢ
1364 4617 1535 4687 διψῶν
1561 4619 1814 4688 αἵματος,
1836 4638 1940 4673 παι

343 4703 604 4775 ραπαίων
637 4707 716 4763 εἰς
737 4697 1092 4774 ἐκπλήρωσιν
1116 4705 1218 4775 τῆς
1246 4706 1546 4776 ἐπιθυμίας
1577 4705 1767 4770 αὑτοῦ,
1815 4707 1946 4768 τοὺς

343 4798 851 4866 συνανακειμένους
915 4797 1304 4866 προϐάλλεται,
1340 4799 1417 4860 ὡς
1471 4799 1573 4852 οὐκ
1611 4799 1678 4851 ἂν
1717 4796 1946 4850 ἐκείνων

340 4891 479 4945 οἴων
505 4908 566 4944 τε
596 4890 766 4944 ὅντων
794 4891 894 4961 τὴν
921 4891 1148 4960 ἀνόητον
1171 4890 1378 4961 ταύτην
1423 4891 1720 4959 διαγνῶναι
1768 4907 1942 4962 προσ-

344 4981 592 5052 ποίησιν.
633 4981 780 5053 Π>.ὴν
808 4984 837 5036 ὁ
867 4981 1182 5053 Βαπτιστὴς
1227 4983 1598 5053 ἀποτέμνεται
1647 4986 1746 5052 τὴν
1774 5000 1947 5051 κεφα-

343 5074 471 5144 λὴν,
531 5073 622 5126 καὶ
679 5071 979 5142 προθύεται
1013 5071 1107 5124 τοῦ
1140 5074 1390 5142 αἴροντος
1428 5071 1628 5144 Ἀμνοῦ
1663 5074 1759 5136 τὰς
1785 5073 1947 5143 ἡμῶν

345 5167 652 5238 ἁμαρτίας,
698 5164 892 5234 ὥσπερ
926 5163 1004 5234 τῷ
1045 5166 1190 5235 τόκῳ
1219 5165 1464 5236 μετέχων
1488 5164 1583 5218 τοῦ
1615 5163 1762 5216 θείου
1785 5165 1948 5217 τόκου

343 5256 450 5310 τοῦ
485 5256 786 5324 θαύματος,
821 5255 889 5309 δι’
937 5250 1013 5309 ὧν
1053 5257 1120 5308 ὲκ
1162 5255 1551 5328 στειρευούσης
1584 5255 1823 5327 προῆλθε
1846 5272 1950 5324 γα-

348 5347 541 5418 στρὸς,
577 5347 722 5401 οὕτω
753 5347 848 5400 καὶ
877 5351 942 5420 τῇ
968 5351 1034 5401 ὲκ
1059 5347 1169 5401 τῶν
1194 5347 1345 5401 κάτω
1384 5347 1517 5418 πρὸς
1547 5349 1617 5400 τὰ
1646 5347 1760 5400 ἄνω
1784 5363 1955 5417 μετα-

347 5441 601 5512 χωρήσει
624 5440 903 5492 κοινωνῶν
925 5443 992 5509 τῇ
1025 5439 1244 5511 πορείᾳ,
1279 5440 1345 5492 δι’
1372 5433 1448 5494 ὧν
1467 5439 1562 5492 τοῦ
1585 5438 1787 5492 ἀθύτου
1813 5456 1955 5507 σφα-

349 5533 478 5602 γίου
518 5531 1017 5602 προσφαγιάζεται,
1065 5533 1160 5586 καὶ
1216 5533 1427 5601 γίνεται
1475 5531 1667 5603 ὥσπερ
1698 5535 1762 5602 τῇ
1800 5531 1954 5584 λύσει

349 5625 470 5679 τῶν
514 5623 740 5690 ὠδίνων,
773 5623 918 5678 οὕτω
942 5627 1036 5679 καὶ
1074 5629 1142 5699 τῇ
1181 5627 1260 5690 εἰς
1287 5625 1414 5697 ᾆδον
1444 5625 1692 5696 φοιτήσει
1727 5625 1819 5679 τοῦ
1854 5627 1953 5677 Δε-

437 5804 482 5834 "
522 5801 690 5856 Marc.
726 5816 801 5867 Vi,
832 5799 924 5857 26.

2037 1860 2465 1930 animorumque
2526 1863 2986 1919 conSIernatione
3047 1865 3366 1919 convivium
3415 1867 3634 1936 replcs?

2038 1951 2175 2019 Quis
2205 1953 2352 2007 enim
2384 1955 2739 2024 praesentium
2796 1956 2952 2025 gravi
2987 1958 3211 2012 tristitia
3249 1966 3382 2013 tunc
3413 1975 3523 2014 non
3545 1968 3633 2015 est

2037 2044 2362 2100 sauciatus?
2389 2042 2526 2110 Quis
2555 2061 2666 2099 non
2696 2047 2880 2100 animo
2914 2046 3151 2101 indoluit
3187 2048 3256 2102 oh
3307 2057 3420 2102 tam
3472 2065 3634 2117 pere-

2036 2139 2280 2210 grinum.
2305 2147 2360 2194 et
2381 2140 2542 2209 quale
2563 2141 2652 2194 vix
2680 2140 2787 2194 ulla
2814 2157 3004 2197 mensa
3053 2142 3208 2206 vidit,
3231 2145 3633 2212 spectaculum,

2039 2233 2264 2302 quando
2295 2239 2351 2286 et
2388 2239 2446 2285 tu
2479 2232 2597 2300 ipse
2632 2241 2685 2286 te
2716 2247 2957 2287 num-ore
2984 2233 3238 2288 aﬂectum
3269 2250 3392 2289 esse
3429 2252 3540 2303 prae
3581 2245 3637 2291 te

2039 2318 2177 2375 fers.
2209 2319 2345 2384 Quis
2370 2328 2540 2390 caput
2568 2318 2700 2373 illud
2733 2319 2961 2375 intuens
2990 2331 3044 2374 et
3075 2321 3281 2389 quibus
3326 2321 3490 2378 bonis
3537 2322 3639 2379 ﬁo-

2039 2417 2208 2474 reret,
2241 2421 2426 2464 mente
2471 2417 2756 2478 reputans,
2816 2418 3050 2477 stupore
3097 2426 3208 2464 non
3256 2421 3342 2466 est
3395 2413 3634 2479 deﬁxus,

2041 2513 2152 2552 non
2180 2497 2300 2553 sine
2333 2499 2538 2554 natalis
2563 2499 2644 2552 tui
2665 2501 3092 2556 exsecratione?
3124 2500 3364 2558 Pulchre
3389 2505 3638 2574 profecto

2041 2589 2353 2646 detestandi
2387 2601 2546 2646 ortus
2577 2591 2655 2644 tui
2685 2590 2831 2646 diem
2871 2590 3148 2648 honoras!
3187 2595 3241 2648 in
3297 2610 3405 2665 qua
3438 2613 3642 2654 nocen-

2041 2681 2298 2738 tissimus
2320 2683 2558 2752 quisque
2595 2695 2626 2735 a
2653 2689 2831 2736 morte
2861 2682 3179 2740 liberandus
3201 2695 3344 2751 erat,
3383 2688 3489 2742 hac
3519 2704 3637 2742 ma-

2039 2771 2217 2842 jorem
2247 2773 2506 2827 omnibus
2536 2771 2822 2841 prophetis
2847 2774 3011 2827 morti
3050 2773 3245 2830 tradis.
3273 2775 3389 2842 Qua
3414 2778 3466 2832 id
3493 2780 3638 2847 quod

2043 2864 2308 2921 omnibus
2361 2862 2777 2935 pulchritudine
2808 2867 3132 2933 praestabat,
3167 2875 3222 2921 et
3274 2867 3341 2920 ad
3393 2867 3636 2924 laetitiam

2045 2954 2400 3010 excitandam
2454 2953 2695 3008 maxime
2741 2954 2981 3018 valebat,
3017 2957 3438 3025 proponendum
3495 2962 3636 3027 erat,

1969 3085 2012 3147 ϐ
2046 3051 2151 3102 hac
2201 3056 2261 3102 tu
2314 3058 2478 3117 caput
2513 3046 2842 3117 sanguinem
2907 3062 2976 3102 ex
3035 3051 3240 3104 recenti
3275 3050 3424 3106 caede
3459 3054 3640 3108 adhuc

2049 3140 2292 3207 stillans,
2315 3140 2599 3208 proponis.
2666 3138 2713 3194 Ο
2751 3138 3001 3196 infelices
3023 3149 3180 3198 ortus
3229 3144 3309 3197 tui
3338 3146 3639 3208 cruciatus,

2048 3231 2143 3300 qui
2171 3237 2329 3285 tanto
2349 3238 2445 3284 tuo
2478 3229 2624 3285 malo
2650 3237 2780 3286 sunt
2803 3231 2990 3286 soluti.
3024 3231 3199 3297 Quam
3244 3236 3416 3290 miser
3447 3253 3526 3300 cs,
3569 3240 3642 3292 ob

2049 3325 2298 3395 impuros
2340 3339 2560 3380 amores
2583 3363 2600 3390 ,
2649 3337 2888 3394 quorum
2941 3323 3131 3381 furore
3162 3337 3358 3394 captus
3391 3340 3447 3384 et
3483 3332 3644 3386 abre-

2050 3428 2176 3486 ptus
2210 3416 2262 3469 in
2295 3426 2403 3470 tam
2436 3415 2735 3472 nefandum
2769 3416 2986 3473 facinus
3019 3419 3342 3488 prorupisti.

2121 3508 2311 3576 Qualis
2352 3523 2486 3564 vero
2517 3508 2609 3563 ille
2654 3516 2974 3579 praetextus,
3010 3511 3156 3565 nolle
3189 3511 3246 3564 in
3274 3512 3478 3567 caulem
3510 3529 3644 3569 con-

2051 3601 2297 3668 sentire;
2331 3611 2388 3656 et
2425 3610 2608 3655 tamen
2641 3600 2862 3657 lascivae
2892 3602 3141 3657 mulieris
3170 3604 3488 3673 petitionem
3532 3623 3643 3661 non

2052 3694 2388 3763 repudiare?
2449 3692 2588 3747 Nam
2620 3700 2849 3764 propter
2900 3694 3066 3749 simul
3110 3695 3543 3764 discumbentes,
3589 3708 3644 3754 ct

2050 3795 2112 3841 ut
2164 3786 2562 3856 jusjurandum
2641 3786 2911 3851 ﬁrmaret,
2981 3787 3188 3842 caedem
3258 3791 3527 3858 permittit
3574 3794 3643 3847 ".

2049 3874 2215 3945 Atqui
2250 3878 2296 3932 si
2330 3891 2438 3929 non
2479 3875 2618 3930 alias
2651 3876 2724 3930 ob
2750 3867 2970 3941 causas,
2994 3887 3145 3930 certe
3167 3876 3240 3931 ob
3280 3876 3383 3931 has
3414 3880 3646 3932 mulier-

2050 3969 2175 4023 cula
2225 3967 2576 4022 amandanda
2650 3977 2792 4032 erat,
2829 3981 2900 4022 ne
2931 3968 3027 4038 qui
3079 3967 3242 4022 simul
3275 3969 3646 4037 epulabantur

2052 4068 2168 4122 tam
2227 4057 2535 4112 inhumano
2567 4058 2893 4128 spectaculo
2926 4058 3425 4127 contristarcntur,
3463 4073 3519 4116 et
3575 4079 3646 4118 ne

2053 4151 2354 4206 ludibrium
2396 4149 2582 4217 ﬁeres,
2618 4151 2747 4205 dum
2782 4160 2974 4206 sancte
3003 4151 3228 4220 jurasse
3254 4153 3428 4208 videri
3464 4158 3644 4225 cnpi‘s.

2053 4242 2190 4310 Quis
2224 4242 2374 4296 enim
2424 4256 2671 4310 unquam
2718 4240 2828 4295 tale
2851 4241 3062 4295 donum
3091 4242 3374 4311 pollicitus
3405 4247 3530 4298 est?
3577 4249 3648 4299 At

2054 4352 2163 4390 non
2194 4335 2375 4390 solum
2409 4335 2635 4389 vesania
2667 4334 3092 4390 immedicabilis
3125 4343 3232 4397 est,
3295 4338 3644 4404 potissimum

2054 4429 2170 4490 illa,
2194 4443 2317 4496 quae
2344 4445 2410 4482 cx
2442 4442 2630 4481 amore
2646 4433 2700 4480 et
2720 4426 2987 4482 ebrietate
3020 4429 3295 4493 nascitur,
3320 4432 3416 4483 sed
3442 4439 3496 4484 et
3527 4432 3648 4498 Opi-

2052 4518 2275 4573 nionem
2333 4518 2645 4586 ingenerat,
2681 4516 2838 4584 quasi
2888 4524 2944 4570 et
3000 4517 3094 4570 alii
3127 4517 3239 4572 sint
3263 4520 3425 4583 tales,
3455 4522 3649 4589 quales

2055 4613 2180 4682 ipsi.
2212 4612 2290 4664 Ita
2352 4609 2406 4663 in
2441 4609 2699 4678 prmsenti
2734 4606 2982 4664 Herodes
3009 4610 3336 4678 sanguinem
3371 4613 3649 4680 propheta:

2053 4703 2275 4766 sitiens,
2306 4702 2600 4771 cupiditati
2631 4715 2746 4754 sua:
2775 4699 3060 4769 explenda:
3087 4701 3255 4755 simul
3303 4701 3653 4756 discumben-

2053 4805 2136 4852 tes
2166 4795 2365 4850 stolide
2395 4795 2670 4865 praetexit,
2702 4808 2766 4847 ac
2792 4794 2837 4846 si
2878 4801 3096 4847 tantum
3124 4795 3366 4850 rationis
3393 4811 3500 4848 non
3551 4797 3651 4848 ha-

2053 4887 2244 4940 hcrent
2266 4926 2281 4949 ,
2314 4895 2372 4938 ut
2404 4895 2512 4936 tam
2550 4884 2757 4936 fatuam
2812 4883 3224 4938 simulationem
3255 4895 3648 4954 agnoscerent.

2049 4977 2321 5032 Caeterum
2357 4984 2522 5045 caput
2550 4974 2811 5044 Baptista:
2869 4983 3210 5044 amputatur,
3261 4987 3315 5031 et
3368 4977 3653 5031 sacriﬁca-

2052 5081 2142 5125 tur
2181 5069 2336 5140 prius
2399 5071 2493 5123 illo
2537 5069 2718 5138 Agno.
2766 5067 2862 5137 qui
2921 5068 3067 5122 tollit
3100 5079 3323 5138 peccata
3356 5067 3569 5134 mundi,
3599 5076 3652 5123 ct

2053 5159 2520 5232 quemadmodum
2560 5160 2620 5213 in
2677 5168 2840 5229 partu
2901 5159 3159 5213 miraculi
3222 5159 3399 5214 divini
3455 5170 3654 5229 partus

2053 5256 2338 5326 particeps
2399 5252 2526 5317 fuit,
2562 5268 2630 5308 ex
2682 5251 2859 5307 sterili
2906 5260 3100 5306 ventre
3129 5260 3464 5322 prognatus;
3494 5254 3575 5307 sic
3603 5263 3651 5306 ct

2055 5349 2294 5402 transitu
2357 5346 2427 5401 ab
2477 5345 2566 5400 his
2627 5344 2757 5400 imis
2791 5344 2860 5398 ad
2912 5359 3152 5414 superna
3199 5349 3650 5400 communionem

2055 5456 2182 5495 eum
2211 5439 2400 5495 eodem
2429 5437 2623 5492 habuit
2660 5438 2715 5490 ln
2739 5451 2829 5500 eo,
2871 5435 3023 5506 quod
3062 5445 3192 5491 ante
3226 5437 3376 5489 illam
3409 5452 3519 5491 non
3548 5437 3621 5491 im

2057 5529 2320 5585 uiolatam
2381 5527 2618 5582 hostiam
2683 5527 3029 5592 immolatur,
3095 5525 3292 5596 ﬁtque,
3337 5535 3398 5580 ut
3431 5536 3558 5580 ortu
3587 5543 3657 5582 ex

2061 5633 2219 5678 utero
2277 5627 2551 5684 materno,
2611 5619 2686 5673 ita
2758 5626 2812 5674 et
2867 5617 2934 5672 ad
2971 5616 3184 5674 inferos
3228 5617 3382 5673 abitu
3433 5616 3661 5673 Domint
