4108 6306
489 331 592 395 199

1727 321 2005 383 LEONIS
2041 309 2510 380 PHILOSOPHI

3678 305 3793 370 200

489 437 861 508 praenuntius,
924 438 980 490 et
1032 430 1143 496 his,
1187 426 1292 508 (qui
1357 427 1413 482 in
1450 423 1688 480 vinculis
1730 435 1786 479 et
1818 422 2081 478 mrumnis

2187 417 2389 469 σπότου
2423 413 2789 486 προάγγελος,
2822 415 2918 468 καὶ
2968 414 3083 478 τοῖς
3116 413 3173 466 ἐν
3203 411 3425 483 δεσμοῖς
3476 413 3571 466 καὶ
3596 430 3790 467 στενοέ-

488 531 879 593 versabantur,
915 515 1361 595 redemptionem
1395 517 1695 590 signiﬁcat,
1750 524 1806 571 et
1831 514 2083 570 exsulta—

486 622 656 681 tionis
672 618 832 691 quasi
859 615 1035 672 radiis
1064 623 1119 669 et
1146 609 1444 683 splendore
1487 608 1648 680 prius
1671 604 1957 677 perfundit
1987 617 2084 657 eos

485 714 583 783 qui
625 714 682 768 in
707 711 908 766 umbra
943 709 1147 764 mortis
1175 715 1232 762 et
1276 703 1516 775 caligine
1540 700 1873 757 calamitatis
1924 698 2083 753 sede-

485 807 637 871 bant,
672 813 729 858 et
776 813 1045 872 tanquam
1073 797 1277 854 lucifer
1301 795 1652 867 praesentiam
1684 792 1820 847 solis
1851 789 2082 844 indicat.

484 898 557 952 At
613 910 735 966 quae
773 892 969 949 inferis
1003 893 1056 946 in
1103 890 1220 946 oris
1251 896 1409 959 gesta
1444 893 1576 941 sunt
1622 882 1909 954 mysteria,
1943 894 2082 951 prae-

486 987 816 1043 cedentibus
845 984 1025 1056 magis
1091 989 1224 1038 sunt
1273 993 1480 1035 arcana
1517 985 1574 1032 et
1621 974 1931 1062 recondita.
1970 970 2081 1027 Sed

485 1075 673 1149 qualia
708 1078 824 1142 illa,
875 1090 1000 1147 qum
1035 1073 1285 1129 Herodes
1314 1069 1535 1144 pati-at?
1590 1066 1756 1122 Disco
1779 1063 2082 1136 imponitur

485 1177 673 1238 caput,
733 1167 822 1220 cui
873 1162 1194 1234 recipiendo
1228 1161 1365 1215 nihil
1398 1173 1518 1230 par,
1557 1156 1709 1211 illius
1745 1162 1933 1224 caput,
1982 1149 2082 1221 qui

484 1263 757 1316 intactum
798 1266 963 1327 caput
988 1262 1266 1316 tenuerat,
1315 1251 1537 1322 fertque
1565 1247 1782 1318 abjecta
1835 1253 1891 1300 et
1920 1243 2080 1299 furiis

486 1354 692 1422 agitata
723 1350 906 1421 puella
947 1349 1096 1402 illam
1127 1351 1378 1413 1comam,
1412 1357 1580 1415 quam
1640 1339 1822 1412 angeli
1863 1352 2084 1393 revere-

487 1444 716 1508 bantur,
775 1455 1008 1509 eamque
1070 1438 1324 1494 muneris
1374 1438 1496 1494 loco
1535 1436 1740 1507 accipit
1772 1435 1930 1491 malae
1958 1431 2080 1487 ﬁliae

487 1534 642 1603 pejor
674 1541 870 1596 mater,
916 1543 1036 1584 rata
1065 1544 1126 1585 se
1158 1529 1322 1600 hujus
1358 1529 1734 1599 amputatione
1763 1530 2082 1596 amputatu-

487 1641 607 1680 ram
642 1638 863 1694 quoque
886 1622 1373 1693 reprehensiones,
1405 1635 1528 1691 qua:
1550 1627 1741 1690 pectus
1780 1617 1899 1688 ejus
1922 1614 2080 1693 velli-

2189 509 2388 581 χωρία,
2434 509 2631 580 μηνύει
2676 509 2775 581 τὴν
2808 507 3213 578 ἀπολύτρωσιν,
3265 507 3357 560 καὶ
3391 507 3792 578 προανατέλλει

2185 603 2284 670 τῆς
2336 599 2715 669 ἀγαλλιάσεως
2745 599 2846 663 τὰς
2873 598 3050 667 αὐγὰς
3097 600 3212 660 τοῖς
3256 599 3320 651 ἐν
3367 598 3495 668 σκιᾷ
3523 598 3787 665 θανάτου,

2186 692 2282 744 καὶ
2310 692 2487 763 σκότῳ
2515 692 2752 761 θλίψεως
2785 691 3147 763 καθημένοις,
3171 689 3200 741 ὁ
3246 689 3525 758 ἑωσφόρος
3559 688 3788 760 μηνύων

2183 783 2280 838 τοῦ
2303 784 2458 856 ἡλίου
2485 784 2582 856 τὴν
2606 783 2933 856 παρουσίαν.
2966 783 3047 836 Τὰ
3080 782 3180 852 μὲν
3206 782 3269 852 δὴ
3297 780 3449 834 κάτω
3477 781 3789 850 τελούμενα

2184 877 2414 931 τοιαῦτα
2444 877 2540 930 ἐπὶ
2572 875 2911 948 προλαϐοῦσι
2938 875 3283 946 μυστηρίοις,
3321 875 3595 946 μυστήρια
3619 875 3792 945 ἁποῤ‹

2187 968 2481 1041 ρητότερα.
2517 971 2588 1022 Ἀ
2644 970 2700 1023 δὲ
2752 968 3003 1040 Ἡρώδης
3053 969 3166 1022 ἄνω
3198 967 3529 1036 διατίθησιν,
3583 969 3786 1033 ὁποίας

2184 1062 2446 1116 Πινάκιον
2478 1062 2714 1132 δέχεται,
2769 1056 2838 1133 ἧς
2866 1063 3020 1114 οὐδὲν
3054 1061 3261 1130 δοχεῖον
3315 1058 3564 1124 ἐπάξιον,
3608 1074 3788 1127 κεφα-

2182 1156 2305 1229 λὴν,
2334 1156 2580 1225 κεφαλὴν
2611 1157 2824 1210 ἐκείνου
2855 1154 2948 1208 τοῦ
2983 1155 3359 1225 κρατήσαντος
3380 1153 3479 1224 τὴν
3508 1152 3790 1223 ἄψαυστον

2185 1251 2451 1321 κεφαλὴν,
2486 1250 2582 1303 καὶ
2613 1250 2775 1321 φέρει
2809 1250 2955 1319 κόμη
2985 1250 3157 1317 κόρης
3188 1248 3565 1317 σεσοϐημένης
3583 1246 3786 1314 κόμην,

2184 1342 2252 1413 ἣν
2280 1342 2505 1412 ἄγγελοι
2532 1341 2948 1412 κατῃδέσθησαν
2969 1357 2983 1370 ·
3021 1341 3117 1394 καὶ
3143 1339 3415 1410 λαμϐάνει
3445 1339 3650 1408 ταύτην
3677 1339 3785 1392 δῶ-

2185 1453 2279 1506 ρον
2313 1435 2553 1506 πονηροῦ
2608 1435 2806 1487 τέκνου
2869 1435 3050 1506 μήτηρ
3113 1432 3482 1506 πονηροτέρα,
3535 1431 3788 1502 οίηθεῖσα

2195 1526 2296 1596 μὲν
2326 1531 2392 1598 τῇ
2423 1527 2632 1597 ταύτης
2662 1529 2801 1597 τομῇ
2831 1526 3111 1596 διακόψειν
3133 1525 3262 1588 τοὺς
3301 1525 3579 1594 ἐλέγχους,
3608 1523 3657 1576 οἶ
3685 1524 3789 1593 τὴν

2182 1620 2355 1691 αὐτῆς
2397 1619 2629 1692 καρδίαν
2675 1621 3004 1690 συνέτρεφον
3054 1618 3502 1691 [συνέστρεφον]’
3543 1616 3790 1687 ἐλελήθει

486 1717 710 1771 cabant.
760 1717 832 1768 At
869 1713 1044 1769 inscia
1068 1714 1121 1766 iu
1158 1713 1395 1782 majores
1423 1720 1476 1767 et
1504 1710 1680 1782 magis
1730 1706 2081 1764 inevitabiles

2187 1715 2242 1769 δὲ
2272 1715 2475 1785 μᾶλλον
2498 1714 2685 1778 αὐτοῖς
2709 1713 3100 1783 ἀφυκτοτέροις
3139 1714 3568 1782 περιπίπτουσα.
3615 1713 3790 1780 Πονηο

487 1807 708 1862 incidit.
747 1805 1002 1860 Pessima
1033 1803 1244 1859 bestia!
1277 1802 1556 1873 quomodo
1589 1803 1694 1856 hoc
1719 1799 1820 1853 tibi
1851 1799 1906 1852 in
1931 1811 2084 1851 men-

486 1910 598 1953 tem
652 1898 840 1953 venit?
899 1895 1131 1950 Voluisti
1195 1893 1537 1964 impuritatis
1582 1901 1691 1946 tute
1756 1897 1981 1953 testem,
2029 1894 2085 1943 et

487 1992 646 2062 quasi
667 1991 981 2046 columnam
1003 1999 1271 2052 sternere,
1286 1987 1512 2042 immota
1530 1999 1797 2057 quassare
1814 1996 2037 2054 agressa
2065 1997 2082 2048 ;

488 2098 614 2136 nam
650 2097 821 2151 supra
874 2079 1084 2150 gradus
1125 2078 1463 2134 illustriores
1495 2073 1813 2142 collocasti,
1864 2073 2082 2143 adjecto

487 2175 556 2228 ad
612 2172 945 2227 adulterium
1000 2178 1157 2224 tuum
1218 2169 1556 2237 homicidio;
1621 2178 1677 2224 et
1737 2166 1937 2223 insano
1989 2173 2086 2218 tuo

487 2282 681 2321 amore
704 2266 866 2333 quasi
904 2264 960 2317 in
994 2263 1254 2316 columna
1308 2262 1376 2315 ad
1413 2261 1808 2331 sempiternam
1847 2256 2086 2328 ignomi-

489 2360 636 2412 niam
674 2355 966 2425 inscripto.
1015 2353 1386 2425 Exstinguere
1419 2352 1619 2407 niteris
1645 2352 1929 2406 lucernam
1961 2362 2084 2418 qua:

490 2462 584 2504 tua
616 2464 781 2519 opera
813 2447 1167 2502 tenebrarum
1198 2445 1482 2516 arguebat.
1520 2446 1590 2498 At
1632 2442 1808 2512 magis
1827 2441 2085 2495 accendis

500 2541 839 2610 lampadem,
870 2553 990 2606 qum
1019 2536 1256 2592 nefanda
1283 2546 1378 2590 tua
1413 2535 1621 2606 ﬂagitia
1655 2535 1877 2605 prodat.
1902 2531 2086 2587 Verti-

491 2633 619 2702 gine
647 2631 798 2684 velut
830 2630 1158 2699 torriperis,
1192 2628 1264 2682 ob
1295 2629 1404 2683 vim
1439 2636 1494 2683 et
1523 2627 1934 2682 vehementiam
1959 2638 2088 2693 pro-

489 2723 723 2793 phetica
781 2722 1006 2792 linguae,
1043 2737 1152 2791 qua
1186 2721 1424 2791 putredo
1483 2718 1906 2775 incontinentiae
1973 2727 2083 2771 tuae

490 2815 883 2884 disrumpitur.
923 2813 994 2866 At
1030 2825 1178 2867 nunc
1202 2810 1521 2867 acerbiores
1570 2811 1862 2865 cruciatus
1911 2809 2086 2865 susti-

489 2922 612 2960 nes.

474 3014 477 3016 ·
561 2998 740 3068 Caput
783 2996 1112 3066 amputasti,
1145 2994 1424 3058 Herodes,
1489 2993 1907 3064 obiurgationes
1953 3007 2087 3046 vero

2189 1807 2282 1877 ρὸν
2343 1805 2557 1877 θηρίον,
2616 1804 2736 1868 πῶς
2786 1804 2946 1857 τοῦτο
2984 1803 3360 1873 διανενόησαι;
3405 1803 3790 1872 Καθαιρήσειν

2188 1897 2492 1966 ἐϐουλήθης
2540 1898 2639 1968 τῆς
2667 1899 2767 1969 σῆς
2795 1897 3090 1966 ἀσελγείας
3119 1898 3219 1968 τὴν
3265 1897 3496 1968 στήλην,
3521 1897 3638 1950 ἀλλ’
3664 1897 3792 1960 ἀκίο

2188 2009 2324 2061 νητα
2349 1988 2600 2043 σαλεύειν
2626 1990 3017 2062 ἐπεχείρησας.
3045 1990 3286 2060 Ἔστηκε
3309 1991 3417 2060 γὰρ
3445 1989 3644 2058 μᾶλλον
3673 1983 3791 2041 οἷον

2187 2085 2282 2136 ἐπὶ
2309 2083 2516 2154 βάθρας
2540 2084 3030 2154 περιφανεστέρας,
3061 2077 3140 2146 οἷς
3157 2085 3224 2154 τῇ
3251 2083 3470 2154 μοιχεία
3509 2083 3601 2136 τὸν
3627 2082 3795 2150 φόνον

2189 2173 2584 2243 προστέθεικας
2630 2172 2724 2226 τὸν
2761 2171 2853 2224 σὺν
2902 2168 3120 2243 οἶστρον
3176 2170 3594 2244 στηλιτεύουσα.
3624 2171 3791 2224 Σϐεν-

2186 2268 2335 2319 νύειν
2366 2265 2665 2336 ἐπιχειρεῖς
2691 2265 2782 2318 τὸν
2800 2263 3014 2334 λύχνον,
3045 2263 3114 2317 τὰ
3138 2263 3208 2316 σὰ
3253 2263 3349 2316 τοῦ
3383 2265 3610 2328 σκότους
3647 2264 3791 2336 ἔργα

2187 2358 2503 2428 ἐλέγχοντα*
2545 2357 2663 2411 ἀλλ’
2693 2356 3022 2425 ἀναφλέγεις
3049 2356 3212 2410 πλέον
3241 2356 3340 2429 τὴν
3363 2357 3647 2429 λαμπάδα,
3685 2357 3792 2427 τὴν

2191 2449 2291 2521 σὴν
2332 2449 2731 2522 ἀρῤητοποιίαν
2775 2449 3151 2505 δεικνύουσαν.
3207 2449 3467 2521 Ἰλιγγιᾷς
3521 2449 3658 2521 πρὸς
3685 2449 3789 2522 τὴν

2188 2544 2376 2613 ἀκμὴν
2405 2542 2507 2612 τῆς
2535 2543 2887 2614 προφητικῆς
2913 2541 3186 2614 γλώσσης,
3223 2535 3306 2608 οἷς
3335 2545 3368 2616 ή
3401 2542 3651 2615 σηπεδὼν
3685 2546 3791 2615 τῆς

2192 2635 2293 2703 σῆς
2328 2633 2627 2697 ἀκολασίας
2665 2634 3171 2707 διασπαράττεται⁶
3206 2636 3346 2691 ἀλλὰ
3387 2636 3484 2692 νῦν
3528 2635 3790 2709 δριμυτέ-

2190 2744 2301 2797 ρων
2331 2725 2566 2800 αἰσθάνῃ
2588 2726 2697 2781 τῶν
2724 2726 2948 2781 ὀδυνῶν.

2265 2995 2521 3066 Ἔτεμες,
2577 2994 2813 3065 Ἡρώδη,
2848 2995 2948 3063 τὴν
3000 2993 3267 3066 κεφαλὴν,
3300 2994 3415 3048 ἀλλ’
3449 2995 3513 3049 οὐ
3574 3012 3788 3050 συναπ-

491 3107 602 3145 non
648 3089 972 3159 amputasti.
1027 3088 1272 3142 Auditur
1317 3087 1620 3143 etiamnum
1666 3104 1771 3143 vox
1813 3090 1901 3142 illa
1935 3088 2082 3142 clare

2192 3087 2390 3156 έτεμες
2438 3085 2548 3139 τῶν
2581 3087 2822 3157 ἐλέγχων
2857 3089 2957 3158 τὴν
3009 3089 3232 3157 φωνήν·
3271 3087 3532 3142 ἀκούεται
3565 3091 3660 3143 καὶ
3690 3090 3789 3142 νῦν

489 3183 790 3235 insonans:
817 3177 943 3232 Non
975 3179 1096 3232 licet
1119 3179 1216 3232 tibi
1245 3181 1436 3234 habere
1457 3195 1676 3235 uxorem
1696 3181 1884 3249 fratris
1917 3181 1992 3233 tui
2014 3182 2081 3240 ἐ,

487 3289 612 3344 qua:
659 3273 1090 3342 increpationes,
1146 3287 1288 3343 quas
1346 3273 1529 3328 celare
1590 3274 1840 3334 tentasti,
1873 3276 1946 3327 ἐι
1992 3272 2082 3326 fu-

489 3375 649 3420 neSta
682 3372 776 3419 tua
810 3362 1014 3434 ﬂagitia
1040 3371 1160 3418 toto
1188 3372 1466 3419 terrarum
1499 3364 1635 3418 orbe
1669 3363 1949 3418 decantat.
1981 3361 2086 3416 Ve-

487 3471 614 3510 rum
664 3457 950 3509 mittamus
1001 3456 1140 3521 istos
1168 3469 1294 3508 cum
1334 3454 1579 3510 infandis
1611 3455 1727 3510 suis
1753 3454 2083 3508 sceleribus.

487 3547 573 3601 Ad
602 3545 906 3617 Baptistam
932 3555 1248 3601 revertatur
1277 3547 1480 3609 oratio,
1511 3558 1564 3602 et
1589 3547 1754 3601 hodie
1784 3561 1849 3601 ex
1906 3557 2084 3599 terre-

490 3641 593 3696 stri
620 3641 984 3694 tabernaculo
1010 3637 1382 3710 egredientem
1409 3638 1723 3700 comitetur,
1743 3645 1798 3692 et
1829 3637 1894 3691 ad
1927 3637 2085 3693 sedes

491 3734 739 3787 materiae
779 3741 1059 3802 expertes,
1109 3747 1248 3800 quas
1294 3731 1462 3785 etiam
1511 3730 1566 3785 in
1622 3745 1856 3798 corpore
1904 3730 2086 3783 adhuc

490 3837 663 3890 agens
701 3822 1003 3882 incolebat,
1057 3823 1387 3884 abeuntem,
1419 3828 1690 3890 quantum
1725 3819 1843 3874 fieri
1877 3831 2082 3890 potest,

489 3914 661 3969 cilicii
708 3928 878 3968 causa
923 3913 1186 3968 deducat.
1243 3911 1359 3966 Etsi
1380 3912 1790 3989 enimdignitas
1816 3911 1938 3982 ejus
1969 3925 2088 3964 ma-

485 4009 666 4078 jorem
689 4006 1136 4078 praedicationem
1169 4006 1475 4072 desiderat,
1505 4021 1673 4076 quam
1710 4007 1765 4059 in
1800 4005 2082 4059 hominem

487 4101 688 4167 cadat;
741 4108 987 4154 attamen
1047 4091 1354 4169 periculum
1409 4113 1518 4152 non
1551 4106 1637 4153 est
1676 4095 1798 4152 fore
1853 4105 1914 4150 ut
1939 4096 2085 4150 hanc

488 4194 712 4250 dicendi
767 4193 1115 4248 voluntatem
1171 4191 1450 4260 repudiet,
1487 4206 1612 4247 cum
1671 4201 1902 4263 propter
1952 4190 2082 4253 alia,

495 4295 614 4338 tum
663 4284 797 4355 quia
855 4284 1107 4339 omnium
1163 4284 1454 4339 vilissimis
1502 4294 1557 4339 et
1588 4284 2084 4354 contemptissimis

486 4387 787 4434 contentus
847 4393 970 4432 esse
997 4376 1312 4431 consuevit.
1349 4375 1458 4432 Sed
1485 4377 1670 4448 qualia
1704 4379 1884 4431 oratio
1919 4392 2085 4433 enco-

485 4473 596 4526 mia
631 4469 915 4525 adducet?
944 4469 1124 4534 Quam
1164 4468 1542 4524 laudationem
1579 4470 1832 4525 instituet
1875 4469 1946 4536 ei,
1979 4483 2082 4524 cu-

480 4565 575 4633 jus
598 4562 796 4616 Iaudes
826 4563 946 4632 ipsa
979 4561 1073 4614 Dei
1109 4561 1381 4630 sapientia
1407 4561 1735 4616 contexuit?
1759 4561 1899 4626 Quis
1949 4575 2082 4616 vero

484 4662 548 4709 te
563 4652 909 4722 compellans
938 4652 1182 4722 reperiat
1203 4652 1657 4720 appellationem,
1678 4667 1804 4722 qua:
1821 4653 2078 4722 exiguum

483 4745 755 4799 honorem
813 4742 909 4798 tibi
954 4743 1150 4798 creet?
1203 4744 1286 4797 Au
1315 4743 1455 4797 nihil
1487 4745 1792 4814 pr0prium,
1829 4745 2081 4816 nihilque

482 4851 689 4892 novum
748 4836 1220 4906 excogitandum;
1279 4834 1374 4890 sed
1435 4851 1498 4890 ea
1556 4837 1733 4890 solum
1778 4839 2081 4908 promenda

483 4939 637 4997 sunt,
686 4945 814 5001 qua:
865 4945 1062 4984 omnes
1118 4930 1220 4984 tibi
1262 4931 1533 4995 tribuunt,
1586 4939 1775 4986 vetera
1817 4932 2079 4986 nimirum

484 5025 603 5090 illa,
641 5038 768 5095 qua:
796 5023 984 5078 divina
1023 5024 1247 5077 oracula
1303 5022 1372 5078 de
1433 5036 1486 5078 te
1527 5025 2083 5094 prmcinuerunt?Te

483 5123 630 5181 enim
679 5121 1043 5176 nominarunt
1071 5135 1264 5176 vocem
1295 5121 1625 5176 clamantem
1673 5123 1728 5176 in
1757 5123 1977 5177 deserto
2012 5123 2078 5190 ²³;

484 5215 815 5270 clamantem
873 5213 1096 5283 quidem
1127 5213 1182 5266 in
1211 5213 1432 5268 deserto
1458 5251 1474 5277 ,
1533 5215 1628 5269 sed
1655 5215 1873 5270 cunctis
1901 5224 2079 5269 terra-

484 5322 602 5360 rum
637 5304 844 5360 finibus
868 5313 1246 5370 resonantem,
1274 5312 1459 5359 rectas
1515 5304 1813 5361 facientem
1853 5309 2084 5360 semitas

480 5398 726 5461 Domini,
783 5410 983 5466 aspera
1035 5397 1091 5451 in
1144 5396 1356 5452 directa
1400 5395 1735 5462 ﬂectentem,
1769 5414 2080 5468 prmconem

490 5488 685 5544 salutis
733 5485 929 5551 Israel,
967 5486 1311 5542 exaltantem
1345 5501 1537 5542 vocem
1583 5501 1741 5542 suam
1789 5489 1844 5543 in
1875 5490 2082 5544 virtute.

479 5575 638 5632 Sion.
709 5577 1032 5634 All'er'antur
1061 5578 1230 5634 etiam
1282 5580 1532 5650 parentis
1565 5578 1642 5634 tui
1701 5580 1911 5650 laudes,
1943 5595 2083 5653 quas

550 5760 595 5791 ²²
620 5756 789 5815 Marc.
816 5775 894 5822 Vl,
934 5760 1022 5816 18.
1139 5764 1186 5796 ’³
1208 5763 1316 5818 lsa.
1352 5777 1441 5832 η,
1466 5765 1522 5820 3.

2115 4421 2162 4480 D

2189 3177 2515 3247 διαπρύσιον
2561 3177 2859 3245 ἐμϐοῶσαο
2919 3180 3042 3232 Οὐκ
3096 3178 3307 3243 ἔξεστί
3345 3195 3443 3233 σοι
3468 3181 3635 3250 ἔχειν
3669 3181 3790 3248 τὴν

2188 3270 2449 3338 γυναῖκα
2495 3269 2606 3324 τοῦ
2653 3269 2925 3339 ἀδελφοῦ
2975 3288 3116 3327 σου.
3168 3272 3285 3326 Νῦν
3337 3271 3432 3336 οὓς
3479 3274 3786 3346 ἐπειράθης

2189 3363 2450 3434 ἐλέγχους
2478 3364 2877 3434 ἀποκρύπτειν,
2919 3365 3238 3435 ἁπανταχοῦ
3266 3364 3372 3436 γῆς
3398 3366 3499 3437 τὴν
3523 3367 3620 3437 σὴν
3649 3368 3785 3422 ἀθε-

2191 3455 2516 3526 μιτουργίαν
2575 3456 2940 3527 περιηχοῦσα.
3009 3457 3152 3510 Ἀλλ’
3183 3452 3330 3512 οὗτοι
3380 3459 3483 3528 μὲν
3518 3459 3658 3530 μετά
3682 3461 3790 3531 τῆς

2188 3547 2370 3600 αὐτῶν
2393 3547 2792 3619 ἀρῤητοποιίας
2811 3545 3165 3616 ἀφιέσθωσαν
3189 3563 3203 3578 ·
3237 3547 3331 3600 ἐπὶ
3357 3548 3415 3601 δὲ
3456 3548 3548 3601 τὸν
3578 3549 3792 3602 Barm-

2188 3640 2322 3711 στῆν
2342 3643 2371 3691 ὁ
2394 3640 2550 3709 λόγος
2581 3641 2956 3711 ἀναχωρείτω,
2987 3641 3183 3708 ἐξιόντι
3212 3643 3454 3712 σήμερον
3475 3641 3569 3695 τοῦ
3595 3643 3790 3714 γηῖνου

2191 3731 2554 3802 σκηνώματος
2588 3732 3023 3798 συνακολουθῶν,
3058 3733 3153 3786 καὶ
3177 3734 3315 3806 πρὸς
3337 3736 3438 3797 τὰς
3462 3735 3661 3798 ἀύλους
3692 3754 3790 3805 μο-

2188 3824 2287 3886 νάς
2310 3823 2564 3887 ἀπιόντα,
2613 3819 2701 3889 αἷς
2751 3825 3006 3896 συνῴκει,
3049 3829 3142 3879 καὶ
3182 3828 3320 3897 μετά
3356 3825 3629 3896 σώματος,
3660 3829 3792 3881 ὅσον

2186 3911 2299 3969 οἷόν
2328 3933 2391 3971 τε
2428 3916 2605 3988 τιμῶν
2635 3916 2733 3971 καὶ
2764 3919 3194 3988 προπομπεύων.
3231 3918 3293 3970 El
3333 3922 3442 3989 γὰρ
3476 3919 3572 3972 καὶ
3604 3918 3792 3988 μείζο-

2188 4025 2279 4073 νος
2311 4009 2344 4080 ἤ
2379 4009 2523 4063 κατὰ
2554 4010 2808 4077 γλῶσσαν
2845 4009 3198 4080 ἀνθρωπίνην
3245 4011 3326 4064 δεῖ
3367 4012 3465 4082 τῆς
3507 4012 3792 4083 εὐφημίας

2188 4101 2361 4172 αὐτῷ,
2391 4101 2508 4155 ἀλλ’
2523 4101 2617 4156 οῦν
2650 4103 2751 4155 οὐκ
2772 4101 2888 4155 ἐστι
2925 4102 3044 4166 δέος
3074 4101 3410 4168 ἁπαξιώσειν
3437 4105 3538 4177 τὴν
3565 4105 3659 4158 τοῦ
3692 4106 3786 4157 λό-

2190 4213 2288 4266 γου
2320 4197 2646 4266 προαίρεσιν
2670 4196 2758 4250 διά
2780 4213 2841 4252 τε
2870 4195 2937 4250 τὰ
2967 4196 3124 4261 ἄλλα,
3160 4196 3258 4249 καὶ
3299 4198 3382 4251 ὅτι
3421 4199 3535 4260 τοῖς
3564 4198 3789 4251 πάντων

2189 4289 2599 4354 εὐτελεστάτοις
2629 4289 3036 4361 ἐξαρκούμενος
3083 4289 3326 4360 ἔχαιρεν.
3374 4290 3535 4345 Ἀλλά
3563 4291 3724 4344 τίνων
3754 4294 3787 4344 ὁ

2189 4382 2348 4451 λόγος
2388 4383 2684 4452 ἐγκωμίων
2729 4381 2964 4452 ﬁsi/atto;
3007 4381 3127 4435 τίνα
3159 4382 3439 4452 εὐφημίαν
3478 4382 3788 4454 προσοίσει,

2191 4467 2237 4543 ᾧ
2264 4475 2391 4538 τοὺς
2427 4475 2684 4538 ἐπαίνους
2725 4475 2758 4545 ὴ
2789 4473 2884 4526 τοῦ
2913 4473 3049 4527 Θεοῦ
3110 4475 3272 4543 σοφία
3304 4474 3587 4541 διέπλεξες
3623 4475 3705 4538 τίς
3727 4475 3787 4528 δέ

2193 4581 2253 4618 σε
2310 4557 2628 4637 προσειπὼν
2690 4565 2918 4636 μετρίαν
2977 4566 3059 4629 εἰς
3089 4565 3255 4636 τιμὴν
3299 4565 3541 4636 ἥκουσαν
3572 4565 3788 4636 ἐξεύροι

2190 4658 2602 4730 προσηγορίαν;
2639 4659 2709 4711 Ἢ
2732 4658 2886 4712 οὐδὲν
2904 4658 3002 4729 μὲν
3035 4659 3186 4723 ἴδιον,
3222 4659 3345 4713 οὐδὲ
3383 4659 3504 4714 νέον
3542 4658 3784 4732 εὕρημα,

2191 4750 2308 4804 ἀλλ’
2347 4751 2489 4806 αὐτὰ
2515 4747 2710 4816 ταῦτα,
2737 4751 2840 4804 ὅσα
2867 4752 3015 4804 πᾶσα
3043 4749 3268 4820 γλῶσσα
3289 4751 3612 4820 φθέγγεται,
3654 4755 3788 4821 περὶ

2191 4840 2287 4896 σοῦ
2318 4842 2388 4895 τὰ
2419 4842 2629 4896 παλαιὰ
2664 4843 2872 4908 ἐκεῖνα,
2906 4842 2943 4896 ἆ
2972 4859 3032 4894 σε
3083 4841 3222 4896 θεῖοι
3275 4843 3518 4914 χρησμοὶ
3579 4860 3790 4913 προαν-

2192 4937 2480 5008 ύμνησαν;
2507 4937 2631 4990 τίνα
2659 4936 2842 5007 φωνὴν
2874 4936 3089 5007 βοῶσαν
3118 4939 3177 4990 ἐν
3223 4939 3290 5008 τῇ
3326 4938 3541 5009 ἐρήμῳ,
3573 4937 3789 5009 βοῶσαν

2192 5030 2296 5100 μὲν
2322 5030 2381 5083 ἐν
2425 5031 2641 5100 ἐρήμῳ,
2698 5031 2834 5083 πᾶσι
2868 5029 2923 5081 δὲ
2953 5029 3190 5102 πέρασιν
3233 5031 3645 5102 ἀπηχουμένην,
3687 5031 3789 5081 εὐ-

2188 5119 2519 5190 τρεπίζοντα
2553 5120 2778 5191 τρίϐους
2819 5119 2918 5183 τὰς
2957 5121 3175 5183 εὐθείας
3211 5121 3442 5191 Κυρίου,
3489 5121 3560 5174 τά
3595 5119 3791 5174 σκολιὰ

2188 5210 2625 5276 κατευθύνοντα,
2666 5211 3065 5282 εύαγγελιστὴν
3114 5211 3389 5281 σωτηρίας
3419 5212 3498 5281 τῷ
3544 5213 3784 5283 Ἰσραὴλ,

2187 5301 2429 5373 ύψοῦντα
2479 5303 2580 5373 τὴν
2638 5302 2824 5372 φωνὴν
2883 5303 2942 5354 ἐν
2979 5303 3126 5373 ίσχύῖ
3154 5306 3221 5374 τῇ
3257 5302 3435 5368 Σιώνς
3466 5305 3686 5370 Λεγέτω
3719 5305 3787 5375 δὴ

2187 5396 2282 5448 καὶ
2312 5393 2407 5447 τοῦ
2433 5396 2762 5465 γεννήτορος
2791 5396 2917 5459 τοὺς
2949 5395 3254 5459 ἐπιτοκίους
3290 5397 3570 5460 ἐπαίνους,
3605 5395 3783 5466 βραχύ

2185 5504 2244 5540 τε
2277 5487 2658 5556 μεταποιήσας
2685 5487 2884 5550 αὐτοὺς
2912 5487 3048 5558 πρὸς
3071 5487 3130 5540 τὸ
3155 5487 3231 5558 τῷ
3259 5487 3438 5560 καιρῷ
3462 5489 3788 5561 προσφορώ-

2184 5599 2362 5652 τερον.
2405 5579 2518 5652 Πρὸ
2559 5580 2654 5634 τοῦ
2693 5581 2950 5651 Ὑψίστου
2983 5583 3452 5655 προπεπόρευσαι,
3495 5583 3788 5656 προφήτης
