4086 6298
266 341 356 408 201

784 343 1070 406 ORATIO
1093 345 1348 409 ΧνΙ.--
1377 345 1462 408 IN
1491 345 2132 408 DECOLLATIONEM
2166 347 2225 406 S.
2271 344 2517 407 IOANN
2529 345 2601 405 IS
2626 343 3040 405 BAPTIST/E.

3435 346 3546 410 202

266 451 605 524 χρηματίζων
634 451 693 505 ὲν
719 454 902 524 νηπίῳ
941 453 1020 526 τῷ
1061 454 1317 524 γάλακτι,
1357 455 1454 509 καὶ⁵
1491 456 1694 524 γνῶσιν
1722 473 1834 509 σω-

1938 455 2242 525 subipsum
2291 462 2447 507 tuum
2480 459 2664 506 ortum
2693 451 2936 518 cecinit;
2973 456 3200 506 mutataa
3225 451 3540 522 paululum,

263 545 442 615 τηρίας
467 544 546 614 τῷ
595 543 712 617 λαῷ
755 544 1024 617 κηρύξας,
1054 547 1118 600 οὐ
1159 546 1320 618 μόνον
1348 548 1408 599 ὲν
1434 545 1674 617 σώματι,
1705 547 1842 601 ἀλλὰ

265 642 347 694 καὶ
372 639 546 708 δεσμά
573 639 676 709 τῆς
707 640 910 711 σαρκὸς
957 639 1319 710 ἀποθέμενος.
1347 639 1703 710 Προσθῶμεν
1732 638 1844 693 ῶσ-

261 749 356 802 περ
382 729 503 782 τινὰ
524 730 793 802 κορυφὴν,
826 730 923 783 καὶ
943 729 980 784 ἃ
1001 730 1100 800 τῆς
1130 731 1316 800 πηγῆς
1343 731 1447 800 τῆς
1481 731 1676 799 σοφίας
1696 730 1842 801 ἔχεις

249 822 633 894 προσρήματα.
666 821 890 887 Μείζων
918 823 978 876 ἐν
1006 825 1293 893 γεννητοῖς
1342 823 1625 892 γυναικῶν
1663 823 1843 887 οὐδεὶς

257 914 399 986 ὤφθη
422 931 517 968 σου
551 913 992 986 ἐξεγηγερμένος
1015 931 1032 947 ο
1067 914 1370 986 προφητῶν
1413 915 1674 970 ἁπάντων
1705 916 1844 969 ἀπο·

259 1008 387 1079 φέρῃ
416 1007 475 1060 τὸ
502 1006 918 1080 περισσότερον,
948 1009 1136 1062 ἐκεῖνα
1158 1008 1467 1080 θεωρήσας,
1513 1007 1701 1062 ἐκεῖνα
1735 1023 1843 1078 μηδ

256 1100 432 1162 νύσας,
467 1100 681 1163 τούτοις
710 1100 1131 1170 λειτουργήσας,
1164 1099 1202 1155 ἃ
1232 1101 1322 1154 διὰ
1343 1099 1631 1170 συμϐόλων
1655 1099 1841 1162 αὐτοῖς

254 1191 524 1245 ὼπτάνετο
543 1209 558 1224 ’
592 1192 799 1246 τούτων
823 1193 1146 1256 ἀπολαύσας
1167 1231 1184 1258 ,
1224 1186 1301 1249 ὧν
1349 1192 1710 1264 ἐπεθύμησαν
1740 1193 1842 1262 μὲν

251 1281 501 1349 ἅπαντες,
518 1283 676 1354 ἔτυχε
698 1283 755 1338 δὲ
771 1285 970 1349 οὐδείς.
1001 1287 1160 1354 Ἀρτι
1185 1302 1289 1351 σοι,
1315 1285 1622 1352 Βαπτιστὰ,
1645 1286 1707 1340 τὸ
1735 1284 1837 1356 βά-

252 1392 452 1443 πτισμα
475 1377 860 1446 παραγίνεται,
882 1377 912 1432 ὃ
936 1377 1105 1433 πάλαι
1123 1379 1226 1450 τῆς
1251 1378 1592 1448 Δεσποτικῆς
1625 1378 1842 1451 ἐζήτεις

248 1466 522 1537 παλάμης,
558 1469 619 1522 ού
672 1469 882 1541 νάμασι
938 1470 1252 1543 ποταμίοις,
1296 1471 1436 1526 ἀλλὰ
1469 1471 1708 1544 ῥείθροις
1743 1469 1839 1526 τοῦ

249 1557 338 1610 σοῦ
374 1557 663 1630 λουόμενος
697 1562 954 1632 αἵματος.
985 1562 1156 1634 ΙΠλὴν
1197 1563 1296 1618 καὶ
1322 1563 1467 1618 οὕτω
1495 1565 1634 1635 πρὸς
1658 1565 1718 1618 σὲ
1745 1563 1839 1635 ἕρ-

245 1667 416 1719 χεται,
449 1645 492 1719 ᾧ
526 1654 696 1707 πάλαι
735 1655 798 1707 τὸ
827 1655 967 1710 πολὺ
1001 1656 1102 1727 τῆς
1129 1657 1600 1724 συγκαταϐάσεως
1644 1657 1836 1711 ὲνεκάυ

244 1744 370 1807 λεις.
404 1745 642 1814 Φθέγξαι
668 1748 849 1812 κάκεῖ,
877 1749 1012 1802 ὅπου
1047 1748 1141 1802 νῦν
1164 1749 1318 1814 ἄπει,
1339 1749 1435 1802 τοῦ
1459 1748 1606 1802 θείου
1633 1747 1836 1819 Ἀμνοῦ

1950 555 2010 604 ut
2047 547 2162 604 sint
2198 544 2682 601 convenientiores
2712 544 2973 612 tempori.
3006 542 3147 597 Ante
3189 543 3542 602 Altissimum

1945 637 2231 711 praeivisti,
2284 635 2551 707 propheta
2607 635 2926 690 nominatus
2958 633 3028 701 “,
3080 650 3210 690 cum
3238 636 3424 692 adhuc
3458 639 3531 694 ab

1947 736 2120 790 ubere
2149 733 2350 790 matris
2372 732 2666 803 penderes,
2698 739 2754 786 et
2778 731 2981 801 populo
3022 730 3318 786 scientiam
3341 733 3542 791 salutis

1945 827 2314 894 annuntiasti,
2346 840 2457 881 non
2482 825 2662 881 solum
2699 824 2758 879 in
2788 837 3046 894 corpore,
3079 821 3178 879 sed
3209 823 3377 878 etiam
3410 840 3543 881 cor-

1944 921 2099 992 poris
2151 920 2390 977 nexibus
2443 917 2753 974 exsolutus.
2813 916 3099 972 Addamus
3157 915 3366 988 fastigii
3420 919 3544 974 loco

1945 1013 2060 1080 illa,
2095 1027 2220 1083 quae
2244 1011 2314 1066 ab
2338 1011 2462 1081 ipso
2505 1008 2794 1079 sapientiae
2820 1006 2977 1063 fonte
3005 1014 3327 1062 manarunt.
3364 1005 3542 1076 Major
3593 1041 3596 1045 ι

1947 1115 2000 1160 te
2054 1105 2201 1158 inter
2234 1110 2402 1158 natos
2448 1101 2746 1156 mulierum
2781 1114 2893 1155 non
2945 1100 3196 1170 apparuit
3225 1100 3298 1164 ’⁸,
3342 1114 3542 1156 omnes

1945 1197 2247 1268 prophetas
2271 1206 2328 1250 tu
2356 1192 2667 1257 antecedis,
2694 1192 2786 1247 illa
2827 1191 3238 1261 contemplans,
3267 1191 3360 1245 illa
3390 1205 3540 1245 nun-

1947 1289 2124 1354 tians,
2147 1296 2202 1343 et
2231 1287 2347 1343 illis
2393 1283 2777 1346 subserviens,
2814 1299 2939 1354 qua:
2970 1282 3140 1355 prisci
3174 1297 3273 1352 per
3299 1286 3540 1338 obscura

1943 1381 2212 1436 duntaxat
2244 1379 2495 1451 symbola
2519 1385 2892 1448 aspexerunt;
2926 1376 2996 1432 iis
3046 1376 3249 1432 fruitus
3282 1391 3366 1439 es,
3419 1390 3544 1446 quas

1943 1487 2137 1528 omnes
2166 1472 2389 1543 quidem
2424 1469 2841 1535 desiderarunt,
2871 1475 2930 1523 at
2957 1483 3119 1524 nemo
3164 1467 3398 1538 adeptus
3432 1476 3539 1523 est.

1942 1562 2124 1625 Nunc,
2154 1577 2187 1616 ο
2223 1561 2492 1632 Baptista,
2517 1560 2677 1616 adest
2705 1559 3013 1630 baptisma,
3045 1558 3194 1628 quod
3226 1573 3256 1612 a
3324 1556 3542 1611 Domini

1943 1668 2111 1707 manu
2134 1650 2268 1707 olim
2300 1650 2642 1722 postulabas,
2669 1663 2781 1705 non
2806 1648 2966 1704 ﬂuvii
3002 1647 3195 1715 undis,
3231 1648 3327 1702 sed
3365 1647 3542 1702 fluen-

1943 1748 2016 1802 tis
2046 1746 2124 1801 tui
2165 1745 2453 1817 sanguinis
2480 1744 2725 1800 ablutus.
2754 1742 3030 1798 Caeterum
3063 1752 3117 1796 et
3143 1741 3252 1796 hoc
3281 1741 3448 1795 modo
3473 1739 3542 1793 ad

241 1838 336 1906 τὴν
369 1836 673 1910 ἐνέργειαν,
705 1840 805 1912 τὴν
836 1841 905 1894 δι’
940 1842 1154 1895 ἐκεῖνον
1193 1841 1305 1897 τῶν
1335 1843 1626 1914 ἁμαρτιῶν
1654 1843 1834 1913 ἄρσιν,

1943 1847 1996 1895 te
2029 1839 2181 1894 venit
2215 1838 2332 1903 ille,
2370 1838 2442 1893 de
2475 1837 2636 1908 cujus
2670 1836 2844 1892 nimia
2868 1833 3210 1890 demissione
3237 1833 3371 1888 olim
3401 1846 3536 1902 que-

241 1932 332 1983 καὶ
361 1931 768 2002 ἀπολύτρωσιν.
800 1934 1019 1989 Μᾶλλον
1058 1935 1104 1988 δ’
1131 1934 1226 1989 ἐπὶ
1270 1934 1450 2008 τούτῳ
1479 1935 1836 2008 προφθάνεις,

229 2022 322 2074 ,ἵνα
373 2025 468 2077 καὶ
500 2008 716 2088 τούτοις
759 2025 821 2079 τὸ
853 2026 945 2080 σὺν
999 2027 1185 2098 ἠχήσῃ
1216 2027 1503 2099 κήρυγμα,
1550 2025 1836 2098 ἐλεύθερον

239 2115 487 2184 ἀπειλῆς.
523 2118 597 2172 Οὐ
630 2119 738 2190 γάρ
764 2118 952 2189 δεήσει
990 2123 1055 2191 τῇ
1083 2120 1242 2192 ἀξίνῃ
1274 2122 1370 2174 καὶ
1419 2122 1486 2191 τῇ
1532 2121 1674 2192 τομῇ
1710 2121 1836 2186 τοὺς

238 2206 352 2258 ἐκεῖ
381 2207 944 2280 ταλαιπωρουμένους
992 2211 1200 2279 φοϐεῖν,
1251 2211 1376 2266 οὐδὲ
1409 2212 1472 2264 τὸ
1511 2211 1624 2282 πῦρ
1652 2213 1744 2265 καὶ
1775 2211 1836 2266 τὸ

235 2296 436 2366 ἄχυρον
463 2300 912 2370 προσεπιλέγειν,
945 2301 1081 2355 ἀλλὰ
1111 2301 1321 2373 φθέγξῃ
1362 2301 1552 2373 φωνὴν
1576 2302 1836 2373 ψυχαγωο

235 2386 357 2453 γίας
382 2389 615 2460 μεστὴν,
645 2393 823 2462 χαρὰν
865 2392 1284 2458 ἀποστάξουσαν
1305 2409 1320 2423 ⁸
1353 2393 1571 2465 ὸφθὴσῃ
1592 2395 1706 2457 τοῖς
1738 2393 1840 2447 ἀπ’

231 2479 425 2544 αἰῶνος
458 2483 518 2533 ἐν
551 2480 680 2553 ᾅδου
710 2483 973 2553 δεσμίοις,
1002 2483 1184 2554 θέαμα
1204 2484 1476 2552 ποθεινὸν,
1501 2487 1833 2558 προφήταις,

230 2571 633 2644 πατριάρχαις,
715 2574 970 2639 δικαίοις.
1047 2575 1403 2641 Ἀναϐιώσεις
1462 2575 1661 2640 αὐτοὺς
1721 2577 1835 2639 τοῖς

227 2662 619 2733 εὐαγγελίοις,
675 2668 772 2721 καὶ
821 2668 930 2738 πρὸ
988 2667 1092 2738 τῆς
1147 2669 1266 2721 ἐκεῖ
1319 2667 1681 2731 καταϐάσεως
1732 2667 1835 2736 τῆς

229 2754 404 2826 Ζωῆς.

1942 1928 2452 1985 rebaris.Praedica
2505 1937 2563 1985 et
2609 1926 2797 1993 isthic,
2849 1939 2962 1999 quo
2995 1939 3147 1981 nunc
3196 1923 3342 1989 abis,
3370 1921 3540 1978 divini

1939 2021 2078 2091 Agni
2109 2021 2216 2076 vim
2244 2028 2299 2074 et
2330 2020 2628 2084 actionem,
2658 2032 2938 2089 Operaque
2966 2017 3380 2086 illius,peccata
3405 2014 3540 2069 sub-

1941 2115 2152 2180 latum,
2203 2123 2258 2169 et
2302 2113 2738 2184 redemptionem
2770 2111 3038 2166 donatum
3104 2110 3198 2164 iri.
3249 2107 3395 2175 Quin
3434 2108 3540 2164 hoc

1939 2208 2188 2264 consilio
2222 2224 2290 2264 eo
2343 2209 2496 2279 prior
2519 2216 2574 2264 te
2605 2206 2833 2276 recipis,
2865 2213 2928 2260 ut
2959 2213 3012 2260 et
3065 2203 3190 2258 istis
3220 2202 3540 2273 prmdicatio

1944 2309 2040 2354 tua
2069 2299 2404 2363 innoIeScat,
2441 2297 2512 2351 ab
2543 2296 2804 2350 omnibus
2853 2294 2966 2364 jam
2996 2292 3168 2348 libera
3189 2292 3386 2358 minis;
3415 2305 3528 2345 non

1938 2392 2084 2445 enim
2117 2390 2231 2460 jam
2281 2388 2465 2444 securi
2509 2395 2566 2441 et
2592 2385 2882 2441 excisiune
2938 2398 3079 2453 Opus
3108 2384 3216 2439 erit
3253 2391 3535 2453 perterre-

1937 2480 2120 2537 faccre
2167 2480 2314 2545 illos,
2349 2481 2441 2550 qui
2495 2478 2598 2533 tibi
2627 2491 2753 2532 cum
2813 2477 3078 2532 aerumnis
3124 2473 3537 2537 conflictantur,

1940 2590 2120 2645 neque
2156 2573 2338 2645 ignem
2374 2582 2429 2626 et
2455 2571 2642 2642 paleas
2666 2581 3138 2632 commemorare;
3194 2567 3293 2622 sed
3343 2579 3535 2620 vocem

1916 2664 2349 2721 cons‘olationis
2398 2659 2784 2732 plenissimam
2819 2657 3093 2728 proferes,
3151 2671 3344 2712 vocent
3401 2671 3539 2726 gau-

1939 2758 2091 2813 dium
2119 2758 2442 2813 stillantem.
2480 2751 2678 2809 Venies
2720 2750 2924 2807 vinctis
2953 2765 2984 2804 a
3023 2748 3226 2806 saeculo
3258 2746 3404 2817 apud
3450 2748 3539 2800 in-

227 2847 390 2912 feros,
417 2859 654 2920 aspectu
673 2851 1141 2921 jucundissimus,
1166 2852 1470 2924 prophetis,
1501 2849 1856 2923 patriarcbis,
1875 2849 2064 2921 justis.
2100 2845 2484 2909 Resuscitabis
2524 2860 2623 2902 eos
2661 2844 2728 2899 ad
2755 2843 2921 2898 vitam
2959 2847 3042 2899 his
3071 2851 3182 2895 tam
3226 2842 3365 2896 laetis
3389 2855 3540 2898 nun-

225 2942 338 3009 tiis,
368 2946 543 3000 etiam
580 2957 878 3017 antequam
901 2944 1022 3001 Vita
1054 2962 1122 3002 eo
1149 2946 1473 3003 descendat.

300 3127 678 3199 Ἦσθήσονται
706 3129 949 3198 Μωῦσῆς
979 3131 1075 3182 κει.)⁸
1103 3129 1317 3201 Ἀαρὼν
1349 3129 1552 3195 ἰδόντες
1579 3129 1672 3184 τδν
1697 3147 1826 3198 συγ-

2002 3128 2368 3184 Lretabuntur
2421 3127 2639 3197 Moyses
2684 3136 2740 3184 et
2771 3127 2960 3182 Aaron
3023 3125 3146 3182 viso
3184 3135 3424 3197 cognato
3465 3144 3534 3184 ex

221 3220 352 3290 γενῆ
386 3221 486 3275 τὸν
524 3222 593 3274 ὲκ
646 3221 746 3292 τῆς
810 3221 1217 3291 ’Λαρωνίτιδος.
1262 3222 1585 3278 Ἀκούσεται
1641 3224 1697 3277 δὲ
1735 3225 1828 3278 καὶ

231 3311 466 3376 Ἡσαΐας
493 3312 787 3384 φωνούσης
817 3313 887 3367 τὰ
909 3313 1029 3368 θεῖα
1054 3314 1351 3386 μυστήρια,
1371 3311 1440 3389 ἦς
1465 3315 1827 3378 πάλαιΠνεύ-

221 3422 391 3474 ματος
440 3406 551 3459 ὠτὶ
581 3405 711 3478 θείῳ
751 3407 937 3478 φωνῆς
989 3407 1318 3479 ἐπήκουσεν.
1368 3407 1598 3480 ’ᾼσεται
1637 3407 1830 3462 δὲκαὶ

219 3496 386 3550 Δαϐὶδ
438 3499 470 3551 ὁ
508 3499 805 3570 προφήτης
859 3498 957 3553 καὶ
1014 3498 1294 3570 βασιλεὺς,
1328 3501 1424 3555 καὶ
1462 3500 1688 3572 κρούσει
1729 3503 1830 3574 τὴν

217 3588 411 3661 λύραν.
468 3591 845 3662 Σκιρτήσουσι
904 3591 1106 3656 πάντες
1153 3593 1204 3646 oi
1244 3593 1467 3659 δίκαιοι,
1529 3594 1628 3648 καὶ
1684 3595 1830 3664 φίλοι

215 3684 378 3752 Θεοῦ,
411 3687 513 3740 τὸν
545 3687 886 3757 Βαπτιστὴν,
938 3689 1032 3742 καὶ
1061 3687 1236 3756 φίλον,
1273 3690 1370 3743 καὶ
1398 3689 1610 3745 δίκαιον
1657 3709 1830 3763 προσ-

212 3776 528 3848 εληλυθότα
552 3779 842 3849 θεώμενοι.
884 3780 1026 3833 Ἀλλ’
1047 3774 1092 3835 ὧ
1118 3781 1440 3853 παραδόξως
1465 3783 1564 3854 μὲν
1591 3784 1827 3854 τεχθεὶς,

215 3871 676 3943 παραδοξοτέραν
709 3872 767 3926 δὲ
793 3872 1054 3938 διανύσας
1080 3874 1250 3946 ζωὴν,
1270 3875 1367 3933 καὶ
1399 3876 1490 3931 διὰ
1524 3877 1830 3949 μαρτυρίου

211 3964 354 4030 πρὸς
400 3963 511 4033 τὴν
575 3964 848 4018 ἀθάνατον
878 3966 1025 4038 ζωὴν
1057 3967 1479 4040 μεταχωρήσας,
1526 3970 1688 4040 δέχου
1730 3969 1832 4040 μὲν

210 4050 374 4122 ἡμῶν
420 4053 592 4121 ἵλεως
613 4055 712 4128 τὴν
743 4056 974 4132 μετρίαν
1009 4060 1218 4132 ταύτην
1264 4058 1361 4117 τοῦ
1391 4060 1553 4132 λόγου
1595 4063 1832 4137 προσέντ

209 4145 350 4213 εξιν,
374 4149 541 4222 πόθῳ
568 4149 994 4224 τεθαρρηκότων
1023 4154 1264 4224 ἅψασθαι
1301 4156 1409 4210 τῶν
1426 4155 1537 4209 σῶν
1567 4158 1829 4224 ἐπαίνων,

211 4237 374 4292 ἵλεων
397 4241 461 4292 δὲ
497 4241 823 4312 ἀπεργασαι
852 4244 943 4299 τὸν
978 4247 1282 4317 Δεσπότην,
1337 4247 1430 4302 καὶ
1458 4251 1593 4320 ἡμῖν
1625 4249 1723 4320 μὲν
1751 4244 1833 4314 οἷς

207 4329 269 4383 τὸ
299 4331 480 4385 αὐτοῦ
513 4333 774 4404 ποίμνιον
801 4335 873 4389 δι’
894 4337 1103 4407 ἄφατον
1127 4339 1466 4410 ἐνεχείρισας
1491 4340 1830 4412 ἀγαθότητα,

205 4425 305 4476 καὶ
367 4425 451 4496 τῷ
487 4427 736 4497 ποιμνίῳ
766 4429 844 4491 δὲ,
880 4428 947 4482 δι’
999 4430 1096 4495 οὓς
1127 4431 1190 4485 τὸ
1222 4433 1524 4505 καθάρσιον
1552 4431 1692 4505 αἷμα
1717 4438 1829 4490 ὲκέ-

205 4533 348 4572 νωσε
367 4537 382 4550 ·
411 4521 516 4572 καὶ
542 4518 644 4573 νῦν
667 4520 767 4589 μὲν
789 4521 933 4575 δίδου
965 4524 1114 4594 ἡμᾶς
1147 4524 1306 4594 ἄγειν
1332 4543 1395 4580 τε
1422 4528 1517 4581 καὶ
1553 4528 1830 4584 ἰθύνεσθαι

204 4609 317 4662 τῶν
355 4611 607 4682 θηρίων,
643 4613 758 4666 ὅσοι
788 4630 848 4666 τε
878 4614 1150 4686 ὁρώμενοι
1203 4618 1537 4687 ἐπιπηδῶσι,
1574 4621 1670 4674 καὶ
1715 4622 1834 4675 ὅσοι

201 4702 443 4772 ἀφανῶς
475 4705 888 4775 ἐνεδρεύουσιν,
921 4709 1300 4778 άπημάντους,
1322 4712 1418 4764 καὶ
1438 4713 1832 4768 ἀνεπιϐουλεύ-

200 4813 354 4858 τους.
397 4800 575 4852 Ἔστι
607 4816 690 4852 σοι
739 4799 803 4853 τὸ
848 4801 1072 4872 θαρῤεἰν
1109 4803 1187 4868 ὡς
1225 4804 1365 4875 φίλῳ
1392 4806 1485 4859 καὶ
1525 4807 1830 4879 Βαπτιστῇ.

199 4887 266 4940 ΕΞ
295 4889 355 4941 δὲ
395 4891 500 4942 καὶ
529 4890 639 4959 τῆς
667 4891 920 4946 ἐντεῦθεν
950 4892 1101 4962 ζωῆς
1131 4897 1590 4966 μεταχωροέημεν
1609 4939 1624 4960 ,
1682 4898 1838 4951 ἀνεύ-

199 4978 367 5032 θυνον
406 4980 577 5050 αὐτῷ
600 4982 941 5051 παραδοῦναι
967 4983 1058 5037 τὸν
1089 4985 1249 5053 λόγον
1275 4989 1374 5056 τῆς
1420 4987 1716 5057 βασιλείας,
1767 4983 1836 5061 ἦς

197 5069 622 5141 ἐπιτροπεύειν
643 5072 970 5144 κατέστησε,
990 5075 1088 5127 καὶ
1115 5075 1216 5145 τῆς
1243 5076 1528 5146 ἀδιαδόχου
1550 5077 1710 5149 δόξης
1734 5079 1834 5151 τῆς

194 5161 372 5214 αὑτοῦ
410 5161 718 5233 βασιλείας
739 5163 1062 5235 ἀξιωθῆναι,
1083 5161 1164 5230 οἷς
1193 5168 1394 5233 πάντες
1419 5171 1836 5244 ἀπολαύσαιμεν

195 5255 289 5307 καὶ
309 5256 488 5322 ἐλέει,
519 5255 628 5309 καὶ
652 5255 1043 5331 φιλανθρωπίᾳ.
1066 5260 1230 5314 αὑτοῦ
1258 5261 1355 5315 τοῦ
1383 5265 1827 5336 πτωχεύσαντος,

197 5349 299 5400 καὶ
327 5348 458 5401 υἱοῦ
492 5347 798 5417 ἀνθρώπου
823 5352 1266 5421 χρηματίσαντος
1295 5353 1363 5408 δι’
1386 5357 1556 5428 ἡμᾶς,
1591 5358 1657 5412 ῖνῗ
1684 5360 1832 5431 ἡμᾶς

200 5440 486 5515 πλουτίσῃ
525 5439 635 5492 καὶ
663 5441 814 5504 υἱοὺς
841 5441 978 5495 θεοῦ
1011 5444 1420 5517 ἀπεργάσηται,
1443 5442 1488 5516 ᾧ
1519 5451 1552 5520 ἡ
1583 5449 1710 5516 δόξα
1736 5454 1833 5506 καὶ

193 5533 258 5585 τὸ
281 5535 506 5605 κράτος
534 5531 642 5586 νῦν
668 5534 765 5587 καὶ
793 5535 902 5600 ἀεὶ,
936 5537 1028 5590 καὶ⁸
1056 5537 1139 5601 εὶς
1168 5538 1296 5603 τοὺς
1328 5540 1532 5605 αίῶνας
1558 5542 1669 5597 τῶν
1697 5545 1830 5600 αίώ-

197 5641 327 5683 νων.
373 5627 435 5680 Ἀ
446 5626 596 5700 μήν.

269 5807 328 5873 ³⁸.
358 5805 508 5863 Luc.
548 5821 592 5872 r,
631 5805 717 5865 76.
795 5808 841 5843 "
867 5807 1060 5868 Matth.
1083 5828 1160 5882 ιι,
1201 5813 1258 5870 ll
1287 5830 1303 5884 ;
1331 5811 1467 5876 Luc.
1491 5832 1589 5888 vn,
1610 5815 1706 5876 28.

1935 3220 2177 3277 Aaronis
2201 3219 2337 3274 lilia.
2366 3219 2570 3276 Audiet
2602 3227 2658 3274 et
2685 3218 2860 3275 Isaias
2883 3233 3074 3274 vocem
3111 3221 3380 3290 mysteria
3405 3233 3543 3292 pan-

1929 3308 2172 3378 dentem,
2209 3326 2376 3382 quam
2428 3311 2558 3367 olim
2588 3311 2703 3380 jam
2757 3309 2941 3366 divina
2985 3309 3224 3381 Spiritus
3261 3325 3396 3366 voce
3444 3326 3546 3368 au-

1932 3403 2136 3460 dierat.
2201 3406 2376 3460 Canet
2416 3419 2640 3475 quoque
2690 3403 2866 3460 David
2907 3405 3178 3476 propheta
3227 3413 3284 3460 et
3331 3420 3454 3469 rex,
3487 3414 3546 3462 ct

1931 3494 2110 3564 lyram
2143 3492 2408 3562 pulsabit.
2435 3492 2708 3548 Exsilicnt
2735 3507 2932 3548 onmcs
2966 3492 3104 3563 justi
3130 3500 3187 3547 et
3219 3493 3391 3549 amici
3447 3495 3542 3551 Dei

1934 3598 2062 3638 cum
2107 3582 2352 3637 viderint
2382 3581 2690 3654 Baptistam
2721 3593 2775 3639 et
2819 3584 3084 3650 amicum,
3114 3591 3170 3639 et
3192 3583 3408 3653 justum
3444 3585 3546 3641 ad-

1932 3674 2312 3740 ventasse.At,
2334 3688 2368 3728 ο
2387 3674 2479 3744 qui
2513 3684 2710 3744 praeter
2733 3675 3046 3743 opinionem
3077 3685 3242 3731 natus
3264 3690 3347 3743 es,
3368 3683 3420 3732 et
3444 3675 3547 3731 ad-

1935 3764 2042 3820 huc
2065 3765 2238 3836 magis
2258 3775 2459 3836 praeter
2487 3766 2803 3837 Opinionem
2835 3781 3060 3822 cursum
3075 3767 3203 3822 vitae
3225 3765 3543 3834 confecisti,

1932 3854 2026 3924 qui
2054 3869 2152 3924 per
2181 3855 2506 3926 martyrium
2534 3854 2604 3908 ad
2638 3852 3006 3909 immortalem
3038 3856 3217 3911 vitam
3239 3855 3538 3920 transiisti,

1934 3947 2123 4018 accipe
2169 3948 2444 4018 prapitius
2511 3947 2618 4002 hoc
2665 3947 2950 4002 let-idense
3008 3946 3281 4002 orationis
3337 3955 3544 4003 nostrae

1935 4043 2345 4110 munusculum,
2378 4041 2524 4114 quod
2547 4042 2822 4099 desiderio
2841 4040 3182 4099 laudestuas
3222 4040 3542 4100 celebrandi

1935 4131 2129 4196 oﬂ‘ero,
2203 4133 2615 4203 propitiumque
2682 4131 2849 4187 redde
2900 4131 3220 4197 Dominum,
3272 4141 3331 4187 et
3358 4133 3544 4201 nobis,

1887 4251 1890 4254 ~
1937 4223 2140 4292 quibus
2167 4222 2351 4294 gregis
2375 4222 2542 4278 illius.
2557 4237 2653 4292 per
2672 4221 3002 4276 immensam
3031 4230 3182 4276 tuam
3216 4223 3544 4286 bonitatem,

1937 4330 2129 4370 curam
2159 4314 2510 4379 commisisti,
2557 4321 2612 4368 et
2639 4314 2745 4384 ipsi
2789 4315 2962 4385 gregi,
2994 4313 3157 4384 cujus
3203 4313 3542 4370 emundandi
3596 4324 3599 4325 '

1939 4405 2116 4476 gratia
2155 4406 2478 4475 sanguinem
2515 4404 2674 4459 fudit.
2703 4403 2770 4457 Et
2801 4419 2951 4459 nunc
2987 4405 3254 4470 concede,
3297 4415 3358 4461 ut
3386 4421 3544 4476 rega-

1864 4479 1907 4533 Ῑ)
1943 4510 2067 4548 mus
2126 4503 2182 4549 et
2237 4508 2522 4565 regamur,
2567 4507 2601 4548 a
2652 4493 2875 4559 bestiis,
2933 4501 3047 4549 tam
3089 4510 3213 4565 qua:
3260 4497 3542 4560 videntur,

1936 4599 2104 4654 quam
2173 4600 2296 4655 quae
2326 4585 2549 4640 occulte
2607 4584 2842 4640 insidias
2879 4585 3142 4650 tendunt,
3174 4587 3453 4644 immunes
3487 4597 3544 4642 et

1936 4674 2116 4729 illmsi.
2140 4674 2368 4730 Fiducia
2393 4676 2490 4730 tibi
2519 4677 2762 4746 suppetit
2806 4685 3070 4747 tanquam
3123 4680 3307 4733 amico
3353 4693 3407 4733 ct
3435 4678 3544 4734 Ba-

1938 4765 2140 4835 ptistae.
2210 4764 2369 4832 Quod
2415 4767 2462 4821 si
2515 4766 2643 4821 hinc
2679 4767 3043 4836 excedamus,
3090 4767 3266 4834 cllice,
3300 4770 3544 4824 utinno-

1938 4859 2084 4912 xiam
2115 4867 2170 4913 et
2191 4859 2440 4914 criminis
2469 4867 2750 4930 expertem
2787 4859 3060 4916 rationem
3086 4859 3392 4916 reddamus
3434 4861 3545 4917 im-

1934 4951 2073 5022 perii
2098 4951 2499 5015 administrati,
2525 4952 2614 5007 cui
2645 4966 2748 5007 nos
2785 4952 3064 5022 praefecit;
3084 4960 3141 5009 et
3173 4960 3236 5009 ut
3268 4962 3560 5025 perpetua-

1935 5044 2087 5114 regni
2118 5043 2365 5099 cmlestis
2394 5044 2570 5112 gloria
2621 5043 2772 5114 digni
2816 5043 3144 5111 babeamur,
3167 5061 3278 5116 qua
3323 5046 3540 5101 utinam

1933 5149 2127 5190 omnes
2171 5133 2427 5190 fruamur
2458 5135 2844 5191 misericordia
2909 5143 2965 5192 et
2995 5136 3346 5193 humanitate
3394 5137 3540 5210 ejus,

1938 5225 2033 5296 qui
2088 5240 2186 5296 pro
2218 5224 2379 5281 nobis
2435 5240 2645 5295 egenus
2673 5223 2876 5294 factus,
2905 5233 2961 5282 et
2985 5226 3132 5284 ﬁlius
3162 5226 3407 5282 hominis
3434 5242 3542 5298 ap-

1940 5318 2132 5388 pellari
2183 5317 2440 5387 dignatus
2489 5325 2595 5381 est,
2656 5325 2720 5372 ut
2775 5333 2880 5375 nos
2932 5318 3136 5375 divites
3175 5327 3230 5376 et
3259 5321 3407 5378 filios
3442 5320 3537 5377 Dei

1940 5409 2198 5474 elliceret,
2233 5408 2322 5462 cui
2350 5407 2526 5478 gloria
2555 5417 2606 5462 et
2629 5411 2872 5478 potentia
2939 5425 3088 5464 nunc
3123 5418 3178 5466 ct
3204 5425 3440 5482 semper,
3484 5420 3541 5468 et

1943 5500 1999 5556 in
2038 5499 2242 5557 saecula
2261 5501 2611 5557 smculorum.
2636 5499 2837 5557 Amen.
