4086 6298
465 384 575 451 203

1036 511 1298 568 ORATIO
1326 511 1493 567 XVII.

468 606 684 677 Leonis,
714 603 919 660 Christi
947 604 1102 675 Regis
1141 610 1328 661 wlcrni
1367 609 1571 677 gratia,
1603 609 1964 676 imperatoris.
2002 610 2059 662 in

539 676 940 730 celeberrimum
967 676 1425 741 archipru'sulem,
1464 679 1716 735 Ecclesia:
1746 679 2070 748 splendidis-

543 749 739 802 simum
765 748 1035 802 luminare
1074 750 1364 818 miriﬁcum
1394 764 1646 820 magnum
1685 751 1997 806 Nicolaum.

1714 400 1993 460 LEONIS
2023 400 2487 460 PHILOSOPHI

2097 524 2144 574 A

3657 397 3763 462 904

2787 519 3007 571 ΛΟΓοΣ
3047 518 3149 574 lZ'.

2167 607 2429 677 Λέοντος
2471 608 2570 678 (1).
2621 609 2690 660 ἐν
2721 607 2956 676 Χριστῷ
3000 608 3261 672 ,ϐασιλεῖ
3315 609 3534 676 αἰωνίῳ
3587 607 3768 672 βασι-

2246 681 2422 757 λέως,
2444 684 2537 757 εἰς
2558 683 2680 757 τὸν
2824 680 3170 757 ἀρχιερεῦσι
3198 681 3346 757 θεοῦ
3393 681 3763 757 περιϐόητρν,

2246 751 2348 824 καὶ
2395 749 2506 817 τῆς
2558 749 3402 824 Ἐκκληᾳιιάςηφαεινότατον
3444 749 3768 821 λαμπτῆρα

2249 821 2706 889 θαυματουργὸν
2728 821 2924 889 μέγαν
2939 823 3272 876 Νικόλαον.

919 912 1107 978 (Edidit
1130 913 1310 963 Petrus
1332 915 1583 974 Pessuma,
1607 913 1876 965 Societatis
1899 917 2019 966 Jesu
2049 914 2340 980 presbyter,
2372 914 2566 964 Tolosze
2603 914 2903 976 MDCXLIV,
2931 918 3061 978 in-t,
3089 917 3146 966 l7
3177 915 3314 979 pag.)

539 995 998 1067 Quandoquidem
1023 997 1332 1052 delectatur
1355 997 1500 1053 Deus
1519 1015 1806 1054 servorum
1831 1016 2062 1056 suorum

469 1088 774 1143 honoribus
801 1105 817 1155 ;
849 1102 955 1141 non
986 1087 1136 1159 quod
1163 1103 1424 1158 magnum
1455 1099 1615 1160 putet
1649 1091 1910 1146 honorari
1940 1091 2066 1147 illos

468 1195 612 1251 quos
637 1181 757 1250 ipse
781 1179 924 1249 apud
958 1194 1019 1234 se
1046 1181 1345 1250 occupavit
1369 1181 1583 1239 honore
1607 1183 1894 1241 cumulare
1923 1202 1939 1252 ;
1967 1184 2067 1241 sed

468 1273 617 1344 quod
645 1273 699 1325 in
727 1271 847 1341 ejus
881 1271 1058 1327 laudis
1088 1280 1349 1328 auctores
1378 1274 1655 1344 praecipua
1691 1290 1760 1330 ex
1797 1290 1864 1329 ea
1909 1290 2069 1330 com-

467 1364 632 1419 moda
674 1363 1007 1429 redundent,
1053 1372 1253 1435 utpote
1300 1375 1456 1422 tanto
1499 1366 1792 1422 illustriori
1817 1368 2066 1425 vicissim

466 1459 658 1530 gratiae
684 1459 863 1513 reditu
894 1460 1337 1516 remunerandos
1366 1471 1577 1529 quanto
1605 1467 1661 1516 et
1694 1461 2067 1519 abundantius

469 1550 673 1604 habent
694 1551 842 1606 unde
865 1550 1156 1622 magniﬁce
1183 1550 1490 1620 largiantur
1517 1551 1554 1606 ii
1576 1552 1670 1622 qui
1695 1551 2064 1619 honorantur,

467 1653 523 1696 et
553 1643 622 1697 ad
651 1643 790 1714 grati
821 1644 992 1698 animi
1028 1643 1293 1699 tuendum
1325 1642 1566 1699 omcium
1602 1644 1882 1702 civiliores
1912 1653 2065 1712 sunt,

468 1750 569 1806 age
609 1745 928 1791 nostrarum
980 1751 1167 1791 rerum
1209 1736 1459 1792 omnium
1509 1739 1752 1792 maxime
1803 1752 2068 1811 magnum

468 1828 524 1882 in
571 1827 932 1897 pontiﬁcibus
977 1826 1074 1884 Dei
1125 1829 1438 1900 pontificem
1498 1829 1860 1886 honoremus.
1922 1828 2067 1896 Quid

2258 1000 2594 1070 Ἐπειδήπερ
2650 999 2831 1070 χαίρει
2883 1000 3018 1062 Θεὸς
3067 1002 3191 1061 ταῖς
3212 999 3322 1051 τῶν
3354 998 3575 1053 οἰκείων
3605 999 3767 1070 θερα-

2173 1092 2390 1146 πόντων
2428 1093 2620 1162 τιμαῖς
2645 1108 2660 1122 ο
2689 1092 2750 1144 οὐ
2806 1091 2874 1144 δι’
2936 1084 3013 1146 ὧν
3064 1091 3335 1160 τιμῶνται
3372 1090 3467 1153 οὒς
3497 1092 3607 1160 ἔχει
3639 1091 3770 1161 παρ’

2175 1187 2326 1256 αὐτῷ
2353 1187 2617 1256 τιμήσας,
2649 1184 2764 1238 ἀλλ’
2795 1185 2878 1237 ὅτι
2925 1185 3020 1237 καὶ
3059 1187 3174 1247 τοῖς
3205 1184 3467 1254 ἐργάταις
3499 1183 3595 1236 τοῦ
3628 1185 3770 1255 πρά-

2175 1295 2388 1348 γματος
2434 1277 2504 1330 τὰ
2549 1279 2618 1331 ὲκ
2663 1277 2858 1330 τούτου
2918 1277 3088 1348 κέρδη
3129 1276 3467 1346 ἀσύγκριτα,
3516 1276 3772 1330 τοσοῦτον

2178 1367 2532 1438 ὲντιμοτέρας
2575 1369 2815 1439 ἁμοιὸῆς
2901 1368 3091 1432 αὐτοῖς
3150 1368 3725 1439 ἀντιπαραγινομένης
3754 1409 3770 1433 ,

2175 1461 2301 1513 ὅσον
2329 1459 2411 1523 εἰς
2439 1478 2499 1512 τε
2547 1461 2606 1514 τὸ
2637 1465 2944 1532 παρασχεῖν
2993 1461 3435 1531 μεγαλοπρεπῶς
3474 1460 3690 1530 ἔχουσιν
3723 1463 3770 1514 οἰ

2174 1549 2503 1622 τιμώμενοι,
2558 1553 2651 1604 καὶ
2704 1553 2881 1622 μέτρα
2941 1555 3130 1624 τηρεῖν
3190 1551 3620 1623 εὐγνωμοσύνης
3669 1555 3774 1607 εἰσὶ

2174 1642 2507 1712 δεξιώτεροι.
2543 1643 2682 1713 Φέρε
2712 1643 2777 1715 δή
2800 1643 2881 1711 τῷ
2911 1645 3157 1714 μεγίστῳ
3190 1644 3297 1698 τῶν
3329 1644 3462 1716 παρ’
3493 1646 3650 1714 ἡμῖν,
3683 1646 3774 1697 τὸν

2176 1736 2353 1805 μέγαν
2391 1736 2450 1788 ὲν
2470 1733 2792 1805 ἀρχιερεῦσι
2848 1734 2984 1789 Θεοῦ
3019 1735 3272 1806 τιμῶμεν
3308 1736 3599 1807 ἀρχιερέα.
3631 1737 3699 1790 Τί
3720 1736 3773 1789 δὲ

2171 1823 2439 1888 τοιοῦτον,
2469 1818 2584 1877 οἷον
2616 1823 2796 1892 λόγος,
2830 1819 2874 1892 ᾧ
2899 1826 3047 1894 μόνῳ
3070 1826 3178 1876 τῶν
3209 1823 3384 1878 ἄλλων
3431 1823 3772 1895 κρατοῦμεν,

468 1933 650 1976 autem
688 1923 829 1992 tanti
875 1931 961 1978 est
987 1926 1180 1993 quanti
1212 1924 1411 1989 oratio,
1442 1939 1551 1994 qua
1575 1939 1685 1978 una
1715 1923 1930 1980 caeteris
1964 1938 2064 1978 ex-

2176 1918 2272 1970 καὶ
2303 1911 2349 1985 ᾧ
2377 1917 2438 1969 τὸ
2461 1916 2693 1979 θεοειδὲς
2714 1919 2814 1987 τῆς
2844 1915 3082 1985 γεώδους
3111 1917 3256 1981 ἰλύος
3277 1918 3771 1988 ἀνακαθαίροντες,

468 2014 721 2069 cellimus
765 2015 1037 2084 cujusque
1080 2015 1350 2070 beneficio
1396 2015 1727 2070 Deiformem
1772 2029 1981 2087 partem
2031 2029 2065 2070 a

469 2105 720 2159 terrestri
771 2106 1128 2159 concretione
1171 2115 1534 2176 repurgantes
1578 2106 1900 2176 quicunque
1953 2121 2066 2174 non

469 2197 696 2251 hebetes
722 2199 788 2252 ad
838 2199 1235 2253 conscientiam
1268 2199 1587 2270 originariaa
1633 2199 2066 2269 pulchritudinis

471 2303 669 2344 sensus
700 2290 903 2343 mentis
929 2288 1157 2351 habent,
1189 2290 1475 2361 archetypi
1507 2290 1871 2346 similitudine
1901 2305 2065 2346 revo-

471 2380 672 2440 canda,
693 2381 964 2434 nobilitati
993 2381 1244 2451 pristina:
1269 2382 1568 2436 restituunt
1590 2382 1883 2453 imaginem
1907 2405 1918 2438 :
1939 2384 2072 2449 hac,

364 2499 366 2501 ν
473 2471 724 2540 inquam,
757 2486 886 2525 vere
911 2471 1152 2526 hominis
1182 2473 1403 2541 propria
1437 2489 1495 2528 re
1518 2475 2070 2542 maguushonoretur

471 2559 748 2616 Nicolaus.
787 2561 929 2628 Quid
961 2574 1076 2616 tum
1101 2564 1245 2619 enim
1275 2564 1379 2619 etsi
1412 2564 1480 2618 ad
1518 2565 1910 2621 sublimitatem
1944 2567 2067 2636 ejus

472 2653 895 2722 magniﬁcentiae
945 2654 1129 2710 minus
1173 2654 1405 2709 accedat
1451 2655 1682 2717 denum,
1717 2667 1771 2710 at
1816 2655 2062 2712 animum

471 2752 620 2798 certe
671 2758 784 2797 non
829 2745 1240 2813 aspernabitur.
1291 2743 1388 2801 Est
1437 2746 1689 2816 profecto
1727 2748 1938 2803 sanctis
1970 2727 2066 2816 qui

471 2838 612 2907 apud
665 2837 836 2893 Deum
886 2854 1062 2893 aevum
1111 2838 1342 2909 degunt.
1375 2849 1462 2894 est
1496 2841 1703 2896 affatim
1749 2841 1845 2896 illa
1892 2839 2071 2912 gloria

473 2946 579 2998 qua
607 2931 661 2984 in
703 2931 862 2986 caelis
894 2931 1105 3001 fulgent
1135 2950 1148 2986 :
1179 2933 1516 3003 minimeque
1543 2933 1612 2987 iis
1642 2949 1781 3003 opus
1805 2943 1890 2988 est
1919 2933 2070 3002 peri-

473 3024 615 3078 turis
637 3025 892 3079 laudibus
917 3023 1117 3095 lingua:
1143 3026 1415 3085 mortalis.
1443 3027 1643 3079 Amant
1679 3035 1862 3079 tamen
1894 3041 2070 3096 genus

474 3115 620 3170 unde
651 3117 755 3169 orti
804 3125 935 3171 sunt
964 3131 980 3181 ;
1017 3131 1082 3170 ac
1116 3116 1258 3172 laetis
1289 3116 1470 3171 oculis
1515 3115 1794 3186 aspiciunt
1835 3131 1956 3184 quae
1985 3116 2072 3171 of-

475 3206 730 3263 feruntur
759 3223 788 3260 a
825 3207 1024 3262 nobis:
1060 3222 1170 3261 non
1216 3207 1285 3261 ad
1321 3207 1577 3262 meritum
1618 3207 1908 3277 dignitatis
1939 3223 2070 3279 pro-

475 3301 608 3371 priae
638 3316 842 3355 munus
871 3300 1191 3369 exigentes:
1225 3316 1417 3354 verum
1451 3309 1675 3355 ostenso
1703 3299 1829 3356 licet
1860 3310 2074 3356 tantum

475 3395 762 3465 pr0posito
792 3393 1035 3450 liberalis
1064 3394 1235 3448 animi
1264 3392 1492 3463 perfecti
1517 3394 1680 3448 ollicii
1718 3395 1937 3450 laudem
1972 3397 2078 3451 im-

475 3495 760 3557 putantes.
799 3485 983 3554 Atque
1041 3486 1174 3540 hinc
1220 3501 1382 3540 nemo
1429 3487 1686 3557 privatim
1731 3487 2079 3544 deterrentur

475 3589 742 3647 tanquam
775 3579 846 3633 ah
877 3580 1100 3648 incepto
1124 3579 1421 3634 temerario
1448 3595 1514 3634 ac
1557 3580 1873 3637 facultatem
1912 3597 2078 3653 supe-

475 3681 654 3725 rante.
691 3669 998 3725 Commune
1026 3670 1130 3724 hoc
1156 3671 1361 3740 quippe
1393 3672 1641 3725 omnium
1680 3691 1693 3728 :
1730 3674 1919 3742 utique
1947 3687 2075 3728 cum

476 3759 764 3816 subsidere
798 3759 941 3814 infra
973 3760 1236 3815 verticem
1282 3761 1494 3819 merita:
1539 3762 1876 3818 laudationis
1907 3764 2075 3819 etiam

478 3866 710 3906 summa:
732 3851 1064 3921 eloquentia:
1083 3866 1313 3907 necesse
1335 3853 1408 3907 sit
1431 3851 1721 3908 Nicolaum
1746 3856 2074 3912 celebranti.

478 3941 685 3998 Verum
722 3954 783 3997 ut
817 3944 1149 4014 parentibus
1184 3943 1242 3998 in
1263 3946 1503 4014 capiosa
1539 3961 1600 4001 re
1635 3945 1898 4002 familiari
1927 3949 2080 4005 nullo

480 4037 776 4093 admodum
804 4037 1096 4109 egentibus
1141 4037 1188 4093 si
1219 4036 1350 4108 quid
1385 4039 1730 4109 gratiﬁcandi
1763 4055 1933 4096 causa
1959 4042 2080 4096 col-

478 4129 653 4184 latum
686 4129 760 4185 sit
801 4143 831 4183 a
873 4127 998 4183 llliis
1030 4142 1379 4200 nequaquam
1407 4130 1458 4183 id
1489 4131 1902 4200 opportunitate
1937 4148 2078 4187 usu-

479 4235 590 4292 que
609 4222 696 4275 sui
720 4220 1055 4288 voluptatem
1089 4220 1494 4290 accipientibus
1528 4220 1936 4287 admovet,.sed
1967 4238 2078 4277 una

477 4311 702 4381 pietatis
733 4311 970 4380 imagine
1002 4324 1070 4364 ac
1106 4309 1287 4366 lllialis
1326 4310 1534 4366 amoris
1566 4321 1930 4367 monumento
1955 4333 1969 4369 :
1998 4315 2082 4370 sic

481 4418 806 4459 communes
830 4403 1078 4457 omnium
1107 4401 1324 4467 Patres,
1347 4403 1551 4474 quibus
1577 4418 1686 4458 non
1709 4419 1779 4459 ex
1795 4407 2082 4462 voluntate

483 4495 670 4551 carnis
703 4496 797 4550 sed
827 4511 892 4550 ex
925 4494 1040 4550 Deo
1073 4493 1245 4563 geniti
1281 4511 1499 4562 sumus,
1540 4511 1671 4566 erga
1708 4497 1951 4555 honores
1985 4500 2079 4571 qui

2167 2010 2284 2063 ὅσοι
2310 2027 2374 2078 γε
2401 2009 2462 2062 οὐ
2488 2007 2750 2080 ῥᾳθύμως
2771 2009 2865 2062 τοῦ
2900 2009 3104 2068 οἰκείου
3138 2009 3371 2072 κάλλους
3415 2007 3776 2064 ὲπαισθάνον-

2165 2120 2280 2169 ται,
2309 2101 2386 2172 τῷ
2410 2100 2705 2172 ἀρχετύπῳ
2722 2102 2820 2171 τὴν
2843 2101 3028 2154 εἰκόνα
3049 2102 3450 2171 ὲξευγενίζουσι
3472 2102 3684 2171 ςτούτῳ
3705 2102 3776 2176 δὴ

2167 2193 2246 2265 τῷ
2269 2194 2345 2257 ώς
2378 2193 2596 2263 ἀληθῶς
2620 2191 2913 2262 ἀνθρώπου
2947 2195 3134 2264 οἰκείῳ
3158 2195 3401 2264 χρήματι
3429 2194 3458 2246 ὁ
3488 2194 3660 2264 μέγας
3684 2211 3773 2247 τι-

2172 2286 2365 2356 μάσθω
2417 2285 2711 2348 Νικόλαος.
2733 2283 2801 2338 Τί
2829 2285 2962 2356 γὰρ,
3009 2285 3058 2337 εἰ
3093 2285 3186 2337 καὶ
3222 2285 3297 2355 μή
3343 2287 3482 2356 πρὸς
3509 2285 3644 2356 ὕψος
3669 2287 3775 2356 τῆς

2168 2377 2383 2430 ἐκείνου
2445 2375 2927 2447 μεγαλοπρεπείας
2980 2376 3044 2430 τὸ
3080 2376 3292 2447 δώρονς
3357 2376 3497 2431 ἀλλά
3551 2379 3654 2449 τήν
3707 2396 3774 2447 γε

2169 2470 2493 2540 προαίρεσιν
2549 2469 2653 2522 οὐκ
2707 2468 2991 2538 ἀτιμάσει.
3029 2469 3188 2538 Ἔχει
3232 2469 3329 2539 μὲν
3359 2470 3470 2541 γὰρ
3495 2470 3622 2541 ήδη,
3659 2471 3774 2541 ἔχει

2167 2565 2286 2625 τοῖς
2317 2561 2470 2630 παρά
2521 2560 2643 2629 Θεῷ
2693 2559 2861 2624 ζῶσιν
2913 2562 2947 2630 ή
2995 2562 3054 2614 ὲν
3100 2561 3354 2632 οὐρανοῖς
3399 2560 3774 2633 ἀποχρώντως

2169 2655 2328 2726 τιμὴ,
2356 2655 2450 2707 καὶ
2476 2654 2680 2724 ἥκιστα
2701 2654 2928 2725 προσδεῖ
2973 2653 3193 2719 τούτοις
3220 2654 3474 2728 γλώσσης
3503 2657 3773 2726 ὲπικήρου

2171 2746 2457 2816 λυομένων
2491 2743 2752 2798 ἐπαίνων.
2799 2743 3087 2812 Ἀγαπῶσι
3136 2743 3182 2796 δ’
3206 2744 3358 2814 ὅμως
3386 2745 3485 2799 καὶ
3520 2742 3582 2797 τὸ
3615 2746 3776 2810 γένος

2172 2838 2297 2891 ὅθεν
2332 2836 2584 2907 ἀνέσχον,
2617 2835 2713 2890 καὶ
2741 2835 2916 2906 ἡδέως
2965 2835 3138 2906 ὁρῶσι
3180 2837 3274 2888 καὶ
3306 2837 3420 2899 τοῖς
3450 2835 3588 2906 πρὸς
3610 2837 3775 2908 ήμῶν

2174 2930 2498 3001 φερομένοις
2525 2945 2541 2962 ⁸
2585 2931 2646 2983 οὐ
2699 2929 2841 2999 πρὸς
2888 2928 2988 3000 τὴν
3035 2929 3247 2982 οἰκείαν
3274 2928 3481 2999 ἀρετήν
3510 2928 3570 2981 τὸ
3598 2927 3776 2999 δῶρον

2176 3022 2582 3093 σταθμώμενοι,
2634 3023 2701 3093 τῇ
2737 3021 2796 3074 δὲ
2826 3019 3149 3091 προαιρέσει
3190 3020 3252 3074 τὸ
3282 3021 3393 3073 πᾶν
3433 3020 3665 3090 ἀπέχειν
3698 3020 3774 3090 (2)

2175 3116 2493 3187 ἡγούμενοι.
2527 3115 2639 3169 Καὶ
2669 3115 2788 3176 δέος
2810 3112 3046 3170 ἐνταῦθα
3073 3113 3336 3185 παρέστω
3381 3112 3635 3182 οὐδαμῶς
3666 3112 3778 3183 ἰδίᾳ

2176 3209 2308 3273 τινὶ,
2367 3207 2467 3274 ὼς,
2496 3206 2782 3271 ἀδυνάτοις
2836 3204 3174 3261 ὲπιδαλόντι.
3212 3204 3426 3267 Κοινῶς
3462 3202 3574 3275 γὰρ
3603 3203 3777 3257 ἅπασι

2183 3300 2404 3372 μέτεστι
2428 3300 2645 3363 τούτου,
2680 3299 2988 3369 ὑστερίζειν
3036 3297 3145 3352 τῶν
3197 3295 3591 3368 προσηκόντων
3613 3297 3778 3348 ἐπαί-

2179 3409 2310 3457 νων,
2333 3392 2400 3446 ἂν
2419 3390 2657 3462 μάλιστά
2682 3408 2768 3454 τις
2785 3388 2876 3444 ἐπὶ
2900 3390 3074 3460 λόγων
3101 3390 3336 3461 δυνάμει
3366 3391 3608 3462 προήκῃ.
3636 3388 3778 3442 Ἀλλ’

2179 3485 2371 3556 ὥσπερ
2395 3485 2659 3550 ἐπιεικῶς
2679 3484 2906 3556 ἔχοντας
2933 3483 3172 3538 πλούτου
3215 3485 3463 3554 πατέρας
3499 3486 3532 3554 ή
3559 3485 3624 3535 ὲκ
3647 3481 3780 3536 παί-

2178 3578 2286 3632 δων
2314 3576 2641 3649 χαρίζεσθαι
2669 3576 3050 3645 διεγνωκότων
3086 3575 3390 3648 γιγνομένη
3418 3575 3778 3646 συνεισφορά,

2178 3670 2241 3724 οὐ
2263 3673 2331 3742 τῇ
2361 3669 2524 3741 χρείᾳ
2549 3669 2688 3741 πρὸς
2711 3669 2907 3740 ἡδονὴν
2957 3669 3054 3724 καὶ
3087 3669 3364 3742 ἀποδοχὴν
3397 3670 3669 3736 ἀνακινεῖ,
3699 3669 3780 3741 τῷ

2179 3763 2239 3817 δὲ
2289 3764 2421 3834 περὶ
2480 3762 2683 3826 αὐτοὺς
2717 3762 2867 3834 μόνῳ
2889 3761 3134 3835 φίλτρῳ·
3169 3762 3345 3826 οὕτως
3381 3763 3480 3817 καὶ
3511 3763 3641 3827 τούς
3660 3780 3779 3816 κοι-

2182 3854 2310 3920 νοὺς
2347 3854 2606 3910 ἁπάντων
2646 3853 2914 3925 πατέρας,
2959 3848 3040 3918 οἷς
3075 3853 3178 3907 οὐκ
3213 3854 3279 3907 ὲκ
3311 3852 3621 3924 θελήματος
3647 3870 3780 3923 σαρ-

2181 3947 2298 4014 κὸς,
2343 3946 2464 4000 ἀλλ’
2504 3947 2570 4000 ὲκ
2627 3945 2766 3999 Θεοῦ
2823 3944 3221 4015 ἐγεννήθημεν,
3275 3944 3586 3999 διακεῖσθαι
3639 3945 3780 4015 πρὸς

2179 4040 2282 4103 τὰς
2311 4038 2372 4103 ἐξ
2391 4037 2698 4107 ἀνθρώπιον
2718 4039 2889 4109 τιμάς
2945 4038 3155 4092 οἴεσθαι
3197 4038 3328 4108 χρή.
3353 4037 3576 4099 Μᾶλλον
3609 4036 3665 4090 δὲ
3693 4036 3779 4106 (οὐ

2180 4131 2291 4202 γὰρ
2320 4130 2402 4194 εἰς
2426 4130 2721 4199 ἀκρίϐειαν
2752 4130 2786 4201 ή
2815 4128 2982 4182 εἰκὼν
3006 4128 3145 4199 αὕτη
3179 4127 3342 4192 σώζει
3375 4128 3476 4196 τὴν
3493 4128 3777 4198 μίμησιν),

2179 4223 2373 4297 ὥσπερ
2395 4223 2457 4278 τὸ
2482 4226 2732 4295 κρεῖττον
2775 4221 2993 4285 οὐδενὸς
3046 4223 3146 4290 μὲν
3202 4222 3312 4276 τῶν
3362 4221 3653 4292 ἡμετέρων
3700 4223 3778 4284 εἰς

2180 4317 2374 4388 χρείαν
2430 4317 2778 4383 καθίσταται,
2846 4317 3008 4388 μόνου
3040 4316 3085 4369 δ’
3115 4316 3305 4368 ἕνεκεν
3360 4314 3455 4368 τοῦ
3490 4315 3593 4383 τῆς
3643 4313 3778 4383 παρ’

2182 4409 2348 4465 αὐτοῦ
2382 4410 2710 4480 μεταδοῦναι
2747 4410 2994 4481 χάριτος,
3028 4409 3100 4462 τὰ
3146 4410 3204 4475 ἐξ
3235 4407 3546 4479 ἀνθρώπων
3564 4406 3779 4476 λαμϐά-

2182 4518 2286 4555 νει.
2319 4500 2434 4570 Οὐχ
2454 4499 2532 4563 ώς
2562 4501 2624 4553 οὐ
2653 4503 2860 4571 προῖκα
2883 4499 3231 4573 δωρούμενος
3265 4499 3467 4569 (πάντα
3497 4499 3607 4568 γὰρ
3634 4497 3779 4551 οὕτω

482 4587 624 4656 ipsis
671 4587 741 4641 ab
780 4586 1100 4642 hominibus
1129 4586 1482 4652 adhibentur,
1517 4587 1610 4640 tali
1648 4589 1885 4659 quodam
1916 4591 2072 4645 modo

2187 4591 2299 4664 ῥέει
2361 4592 2464 4662 τῆς
2525 4591 2802 4647 ἀκενώτου
2849 4591 3077 4661 πηγῆς),
3103 4591 3220 4644 ἀλλ’
3265 4591 3342 4651 ὡς
3379 4591 3574 4660 ἐκείνῳ
3602 4590 3779 4662 ταύτῃ

481 4679 706 4734 alfectos
738 4679 1057 4734 existimare
1079 4686 1317 4749 oportet.
1352 4680 1462 4733 Aut
1492 4680 1677 4749 potius
1703 4680 1904 4751 (neque
1928 4683 2074 4738 enim

480 4773 620 4827 satis
648 4773 714 4825 ad
747 4786 935 4826 verum
965 4785 1029 4828 ea
1076 4771 1381 4826 similitudo
1424 4786 1540 4826 rem
1573 4771 1854 4842 exprimit)
1886 4787 2080 4842 quem-

555 4957 736 5030 (1)133:
780 4955 1539 5030 7bibliothecajllustrissimi
1561 4956 1757 5030 _Caroli
1789 4957 1858 5030 de
1887 4957 2071 5030 Mont-

483 5025 627 5093 chal,
679 5028 1082 5099 archiepiscopi
1132 5025 1416 5099 Tolosani.
1449 5057 1518 5067 —
1561 5025 1762 5083 Leonis
1812 5028 2072 5099 Augusti,

484 5111 851 5168 cognomento
873 5094 884 5098 ⁷
907 5094 1256 5168 PhilusOphi,
1289 5113 1380 5168 res
1410 5107 1790 5168 exsequuntur
1826 5094 2075 5168 Cui-epa-

484 5166 644 5229 lates,
681 5169 986 5232 Cedrenus,
1021 5167 1290 5234 Zonaras,
1319 5166 1540 5238 Glycas.
1561 5166 1640 5222 Ex
1671 5169 1874 5238 quibus
1905 5166 2075 5223 Baro-

485 5242 613 5294 nius
641 5240 884 5309 collegit,
904 5248 959 5293 et
987 5239 1242 5307 digessit.
1276 5239 1623 5309 Scriptorum
1663 5239 1872 5293 indices
1911 5240 2071 5293 exhi-

486 5312 616 5364 bent
647 5308 946 5371 Gesnerus,
974 5309 1246 5364 Simlerus
1284 5319 1340 5363 et
1377 5308 1734 5364 Possevinus.
1759 5311 1884 5376 Qui,
1922 5311 2071 5378 quod

484 5381 651 5448 hujus
697 5379 967 5434 orationis
998 5395 1107 5432 non
1141 5380 1514 5434 meminerunt
1555 5381 1604 5434 si
1638 5381 1766 5448 quis
1809 5381 1864 5434 in
1909 5395 2081 5449 argu-

489 5463 736 5505 mentum
766 5450 985 5504 trahere
1012 5449 1174 5504 vellet
1206 5450 1496 5504 dubitandi
1531 5451 1599 5504 de
1653 5461 1903 5511 auctore.
1939 5452 2081 5505 sciat

483 5535 705 5575 exstare
728 5521 781 5573 in
809 5517 1078 5574 Vaticana
1109 5521 1442 5574 bibliotheca
1472 5535 1625 5573 num.
1647 5521 1777 5585 805,
1818 5532 1874 5574 ut
1908 5520 2078 5576 Baro-

486 5591 616 5646 nius
653 5600 909 5656 testatur,
962 5592 1209 5660 codicem
1250 5606 1362 5660 quo
1400 5591 1755 5644 continentur
1797 5592 2082 5646 orationes

485 5672 599 5718 tres
625 5669 680 5716 et
715 5662 936 5732 triginta
993 5661 1159 5731 hujus
1187 5658 1411 5732 Leonis,
1464 5675 1700 5732 quarunt
1740 5677 1863 5729 qua:
1888 5662 2082 5718 ordine

485 5733 667 5801 prima
696 5740 752 5801 et
791 5731 1051 5785 vicesima
1068 5740 1173 5794 est,
1223 5731 1642 5801 inscriptionem
1690 5731 1852 5784 habet
1876 5732 2073 5801 hujus-

479 5800 639 5861 _in0di
673 5818 686 5853 :
732 5800 791 5854 In
813 5802 1261 5871 fulgentissimum
1289 5800 1538 5854 Ecclesia:
1563 5802 1738 5854 lumen
1755 5800 2062 5856 Nicolaum.

488 5871 667 5935 Quam
716 5873 964 5930 eamdem
1009 5873 1146 5930 huic,
1186 5888 1406 5941 quoque
1457 5872 1734 5936 praetium
1786 5873 1954 5934 lenis.
2005 5883 2066 5929 ut

2186 4680 2664 4753 προσεγγιζόντων
2711 4682 2892 4752 ήμῶν,
2940 4680 3085 4733 οὕτω
3132 4698 3192 4733 τε
3231 4679 3436 4749 μᾶλλον
3479 4679 3594 4733 τῶν
3641 4683 3775 4751 παρ’

2185 4773 2353 4828 αὐτοῦ
2391 4773 2528 4845 πρὸς
2583 4775 2733 4845 ἡμᾶς
2781 4772 3190 4828 διαϐαινόντων.
3224 4773 3437 4844 Ὥσπερ
3465 4771 3531 4844 δὴ
3567 4775 3670 4827 κάν
3698 4771 3775 4844 τῷ

2037 4863 2276 4922 NOTAE.

2179 4960 2433 5016 dubitare.
2461 4976 2573 5014 non
2610 4959 2812 5015 debeas
2839 4959 2972 5028 quin
3008 4960 3124 5015 haec
3151 4961 3268 5030 ipsa
3300 4959 3557 5025 sitquam
3593 4957 3770 5013 eidem

2179 5034 2430 5100 Augusto
2484 5031 2815 5098 Philosophe
2856 5032 3214 5086 vindicabant
3259 5031 3314 5084 in
3354 5030 3547 5084 codice
3592 5041 3774 5083 vetere

2182 5101 2330 5156 unde
2353 5103 2619 5170 exscripsi
2656 5104 2866 5171 aliquot
2895 5102 3119 5156 iamhici
3155 5109 3364 5156 versus’
3394 5100 3584 5171 nescio
3611 5100 3771 5168 cujus

2180 5171 2353 5226 (ἶνιεοί
2382 5170 2762 5242 grammatici,
2805 5187 3150 5242 nequaquam
3210 5174 3348 5228 satis
3397 5170 3682 5240 elegantes
3712 5179 3769 5224 ut

2179 5243 2420 5296 editione
2441 5240 2590 5311 digni
2614 5244 2723 5297 sint
2754 5242 2876 5296 visi.

2252 5313 2328 5382 (2)
2367 5314 2621 5381 Ἀπέχειν
2672 5327 2780 5366 non
2815 5313 2962 5366 valet
3017 5313 3104 5367 hic
3143 5311 3451 5378 διίσταμαι,
3493 5311 3590 5366 sed
3635 5313 3771 5365 ἀπο·-

2179 5381 2466 5452 λαμϐἀνω.
2521 5383 2640 5447 Quo
2671 5399 2835 5438 sensu
2873 5384 3137 5437 dicuntur
3178 5383 3213 5436 ii
3265 5383 3470 5452 quibus
3497 5397 3562 5435 ex
3589 5383 3770 5438 debito

2181 5451 2514 5516 satisdator,
2553 5453 2781 5522 ἀπέχειν
2813 5453 2874 5506 τὸ
2906 5453 3248 5522 γιγνόμενον.
3277 5451 3341 5504 Ει
3374 5452 3617 5522 operarii
3648 5455 3768 5522 qui-

2183 5524 2286 5577 bus
2316 5536 2401 5579 est
2431 5521 2716 5593 persoluta
2739 5521 2985 5586 merces,
3016 5525 3242 5592 ἀπέχειν
3273 5523 3366 5574 τὸν
3401 5521 3618 5589 μισθόν.
3654 5521 3764 5582 [tuo

2181 5595 2329 5662 quod
2358 5592 2532 5663 magis
2565 5594 2674 5647 huc
2695 5592 2848 5657 facit,
2875 5596 3104 5663 ἀπέχειν
3129 5594 3288 5663 χάριν
3314 5593 3585 5662 Synesius
3607 5595 3764 5659 dixit,

2184 5678 2352 5720 sensu
2379 5662 2680 5728 consimili,
2714 5666 2860 5733 quod
2908 5662 3120 5719 Latinis
3152 5664 3409 5731 accipere,
3435 5672 3633 5727 tenere,
3663 5667 3762 5718 im-

2182 5746 2370 5801 putare
2401 5736 2612 5802 gratim,
2662 5743 2769 5787 etc.
2807 5735 3036 5789 Confido
3088 5751 3174 5791 tne
3208 5734 3312 5789 loci
3345 5735 3676 5790 sententiam
3709 5735 3762 5789 in

2183 5805 2643 5877 interpretatione
2677 5807 2938 5862 tenuisse.
