4086 6298
262 365 366 429 9.θὸ

1049 361 1335 423 ORATIO
1373 360 1565 422 XVII.
1594 385 1662 395 -
1692 355 1776 422 IN
1805 359 1864 418 S.
1897 356 1979 418 NI
1990 358 2297 421 COLAUM
2326 359 2772 423 MYRENSEM.

3449 363 3558 428 206

266 476 586 549 πλησιάζειν
617 475 754 548 ήλίῳ
793 475 1194 546 πλουσιωτέρου
1228 474 1303 546 (3)
1349 476 1527 544 φωτὸς
1565 473 1854 544 μεταλαμο

1964 472 2254 529 admodum
2282 475 2495 531 Numen
2519 477 2994 546 praestantissimae
3018 479 3221 537 mentis
3251 481 3404 537 nulla
3434 481 3558 554 qui-

266 573 484 629 ϐάνοῡσι
513 573 632 635 τοῖς
665 570 973 640 ἐγγίζουσι.
1021 570 1227 638 Κοινῆς
1264 570 1309 622 δ’
1340 569 1545 622 ἅπασιν
1595 567 1711 621 ὅσοι
1741 568 1854 630 τοῖς

263 664 373 718 ἀνω
409 662 706 734 βασιλείοις
723 661 1043 724 αὐλίζονται
1089 659 1296 729 ταύτης
1345 657 1513 727 οὔσης
1535 660 1636 729 τῆς
1659 673 1848 729 προαιο

267 755 488 826 ρέσεως,
520 753 666 825 φημὶ
713 752 778 823 δὴ
817 751 914 806 τοῦ
954 751 1241 823 βούλεσθαι
1294 751 1409 812 τοῖς
1447 749 1599 803 κάτω
1627 749 1854 819 χαρίζε-

269 848 412 913 σθαι,
443 849 544 902 οὐκ
568 847 718 900 ἐστιν
775 847 958 916 εὑρεῖν
988 847 1172 899 ὅντινα
1215 843 1417 916 μᾶλλον
1447 842 1656 914 ταύτης
1696 843 1855 914 ἴσμεν

265 943 358 1012 τῆς
387 940 766 1013 προαιρέσεως
793 932 857 994 οὗ
883 938 979 993 νῦν
1011 940 1109 1010 τὴν
1134 937 1415 1009 εὐφημίαν
1447 939 1526 1001 είς
1552 936 1714 1009 ἔργον
1743 935 1854 990 θεῖ..

265 1051 352 1087 ναι
394 1032 888 1104 προτεθυμήμεθα.
921 1032 1086 1084 Ὥστε
1134 1031 1229 1084 καὶ
1263 1030 1424 1084 τοῦτο
1464 1030 1690 1104 ἀφορμή
1720 1029 1858 1100 πρὸς

265 1128 354 1182 τὸν
395 1126 619 1180 ἔπαινον
664 1129 731 1197 τῇ
788 1125 1084 1196 περιουσίᾳ
1134 1124 1236 1195 τῆς
1269 1124 1365 1176 τοῦ
1401 1123 1597 1196 ἀνδρὸς
1630 1123 1768 1194 πρὸς
1796 1123 1856 1177 τὸ

267 1220 324 1274 εὖ
356 1222 531 1273 ποιεῖν
562 1220 897 1290 προθυμίας,
927 1220 1081 1290 ἡμῖν,
1114 1218 1514 1288 ἐλαττουμένου
1540 1217 1634 1271 τοῦ
1663 1217 1854 1287 φόϐου.

270 1313 424 1366 Ποῖον
449 1312 560 1381 γὰρ
589 1310 867 1382 θαλάσσης
901 1311 1140 1380 πέλαγος
1192 1310 1462 1382 ἀμέτοχον
1507 1311 1618 1365 τῶν
1643 1311 1855 1365 ἐκείνου

267 1401 446 1457 καλῶν
470 1403 589 1474 (4);
640 1403 801 1457 Ποῖαι
839 1403 896 1456 δέ
957 1403 1064 1473 γῆς
1111 1404 1364 1472 ἐσχατιαὶ
1415 1403 1477 1457 οὐ
1515 1402 1617 1466 τὰς
1644 1403 1855 1457 ἐκείνου

264 1493 589 1565 γνωρίζουσι
622 1494 854 1566 χάριτας
886 1508 906 1561 ;’
961 1493 1231 1548 Τοσοῦτον
1282 1493 1431 1565 αὐτῷ
1462 1493 1524 1548 τὸ
1585 1493 1858 1565 ἐπίσημον

264 1587 342 1657 τῷ
365 1586 612 1658 περιόντι
653 1586 764 1640 τῶν
787 1585 1010 1659 δωρεῶν
1063 1585 1196 1640 ὥσθ’
1227 1586 1365 1658 ὅπερ
1415 1588 1552 1656 πρδς
1579 1587 1731 1658 ἥλιον
1761 1585 1858 1640 ἀν-

268 1681 475 1751 θρωττοι
508 1679 762 1750 (5),μετά
794 1679 1114 1752 χειμερινήν
1147 1679 1298 1751 ὥραν
1345 1680 1673 1747 πεπόνθασι,
1709 1680 1854 1735 πάν-

270 1792 370 1838 τας
400 1773 496 1828 ἐπῖ
521 1775 737 1846 τρυφὴν
766 1774 877 1828 τῶν
911 1775 1146 1828 ἀκτίνων
1185 1774 1502 1840 καλοῦντες,
1533 1773 1692 1827 τοῦτο
1752 1775 1858 1828 κάν

265 1869 332 1939 τῇ
364 1869 552 1940 μνήμῃ
603 1869 680 1938 (ϐ)
735 1865 832 1921 τοῦ
861 1867 1006 1921 θείου
1033 1867 1227 1939 ἀνδρὸς
1268 1867 1553 1937 γινόμενον
1584 1867 1698 1921 ἔστι
1722 1869 1857 1921 καθ-

265 1960 418 2030 ορᾷν,
456 1959 658 2030 μᾶλλον
688 1960 746 2012 δὲ
775 1959 912 2014 πολὺ
941 1958 1107 2012 πλέον
1172 1958 1414 2014 ἐνταῦθα
1441 1959 1675 2029 γίνεται.
1711 1960 1860 2012 Ἐκεῖ

270 2053 372 2122 μὲν
409 2050 520 2120 γάρ
569 2051 707 2105 είσὶν
747 2050 798 2104 οἳ
852 2050 958 2103 ύπδ
1016 2051 1116 2121 τῆς
1159 2050 1577 2122 καταλαϐούσης
1599 2051 1857 2121 ἀσχολίας

266 2135 379 2196 οἷον
409 2141 782 2212 πεπεδημένοι
815 2141 1059 2212 μένουσι,
1112 2141 1326 2212 χαίρειν
1383 2142 1629 2206 εἰπόντες
1657 2145 1722 2213 τῇ
1749 2141 1857 2196 τῶν

265 2232 504 2288 ἀκτίνων
560 2236 764 2304 τρυφῇ,
820 2231 1059 2285 ἐνταῦθα
1117 2232 1197 2294 δέ,
1258 2231 1490 2302 οὐδεμία
1528 2231 1672 2287 οὕτω
1705 2233 1859 2304 βιαία

266 2323 610 2393 πραγμάτων
637 2321 865 2392 ἀσχολία
907 2321 942 2392 ἥ
988 2321 1194 2374 δύναιτ’
1229 2322 1296 2375 ἂν
1352 2323 1644 2391 ἀπείργειν
1667 2323 1766 2394 τῆς
1793 2325 1858 2377 ἐκ

265 2415 373 2468 τῶν
407 2414 570 2485 ἱερῶν
611 2413 975 2483 μνημοσύνων
1022 2411 1118 2464 τοῦ
1160 2411 1397 2482 μεγάλου
1446 2415 1689 2484 κήρυκος
1723 2414 1858 2466 ἀπο.

264 2505 533 2569 λαύσεως.
565 2506 663 2568 Τίς
684 2504 830 2558 οὕτω
854 2503 1092 2574 σάλπιγξ
1120 2505 1181 2558 τὸ
1235 2505 1483 2559 ἐνυάλιον
1519 2507 1859 2577 ἀπηχήσασα

264 2598 602 2668 παρατάξεις
627 2599 903 2668 ἀνέρωσεν
929 2597 1005 2661 ὡς
1027 2592 1184 2660 οὗτος
1211 2597 1300 2652 διὰ
1324 2598 1425 2667 τῆς
1482 2600 1704 2669 μνήμης
1727 2599 1858 2654 σαλ-

265 2692 432 2754 πίσας
465 2692 660 2761 ήγειρε
710 2689 810 2753 τὰς
849 2688 1034 2760 ψυχάς
1065 2707 1079 2756 ;
1111 2690 1222 2744 τῶν
1262 2689 1561 2762 προθύμων
1597 2690 1776 2756 αὔξων
1800 2692 1861 2745 τὸ

265 2783 574 2853 πρόθυμον,
600 2781 708 2834 τῶν
733 2781 911 2834 ἀναπε
923 2781 1214 2835 πτωκότων
1236 2781 1471 2835 διαλύων
1493 2781 1554 2835 τὸ
1581 2781 1856 2852 ῥᾴθυμονς

276 2873 392 2926 ’Δεὶ
424 2873 523 2944 μὲν
547 2873 576 2924 ὁ
596 2869 692 2924 τοῦ
724 2872 919 2940 γένους
949 2870 1246 2934 ἀντίπαλος
1281 2871 1374 2924 ἐπὶ
1403 2873 1522 2936 ταῖς
1550 2872 1660 2924 τῶν
1687 2873 1861 2941 ἁγίων

261 2965 453 3034 τιμαῖς
485 2963 707 3034 καιρίας
737 2962 956 3033 δέχεται
1003 2961 1104 3027 τὰς
1153 2962 1390 3033 πληγὰς,
1421 2962 1859 3033 σκυθρωπάζων,

265 3058 364 3112 καὶ
417 3056 709 3128 συμφορὰν
774 3056 911 3110 ίδίαν
963 3055 1063 3125 τὴν
1087 3055 1197 3110 τῶν
1264 3055 1474 3110 πιστῶν
1515 3057 1862 3129 εὐφροσύνην

1957 563 2082 620 dem
2133 581 2320 621 rerum
2369 577 2689 623 nostrarum
2734 585 2877 640 opus
2926 569 3129 638 habet;
3178 583 3371 629 nostra
3423 589 3557 630 vero

1957 658 2075 712 sola
2115 673 2304 721 causa,
2337 673 2448 729 quo
2484 659 2747 715 nimirum
2788 663 3140 719 occasionem
3193 665 3394 720 habeat
3439 667 3558 722 suis

1958 763 2063 807 nos
2088 749 2287 819 opibus
2320 750 2694 820 impertiendi.
2730 767 2958 808 munera
2991 753 3274 808 hominum
3301 756 3556 826 suscipit.

1958 841 2078 897 Non
2102 850 2364 912 tanquam
2385 842 2472 897 vel
2494 842 2549 896 id
2578 843 2758 912 ipsum
2785 845 2932 913 quod
2956 859 3022 899 eo
3047 845 3276 900 nomine
3300 847 3559 901 retribuit

1958 947 2068 986 non
2106 934 2276 1002 gratis
2311 933 2478 987 donet
2507 933 2700 1004 (gratis
2734 934 2883 989 enim
2922 943 3074 990 certe
3102 951 3167 990 ex
3225 935 3560 992 inexhausta

1960 1025 2054 1081 illo
2087 1023 2236 1080 fonte
2264 1024 2406 1080 bona
2433 1023 2662 1080 elliuunt
2690 1026 2919 1096 omnia),
2954 1026 3049 1081 sed
3073 1026 3223 1098 quod
3255 1043 3318 1082 ea
3335 1029 3559 1098 religio»

1958 1133 2027 1173 ne
2076 1116 2188 1173 Deo
2233 1132 2334 1172 nos
2364 1117 2803 1185 admoveamus;
2847 1118 3085 1189 indeque
3139 1117 3360 1175 facilius
3410 1121 3555 1176 bona

1957 1224 2079 1279 qua:
2107 1209 2176 1264 ab
2198 1225 2264 1265 eo
2292 1216 2515 1264 manant
2536 1218 2910 1280 propagentur
2937 1210 3005 1264 ad
3029 1226 3153 1267 nos.
3183 1209 3555 1278 Quemadmo-

1959 1302 2090 1357 dum
2119 1301 2212 1372 qui
2245 1301 2313 1356 ad
2344 1301 2520 1357 solem
2551 1301 2828 1356 accedunt
2870 1303 3126 1373 propius,
3159 1319 3226 1360 eo
3265 1304 3557 1361 abundan-

1958 1396 2071 1451 tius
2108 1395 2440 1466 participant
2482 1395 2691 1450 lumen.
2732 1394 2916 1466 Atque
2943 1397 3052 1451 hoc
3082 1397 3254 1452 animi
3293 1399 3554 1470 proposi-

1957 1495 2096 1552 tum,
2123 1485 2368 1542 studium
2387 1485 2511 1541 dico
2533 1486 2674 1542 bene
2695 1487 2944 1542 merendi
2960 1487 3028 1544 de
3049 1490 3400 1557 mortalibus,
3426 1505 3556 1547 cum

1960 1593 2255 1633 commune
2270 1577 2343 1634 sit
2369 1578 2615 1633 omnium
2639 1578 2734 1649 qui
2763 1579 2818 1633 in
2847 1579 3060 1637 caelesti
3088 1581 3238 1653 regia
3264 1583 3555 1640 diversan-

1960 1679 2071 1736 tur,
2103 1671 2316 1726 nullum
2343 1680 2527 1726 tamen
2575 1673 2821 1742 reperire
2843 1681 2928 1729 est
2951 1689 3116 1745 quem
3147 1676 3548 1736 illustrioribus

1961 1771 2178 1819 constet
2235 1764 2591 1822 documentis
2646 1765 2707 1820 in
2739 1765 2834 1821 tali
2862 1781 2991 1837 erga
3023 1767 3277 1826 homines
3307 1785 3433 1827 esse
3457 1786 3556 1826 vo-

1961 1856 2196 1920 luntate,
2224 1871 2393 1926 quam
2433 1871 2560 1911 eum
2596 1855 2756 1927 cujus
2795 1857 2851 1913 in
2885 1859 3207 1914 adornanda
3240 1861 3556 1920 laudatione

1961 1964 2108 2004 nunc
2140 1949 2378 2006 maxime
2408 1965 2623 2005 sumus.
2648 1950 2793 2017 Quin
2826 1950 2943 2006 haec
2972 1953 3111 2008 adeo
3144 1951 3344 2009 fiducia
3375 1954 3556 2028 impe-

1961 2050 2076 2097 tum
2110 2043 2272 2098 nobis
2304 2043 2526 2114 expedit
2551 2044 2619 2100 ad
2658 2042 2947 2099 audaciam
2985 2045 3191 2116 incepti
3225 2047 3386 2115 tanti,
3414 2063 3556 2118 pre-

1961 2136 2233 2192 lixissima
2298 2137 2636 2196 liberalitate
2669 2137 2772 2192 viri
2805 2137 2874 2193 ad
2929 2138 3298 2195 condonanda
3325 2125 3556 2209 :onmia,

1962 2229 2175 2283 veniam
2202 2243 2425 2299 quoque
2452 2231 2594 2284 male
2619 2230 2925 2300 perfuncta:
2955 2230 3293 2288 laudationis
3321 2249 3555 2305 sperare

1967 2320 2131 2376 nobis
2193 2320 2500 2392 suadente;
2559 2336 2967 2391 successusque
3011 2338 3208 2394 parum
3273 2324 3400 2380 boni
3450 2326 3556 2381 mi-

1963 2422 2166 2468 nuente
2235 2422 2462 2470 metum.
2515 2413 2674 2481 Quod
2729 2416 2893 2472 enim'
2941 2419 3113 2474 maris
3170 2416 3395 2484 fretum,
3432 2434 3556 2490 qua:

1961 2507 2140 2577 pelagi
2200 2509 2478 2575 vastitas,
2559 2523 2670 2562 non
2748 2507 2870 2578 ejus
2909 2509 3220 2575 ,miraculis
3287 2512 3557 2584 insignita

1961 2597 2087 2652 est?
2141 2596 2246 2663 Qui
2298 2614 2432 2653 vero
2484 2599 2660 2654 saltus
2714 2613 2779 2654 ac
2828 2599 3160 2659 solitudines
3222 2612 3386 2659 terra:
3441 2619 3556 2660 non

1961 2689 2082 2756 ejus
2157 2689 2365 2759 gratias
2444 2691 2826 2762 experimento
2889 2694 3146 2763 cognitas
3217 2693 3554 2750 habuerunt.

1963 2779 2095 2845 Quae
2118 2788 2226 2832 tam
2251 2791 2514 2838 constans
2559 2783 2968 2850 magniﬁcentia
3013 2783 3284 2840 donorum
3335 2793 3449 2841 tam
3475 2787 3558 2842 in-

1963 2873 2173 2944 signem
2202 2889 2327 2928 eum
2351 2875 2514 2944 vulgo
2546 2873 2815 2943 reddidit;
2855 2885 2933 2942 ut,
2979 2877 3129 2946 quod
3164 2880 3342 2932 solent
3373 2877 3554 2932 homi-

1963 2979 2062 3020 nes
2093 2965 2138 3020 si
2177 2965 2320 3020 l'orte
2375 2973 2501 3034 post
2549 2965 2804 3020 brumam
2854 2967 3105 3022 serenior
3135 2969 3416 3024 elucescat
3448 2967 3555 3033 sol,

1963 3067 2079 3112 tum
2111 3059 2311 3129 gestire
2337 3057 2393 3112 in
2428 3057 2619 3127 aprico
2662 3058 2791 3129 ipsi,
2831 3069 2948 3116 tum
2978 3063 3117 3118 alios
3147 3063 3214 3117 ad
3243 3063 3556 3133 jucundum

266 3149 614 3220 ποιούμενος.
668 3147 785 3202 Νῦν
856 3148 915 3202 δὲ
958 3147 1181 3202 τοσοῦτο
1239 3148 1400 3202 πλέον
1451 3149 1728 3220 κερδαίνει
1763 3152 1861 3222 τῆς

1967 3165 2210 3226 teporem
2263 3156 2540 3209 radiorum
2598 3155 2864 3211 solarium
2917 3169 3226 3211 convocare
3271 3155 3560 3226 perfruen-

266 3243 583 3314 συμφορᾶς,
616 3243 742 3296 ὅσον
783 3241 863 3304 είς
893 3240 1111 3296 ἅπαντα
1145 3241 1361 3311 πέρατα
1399 3241 1461 3295 τὸ
1487 3242 1587 3313 τῆς
1616 3243 1864 3316 πανηγύ-

267 3352 410 3406 ρεως
466 3334 786 3406 ἀγαλλίαμα
829 3333 1116 3388 διαϐαίνει.
1165 3334 1307 3388 Ἀλλ’
1335 3332 1526 3406 ὥσπερ
1576 3337 1656 3397 είς
1686 3335 1863 3407 ἀρχὴν

263 3426 547 3490 καταστὰς
599 3427 628 3480 ὁ
661 3425 820 3496 λόγος
871 3425 1140 3496 πρότερον
1181 3427 1712 3497 διαμνημονευσάτω
1753 3427 1864 3481 τῶν

258 3519 503 3591 ἐντίμων
527 3520 759 3580 ὠδίνων,
815 3519 871 3573 αῖ
915 3519 1009 3574 τὸν
1057 3519 1231 3589 ἄνδρα
1285 3519 1364 3591 τῷ
1400 3521 1502 3592 βίῳ
1546 3522 1859 3592 παρέσχονο

263 3615 417 3670 οὕτω
454 3632 514 3668 τε
542 3614 668 3668 καθ’
698 3613 816 3667 ὁδὸν
847 3612 943 3668 ἐπὶ
998 3612 1070 3666 τὰ
1121 3612 1361 3682 πρόσθεν
1400 3613 1668 3683 χωρείτω.
1692 3613 1864 3666 Τοῦτο

263 3708 327 3762 δὲ
395 3705 790 3778 προθυμείσθω
841 3704 901 3758 ού
935 3706 1102 3775 νόμον
1133 3705 1428 3774 ἐγκωμίων
1486 3707 1616 3776 περὶ
1667 3706 1862 3759 πολλοῦ

263 3799 624 3868 ποιούμενος,
648 3797 707 3862 ὃς
735 3795 1058 3868 βουλόμενος
1086 3796 1343 3868 ἀφορμὴν
1367 3797 1478 3860 τοῖς
1510 3797 1751 3860 ἐπαίνοις
1785 3800 1866 3862 είς

263 3891 501 3962 αὔξησιν
525 3892 854 3962 παρασχεῖν,
887 3890 1100 3943 ἐκεῖθεν
1128 3887 1410 3942 ἐπιτάττει
1430 3888 1655 3955 τούτους
1691 3908 1865 3962 παρα-

264 3985 510 4052 κροτεῖν.
535 3981 670 4036 Οὐδὲ
701 3980 814 4053 γὰρ
843 3981 894 4036 εί
944 3981 1041 4035 καὶ
1069 3980 1139 4033 τὰ
1195 3979 1436 4050 μάλιστα
1481 3981 1789 4051 θαυμαστοὶ
1815 3982 1866 4035 oi

265 4074 619 4146 γεννήτορες,
651 4073 754 4140 τῆς
779 4073 1004 4128 ἐκείνων
1032 4073 1193 4140 δόξης
1231 4075 1264 4143 ή
1291 4071 1384 4126 τοῦ
1410 4073 1603 4136 παιδὸς
1617 4074 1868 4144 εὐφημία

264 4169 617 4241 προσδεῖταιο
646 4165 838 4237 ὥσπερ
892 4165 1000 4220 οὐδ’
1030 4166 1274 4236 ἔμφυτον
1305 4166 1504 4232 κάλλος
1540 4169 1639 4238 τῆς
1672 4168 1732 4232 ἐξ
1767 4169 1867 4221 ἀλ-

262 4258 502 4330 λοτρίων
526 4257 736 4313 ἀνθέων
757 4258 983 4329 χάριτος
1024 4258 1120 4311 καὶ
1145 4260 1512 4329 κομμωτικῆς
1556 4259 1863 4331 περινοίας.

264 4356 396 4410 Οὐδ’
415 4355 600 4426 ἡμέρα
626 4354 764 4426 ἡλίῳ
798 4351 1334 4425 καταπυρσευομένη
1383 4352 1704 4425 προσθήκην
1739 4355 1867 4408 ἐπι-

265 4450 430 4516 ζητεῖ
459 4447 848 4518 φαιδρότητος,
890 4445 980 4500 ἵνα
1026 4445 1232 4516 μᾶλλον
1293 4446 1557 4518 ροδοειδές
1592 4447 1751 4519 φέροι
1804 4449 1867 4503 τὸ

1965 3248 2095 3302 dum
2130 3263 2144 3299 :
2176 3247 2316 3302 idem
2348 3247 2414 3301 ad
2451 3246 2771 3301 memoriam
2810 3261 3034 3317 quoque
3067 3245 3238 3300 divini
3267 3246 3434 3316 hujus
3454 3247 3559 3302 viri

1965 3340 2081 3395 ﬁeri
2137 3340 2324 3395 videre
2377 3340 2558 3403 liccat,
2601 3340 2710 3393 imo
2766 3340 2929 3408 longe
2975 3338 3100 3408 plus
3142 3339 3308 3410 hujus
3335 3339 3559 3410 quidem

1966 3433 2071 3486 hac
2107 3432 2160 3486 in
2192 3441 2345 3500 parte
2377 3431 2456 3483 ﬁt.
2486 3429 2559 3485 lbi
2593 3432 2740 3484 enim
2770 3440 2901 3486 sunt
2932 3432 3025 3500 qui
3050 3432 3305 3500 occupati
3341 3432 3560 3503 negotio

1964 3527 2115 3581 velut
2146 3524 2426 3596 praepediti
2477 3533 2731 3588 manent;
2775 3524 3097 3579 ammnitate
3149 3525 3432 3604 radiorum
3461 3541 3558 3580 va-

1966 3619 2079 3672 lere
2102 3617 2279 3692 jussa,
2315 3616 2402 3669 hic
2429 3624 2609 3669 autem
2645 3616 2793 3668 nulla
2827 3623 2938 3668 tatu
2965 3617 3173 3670 intenta
3203 3615 3557 3672 fueritoccu-

1967 3715 2116 3786 patio
2167 3729 2288 3782 quae
2351 3712 2639 3781 prohibere
2695 3723 2860 3780 queat
2896 3712 3152 3769 homines
3198 3730 3268 3770 ne
3294 3731 3413 3771 eam
3438 3731 3562 3786 qua:

1966 3821 2032 3859 ex
2059 3818 2220 3858 sacro
2252 3802 2430 3871 magni
2469 3802 2633 3870 hujus
2662 3801 2998 3858 confessoris
3031 3813 3393 3860 monumento
3424 3821 3557 3876 per-

1967 3893 2381 3964 cipiturgratim
2417 3893 2630 3961 copiam
2662 3895 3049 3963 participatum
3085 3903 3230 3949 eant.
3267 3895 3401 3962 Qua:
3431 3899 3561 3954 tuba

1968 3986 2261 4040 classicum
2297 3984 2556 4039 intonans
2584 3985 2903 4054 procinctos
2951 3986 3020 4040 ad
3061 4002 3300 4056 pugnam
3333 3988 3563 4044 ordines
3595 3996 3597 3999 '

1968 4073 2048 4128 sic
2067 4072 2329 4127 animavit
2360 4082 2420 4126 ut
2449 4071 2536 4125 hic
2569 4087 2663 4140 per
2695 4073 2780 4128 sui
2815 4075 3154 4129 mentionem
3204 4078 3372 4130 veluti
3408 4078 3564 4131 clan-

1968 4181 2102 4236 gens
2118 4164 2616 4230 concivitanimas,
2658 4168 2985 4223 devotorum
3022 4167 3297 4224 fervorem
3326 4186 3559 4241 augens,

1968 4258 2220 4315 desidum
2270 4265 2551 4328 torporem
2627 4260 2958 4315 excutiens?
3020 4261 3252 4331 Semper
3337 4263 3561 4332 quidem

1971 4354 2198 4407 humani
2229 4350 2447 4422 generis
2477 4351 2831 4407 adversarius
2881 4352 3188 4408 honoribus
3237 4366 3562 4410 sanctorum

1969 4445 2204 4500 letbales
2236 4443 2438 4512 accipit
2465 4442 2672 4512 plagas,
2709 4441 2934 4510 ringens
2986 4451 3042 4496 et
3081 4457 3238 4497 suam
3272 4443 3564 4497 calamita-

264 4542 585 4612 πρόσωπον.
623 4541 768 4594 Ἀλλ’
789 4541 914 4594 ὅσον
938 4539 1203 4604 ἐπιδεῖξαι
1227 4540 1420 4611 ὅτιπερ
1452 4537 1540 4595 οἷα
1565 4541 1766 4612 κλῆρον
1799 4545 1861 4596 ἐκ

1972 4547 2082 4594 tem
2140 4537 2380 4592 ﬁdelium
2447 4534 2693 4589 laztitiam
2723 4543 3007 4606 reputans.
3039 4533 3200 4590 Nune
3253 4547 3435 4593 autem
3497 4551 3564 4594 e0

264 4635 526 4705 πατέρων
573 4634 672 4705 τὴν
745 4634 950 4706 ἀρετὴν
1001 4632 1340 4703 παραλαϐὼν
1370 4674 1387 4698 ,
1455 4633 1557 4687 οὑκ
1613 4635 1866 4705 ἐνέμεινε

263 4729 352 4800 τῷ
383 4726 813 4800 παρασχεθέντι.
854 4727 990 4780 υύδέ
1018 4729 1132 4790 τοῖς
1151 4727 1378 4781 ἐκείνων
1406 4727 1654 4798 ἠρκέσθη
1683 4728 1868 4782 ὠσπε-

269 4823 361 4894 ρεὶ
392 4821 836 4892 παραδείγμασιν
863 4819 1232 4891 ἀκολουθῆσαι
1263 4819 1466 4890 (καίτοι
1493 4838 1556 4890 γε
1584 4821 1747 4892 ήλίκα
1774 4816 1863 4876 οἷα

262 4911 338 4985 ἦν
359 4914 400 4981 ί)
434 4913 568 4966 ἀλλά
586 4911 844 4966 τοσοῦτον
872 4909 1179 4983 ἀμεινόνων
1202 4910 1374 4982 ἐπέϐη
1396 4911 1865 4983 κατορθωμάτων,

263 5005 401 5059 ὅσον
427 5004 574 5068 εἰκὸς
605 5004 699 5057 τὸν
724 5004 804 5067 είς
842 5002 1075 5075 οὐρανὸν
1097 5003 1227 5074 ὃλην
1257 5003 1356 5067 τὴν
1377 5003 1524 5076 ζωὴν
1553 5005 1868 5076 μεταθέμε-

261 5115 387 5154 νον.
433 5094 738 5168 Ἐπιτιμῴη
769 5096 814 5149 δ’
836 5096 938 5150 οὐκ
999 5098 1065 5152 ἄν
1093 5113 1179 5162 τις
1203 5095 1280 5166 τῷ
1319 5095 1474 5165 λόγῳ,
1507 5097 1740 5152 κατόπιν
1768 5099 1868 5169 τῆς

1971 4629 2364 4689 abundantiori
2417 4627 2610 4683 dolore
2667 4627 2991 4683 cumulatur
3019 4643 3132 4699 quo
3163 4631 3277 4699 jam
3307 4631 3364 4686 in
3425 4629 3565 4687 ﬁnes

1973 4724 2082 4778 late
2115 4737 2279 4776 omne
2313 4719 2607 4790 panegyris
2663 4717 2828 4786 hujus
2873 4717 3170 4776 celebritas
3205 4731 3564 4793 propagatur.

1975 4814 2084 4872 Sed
2136 4814 2284 4868 velut
2349 4813 2406 4866 in
2465 4810 2758 4881 principiis
2810 4809 2993 4866 adhuc
3055 4812 3324 4870 insistens
3383 4815 3564 4871 oratio

1973 4909 2129 4980 prius
2170 4907 2383 4977 repetat
2415 4904 2739 4960 memoriam
2796 4902 3098 4959 illustrium
3147 4915 3439 4976 parentum
3469 4910 3566 4978 qui

1979 5007 2127 5061 hunc
2159 5003 2339 5058 virum
2401 5003 2612 5057 mundo
2647 5009 2996 5074 genuerunt;
3056 5003 3131 5056 ita
3196 5001 3418 5059 demum
3479 5020 3565 5061 se~

1978 5098 2160 5154 cunda
2213 5094 2475 5166 deinceps
2525 5096 2613 5150 via
2667 5097 2724 5150 in
2785 5096 3088 5152 anterioria
3147 5106 3359 5168 pergat.
3407 5098 3566 5166 Quod

1803 5191 2040 5249 ΝΟΤλΕ.

345 5283 428 5355 (5)
481 5282 1052 5353 ρυαηηίὺθιζεορίοιη
1099 5281 1368 5355 έπλούσιος
1413 5283 1619 5339 Graecis
1656 5294 1862 5341 sonat:

264 5354 420 5411 adeo
450 5363 512 5409 ut
547 5356 738 5425 nescio
766 5355 890 5425 quis
923 5355 1067 5424 apud
1099 5354 1414 5424 Euripidem
1440 5366 1705 5424 queratur
1745 5356 1865 5409 δαί-

268 5443 423 5496 μονα
474 5424 581 5480 sibi
608 5439 733 5479 esse
775 5424 1036 5496 πλούσιον
1068 5425 1286 5496 κακῶν,
1335 5435 1393 5479 ut
1427 5426 1608 5479 minus
1645 5426 1886 5491 mireris,

266 5494 606 5552 thesaurum
640 5496 735 5549 irae
759 5497 825 5549 ad
858 5495 1018 5550 Rom.
1053 5512 1116 5560 ιι,
1152 5495 1220 5560 5;
1247 5494 1437 5550 Jacobi
1474 5513 1526 5560 v,
1556 5498 1610 5549 5.

347 5566 432 5638 (4)
456 5565 530 5638 De
553 5565 839 5622 miraculis
871 5582 902 5620 a
933 5574 1126 5621 sancto
1149 5565 1376 5638 Nicolao
1407 5567 1460 5619 in
1493 5569 1727 5638 salutem
1765 5584 1865 5620 na-

263 5637 585 5709 vigantium
630 5638 872 5709 maximo
922 5651 1154 5709 numero
1181 5637 1344 5692 factis
1379 5637 1719 5692 consulenda
1747 5638 1868 5707 ejus

261 5706 419 5768 Acta
451 5716 509 5778 et
532 5706 780 5778 historiae
800 5715 1010 5763 veteres
1043 5707 1198 5778 juxta
1220 5717 1611 5778 recentesque.

350 5779 432 5848 t5)
463 5775 780 5834 Videndum
829 5793 900 5834 an
940 5793 1048 5833 non
1093 5776 1260 5832 fuerit.
1302 5775 1645 5834 consuetudo
1682 5779 1864 5848 aliqua

271 5847 627 5910 convocandi
654 5849 722 5906 ad
757 5851 930 5908 solem
977 5859 1098 5920 post
1145 5849 1416 5906 brumam.
1446 5849 1640 5916 Qualia
1688 5847 1862 5908 multa

1969 5283 2302 5343 Plutarchus
2342 5283 2394 5337 in
2434 5283 2848 5349 Quaestionibus
2896 5281 3161 5340 Romanis
3196 5293 3252 5339 et
3297 5284 3394 5340 alii
3428 5301 3561 5340 nar-

1944 5366 2116 5411 rant.
2150 5355 2312 5408 ’l‘ales
2344 5355 2421 5407 illi
2454 5355 2816 5424 εὐφημισμοὶ,
2863 5353 2982 5423 φῶς
3033 5354 3262 5423 ἀγαθόν,
3300 5371 3428 5411 cum
3473 5357 3566 5412 lux

1970 5426 2378 5481 accendebatur
2408 5426 2584 5494 prima
2626 5429 2764 5480 lace.

2044 5496 2122 5564 (6)
2157 5495 2540 5568 Ecclesiastica
2572 5497 2978 5550 consuetudine
3007 5497 3272 5552 memoria
3300 5497 3566 5568 martyris

1971 5567 2238 5636 templum
2288 5567 2546 5637 martyris
2576 5575 2661 5637 est
2707 5574 2804 5621 aut
2840 5577 3284 5624 monumentum.
3317 5566 3566 5622 Necdu-

1978 5635 2128 5692 hium
2175 5637 2307 5705 quin
2354 5635 2445 5690 ad‘
2474 5635 2824 5692 confcssores
2859 5637 3084 5691 extendi
3125 5638 3324 5707 possit.
3361 5639 3446 5693 An
3478 5638 3567 5696 hic

1979 5709 2083 5781 ista
2111 5708 2259 5781 notio
2293 5710 2443 5781 vocis
2488 5707 2654 5778 hujus
2704 5708 2799 5768 sit.
2848 5707 3118 5780 judicium
3168 5710 3443 5781 integrum
3477 5723 3566 5766 re-

1977 5780 2163 5850 linquo
2197 5778 2409 5848 lcctqri.
