4108 6306
462 358 570 420 207
1648 352 1921 413 LEONIS
1960 350 2413 415 PHILOSOPHI
3633 342 3747 407 208

463 471 643 539 ipsum
677 486 745 525 ne
777 484 841 525 ea
874 477 1053 522 tamen
1079 467 1345 538 religione
1375 475 1533 523 curet
1561 471 1719 539 quasi
1751 470 2037 523 encomio-
2071 482 2085 526 Λ

2142 468 2237 521 τοῦ
2272 467 2463 530 παιδὸς
2488 465 2644 532 ἀξίας
2676 464 2881 519 τιθέντι
2910 465 3037 528 τοὺς
3080 461 3297 537 γονέας.
3323 459 3744 532 Κεχαρισμένον

462 578 587 617 rum
618 562 789 631 legem
821 576 941 615 eam
979 560 1162 631 magni
1200 559 1431 620 faciens.
1492 576 1614 631 quae
1672 562 1727 617 id
1779 578 1948 632 agens
1980 570 2042 616 ut

2147 562 2257 629 γὰρ
2285 560 2347 627 δή
2383 576 2486 610 που
2516 560 2612 611 καὶ
2642 560 2827 621 αὐτοῖς
2877 556 3036 611 τοῦτο
3080 557 3297 618 πάντως
3342 554 3438 606 καὶ
3486 553 3746 606 τοσοῦτον

461 652 695 723 augendi
728 660 877 705 recte
912 649 1057 704 facta
1106 650 1493 705 laudatoribus
1521 651 1868 705 occasionem
1903 668 2042 719 prae-

2147 651 2378 713 ὲκείνοις
2402 651 2565 718 φέρον
2598 649 2869 719 ἐπιθήκην
2915 650 2996 711 είς
3052 647 3282 716 κόσμον,
3324 646 3452 699 ὅσον
3487 643 3746 715 ἀφαιρεῖν

462 743 590 799 bcat
640 740 770 796 inde
827 755 924 795 e'os
983 740 1259 809 auspicari
1294 739 1470 809 jubet.
1527 738 1599 794 Ut
1627 742 1774 795 enim
1808 742 2047 794 maxime

2148 742 2293 805 ἔδοξε
2326 743 2421 809 τῆς
2455 741 2728 813 ἰσοτιμίας
2757 741 2850 794 τοῦ
2890 742 2950 807 ὲξ
3003 739 3187 794 αὐτῶν
3220 738 3551 808 πεφυκότος.
3577 735 3749 790 Ὥστε

465 835 752 889 mirabiles
791 841 1047 903 parentes
1113 832 1277 902 hujus
1332 833 1559 894 iuerint,
1610 848 1801 886 eorum
1860 839 2046 885 tamen

2151 832 2385 885 ἐνταῦθα
2419 831 2620 901 μᾶλλον
2648 831 2853 902 ζημίαν
2880 832 2913 901 ἢ
2953 830 3145 901 κέρδος
3169 826 3423 900 προξενεῖ
3446 828 3479 899 ἡ
3509 826 3747 898 ἀφαίρε-

465 934 911 996 quantaecunque
940 925 1363 994 participatione
1398 924 1588 993 gloriae
1619 923 1711 976 iilii
1759 940 1866 979 non
1898 923 2044 976 iudi—

2150 940 2258 987 σις,
2293 922 2484 994 ὥσπερ
2531 924 2819 993 ποταμίων
2880 922 3167 993 ῥευμάτων
3198 922 3256 973 ὲν
3282 917 3470 987 κύκλῳ
3508 916 3749 984 ῥεόντων

464 1026 553 1089 get
624 1015 893 1070 memoria
956 1031 1069 1069 non
1126 1014 1307 1084 magis
1368 1028 1533 1084 quam
1608 1013 1829 1069 nativus
1882 1014 2050 1068 decor

2157 1018 2256 1072 καὶ
2286 1018 2743 1090 περιχωρούντων
2800 1019 2882 1082 είς
2931 1018 3159 1085 ἄλληλα,
3202 1016 3265 1069 τὸ
3305 1016 3438 1087 παρ’
3472 1015 3745 1083 ἐκατέρου

467 1109 650 1162 alieno
680 1106 808 1162 fuco
849 1121 914 1161 ac
946 1106 1305 1171 emendicato
1350 1104 1487 1161 ﬂore
1542 1106 1733 1176 gratiae
1764 1104 2054 1162 medicata:

2156 1107 2566 1179 ἀφαιρούμενον
2632 1108 2793 1161 πάλιν
2850 1107 3141 1178 προσθήκη
3201 1105 3417 1175 γίνεται
3458 1103 3539 1176 τῷ
3576 1100 3748 1157 δεδω-

464 1199 700 1253 artificio
722 1200 1075 1269 mangonico.
1093 1197 1282 1268 Neque
1300 1211 1431 1252 vero
1454 1197 1615 1268 pleno
1636 1197 1753 1253 sole
1769 1197 2060 1253 collustra-
2164 1201 2307 1255 κότι.
3263 1184 3266 1187 λ
3720 1258 3723 1259 ν

464 1301 520 1345 ta
556 1292 673 1348 dies
705 1291 1022 1349 serenitatis
1051 1290 1426 1346 accessionem
1447 1290 1645 1360 quaerit
1702 1299 1762 1344 ut
1818 1290 1994 1361 magis
2064 1305 2223 1346 rosea
2257 1292 2430 1347 niteat
2484 1290 2644 1347 facie.
2685 1278 2890 1347 Verum
2929 1290 3036 1345 hoc
3081 1299 3309 1354 eatenus
3396 1293 3734 1343 memoratur

464 1384 641 1438 solum
693 1392 755 1439 ut
816 1384 1247 1447 demonstretur,
1294 1391 1543 1438 nostrum
1577 1382 1747 1446 hunc,
1790 1381 1885 1453 qui
1937 1390 2199 1454 tanquam
2258 1384 2659 1440 baereditariam
2717 1397 2749 1438 ο
2813 1383 3170 1453 parentibus
3203 1381 3462 1435 virtutem
3498 1376 3753 1447 accepis-

464 1485 569 1540 set,
608 1489 956 1545 nequaquam
991 1489 1059 1530 eo
1117 1475 1268 1530 velut
1307 1474 1638 1547 patrimonio
1683 1484 2025 1541 contentum,
2102 1478 2157 1531 in
2220 1480 2586 1549 expressione.
2635 1476 3065 1531 domesticorum
3137 1473 3508 1544 exemplorum
3566 1469 3752 1526 laudis

466 1566 924 1637 acquiescendum
964 1567 1068 1623 sibi
1113 1569 1371 1624 statuisse
1416 1569 1753 1640 (quanquam
1797 1576 2004 1639 quanta
2042 1570 2134 1626 illa
2167 1572 2465 1643 qualiaque
2527 1571 2761 1642 eranti),
2797 1584 2984 1625 verum
3054 1569 3123 1623 ad
3151 1576 3305 1624 tanto
3363 1564 3751 1638 praestantiora

466 1660 712 1717 facinora
742 1661 1090 1733 suscipienda
1114 1676 1443 1733 generosum
1522 1661 1687 1717 animi
1754 1662 2095 1734 propositum
2133 1666 2416 1727 excitavit.
2484 1665 2666 1736 qualia
2716 1664 2976 1719 nimirum
3028 1670 3456 1718 consentaneum
3481 1667 3599 1715 erat
3623 1671 3749 1711 mo-

468 1755 556 1808 liri
588 1769 712 1808 eum
749 1754 845 1825 qui
897 1770 959 1809 se
993 1754 1271 1811 cmlestem
1303 1769 1535 1824 prorsus
1568 1758 1638 1813 ad
1674 1756 1801 1813 vitae
1848 1767 2057 1815 sectam
2096 1774 2160 1815 ac
2217 1760 2485 1814 rationem
2534 1757 2932 1813 transtulisset.
2995 1754 3168 1811 Nemo
3237 1768 3403 1825 porro
3447 1749 3750 1822 reprehen-

466 1846 700 1901 dendam
741 1844 1045 1900 orationem
1077 1861 1252 1901 meam
1288 1856 1440 1916 putet
1460 1847 1608 1917 quod
1642 1861 1706 1905 ea
1760 1849 2064 1905 secundum
2104 1865 2133 1903 a
2169 1840 2290 1905 ﬁlio‘
2330 1849 2612 1920 dignitatis
2671 1850 2850 1904 locum
2904 1847 3222 1918 parentibus
3286 1844 3571 1900 attribuat.
3635 1839 3753 1897 Vo-

470 1939 712 1997 lentibus
760 1955 895 1996 sane
944 1940 1077 2009 ipsis
1134 1956 1200 1995 ac
1249 1941 1565 2000 lubentibus
1626 1944 1892 2000 acciderit
1938 1944 2043 2000 hoc
2079 1943 2298 2014 quidem
2367 1960 2381 2000 :
2424 1945 2629 2015 quippe
2672 1942 2802 1997 hinc
2856 1950 3008 1997 tanto
3049 1941 3302 1997 uberiore
3338 1941 3397 1996 in
3427 1955 3523 1997 eos
3560 1950 3561 1953 ‘
3605 1952 3753 1996 vera:

469 2032 656 2101 gloriae
684 2034 1005 2089 accessione
1040 2033 1410 2090 redundatura
1441 2045 1709 2108 quantum
1763 2038 1882 2109 ipsa
1948 2039 2289 2107 comparatio
2347 2036 2631 2109 dignitatis
2709 2035 2985 2091 ademisse
3036 2033 3358 2104 postpositis
3437 2032 3747 2088 videbatur.

468 2125 604 2179 Nam
642 2126 731 2180 bic
772 2126 989 2196 quidem
1024 2127 1168 2195 quod
1211 2126 1458 2181 aufertur
1491 2144 1601 2184 non
1668 2130 1870 2186 damno
1902 2131 2074 2201 magis
2110 2130 2481 2201 deputandum
2531 2144 2694 2201 quam
2756 2128 2911 2183 lucro
2964 2134 3069 2192 est,
3102 2135 3161 2180 ut
3197 2124 3379 2181 ﬂuviis
3407 2124 3460 2180 in
3526 2140 3588 2181 se
3649 2139 3753 2196 per

469 2218 657 2272 orbem
683 2216 1058 2284 refluentibus,
1116 2233 1347 2289 seseque
1391 2221 1792 2293 excipientibus
1831 2232 2021 2279 mutuo
2095 2240 2190 2293 per
2252 2224 2420 2291 vices,
2468 2223 2614 2295 quod
2688 2221 2952 2277 adimitur
3002 2220 3269 2276 continuo
3326 2216 3637 2274 refunditur
3694 2220 3748 2275 ei

471 2311 566 2380 qui
592 2310 840 2364 dederat.

544 2399 687 2469 Ergo
742 2400 837 2469 qui
892 2400 1023 2456 huic
1078 2408 1268 2457 nostro
1302 2401 1456 2459 fuere
1480 2413 1736 2475 parentes
1770 2406 1824 2461 in
1859 2408 2052 2477 primis
2089 2413 2129 2466 Β

2238 2404 2401 2458 Ἀλλά
2435 2403 2544 2472 γὰρ
2576 2401 2785 2455 ἐκείνου
2807 2399 3131 2470 γεννήτορες
3149 2396 3334 2469 ἄκρως
3363 2396 3577 2466 ἔχοντες
3596 2412 3749 2466 περι·
3810 2430 3822 2438 ι

469 2489 738 2552 illustres,
773 2497 888 2543 tum
922 2491 990 2547 iis
1023 2494 1368 2561 ornamentis
1410 2512 1536 2566 quae
1564 2496 1762 2553 decent
1793 2515 2049 2569 corpora,

2157 2495 2402 2564 φανείας,
2469 2495 2569 2564 ὅση
2622 2510 2681 2546 τε
2725 2492 2996 2559 σωμάτων
3029 2489 3123 2542 καὶ
3181 2490 3320 2559 μετά
3362 2488 3463 2558 τῆς
3511 2487 3744 2541 ἐκείνων

470 2596 711 2651 cumque
740 2585 1071 2653 corporibus
1100 2596 1526 2655 consumuntur,
1563 2598 1681 2644 tum
1716 2590 1785 2645 iis
1834 2608 2054 2663 quoque

2157 2592 2521 2661 συναπολήγει
2557 2589 2788 2651 λύσεως,
2826 2589 2922 2640 καὶ
2966 2586 3067 2656 ὅση
3112 2584 3192 2656 τῷ
3224 2586 3439 2656 μένοντι
3470 2582 3571 2655 βίῳ
3601 2599 3745 2653 συμη

469 2688 594 2742 quae
649 2674 1002 2744 sempiternae
1074 2680 1198 2733 vitae
1261 2678 1554 2737 duratione
1590 2684 1821 2753 aequalia
1867 2694 2049 2741 sunt:

2157 2681 2582 2753 παρατείνεταιο
2716 2679 2812 2733 καὶ
2869 2676 3069 2749 μᾶλλον
3120 2676 3535 2747 σεμνυνόμενοι,
3584 2674 3743 2745 παρά

471 2779 585 2832 quo
647 2766 942 2834 posteriori
998 2784 1203 2838 genere
1253 2772 1602 2841 potissimum
1634 2776 1871 2831 nitentes
1900 2777 2055 2847 prius

2158 2776 2361 2845 φαῦλον
2400 2774 2499 2844 τὴν
2529 2774 2724 2844 ἑτέραν
2746 2771 3005 2825 ἐτίθεντο.
3026 2770 3124 2824 Διά
3146 2768 3305 2823 τοῦτο
3329 2768 3423 2822 καὶ
3448 2765 3747 2821 πολιτικῶν

467 2854 606 2911 illud
643 2859 1095 2916 contemnebant.
1131 2862 1314 2927 Quare
1344 2865 1533 2934 procul
1583 2881 1614 2920 a
1667 2868 1925 2924 civilibus
1956 2886 2055 2925 cu-

2154 2864 2446 2935 διατριϐὦν
2475 2863 2664 2935 ὥσπερ
2685 2862 2955 2925 κλύδωνος
2987 2862 3092 2927 ἔξω
3106 2860 3435 2923 διαϐιοῦντες
3450 2861 3747 2931 ἀπραγμοο

468 2945 549 3001 ris
585 2944 845 3015 tanquam
879 2962 911 3001 a
937 2949 1246 3017 procelloso
1302 2953 1441 3007 mari
1493 2954 1770 3024 subducti,
1808 2958 1863 3011 in
1893 2968 2055 3027 portu

2160 2954 2294 3024 σύνῃ
2332 2952 2425 3006 τὸν
2456 2952 2571 3024 βίον
2618 2952 2897 3005 ἐσάλευον.
2946 2950 3210 3005 Βούλεσθέ
3256 2967 3380 3004 τινα
3412 2948 3746 3019 προσθῶμεν

469 3036 637 3105 beati
662 3038 758 3096 otii
784 3041 1097 3110 tranquillae
1121 3043 1249 3098 vitae
1278 3058 1500 3101 cursum
1535 3050 1887 3117 peragebant.
1927 3050 2056 3105 Vul-

2155 3047 2255 3117 τῆς
2276 3045 2504 3099 ἐκείνων
2535 3044 2741 3115 ἀρετῆς
2760 3044 3152 3116 γνωρίσματα;
3190 3044 3258 3096 Ἢ
3278 3043 3329 3095 τί
3354 3059 3420 3112 με
3445 3042 3525 3096 δεῖ
3552 3041 3746 3114 ὥσπερ

466 3129 541 3187 tis
570 3128 661 3183 hic
699 3143 1041 3199 apponamus
1070 3133 1257 3204 aliqua
1298 3135 1526 3191 virtutis
1553 3152 1744 3193 eorum
1775 3148 1927 3195 certa
1954 3141 2054 3197 do-

2157 3137 2418 3208 ινοχλεῖν,
2454 3137 2642 3211 ῥᾳδίου
2669 3137 2823 3199 ὄντος
2853 3134 3103 3190 ἐντεῦθεν
3139 3134 3231 3188 τὸν
3261 3134 3485 3187 ἐκείνων
3518 3134 3740 3205 τρόπον,

326 3244 333 3253 -
398 3294 401 3295 ν
469 3221 768 3285 cumenta?
793 3221 939 3288 Quid
973 3239 1103 3279 vero
1131 3241 1218 3281 me
1252 3242 1393 3297 opus
1424 3236 1511 3283 est
1561 3229 1631 3285 iis
1671 3246 1871 3287 vexare
1901 3249 1948 3287 C(

2155 3235 2339 3300 ὁποῖός
2356 3252 2439 3299 τις
2466 3229 2535 3306 ἦν
2550 3235 2653 3288 κάν
2670 3234 2784 3296 τοῖς
2808 3230 3008 3296 ἄλλοις,
3032 3230 3110 3301 τῷ
3127 3230 3546 3302 προαιρουμένῳ
3559 3246 3736 3284 κατα·

467 3312 684 3383 gendis,
730 3326 857 3376 cum
899 3314 1140 3379 istorum
1174 3331 1356 3372 mores
1386 3318 1445 3373 in
1476 3319 1643 3376 rebus
1691 3336 1912 3392 quoque
1945 3338 2054 3378 cae-

2161 3329 2489 3400 μανθάνεινς
2530 3327 2660 3395 Οἴγε
2707 3326 2997 3397 δυνάμενοι
3047 3326 3104 3378 ἂν
3145 3323 3368 3395 μεγάλῳ
3402 3322 3562 3394 μέρει
3596 3321 3745 3393 βασι-

468 3406 603 3461 teris
633 3406 826 3477 quales
860 3405 1066 3465 fuerint
1116 3424 1185 3467 ex
1225 3410 1374 3465 ultro
1412 3411 1629 3468 delecto
1663 3414 1789 3469 vita:
1856 3431 2057 3486 genere

2157 3422 2303 3475 λείου
2340 3420 2499 3492 δόξης
2526 3417 2915 3490 γνωρίζεσθαι,
2958 3415 3283 3487 πράγματος
3323 3416 3459 3468 πᾶσι
3498 3431 3743 3485 περιμα-

468 3494 635 3559 facile
681 3498 755 3555 sit
796 3500 1123 3572 intelligere.
1157 3499 1371 3556 Etenim
1405 3517 1530 3558 cum
1563 3505 1888 3574 spectabiles
1920 3508 2056 3562 emi-

2158 3514 2347 3583 χήτου,
2388 3515 2436 3565 οἱ
2470 3512 2528 3565 δὲ
2554 3510 2743 3580 ὥσπερ
2767 3525 2823 3562 τι
2852 3509 2962 3562 τῶν
2982 3507 3192 3578 ἀτίμων
3218 3504 3361 3558 οὕτω
3390 3505 3741 3576 παρέδραμον

466 3604 602 3651 nere
630 3591 847 3661 possint
883 3607 952 3648 ex
987 3591 1273 3649 iunctione
1319 3594 1505 3666 aliqua
1540 3595 1741 3651 illustri
1773 3598 2054 3668 principa-

2156 3603 2311 3668 αὐτὸ,
2357 3603 2469 3665 τοῖς
2514 3597 2785 3670 παροῦσιν
2839 3595 3190 3668 ἀρκούμενοι,
3244 3595 3307 3649 ού
3362 3595 3498 3664 πρὸς
3543 3593 3741 3665 ἡδονὴν

468 3680 540 3737 lis
570 3683 997 3751 procurationis,
1026 3687 1105 3740 rei
1134 3685 1312 3756 digna:
1338 3688 1501 3757 vulgo
1529 3687 1752 3744 creditae
1788 3705 1889 3759 pro
1941 3706 2049 3759 qua

2160 3692 2543 3764 ἀποχρώμενοι
2569 3693 2635 3761 τῇ
2668 3687 2979 3761 περιουσίᾳ,
3009 3686 3130 3740 οὐδὲ
3170 3688 3293 3750 ταῖς
3329 3683 3538 3739 ἐκεῖθεν
3570 3701 3742 3756 προσ-

466 3772 681 3829 laboris
712 3775 848 3828 nihil
880 3776 1259 3833 contentionis
1292 3790 1601 3846 recusetur,
1657 3780 1711 3834 id
1757 3782 1836 3835 illi
1869 3790 2048 3837 tamen
2080 3772 2088 3809 ¹

2120 3768 2123 3815 λ
2154 3762 2428 3853 ανειμένοι
2459 3780 2847 3835 ἀπολαύσεσιν.
2890 3777 3053 3832 Ἀλλά
3071 3776 3279 3847 ταύτην
3307 3777 3478 3847 μόνην
3505 3772 3566 3830 εὖ
3600 3776 3742 3829 είδό-

466 3865 835 3933 praesentibus
883 3867 1153 3931 contenti,
1205 3869 1505 3926 ambitione
1561 3872 1789 3942 insuper
1842 3873 2048 3936 habita,

2154 3893 2244 3939 τες
2269 3873 2591 3939 ἀπόλαυσιν,
2628 3872 2681 3926 εί
2705 3888 2792 3935 τις
2846 3871 2999 3924 ἀπίοι
3023 3871 3122 3940 τῆς
3152 3870 3297 3939 ζωῆς
3344 3866 3527 3923 λαϐὼν
3558 3884 3740 3939 παραυ

466 3970 701 4025 prorsus
752 3968 812 4013 ut
866 3973 983 4014 rem
1047 3959 1203 4018 nihili
1255 3962 1636 4033 neglexerunt.
1678 3963 1868 4035 Neque
1920 3981 2053 4022 vero

2157 3968 2370 4037 μύθιον,
2406 3966 2744 4038 σπείροντες,
2779 3963 2808 4016 ὃ
2858 3963 2925 4036 δὴ
2957 3962 3197 4031 λέγεται,
3228 3963 3374 4034 χειρὶ
3410 3962 3649 4032 ἑκατέρᾳ
3679 3961 3740 4013 ὲν

466 4048 586 4109 suis
638 4048 813 4120 copiis
873 4050 941 4111 ad
1014 4055 1353 4125 voluptatem
1414 4056 1822 4125 abutebantur;
1874 4074 2053 4129 neque

2152 4065 2266 4123 τοῖς
2326 4059 2438 4113 τῶν
2472 4058 2694 4130 ἀπόρων
2749 4056 2999 4126 ὲγκάτοις
3029 4056 3121 4109 τὸν
3161 4054 3415 4118 πλοῦτον,
3463 4051 3551 4106 διὰ
3581 4052 3741 4107 τοῦτο

466 4141 682 4201 deliciis
747 4137 981 4213 quarum
1050 4147 1177 4202 inde
1244 4147 1539 4202 ailluebant
1586 4150 2053 4219 opportunitates,

2158 4151 2299 4221 μετά
2324 4151 2425 4222 τῆς
2458 4150 2626 4220 ἄλλης
2655 4149 2900 4213 εὐδοξίας
2956 4149 3050 4200 καὶ
3075 4146 3235 4202 τοῦτο
3270 4144 3453 4199 θεόθεν
3475 4145 3741 4215 ἀντιλαμ-

466 4234 915 4302 resolvebantur.
1005 4237 1114 4293 Sed
1191 4240 1453 4310 praeclare
1526 4242 1779 4311 persuasi
1872 4242 2051 4299 solum

2154 4243 2399 4307 θάνουσι,
2446 4241 2636 4304 παιδὸς
2685 4239 3026 4310 χρηματίσαι
3064 4237 3301 4308 πατέρες
3354 4237 3663 4306 κρείττονος
3698 4235 3734 4308 ἢ

466 4324 611 4379 hunc
639 4315 763 4384 esse
836 4326 1076 4388 habendi
1144 4329 1383 4387 fructum
1445 4332 1492 4389 si
1540 4333 1666 4404 quis
1713 4334 1786 4388 ita
1818 4350 1932 4391 rem
1966 4336 2052 4391 vi-

2155 4335 2296 4388 κατά
2330 4332 2531 4403 θνητὴν
2579 4331 2743 4401 φύσιν
2793 4330 3026 4403 ὀφθῆναι
3077 4328 3382 4399 μέλλοντος.
3418 4327 3601 4381 Ἀλλοι
3634 4326 3738 4397 μὲν

465 4414 644 4479 vendo
706 4415 1052 4487 dispensaret
1100 4428 1161 4475 ut
1203 4435 1269 4482 ea
1320 4421 1522 4478 deinde
1580 4425 1917 4481 conscientia
1963 4442 2054 4483 so-

2154 4424 2247 4478 οῦν
2278 4425 2422 4495 μέγα
2472 4423 2641 4493 μέρος
2672 4420 2970 4492 εύκληρίας
3022 4418 3465 4490 ὑπολαμϐάνουσι
3514 4418 3738 4487 συχναῖς

466 4505 602 4560 latio
661 4521 786 4563 esse
814 4510 1069 4565 morienti
1119 4521 1325 4581 posset,
1384 4515 1750 4585 seminabant,
1799 4524 1859 4573 ut
1911 4518 2053 4574 dici-

2154 4517 2486 4587 λειτουργεῖν
2508 4514 2683 4579 ὠδῖσι,
2746 4512 3077 4584 πολυπαιδίᾳ⁵
3110 4512 3414 4583 χαίροντες,
3461 4510 3648 4579 ὥσπερ
3676 4510 3737 4563 ὲν

465 4605 576 4659 tur,
609 4606 839 4668 utraque
875 4616 1040 4657 manu
1092 4617 1191 4672 per
1248 4606 1407 4662 sinus
1452 4621 1758 4678 pauperum
1804 4608 2050 4676 divitias,

2154 4611 2265 4670 τοῖς
2294 4608 2494 4671 ἄλλοις,
2529 4605 2673 4659 οὕτω
2715 4603 2997 4658 κάνταῦθα
3051 4606 3363 4673 τερπούσης
3404 4602 3603 4664 αὐτοὺς
3634 4601 3736 4670 τῆς

465 4688 614 4760 quod
647 4689 718 4745 ob
747 4691 1002 4747 meritum
1038 4704 1236 4758 praeter
1266 4706 1524 4753 crateram
1558 4699 1866 4755 claritatem
1903 4702 2051 4757 illam

2154 4702 2489 4769 πλεονεξίας.
2515 4702 2702 4772 Ἢμην
2724 4700 2768 4752 δ’
2789 4701 2857 4754 ἂν
2883 4697 3041 4767 κάγὼ
3071 4698 3178 4753 τῶν
3209 4696 3511 4769 τιθεμένων
3534 4694 3733 4769 ταύτῃ,

466 4782 633 4835 etiam
694 4796 726 4843 ἃ
790 4798 1183 4847 remunerante
1231 4787 1354 4867 ροο
1410 4791 1588 4847 tulere
1643 4793 1954 4848 mercedem
1995 4802 2054 4848 ut

2153 4794 2202 4846 εί
2236 4792 2423 4861 ὥσπερ
2479 4793 2608 4862 μιᾶς
2655 4791 2967 4858 πεφυκότας
3021 4789 3177 4864 ῥίζης
3229 4791 3327 4853 καὶ
3370 4788 3479 4851 τῶν
3530 4787 3736 4851 ὠδίνων

468 4871 664 4926 fierent
727 4882 990 4945 parentes
1040 4876 1137 4933 filii
1188 4880 1437 4935 mortalis
1477 4890 1694 4937 naturae
1731 4884 1954 4943 modum
1989 4900 2053 4939 ac

2153 4881 2623 4955 κληρονομοῦντας
2670 4880 2859 4951 ἐώρων
2917 4878 3014 4951 (7).
3072 4878 3186 4933 Νῦν
3246 4879 3302 4931 δὲ
3345 4877 3489 4942 πολὺ,
3534 4876 3736 4947 μᾶλλον

466 4971 690 5031 captum
722 4965 925 5022 virtute
975 4975 1032 5023 et
1086 4968 1518 5029 admirabilitate
1559 4976 1898 5044 superaturi.
1942 4979 2050 5032 Alii

2153 4974 2350 5036 ἀνίσως
2388 4973 2608 5043 ἔχοντας
2634 4972 2668 5041 ἢ
2702 4971 2829 5034 τοὺς
2859 4970 3153 5033 δακτύλους
3198 4969 3434 5040 ὁρῶμεν,
3467 4969 3563 5022 καὶ
3591 4984 3734 5038 συμπ-

466 5055 688 5124 quidem
714 5055 769 5109 in
800 5071 997 5127 magna
1028 5058 1308 5119 felicitatis
1351 5075 1506 5134 parte
1551 5046 1841 5122 numerare
1873 5068 2052 5123 solent
2084 5109 2088 5160 1

2114 5114 2127 5158 ’
2155 5062 2330 5115 ϐαίνει
2352 5063 2425 5132 τῷ
2455 5062 2555 5131 μέν
2601 5079 2655 5113 τι
2695 5061 2952 5127 παρεῖναι
2979 5059 3088 5113 τῶν
3129 5059 3388 5129 χρηστῶν
3428 5056 3508 5127 τῷ
3536 5057 3592 5110 δὲ
3624 5056 3736 5109 τῶν

464 5144 692 5199 crebros
722 5154 934 5213 partus,
966 5163 1370 5221 numerosaque
1396 5155 1634 5225 gaudere
1654 5156 1865 5219 sobole,
1893 5158 2045 5212 velut
2085 5154 2086 5158 “

2115 5144 2126 5157 ’
2155 5155 2375 5223 φαύλων
2394 5171 2407 5184 ο
2443 5153 2585 5206 ὥστε
2612 5154 2673 5207 ού
2709 5154 2908 5225 μᾶλλον
2938 5153 3030 5205 ἐπὶ
3056 5153 3167 5215 τοῖς
3198 5150 3467 5221 παροῦσιν
3507 5147 3737 5218 ἀγαθοῖς

465 5237 534 5290 ad
569 5236 685 5291 haec
715 5253 935 5308 quoque
962 5240 1107 5296 bona
1139 5258 1261 5300 sese
1288 5247 1619 5303 extendente
1646 5249 1900 5315 avaritia,
1920 5252 2044 5303 nul-

2149 5247 2227 5317 τῷ
2261 5246 2409 5310 παιδὶ
2459 5247 2734 5322 χαιρήσει,
2791 5247 2824 5316 ἢ
2872 5245 2965 5299 ἐπὶ
3018 5246 3132 5306 τοῖς
3178 5243 3417 5314 χείροσιν
3465 5243 3495 5294 ό
3540 5239 3735 5309 γονεὺς

466 5330 685 5398 lumque
725 5344 796 5389 ne
840 5331 929 5389 hic
957 5334 1176 5402 quidem
1221 5337 1508 5407 cupiditati
1540 5339 1701 5401 linem
1740 5349 2040 5397 statuente.

2147 5340 2451 5393 ἀνιάσεται.
2480 5340 2589 5395 Καὶ
2612 5324 2823 5408 γίνεται
2879 5338 3263 5409 παραπλήσιον
3318 5329 3432 5389 οἷον
3463 5333 3517 5387 ετ
3544 5350 3629 5398 τις
3655 5335 3726 5406 τῇ

465 5418 711 5485 Quorum
742 5421 796 5475 in
828 5426 1156 5480 sententiam
1189 5427 1323 5482 irem
1350 5443 1449 5500 ego
1475 5445 1695 5501 quoque
1725 5430 1954 5501 pedibus
1994 5431 2042 5485 si

2154 5432 2253 5501 μὲν
2309 5434 2496 5502 στέφοι
2555 5434 2722 5504 χειρὶ,
2778 5434 2845 5504 τῇ
2880 5432 2938 5485 δὲ
2970 5420 3216 5503 ραπίζοι,
3264 5430 3322 5482 ὲν
3354 5428 3435 5499 τῷ
3471 5427 3734 5481 λυποῦντι

1976 5544 2216 5602 NOTAE.

534 5635 945 5707 (7)_Perplexus
988 5636 1147 5692 locus
1174 5645 1229 5693 et
1254 5637 1397 5691 haud
1432 5637 1545 5692 scio
1580 5654 1646 5692 an
1676 5655 1786 5695 non
1815 5640 2047 5697 mendo-
2156 5650 2241 5699 est
2280 5640 2445 5703 huius
2478 5640 2649 5694 nostri
2681 5648 2735 5707 et
2784 5636 3007 5693 Graecia:
3053 5635 3375 5707 citeriorum
3421 5644 3733 5707 temporum

469 5705 1128 5781 _sus._lnter__pretat_ionem
1153 5709 1407 5781 expedivi
1437 5710 2043 5781 utApotuiLSuccurre-
2149 5715 2368 5781 propria
2387 5711 2621 5765 dialecto
2645 5706 2839 5771 ὠδῖνας
2860 5717 3109 5781 parentes
3132 5707 3263 5781 diei.
3280 5706 3432 5781 Qnoil
3462 5708 3738 5781 satisnma-

471 5777 561 5830 bat
591 5761 731 5832 forte
764 5761 1053 5848 legendum
1084 5761 1288 5849 ὁμοίῶν
1305 5761 1419 5850 pro
1452 5761 2041 5839 diﬁivmeNvisiverius
2148 5761 2693 5851 niie'steﬂafpparetex
2723 5761 2951 5851 νοείτω
2972 5777 3261 5859 superiori.
3288 5761 3436 5849 (Col.
3464 5761 3575 5832 906
3598 5775 3690 5846 D.)
