4086 6298
300 347 395 414 Ξθθ

1072 343 1358 406 ORATIO
1380 343 1567 404 XVII.
1595 367 1665 380 ·-·
1689 342 1772 403 ΙΝ
1799 343 1861 404 S.
1890 342 2293 406 NICOLAUM
2323 344 2771 408 MYRENSEM.

3463 347 3573 413 210

296 455 689 529 ἀναχωροῦντος
721 455 817 508 τοῦ
865 454 1181 526 τέρποντος.
1235 454 1323 506 Διό
1365 470 1456 524 μοι
1507 451 1880 521 φαίνεταικαὶ

1984 461 2046 513 ,ιιι
2108 468 2178 524 ex
2240 468 2348 507 una
2404 455 2575 524 stirpe
2626 461 2956 525 procreato;
2988 453 3211 522 fratres,
3247 457 3322 513 ita
3350 457 3579 518 virtutis

295 552 424 610 κατὰ
451 551 609 604 τοῦτο
636 550 695 603 τὸ
726 550 913 621 μέρος,
944 549 1089 620 φημὶ
1121 548 1186 618 δὴ
1214 548 1314 618 τῆς
1365 545 1731 610 παιδοποιίας,
1759 547 1873 611 τοῖς

295 643 520 716 πατράσι
549 642 642 696 τοῦ
665 641 761 696 νῦν
781 641 1097 712 τιμωμένου
1127 640 1226 710 τὴν
1258 639 1399 692 κατά
1434 637 1543 690 τῶν
1565 636 1744 690 ἄλλων
1770 653 1876 688 πα-

293 740 452 808 τέρων
481 737 764 807 προσεῖναι
799 733 1097 804 ὑπεροχήν.
1128 731 1324 794 Ὀντος
1356 729 1465 800 γὰρ
1509 729 1571 782 ού
1600 728 1788 800 ῥᾳδίου
1818 728 1876 782 ὲν

296 833 429 901 πόσῃ
460 829 663 900 ἀρετῆς
690 828 811 901 ἰδέᾳ.
847 828 1049 898 ὁμοίως
1097 825 1435 894 εὐδοκιμεῖν,
1469 821 1585 875 ἀλλ’
1611 822 1669 875 ὲν
1699 818 1875 890 ταύτῃ

302 922 392 992 μέν
415 937 535 971 τινα
564 920 742 971 δοκεῖν
783 916 986 978 ἱκανῶς
1026 915 1194 986 ἔχειν,
1237 916 1296 967 ὲν
1340 912 1516 984 ταύτῃ
1567 911 1627 964 δὲ
1669 911 1877 980 ἀποδη-

298 1015 406 1084 μεῖν
437 1013 534 1082 (κ),
583 1014 697 1074 τοῖς
741 1011 840 1079 μὲν
893 1009 1073 1070 ἄλλοις
1117 1008 1265 1069 ὅσοις
1293 1003 1505 1075 ὑπῆρξε
1535 1003 1876 1076 χρηματίσαι

293 1106 524 1175 γονεῦσι,
546 1103 642 1157 τοῦ
682 1103 780 1173 μὲν
803 1102 912 1154 τῶν
947 1101 1157 1154 παίδων
1181 1101 1385 1170 ταύτην
1402 1097 1746 1168 κεκτημένου
1776 1095 1879 1165 τὴν

293 1200 504 1270 ἀρετὴν,
561 1197 639 1269 τῷ
680 1198 738 1250 δὲ
772 1195 1088 1268 προσούσης
1125 1194 1321 1265 ἑτέρας
1355 1192 1443 1259 (τὰ
1466 1193 1574 1262 γὰρ
1598 1190 1769 1260 χείρω
1802 1206 1880 1242 σι-

292 1293 516 1362 γάσθω),
549 1291 841 1359 συμϐαίνει
872 1288 1064 1358 ὥσπερ
1086 1287 1146 1353 ἐξ
1174 1286 1371 1357 ἐράνου
1396 1284 1488 1337 τὸν
1519 1285 1726 1353 κόσμον
1755 1282 1882 1335 συλο

293 1385 559 1455 λέγεσθαι,
589 1385 748 1455 εἴπερ
778 1384 949 1453 ἀρετὴ
976 1382 1186 1436 παίδων
1213 1380 1420 1450 κόσμον
1449 1379 1604 1446 φέρει
1636 1378 1752 1438 τοῖς
1781 1393 1881 1444 γε-

293 1478 630 1548 γεννηκόσιν.
678 1475 945 1529 Ἐνταῦθα
966 1475 1024 1528 δὲ
1071 1473 1190 1536 ὲνδς
1219 1471 1372 1534 ὄντος
1407 1469 1505 1523 τοῦ
1543 1470 1727 1524 πάντα
1754 1468 1882 1522 συλ-

292 1573 537 1633 λαὸόντος
569 1573 636 1624 τά
664 1570 948 1635 κάλλιστα,
975 1568 1182 1635 ἔξεστιν
1208 1565 1453 1631 εἰκάζειν
1466 1563 1543 1634 τῷ
1567 1562 1880 1634 βουλομένῳ

290 1667 348 1720 τὸ
389 1663 730 1734 ὑπερϐάλλον
779 1661 876 1716 τοῦ
936 1661 1282 1731 πράγματος.
1325 1657 1464 1711 Ἀλλ’
1515 1657 1736 1728 εἴρηται
1779 1653 1881 1724 μὲν

293 1760 414 1829 περὶ
447 1757 556 1810 τῶν
578 1755 924 1826 γεννητόρων
945 1756 1068 1808 ὅσον
1097 1751 1184 1806 ἐπ’
1211 1751 1395 1820 ὀλίγον
1425 1751 1525 1820 τῆς
1552 1747 1735 1804 αὐτῶν
1759 1748 1882 1819 ἀρε-

1983 551 2152 614 atque
2215 544 2422 602 indolis
2480 556 2773 617 parentum
2807 549 2960 602 velut
2993 548 3377 607 haareditatem
3410 555 3583 624 parti-

1983 637 2240 708 cipantes
2261 654 2329 692 ex
2356 654 2513 708 atquo
2541 641 2805 694 viderem.
2829 639 2986 695 Nunc
3027 642 3204 698 multo
3234 643 3413 713 major
3435 645 3585 702 inter

1982 744 2078 784 eos
2111 745 2274 798 quam
2310 731 2456 786 inter
2489 730 2695 803 digitos
2733 734 3083 804 inaequalitas
3116 737 3406 802 cernitur;
3441 754 3579 795 cono

1982 822 2258 893 tingitque
2297 823 2411 879 fere
2450 824 2521 879 ab
2571 835 2698 881 ortu
2747 828 2870 898 ipso
2924 830 3018 882 uni
3061 829 3339 887 laudabile
3397 831 3582 889 inesse

1980 913 2283 984 quidpiam,
2303 916 2462 971 alteri
2491 933 2624 972 vero
2645 918 2935 987 vitiosum;
2969 930 3030 974 ut
3059 922 3280 994 genitor
3313 938 3422 979 non
3468 941 3586 978 ma-

1978 1006 2154 1076 jorem
2183 1021 2214 1060 a
2243 1008 2405 1064 bonis
2440 1009 2661 1065 laetandi
2683 1025 2907 1066 causam
2938 1027 3104 1083 quam
3123 1013 3344 1068 dolendi
3379 1014 3580 1068 habeat

1981 1113 2014 1154 a
2045 1099 2550 1156 malismonsimile
2565 1103 2695 1172 quid
2715 1104 2929 1172 patiens
2956 1113 3124 1175 atque
3157 1104 3205 1161 si
3240 1106 3368 1176 quis
3405 1108 3580 1161 altera

1985 1188 2215 1259 quidem
2249 1190 2432 1258 ipsum
2490 1209 2656 1247 manu
2691 1204 3005 1258 coronaret,
3052 1197 3225 1251 altera
3281 1198 3578 1268 colaphum

1981 1281 2349 1353 impingeret;
2402 1284 2604 1355 inquo
2661 1302 2795 1342 casu
2849 1288 3080 1345 honoris
3138 1290 3354 1346 fructus
3405 1291 3578 1361 plagae

1982 1375 2318 1430 contumelia
2350 1376 2703 1434 obrueretur.
2741 1378 2928 1447 Quare
2963 1382 3095 1436 mihi
3129 1383 3391 1438 videntur
3410 1385 3581 1438 etiam

1982 1465 2040 1520 in
2065 1465 2168 1521 hac
2197 1475 2375 1537 parte,
2405 1466 2770 1536 fecunditate,
2803 1472 3053 1540 inquam,
3084 1487 3150 1528 ac
3183 1471 3450 1528 felicitate
3482 1489 3581 1541 ge-

1985 1558 2242 1624 nerandi,
2280 1570 2538 1630 parentes
2569 1561 2690 1631 ejus
2720 1578 2884 1633 quem
2911 1578 3061 1618 nunc
3091 1564 3458 1628 celebramus,
3488 1580 3581 1620 sn-

1984 1665 2083 1721 pra
2112 1659 2348 1708 caateros
2379 1653 2617 1708 aliorum
2672 1655 2955 1726 genitores
2988 1655 3278 1727 dignitatis
3326 1657 3580 1712 obtinere

1985 1743 2380 1815 principatum.
2422 1745 2559 1801 Cum
2588 1747 2735 1802 enim
2767 1748 2931 1804 facile
2962 1765 3069 1804 non
3099 1750 3172 1804 sit
3197 1753 3252 1805 in
3292 1751 3445 1806 omni
3479 1766 3579 1821 ge-

289 1824 385 1920 τῆς
431 1824 754 1922 ὼσφράνθαι
783 1824 989 1920 βραχέα
1021 1846 1098 1917 τῷ
1148 1844 1311 1915 λόγῳ.
1366 1843 1464 1914 Είη
1497 1842 1544 1896 δ’
1585 1841 1652 1896 ἂν
1694 1841 1791 1895 καὶ
1814 1841 1878 1894 τὸ

1985 1853 2117 1894 nere
2147 1839 2372 1895 virtutis
2405 1855 2469 1895 ex
2500 1855 2662 1911 sequo
2711 1838 2931 1905 ﬂorere.
2968 1842 3063 1898 sed
3127 1841 3241 1898 fere
3290 1841 3579 1899 videamus

288 1942 379 1996 νῦν
406 1941 698 2012 εἰρημένον
732 1938 1053 2010 μαρτύριον,
1087 1937 1162 1999 ὡς
1189 1935 1249 1990 τὸ
1271 1934 1420 2000 ἅπαξ
1448 1936 1548 2005 τὴν
1577 1932 1875 2003 καλλίστην

286 2034 502 2104 ἐκείνην
525 2033 692 2087 ὠδῖνα
727 2032 910 2094 λῦσαι,
957 2029 1215 2100 ἀμείνους
1258 2028 1456 2090 αὐτοὺς
1486 2028 1611 2095 ἄγει
1641 2023 1751 2078 τῶν
1781 2025 1876 2078 ἐπὶ

287 2128 507 2195 συχναῖς
537 2123 923 2194 ἐγνωσμένων.
954 2123 1031 2175 Τὸ
1073 2122 1118 2174 δ’
1176 2119 1430 2175 ἐντεῦθεν
1479 2119 1758 2190 πειράσθω
1787 2115 1878 2170 τὸν

285 2215 452 2268 παῖδα
482 2214 859 2286 ἐκδιηγεῖσθαι
909 2213 1003 2266 καὶ
1059 2212 1255 2278 δεῖξαι,
1289 2212 1355 2266 ἂν
1385 2211 1496 2281 ἄρα
1515 2211 1611 2264 καὶ¹
1648 2209 1878 2281 δύνηται

285 2309 537 2362 τοσοῦτον
568 2309 728 2380 ἔργον
759 2307 1084 2378 ὑποστῆναι,
1113 2307 1237 2370 ὅσος
1281 2303 1377 2358 καὶ
1403 2303 1591 2376 ἡλίκος
1625 2302 1877 2375 ἐχρημά-

284 2415 460 2456 τισεν.

1985 1931 2080 2001 qui
2120 1930 2176 1985 in
2212 1933 2448 2003 quadam
2511 1933 2672 1988 laude
2719 1934 3088 2005 aliquousque
3117 1951 3449 2006 progressus
3480 1935 3579 2004 sit,

1984 2023 2236 2080 eumdem
2269 2024 2340 2080 ab
2389 2024 2496 2079 alia
2537 2026 2755 2096 longius
2829 2026 3052 2092 abesse,
3109 2028 3324 2084 caeteris
3375 2028 3580 2098 quibus

1984 2117 2224 2188 contigit
2253 2117 2373 2172 fieri
2401 2118 2653 2188 patribus
2697 2119 2938 2190 plurium
2975 2120 3279 2176 liberorum
3310 2122 3580 2177 collatitio

1986 2208 2226 2278 quodam
2251 2210 2432 2281 gaudii
2457 2226 2657 2281 genere
2677 2212 2972 2267 laetandum
2997 2223 3102 2268 est.
3130 2212 3268 2268 Dum
3315 2230 3428 2268 uno
3451 2215 3578 2284 qui-

1985 2299 2114 2356 dem
2153 2299 2394 2357 ﬁliorum
2437 2318 2603 2357 unam
2657 2301 2927 2359 duntaxat
2948 2305 3204 2360 virtutem
3235 2305 3576 2376 possidente,

1983 2394 2094 2450 alio
2137 2397 2282 2462 νει-οξ
2304 2411 2502 2452 rursus
2543 2397 2709 2452 aliam
2745 2398 2895 2469 (nam
2929 2399 3205 2453 deteriora
3254 2398 3575 2469 sileantur),

283 2494 612 2550 collectione
640 2493 775 2564 ipsis
807 2498 974 2562 atque
1001 2504 1203 2546 acervo
1242 2488 1587 2545 emendicata
1614 2485 1802 2542 multis
1831 2501 1900 2542 ex
1939 2484 2079 2543 locis
2105 2487 2407 2557 gratulatio
2437 2489 2747 2559 completur
2781 2491 2848 2546 ad
2883 2491 3124 2557 aliquem
3160 2491 3382 2549 demum
3421 2505 3588 2543 orna-

284 2599 372 2645 tus
425 2589 678 2654 modum,
712 2588 761 2644 si
818 2588 943 2658 quis
996 2602 1029 2641 a
1085 2587 1292 2641 virtute
1347 2584 1588 2638 filiorum
1637 2581 1877 2638 conferri
1951 2597 2119 2637 verus
2171 2591 2407 2642 ornatus
2455 2583 2513 2639 in
2586 2566 2845 2655 parentes
2891 2591 3088 2655 potest.
3133 2584 3236 2640 Hic
3289 2599 3421 2641 vero
3451 2597 3578 2638 cum

281 2682 338 2736 in
388 2697 505 2738 uno
562 2680 744 2750 capite
793 2681 1025 2737 collecta
1060 2681 1250 2734 omnia
1304 2678 1505 2733 decora
1558 2685 1874 2741 teneantur,
1916 2674 2238 2742 conjectura
2266 2676 2393 2733 licet
2427 2680 2649 2747 assequi
2693 2686 2904 2748 quanto
2978 2693 3214 2734 excessu
3289 2679 3574 2747 vulgarem

280 2785 574 2846 parentum
607 2774 889 2829 fortunam
922 2773 1123 2828 horum
1162 2773 1406 2828 conditio
1445 2771 1742 2842 peculiaris
1810 2769 2128 2826 antecellat.
2168 2767 2350 2839 Atque
2380 2769 2495 2826 haec
2538 2772 2758 2841 quidem
2808 2772 2878 2825 de
2917 2769 3123 2826 Nicolai
3167 2773 3350 2841 magni
3415 2772 3572 2842 geni-

280 2869 497 2923 toribus
531 2865 616 2922 sic
649 2865 795 2921 dicta
824 2875 1032 2932 sunto;
1067 2880 1132 2920 ea
1166 2865 1434 2920 duntaxat
1457 2873 1618 2919 tenus
1646 2863 1869 2919 utvelut
1907 2862 2138 2919 odorata
2189 2863 2371 2917 obiter
2434 2863 2696 2917 virtutem
2794 2878 2986 2918 eorum
3026 2862 3190 2934 quasi
3251 2863 3574 2933 praeteriens

279 2962 456 3016 oratio
495 2959 774 3029 videatur.
829 2958 975 3014 Sane
1031 2975 1154 3030 quae
1209 2958 1451 3014 diximus
1489 2958 1710 3013 abunde
1754 2968 1881 3013 sunt
1921 2957 1988 3012 ad
2034 2954 2380 3026 probandum
2442 2956 2570 3011 illos
2627 2955 2794 3011 unico
2837 2956 2941 3012 boc
2969 2957 3191 3026 quidem
3264 2966 3321 3011 at
3382 2957 3577 3012 eodem

278 3054 744 3121 praestantissimo
793 3061 952 3122 partu
1006 3051 1299 3106 defunctos
1349 3050 1510 3121 longe
1548 3050 1874 3120 apparuisse
1913 3049 2182 3105 clariores
2231 3048 2302 3104 iis
2332 3047 2469 3119 ipsis
2498 3048 2842 3120 quinumero
2880 3048 3088 3105 sobolis
3111 3047 3263 3106 fuere
3339 3051 3574 3106 nobiles.

279 3147 554 3219 Deinceps
608 3149 664 3202 in
710 3147 823 3202 lilio
870 3146 1053 3217 qualis
1104 3161 1170 3202 ac
1222 3154 1467 3217 quantus
1557 3146 1662 3200 fuit
1742 3144 2179 3203 demonstrando
2239 3143 2673 3214 exornandoque
2755 3153 2988 3201 conatus
3032 3145 3303 3218 orationis
3335 3145 3566 3202 desudet

276 3253 505 3297 nostrae.
561 3239 620 3296 Si
675 3252 859 3297 tamen
902 3241 1122 3312 ingenio
1175 3249 1342 3310 atque
1396 3240 1672 3297 industria
1706 3242 1986 3317 sustinere
2017 3240 2327 3297 valebimus
2350 3255 2492 3311 opus
2515 3249 2755 3295 tantum.

347 3329 526 3398 Οὗτος
591 3334 691 3405 μὲν
733 3331 826 3388 οὖν
844 3334 1191 3404 πρωτότοκος
1247 3333 1365 3404 ἆμα
1419 3335 1512 3387 καὶ
1560 3334 1872 3398 τελευταῖος

2045 3333 2228 3388 Prima
2258 3333 2362 3388 fuit
2381 3335 2425 3388 is
2453 3343 2841 3404 postremaque
2873 3332 3034 3390 matri
3056 3335 3241 3405 proles
3276 3350 3412 3390 sum.
3440 3335 3577 3390 Nam

272 3427 530 3482 τίκτεται
590 3428 658 3497 τῇ
711 3426 900 3498 μητρί.
935 3427 1146 3481 Αὐτίκα
1193 3428 1302 3496 γάρ
1351 3429 1407 3480 at
1457 3428 1584 3490 τοὺς
1627 3426 1882 3496 λογικοὺς

274 3522 484 3590 στάχυς
535 3517 799 3574 ἁνθοῦσαι
854 3518 1106 3586 λαγόνες,
1153 3518 1518 3588 ἐπιλιπούσης
1582 3519 1755 3583 αὑτὰς
1785 3519 1902 3600 τῆς

272 3611 596 3681 ἐνεργείας,
630 3608 874 3677 ἀγωνίαν
895 3609 1199 3676 ὴλάσσοντο
1225 3624 1238 3638 ·
1254 3610 1378 3676 ἐμοὶ
1403 3609 1551 3662 δοκεῖ
1575 3607 1884 3673 δεικνύντος

271 3704 367 3757 τοῦ
394 3705 740 3775 κρείττονος,
767 3702 844 3765 ὡς
869 3702 1039 3773 ἄλλης
1073 3705 1217 3765 τινὸς
1250 3701 1532 3773 θειοτέρας
1562 3701 1594 3772 ἢ
1622 3701 1764 3755 κατά
1785 3702 1886 3772 τὴν

272 3798 489 3867 συνήθη
524 3798 628 3866 τῆς
649 3797 915 3863 γενέσεως
945 3794 1128 3848 αἰτίαν
1175 3796 1260 3867 εἴη
1298 3793 1328 3844 ὁ
1352 3793 1637 3863 πεφυκὼς,
1678 3789 1768 3846 οἷα
1791 3794 1886 3848 ἐπὶ

270 3888 382 3940 τῶν
411 3889 604 3943 ἄλλων
631 3887 740 3940 τῶν
785 3888 930 3944 κατὰ
951 3888 1044 3942 τὸν
1104 3887 1220 3957 βίον
1273 3887 1486 3955 γίνεται
1538 3887 1882 3954 παραδόξων,

268 3980 306 4034 ἃ
359 3983 422 4034 ὲν
483 3982 735 4050 μακραῖς
773 3979 986 4049 καιρῶν
1035 3978 1311 4048 περιόδοις
1367 3978 1627 4049 ἐπιδημεῖ
1673 3978 1774 4049 (9).
1819 3979 1885 4032 Ἠ

274 4075 375 4143 μὲν
411 4074 516 4128 οὖν
549 4073 746 4145 πρώτη
787 4072 900 4144 (poi;
949 4069 1096 4126 οὕτω
1127 4071 1419 4143 θαυμαστὴ
1444 4076 1539 4125 καὶ
1564 4071 1676 4126 τῶν
1704 4073 1883 4128 ἄλλων

265 4169 328 4218 τὸ
356 4167 633 4236 διάφορον
661 4163 882 4234 ἔχουσα.
921 4162 987 4216 Τί
1011 4163 1106 4230 δές
1137 4163 1295 4217 κοινὰ
1327 4163 1399 4216 τὰ
1425 4164 1573 4235 ἑξῆς,
1605 4159 1696 4217 οἷα
1724 4165 1782 4217 ὲν
1811 4166 1877 4236 τῇ

265 4260 381 4312 τῶν
413 4256 647 4330 βρεφῶν
673 4258 906 4311 εἴθισται
936 4257 1128 4326 ἀγωγῇ
1151 4273 1166 4322 ;
1187 4254 1488 4326 Οθμενουν,
1510 4255 1877 4327 άλλὰθαῦμα,

265 4355 431 4421 φασὶ,
470 4351 722 4421 θαύματι
749 4350 966 4405 ἕπεται.
1008 4349 1264 4419 Σαμουὴλ
1297 4350 1504 4403 ἐκεῖνον
1542 4347 1654 4420 (10)
1686 4348 1746 4413 ὃς
1779 4349 1882 4402 δῶ-

269 4460 367 4508 ρον
400 4443 587 4514 εὐχῆς
613 4441 846 4512 ὑπῆρξε,
907 4439 1003 4493 καὶ
1047 4440 1243 4501 ἄλλους
1269 4441 1333 4511 δή
1370 4458 1520 4504 τινας
1554 4442 1681 4512 ἄρτι
1708 4440 1880 4511 θηλῆς

262 4534 704 4607 πεπαυμένους,
729 4534 834 4587 ὑπὸ
859 4533 969 4587 τῶν
1009 4533 1352 4606 γεννητόρων
1390 4535 1661 4606 ἀκούομεν
1692 4535 1883 4590 καθιε-

1979 3425 2073 3494 qui
2103 3424 2206 3480 ista
2240 3424 2502 3478 rationali
2526 3426 2680 3495 spica
2710 3421 3027 3479 emeruerat
3071 3433 3285 3490 uterus,
3309 3425 3580 3478 exhausta

1980 3532 2108 3572 mox
2142 3515 2479 3573 fecunditate
2539 3523 2785 3571 mutatur
2841 3516 2897 3571 in
2967 3516 3238 3571 sterilem.
3310 3513 3444 3579 Deo,
3518 3523 3580 3569 ut

1983 3609 2116 3664 mihi
2155 3609 2396 3676 videtur,
2423 3609 2838 3665 demonstrante
2869 3608 3200 3664 diviniorem
3235 3608 3476 3679 aliquam
3508 3606 3579 3662 ad

1983 3701 2278 3774 originem,
2321 3717 2432 3757 non
2485 3713 2668 3758 autem
2706 3701 2776 3756 ad
2807 3709 3106 3758 consuetas
3136 3701 3402 3758 nascendi
3440 3716 3578 3756 cau-

1983 3809 2076 3850 sas
2105 3803 2285 3851 ortum
2335 3794 2504 3865 hujus
2534 3796 2692 3866 pueri
2746 3795 3117 3866 pertinuisse;
3164 3795 3350 3868 qualia
3407 3795 3578 3851 certis

1983 3887 2216 3943 orbibus
2248 3886 2538 3942 redeuntia
2569 3893 2909 3956 temporum,
2957 3886 3244 3956 inopinata
3298 3887 3352 3939 in
3409 3885 3578 3942 rebus

1982 3981 2243 4034 humanis
2297 3979 2564 4034 miracula
2613 3986 2854 4035 exstant.
2901 3977 3128 4036 Primus
3173 3978 3265 4033 hic
3293 3978 3460 4049 igitur
3493 3977 3578 4034 in-

1982 4087 2207 4143 gressus
2231 4072 2288 4126 in
2317 4072 2485 4127 vitam
2517 4071 2594 4125 ita
2621 4071 2893 4127 mirabilis
2927 4079 3094 4142 atque
3151 4071 3289 4126 adeo
3350 4071 3580 4141 praecel-

1986 4165 2106 4220 lens
2131 4179 2297 4235 supra
2333 4174 2566 4220 caeteros
2595 4163 2716 4220 fuit.
2767 4163 2909 4231 Quid
2945 4163 3167 4220 autem?
3213 4163 3298 4218 An
3329 4163 3577 4234 vulgaria

1987 4272 2114 4327 qua:
2140 4256 2340 4313 deinde
2386 4266 2599 4322 secuta,
2654 4265 2709 4313 et
2743 4273 2774 4312 a
2811 4266 3010 4312 caetera
3054 4256 3460 4313 consuetudine
3493 4256 3580 4311 in-

1988 4346 2195 4403 fantilis
2220 4347 2399 4403 artatis
2428 4345 2971 4402 nihilabhorrentia?
3001 4345 3256 4411 Minime;
3292 4346 3410 4411 sed,
3429 4347 3576 4414 quod

1989 4440 2167 4505 aiunt,
2187 4439 2514 4494 miraculum
2544 4439 2815 4494 miraculo
2849 4452 3055 4493 eomes.
3086 4438 3396 4494 Samuelem
3422 4437 3578 4492 illum

1988 4535 2083 4603 qui
2115 4532 2406 4602 prazmium
2437 4531 2711 4588 orationis
2760 4529 2866 4587 fuit
2920 4529 3170 4602 aliosque
3200 4531 3470 4598 quosdam
3504 4528 3580 4583 si-

661 4727 666 4734 .
1833 4688 2070 4746 ΝΟΤιΕ.

339 4786 426 4855 (8)
464 4785 819 4854 Suggerebat
838 4785 1056 4839 animus
1090 4783 1396 4838 rescribere
1429 4783 1788 4852 ἀπώοκιμεῖν
1817 4792 1878 4836 ut

2055 4784 2230 4855 Πλὴν
2267 4787 2306 4856 ἤ
2331 4785 2621 4856 βλέποιμι
2650 4785 2807 4854 πρὸς
2839 4786 3032 4839 πόθον
3056 4781 3429 4837 δεδωκότων.

261 4865 608 4925 opponatur
660 4855 738 4925 τῷ
786 4857 1096 4924 εὐδοκιμεῖν
1143 4856 1304 4923 paulo
1359 4855 1615 4925 superius
1675 4858 1878 4924 posito.

261 4924 420 5007 sane
479 4924 842 5007 peregrinum
878 4927 970 5007 ab,
1001 4926 1105 5007 hoc
1152 4927 1274 5007 loco
1301 4924 1630 5007 videturne?)
1669 4925 1884 5007 amor}-

263 5003 398 5064 μεῖν
436 4997 557 5051 nisi
596 5011 656 5050 se
704 4996 831 5065 jure
870 4999 1208 5065 metaphora:
1247 5004 1489 5051 tueatur.
1525 4997 1683 5063 Quod
1721 4996 1881 5067 equi-

259 5069 392 5123 dem
438 5069 730 5123 reveritus
753 5083 972 5121 manum
1011 5067 1276 5122 abstinui.

335 5159 422 5227 (9)
459 5157 815 5212 Censorinus
845 5157 941 5210 lib.
979 5155 1055 5210 De
1081 5157 1166 5211 die
1196 5157 1390 5220 natali,
1426 5172 1546 5226 cap.
1579 5157 1670 5222 i7,
1710 5156 1881 5213 refert

256 5244 328 5281 ex
363 5229 748 5282 Etruscorum
796 5228 991 5282 libris:
1041 5227 1257 5298 rilnitia
1308 5229 1638 5283 szeculorum
1676 5228 1883 5298 alioqui

259 5298 616 5353 licininibus
672 5299 1010 5364 incomperta
1065 5297 1270 5362 futura,
1324 5299 1594 5353 divinitus
1648 5297 1882 5352 indicari

257 5373 458 5424 solere
492 5370 851 5438 apparitione
879 5367 1280 5439 prodigiorum.
1315 5387 1335 5421 ι
1375 5369 1453 5423 Eo
1487 5369 1766 5440 reapicere
1801 5370 1872 5424 vi-

255 5442 435 5508 detur
464 5442 568 5494 hic
601 5442 776 5495 locus.

335 5533 463 5604 (10)
489 5533 802 5603 Gregorius
825 5531 1139 5603 Theologus
1179 5531 1248 5587 de
1280 5532 1388 5587 vita
1425 5549 1566 5590 sua:

335 5623 1106 5695 .......τῷγὰρΘεῷ

329 5696 693 5765 Πιιρίσταμ’
724 5697 805 5761 ὡς
823 5698 1014 5764 ἀμνός
1053 5715 1144 5762 τις
1173 5696 1210 5762 ἢ
1235 5697 1474 5766 μόσχος
1499 5699 1680 5765 φίλος

340 5768 502 5835 (θῦμ’
524 5769 780 5835 εὐγενές
819 5785 882 5820 τε
917 5768 1018 5818 καί
1043 5771 1206 5835 λόγῳ
1235 5768 1586 5837 τιμώμενον.

353 5837 568 5892 Ὀκνῶ
605 5841 712 5912 γὰρ
749 5839 941 5903 εἰπεῖν
970 5839 1050 5903 ὡς
1084 5842 1370 5909 Σαμουὴλ
1400 5858 1484 5906 τις
1515 5840 1673 5908 νέος,

1989 4875 2122 4943 Quae
2147 4878 2230 4932 sic
2259 4879 2424 4932 vertit
2451 4878 2760 4948 interpres:

2062 5010 2077 5023 .
2115 5008 2130 5022 .
2169 5009 2185 5024 .
2227 5011 2242 5025 .
2280 5009 2295 5025 .
2333 5009 2349 5024 .
2387 5011 2402 5026 .
2444 4969 2593 5024 Nam
2625 4969 2731 5023 Deo
2762 4970 2930 5024 sistor
2955 4969 3097 5023 velut

2072 5039 2281 5094 Vitulus
2309 5041 2387 5095 vel
2417 5056 2606 5108 agnus,
2641 5043 2854 5094 victima
2879 5051 2927 5093 et
2957 5038 3246 5108 perﬂabilis

2060 5109 2288 5165 Ratione
2310 5111 2535 5179 pollens.
2577 5111 2700 5164 Non
2730 5113 2868 5164 enim
2902 5111 3010 5178 fari
3042 5111 3211 5163 audeo

2061 5182 2330 5235 Samuelis
2359 5187 2549 5246 instar,
2580 5193 2700 5234 vota
2728 5183 2781 5233 ni
2811 5193 3038 5249 spectem
3071 5191 3120 5233 et
3151 5182 3298 5246 pium

2062 5249 2312 5306 Studium
2337 5268 2565 5321 superno
2588 5252 2830 5305 dantium
2859 5269 2941 5306 me
2970 5251 3200 5305 numini.

1989 5345 2154 5415 Atqui
2198 5343 2454 5415 τῷλόγῳ
2500 5342 2811 5414 τιμώμενον
2849 5360 2955 5415 non
2985 5353 3092 5415 est,
3125 5343 3334 5415 ratione
3354 5342 3578 5407 pollens,

1989 5413 2222 5469 sed‘Deo
2251 5413 2426 5469 Verbo
2455 5413 2845 5468 consecratum.
2893 5414 2948 5468 Id
2988 5414 3136 5469 enim
3197 5423 3250 5467 et
3280 5413 3580 5482 Gregorius

1993 5486 2159 5540 isthic
2187 5486 2255 5540 de
2283 5501 2342 5540 se
2371 5498 2425 5539 et
2462 5486 2530 5539 de
2555 5484 2782 5539 Nicolao
2814 5494 3004 5540 noster
3040 5485 3300 5548 hocloeo
3333 5485 3578 5537 indicare

1993 5558 2332 5611 voluerunt:
2367 5555 2536 5612 fuisse
2583 5567 2878 5626 utrumque
2925 5565 3161 5621 mature,
3195 5555 3347 5626 illum
3408 5568 3437 5606 a
3489 5568 3579 5626 pa-

1993 5627 2269 5691 rentibus,
2306 5627 2455 5681 hunc
2511 5641 2541 5680 a
2582 5622 2864 5696 seipse—ad
2925 5626 3146 5680 modum
3181 5624 3455 5696 Samuelis
3483 5622 3578 5696 ob-

1989 5697 2133 5752 latos
2176 5697 2420 5751 Christo.
2478 5696 2613 5751 Nam
2647 5693 2853 5767 alioqui
2881 5697 3159 5766 quomodo
3186 5711 3245 5751 se
3278 5693 3578 5767 Gregorius

1988 5770 2202 5824 ratione
2239 5769 2530 5836 pollentem
2559 5766 2906 5836 diceret’jam
2929 5775 3045 5820 tum
3068 5779 3196 5820 cum
3225 5766 3464 5834 primum
3494 5771 3579 5820 est

1986 5849 2170 5908 natus,
2205 5855 2331 5895 nam
2364 5857 2429 5896 eo
2462 5849 2709 5908 tempore
2745 5855 2805 5896 se
2837 5839 3084 5895 oblatum
3115 5836 3270 5894 dicit.
