4086 6298
231 393 326 458 2Ῑ3
372 368 374 370 ν
1001 398 1286 459 ORATIO
1322 399 1508 459 XVII.
1545 425 1616 438 --
1645 399 1727 459 IN
1770 399 1831 460 S.
1859 396 2254 456 NICOLAUM
2295 396 2744 482 MYRENSEM.
3385 389 3495 454 2M

229 507 415 578 σμένης
442 505 744 576 αὐξήσεως,
783 507 878 560 καὶ
907 507 970 560 τὸ
995 508 1091 576 τῆς,
1116 508 1296 578 ψυχῆς
1321 508 1526 561 τέλειον
1550 508 1801 577 ἐπίδηλον
1835 555 1842 568 .

1906 506 2025 559 suis
2078 505 2324 561 moribus
2389 505 2460 558 ab
2528 505 2652 574 ipso
2721 503 2994 574 principio
3068 505 3501 572 repraesentat-it.

227 600 555 668 γεγενῆσθαι,
582 599 679 653 καὶ
709 600 792 662 εἱς
825 600 1006 654 κοινὸν
1032 600 1247 669 δφελος,
1295 601 1420 653 ὅτου
1469 600 1798 670 πράγματος

1905 595 2172 651 Omnibus
2203 596 2311 651 illis
2346 596 2672 651 renuntiatis
2725 610 2754 648 a
2811 597 3012 664 quibus
3043 610 3200 650 mens
3235 602 3504 665 tanquam

227 690 383 759 μετῆν
413 688 633 752 ἱκανῶς,
665 690 1025 759 καταστῆναι.
1073 690 1228 742 Ἐπεὶ
1257 690 1355 742 καὶ
1400 689 1636 762 Χριστὸς
1658 688 1814 742 ὁτοῦ

1905 687 2257 743 vehementia
2306 695 2599 742 ventorum
2649 687 2927 756 exagitata
2957 702 3100 755 saepe
3146 687 3370 755 quidem
3413 686 3502 741 in-

225 784 417 852 κόσμου
464 781 654 851 Σωτὴρ
717 783 843 833 τότε
892 780 1205 852 ἀνθρώποις
1241 782 1568 852 γνωρίζεται
1609 774 1684 834 ὧν
1712 782 1798 852 εἴη

1907 789 2119 854 tegram
2177 783 2604 837 exstinctionem
2686 783 2862 838 totius
2930 779 3206 850 lampadis
3274 782 3501 851 patitur,

225 875 470 944 ἐργάτης,
503 874 592 926 ὅτε
624 871 686 925 τὸ
733 871 934 943 μέτρον
981 871 1132 943 αὑτῷ
1170 872 1270 925 οὐκ
1299 872 1372 924 ἔτ’
1408 872 1516 925 ἔδει
1539 873 1640 942 τῆς
1676 872 1799 940 ἡλι-

1911 890 2286 946 magnumque
2350 875 2398 931 si
2456 876 2541 930 vel
2600 875 2836 929 luridani
2903 883 2958 929 et
3021 882 3278 929 mosstam
3332 875 3499 928 semi-

227 968 362 1027 κίας.
403 965 590 1027 Ὄντος
621 961 714 1030 οὖν
752 965 1021 1036 ἑπομένου
1057 963 1151 1017 τὸν
1194 964 1493 1034 ὑπερφυῶς
1518 965 1612 1017 καὶ
1642 980 1803 1032 γεγο-

1911 977 2147 1023 ιηοτιιιω
2184 969 2322 1024 facis
2353 969 2658 1026 servaverit
2695 967 3027 1021 ﬂammulam
3060 1007 3076 1031 ,
3109 982 3234 1023 cum
3269 967 3337 1023 iis
3369 965 3504 1023 solis

226 1057 339 1108 νότα
360 1062 450 1109 καὶ
493 1056 818 1127 βεϐιωκότα,
871 1058 1157 1127 οἰκονόμον
1211 1056 1448 1127 ὀφθῆναι
1493 1055 1600 1109 τῶν
1629 1056 1798 1127 ὑπερ-

1902 1065 2232 1116 versabatur
2282 1062 2488 1129 quibus
2538 1064 2706 1118 chara
2759 1064 2975 1128 virtus;
3032 1075 3100 1114 ex
3152 1073 3503 1129 quorumque

181 1216 185 1219 _
223 1149 383 1219 φυῶν,
412 1150 553 1204 οὕτω
600 1151 696 1206 καὶ
750 1151 985 1219 γίνεται.
1033 1151 1151 1205 Ἵνα
1195 1151 1252 1204 δὲ
1372 1152 1572 1221 ἀμιγὲς
1599 1151 1794 1220 θνητῆς

1907 1154 2317 1209 consuetudine
2377 1155 2522 1209 ﬁlius
2581 1153 2701 1224 ipse
2763 1153 2906 1209 lucis
2968 1151 3256 1206 adventitii
3341 1151 3509 1204 lumi-

223 1240 538 1310 ἐπικρίσεως
562 1241 656 1294 καὶ
683 1240 941 1312 καθαρῶς
970 1241 1114 1294 θεῖον
1142 1241 1204 1294 τὺ
1232 1242 1536 1312 γινόμενον,
1564 1241 1662 1293 οὐκ
1706 1243 1803 1294 ἁν-

1904 1247 1996 1302 nis
2057 1255 2357 1316 augmento
2409 1247 2697 1316 proprium
2764 1262 2926 1301 suum
2990 1244 3338 1307 cumularet,
3417 1257 3506 1296 sa-

223 1330 442 1399 θρώπων
472 1331 536 1383 ὲκ
565 1332 668 1400 γῆς
691 1332 792 1400 τὴν
819 1333 1000 1402 ψῆφον
1032 1331 1371 1395 πιστεύεται,
1403 1331 1521 1384 ἀλλ’
1549 1331 1803 1401 οὐράνιος

1913 1337 2025 1392 eris
2053 1337 2295 1392 maxime
2351 1337 2672 1407 disciplinis
2713 1350 2919 1391 vacans
2965 1345 3020 1391 et
3063 1349 3190 1391 cum
3217 1333 3325 1387 Deo
3359 1347 3505 1388 nun-

222 1423 453 1493 χρησμὸς
499 1424 594 1477 ἐπὶ
639 1423 731 1477 τὸν
760 1425 1144 1495 ἀρχιερατικδν
1166 1424 1330 1479 αὐτὸν
1378 1425 1548 1494 ἱδρύει
1588 1423 1801 1494 θρόνον.

1906 1443 2079 1500 quam
2135 1430 2476 1487 intermissis
2543 1430 2957 1500 precationibus
3009 1441 3199 1496 agens,
3233 1439 3403 1495 seque
3425 1423 3504 1479 illi

221 1517 420 1585 Μικρὸν
448 1516 504 1570 δὲ
535 1516 743 1570 ἀνωθεν
798 1516 1086 1571 ἀναλαϐὼν
1123 1517 1154 1570 ὁ
1199 1517 1357 1586 λόγος
1400 1517 1710 1587 ἀπαγγελεῖ
1738 1518 1803 1570 τὸ

1915 1523 2234 1578 admovens.
2293 1524 2595 1594 Oportebat
2641 1536 2810 1594 porro
2846 1521 2958 1588 jam
2990 1519 3056 1573 ad
3102 1517 3504 1589 plenitudinem

219 1606 470 1678 διήγημα·
1914 1614 2094 1668 aetatis
2126 1614 2315 1670 adulto
2359 1629 2625 1681 corpore,
2675 1613 2874 1667 animae
2919 1626 3141 1681 quoque
3193 1607 3503 1679 perfectum

219 1706 407 1756 statum
450 1715 720 1771 apparere
756 1701 1069 1766 manifesto,
1123 1711 1289 1771 atque
1346 1702 1401 1755 in
1450 1716 1801 1758 communem
1841 1706 2072 1775 produci
2111 1707 2400 1760 utilitatem
2435 1706 2488 1759 id
2524 1723 2636 1775 quo
2676 1706 2770 1760 ille
2814 1703 3052 1758 valebat.
3120 1701 3393 1767 Quoniam
3452 1704 3508 1756 et

219 1792 399 1846 mundi
431 1791 686 1847 Salvator
713 1793 973 1849 Christus
1017 1803 1132 1848 tum
1178 1795 1401 1850 demum
1447 1811 1604 1854 suam
1646 1796 1796 1850 illam
1873 1798 2189 1855 hominibus
2251 1800 2538 1855 miriﬁcam
2564 1799 2936 1854 vimostcndit
2971 1796 3192 1867 quando
3226 1795 3340 1865 jam
3365 1802 3505 1848 aeta-

217 1887 280 1940 tis
331 1884 434 1953 ipsi
487 1900 750 1939 mensura
807 1902 917 1941 non
969 1886 1181 1941 deerat.
1221 1886 1581 1957 Consequens
1633 1888 1804 1959 igitur
1837 1903 1963 1943 cum
2001 1900 2146 1946 esset
2174 1905 2300 1946 eum
2345 1891 2437 1961 qui
2471 1906 2637 1962 supra
2711 1899 2968 1945 naturam
3022 1898 3078 1942 et
3128 1897 3293 1944 natus
3354 1895 3503 1943 esset

217 1981 264 2028 et
301 1975 522 2032 vixisset
563 1981 618 2031 in
671 1978 1180 2046 supernaturalittm
1223 1977 1668 2048 dispensatorem
1706 1994 1891 2032 rerum
1927 1993 2090 2050 atque
2142 1980 2532 2036 administrum
2608 1979 2832 2034 tandem
2897 1979 3154 2044 evadere,
3187 1981 3270 2034 sic
3337 1981 3505 2050 plane

215 2069 450 2139 contigit.
499 2070 572 2122 At
620 2077 679 2122 ut
744 2069 896 2124 nullo
948 2070 1203 2124 mortalis
1242 2071 1411 2124 ullius
1463 2069 1788 2140 prtejudicio
1829 2073 2016 2138 mista,
2048 2072 2144 2126 sed
2173 2088 2322 2128 mere
2344 2073 2529 2129 divina
2557 2089 2622 2129 ca
2651 2089 2740 2129 res
2783 2081 2954 2138 esset,
3007 2087 3122 2126 non
3215 2072 3264 2128 is
3330 2073 3506 2127 homi-

217 2175 335 2214 num
385 2159 736 2213 terrestrium
792 2159 1027 2225 calculo,
1069 2160 1175 2215 sed
1231 2159 1447 2214 caelesti
1482 2161 1712 2215 oraculo
1770 2160 1828 2215 in
1904 2162 2205 2232 pontiﬁcali
2254 2163 2559 2219 collocatus
2604 2171 2689 2219 est
2716 2162 2938 2217 throno.
2964 2164 3137 2233 Cujus
3188 2164 3265 2220 rei
3299 2179 3505 2218 narra-

215 2254 407 2308 tionem
437 2253 607 2322 paulo
636 2252 805 2307 altius
836 2251 1062 2306 ductam
1096 2252 1416 2322 subjiciam.

291 2347 345 2401 '0
365 2343 709 2419 rzp‘tv‘laxtbv
736 2345 945 2399 διέπειν
966 2346 1262 2416 ἀρχιερεὺς
1294 2345 1396 2417 τὴν
1429 2345 1569 2414 μετὰ
1593 2344 1807 2418 ἀνθρώ-
1838 2352 1880 2408 Β

1983 2342 2088 2408 Qui
2117 2353 2244 2397 ante
2278 2343 2426 2397 hunc
2450 2341 2980 2412 arcbiepiscupalem
3003 2350 3122 2398 erat
3153 2344 3507 2398 administra-

214 2456 322 2492 πων
372 2438 520 2509 ζωὴν
567 2437 742 2510 ᾤχετο
786 2436 1078 2502 λελοιπώς.
1137 2437 1539 2510 Ἐπιζητούσης
1583 2439 1640 2491 δὲ
1699 2439 1800 2508 τῆς

1905 2435 2116 2489 tionem
2147 2436 2388 2491 sortitus
2419 2435 2641 2494 mortali
2672 2433 2972 2501 defunctus
2998 2435 3110 2488 vita
3145 2451 3211 2489 ex
3247 2436 3506 2497 humanis

212 2533 478 2605 πανάγνου
514 2532 790 2592 παστάδος
839 2532 931 2585 τὸν
964 2531 1082 2586 ἀντ’
1113 2531 1327 2586 ἐκείνου
1379 2532 1637 2602 νυμφίον,
1676 2532 1802 2586 σύλ-

1909 2528 2144 2583 abierat.
2177 2527 2316 2582 Cum
2345 2527 2627 2598 virgineus
2667 2542 2834 2598 porro
2868 2527 3143 2582 thalamus
3177 2527 3344 2581 alium
3381 2527 3505 2596 ejus

215 2622 360 2690 λογος
393 2622 562 2693 ἱερὸς,
589 2622 714 2684 ὅσος
745 2621 841 2675 καὶ
871 2623 930 2674 ὲν
953 2620 1271 2692 ἀρχιερεῦσι
1300 2621 1396 2673 καὶ
1423 2618 1630 2690 ἱερεῦσι
1665 2619 1801 2673 Θεοῦ

1906 2619 2030 2673 loco
2057 2633 2324 2689 sponsum
2353 2620 2720 2686 desideraret,
2752 2627 3059 2676 conventus
3088 2635 3248 2676 sacer
3274 2636 3340 2675 ex
3369 2636 3507 2690 pun-

221 2714 614 2788 συνεληλυθὼς,
648 2713 844 2786 βουλὴν
872 2712 998 2782 ἥτις
1026 2712 1224 2784 ἀρίστη
1252 2713 1521 2766 διαθεῖναι
1543 2713 1676 2783 περὶ
1704 2712 1803 2783 τῆς

1907 2709 2151 2766 tiﬁcibus
2181 2720 2238 2766 et
2261 2713 2644 2768 sacerdotibus
2696 2714 2790 2767 Dei
2845 2713 3112 2768 collectus
3140 2713 3377 2769 consilio
3400 2729 3500 2769 ex-

218 2808 358 2879 ἱερᾶς
387 2807 696 2878 μνηστείας
729 2806 972 2876 σπουδὴν
990 2807 1249 2859 ἐποιεῖτο.
1277 2803 1461 2875 Οὔσης
1489 2804 1546 2858 δὲ
1577 2804 1800 2875 πολλῆς,

1901 2803 2092 2874 pedire
2128 2819 2290 2874 quam
2352 2814 2538 2874 posset
2598 2807 2808 2877 optimo
2855 2821 3044 2861 sacras
3102 2806 3225 2862 illas
3279 2808 3505 2877 nuptias

213 2899 282 2961 ὡς
308 2900 473 2964 εἰκὸς,
505 2897 753 2967 ἀγωνίας
771 2897 957 2959 αὐτοῖς
991 2895 1294 2966 (μεγίστων
1319 2896 1429 2966 γὰρ
1479 2894 1707 2963 ἀγώνων
1733 2895 1803 2949 τά

1915 2895 2227 2966 satagebat.
2257 2896 2392 2951 Cum
2416 2913 2545 2952 vero
2563 2899 2753 2966 multa,
2772 2907 2832 2954 ut
2852 2901 2906 2952 in
2928 2899 3316 2955 deliberatione
3332 2908 3507 2967 tanta,

217 2991 418 3061 μεγάλα
445 2990 558 3044 τῶν
611 2988 958 3058 πραγμάτων
984 2986 1267 3057 ἢρτηται),
1313 2988 1407 3041 καὶ
1439 2987 1659 3040 τοσοῦτο
1681 2986 1803 3059 μεί-

1909 2989 2253 3059 perplexitas
2278 3000 2426 3045 esset
2463 2991 2746 3061 (maximis
2781 2990 2928 3046 enim
2970 3006 3037 3045 ex
3083 2990 3505 3048 discriminibus

216 3082 356 3148 ζονος
387 3083 502 3154 (Η)
555 3083 683 3135 ὅσον
743 3081 976 3155 καὶτῶν
1027 3079 1291 3133 κινδύνων
1336 3078 1398 3132 τὸ
1446 3079 1698 3149 μέγεθος,
1726 3077 1803 3148 μὴ

1918 3099 2245 3154 magnorum
2275 3080 2650 3154 “hegotiorum
2683 3086 2866 3141 exitus
2919 3084 3206 3155 pendent),
3249 3098 3314 3138 ac
3353 3093 3509 3140 tanto

215 3175 576 3246 ἁρμοσθείσης
624 3172 726 3242 τῆς
776 3171 1090 3241 οἰκονομίας
1129 3169 1208 3242 τῷ
1249 3172 1559 3242 πράγματι,
1598 3169 1797 3242 βουλὴν

1905 3177 2179 3233 diﬂicilior
2214 3178 2471 3248 expedita
2505 3187 2656 3233 esset
2702 3178 2898 3232 electio
2928 3184 3138 3246 quanto
3169 3178 3382 3246 majora
3409 3192 3509 3246 pe-

216 3268 553 3343 βουλεύονται
579 3265 799 3335 ἀληθῶς
861 3263 1177 3335 ἱερώσυνον.
1208 3264 1306 3328 Τίς
1330 3263 1509 3333 etiam;
1550 3265 1802 3331 Ἀνενεγ-

1905 3271 2086 3327 ricula
2115 3287 2181 3325 ex
2208 3285 2396 3325 errore
2427 3271 2474 3326 si
2505 3272 2634 3341 quis
2691 3271 2744 3324 in
2780 3284 2846 3325 ea
2872 3271 3316 3324 committeretur
3355 3283 3495 3323 con-

215 3363 324 3414 κεῖν
347 3360 408 3413 τὸ
442 3361 557 3413 πᾶν
584 3359 664 3420 είς
692 3355 846 3410 Θεόν.
886 3356 1131 3409 Ἐκεῖθέν
1167 3371 1228 3408 τε
1277 3354 1619 3421 παραμένειν
1649 3354 1802 3424 ἥξειν

1906 3373 2166 3418 secutura
2191 3363 2642 3433 providebantur,
2675 3362 2969 3417 consilium
3002 3364 3229 3431 capiunt
3249 3376 3377 3416 vere
3408 3363 3495 3417 sa-

213 3450 270 3503 τὸ
312 3451 407 3520 τῆς
459 3448 792 3518 διοικήσεως
820 3443 934 3516 (15)
969 3444 1233 3512 ἀσφαλές.
1263 3445 1467 3514 Εὑχαῖς
1492 3442 1674 3496 τοίνυν
1707 3444 1803 3496 καὶ

1905 3455 2206 3512 cerdotale.
2234 3453 2526 3520 Quodnam
2559 3469 2692 3508 vero
2722 3453 2892 3508 illud?
2919 3451 3054 3506 Rem
3087 3467 3308 3508 omnem
3360 3453 3501 3508 refe-

213 3545 481 3613 νηστείαις
502 3541 762 3608 καθάπερ
791 3537 1100 3608 ὠκυτάτοις
1149 3539 1368 3609 πτεροῖς
1399 3537 1481 3599 είς
1508 3535 1738 3606 οὐρανὸν
1769 3537 1802 3605 ἡ

1907 3545 2136 3601 rendam
2191 3545 2262 3600 ad
2326 3544 2518 3600 Deum.
2595 3544 3044 3616 Exspectandum
3105 3544 3235 3599 inde
3305 3554 3506 3598 ventu-

212 3635 406 3707 σπουδὴ
440 3635 635 3696 αὐτοῖς
685 3631 945 3696 ἀνιοῦσα,
992 3629 1088 3683 τοῦ
1140 3628 1478 3700 ζητουμένου
1517 3628 1796 3698 τυγχάνει.

1909 3652 2025 3691 ram
2057 3638 2360 3693 salutarem
2387 3638 2782 3692 resolutionem
2831 3635 3236 3702 intricatissimi
3270 3635 3500 3703 negotii.

207 3725 298 3794 Εἷς
320 3706 426 3801 γάρ
452 3746 545 3793 τις
584 3729 685 3796 τῆς
718 3726 869 3795 ἱερᾶς
894 3721 1114 3794 ἐκείνης
1142 3721 1370 3791 λογάδος
1408 3721 1538 3792 θείῳ
1564 3719 1799 3792 χρησμῷ

1905 3731 2050 3801 Ergo
2082 3745 2208 3786 cum
2287 3729 2639 3784 orationibus
2706 3739 2762 3783 et
2801 3728 3030 3796 jejuniis
3088 3735 3349 3797 tanquam
3405 3726 3509 3782 alis

209 3824 306 3878 τῶν
326 3818 614 3892 λογισμῶν
655 3815 983 3871 ύπεκλύοντι
1031 3815 1134 3884 τὴν
1185 3813 1460 3884 ἀπορίαν,
1511 3829 1804 3882 μυσταγω-

1902 3820 2276 3878 velocissimis
2317 3821 2595 3876 evolasset
2644 3821 2699 3873 in
2732 3820 2936 3874 coelum
2969 3819 3216 3888 ipsorum
3261 3818 3509 3883 devotio,

207 3919 376 3984 γείται
403 3895 512 3987 τήν
542 3929 603 3965 τε
637 3907 1036 3983 προσηγορίαν,
1085 3907 1179 3960 καὶ
1223 3906 1348 3959 ὅποι
1383 3905 1477 3957 τὸν
1513 3904 1686 3974 ἄνδρα
1716 3904 1807 3957 εύ-

1904 3922 2069 3969 nacta
2127 3913 2200 3967 ibi
2265 3911 2410 3982 quod
2475 3913 2756 3980 quaerebat.
2812 3920 2918 3966 est.
2981 3909 3137 3966 Unus
3182 3910 3329 3965 enim
3389 3909 3507 3979 qui-

209 4007 401 4079 ρῆσθαι
450 4005 663 4074 δεήσει.
715 3998 1120 4071 Παραφυλάξας
1153 3995 1211 4050 δὲ
1259 3997 1351 4048 τὸν
1382 3996 1546 4048 τόπον
1567 3997 1595 4048 ὁ
1627 4012 1806 4065 μεμυ-

1907 4008 2032 4061 dam
2091 4020 2161 4062 ex
2217 4019 2378 4060 sacro
2456 4004 2552 4062 illo
2610 4013 2801 4067 coetu,
2874 4004 3105 4058 oraculo
3172 4002 3362 4057 divino
3421 4015 3514 4054 ra-

211 4097 639 4170 οταγωγημένος
695 4090 786 4164 (ἦν
840 4093 886 4147 δ’
941 4092 1052 4163 ἄρα
1090 4088 1190 4143 τοῦ
1253 4088 1386 4143 ναοῦ
1431 4105 1485 4141 τι
1541 4089 1706 4159 μέρος
1747 4081 1810 4141 οὗ

1911 4098 2084 4154 tionis
2133 4097 2393 4152 humanae
2448 4096 2852 4152 dubitationem
2900 4094 3246 4165 expediente,
3302 4100 3358 4148 et.
3406 4091 3511 4147 viri

208 4192 557 4263 προσομιλεῖν
612 4190 639 4242 ό
690 4188 866 4258 μέγας
915 4183 1159 4237 εῐσθιστο
1205 4181 1474 4244 Νικόλαος
1519 4179 1599 4251 τῷ
1635 4179 1802 4250 Θεῷ),

1915 4203 2114 4245 nomen
2177 4187 2442 4244 cdocetur
2473 4199 2528 4244 et
2560 4189 2742 4242 locum
2771 4187 2863 4243 ubi
2896 4187 3253 4256 reperiendus
3293 4184 3341 4239 is
3369 4195 3509 4238 erat.

213 4286 513 4339 ἐπιστάντα
547 4284 773 4352 κατέχει
809 4277 948 4350 (16),
990 4277 1085 4330 καλ⁸
1113 4277 1228 4339 τοῖς
1256 4275 1466 4328 ἐκείνου
1496 4275 1705 4345 ῥήμασι
1734 4271 1805 4326 τὰ

1913 4281 2037 4349 Quo
2089 4282 2421 4346 observato,
2491 4280 2583 4335 ille
2648 4280 2734 4335 cui
2793 4279 3059 4334 revelatio
3140 4278 3287 4332 facta
3338 4275 3516 4334 fuerat

208 4374 270 4428 ὲκ
287 4378 384 4446 τῆς
405 4373 590 4444 ὂψεως
608 4370 927 4440 συμϐαλὼν,
951 4367 1043 4421 τὸν
1058 4365 1228 4438 ἄνδρα
1244 4363 1617 4434 διαγινώσκει.
1646 4361 1806 4416 Οὕτω

1914 4374 2056 4443 (erat
2085 4380 2267 4425 autem
2304 4371 2352 4425 is
2383 4371 2543 4426 locus
2595 4385 2729 4440 pars
2779 4367 3030 4439 quaedam
3093 4366 3228 4423 aedis
3277 4366 3368 4420 ubi
3408 4363 3515 4418 frui

209 4482 265 4518 τε
295 4467 390 4519 σὺν
414 4469 487 4536 τῇ
519 4462 776 4535 παρούσῃ
815 4461 938 4532 ἱερᾷ
967 4456 1169 4530 πληθύί
1201 4458 1270 4528 τῇ
1289 4455 1591 4527 Ἐκκλησία⁸
1622 4472 1808 4525 νυμφ-

1914 4462 2013 4519 Dei
2040 4461 2339 4532 colloquiis
2369 4475 2605 4532 magnus
2633 4471 3002 4516 consueverat
3033 4458 3319 4529 Nicolaus)
3361 4466 3514 4513 stati--

209 4560 429 4626 αγωγεῐ.
1913 4563 2023 4608 tem
2062 4554 2134 4609 ibi
2165 4553 2529 4625 deprehendit
2560 4553 2748 4608 divina
2772 4553 2878 4608 sibi
2909 4537 3136 4608 ~visione
3163 4551 3514 4606 demonstra-

212 4657 320 4700 tum
367 4649 573 4702 virum.
627 4642 1114 4721 llunc'enimeum
1165 4652 1290 4694 esse
1341 4635 1463 4706 eius
1501 4651 1569 4690 ex
1614 4635 1801 4694 verbis
1841 4638 2019 4708 ipsius
2066 4642 2232 4700 facile
2273 4643 2522 4712 agnovit,
2580 4642 2773 4712 sicque
2813 4641 2972 4696 illum
3051 4654 3177 4696 cum
3251 4639 3512 4709 praesenti

214 4753 365 4794 sacra
388 4736 746 4795 multitudine
766 4749 1029 4804 sponsum
1059 4732 1320 4787 Ecclesiae
1349 4730 1658 4801 conjungit.

256 4878 258 4881 -
282 4839 462 4910 Μέχρι
482 4836 584 4908 μὲν
608 4834 766 4888 τοῦδε
797 4831 989 4904 ὥσπερ
1009 4830 1189 4901 ἁπλῆν
1218 4846 1342 4884 τινα
1365 4830 1552 4900 τρίϐον
1589 4829 1809 4902 παριὼν
1838 4848 1869 4909 1

1999 4828 2282 4884 Hactenus
2351 4839 2505 4883 recto
2560 4827 2800 4897 quodam
2841 4826 3038 4880 itinere
3062 4825 3220 4895 quasi
3252 4822 3518 4879 inoffense

215 4933 243 4987 ό
269 4931 429 5000 λόγος
454 4931 518 4984 ού
546 4925 802 5000 χαλεπῶς
832 4926 1110 4996 διήνεγκε.
1140 4922 1216 4976 Τὸ
1245 4921 1289 4974 δ’
1319 4920 1571 4975 ἐντεῦθεν
1605 4923 1809 4994 μυρίας

1920 4923 2196 4993 processit
2226 4924 2425 4977 oratio.
2452 4924 2520 4974 At
2550 4918 2812 4989 deinceps
2833 4933 2960 4972 cum
2987 4934 3097 4973 non
3133 4918 3336 4978 solum,
3366 4916 3516 4984 quod

217 5023 546 5094 ἀπαντώσης
567 5020 896 5092 διεκδρομῆς
926 5018 1022 5071 καὶ
1058 5015 1121 5070 οὐ
1147 5015 1401 5086 καθάπερ
1421 5015 1513 5067 ἐπὶ
1535 5017 1649 5077 τοῖς
1669 5017 1808 5069 ἀπό-

1919 5015 1978 5069 in
2008 5014 2288 5085 perplexis
2339 5013 2568 5076 dicitur,
2623 5018 2883 5067 occurrat
2935 5011 3188 5076 trivium,
3231 5025 3418 5063 verum
3461 5009 3516 5063 in

220 5132 329 5188 pm;
358 5116 583 5187 λέγεται
625 5114 840 5186 τρίοδον
879 5108 1277 5181 ἀπηντηκέναι,
1327 5108 1381 5160 τί
1415 5109 1523 5178 χρὴ
1571 5101 1833 5180 δριίισαις⁴

1921 5108 2212 5162 innumera
2286 5106 2538 5177 quaedam
2579 5105 2814 5160 divortia
2866 5101 3084 5159 scindat
3137 5117 3198 5157 se
3232 5103 3342 5166 via,
3386 5100 3517 5170 quid

220 5202 418 5274 μᾶλλον
460 5204 521 5259 δὲ
566 5202 622 5257 τί
679 5201 908 5268 παθεῖν;
955 5199 1229 5269 Ἀπείρων
1276 5197 1384 5268 γὰρ
1415 5197 1585 5251 ὄντων
1621 5199 1815 5270 ἐκείνῳ

1923 5198 2107 5255 facere
2133 5214 2275 5270 opus
2315 5199 2539 5254 est'tvel
2565 5197 2771 5269 potius,
2790 5197 2920 5268 quid
2946 5195 3058 5266 pati
3085 5194 3353 5250 necesse?
3382 5193 3517 5247 Cum

1734 5329 1974 5388 NOTAE.

289 5429 404 5503 (Η)
435 5426 882 5503 Νοτιάῑεεῑιιιιιιρ
920 5426 974 5479 in
994 5423 1293 5503 exemplari
1331 5438 1419 5479 me
1448 5423 1652 5503 [θεῖεὃὸ
1686 5441 1806 5503 μειι-
1917 5426 2182 5503 dimcesis
2214 5427 2516 5503 vocabatur
2548 5425 2850 5503 veteribus,
2869 5431 2932 5503 et
2963 5424 3016 5503 in_
3045 5435 3340 5503 commune
3381 5435 3517 5474 con-

221 5491 410 5566 ζόνωνζ
437 5500 583 5571 quod
615 5515 739 5553 cum
773 5501 910 5554 satis
935 5491 1220 5571 coluerere
1277 5509 1388 5571 non
1428 5491 1724 5559 videretur,
1752 5497 1807 5549 itt
1929 5500 2229 5552 sultahant.
2278 5491 2630 5571 Totagtamen
2662 5494 2959 5571 ἀκολουθία
3007 5493 3112 5571 loci
3163 5507 3249 5546 me
3296 5493 3352 5545 in
3396 5506 3512 5571 eam

223 5565 470 5644 μείζονος
502 5572 732 5631 mutavi,
766 5577 826 5644 ut
851 5568 948 5644 ‘ad
986 5565 1225 5644 ἀγωνίας
1258 5565 1562 5644 referatur:
1668 5633 1744 5644 Μ
1918 5571 2246 5644 sententiam
2273 5569 2462 5644 _traxit
2492 5583 2669 5644 quam
2736 5565 3192 5644 interpretatione
3234 5565 3506 5632 expressi.

292 5633 404 5713 (l5)
429 5643 548 5696 Non
583 5650 716 5713 puto
760 5633 1307 5713 Gtoixnatvltic_csse
1335 5633 1808 5713 dioecesim.0lim
1918 5639 2078 5713 cujus
2129 5639 2176 5692 si
2213 5638 2400 5693 minus
2451 5633 2728 5693 videbitur
2767 5633 2938 5704 felix,
2981 5634 3238 5705 equidem
3278 5649 3387 5689 non
3423 5648 3518 5689 cro

222 5706 669 5768 enim'aliter'id
715 5706 1352 5777 no’men'usurpabatur.
1394 5707 1735 5780 thttquaul_
1761 5706 1810 5759 si
1920 5706 2198 5780 pertinax.

225 5783 441 5850 phrasis
489 5782 680 5837 Graeca
729 5791 1031 5851 pateretur,
1061 5771 1173 5833 n'ou
1227 5787 1377 5851 esset
1427 5771 1810 5851 incommodus

1670 5774 1810 5830 udus
1920 5771 1938 5780 ’
1991 5778 2104 5851 (16)
2131 5779 2276 5846 Quid
2305 5779 2351 5836 si
2379 5778 2626 5850 legamus
2649 5777 2767 5830 ἐκεῖ
2800 5777 2978 5831 πάντα
3010 5771 3232 5845 κατέχει
3259 5771 3282 5826 ?

233 5846 450 5911 Sensus.
469 5846 851 5910 Convenerant
881 5850 1126 5919 episcopi
1156 5847 1320 5906 unius
1347 5846 1666 5917 provinciae,
1689 5861 1810 5917 qua:
