4108 6306
442 358 552 423 215

1680 357 1879 420 LEON
1887 358 1961 419 IS
2004 356 2474 418 PHILOSOPHI

3634 351 3755 420 216

444 472 590 525 cnim
625 468 840 524 Inﬁnita
873 466 1005 522 huic
1042 476 1233 524 nostro
1266 469 1463 525 decora
1503 468 1699 536 insint,
1731 471 2040 541 propriam-

2144 469 2352 534 καλῶν,
2387 471 2483 523 καὶ
2510 470 2720 523 τούτων
2743 469 2977 523 ἑκάστου
3012 467 3152 524 ίδίαν
3169 467 3534 533 ἀπαιτοῦντος
3563 469 3751 538 λόγων

445 576 552 630 que
579 561 684 617 sibi
732 561 1164 631 unumquodque
1190 560 1564 618 laudationem
1609 563 1868 632 postulet,
1901 578 2040 631 quo-

447 653 749 724 tnnduquae
769 653 879 708 dici
911 662 1190 723 nequeant
1207 654 1422 724 singula
1451 671 1559 710 una
1605 657 1858 711 oratione
1885 671 2041 711 com-

448 746 751 814 prehendat
785 749 1056 818 quispiam
1083 749 1106 800 ?
1133 757 1229 801 aut
1286 748 1564 819 quomodo
1592 749 1659 804 de
1698 749 2041 818 argumentis

449 835 529 890 ita
578 838 819 909 magnis,
879 853 994 893 non
1031 837 1254 907 quidem
1312 852 1438 892 cum
1485 836 1735 908 ipsorum
1775 837 2041 908 dignitate

451 928 908 997 comparandum,
952 929 1048 985 sed
1076 929 1162 1004 vel
1199 928 1484 984 tolerabile
1529 943 1594 984 ac
1623 929 1905 984 mediocre
1937 929 2043 984 ali-

449 1018 584 1089 quid
621 1020 797 1090 possit
821 1020 1056 1076 alIerreJ
1102 1021 1307 1076 Tamen
1331 1036 1396 1077 ex
1426 1020 1548 1090 ejus
1580 1022 1848 1092 prmclare
1881 1020 2042 1077 factis

449 1110 742 1166 delibanda
777 1123 907 1167 sunt
934 1129 1130 1184 pauca.
1161 1114 1244 1168 Ad
1279 1115 1657 1185 persequenda
1684 1117 1829 1170 enim
1855 1116 2043 1170 omnia

451 1219 633 1274 neque
671 1207 717 1261 si
745 1206 872 1276 quis
913 1206 1232 1277 prolixitate
1263 1209 1390 1261 vitae
1424 1207 1577 1278 paria
1612 1208 1780 1262 faciat
1806 1223 1932 1262 cum
1973 1224 2042 1264 eo

448 1297 544 1368 qui
573 1297 889 1355 diutissime
942 1300 1191 1356 omnium
1253 1302 1532 1357 mansisse
1575 1300 1628 1355 in
1665 1301 1776 1356 vita
1816 1301 2038 1367 dicitur,

450 1387 816 1446 suffecturam
862 1392 1157 1447 habiturus
1199 1392 1442 1465 linguam
1493 1400 1664 1450 esset.
1699 1392 1837 1461 Quis
1867 1395 1944 1448 ita
1980 1411 2041 1451 se

449 1481 742 1538 iunctione
790 1484 1090 1540 sacerdotii
1136 1494 1192 1540 et
1254 1499 1454 1555 magno
1498 1483 1772 1540 sacriﬁcio
1812 1485 2040 1556 dignum

449 1577 739 1632 exhibuit?
761 1586 858 1633 aut
890 1579 1075 1649 potius
1103 1578 1230 1648 quis
1259 1587 1321 1633 ut
1371 1579 1462 1634 ille
1493 1579 1549 1634 in
1581 1579 1810 1635 odorem
1852 1579 2040 1635 suavi-

449 1670 581 1723 tatis
606 1669 987 1726 holocaustum
1022 1671 1240 1725 oblatus
1286 1679 1372 1725 est
1415 1671 1568 1726 Deo?
1599 1671 1735 1737 Quis
1762 1673 1837 1726 ita
1864 1671 2041 1726 subli-

451 1760 558 1815 mis
592 1761 647 1816 in
683 1761 874 1817 habitu
916 1763 1240 1818 submisso?
1278 1763 1417 1830 Quis
1465 1780 1687 1818 rursum
1717 1763 1774 1819 in
1801 1764 2040 1820 submis-

450 1853 609 1908 sione
637 1855 813 1924 magis
861 1855 1222 1934 inaccessus?
1263 1855 1400 1910 Illud
1447 1857 1669 1926 quidem
1705 1857 1779 1912 ob
1827 1867 2040 1912 natura

452 1962 778 2018 morumque
824 1931 1240 2021 benignitatem,
1307 1950 1412 2004 hoc
1443 1959 1667 2022 propter
1702 1950 2044 2006 inimitabili-

451 2048 618 2094 tatem
677 2041 972 2096 virtutum.
1015 2043 1152 2108 Quis
1197 2042 1277 2097 sic
1314 2042 1380 2096 ad
1428 2058 1618 2098 verum
1665 2043 1945 2112 expressit
1986 2041 2050 2119 in.

451 2132 636 2202 seipse
670 2144 950 2204 pastorem
975 2151 1188 2199 verum,
1237 2143 1293 2191 et
1323 2152 1390 2191 ne
1415 2136 1720 2206 periculum
1745 2151 1878 2192 oves
1920 2147 2042 2191 tan-

451 2233 587 2294 gat,
637 2233 903 2295 tanquam
952 2228 1022 2282 ad
1065 2227 1375 2298 jucundum
1421 2227 1632 2298 aliquid
1685 2226 1752 2282 ad
1804 2237 2038 2284 mortem

451 2318 729 2372 accessit?
773 2319 910 2386 Quis
947 2321 1123 2390 magis
1151 2335 1374 2391 gravem
1423 2321 1632 2390 injuste
1665 2323 2039 2390 grassantium

450 2410 716 2465 contrivit
767 2414 1036 2467 manum?
1079 2413 1216 2481 Quis
1276 2413 1332 2468 in
1369 2422 1618 2485 tempore
1672 2416 2039 2485 Opportunius

450 2505 692 2576 protexit
730 2511 1197 2578 oppressos?Aut
1241 2512 1429 2583 potius
1475 2511 1602 2581 quis
1630 2528 1778 2568 unus
1819 2513 2042 2582 utrique

363 2624 383 2678 χ
449 2599 637 2667 generi
666 2601 948 2656 consuluit
995 2603 1231 2660 melius?
1255 2603 1434 2660 Priori
1470 2605 1698 2676 quidem
1725 2621 1793 2661 eo
1824 2607 2038 2662 studiu-

451 2689 593 2754 sius,
629 2705 742 2760 quo
769 2691 904 2748 illud
949 2695 1199 2751 atrocius
1227 2696 1532 2766 periculum
1559 2701 1702 2754 malo
1753 2714 1928 2769 usque
1972 2699 2039 2754 ad

448 2783 693 2838 animam
725 2786 1062 2854 pertinente.
1099 2785 1210 2843 Sed
1232 2786 1344 2856 jam
1375 2789 1432 2843 in
1467 2805 1651 2844 arcem
1686 2791 2036 2845 invadamus.

451 2874 590 2943 Quis
624 2885 780 2932 tanto
807 2878 994 2934 animo
1019 2879 1272 2934 militiam
1317 2881 1728 2951 prmdicationis
1755 2881 1909 2936 verbi
1949 2890 2038 2935 to-

451 2971 687 3027 leravit‘l
733 2970 877 3027 Hinc
903 2973 1306 3030 dtemoniorum
1345 2976 1494 3030 acies
1539 2975 1772 3030 fundens
1807 2975 2039 3044 fugans-

449 3079 582 3134 que,
615 3064 927 3134 horumque
960 3064 1087 3120 fana
1132 3081 1470 3136 expurgans,
1522 3067 1870 3135 miserosque
1897 3081 2037 3136 quos

449 3157 787 3228 deceperant
819 3164 881 3212 ut
911 3157 1088 3227 spolia
1119 3158 1304 3228 opima
1335 3155 1445 3213 Deo
1493 3158 1718 3214 sistens.
1749 3158 1881 3213 Inde
1908 3173 2036 3214 vero
2066 3185 2107 3241 ο

448 3260 678 3306 strenue
703 3265 818 3305 rem
855 3265 1058 3321 gerens
1107 3249 1379 3307 adversus
1431 3250 1620 3309 hostes
1661 3250 1868 3306 furiosa
1902 3265 2040 3305 con-

448 3342 689 3395 tumacia
735 3341 830 3397 ubi
874 3342 1059 3396 minus
1102 3341 1331 3397 decebat
1380 3352 1649 3409 armatos,
1682 3343 1777 3413 qui
1808 3351 2041 3398 exacuta

451 3433 520 3487 ad
548 3433 952 3503 blasphemiam
1004 3434 1192 3504 lingua
1231 3450 1397 3490 unam
1437 3445 1694 3490 naturam
1745 3437 1798 3490 in
1825 3447 2044 3492 creatu-

450 3539 570 3581 ram
600 3534 656 3581 et
684 3525 1005 3582 Creatorem
1033 3527 1284 3582 dividere
1317 3527 1688 3582 conabantur.
1720 3528 1874 3581 Pauli
1920 3527 2044 3597 qui-

449 3616 575 3672 dem
633 3617 863 3673 deliniat
919 3634 1146 3676 cursum
1207 3618 1611 3690 Hierosolymis
1667 3619 1734 3674 ad
1764 3620 2039 3692 Illyricum

450 3710 734 3778 pertinens
763 3711 1154 3780 peregrinatio.
1194 3710 1343 3767 llnic
1378 3726 1512 3767 vero
1539 3720 1734 3768 nostro
1757 3728 1868 3768 non
1912 3713 2041 3784 qui-

450 3789 575 3856 dem
608 3803 678 3857 ab
709 3803 1107 3875 Hierosolymis
1142 3800 1466 3874 pradicatio
1518 3806 1834 3875 processit,
1863 3820 2044 3877 neque

451 3890 507 3947 in
539 3891 686 3947 illam
712 3893 875 3948 aliam
908 3903 1070 3950 terra:
1103 3903 1316 3966 partem
1363 3904 1662 3967 propagata
1691 3903 1799 3953 est.
1836 3895 2037 3953 Videa-

450 3997 577 4038 mus
625 3992 808 4040 tamen
852 3999 924 4040 an
967 3986 1091 4042 ideo
1142 3987 1329 4042 minus
1367 3986 1670 4059 Evangelio
1721 3989 2041 4047 contulerit.

451 4074 547 4131 llle
591 4091 717 4131 sero
771 4079 988 4133 tandem
1033 4079 1153 4134 zelo
1202 4093 1475 4138 converso
1533 4092 1783 4138 maturos
1829 4082 2046 4140 fructus

453 4169 829 4239 praedicationi
865 4171 1048 4237 dedit;
1108 4173 1197 4228 hic
1241 4188 1373 4230 vero
1419 4189 1562 4244 pene
1587 4191 1655 4232 ex
1701 4176 1823 4247 ipso
1856 4177 2046 4235 limine

450 4262 598 4321 vitae.
640 4265 860 4317 tametsi
887 4263 940 4318 id
963 4264 1159 4321 deinde
1205 4265 1556 4324 manifestius
1591 4270 1869 4338 apparuit.
1901 4268 2048 4325 Rur-

453 4368 552 4409 sus
584 4353 676 4410 ille
717 4344 826 4410 non
872 4355 965 4411 diu
1012 4366 1260 4414 moratus
1314 4359 1549 4415 absolvit
1583 4375 1851 4431 cursum;
1880 4363 2046 4434 hujus

453 4460 586 4502 vero
621 4463 795 4517 usque
827 4449 894 4504 ad
929 4451 1054 4505 vitae
1082 4450 1420 4523 longissimae
1448 4461 1624 4509 metas
1660 4453 1887 4511 ultimas
1919 4469 2048 4518 crur-

2144 562 2424 627 ὐπόθεσιν,
2461 563 2578 626 πῶς
2603 564 2668 618 ἄν
2713 580 2798 626 τις
2825 564 2906 625 είς
2939 563 2999 616 ἓν
3037 563 3322 636 συναγάγῃ
3341 563 3410 616 τὰ
3444 563 3520 632 μὴ
3561 561 3747 633 ῥητὰς

2142 656 2177 726 ἢ
2209 656 2327 719 πῶς
2368 659 2497 728 περὶ
2532 656 2645 711 τῶν
2698 655 2844 710 οὕτω
2879 655 3155 726 μεγάλων,
3214 656 3313 726 οὺχ
3360 656 3510 718 ὅπως
3572 645 3750 719 ἀξίως

2142 749 2440 814 διαλαϐεῖν,
2472 750 2612 803 ἀλλᾶ
2629 752 2721 803 καὶ
2752 750 2989 820 μετρίως
3015 751 3192 802 εἰπεῖν
3212 765 3267 801 τι
3309 745 3466 818 σχοίη
3496 765 3512 815 ;
3549 749 3749 819 Ὅμως

2143 841 2300 909 ὀλίγα
2329 841 2439 895 τῶν
2465 842 2660 911 ἐκείνῳ
2698 840 3135 911 κατορθωμένων
3155 839 3549 906 ἁπολαϐοὖσιν,
3582 840 3746 909 εἰρή-

2146 933 2278 986 σθω⁸
2309 933 2446 1003 πρὸς
2470 932 2581 1003 γὰρ
2611 933 2789 986 πάντα
2810 932 2922 985 οὐδ’
2971 932 3025 985 εί
3072 949 3154 996 τις
3195 930 3316 984 κατ’
3359 933 3568 984 ἐκεῖνον
3601 928 3744 1000 βιῴη

2143 1027 2202 1090 ὃς
2229 1027 2448 1080 πάντων
2475 1024 2782 1096 ἀνθρώπων
2828 1025 3194 1096 έπιμήκιστον
3241 1023 3321 1093 τῷ
3377 1023 3478 1093 βίῳ
3517 1021 3743 1090 λέγεται

2145 1105 2509 1188 παραμεῖναι,
2537 1118 2923 1187 διικνουμένην
2960 1117 3074 1184 ἕξει
3097 1116 3197 1187 τὴν
3231 1113 3613 1184 γλῶτταν.Τίς
3646 1112 3748 1166 οὖ-

2141 1230 2221 1266 τω
2250 1213 2596 1284 παρέστησεν
2630 1212 2824 1265 ἑαυτὸν
2847 1211 3164 1281 ἱερουργίας
3188 1208 3339 1274 ἄξιον
3364 1207 3460 1261 τοῦ
3497 1206 3744 1278 μεγάλου

2144 1303 2430 1373 θύματος;
2494 1301 2699 1372 μᾶλλον
2737 1302 2794 1355 δὲ
2853 1301 2935 1364 τίς
2985 1301 3106 1354 κατ’
3163 1303 3372 1353 ἐκεῖνον
3430 1301 3509 1362 εἰς
3561 1297 3744 1368 ὀσμὴν

2143 1395 2373 1459 εὐωδίας
2416 1394 2792 1466 ὁλοκάρπωμα
2839 1393 3190 1464 προσηνέχθη
3233 1393 3414 1464 ,Θεῷς
3463 1391 3562 1455 Τίς
3593 1391 3746 1444 οὕτω

2143 1488 2348 1558 ὑψηλὸς
2377 1489 2436 1541 ἐν
2463 1489 2704 1559 σχήματι
2731 1486 2960 1558 μετρίῳ,
2992 1491 3049 1540 ἐν
3082 1486 3139 1538 δὲ
3173 1485 3250 1556 τῷ
3289 1486 3498 1555 μετρίῳ
3560 1485 3746 1553 ἀπρο-

2144 1597 2328 1646 σιτος,
2361 1583 2422 1633 τὸ
2481 1581 2583 1651 μὲν
2617 1578 2792 1635 διὰτὸ
2823 1581 2925 1650 τῆς
2976 1578 3204 1650 γνώμης
3254 1577 3519 1640 ἐπιεικὲς,
3570 1578 3632 1630 τὺ
3682 1577 3747 1629 δὲ

2142 1673 2232 1727 διὰ
2253 1673 2316 1726 τὸ
2343 1673 2450 1727 τῶν
2477 1671 2927 1743 κατορθωμάτων
2953 1672 3268 1742 ἀμίμητον;
3302 1671 3399 1732 Τίς
3428 1670 3571 1722 οὕτω
3601 1671 3747 1738 πρὸς

2145 1765 2438 1836 ἀκρίϐειαν
2463 1764 2724 1831 εἰκονίζει
2742 1765 2835 1818 τὸν
2871 1763 3048 1835 ἀληθῆ
3073 1764 3305 1834 ποιμένα
3325 1764 3382 1815 ἐν
3415 1761 3615 1832 ἐαυτῷ,
3645 1763 3746 1814 καὶ

2067 1836 2114 1893 Β
2143 1861 2230 1914 ἵνα
2258 1859 2368 1912 τῶν
2391 1859 2686 1930 προϐάτων
2721 1858 2796 1929 μὴ
2828 1857 2954 1928 θίγῃ
2979 1857 3244 1920 κίνδυνος,
3298 1855 3462 1917 αὐτὸς
3485 1856 3746 1926 καθάπερ

2144 1953 2226 2015 είς
2253 1951 2431 2005 τιτῶν
2451 1951 2650 2020 ἡδονὴν
2682 1950 2960 2020 φερόντων
2984 1952 3156 2020 χωρεί
3186 1948 3324 2019 πρὸς
3353 1947 3603 2002 θάνατον.
3640 1947 3746 2010 Τίς

2146 2030 2348 2115 μᾶλλον
2402 2042 2501 2113 τὴν
2555 2042 2782 2113 βαρεῖαν
2824 2040 2934 2095 τῶν
2991 2039 3328 2094 ἀδικούντων
3359 2039 3598 2108 ἔθραυσε
3619 2042 3745 2107 χεῖ-

2142 2152 2214 2211 ρα
2250 2137 2363 2206 (l7)
2393 2152 2409 2201 ;
2436 2134 2534 2198 Τίς
2558 2134 2604 2187 δ’
2632 2135 2690 2188 ἐν
2709 2133 2887 2205 καιρῷ
2910 2133 3022 2196 τοῖς
3045 2133 3426 2201 ἀδικουμένοις
3449 2133 3697 2201 ἐπήμυνε
3720 2149 3740 2197 ς

2145 2229 2349 2300 μᾶλλον
2369 2228 2416 2281 δ’
2455 2227 2706 2299 ἑκατέρῳ
2739 2228 2896 2298 μέρει
2937 2226 3075 2298 (18).
3122 2227 3236 2280 Καὶ
3287 2223 3530 2295 τοσούτῳ
3574 2225 3745 2278 πλέον

2144 2323 2378 2391 θατέρῳ,
2409 2322 2520 2393 ὅσῳ
2565 2322 2662 2375 καὶ
2709 2319 3096 2392 χαλεπώτερος
3149 2319 3380 2382 ἐκείνοις
3416 2320 3444 2372 ὁ
3492 2318 3746 2382 κίνδυνος

2142 2418 2223 2477 εἰς
2273 2413 2451 2486 ψυχὴν
2494 2413 2592 2468 τοῦ
2651 2411 2823 2468 κακοῦ
2873 2412 3266 2474 διαϐαίνοντος.
3311 2411 3453 2465 Ἀλλ’
3494 2410 3746 2481 ἀνίωμεν

2141 2509 2243 2580 ἤδη
2286 2509 2424 2580 πρὸς
2449 2508 2550 2579 τὴν
2582 2506 2921 2579 ἀκρώρειαν.
2947 2507 3107 2568 Ποῖος
3151 2504 3328 2568 οὕτως
3359 2503 3437 2575 τῷ
3457 2503 3606 2574 λόγῳ
3640 2503 3742 2556 τοῦ

2140 2603 2497 2672 κηρύγματος
2524 2600 2935 2671 συνεμάχησεν;
2955 2597 3207 2652 ἐντεῦθεν
3238 2597 3531 2668 δαιμονίων
3551 2614 3742 2668 παρα-

2140 2697 2323 2759 τάξεις
2359 2694 2623 2759 ἐλαύνων,
2658 2693 2756 2746 καὶ
2786 2691 3070 2766 καθαιρῶν
3099 2691 3311 2745 τούτων
3360 2690 3587 2761 τεμένη,
3641 2692 3744 2744 καὶ

2141 2787 2434 2856 προσάγων
2455 2789 2531 2851 ὠς
2563 2785 2782 2856 λάφυρα
2806 2784 2926 2856 Θεῷ
2948 2784 3077 2849 τοὺς
3124 2785 3221 2838 ὑπ’
3270 2784 3456 2838 αὐτῶν
3517 2785 3746 2838 πλανω-

2143 2882 2338 2950 μένους
2368 2880 2480 2946 (l9)
2509 2894 2524 2909 '
2557 2878 2768 2933 ἐκεῖθεν
2794 2877 3099 2950 ἀριστεύων
3129 2877 3272 2931 κατὰ
3315 2877 3427 2931 τῶν
3463 2878 3742 2948 μεμηνότι

2141 2971 2387 3041 λογισμῷ
2429 2964 2490 3025 οὗ
2537 2970 2743 3041 ἥκιστα
2791 2970 2959 3041 ἐχρῆν
3006 2969 3120 3042 (20)
3157 2969 3573 3042 ὁπλιζομένων,
3639 2973 3742 3026 καὶ

2139 3063 2361 3136 γλώσσῃ
2395 3064 2533 3134 πρὸς
2558 3063 2908 3133 βλασφημίαν
2931 3063 3252 3137 ἡκονημένῃ
3285 3065 3368 3129 εἰς
3397 3064 3604 3134 κτίσμα
3642 3063 3743 3117 καὶ

2139 3155 2483 3227 Δημιουργδν
2507 3155 2740 3224 διαιρεῖν
2769 3154 3192 3225 ἐπιχειρούντων
3222 3155 3324 3226 τὴν
3374 3153 3506 3225 μίαν
3550 3154 3736 3224 φύσιν.

2141 3247 2357 3302 Παύλου
2399 3248 2500 3318 μὲν
2524 3247 2755 3316 ὁριξέτω
2781 3246 2874 3299 τὸν
2923 3245 3127 3318 δρόμον
3180 3248 3213 3316 ἡ
3259 3246 3324 3312 ἐξ
3379 3245 3742 3318 Ἰερουσαλὴμ

2145 3340 2307 3412 μέχρι
2330 3340 2633 3411 Ἱλλυρικοῦ
2661 3338 2858 3410 πορεία
2894 3353 2910 3370 ·
2957 3337 3136 3409 τούτῳ
3176 3337 3222 3390 δ’
3265 3337 3327 3402 ἐξ
3378 3337 3742 3410 Ἰερουσαλὴμ

2141 3435 2241 3488 ούκ
2269 3429 2474 3505 ἦρκται
2493 3432 2555 3485 τὸ
2580 3432 2868 3502 κήρυγμα,
2897 3429 3008 3484 οὐδ’
3037 3431 3116 3494 είς
3146 3433 3325 3484 έκεῖνο
3343 3433 3450 3503 γῆς
3481 3430 3635 3499 διέϐη
3676 3431 3743 3485 τὸ

2146 3528 2332 3598 μέρος.
2368 3523 2672 3594 Σκοπῶμεν
2696 3523 2755 3577 δὲ
2786 3525 2835 3578 εί
2874 3523 2963 3578 διὰ
2987 3523 3149 3576 τοῦτο
3177 3523 3401 3576 ἔλαττον
3431 3525 3510 3593 τῷ
3555 3523 3741 3592 Εὐαγ-

2141 3615 2310 3687 γελίῳ
2355 3615 2820 3686 συνεισενήνοχεν.
2869 3615 2931 3668 ’0
2986 3615 3085 3686 μὲν
3109 3611 3204 3668 οὖν
3242 3614 3343 3684 ὀψὲ
3388 3614 3483 3668 τοῦ
3537 3615 3742 3687 καιροῦ

2142 3709 2234 3762 τὸν
2287 3706 2454 3779 ζῆλον
2514 3706 2836 3778 μεταϐαλὼν
2891 3706 3020 3771 τοὺς
3067 3705 3308 3778 ὡραίους
3357 3707 3606 3778 καρποὺς
3658 3706 3744 3778 τῷ

2146 3803 2466 3875 κηρύγματι
2519 3801 2790 3866 δέδωκεν,
2840 3801 2871 3853 ὁ
2919 3800 2980 3853 δὲ
3049 3799 3249 3872 μικροῦ
3315 3800 3376 3866 ἐξ
3418 3800 3590 3870 αὐτῆς
3643 3800 3742 3853 τοῦ

2147 3896 2266 3967 βίου
2291 3893 2618 3966 ἀφετηρίας,
2678 3896 2730 3949 εί
2790 3893 2889 3948 καὶ
2931 3893 3161 3964 ὕστερον
3209 3893 3456 3962 ἐγεγόνει
3490 3893 3746 3965 ἐπιδηλό-

2143 4005 2320 4061 τερος.
2358 3987 2472 4042 Καὶ
2515 3989 2544 4041 ὁ
2580 3986 2680 4058 μὲν
2708 3987 2769 4039 οὑ
2815 3985 2952 4040 πολὺ
3023 3984 3302 4056 βραδύνων
3332 3982 3591 4038 καταλύει
3617 3985 3744 4037 στὸν

2144 4084 2366 4156 δρόμον,
2413 4081 2494 4153 τῷ
2511 4082 2568 4136 δὲ
2605 4081 2766 4152 μέχρι
2795 4081 2891 4134 καλ⁴
2926 4077 3285 4152 μακροτάτων
3309 4077 3457 4148 ζωῆς
3483 4076 3743 4146 περάτων

2146 4175 2474 4230 ἐκτείνεται.
2509 4173 2677 4226 Ὥστε
2703 4173 2772 4226 τὰ
2811 4171 3051 4225 ἐνταῦθα
3079 4170 3422 4242 ἑκατέρωθεν
3448 4171 3618 4241 ἄκρα,
3647 4169 3743 4222 ού-

2145 4265 2235 4319 δὲν
2295 4266 2459 4319 πλέον
2514 4264 2661 4335 ἔχειν
2709 4264 2904 4335 ἐκείνῳ
2941 4265 3269 4335 παραχωρεῖ
3335 4261 3436 4332 τὴν
3487 4261 3743 4333 πορείαν.

2146 4358 2359 4413 Ούκοῦν
2388 4357 2529 4411 ἔστω
2557 4359 2672 4420 ῐσος
2699 4359 2727 4410 ὀ
2759 4357 2934 4424 ἀγὼν,
2971 4355 3096 4410 ἐπεὶ
3124 4357 3219 4410 καὶ
3264 4355 3624 4427 παραπλησία
3651 4356 3744 4410 ἐπ’

2149 4451 2476 4521 ἀμφοτέρων
2505 4451 2539 4519 ἡ
2571 4447 2787 4520 γνώμη.
2825 4449 2988 4502 Ἀλλὰ
3015 4448 3123 4518 γὰρ
3150 4447 3234 4512 τίς
3257 4447 3401 4502 οὕτω
3429 4448 3744 4520 προύνοήθη

453 4551 552 4594 sus
581 4542 913 4597 extenditur.
947 4541 1140 4615 Itaque
1171 4545 1290 4601 haec
1319 4553 1506 4601 nostra
1543 4548 1805 4618 utrinque
1828 4563 2042 4605 summa

2149 4544 2258 4595 τῶν
2287 4543 2380 4596 ὑπ’
2410 4542 2599 4608 αὑτὸν,
2650 4542 2726 4605 ὡς
2772 4536 2927 4606 οὗτος
2987 4543 3246 4597 ἁπάντων
3288 4543 3437 4606 ὅσοις
3482 4542 3744 4614 προνοίας

451 4648 567 4689 non
617 4635 808 4690 sinunt
851 4636 1003 4691 illum
1058 4637 1517 4709 peregrinationis
1561 4642 1784 4698 nomine
1832 4642 2042 4713 primas

2146 4637 2373 4706 ἐδέησε;
2412 4635 2509 4698 Τίς
2561 4634 2684 4687 κατ’
2745 4635 2955 4688 ἐκεῖνον
3003 4634 3082 4705 τῷ
3130 4634 3394 4706 ἀπλάστῳ
3424 4634 3658 4705 ἐκέρασε
3678 4635 3745 4686 τὸ

452 4721 619 4779 ferre.
648 4723 755 4779 Par
779 4725 944 4796 igitur
975 4735 1252 4783 certamen
1282 4739 1402 4783 esto
1424 4730 1644 4800 quando
1669 4739 1724 4785 et
1751 4732 2042 4803 utriusque

2147 4732 2517 4803 ἀγχίστροφον
2559 4732 2694 4805 (21),
2729 4729 2807 4794 ὡς
2847 4730 2989 4803 μήτε
3039 4731 3158 4793 τοῖς
3202 4727 3594 4800 ἁπλουστέροις
3622 4728 3746 4791 δέος

451 4815 634 4871 simile
661 4817 932 4872 studium.
975 4818 1173 4875 Verum
1217 4821 1343 4892 quis
1372 4837 1612 4893 unquam
1640 4823 1716 4876 ita
1764 4823 2042 4880 consuluit

2147 4828 2400 4896 ἐμποιεῖν
2448 4824 2509 4879 τὸ
2558 4823 2844 4896 ἐμϐριθὲς,
2898 4824 3037 4894 μήτε
3071 4825 3184 4886 τοῖς
3211 4821 3535 4893 δεινοτέροις
3569 4837 3743 4873 κατα-

453 4907 556 4966 sibi
581 4911 871 4982 subjectis.
921 4923 980 4968 ut
1033 4915 1122 4970 ille
1149 4917 1397 4972 omnium
1424 4917 1520 4988 qui
1555 4932 1687 4972 cura
1722 4917 2042 4992 indigebant

2148 4920 2461 4990 φρονήσεως
2497 4917 2756 4971 ὑπόθεσιν
2784 4912 2925 4970 εἷναι
2950 4915 3011 4969 τὸ
3044 4913 3252 4969 ἁπλοῦν
3275 4931 3292 4981 ;
3320 4912 3418 4978 Τίς
3437 4913 3589 4970 οὕτω
3615 4911 3744 4981 φιλ-

1967 5032 2204 5090 NOT/E.

529 5121 638 5192 H7)
683 5123 871 5201 Simile
918 5125 1179 5201 quiddam
1211 5135 1306 5201 est
1333 5128 1479 5201 quod
1514 5127 1725 5185 Gallice
1775 5129 2039 5201 dicimus,

2220 5128 2334 5197 (20)
2365 5126 2732 5188 Alexandria.
2757 5141 2880 5195 qua
2921 5123 3166 5197 Ecclesia
3198 5139 3323 5197 cum
3356 5131 3413 5197 et
3443 5122 3743 5197 sanctitate

450 5191 656 5268 ἄορι-ηρ
685 5212 779 5268 sur
820 5194 892 5249 les
921 5191 1095 5265 doigls
1118 5199 1151 5250 ὰ
1185 5191 1492 5268 οαείᾳίιύη.

2148 5195 2364 5254 morum
2395 5208 2451 5253 et
2480 5197 2747 5251 doctrina:
2778 5211 2926 5250 sana:
2951 5196 3111 5264 copia
3145 5197 3200 5249 in
3232 5195 3424 5264 primis
3447 5195 3599 5247 orbis
3626 5203 3741 5248 ter-

523 5264 636 5339 (18)
681 5265 894 5322 Sensus
925 5264 1030 5322 εει(
1047 5264 1300 5339 sanctum
1322 5264 1620 5324 Nicolaum
1654 5270 1916 5339 injuriam
1957 5274 2042 5327 fa-

449 5334 727 5392 cientibus
771 5347 825 5389 ct
852 5338 1186 5406 patientibus
1214 5341 1588 5402 consuluisse,
1619 5334 1930 5398 studiosrus
1959 5353 2041 5398 ta-

449 5420 602 5486 me_n_
626 5407 907 5486 prioribus
938 5423 1193 5486 quorum
1224 5410 1604 5486 miserabilior
1637 5428 1782 5486 sors,
1837 5416 2042 5486 quippe

449 5478 544 5552 qui
570 5475 700 5531 dum
729 5475 967 5552 aliorum
991 5478 1228 5552 fortunis
1253 5492 1348 5535 aut
1369 5484 1700 5552 corporibus
1729 5475 2039 5539 incommo-

447 5547 790 5672 gant,lsttas
823 5551 933 5621 ipsi
959 5550 1176 5609 animas
1204 5547 1505 5608 lethalibus
1533 5553 1708 5624 plagis
1755 5563 2039 5613 transver-

488 5632 619 5672 eran
651 5658 666 5672 .
1762 5653 1765 5656 ν

522 5689 638 5758 (l9)
694 5690 851 5746 Haud
906 5690 1071 5746 dubie
1119 5691 1357 5750 Arianos
1411 5694 1713 5752 αἰνίττεται
1767 5699 2036 5754 adversus

449 5774 597 5842 quos
621 5761 965 5842 et_Nicolauis
992 5762 1340 5842 ἠρίστευσεν,
1384 5776 1576 5842 utpote
1617 5785 1764 5828 unus
1820 5786 1884 5827 ex
1921 5780 2034 5826 tre-

450 5833 632 5890 centis
668 5833 858 5892 decem
894 5841 950 5892 ct
979 5833 1106 5894 octo
1124 5835 1366 5895 Niczenis
1397 5833 1677 5897 Patribus.

2147 5286 2334 5325 rarum
2393 5284 2423 5322 a
2475 5269 2814 5337 temporibus
2846 5265 3166 5337 apostolicis
3192 5265 3492 5329 ﬂoruisset,
3527 5264 3739 5337 miran-

2147 5342 2278 5395 dum
2307 5351 2359 5392 et
2383 5335 2756 5393 miserandum
2788 5335 2891 5390 fuit
2921 5346 3031 5390 tam
3069 5335 3270 5391 {tedam
3300 5337 3552 5389 haeresim
3588 5335 3642 5389 in
3673 5348 3738 5390 ea

2148 5410 2510 5481 potissimum,
2544 5409 2813 5481 exsistere
2843 5447 2857 5471 ,
2888 5407 3132 5481 indeque
3167 5406 3237 5461 ad
3283 5405 3546 5460 Ecclesia:
3599 5421 3742 5476 pene

2150 5477 2323 5536 totius
2359 5479 2658 5549 perniciem
2691 5477 3024 5549 redundare.

2222 5545 2597 5621 (2t)'Simile
2659 5558 2744 5605 est
2800 5548 2936 5621 illud
3001 5546 3302 5621 Cle_mentis
3374 5545 3738 5621 Alexandrini

2149 5615 2246 5676 lib;
2281 5615 2354 5675 vit
2412 5621 2789 5675 Stromatum:
2844 5619 3007 5689 μίξας
3051 5615 3148 5672 οὖν
3191 5621 3261 5690 τῇ
3297 5619 3602 5688 περιστερᾷ
3634 5617 3742 5690 τὸν

2147 5693 2292 5761 ὄφιν,
2319 5700 2616 5761 serpentem
2636 5687 2882 5761 columba
2907 5691 3159 5755 miscens,
3199 5687 3302 5761 hoc
3342 5687 3453 5761 est
3485 5687 3742 5742 astutiam

2149 5758 2325 5824 illius,
2353 5758 2419 5817 ei
2453 5770 2729 5835 praecepto
2765 5759 2998 5832 Christi,
3026 5761 3194 5834 hujus
3223 5758 3578 5831 simplicitate
3608 5766 3747 5815 tem-

2149 5849 2392 5908 ρει-λιιι,-
