4086 6298
563 306 671 370 219

1829 309 2108 370 LEONIS
2126 306 2595 370 PHILOSOPHI

3760 307 3866 373 220

563 432 691 471 cum
724 416 843 471 auri
888 431 1104 473 summa
1155 424 1485 487 captataque
1512 418 1787 487 sapienter
1825 421 2157 490 opportuni-

2261 416 2809 489 παστάδαζγαμήλιον
2837 431 2851 448 ’
2894 419 2964 490 τῇ
3008 418 3108 490 μὲν
3148 417 3263 489 βίον
3313 418 3655 491 εὐσχήμονα,
3690 422 3869 497 ἐαυτῷ

558 520 671 567 tate
720 510 925 565 latendi
975 512 1107 565 dum
1160 509 1533 574 benefaceret,
1595 516 1654 566 in
1691 514 1883 567 miseri
1927 514 2158 568 domum

560 603 704 657 clam
741 602 1011 659 accedens
1045 602 1246 672 injicit.
1281 602 1486 657 Aderat
1534 617 1663 659 ecce
1708 603 1821 672 jam
1853 603 1974 661 dies
2000 603 2161 673 cujus

560 692 741 747 lucem
797 691 1005 748 infelici
1066 693 1210 762 patri
1257 692 1461 747 densas
1493 692 1548 747 in
1581 693 1839 748 tenebras
1876 695 2165 749 calamitas

558 783 976 851 commutabat;
1012 783 1190 844 donec
1220 783 1469 838 incidens
1497 784 1552 837 in
1585 785 1874 839 sacculum
1913 793 2032 838 tum
2060 784 2155 839 de-

561 872 865 931 mttm'vere
894 877 1041 932 diem
1068 876 1208 932 vidit
1267 892 1638 946 somnumque
1666 878 1832 933 simul
1881 886 1936 932 et
1962 876 2164 948 despe-

558 969 795 1025 rationis
825 969 1151 1039 vertiginem
1187 985 1253 1023 ac
1310 980 1602 1024 veternum
1655 968 1924 1037 excussit,
1959 970 2166 1039 unique

555 1076 590 1117 te
619 1060 842 1115 ﬁliabus
875 1061 1077 1115 lectum
1131 1061 1402 1131 genialem
1460 1061 1704 1125 sternit,
1756 1061 2044 1116 honestam
2088 1061 2164 1116 illi

558 1152 726 1205 vitam
754 1153 863 1208 sibi
894 1152 1203 1207 remedium
1260 1153 1389 1206 mali
1425 1154 1796 1207 constituens.
1823 1153 1896 1206 At
1922 1166 2163 1223 magnus

558 1242 841 1309 Nicolaus,
894 1244 1214 1316 intelligens
1273 1260 1438 1315 quam
1488 1246 1771 1313 sapienter
1824 1246 2011 1300 oblato
2056 1245 2161 1301 sibi

558 1337 706 1391 bono
733 1352 868 1391 usus
891 1345 1039 1391 esset
1073 1351 1282 1407 egenus
1312 1347 1485 1407 pater,
1524 1352 1874 1409 nequaquam
1908 1353 1975 1391 eo
2014 1338 2161 1407 quod

558 1427 671 1496 jam
697 1428 925 1484 dederat
979 1430 1366 1485 liberalitatem
1410 1427 1643 1486 deﬁnire
1678 1446 1835 1485 suam
1865 1430 2063 1495 voluit,
2106 1439 2162 1485 et

558 1520 767 1584 fontem
797 1520 1061 1575 obturare
1113 1521 1511 1576 misericordia:
1558 1530 1683 1591 post
1740 1523 1978 1594 primum
2007 1522 2164 1579 ciliu-

560 1624 712 1673 xum,
761 1624 941 1679 neque
983 1612 1331 1667 committere
1358 1654 1374 1676 ,
1414 1620 1478 1667 nt
1511 1614 1578 1668 ad
1610 1612 1991 1684 imperfectum
2023 1615 2165 1670 dun-

560 1708 714 1753 taxat
736 1700 997 1754 solatium
1044 1701 1285 1757 miseria:
1333 1718 1557 1757 manum
1590 1706 1910 1773 porrexisse
1942 1705 2161 1762 videre-

2266 510 2325 564 δὲ
2360 510 2661 580 φάρμακον
2695 510 3157 580 περιποιούμενος
3187 508 3286 565 τοῦ
3321 511 3519 567 κακοῦ.
3551 512 3741 579 οὕτως
3773 514 3867 572 οὖν

2267 599 2543 663 εὐϐούλως
2596 600 2689 655 τὸν
2736 599 2908 671 ἄνδρα
2961 602 3306 673 διῳκηκότα,
3363 603 3553 675 μαθὼν
3597 608 3627 659 ὁ
3692 609 3869 677 μέγας

2266 692 2556 756 Νικόλαος,
2611 694 2712 764 οὐχ
2766 693 2943 765 ὁρίζει
2997 693 3077 765 τῷ
3128 692 3399 765 φθάσαντι
3444 698 3545 770 τὴν
3575 698 3674 753 τοῦ
3712 701 3866 754 ἐλέου

2267 785 2474 854 πηγὴν,
2501 784 2613 837 οὐδ’
2650 786 2747 839 ἐπὶ
2778 788 3007 841 τοσοῦτο
3036 789 3399 859 παραμυθίας
3429 791 3701 847 έκτείνειν
3728 794 3867 865 ᾤετο

2267 877 2449 946 χεῖρα,
2502 875 2621 931 ἀλλ’
2657 878 2847 948 ὁμοίου
2911 879 3105 947 καιροῦ
3153 881 3292 952 πρὸς
3318 884 3420 953 τὴν
3457 885 3725 955 ἐργασίαν
3753 889 3867 959 (‘27)

2267 967 2586 1034 καλοῦντος,
2646 972 2794 1041 χειρὶ
2843 972 3210 1044 μεγαλοδώρῳ
3239 974 3317 1045 τῷ
3363 976 3623 1049 δωματίῳ
3653 980 3867 1050 σπείρει

2265 1061 2365 1129 τὴν
2394 1060 2719 1131 εὐεργεσίαν
2746 1062 2948 1117 λαθών.
2985 1064 3224 1134 Ἐπέστη
3254 1066 3621 1139 φαιδροτάτην
3656 1071 3864 1143 ἑαυτὴν
3890 1076 3893 1077 ⁷

2264 1153 2299 1221 ἠ
2358 1153 2545 1223 ἡμέρα
2601 1154 2945 1211 δεικνύουσα.
2976 1156 3086 1209 Καὶ
3116 1159 3192 1222 ὡς
3223 1155 3334 1212 εἶδε
3379 1163 3689 1233 παράδοξον
3715 1168 3867 1239 αὑτῷ

2266 1246 2653 1316 καρποφορίαν
2696 1247 2788 1299 τὸν
2842 1248 3087 1301 οἰκίσκον
3133 1250 3522 1320 βλαστάνοντα,
3566 1258 3649 1319 εὶς
3690 1259 3869 1327 χαρὰν

2265 1333 2445 1405 διῄρει
2479 1340 2573 1390 καὶ
2615 1336 2831 1409 δάκρυα
2872 1339 2972 1412 τὴν
2999 1340 3202 1412 ψυχὴν,
3228 1343 3315 1412 ἐφ’
3345 1338 3427 1409 οἷς
3447 1346 3548 1399 οὐκ
3579 1343 3696 1418 εἶχε
3741 1366 3868 1403 συν-

2271 1427 2410 1479 ιέναι
2432 1428 2525 1481 τὸν
2559 1429 2885 1502 εὐεργέτην,
2907 1432 3003 1486 τοῦ
3033 1433 3295 1499 ἁνιῶντος
3329 1432 3864 1505 καταλαμϐάνοντος.

2270 1517 2461 1586 Ὅμως
2484 1518 2565 1583 δὲ,
2586 1520 2683 1573 καὶ
2714 1518 2922 1594 θατέρᾳ
2954 1522 3062 1576 τῶν
3089 1524 3296 1578 παίδων
3343 1527 3517 1596 (τρεῖς
3543 1527 3591 1580 δ’
3634 1524 3779 1600 ἦσαν
3810 1530 3867 1583 αἱ

2277 1610 2452 1661 πᾶσαι
2481 1609 2679 1680 αὐτῷ),
2745 1613 2802 1665 σί
2848 1613 3217 1680 νυμφοστόλοι
3256 1614 3525 1687 μέριμναι
3552 1617 3861 1689 διηκόνουν.

2281 1700 2444 1754 Ἀλλὰ
2472 1701 2583 1772 γάρ
2610 1704 2712 1757 οὐκ
2744 1704 2824 1758 ἔτι
2846 1704 2959 1757 δεῖν
3003 1703 3391 1776 ὑπελάμϐανεν
3415 1702 3564 1781 ᾗπερ
3597 1708 3695 1762 καί⁵
3732 1710 3867 1779 πρό-

560 1798 673 1842 tur.
708 1786 912 1843 Verum
946 1791 1115 1846 simili
1148 1790 1261 1861 jam
1314 1799 1562 1862 tempore
1590 1767 1676 1847 'ad
1719 1793 1902 1849 simile
1946 1795 2156 1850 iterum

2265 1810 2447 1865 τερον,
2585 1795 2886 1866 δαμάζοντι
2939 1792 3092 1864 ὕπνῳ
3131 1767 3261 1861 τοὺς
3292 1767 3612 1869 ὀφθάλμοὺς
3637 1767 3865 1870 ἐπιτρέ-

493 1885 495 1887 ’
560 1894 707 1949 opus
740 1891 997 1947 vocante,
1052 1882 1318 1938 muniﬁca
1368 1899 1569 1941 rursus
1613 1900 1783 1939 manu
1831 1885 2156 1946 beneﬁcium

561 1973 707 2027 intra
766 1973 1162 2028 domunculam
1223 1976 1480 2032 occultus
1521 1976 1770 2047 spargit.
1827 1974 2160 2048 Snpcrvenit

560 2066 900 2121 scrcniorem
929 2067 1095 2122 solito
1128 2082 1188 2123 se
1212 2070 1331 2124 dies
1359 2070 1652 2125 exhibens.
1682 2071 1763 2127 Ad
1796 2072 1956 2143 cujus
1981 2073 2159 2126 lucem

563 2166 623 2211 ut
652 2158 803 2212 videt
829 2157 1069 2213 mirabili
1099 2161 1204 2216 sibi
1232 2162 1436 2216 adorea
1463 2162 1701 2219 fertilem
1734 2163 1986 2232 domum,
2029 2167 2155 2221 ani—

560 2241 705 2302 mam
750 2249 805 2301 in
850 2250 1113 2319 gaudium
1147 2251 1335 2307 divisit
1366 2261 1421 2307 et
1468 2254 1766 2325 lacrymas,
1793 2258 1939 2327 quod
1970 2270 2163 2313 aucto-

568 2353 683 2393 rem
716 2340 969 2393 beneﬁcii
1006 2356 1171 2397 nosse
1217 2358 1328 2396 non
1359 2353 1547 2414 posset
1578 2348 1804 2402 maerori
1835 2363 1898 2403 se
1930 2348 2160 2405 dedens.

563 2429 771 2485 Tamen
819 2431 977 2485 alteri
1026 2433 1258 2487 ﬁliarum
1295 2436 1432 2505 (tres
1479 2448 1662 2491 autem
1715 2441 1944 2494 omnino
1978 2442 2160 2509 erant)

558 2521 881 2590 eonjugium
917 2526 1306 2594 nuptialesque
1335 2536 1568 2583 ornatus
1593 2532 2023 2585 accnrabantur.
2052 2532 2160 2587 Sed

553 2613 669 2683 jam
715 2614 1027 2667 faciendum
1059 2616 1164 2669 sibi
1199 2618 1439 2688 amplius
1476 2636 1586 2674 non
1634 2624 1852 2691 putavit
1882 2625 2158 2692 quemad-

562 2706 782 2761 modum
843 2716 1003 2762 antca
1071 2716 1129 2761 ut
1197 2708 1507 2766 domandos
1561 2728 1757 2767 somno
1810 2716 2160 2783 permitteret

559 2799 786 2864 oculos;
862 2816 1054 2854 verum
1126 2803 1390 2857 excubias
1451 2805 1689 2874 agendas
1719 2807 2162 2861 observandum-

560 2903 669 2960 que
736 2900 953 2960 tempus
1022 2906 1135 2959 quo
1208 2892 1367 2949 dotes
1415 2894 1636 2951 ﬁliabus
1698 2903 2161 2955 numerabantur.

557 2981 698 3038 Nam
790 2983 916 3037 ﬁliae
987 2999 1210 3056 quoque
1298 2986 1378 3041 illi
1468 2989 1565 3043 nni
1625 2991 1852 3061 reliqum
1928 3004 2163 3047 ventura

558 3074 835 3143 sponsalia
895 3075 950 3129 in
996 3092 1148 3147 spem
1200 3087 1470 3133 venerat:
1505 3081 1574 3135 de
1629 3081 1819 3137 fnturo
1892 3100 1955 3139 ex
2020 3103 2160 3155 prae-
2191 3117 2234 3174 α

559 3165 742 3221 teritis
780 3167 1162 3238 conjecturam
1227 3186 1477 3227 sumens.
1533 3172 1725 3243 Neque
1779 3192 1877 3246 spe
1930 3193 2031 3234 sua
2078 3189 2163 3235 est

561 3257 854 3329 deceptus.
916 3261 1042 3315 Alta
1113 3277 1309 3320 rursus
1380 3264 1824 3337 intempestaque
1889 3280 2163 3337 nox,tet

570 3350 643 3405 ad
732 3361 1033 3427 sementem
1105 3352 1417 3410 faciendam
1492 3357 1802 3413 caelestium
1881 3362 2158 3432 seminum

559 3424 805 3509 agricola
834 3453 1204 3510 processerat.
1232 3444 1343 3499 Nec
1381 3446 1544 3502 facile
1582 3447 1689 3504 fuit
1714 3450 1888 3506 latere
1914 3454 2156 3522 amplius

560 3533 717 3602 pium
786 3534 1196 3593 insidiatorem.
1256 3536 1327 3593 Ut
1355 3540 1501 3595 enim
1548 3543 1759 3614 jactum
1792 3554 1877 3600 est
1937 3561 2159 3614 aurum,

559 3640 729 3695 quam
757 3628 1048 3684 celerrime
1074 3633 1267 3700 potuit
1286 3634 1549 3692 exsiliens
1615 3637 1701 3692 vir
1754 3639 2153 3697 clancularium

556 3726 796 3786 occupat
836 3718 1154 3790 largitorem
1188 3737 1255 3778 ac
1309 3726 1553 3795 seipsum
1601 3726 1825 3797 quidem
1872 3730 1928 3785 in
1974 3733 2155 3787 solum

558 3808 774 3878 abiicit,
809 3812 1179 3884 lacrymisque
1211 3816 1599 3886 pedesvabluit
1645 3835 1742 3877 eos
1773 3837 1804 3876 a
1835 3824 2038 3893 quibus
2068 3824 2159 3882 ille

2262 1901 2411 1950 πειν,
2460 1887 2758 1956 φυλάττειν
2784 1887 2841 1941 δὲ
2871 1888 2969 1942 καὶ
2998 1888 3162 1942 αὐτὸν
3197 1890 3494 1959 ἀντέχοντα
3523 1890 3618 1943 τὸν
3648 1892 3865 1964 καιρὸν,

2266 1977 2326 2041 ὃς
2363 1980 2487 2042 ταῖς
2560 1980 2867 2052 θυγατράσι
2920 1984 3305 2053 προικοφορετ.
3392 1983 3709 2039 Ἐπεποίθει
3758 1986 3868 2058 γὰρ

2260 2067 2416 2139 ἥξειν
2446 2068 2515 2124 τὰ
2542 2068 2666 2123 ἕδνα
2708 2072 2787 2141 τῷ
2816 2072 3121 2145 θυγατρίῳ,
3162 2077 3292 2145 περὶ
3322 2073 3434 2126 τῶν
3466 2071 3625 2129 οὔπω
3663 2078 3869 2148 παρόνο

2262 2178 2373 2215 των
2404 2162 2733 2233 συμϐάλλων
2757 2167 2822 2218 ἐκ
2852 2165 2961 2219 τῶν
2983 2166 3331 2235 φθασάντων.
3355 2165 3467 2221 Καὶ
3491 2168 3594 2222 οὐκ
3619 2169 3865 2242 ἐψεύσθη

2263 2270 2327 2321 γε
2366 2253 2476 2308 τῶν
2500 2255 2754 2311 ἐλπίδων.
2791 2257 2966 2313 Πάλιν
2996 2258 3193 2325 νύκτες
3226 2261 3323 2313 καὶ⁵
3353 2259 3557 2332 άώρία,
3588 2262 3687 2317 καὶ
3722 2263 3865 2335 πρὸς

2263 2344 2573 2417 καταϐολὴν
2600 2346 2630 2398 ὁ
2664 2348 2906 2417 ἐργάτης
2926 2348 3039 2402 τῶν
3068 2350 3342 2422 οὐρανίων
3390 2353 3559 2425 ἀπῄει
3613 2355 3869 2425 σπερμά-

2262 2455 2393 2490 των.
2441 2437 2582 2490 Ἀλλ’
2616 2440 2718 2493 ούκ
2741 2435 2812 2511 ἦν
2833 2439 3069 2513 εὔπορον
3110 2443 3193 2496 ἔτι
3248 2443 3432 2498 λαθεῖν
3460 2445 3554 2500 τὸν
3579 2447 3867 2516 εὐγνωμο-

2264 2530 2403 2603 σύνῃ
2423 2530 2671 2601 λοχῶντά
2700 2548 2713 2562 ·
2759 2531 2836 2595 ὡς
2894 2534 3005 2606 γὰρ
3042 2534 3104 2587 τὸ
3118 2536 3340 2607 χρυσίον
3377 2536 3628 2609 ἔρριπτο,
3649 2539 3726 2603 ὡς
3753 2536 3867 2611 εἶχε

2244 2624 2463 2692 ’τάχους
2520 2624 2879 2696 ἀναπηδήσας
2929 2630 2958 2679 ὁ
3004 2627 3144 2699 ἀνὴρ
3188 2627 3382 2697 φθάνει
3436 2630 3530 2682 τὸν
3572 2633 3632 2684 ἐν
3679 2634 3867 2704 κρυφῇ

2265 2715 2610 2769 ὑπατεύοντα
2654 2718 2790 2788 (28),
2821 2720 2917 2771 καὶ
2966 2720 3152 2791 ῥίπτει
3200 2721 3300 2793 μὲν
3329 2724 3409 2786 είς
3435 2721 3704 2792 τοῦδαφος
3738 2727 3870 2778 ἑαυ-

2265 2808 2378 2871 τὸν,
2431 2810 2664 2881 δάκρυσι
2690 2812 2748 2864 δὲ
2806 2813 2997 2868 πλύνει
3042 2817 3170 2877 τοὺς
3215 2817 3403 2881 πόδας,
3445 2819 3512 2872 δι’
3550 2813 3625 2872 ὧν
3656 2823 3866 2883 ἐκεῖνος

2268 2900 2469 2969 μικροῦ
2500 2904 2833 2957 καταπεσὼν
2863 2907 2942 2968 είς
2977 2906 3255 2978 βάραθρον
3272 2909 3549 2974 ἀπωλείας
3579 2912 3674 2964 ἐπὶ
3700 2912 3868 2974 πόδας

2266 2991 2399 3063 ἔστη
2425 2993 2526 3063 τῆς
2560 2996 2858 3068 σωτηρίας.
2907 2998 2967 3051 '0
2988 3000 3045 3052 δὲ
3076 3001 3319 3072 ἠρυθρία
3346 3001 3535 3073 ὥσπερ
3559 3004 3651 3055 ἐπί
3677 3021 3732 3057 τι
3755 3004 3869 3057 τῶν

2266 3085 2525 3139 τοιούτων
2552 3090 2963 3161 καταληφθεὶς,
2997 3092 3095 3146 καὶ
3152 3090 3405 3165 κατέχειν
3457 3098 3516 3149 ἐν
3567 3099 3869 3170 ἀπορρήτῳ

2266 3180 2460 3245 ἐδεῖτο,
2521 3182 2642 3251 μηδ’
2668 3183 2749 3247 είς
2778 3184 3004 3254 ἐτέρους
3049 3184 3113 3237 τὸ
3155 3187 3553 3258 πεπραγμένον
3584 3189 3863 3260 ἐκφέρειν.

2266 3266 2394 3342 Ἆρ’
2426 3268 2519 3326 οὖν
2555 3274 2735 3343 ὀλίγον
2758 3276 3181 3347 τεκμηριῶσαι;
3212 3280 3247 3349 ἢ
3281 3279 3433 3334 ἔστιν
3465 3275 3576 3351 ᾧγε
3605 3288 3869 3355 παρεῖται

2269 3363 2405 3433 πρὸς
2440 3365 2607 3419 αὐτὸν
2670 3368 3038 3437 ἁμιλλᾶσθαι;
3094 3369 3293 3425 οὔκουν
3331 3374 3439 3427 οὐδ’
3475 3375 3666 3443 ἐγγύς.
3705 3377 3869 3430 Ἀλλὰ

2264 3455 2426 3509 τοῦτο
2451 3457 2551 3527 μὲν
2580 3457 2638 3509 ἓν
2664 3461 2730 3511 ἐκ
2765 3460 2981 3513 πολλῶν
3004 3459 3115 3515 τῶν
3146 3463 3358 3517 ἐκείνου
3399 3465 3507 3536 πρὸ
3544 3466 3641 3519 τοῦ
3670 3471 3865 3538 ἀρχιε-

2270 3550 2408 3618 ρέως
2430 3551 2634 3605 κείσθω
2697 3552 3080 3623 διηγημάτων,
3134 3555 3201 3608 ἵν’
3249 3557 3485 3629 εἰδῶμεν
3518 3559 3595 3624 ὡς
3628 3561 3726 3613 καὶ
3758 3561 3867 3631 πρὸ

2268 3646 2636 3715 ποιμαντικῆς
2666 3647 2994 3712 ἐπιστασίας
3041 3649 3075 3719 ἡ
3103 3651 3332 3720 ποιμέσι
3368 3652 3705 3724 διαφέρουσα
3732 3656 3863 3710 τοῦ·

2264 3756 2359 3793 τον
2392 3737 2508 3811 εῖχε
2538 3742 2804 3816 μέριμνα.
2834 3744 2903 3799 Εἴ
2924 3762 2988 3813 γε
3017 3748 3298 3817 ποιμένων
3330 3749 3493 3820 ἔργον
3524 3750 3746 3815 σώζειν,
3768 3753 3865 3806 καὶ

2272 3834 2348 3905 μὴ
2370 3839 2496 3900 τοὺς
2523 3836 2685 3890 τοῦτο
2726 3838 2923 3893 παθεῖν
2952 3840 3365 3907 κινδυνεύοντας
3394 3844 3659 3899 ὀλωλέναι
3702 3863 3863 3919 περι-

2091 3924 2331 3984 ΝΟΤᾹΣ.

561 4000 669 4056 sibi
706 4017 864 4080 _v_cro
910 4019 1077 4075 grave
1132 4007 1364 4073 srilicet,
1407 4011 1612 4065 vulnus
1651 4012 1944 4080 inflixerat,
1978 4018 2154 4075 donec

558 4073 718 4154 quasi
746 4073 883 4131 deus
919 4073 1011 4155 ἐκ
1055 4080 1311 4159 machina
1372 4073 2155 4159 liberalitas‘Nicolaipucllae

559 4146 881 4217 reStitncret
909 4147 1104 4209 vitam,
1137 4151 1280 4217 patri
1312 4151 1645 4207 medicinam
1666 4153 1905 4212 faceret.

633 4214 747 4337 φῖ)
789 4217 1055 4286 Ἐργασία
1089 4214 1178 4273 est
1231 4221 1319 4275 hic
1349 4222 1719 4295 eleemosyna.
1755 4227 2151 4287 Ecclesiastice
2200 4259 2206 4263 -

633 4284 778 4337 licet
829 4286 1017 4337 notius
1066 4304 1233 4337 rinam
1266 4291 1465 4337 Anim-
1523 4293 1833 4337 Cvnriannc
1907 4308 1960 4337 ιιι
2018 4302 2154 4337 alin:

560 4284 778 4364 scilicet
829 4284 1017 4364 potius
1066 4304 1233 4364 quam
1263 4291 1465 4347 Attice.
1523 4284 1856 4364 Cy'prianus,
1906 4308 1965 4352 ut
2017 4284 2157 4358 alios

562 4363 801 4431 taceam,
830 4358 1036 4431 passim
1064 4374 1191 4413 cum
1222 4362 1409 4431 largiri
1438 4358 1831 4422 mise'ricordize
1846 4358 2022 4426 causa
2073 4375 2153 4427 si-

561 4424 1233 4506 gniﬁcare‘vulthuperari
1292 4424 1447 4495 dicit,
1489 4443 1563 4506 et,
1598 4424 1979 4506 operationem
2038 4424 2149 4498 ele—

561 4511 901 4573 emosynam.
1092 4503 1288 4573 pagina
1354 4499 1683 4573 przeceden'ti
1717 4546 1733 4571 ,
1783 4517 1839 4563 et
1893 4527 1961 4566 ex
2018 4527 2145 4567 mox

562 4571 1116 4649 secutura_intelligi
1176 4571 1365 4649 potest
1420 4576 1567 4631 unde
1640 4588 1925 4649 repetatur
1977 4592 2152 4638 meta-

561 4636 781 4720 phora;
810 4636 1202 4720 ni_u_iirum'_ei_
1244 4643 1462 4720 jactura
1516 4636 1800 4714 semeniis,
1858 4636 2055 4720 quami
2088 4662 2151 4708 ut

560 4707 803 4791 agricola
862 4710 1041 4791 libens
1098 4707 1583 4791 facit'hlandiente
1609 4707 1898 4776 verisimili
1927 4738 2026 4791 spe
2059 4740 2152 4780 re-

560 4778 830 4858 cipieudm
858 4781 1031 4858 ιρι-εἰς
1060 4798 1185 4858 cum
1230 4788 1455 4858 cumulo
1503 4791 1863 4858 centuplicati
1892 4778 2146 4849 fenoris:

564 4848 636 4901 ita
665 4847 841 4936 ﬁdelis
879 4849 976 4936 Dei
1003 4853 1298 4936 promissis
1330 4872 1631 4936 persuasus
1660 4847 1875 4930 prolixe
1912 4847 2150 4936 largitur

560 4919 872 4998 egentibus,
906 4919 1042 4977 nihil
1074 4919 1495 4998 dubitans-quin
1530 4931 1600 4985 ab
1660 4919 1858 4987 'eorum
1894 4919 2155 4992 curatore

560 4992 771 5069 centies
788 4993 963 5069 .plura
992 5004 1319 5069 recepturus
1352 4992 1444 5053 sit.
1476 4997 1753 5069 ltaquein
1783 5002 1892 5060 isto
1923 5020 2025 5060 usu
2054 5022 2152 5062 ec-

560 5059 874 5141 clesiastico
908 5059 1374 5141 verbi,_'operari,
1422 5086 1524 5141 pro
1557 5059 1863 5141 largiendo,
1929 5059 2152 5133 schema

560 5131 759 5199 duplex
787 5131 1198 5203 agnoscendum
1251 5131 1368 5195 est.
1418 5131 1669 5196 Primum
1715 5131 1862 5199 enim
1920 5131 2149 5202 verbum

559 5215 851 5258 commune
877 5206 1135 5282 omnibus
1152 5209 1251 5277 τῆς
1279 5213 1555 5281 γεωργίας
1580 5214 1870 5282 speciebus
1891 5218 1959 5271 ad
1985 5233 2153 5273 unam

559 5285 679 5355 eam
710 5290 880 5355 quam
915 5275 1027 5355 dixi
1076 5275 1730 5355 restringitur'semehtis
1760 5289 2150 5355 sparsionem;

559 5343 756 5426 deinde
784 5345 894 5426 ista
933 5346 1055 5417 ipsa
1100 5350 1167 5426 ad
1198 5343 1609 5426 eleeuiosynam
1638 5343 2041 5426 tlesig'nandant
2072 5343 2154 5413 al:

562 5414 799 5496 legorice
827 5414 1305 5496 accommodatur.
1328 5414 1515 5492 Neque
1543 5440 1676 5496 vero
1703 5414 1950 5496 opinatio
1972 5430 2153 5484 solum

559 5484 932 5564 eleemosyna,
971 5489 1260 5564 _sed_etiam
1302 5484 1441 5564 Opus
1474 5494 1699 5551 dicitur.
1732 5484 2043 5555 Eucherius
2083 5500 2153 5554 ad

566 5552 923 5642 Valerianum
953 5559 1021 5641 de
1054 5561 1287 5642 Paulino
1339 5552 1421 5642 ait
1447 5582 1575 5642 eum
1613 5552 1935 5642 tresuorbis
1958 5552 2152 5642 partes

562 5627 957 5707 {bishoperibus
988 5632 1324 5703 implevisse.
1380 5635 1500 5690 Non
1532 5638 1599 5691 de
1636 5638 1789 5694 libris
1822 5627 1986 5707 dixit:
2025 5658 2151 5695 cum

564 5696 798 5782 lfanliuo
830 5703 964 5758 satis
1002 5696 1221 5782 constet
1264 5721 1375 5760 non
1436 5707 1755 5765 facultatem
1793 5696 2016 5782 quidem
2058 5722 2156 5765 aut

569 5767 903 5839 docti-inani,
923 5772 1030 5829 'sed
1070 5776 1311 5832 studium
1340 5788 1495 5836 certe
1522 5793 1585 5834 ac
1615 5767 1953 5840 voluntatem
1981 5784 2152 5839 multa

2262 4027 2541 4082 scribendi
2600 4026 2888 4094 defuisse;
2921 4030 3183 4085 nimirum
3237 4032 3445 4088 homini
3503 4042 3618 4089 tota
3651 4037 3763 4091 vita
3806 4038 3859 4093 id

2261 4112 2425 4177 agere
2482 4110 2769 4177 comperto
2798 4100 3323 4177 ut_splei_nlidi_ssimi
3385 4106 3567 4164 lumen
3626 4107 3858 4177 ingenii,

2261 4170 2548 4251 modestia":
2602 4171 2945 4251 (evangelice
3003 4172 3073 4226 de
3128 4173 3251 4227 viro
3283 4178 3603 4251 apostolico
3650 4170 3859 4251 dicam)

2257 4240 2446 4313 modio
2477 4251 2769 4309 premeret.
2833 4241 3013 4310 Opera
3040 4258 3171 4313 ergo
3204 4240 3405 4313 quibus
3434 4247 3626 4301 orbem
3661 4240 3860 4313 imple-'-

2256 4312 2334 4363 vit
2355 4310 2717 4383 el_eemosyna:
2744 4319 2901 4383 sunt,
2926 4326 3065 4381 quas
3089 4310 3510 4383 cupieslssimas
3544 4335 3649 4371 non
3674 4310 3857 4377 solum

2256 4394 2354 4455 per
2386 4380 2658 4455 Europam
2695 4380 2980 4452 αὐτοχειρὶ
3012 4380 3273 4452 profusas
3320 4404 3347 4438 a
3379 4386 3612 4442 Paulino
3645 4388 3845 4455 fuisse,

2178 4471 2223 4528 Β
2261 4452 2358 4505 sed
2382 4451 2547 4531 c‘tiaiu
2578 4466 2675 4531 per
2698 4460 2883 4531 certos
2926 4451 3182 4531 humines
3207 4457 3475 4531 in_Asiam
3514 4469 3680 4527 atque
3704 4451 3856 4515 Alri-

2259 4535 2380 4575 cam
2407 4521 2718 4602 largissime
2746 4524 2948 4578 missas
2980 4523 3221 4581 Uranius
3249 4527 3515 4583 Actorum
3550 4521 3671 4602 ejus
3701 4536 3849 4587 scri-

2256 4600 2384 4665 ptor
2398 4592 2645 4665 diserte
2660 4601 2865 4647 testatu
2878 4609 2925 4646 r.
3448 4660 3450 4665 ν

2328 4661 2440 4745 (28).
2477 4661 2594 4717 Mos
2626 4662 2731 4745 fuit
2775 4678 2953 4745 usque
2985 4666 3055 4719 ab
3089 4673 3274 4745 aureis
3304 4661 3570 4745 Romanae
3604 4674 3854 4745 magniﬁ-

2254 4736 2451 4787 centia:
2481 4734 2819 4801 temporibus
2840 4736 3003 4790 etiam
3038 4740 3103 4791 ad
3141 4740 3243 4794 ista
3280 4742 3470 4796 ultima
3505 4734 3853 4801 senescimus

2255 4802 2472 4880 imperii
2531 4802 3017 4880 Constantiimpoli
3073 4824 3299 4880 quoque
3348 4814 3710 4869 continuatus
3786 4828 3848 4870 nt

2254 4873 2504 4954 Caesares
2535 4884 2629 4954 aut
2659 4873 3015 4954 magistratus
3064 4873 3368 4947 praesertim
3419 4885 3680 4940 consules
3708 4901 3851 4954 quos

2256 4944 2501 5004 ὑπάτους
2552 4944 2732 4998 (ἔτωοί
2762 4945 2971 5012 dicunt,
3031 4944 3310 5016 nummos,
3371 4954 3646 5008 interdum
3682 4944 3849 5011 etiam

2255 5024 2611 5093 gemmaset,
2645 5023 2705 5068 ut
2754 5016 3033 5093 Martialis,
3058 5022 3223 5076 habet
3253 5023 3440 5093 Epigr.
3483 5026 3572 5089 78,
3597 5027 3692 5079 lib.
3724 5044 3847 5092 vui,

2257 5086 2436 5164 lineas
2498 5086 2720 5164 divites,
2777 5100 2841 5164 ac
2892 5090 3105 5164 similes
3138 5086 3391 5164 rapinas
3444 5097 3497 5149 in
3534 5086 3847 5152 oonfertani

2256 5157 2670 5210 multitudinem
2700 5158 2869 5212 certis
2907 5160 3105 5216 diebus
3137 5157 3390 5218 ludbrum
3423 5176 3518 5220 aut
3548 5169 3724 5223 initiis
3755 5173 3853 5222 lm-

2256 5241 2455 5307 nor_um
2488 5239 2840 5307 spargerent.
2890 5230 3024 5307 Qua:
3056 5233 3290 5307 missilia
3336 5236 3850 5307 ConstantinOpoli-

2256 5297 2405 5369 tanis
2423 5299 2792 5369 scriptoribus
2818 5304 3024 5368 passim
3054 5303 3258 5359 ύπάτια
3296 5307 3578 5369 dicuntur,
3599 5297 3850 5365 Ced'rcno

2257 5367 2535 5421 ὑπατεῖαι.
2589 5367 2747 5445 Unde
2797 5367 2885 5424 est
2943 5374 3033 5427 hic
3074 5380 3303 5431 verbum
3348 5367 3663 5445 ὑπατεύειν,
3704 5382 3848 5437 dena

2257 5453 2519 5513 spargere
2542 5440 2836 5513 consulum
2886 5457 3060 5499 more.
3096 5446 3255 5513 Quod
3293 5459 3473 5504 autem
3501 5450 3555 5504 id
3587 5440 3849 5508 consules

2259 5510 2325 5582 in
2356 5509 2589 5582 theatris
2614 5519 2669 5565 et
2701 5516 2961 5582 panegyri
2996 5509 3245 5577 facerent
3275 5519 3462 5572 statim
3503 5521 3591 5573 hic
3621 5523 3849 5577 additur

2262 5579 2330 5632 ad
2362 5579 2729 5657 differentiam
2757 5582 2816 5633 ἑν
2849 5579 3064 5657 κρυφῇ.
3101 5586 3222 5643 Non
3253 5591 3397 5643 enim
3422 5591 3489 5645 ad
3520 5595 3847 5647 ostentatio-

2259 5665 2383 5704 nem
2416 5653 2537 5704 luce
2571 5652 2775 5726 palam,
2802 5652 2903 5709 sed
2933 5652 3170 5726 captatis
3198 5661 3266 5715 ad
3303 5661 3701 5716 misericordia:
3738 5669 3844 5719 ob-

2257 5728 2467 5806 teutum
2498 5723 2744 5806 noctium
2778 5723 3025 5783 tenebris
3062 5730 3328 5787 Nicolaus
3358 5732 3722 5806 largiebatur,
3746 5733 3846 5796 Dei

2258 5792 2433 5851 solius
2457 5793 2689 5849 arbitrio
2710 5806 3025 5855 contentus.
