4086 6298
292 253 393 315 221

1081 257 1368 318 ORATIO
1403 257 1590 322 XVII.
1633 283 1703 296 -
1743 258 1827 320 IN
1855 259 1913 320 S.
1945 259 2347 322 NICOLAUM
2381 261 2824 323 MYRENSEM.

3482 259 3594 325 222

290 367 446 438 ορᾷν.
475 367 548 421 Ἢ
584 368 697 440 γάρ
746 368 935 439 ὀλίγης
970 370 1118 434 τινδς
1167 371 1445 435 ἀπωλείας
1490 366 1587 434 ὃῦς
1636 372 1704 444 δὴ
1757 372 1896 443 ἔφην

2002 373 2058 428 iu
2108 374 2442 445 perditionis
2490 373 2807 428 barathrum
2843 388 2982 445 pene
3012 372 3124 442 jam
3178 373 3366 444 lapsus
3391 373 3446 430 in
3480 387 3598 430 sta-

290 459 415 527 ἄρτι
440 457 744 526 ὲξέσωσεν;
780 462 814 532 ἦ
871 464 963 514 τὸν
1011 464 1244 534 τυχόντα
1276 464 1680 535 ὲπῃωρημένον
1710 464 1895 527 αὐτοῖς

290 549 537 622 κίνδυνον
581 553 910 608 καταλαὸὼν
938 556 1169 626 ἀνέσχε;
1197 556 1288 609 καὶ
1307 557 1388 619 τίς
1410 555 1475 610 ἂν
1505 556 1663 619 ἄλλος
1691 555 1895 626 μείζων

1998 475 2114 520 tum
2143 466 2340 522 salutis
2363 473 2582 522 erectus
2603 465 2815 522 fuerat.
2847 464 3049 521 Noster
3081 475 3264 521 autem
3291 468 3596 522 erubesce-

1999 557 2095 612 bat
2135 565 2400 626 tanquam
2431 558 2489 612 in
2522 557 2785 627 pudendo
2812 557 3058 612 facinore
3081 557 3498 627 deprehensus:
3532 571 3598 612 ac

287 643 481 716 ὀφθείη
511 662 526 711 ;
572 647 668 701 Ἐκ
696 649 760 721 δὴ
794 649 889 703 τοῦ
923 651 1020 705 νῦν
1067 650 1387 720 εἰρημένου,
1421 651 1471 702 εί
1503 651 1596 703 καὶ
1635 651 1895 720 παρῆκα-

2000 661 2111 700 rem
2145 644 2556 700 obstestabatur
2586 655 2648 699 ut
2688 645 2913 700 silentio
2952 655 3193 715 tegeret;
3227 661 3405 714 neque
3443 645 3594 716 quod

290 750 392 804 μεν
438 737 512 788 τά
540 736 729 804 λοιπὰ,
759 741 1030 809 πάρεστιν
1059 739 1304 812 ὡσπερεὶ
1341 739 1539 806 τύπου,
1573 738 1893 808 λογίζεσθαι

2000 747 2210 809 gestum
2232 745 2352 790 erat
2375 736 2444 792 ad
2469 737 2704 791 aliorum
2720 738 3122 792 conscientiam
3158 739 3368 792 sineret
3402 752 3596 808 serpe-

288 826 384 879 καὶ
420 825 457 880 ἂ
486 831 768 900 παρεῖται.
1187 848 1192 853 ·

2000 845 2078 884 re.
2099 828 2488 899 Nunquidnam
2522 829 2626 883 hoc
2660 830 2937 884 mediocre
2969 831 3246 899 specimen
3267 830 3483 885 virtutis
3512 838 3600 884 est

285 921 352 975 ad
375 924 751 995 conjecturam
778 926 846 982 de
869 936 1065 982 caetera
1082 931 1188 983 viri
1221 929 1383 983 laude
1418 926 1724 982 faciendam
1746 925 1866 978 ?An
1908 924 2241 978 veroestcui
2264 922 2430 977 libeat
2467 923 2521 975 in
2547 921 2837 990 dignitatis
2884 923 3295 978 contentionem
3337 922 3596 989 cumipso

284 1016 514 1073 venire?
542 1019 652 1074 imo
678 1036 747 1075 ne
774 1036 942 1091 prOpe
960 1023 1180 1092 quidem
1215 1021 1493 1077 accedere.
1517 1019 1583 1073 Et
1614 1019 1728 1074 haec
1756 1017 1977 1088 quidem
2015 1030 2123 1070 una
2192 1015 2262 1071 de
2339 1015 2530 1069 multis
2581 1031 2707 1084 qua:
2757 1025 2886 1069 ante
2961 1015 3343 1085 pontificatum
3414 1016 3599 1069 conti-

285 1125 413 1182 gere
434 1113 685 1169 historiis
720 1115 811 1170 hic
836 1126 954 1171 esto
981 1116 1283 1188 descripta,
1330 1127 1390 1172 ut
1432 1117 1676 1172 sciamus
1707 1116 1860 1170 illum
1901 1115 2066 1169 etiam
2093 1121 2219 1168 ante
2267 1111 2602 1180 pastoralem
2625 1108 3004 1180 praefecturam
3040 1125 3255 1164 .euram
3310 1122 3595 1181 pastorum

286 1206 564 1279 propriam
623 1209 968 1277 concepisse.
1035 1208 1322 1280 Siquidem
1389 1220 1671 1284 pastorum
1734 1223 1879 1278 opus
1958 1215 2043 1261 est
2107 1218 2578 1272 servarezneque
2623 1203 2804 1257 Otioso
2843 1203 3106 1274 despectu
3144 1207 3211 1260 de
3235 1205 3404 1260 exitio
3454 1206 3600 1274 peri-

285 1297 545 1354 clitantes
569 1301 790 1355 intueri.
828 1301 912 1356 An
945 1302 1090 1357 enim
1141 1318 1172 1356 a
1207 1303 1474 1358 mediocri
1507 1301 1755 1372 pernicie
1787 1314 1883 1354 eos
1923 1311 2063 1367 quos
2112 1297 2278 1351 modo
2339 1295 2454 1350 dixi
2502 1295 2800 1349 liberavit?
2852 1305 2943 1348 aut
2992 1297 3216 1367 vulgare
3283 1297 3419 1366 ipsis
3493 1297 3598 1352 im-

287 1398 534 1468 pendens
603 1400 898 1469 occupavit
945 1407 1193 1456 avertere
1267 1400 1614 1471 periculum?
1683 1397 2040 1470 Ecquodnam
2099 1411 2232 1451 vero
2278 1398 2498 1450 tandem
2548 1393 2720 1449 videri
2773 1393 2955 1462 majus
3006 1392 3209 1462 queat?
3276 1391 3458 1461 Atque
3529 1408 3593 1448 ex

286 1492 391 1547 hoc
420 1493 580 1547 modo
603 1501 826 1547 narrato
846 1493 1113 1560 facinore,
1159 1502 1219 1548 ut
1268 1503 1660 1565 praetereamus
1687 1506 1910 1559 caetera,
1956 1491 2083 1545 licet
2122 1501 2382 1559 tauquam
2445 1488 2698 1559 exemplo
2739 1496 2901 1558 capto
2955 1485 3023 1540 ad
3085 1485 3470 1543 aestimationis
3509 1487 3592 1542 in-

288 1585 673 1642 formationem
706 1585 772 1640 de
805 1585 928 1639 aliis
957 1602 1080 1656 quae
1130 1586 1437 1640 omittimus
1489 1584 1875 1641 ratiocinando
1919 1579 2216 1651 suspicari.

373 1673 542 1731 Ἀλλά
603 1672 697 1727 τὸν
749 1673 1014 1729 τοσοῦτον
1069 1675 1178 1746 πρὸ
1233 1675 1334 1745 τῆς
1360 1674 1630 1739 διπλοΐδος
1660 1674 1881 1728 καὶτοῦ

2055 1670 2328 1726 Caeterum
2360 1683 2483 1725 eum
2513 1669 2609 1740 qui
2648 1677 2832 1724 tantus
2874 1668 2975 1722 fuit
3001 1676 3134 1722 ante
3180 1667 3589 1724 sacerdotalem

291 1767 618 1840 χρίσματος,
653 1763 778 1818 τίνα
836 1766 986 1829 εἰκὸς
1042 1766 1185 1836 μετά
1234 1766 1296 1819 τὸ
1329 1766 1538 1838 χρίσμα
1564 1765 1888 1837 ὑπολαμϐά-

2000 1772 2043 1820 et
2073 1773 2281 1819 vestem
2311 1773 2365 1818 et
2398 1763 2752 1828 unetionem,-
2773 1763 2991 1832 qualem
3037 1776 3100 1816 ac
3130 1771 3399 1830 quantum
3435 1770 3594 1832 post-

291 1875 437 1925 νειν;
466 1858 538 1911 ’Ἡ
570 1855 730 1910 τοῦτο
758 1857 869 1920 πᾶς
914 1875 999 1919 τις
1031 1858 1272 1928 συνίησι,
1306 1858 1402 1911 καὶ
1434 1858 1518 1930 εἴη
1548 1858 1614 1912 ἂν
1652 1857 1889 1912 ἐνταῦθα

291 1949 396 2015 ἔξω
427 1945 626 2018 καιροῦ
680 1948 741 2001 τὸ
798 1949 864 2001 ὲκ
906 1947 1083 2016 λόγων
1140 1949 1466 2020 μαρτύριον.
1537 1949 1886 2004 Ἐπιποθεῖτε

291 2043 393 2096 κάν
425 2043 493 2112 τῇ
523 2039 789 2111 προεδρία
809 2039 1041 2093 τοιαῦτά
1065 2057 1189 2094 τινα
1205 2040 1621 2113 φιλανθρωπίας
1650 2041 1886 2095 ἀκοῦσαι

290 2131 634 2202 διηγήματα.
697 2130 860 2184 Ἀλλά
903 2129 1119 2184 δέδοικα
1195 2131 1270 2202 μὴ
1329 2132 1611 2186 θάλασσαν
1673 2132 1887 2186 ἀντλεῖν

293 2220 738 2294 προθυμώμεθα.
772 2221 870 2285 Τίς
928 2223 1038 2294 γὰρ
1095 2223 1130 2294 ἢ
1171 2225 1301 2278 ποία
1340 2223 1560 2292 γλῶσσα
1595 2225 1676 2289 είς
1712 2227 1892 2279 έκεῖνο

290 2315 352 2369 τδ
385 2316 627 2383 πέλαγος
652 2313 990 2368 ἐπιϐαλοῦσα
1015 2315 1117 2369 οὐκ
1144 2316 1299 2387 ὀκνῇ,
1347 2317 1576 2371 παλαιὸν
1615 2319 1746 2382 ἔπος
1776 2320 1891 2373 διαο

296 2409 729 2478 μνημονεύσασα
759 2406 789 2460 ὃ
819 2406 1018 2478 πλήθει
1066 2396 1177 2461 τινὶ
1228 2407 1363 2462 δέκα
1412 2409 1698 2480 στομάτων
1738 2411 1892 2480 ἔλεγε

293 2496 406 2550 δεῖν
445 2495 600 2568 (29);
639 2495 781 2549 Ἀλλ’
815 2496 923 2550 οὐδ’
979 2497 1028 2549 εί
1058 2496 1324 2560 πολλάκις
1374 2498 1611 2553 τοσαῦτα
1646 2499 1892 2553 συνέλθοι

295 2589 417 2643 οὐδὲ
447 2587 751 2642 πολλοστοῦ
785 2587 989 2659 μέρους
1019 2587 1226 2642 δύναιτ’
1262 2588 1328 2642 ἂν
1383 2589 1760 2661 μνημονεῦσαι
1793 2591 1895 2661 τῆς

296 2681 534 2736 ἐνταῦθα
566 2680 829 2751 πληθύος.
859 2677 1034 2734 Τοῦτο
1066 2680 1166 2752 μὲν
1194 2681 1256 2751 δὴ
1281 2680 1341 2733 τὸ
1365 2681 1530 2752 μέρος
1548 2685 1810 2750 τοιοῦτον,
1845 2684 1895 2737 τί

295 2773 353 2828 δὲ
378 2774 448 2828 τά
484 2773 645 2841 ἄλλα,
673 2774 774 2828 ὅσα
807 2774 904 2827 σὺν
935 2773 1174 2843 ἀσκήσει
1208 2772 1403 2846 βαθείᾳ
1432 2774 1531 2845 ὀψὲ
1559 2774 1659 2846 τῆς
1677 2775 1896 2846 ἡλικίας

301 2864 458 2934 μόλις
497 2863 804 2934 ἐκτήσαντο
831 2879 1002 2926 τινες,
1041 2857 1123 2925 οἷς
1175 2863 1388 2928 Παῦλος
1417 2863 1609 2935 ὥσπερ
1639 2863 1896 2935 χρώμασι

297 2957 589 3030 ζωγραφεῖ
603 2958 698 3010 τὸν
719 2956 987 3028 ἀρχιερέα
1005 2973 1020 3020 ;
1040 2955 1203 3008 Ἀλλὰ
1235 2958 1413 3010 ταῦτα
1438 2959 1616 3011 πάντα
1642 2956 1896 3028 καθάπερ

1991 1871 2157 1927 quam
2191 1870 2352 1911 sacro
2385 1867 2438 1910 et
2464 1855 2587 1909 oleo
2622 1855 2980 1924 consignatas
3014 1854 3260 1922 cogitare
3301 1863 3596 1908 consenta-

1993 1964 2155 2004 neum
2180 1957 2264 2004 est
2290 1947 2500 2005 fuisse?
2553 1946 2750 2013 Quivis
2811 1946 2914 2002 hoc
2957 1961 3055 2017 per
3107 1962 3168 2002 se
3203 1945 3420 2002 scilicet
3457 1931 3628 2003 satis.

1994 2038 2288 2109 intelliget,
2325 2046 2385 2092 ut
2413 2052 2887 2108 supervacaneum
2940 2038 3047 2093 hoc
3095 2038 3220 2093 loco
3247 2039 3590 2109 etimportu-

1993 2146 2126 2185 num
2153 2130 2423 2186 orationis
2440 2130 2810 2186 distinctioris
2830 2130 3207 2185 testimonium
3231 2131 3303 2186 sit
3323 2131 3592 2187 futurum.

1995 2222 2135 2289 Quid
2167 2223 2313 2277 enim
2358 2223 2532 2278 vultis
2585 2238 2654 2278 ne
2704 2224 2869 2276 etiam
2910 2239 2976 2278 ex
3027 2223 3138 2278 vita
3179 2223 3300 2294 ejus
3345 2240 3508 2294 quam
3539 2225 3596 2281 in

1994 2315 2376 2371 ecclesiastico
2435 2316 2762 2385 magistratu
2795 2316 2952 2371 duxit
3007 2317 3283 2388 ejusmodi
3341 2320 3595 2391 quaedam

1994 2405 2352 2478 benignitatis
2399 2408 2593 2462 audire
2622 2409 2895 2479 exempla.
2937 2409 3008 2463 At
3058 2426 3257 2468 vereor
3308 2427 3378 2468 ne
3410 2415 3457 2469 si
3489 2414 3597 2468 hoc

1997 2497 2411 2566 susceperimus
2461 2498 2619 2566 quasi
2669 2498 2966 2555 exhaurire
3000 2513 3267 2554 oceanum
3307 2503 3597 2573 aggredia-

2001 2601 2144 2641 mur.
2185 2587 2316 2652 Quaa
2346 2587 2490 2641 enim
2523 2597 2618 2641 aut
2649 2589 2828 2659 qualis
2872 2589 3091 2644 demum
3129 2591 3317 2662 lingua
3350 2595 3497 2648 istud
3540 2594 3597 2648 in

1999 2678 2226 2750 pelagus
2256 2679 2421 2742 itura,
2451 2695 2560 2733 non
2587 2695 2698 2750 prae
2728 2689 2874 2736 metu
2903 2681 2956 2735 in
2983 2683 3104 2751 ipso
3128 2681 3338 2753 impetu
3367 2695 3599 2741 cuncte-

2003 2780 2111 2832 tur,
2145 2777 2305 2825 vetus
2364 2771 2594 2826 verbum
2641 2783 2912 2842 reputans
2961 2789 3073 2844 quo
3126 2774 3315 2830 nescio
3348 2778 3472 2846 quis
3528 2778 3594 2831 ad

2001 2863 2298 2930 quamdam
2342 2863 2757 2918 multitudinem
2799 2865 3237 2935 percensendam
3263 2868 3453 2922 decem
3486 2862 3604 2923 sibi

2006 2968 2102 3007 ora
2132 2956 2452 3010 necessaria
2480 2971 2604 3011 esse
2624 2956 3080 3014 dicebat.Verum
3104 2975 3286 3030 neque
3308 2961 3355 3016 si
3388 2962 3598 3031 saapius

299 3051 417 3122 ἃμα
450 3053 574 3115 ταῖς
615 3052 911 3121 μητρικαῖς
947 3042 1099 3119 αὐτῷ
1147 3049 1696 3121 συνεγκυμονηθέντα
1726 3050 1891 3119 λαγό-

2001 3045 2225 3101 totidem
2279 3047 2638 3102 convenirent
2668 3048 2751 3102 vel
2816 3049 2922 3104 iste
2954 3050 3071 3120 ipse
3100 3053 3355 3121 quamvis
3398 3069 3599 3122 magna

298 3161 406 3212 σιν,
433 3143 580 3198 οὕτω
601 3143 911 3208 συνείπετο,
957 3145 1053 3197 καὶ
1083 3143 1248 3197 πλέον
1285 3143 1580 3214 συμπαρῆν
1613 3142 1646 3214 ἢ
1692 3143 1770 3214 τὸ]
1801 3144 1893 3197 εύ-

295 3235 454 3289 ωδεῖν
485 3237 603 3298 τοῖς
659 3233 804 3288 οῦτω
853 3236 1159 3304 πεφυκόσιν
1213 3234 1455 3289 ἄνθεσιν.
1489 3236 1654 3288 Ὥστε
1698 3235 1786 3305 εἴη
1827 3236 1895 3289 ἂν

298 3329 554 3400 ἀκαιρία,
619 3329 715 3382 καὶ
773 3329 807 3399 ὴ
856 3328 989 3398 περὶ
1032 3328 1208 3382 ταῦτα
1248 3328 1526 3400 διατριϐή.
1573 3326 1814 3382 Τοσοῦτο
1837 3328 1894 3382 δὲ

297 3422 567 3493 εἰρήσθω,
605 3421 689 3474 ὅτι
751 3421 914 3491 μόνος
953 3423 1162 3484 ἐκεῖνος
1215 3421 1326 3476 τῶν
1360 3421 1604 3484 πάντων,
1649 3420 1747 3473 κα)⁴
1789 3419 1896 3489 πρὸ

295 3515 398 3585 τῆς
427 3513 720 3576 διπλοΐδος,
745 3511 1083 3584 εὐπρέπειαν
1126 3511 1432 3583 ἱερωσύνης
1467 3511 1769 3575 ὲστόλιστο,
1799 3511 1898 3566 καὶ⁵

297 3610 348 3660 εἰ
375 3603 488 3660 οἷόν
524 3623 586 3659 τε
606 3607 806 3672 εἰπεῖν,
837 3605 946 3676 πρὸ
965 3605 1061 3657 τοῦ
1091 3605 1396 3676 χρίσματος
1421 3605 1640 3675 ἐϐοήθει
1669 3603 1749 3676 τῷ
1770 3604 1894 3675 χρί-

299 3712 496 3767 σματι.
527 3695 639 3750 Καὶ
662 3695 842 3767 τούτῳ
903 3695 1104 3764 μᾶλλον
1137 3697 1234 3750 καὶ
1292 3696 1400 3767 πρὸ
1430 3696 1540 3749 τῶν
1566 3695 1898 3749 τελεστικῶν

295 3789 490 3845 τύπων
509 3790 543 3858 ὴ
569 3789 669 3858 τῆς
698 3789 1118 3859 ἀρχιερωσύνης
1143 3775 1353 3853 εἰκὼν,
1384 3787 1413 3858 ἢ
1452 3789 1567 3852 τοῖς
1593 3788 1770 3860 ταύτῃ
1796 3805 1894 3859 με-

305 3876 694 3948 μορφωμένοις
719 3878 970 3948 ὑπῆρχεν
1027 3878 1346 3947 ὁμοιοτέρα.
1389 3877 1596 3929 Ἐκεῖνο
1634 3875 1690 3929 δὲ
1724 3879 1772 3927 εἰ
1803 3877 1898 3931 καὶ

303 3967 394 4020 διὰ
415 3966 617 4030 παντὸς
655 3965 1008 4037 περιχορεύει
1036 3969 1327 4036 πόματος,
1366 3967 1462 4020 καὶ
1490 3967 1689 4037 μέχρις
1725 3966 1792 4021 ἂν
1825 3966 1897 4036 γῆ

303 4055 403 4109 καὶ
457 4054 687 4126 οὐρανὸς
812 4056 874 4107 οὐ
909 4055 1060 4125 λήξει
1113 4057 1360 4128 χορεῦον,
1396 4056 1745 4126 προσκείσθω
1784 4058 1900 4120 τοῖς

297 4145 633 4215 εἰρημένοις.
657 4143 731 4196 Τὸ
762 4145 942 4209 ποῖονς
970 4147 1036 4198 Ὀ
1056 4150 1168 4209 τοῖς
1195 4149 1274 4209 είς
1301 4146 1427 4216 ᾷδου
1460 4146 1716 4217 λαχοῦσιν
1741 4147 1901 4200 ἀπιέ-ι

296 4249 390 4286 ναι
425 4233 616 4303 κλήρῳ
649 4233 823 4304 ἀδίκῳ
853 4233 952 4303 τὴν
976 4236 1093 4287 ἐκεῖ
1124 4237 1404 4290 ἀνέστειλε
1435 4236 1682 4290 κάθοδον.
1714 4237 1796 4290 Δι’
1822 4232 1899 4292 ὧν

294 4323 414 4390 ὀξεῖ
443 4327 568 4378 ποδὶ
592 4327 917 4396 προφθάσας
959 4326 989 4379 ὁ
1039 4329 1247 4400 ποιμὴν
1275 4331 1304 4383 ὁ
1331 4330 1516 4396 καλὸς,
1548 4333 1576 4384 ὁ
1619 4330 1895 4402 ἀληθινὸς,

294 4418 402 4490 τὴν
453 4416 637 4484 ὀξεῖαν
685 4419 932 4490 ημὸλυνε
984 4397 1266 4492 τελευτήν.
1313 4421 1411 4485 Τίς
1445 4424 1553 4475 τῶν
1593 4423 1689 4476 νῦν
1711 4397 1760 4494 ῂῆ
1786 4397 1897 4477 τῶν
1933 4397 1975 4450 θ

295 4513 550 4578 πώποτε,
577 4514 820 4568 τοιοῦτον
851 4513 1276 4587 ἐξειργασμένος
1298 4514 1476 4588 ὤφθης
1496 4516 1579 4582 τίς
1610 4516 1655 4570 δ’
1679 4524 1903 4571 ἐπικου-

301 4608 473 4678 ρῆσαι
492 4606 739 4672 τοσοῦτο,
762 4607 860 4660 καὶ
874 4607 1135 4677 διακόψαι
1155 4608 1257 4678 μὲν
1275 4609 1450 4678 ἄρκυς
1466 4610 1723 4675 θανάτου,
1754 4611 1901 4682 ζωὴν

299 4699 351 4750 δ’
378 4696 707 4768 ἐπιστρέψαι
731 4697 912 4768 δημίῳ
943 4698 1085 4768 ξίφει
1117 4699 1313 4769 μικροῦ
1336 4697 1764 4773 ἀπιοῦσαν;⁷Λρ’
1785 4703 1900 4772 ἔχει

297 4809 390 4854 τις
414 4791 446 4861 ἢ
475 4791 587 4844 τῶν
617 4792 731 4845 ἄνω
750 4791 784 4862 ἢ
801 4791 911 4844 τῶν
932 4793 1084 4845 κάτω
1099 4791 1196 4844 τοῦ
1219 4793 1414 4864 χρόνου
1434 4799 1782 4863 παραγαγεῖν
1801 4795 1898 4848 τοῦ

297 4887 636 4954 πράγματος
657 4882 1128 4953 ὁμοιότητα;ἀλλ’
1169 4887 1271 4937 οὐκ
1288 4884 1400 4954 ἐγὼ
1441 4880 1620 4955 οἶμαι.
1655 4888 1803 4957 Πλὴν
1847 4889 1897 4940 εἰ

301 4978 380 5049 μὴ
405 4977 540 5047 φαίη
577 4993 660 5038 τις
685 4975 776 5028 τὸν
789 4976 1005 5047 πρῶτον
1026 4977 1312 5048 ἀρχιερέα,
1329 4978 1420 5030 τὸν
1446 4978 1580 5048 ἐμὸν
1607 4979 1837 5045 Ἰησοῦν,
1855 4972 1901 5048 ᾧ

297 5071 428 5123 κατ’
467 5072 613 5140 ἴχνος
645 5065 802 5134 οὗτος
825 5071 1094 5141 ἑπόμενος
1118 5071 1198 5133 εις
1239 5070 1548 5142 ἀκρίϐειαν,
1579 5072 1748 5138 ὀξέως
1790 5077 1905 5137 τοῖς

298 5163 642 5218 ἀπολωλόσιν
671 5165 758 5227 ἂν,
793 5165 844 5216 εἰ
879 5165 954 5234 μὴ
1009 5164 1240 5235 ἐπέστη,
1294 5165 1576 5236 σωτηρίαν
1619 5167 1902 5238 ἐκόμισεν,

299 5258 456 5329 ἣδιον
479 5252 634 5320 οὗτος
666 5258 1074 5329 προσχωρήσας
1094 5257 1172 5328 τῷ
1195 5258 1428 5329 κινδύνῳ
1458 5259 1490 5328 ἢ
1513 5262 1633 5324 ταῖς
1658 5263 1906 5314 ἀνέσεσιν

2001 3139 2463 3210 multiplicatione
2518 3147 2717 3196 auctus
2757 3125 3012 3197 sufﬁcere
3059 3150 3243 3199 tamen
3299 3153 3488 3216 posset
3527 3147 3598 3201 ad

1997 3230 2142 3284 hanc
2174 3231 2555 3300 explicandam
2598 3233 2813 3302 copiam
2851 3250 3138 3290 numerus.
3168 3235 3324 3302 Quod
3377 3239 3425 3293 si
3479 3239 3599 3296 haec

1999 3324 2221 3378 virtutis
2243 3323 2364 3403 ejus
2398 3338 2528 3392 pars
2558 3333 2614 3378 et
2649 3323 2874 3379 laudum
2901 3326 3119 3396 species
3148 3335 3260 3383 tam
3306 3339 3460 3387 vasta
3486 3341 3596 3395 est,

1998 3412 2132 3484 quid
2167 3413 2260 3468 illa
2281 3422 2362 3469 tot
2387 3414 2596 3484 reliqua
2627 3425 2832 3483 quanta
2859 3416 3132 3486 profunda
3161 3421 3518 3479 meditatione
3538 3436 3595 3480 et

2002 3505 2358 3561 contentione
2411 3507 2658 3578 improba
2715 3517 2964 3565 extrema
3015 3511 3236 3567 demum
3291 3522 3454 3572 artate
3505 3517 3603 3572 vix

1999 3598 2222 3668 quidam
2285 3608 2549 3668 poterunt
2605 3600 2889 3670 assequi,_
2936 3603 3140 3672 quibus
3203 3604 3408 3660 Paulus
3473 3622 3601 3661 tan-

1998 3706 2163 3760 quam
2219 3692 2504 3749 coloribus
2548 3694 2724 3766 pingit
2771 3711 3060 3751 sacrorum
3102 3697 3452 3769 principem?
3489 3700 3604 3756 Sed

1998 3801 2060 3840 ea
2095 3787 2280 3840 omnia
2328 3795 2590 3856 tanquam
2647 3786 2839 3843 eadem
2885 3802 3011 3842 eum
3073 3804 3140 3845 eo
3209 3791 3403 3847 matris
3466 3793 3600 3850 alvo

1999 3889 2264 3947 concepta
2329 3878 2644 3948 eductaque
2713 3880 2793 3936 sic
2861 3896 2989 3935 eum
3047 3883 3424 3952 sequebantur
3485 3901 3604 3941 ma-

2001 3971 2193 4040 gisque
2248 3971 2603 4039 inseparabili
2662 3987 2788 4026 cum
2871 3988 2937 4028 eo
3017 3988 3162 4029 nexu
3227 3976 3602 4042 cohaerebant,

2001 4078 2165 4134 quam
2227 4062 2473 4133 fragrare
2531 4080 2758 4120 suavem
2823 4065 3048 4121 odorem
3108 4065 3338 4124 ﬂoribus
3399 4084 3605 4125 conve-

2001 4157 2116 4209 niat
2157 4155 2252 4225 qui
2301 4155 2576 4211 odorifera
2637 4169 2835 4211 natura
2894 4168 3048 4214 sunt.
3095 4158 3464 4226 Quamobrem
3504 4161 3605 4215 im-

2002 4257 2238 4318 portuna
2295 4247 2370 4302 sit
2421 4250 2610 4318 utique
2652 4251 2707 4302 iu
2759 4251 2869 4304 illis
2922 4267 3098 4305 mora.
3160 4251 3387 4306 Summa
3438 4268 3604 4322 porro

2004 4340 2278 4395 dictorum
2308 4340 2424 4396 inec
2453 4351 2593 4397 esto.
2630 4341 2819 4396 Solum
2855 4343 2998 4397 hunc
3042 4359 3109 4398 ex
3143 4345 3402 4400 Omnibus
3435 4346 3604 4401 etiam

2005 4442 2131 4488 ante
2160 4434 2459 4504 diploidem
2510 4435 2804 4489 sacerdotii
2839 4438 3120 4505 propriam
3183 4451 3389 4492 vestem
3435 4453 3605 4492 orna-

2007 4538 2118 4580 tum
2154 4527 2274 4597 ejus
2309 4527 2596 4598 dignitatis
2640 4544 2860 4582 omnem
2905 4530 3176 4592 induisse,
3231 4541 3305 4593 et,
3365 4531 3412 4585 si
3472 4532 3605 4586 licet

2005 4620 2214 4685 dicere,
2260 4632 2388 4674 ante
2423 4621 2661 4675 chrisma
2697 4621 2982 4676 chrismati
3018 4623 3396 4678 succurrisse.
3422 4625 3604 4697 Atque

2004 4713 2131 4768 inde
2165 4716 2401 4767 maxime
2433 4713 2597 4768 etiam
2655 4723 2783 4766 ante
2826 4713 3057 4784 mystica
3094 4714 3252 4782 signa
3270 4714 3471 4767 summi
3510 4729 3604 4768 sa-

2005 4806 2238 4862 cerdotii
2295 4806 2456 4875 quasi
2516 4806 2699 4877 imago
2728 4807 2786 4860 in
2839 4821 2906 4860 eo
2953 4806 3172 4861 refulsit
3205 4807 3526 4876 expressior
3549 4815 3607 4861 et

2004 4899 2256 4968 exemplo
2283 4899 2519 4954 similior
2539 4914 2704 4969 quam
2724 4899 2778 4953 in
2812 4898 2920 4952 illis
2947 4898 3271 4968 picrumquc
3303 4899 3481 4953 soleat
3509 4900 3606 4968 qui

2004 4993 2291 5046 consuetis
2347 4990 2608 5047 Ecclesia:
2660 4991 3004 5047 merenmniis
3054 5006 3117 5045 ea
3166 5000 3299 5047 sunt
3336 4991 3606 5062 insigniti.

2005 5083 2146 5139 Illud
2179 5099 2314 5139 vero
2343 5100 2661 5154 quanquam
2700 5100 2795 5154 per
2847 5084 3096 5139 omnium
3135 5092 3367 5154 vagatur
3390 5099 3516 5149 ora,
3552 5093 3609 5138 et

2011 5177 2192 5231 donec
2228 5178 2334 5231 erit
2379 5179 2580 5231 ccelum
2622 5186 2677 5232 et
2707 5185 2851 5229 terra
2892 5177 3076 5247 vagari
3111 5191 3222 5230 non
3257 5176 3494 5242 desinet,
3522 5185 3607 5228 ta-

2013 5285 2140 5325 men
2167 5270 2254 5323 hic
2305 5283 2527 5339 quoque
2569 5269 2681 5339 jam
2715 5270 2878 5323 dictis
2925 5269 3175 5324 accedat.
3222 5267 3393 5336 Quale
3423 5278 3607 5324 autem

1854 5384 2090 5444 NOTAE.

380 5472 492 5554 (29)
522 5471 733 5554 Πλῆθος
760 5473 928 5554 istud
968 5479 1054 5553 est
1086 5487 1348 5554 numerus
1387 5476 1612 5554 navium
1662 5488 1716 5532 et
1744 5479 1946 5534 ducum
1990 5497 2055 5536 ac
2092 5483 2403 5544 cohortium
2437 5481 2756 5537 Gneoarum
2806 5481 2963 5540 Ilium
3001 5481 3328 5554 petentium.
3371 5479 3609 5536 Παλαιὸν

303 5559 440 5599 vero
465 5543 596 5607 ἐπος
628 5541 728 5598 hic
760 5541 987 5600 llomeri
1019 5559 1215 5599 versus
1245 5542 1419 5598 Iliad.
1446 5545 1487 5597 Β
1518 5563 1534 5600 :

1047 5636 1255 5691 Οὐδ’-ει
1280 5654 1379 5706 μοι
1413 5637 1560 5692 δέκα
1597 5643 1717 5707 μὲν
1768 5642 2065 5711 γλῶσσαι,
2108 5646 2255 5704 δέκα
2282 5630 2350 5703 δὲ
2388 5651 2636 5722 στόματ’
2677 5647 2819 5708 εἷεν.

379 5728 490 5789 Nec
537 5731 826 5790 dissimulo
857 5731 1029 5790 videri
1059 5747 1156 5804 pro
1184 5731 1378 5804 πλήθει
1429 5735 1804 5804 reponendum
1848 5742 2068 5808 ποιητῇ.
