4108 6306
392 290 498 354 223

1636 276 1922 343 LEONIS
1955 275 2425 337 PHILOSOPIII

3593 265 3731 331 22$

396 415 493 471 id?
525 413 682 482 Quod
724 412 988 469 nimirum
1044 412 1256 483 injusto
1293 420 1347 468 et
1379 406 1651 482 praecipiti
1685 404 1900 460 calculo
1929 400 1998 455 ad

2122 399 2305 470 ἑτεροι.
2350 396 2514 454 Ἀλλά
2551 398 2605 452 τί
2633 397 2823 465 πάθω;
2871 396 3052 468 Ὅπερ
3070 397 3183 468 γὰρ
3225 395 3363 483 τοῖς*
3382 391 3733 453 ἐπαινέταις

397 526 590 564 ereum
613 509 728 580 jam
781 508 971 565 missis
1001 509 1239 564 reditum
1286 508 1417 564 inde
1461 501 1766 574 expedierit
1792 498 2001 554 saluta-

379 586 539 668 rem,
574 603 778 673 quibus
807 588 992 658 autem
1020 601 1236 657 viribus
1275 608 1434 655 tanta
1472 596 1673 668 pedum
1707 592 2004 649 velocitate

401 705 590 768 pastor
633 696 727 751 hic
785 696 968 751 bonus
1002 694 1179 749 valuit
1228 702 1289 749 ut
1323 690 1565 762 tempori
1590 688 1813 742 adesset
1855 683 2005 738 velut

401 787 469 841 ad
526 785 891 841 hebetandam
926 785 1105 841 cladis
1133 785 1387 856 jugulum
1420 782 1528 852 jam
1552 779 1780 835 libantis
1806 775 2003 839 aciem,

401 888 457 935 et
488 877 864 950 projectorum
902 877 1131 948 jamque
1181 874 1645 947 praecipitandum
1680 876 2006 924 servaturus

401 984 593 1025 casum
628 976 954 1040 occuparet.
999 967 1139 1036 Quis
1190 975 1286 1023 aut
1336 980 1531 1023 eorum
1574 962 1672 1034 qui
1700 976 1847 1016 nunc
1878 966 2008 1016 sttnt

402 1071 498 1117 aut
543 1063 639 1133 qui
684 1062 815 1117 olim
870 1060 1098 1117 fuerunt
1131 1058 1299 1116 fando
1338 1071 1581 1130 unquam
1633 1054 1858 1111 auditus
1900 1052 2009 1107 tale

402 1163 757 1226 perpetrasse
807 1153 1141 1226 quidpiam?
1201 1152 1338 1219 Quis
1372 1159 1590 1207 tantum
1647 1147 1912 1217 adjuvare
1952 1146 2009 1199 et

404 1248 675 1304 ditl‘ractis
708 1257 936 1320 repente
970 1246 1168 1302 mortis
1192 1247 1432 1317 praedam
1471 1243 1585 1314 jam
1617 1241 1885 1309 amplexae
1919 1253 2010 1291 re-

406 1343 559 1398 tibus
584 1342 753 1396 vitam
788 1354 1050 1396 revocare
1102 1338 1357 1393 carnifici
1403 1336 1587 1408 gladio
1646 1340 1861 1389 tantum
1900 1347 2009 1385 non

403 1437 516 1505 jam
552 1434 839 1504 expulsam
873 1431 1185 1486 valuit?An
1217 1438 1303 1485 est
1332 1428 1533 1499 aliquis
1560 1434 1657 1481 aut
1688 1426 1741 1479 in
1775 1431 2007 1495 praeter-

409 1529 470 1583 iti
496 1527 761 1582 memoria
803 1532 899 1579 aut
935 1524 991 1578 in
1056 1522 1227 1577 futuri
1260 1536 1356 1590 spe
1396 1536 1461 1576 ac
1493 1521 1639 1575 serie
1664 1517 1759 1587 qui
1796 1514 2013 1569 facinus

412 1621 588 1675 ullum
620 1632 783 1674 suum
843 1615 911 1672 ad
954 1615 1122 1685 hujus
1161 1613 1363 1669 offerre
1389 1610 1869 1682 comparationem
1911 1622 2013 1660 au-

410 1713 583 1769 deat?
636 1710 749 1782 Ego
780 1710 1003 1780 quidem
1035 1717 1185 1762 certe
1237 1720 1349 1761 non
1382 1716 1540 1776 puto.
1572 1701 1684 1757 Nisi
1731 1702 1864 1755 citet
1914 1698 2015 1753 ali-

2107 493 2165 543 ὲν
2186 493 2300 553 τοῖς
2324 486 2534 555 λοιποῖς
2561 489 3106 560 συνεπιλαμϐάνεται
3132 503 3146 518 ’
3184 488 3279 541 καὶ
3308 478 3420 541 οἷον
3445 485 3731 554 ἀνίστησι

2108 584 2335 655 προσιὸν
2354 586 2454 655 τὴν
2482 584 2733 656 γνώμην,
2761 585 2856 637 καὶ
2878 582 3064 655 βοηθεῖ
3088 581 3166 652 τῷ
3188 581 3354 650 λόγῳ,
3390 597 3464 650 φη
3474 580 3536 649 μὶ
3580 578 3652 646 δὴ
3691 578 3731 629 ὁ

2108 676 2217 729 τῶν
2247 676 2760 748 ἐγκωμιαζομένων
2792 675 3266 748 περιφανέστερος
3297 672 3391 726 τοῦ
3416 672 3533 743 βίου
3572 670 3731 740 196-

2108 787 2222 836 νος,
2251 768 2415 823 τοῦτο
2437 760 2568 840 ἐμοὶ
2600 768 2977 823 καταπαλαῑον
3007 769 3105 835 τὴν
3140 766 3369 837 γνώμην
3399 766 3557 835 σιγᾷν
3587 765 3740 816 ἐπι-

2109 861 2325 933 τρέπει.
2351 862 2427 915 Οὐ
2474 864 2585 932 γὰρ
2629 860 2863 925 ἐκείνοις
2904 860 3108 931 ὁμοίως
3144 861 3202 912 ἐν
3222 859 3303 927 τῷ
3332 858 3561 928 παρόντι
3582 856 3729 917 ταῖς

2112 953 2418 1025 εὐφημίαις
2441 954 2499 1007 αἱ
2517 952 2748 1025 πράξεις
2779 953 3125 1030 ἐπαίρονται.
3165 950 3492 1004 Τούναντίον
3514 948 3591 1011 δὲ,
3627 947 3727 1017 μὴ

2112 1046 2413 1118 ἀρκοῦντος
2442 1046 2539 1100 τοῦ
2569 1048 2758 1116 λόγου,
2794 1047 2822 1099 ὁ
2846 1044 2956 1101 τῶν
3007 1045 3264 1117 πράξεων
3301 1044 3465 1111 ὄγκος
3507 1041 3730 1109 ἐκείνῳ

2114 1141 2569 1211 συγκαταϐαίνει.
2606 1142 2755 1195 Ἐκεῖ
2791 1141 2892 1212 μέν
2918 1139 3027 1209 γὰρ
3049 1140 3082 1210 ἡ
3108 1139 3219 1191 τῶν
3247 1137 3423 1206 λόγων
3452 1135 3727 1205 δύναμις,
3788 1178 3793 1179 κ

2113 1235 2176 1287 ού
2208 1234 2463 1305 χαλεπῶς
2489 1233 2710 1304 ἐπαίρει
2741 1234 2812 1287 τὰ
2842 1231 2981 1303 ἔργα
3003 1244 3021 1258 ⁸
3062 1230 3299 1283 ἐνταῦθα
3315 1229 3394 1293 δὲ,
3435 1229 3579 1296 λόγοι
3612 1226 3725 1296 ἔρ-

2109 1344 2226 1393 γων
2252 1326 2550 1397 ἡττῶνται.
2574 1328 2689 1381 Καὶ
2738 1327 2839 1396 ούχ
2885 1327 3036 1389 ὅπως
3078 1322 3401 1394 προσθήκην
3442 1324 3520 1383 si;
3550 1321 3728 1385 δόξαν

2113 1419 2202 1473 διὰ
2251 1418 2362 1474 τῶν
2414 1420 2659 1474 ἐπαίνων
2690 1419 2759 1473 τὰ
2792 1418 2932 1490 ἔργα
2954 1416 3247 1488 λαμϐάνει,
3278 1414 3414 1469 ἀλλὰ
3437 1415 3529 1469 καὶ
3554 1415 3654 1467 πλε
3667 1414 3728 1465 ί-

2120 1530 2255 1583 στην
2283 1514 2417 1585 ὅσην
2443 1513 2709 1582 ὑπομένει
2753 1513 2980 1583 ζημίαν.
3042 1512 3202 1573 Ποῖος
3232 1508 3343 1580 γὰρ
3386 1507 3489 1560 οὐκ
3519 1508 3585 1561 ἂν
3621 1507 3732 1577 ξη-

2119 1606 2378 1677 μιώσειεν
2409 1604 2630 1669 ἔπαινος
2660 1603 2816 1658 ταῦθ’
2859 1604 3053 1674 ὑμνεῖν
3080 1602 3544 1674 προαιρούμενος,
3576 1601 3614 1656 ἃ
3634 1600 3729 1671 τῷ

2116 1698 2239 1753 κατ’
2262 1699 2439 1752 ἐκεῖνο
2463 1697 2659 1769 καιροῦ
2690 1700 2758 1750 τὰ
2787 1698 3046 1768 σκῆπτρα
3065 1697 3305 1749 διέποντι
3330 1696 3727 1767 παρεγγύησε,

413 1806 539 1878 quis
594 1805 832 1875 primum
892 1816 959 1857 ac
1018 1814 1299 1856 summum
1360 1810 1652 1853 sacrorum
1706 1793 2012 1849 antistitem

2122 1790 2335 1860 θανάτῳ
2376 1790 2626 1861 μέλλοντι
2658 1789 3002 1862 παραδοῦναι
3032 1789 3154 1843 καθ’
3183 1782 3259 1844 ὧν
3285 1788 3439 1842 οὐδὲν
3460 1783 3530 1859 ἦν
3559 1788 3730 1841 εύλοο

412 1912 595 1953 meum
627 1894 842 1958 Jesum,
878 1892 1070 1964 cujus
1098 1891 1338 1962 vestigia
1395 1890 1486 1945 hic
1542 1896 1854 1943 assectatus
1884 1899 2016 1939 exa-

414 1988 684 2053 ctissime,
720 1988 825 2041 sub
848 1985 973 2055 ipso
1006 1982 1162 2038 necis
1196 1982 1312 2037 ictu
1344 1980 1541 2051 positis
1572 1986 1628 2034 et
1660 1978 1870 2048 absque
1895 1975 2015 2045 ejus

416 2079 656 2134 adventu
690 2084 838 2133 esset
885 2076 1116 2145 omnino
1152 2075 1418 2144 perituris
1463 2073 1699 2128 salutem
1733 2078 2016 2153 momento

418 2171 640 2233 attulit;
671 2169 987 2239 promptius
1020 2167 1112 2223 hic
1137 2166 1558 2237 jucundiusque
1612 2163 1679 2219 ad
1707 2163 2016 2235 periculum

419 2264 691 2320 accedens
744 2276 909 2333 quam
968 2261 1035 2316 ad
1078 2246 1438 2316 remissiones
1487 2259 1694 2314 caeteri.
1739 2256 1845 2312 Sed
1886 2254 2016 2326 quid

417 2354 638 2426 patior?
670 2352 828 2419 Quod
855 2353 1004 2407 enim
1043 2351 1365 2407 laudatores
1396 2358 1631 2404 caeteros
1658 2348 1854 2421 juvare
1876 2347 2019 2403 solet

418 2455 474 2502 et
496 2446 748 2502 excitare
781 2444 944 2514 quasi
986 2442 1257 2497 accedens
1288 2456 1353 2496 ac
1385 2440 1647 2511 expedire
1679 2440 2017 2495 sententiam

422 2534 816 2603 ingeniumque
890 2531 1167 2598 dicentis,
1219 2532 1575 2602 orationique
1648 2545 2018 2595 succurrere,

422 2628 687 2683 nimirum
755 2638 946 2682 eorum
1027 2626 1122 2697 qui
1205 2625 1505 2680 laudantur
1579 2624 2019 2681 illustrissimum

2114 1899 2211 1951 γον
2257 1882 2490 1946 θάνατος
2542 1882 2931 1953 κεκτημένος;
2963 1884 3382 1936 Κωνσταντῖνον
3416 1881 3473 1934 δὲ
3508 1883 3535 1934 ὁ
3558 1881 3734 1949 λόγος

2116 1973 2438 2039 αἰνίττεται,
2489 1972 2548 2037 ὃς
2599 1974 2818 2047 πρῶτος
2847 1975 3135 2039 εὐσεϐείας
3163 1977 3485 2047 μαργάροις
3512 1975 3736 2043 κοσμεῖ

2116 2065 2179 2118 τὸ
2216 2064 2479 2134 διάδημα.
2514 2065 2675 2118 Καὶὸ
2707 2066 2807 2135 μέν
2850 2065 3084 2136 γηραιὸς
3105 2067 3299 2137 χρόνος
3339 2066 3548 2128 πολλὰς
3589 2064 3733 2134 ὑμῖν

2120 2159 2400 2229 ἐξηγεῖται
2421 2158 2575 2229 παρά
2601 2157 2738 2211 Θεοῦ
2767 2157 3123 2229 Θεραπόντων
3151 2158 3506 2222 ἐπιστασίας,
3535 2174 3736 2227 παρα-

2121 2251 2357 2320 πλησίαν
2392 2251 2451 2305 δὲ
2505 2251 2769 2322 οὐδεμίαν
2818 2251 2935 2318 ἐξει
2984 2250 3352 2321 ἀπαγγελεῖν.
3410 2250 3556 2320 Ἤδη
3608 2249 3734 2318 γάρ

2118 2361 2267 2406 τινες
2295 2344 2585 2414 ἀφειμένοι
2615 2345 2715 2414 τῆς
2743 2343 3084 2415 βαρυνούσης
3131 2343 3467 2415 παχύτητος,
3495 2342 3735 2396 καὶτῶν

2120 2436 2462 2509 ὀστρακίνων
2506 2436 2744 2505 ἐξιόντες
2784 2436 3043 2508 ἐλύτρων
3073 2477 3091 2505 ,
3119 2438 3217 2490 καὶ
3276 2437 3387 2491 τῶν
3439 2436 3736 2506 ἐσόπτρων

2122 2527 2569 2600 ὑπερκύψαντες,
2618 2529 2857 2593 καὶτοῖς
2885 2529 3073 2593 ἀΰλοις
3106 2528 3380 2595 συνόντες,
3421 2527 3517 2581 καὶ
3556 2526 3737 2596 μηδὲν

2127 2621 2401 2694 ἑπόμενον
2425 2623 2523 2695 τῆς
2554 2622 2689 2694 ύλης
2731 2623 2987 2695 ἐμποδὼν
3016 2628 3254 2695 ἔχοντες,
3290 2626 3406 2687 τοῖς
3435 2622 3736 2696 πόρρωθεν

424 2722 551 2775 vita;
618 2730 874 2789 tempus,
946 2719 1053 2774 hoc
1114 2734 1301 2773 meum
1367 2734 1639 2789 prensans
1708 2719 2024 2787 sisteusque

426 2827 740 2869 sermonem
804 2813 972 2868 silere
1034 2813 1252 2867 suadet.
1302 2810 1421 2867 Non
1475 2796 1623 2866 enim
1682 2817 1743 2865 ut
1796 2809 1853 2864 in
1913 2809 2025 2864 illis

414 2905 804 2978 'panegyribus
868 2905 945 2959 ita
1021 2904 1113 2961 hic
1167 2919 1390 2975 quoque
1454 2903 1751 2973 exquisitis
1802 2902 2025 2958 dicendi

430 2998 627 3054 formis
695 3012 764 3053 ex
829 3011 1028 3069 magna
1102 2996 1432 3067 eloquentia:
1499 2997 1550 3050 vi
1605 2994 1870 3065 profectis
1938 2992 2022 3048 fa-

378 3114 381 3115 ν
429 3090 622 3144 cinora
689 3088 949 3160 pratclara
992 3087 1287 3143 tolluntur.
1350 3086 1457 3141 Sed
1504 3087 1596 3142 hic
1654 3102 1686 3143 e
1741 3083 2028 3141 contrario

2125 2715 2389 2771 καλοῦσιν
2419 2716 2761 2789 ἐπέστησαν,
2796 2718 3082 2789 πληρωταὶ
3119 2718 3409 2787 γεγονότες
3454 2711 3530 2770 ὧν
3556 2717 3737 2789 ἔχρη-

2127 2805 2221 2870 ζον
2253 2808 2309 2859 ἐν
2343 2805 2543 2878 καιρῷ.
2603 2808 2744 2876 Πρὶν
2791 2806 2850 2861 δὲ
2883 2809 3010 2872 τοὺς
3068 2810 3365 2878 σαρκίνους
3412 2809 3738 2878 ἀπορρῆξαι

2126 2899 2388 2970 δεσμοὺς,
2446 2900 2574 2954 ὅσον
2606 2899 2823 2971 ὑπῆρξε
2856 2899 3057 2973 μακρῷ
3106 2900 3484 2970 διαγεγονέναι
3507 2901 3586 2969 τῷ
3614 2898 3743 2953 δια-

2131 2991 2397 3063 στήματι,
2453 2992 2714 3047 τοσοῦτον
2764 2993 2860 3046 καί
2898 2992 3108 3047 τούτων
3143 2990 3462 3047 καλούντων
3496 2990 3741 3045 ἀκοῦσαι

2135 3084 2235 3139 καὶ
2293 3086 2603 3157 παρασχεῖν
2637 3084 2737 3158 τὴν
2772 3085 3101 3156 ἐπικουρίαν
3150 3083 3529 3159 πορρώτερον,
3565 3083 3642 3154 τῷ
3677 3084 3745 3138 δὲ

430 3180 729 3251 eloquendi
786 3180 1040 3238 facultati
1069 3194 1166 3251 per
1203 3195 1264 3236 se
1296 3179 1495 3250 impari
1529 3187 1584 3234 et
1613 3180 1895 3235 exhausta:
1926 3177 2021 3233 im-

2134 3175 2217 3229 ἔτι
2242 3177 2462 3231 συνόντι
2489 3180 2611 3242 ταῖς
2644 3180 2988 3248 σωματικαῖς
3006 3177 3217 3242 πέδαις.
3246 3177 3315 3231 Et
3341 3194 3405 3245 γε
3431 3178 3539 3248 χρὴ
3566 3178 3746 3246 φάναι

430 3283 688 3324 mensum
746 3268 817 3324 de
864 3283 1010 3324 novo
1043 3283 1228 3324 rerum
1276 3268 1664 3324 excellentium
1713 3267 1930 3339 pondus
1952 3269 2021 3323 in-

2132 3268 2352 3339 σώματι
2381 3272 2667 3338 παρεῖναι,
2715 3264 2779 3325 οὗ
2805 3270 2841 3341 ἡ
2870 3270 3096 3343 βοήθεια
3122 3272 3237 3333 τοῖς
3285 3269 3472 3334 ἀΰλοις
3499 3268 3747 3340 ἐφάμιλο

433 3362 670 3419 cumbit.
699 3361 820 3416 Illic
848 3364 999 3417 enim
1033 3360 1270 3416 facultas
1295 3361 1515 3417 dicendi
1549 3362 1855 3433 praevalens
1890 3359 2021 3416 hauc'

2134 3360 2225 3425 λος
2278 3362 2655 3435 συμϐέϐηκεν,
2694 3362 2775 3429 ὡς
2801 3364 2903 3436 τῆς
2944 3363 3157 3418 ἐκεῖθεν
3182 3363 3592 3434 ἀπηλλαγμένῳ
3626 3378 3749 3416 κω-

435 3454 715 3510 laboriose
768 3453 974 3510 attollit
1026 3468 1195 3525 opera
1224 3452 1550 3518 laudabilia,
1576 3452 1668 3508 hic
1706 3461 1893 3508 autem
1921 3454 2021 3509 elo-

2138 3455 2320 3528 λύμης
2362 3456 2501 3527 ὁμοῦ
2524 3474 2584 3512 τε
2617 3457 2866 3525 ἀπεῖναι,
2893 3458 2990 3512 καὶ
3016 3458 3127 3513 τῶν
3161 3458 3474 3514 καλούντων
3497 3456 3746 3529 ἀκηκοέ-

435 3547 662 3618 quentia
722 3547 905 3601 omnis
960 3546 1130 3603 rebus
1172 3545 1435 3601 vincitur.
1501 3545 1581 3600 Ac
1633 3553 1847 3600 tantum
1886 3545 2018 3603 abes

2141 3566 2254 3613 vat,
2287 3549 2384 3604 καὶ
2410 3550 2506 3603 ἐπὶ
2543 3549 2710 3622 ξυροῦ
2741 3551 2976 3605 ἑστῶσιν
3003 3551 3190 3615 αὐτοῖς
3240 3552 3503 3623 παρεῖναι
3529 3551 3745 3621 σωτήρ.

435 3650 498 3695 ιιι
527 3647 884 3707 augmentum
897 3638 1087 3709 gloriae
1114 3654 1180 3694 ex
1206 3636 1687 3694 commendatione
1707 3636 1984 3693 laudantis
2018 3652 2186 3708 opera
2215 3640 2512 3711 accipiant,
2547 3648 2608 3695 ut
2630 3640 2797 3696 etiam
2816 3640 3095 3709 jacturam
3116 3642 3398 3712 patiantur
3417 3640 3744 3702 maximam.

436 3734 570 3801 Qua:
613 3733 762 3788 enim
797 3732 1015 3789 tandem
1040 3732 1291 3788 laudatio
1342 3746 1455 3787 non
1490 3744 1555 3785 ea
1608 3730 1793 3801 potius
1847 3730 2123 3803 deprimat
2159 3747 2325 3802 quam
2364 3732 2606 3789 celebret
2630 3734 2677 3790 si
2698 3741 2943 3791 tractare
2987 3735 3341 3807 aggrediatur
3379 3749 3503 3806 quae
3524 3748 3621 3805 per
3651 3735 3755 3790 illa

443 3839 691 3895 tempora
724 3831 944 3894 sceptra
978 3821 1288 3879 moderanti
1327 3819 1635 3887 mandavit,
1680 3820 1850 3876 morti
1936 3820 2198 3877 addicere
2252 3824 2469 3893 paranti
2517 3823 2787 3893 quosdam
2838 3824 2895 3880 in
2951 3828 3154 3897 quibus
3233 3835 3422 3899 utpote
3498 3828 3753 3886 innoxiis

438 3917 577 3975 nihil
607 3931 771 3971 suum
804 3931 954 3972 mors
992 3915 1255 3970 habebat.
1301 3913 1729 3970 Constantinum
1776 3910 2031 3984 designat
2069 3915 2251 3969 oratio
2281 3915 2377 3986 qui
2411 3916 2625 3985 primus
2646 3916 2930 3989 religionis
2957 3920 3273 3990 margaritis
3339 3920 3558 3975 ornavit
3625 3920 3753 3977 dla-

436 4011 618 4066 detna.
647 4009 727 4064 Ac
761 4016 919 4064 vetus
946 4022 1080 4064 sane
1101 4007 1366 4065 memoria
1401 4006 1571 4077 prisci
1595 4007 1860 4076 temporis
1892 4006 2094 4059 multas
2118 4005 2281 4062 nobis
2348 4016 2542 4062 narrat
2603 4007 2699 4062 Dei
2766 4024 3053 4065 servorum
3096 4010 3476 4082 apparitiones
3533 4012 3756 4067 subitas

436 4116 490 4163 et
518 4104 846 4178 praesentias
889 4102 1284 4175 exlonginquo
1318 4109 1601 4157 momento
1664 4101 1957 4164 adductas,
1990 4100 2230 4155 similem
2307 4115 2441 4156 vero
2492 4102 2659 4171 hujus
2714 4104 2918 4157 nullam
2968 4106 3171 4174 poterit
3244 4105 3465 4162 aﬂ‘erre.
3510 4104 3568 4159 In
3637 4106 3757 4163 illis

438 4203 583 4259 enim
644 4200 897 4272 deposita
948 4206 1327 4271 praegravante
1379 4196 1565 4253 carnis
1622 4197 1788 4262 mole,
1878 4195 2073 4251 testeis
2146 4208 2447 4264 corporum
2502 4197 2808 4252 involucris
2865 4199 3075 4270 egressi
3131 4214 3198 4255 ac
3259 4214 3429 4269 supra
3499 4200 3754 4270 specula,

436 4311 678 4368 quorum
738 4293 830 4349 hic
887 4292 944 4347 in
979 4290 1296 4349 simulacris
1325 4297 1382 4345 et
1430 4289 1771 4345 obscuritate
1800 4288 2032 4354 Vtvitur,
2104 4286 2311 4342 intuitu
2355 4288 2545 4343 liberat
2593 4291 2795 4346 mentis
2865 4292 3150 4362 expedito,
3202 4293 3553 4348 familiariter
3625 4308 3760 4347 ver-

439 4380 629 4448 santés
656 4403 785 4444 cum
842 4384 1146 4457 segregatis
1197 4398 1229 4438 a
1268 4383 1503 4438 materia
1548 4381 1851 4447 mentibus,
1887 4380 2039 4435 nulla
2073 4380 2187 4451 jam
2255 4396 2450 4437 earum
2517 4397 2704 4437 rerum
2732 4398 2855 4453 quae
2889 4386 3179 4440 materiam
3211 4399 3521 4456 sequuntur
3574 4384 3758 4455 impe-

445 4487 749 4543 dimentum
783 4488 879 4536 aut
917 4492 1131 4534 moram
1163 4477 1301 4548 ipsis
1327 4474 1647 4545 objiciente,
1706 4474 2039 4544 quibusdam
2082 4474 2238 4544 ipsos
2285 4474 2356 4529 ad
2404 4488 2465 4530 se
2494 4476 2687 4545 procul
2722 4476 3051 4533 vocantibus
3127 4487 3356 4546 repente
3424 4478 3752 4544 adfuerunt,

442 4589 816 4654 opportunum
873 4574 1142 4630 auxilium
1201 4571 1571 4643 praesentibus
1637 4585 1831 4625 eorum
1898 4570 2332 4625 necessitatibus
2390 4569 2579 4623 laturi.
2630 4570 2702 4624 At
2741 4569 2846 4626 hoc
2914 4571 3058 4626 idem
3103 4570 3289 4629 facere
3330 4582 3459 4630 ante
3515 4574 3754 4643 abrupta

443 4677 634 4733 carnis
664 4671 911 4737 vincula,
955 4681 1066 4723 tam
1124 4667 1313 4737 longo,
1344 4669 1593 4735 inquam.
1628 4680 1695 4720 ex
1734 4665 2048 4731 intervallo,
2090 4667 2383 4735 mortalem
2414 4666 2597 4721 adhuc
2653 4673 2709 4720 et
2733 4678 3007 4737 vocantes
3038 4669 3320 4725 audivisse
3362 4678 3416 4725 et
3484 4670 3757 4726 auxilium

445 4764 895 4841 periclitantibus
922 4768 1376 4831 reprccsentasse,
1412 4758 1466 4812 id
1507 4772 1643 4812 vero
1712 4768 1866 4813 tanto
1950 4759 2248 4813 intervallo
2300 4760 2563 4829 praecedit
2631 4768 2821 4829 atque
2857 4760 3137 4815 antecellit
3195 4761 3288 4816 illa
3342 4777 3467 4832 qua}
3513 4764 3762 4820 diximus

447 4862 718 4918 miracula
750 4866 961 4928 quanta
1007 4857 1114 4911 fuit
1146 4854 1413 4911 distantia
1450 4853 1699 4907 locorum
1729 4854 1783 4906 in
1816 4868 2054 4923 quorum
2098 4854 2217 4923 ipse
2252 4855 2450 4919 altero,
2480 4854 2535 4908 in
2570 4853 2748 4908 altero
2776 4853 2983 4920 Caesar,
3010 4866 3126 4910 tum
3159 4866 3339 4912 erant.
3395 4856 3530 4922 Quae
3602 4859 3763 4911 miri-

446 4957 550 5011 fica
576 4954 860 5012 celeritate
903 4950 1213 5022 pervolavit
1251 4961 1574 5018 corporeus,
1625 4947 1829 5017 quibus
1869 4947 2052 5002 adhuc
2087 4957 2206 5003 erat
2234 4948 2563 5019 implicitus,
2623 4949 2873 5019 laqueos,
2910 4959 3060 5003 tanta
3097 4953 3145 5005 vi
3178 4953 3453 5007 eluctatus
3515 4963 3573 5007 ut
3649 4963 3763 5006 tam

450 5052 643 5124 procul
670 5062 877 5117 corpus
931 5058 1094 5099 suum
1158 5050 1437 5095 momento
1470 5040 1713 5095 sisteret.
1771 5040 1828 5095 Si
1866 5050 2046 5096 tamen
2093 5042 2279 5097 dicere
2304 5057 2443 5112 opus
2462 5054 2547 5097 est
2577 5058 2810 5113 corpore
2838 5056 3165 5113 praesentem
3197 5044 3308 5100 illic
3375 5047 3548 5103 fuisse
3601 5048 3767 5112 cujus

448 5157 718 5200 accursus
764 5135 1263 5196 etsuccursusille
1318 5132 1555 5188 actionis
1607 5133 2058 5201 incorporearum
2136 5136 2405 5189 mentium
2451 5136 2687 5192 aemulus
2742 5138 2902 5207 quasi
2960 5148 3014 5193 et
3067 5138 3188 5209 ipse
3264 5143 3415 5195 omni
3469 5142 3758 5211 expeditus

448 5238 696 5295 materiae
754 5238 897 5293 mole
955 5238 1262 5294 absentiam
1312 5256 1469 5295 Sttnttt
1522 5255 1647 5292 cum
1703 5238 2060 5292 exaudilione
2102 5238 2417 5307 rogantium
2484 5240 2637 5296 visus
2700 5248 2785 5295 est
2840 5243 3246 5313 conjunxisse:
3309 5258 3457 5308 uno,
3511 5243 3765 5315 inquam,

452 5340 738 5397 momento
771 5331 930 5403 longe
954 5333 1200 5389 abfuisse
1231 5343 1287 5389 et
1338 5334 1393 5387 in
1430 5334 1549 5387 acie
1581 5333 1863 5386 novaculae
1901 5332 2099 5401 positis
2132 5334 2388 5403 praesenti
2426 5335 2634 5388 auxilio
2662 5335 2913 5391 adfuisse
2938 5336 3136 5391 salutis
3178 5346 3486 5392 auctorem.

522 5444 723 5502 Utrum
783 5445 954 5516 igitur
1006 5461 1119 5500 non
1163 5458 1550 5502 consentaneae
1591 5446 1864 5513 dicebam,
1914 5447 2058 5500 unde
2094 5465 2137 5518 ο

452 5534 581 5591 aliis
633 5534 871 5589 facultas
928 5537 1196 5591 orationis
1255 5536 1465 5603 amuit,
1511 5536 1751 5590 indidem
1812 5536 2055 5607 inopiam

455 5627 590 5683 mihi
631 5627 907 5683 sermonis
954 5628 1259 5684 exsistere?
1305 5626 1425 5682 Jain
1468 5628 1614 5683 enim
1656 5630 1711 5683 in
1769 5628 2057 5682 illustriori

452 5721 580 5776 vita:
610 5720 733 5777 loco
772 5721 1115 5779 constitutus
1139 5722 1261 5793 ejus
1295 5736 1455 5792 quem
1493 5721 1657 5776 laudo
1691 5722 1818 5790 viri,
1857 5722 2058 5793 quibus

2237 5443 2365 5518 Ἆρ’
2401 5444 2495 5501 οὖν
2530 5449 2842 5513 ἀπεικότως
2874 5450 3118 5521 ἐφάμην,
3150 5450 3229 5514 ὡς
3270 5451 3396 5504 ὅθεν
3437 5452 3551 5513 τοῖς
3580 5449 3767 5512 ἄλλοις

2167 5538 2265 5591 τοῦ
2315 5539 2497 5609 λέγειν
2526 5543 2559 5611 ἡ
2592 5541 2847 5612 εὐπορία,
2901 5542 3114 5597 ἐκεῖθεν
3142 5542 3271 5613 ἐμοὶ
3303 5544 3669 5614 παραγίνεται
3730 5545 3765 5612 ἡ

2169 5629 2399 5699 ἀπορία.
2440 5632 2582 5703 Ἴιδη
2618 5634 2730 5703 γὰρ
2785 5633 2844 5684 ἐν
2880 5632 3332 5704 περιφανεστέρῳ
3383 5633 3479 5686 τοῦ
3516 5631 3633 5703 βίου
3668 5632 3767 5686 τοῦ

2170 5722 2269 5775 νῦν
2297 5726 2579 5789 καταστὰς
2606 5725 3063 5798 εὐφημουμὲνου,
3099 5726 3198 5779 οὐκ
3229 5726 3335 5797 ἔχω
3361 5725 3412 5779 τί
3444 5730 3766 5797 χρήσωμαι,
