4086 6298
490 333 595 400 227

1713 308 1985 393 LEOle
2022 330 2478 393 PHILOSOPHI

3646 334 3746 400 228

487 462 603 509 tum
658 462 712 508 et
761 450 971 507 cmlesti
1036 452 1274 522 puritate
1320 447 1782 512 conversationis,
1834 446 2062 512 similis;

2169 448 2466 535 οἰκείωσις,
2501 450 2622 519 μεθ’
2651 444 2711 503 οὗ
2759 450 2964 516 ὲξιλέου
2992 455 3083 508 τὸν
3112 455 3168 520 ὃς
3201 456 3292 509 ἐπὶ
3322 456 3428 511 τῶν
3453 457 3551 529 τῆς
3580 458 3749 511 οἰκου-

487 541 645 599 nunc
692 557 989 601 consessus
1054 544 1370 597 eorumdem
1420 551 1492 594 et
1546 539 1733 609 gloriae
1790 538 2062 608 particeps

488 630 669 684 facte!
705 628 749 685 Ο
785 632 1201 700 paratissimum
1244 640 1299 685 et
1330 630 1397 684 ad
1432 629 1678 684 omnium
1706 628 2063 683 necessitates

486 738 656 776 unum
702 722 978 780 sulliciens
1032 724 1326 778 auxilium!
1393 722 1516 777 llmc
1550 721 1648 777 tibi
1698 736 1727 775 a
1756 721 1934 786 nobis,
1965 719 2064 775 Ni-

483 816 663 883 colae,
696 817 940 888 perfecta
985 826 1069 873 est
1125 819 1321 882 oratio,
1374 818 1526 889 gravi
1576 832 1678 871 nos
1719 813 1907 871 morbo
1941 829 2069 869 con-

2172 533 2342 610 μὲνης
2385 542 2639 596 ἐκάθισεν
2702 546 2847 614 ἡμᾶς
2891 546 3115 611 οἰάκων,
3172 549 3335 617 σοφὸν
3384 547 3743 621 κυϐερνήτην,

2170 632 2525 704 εὐδοκιμῆσαι
2572 635 2669 705 μὲν
2699 635 2788 688 τὸν
2837 636 3004 690 πλοῦν
3035 640 3092 691 ὲν
3138 640 3345 711 γαλήνῃ
3398 640 3745 710 διηνυκέναι,

2173 724 2461 795 εὐῶκῆσαι
2524 726 2580 780 δὲ
2631 730 2726 782 καὶ
2778 729 2919 801 πρὸς
2973 730 3062 784 τὸν
3112 732 3425 803 ἀκύμαντον
3471 734 3746 788 εἰσελάσαι

2175 817 2370 887 λιμένα
2398 819 2605 885 πάντας
2627 821 2765 891 ἅμα,
2794 823 2887 877 καὶ
2935 823 3134 877 ὁλκάδα
3159 828 3253 879 καὶ
3283 826 3650 898 κυϐερνήτην.

483 912 1067 984 ﬁcientementemque
1130 914 1184 968 in
1244 914 1463 969 diversa
1518 910 1883 975 trahentibus,
1934 908 2063 965 hinc
2102 926 2289 967 amore
2318 913 2419 978 tui,
2451 912 2609 970 illinc
2642 916 2975 973 valetudinis
3030 920 3313 979 aerumnis.
3372 927 3427 975 et
3486 919 3750 990 languore

480 1007 703 1077 quidem
764 1015 1030 1080 tanquam
1084 1008 1327 1078 procella
1395 1007 1629 1077 quadam
1687 1006 1845 1076 quasi
1930 1005 2280 1075 submergere
2332 1008 2697 1063 contendente
2761 1011 3047 1075 rationem,
3101 1027 3285 1067 amore
3346 1021 3527 1067 autem
3587 1007 3750 1067 veluti

481 1097 1018 1168 remigantemecum
1054 1108 1108 1153 et
1138 1098 1350 1154 animos
1382 1097 1615 1178 faciente
1659 1103 1821 1167 atque
1876 1112 1942 1152 ex
2002 1098 2516 1167 perturbationibus
2590 1099 2719 1154 inde
2800 1101 2937 1156 ortis
3000 1104 3297 1160 excitante.
3362 1103 3565 1159 Verum
3617 1120 3754 1178 euge

475 1191 709 1249 emersit
734 1191 953 1248 tandem
1004 1202 1169 1262 atque
1210 1191 1425 1245 exstitit
1470 1171 1725 1260 superior
1752 1190 1956 1244 auxilio
1986 1191 2066 1243 tui
2105 1193 2309 1247 amoris
2340 1192 2542 1256 oratio,
2590 1192 2813 1263 jamque
2859 1203 3019 1249 nacta
3062 1211 3223 1251 suum
3299 1195 3485 1263 tinem,
3547 1172 3757 1253 donum.

476 1300 794 1356 quanquam
855 1282 1141 1353 indignum
1197 1282 1293 1336 tibi
1325 1282 1570 1338 oﬂertur.
1606 1281 1929 1352 Superiores
1960 1299 2060 1340 nos
2104 1300 2323 1355 quoque
2348 1284 2630 1342 doloribus
2656 1288 2933 1343 evasimus
2958 1296 3013 1344 et
3050 1297 3143 1345 tua
3177 1297 3232 1345 et
3298 1290 3481 1345 divina
3536 1303 3751 1364 'marty-

480 1385 561 1437 ris
612 1378 917 1435 curatione.
978 1377 1179 1445 Quidni
1232 1377 1377 1431 enim
1436 1377 1737 1447 gratiarum
1788 1377 2063 1431 actionem
2106 1383 2468 1450 rependamus
2558 1396 2904 1437 communem
2948 1385 3137 1454 gratia:
3184 1385 3350 1440 unius
3432 1386 3753 1442 auctoribus

483 1473 700 1527 duobus
750 1471 951 1541 quibus
1014 1484 1137 1524 cum
1187 1469 1375 1524 divino
1433 1467 1656 1523 numine
1712 1467 2063 1525 familiaritas
2132 1471 2247 1541 jam
2308 1472 2452 1528 inest
2507 1474 2932 1546 conjunctioque
2991 1478 3346 1533 communis?
3412 1477 3547 1532 Cum
3646 1493 3754 1549 quo

476 1566 622 1623 votis
658 1573 711 1621 et
738 1562 1258 1633 suﬂ‘ragiisjunctus
1321 1562 1497 1631 placa,
1565 1561 1833 1625 obsecro,
1900 1562 2061 1618 nobis
2154 1574 2317 1634 atque
2390 1567 2622 1622 concilia
2694 1583 2817 1623 eutn
2875 1571 2969 1641 qui
3046 1566 3113 1625 a‘d
3184 1571 3551 1642 gubernacula
3635 1572 3751 1631 orbi

466 1668 753 1715 terrarum
783 1670 883 1711 nos
913 1653 1226 1721 conStituit,
1257 1654 1561 1723 sapientem
1637 1654 2086 1724 gubernatorem.
2168 1656 2271 1713 Per
2321 1658 2439 1728 ejus
2497 1667 2557 1715 ut
2633 1662 2792 1717 nobis
2851 1678 3035 1733 pacem
3094 1665 3419 1734 veniamque
3465 1665 3743 1735 contingat

477 1762 703 1807 cursum
739 1749 795 1804 in
842 1747 1242 1819 tranquillitate
1310 1746 1525 1801 felicem
1551 1760 1810 1819 peragere
1838 1761 1903 1802 ac
1948 1748 2167 1805 tandem
2200 1751 2373 1819 plenis
2418 1753 2550 1809 velis
2579 1754 2634 1807 in
2700 1754 2963 1811 [luctuum
3034 1766 3312 1825 expertem
3375 1771 3439 1812 ac
3502 1757 3748 1829 quietum

476 1844 633 1899 illum
666 1852 881 1913 portum
907 1840 1132 1911 pervehi
1167 1840 1330 1895 simul
1360 1856 1576 1906 omnes,
1606 1856 1798 1896 navem
1826 1842 2050 1912 inquam
2085 1849 2141 1898 et
2171 1847 2510 1901 navarchum
2538 1850 2551 1901 !

1034 1954 1299 2011 ORATIO
1344 1956 1535 2010 XVIII.

552 2142 863 2194 comiastica
909 2138 973 2193 de
1018 2154 1207 2209 magno
1258 2138 1353 2192 Dei
1388 2138 1672 2209 pontiﬁce,
1703 2148 1751 2191 et
1802 2137 2067 2191 communi

554 2212 699 2265 orbis
731 2221 886 2265 terra:
911 2218 1091 2277 portu,
1112 2207 1326 2262 Joanne
1365 2208 1764 2278 Chrysostomo.

554 2399 607 2453 t.
639 2395 756 2453 Viri
801 2396 1059 2451 virtutem
1106 2392 1333 2457 laudare
1375 2392 1602 2463 jussus,
1647 2392 1771 2455 viri,
1821 2392 2066 2462 inquam,

479 2490 574 2548 cui
611 2502 914 2561 cognomen
962 2495 1046 2543 est
1079 2501 1142 2542 os
1174 2500 1423 2553 aureum,
1456 2493 1587 2557 puto
1618 2502 1647 2538 a
1687 2502 1780 2539 me
1811 2486 1978 2557 exigi,
2010 2494 2069 2540 ut

481 2582 763 2639 ﬂammeos
816 2593 1012 2635 currus
1058 2578 1395 2640 ascendam,
1439 2587 1533 2631 aut
1582 2578 1843 2633 miracula
1884 2586 2069 2653 osten-

482 2685 591 2730 tem
636 2672 895 2727 Ilosaica.
928 2669 1165 2725 Perinde
1195 2678 1280 2725 est
1308 2668 1478 2733 enim,
1512 2678 1572 2723 ut
1605 2684 1709 2741 ego
1744 2670 1944 2737 sentio,
1975 2669 2065 2724 illa

481 2766 795 2838 quempiam
836 2763 1045 2820 audere
1101 2760 1353 2833 aggredi,
1392 2758 1449 2817 et
1479 2762 1663 2834 lingua
1704 2763 1930 2819 laudare
1958 2764 2063 2819 lin-

482 2874 644 2931 guam
682 2857 832 2912 illam
867 2870 995 2912 vere
1031 2870 1291 2918 auream,
1325 2862 1526 2924 etquae
1560 2855 1819 2909 universo
1864 2855 2067 2909 mundo

483 2947 723 3017 scipsam
755 2943 991 3015 praebuit
1019 2944 1257 3012 pretium
1308 2942 1728 3010 redemptionis.
1762 2944 1854 2996 Sic
1883 2952 2064 2997 autem

482 3037 617 3094 mihi
656 3037 820 3106 ccepti
861 3034 1147 3091 audaciam
1199 3034 1496 3104 cogitanti,
1523 3048 1647 3088 cum
1682 3050 1771 3089 res
1816 3035 2067 3089 videatur

481 3126 780 3199 ejusmodi,
836 3124 1115 3196 prohibita
1160 3131 1245 3179 est
1286 3124 1514 3183 omnino
1549 3123 1885 3185 ohedientia,
1916 3124 2065 3177 arbi-

482 3220 650 3277 trauti
704 3218 878 3275 tutius
924 3232 1048 3275 esse
1093 3231 1415 3287 praeponere
1458 3215 1909 3281 inobedientiam,
1940 3230 2063 3269 eum

2096 1939 2144 1999 B

478 2065 673 2124 Leonis
708 2070 761 2123 in
801 2069 905 2124 Deo
941 2076 1139 2123 artemo
1182 2083 1301 2137 rege
1344 2067 1674 2135 imperatoris
1698 2108 1712 2130 ,
1754 2067 1931 2122 oratio
1974 2082 2070 2119 ιη·
2106 2062 2107 2065 “

2772 1966 2987 2021 ΛΟΓΟΣ
3041 1967 3148 2019 ur.
3236 2040 3237 2043 γ

2172 2074 2430 2142 Λέοντος
2456 2077 2525 2132 ἐν
2551 2076 2629 2141 τῷ
2656 2076 2777 2143 Θεῷ
2801 2078 3058 2141 ,βασιλεῖ
3081 2080 3297 2145 altaria)
3316 2077 3622 2145 βασιλέως
3648 2081 3751 2133 .πό-

2242 2164 2349 2215 γος
2398 2147 2869 2217 ἐγκωμιαστικὸς
2919 2152 3004 2215 εις
3066 2149 3174 2202 τὸν
3212 2149 3403 2217 μέγαν
3455 2149 3562 2203 τοῦ
3600 2146 3750 2205 Θεοῦ

2242 2216 2674 2290 ᾀρχιερέα,⁷καὶ
2718 2219 2926 2290 κοινὸν
2977 2218 3087 2286 τῆς
3121 2216 3477 2287 οἰκουμένης
3507 2221 3750 2290 λιμένα,

2254 2288 2539 2356 Ἰωάννην
2566 2290 2675 2341 τὸν
2702 2289 3159 2358 Χρυσόστομον.

2241 2376 2308 2432 α’.
2356 2378 2581 2451 ’Δρετὴν
2608 2380 2799 2451 ἀνδρὸς
2833 2382 3076 2435 ἐπαινεῖν
3111 2380 3499 2452 κελευόμενος,
3534 2382 3744 2453 ἀνδρὸς,

2168 2460 2212 2534 ᾧ
2244 2468 2304 2520 τὸ
2335 2468 2573 2538 χρυσοῦν
2607 2467 2895 2539 ἐπώνυμον
2936 2474 3131 2540 στόμα,
3166 2470 3308 2524 δοκῶ
3346 2489 3437 2542 μοι
3465 2472 3746 2546 φλογερῶν

2171 2560 2432 2630 ἁρμάτων
2482 2560 2772 2627 ἐπίϐασιν,
2815 2563 2847 2633 ἢ
2899 2563 3245 2617 Μωῦσαῖκῶν
3291 2563 3586 2635 θαυμάτων
3633 2565 3752 2629 sui:

2169 2653 2333 2720 δειξιν
2383 2654 2653 2709 ἀπαιτοῦν
2712 2654 3030 2726 παρέστηκε
3078 2655 3140 2709 τὸ
3190 2655 3489 2727 ἐπίταγμα.
3538 2658 3742 2711 Tauroni

2169 2745 2299 2817 γὰρ,
2341 2746 2417 2809 ὡς
2455 2748 2483 2800 ὁ
2516 2745 2649 2816 ἐμὸς
2689 2744 2866 2815 λόγος,
2905 2746 3165 2812 τοιούτοις
3208 2748 3330 2830 τινά
3372 2749 3579 2822 τολμᾷν
3608 2751 3745 2830 Δὲπιο

2168 2837 2414 2903 ϐαίνειν,
2469 2840 2720 2892 κάκεῖνον
2772 2837 2859 2891 διὰ
2898 2836 3145 2910 γλώττης
3194 2828 3567 2910 ἐγκωμιάζειν
3588 2828 3629 2906 ,’λ
3649 2838 3750 2915 τὴν

2170 2928 2384 2999 χρυσῆν
2418 2928 2588 2992 ὅντως
2626 2927 2912 2998 γλῶσσαν,
2959 2929 3055 2983 καὶ
3104 2929 3299 3002 κόσμῳ
3340 2920 3505 2986 παντί
3550 2932 3750 3005 λύτρον

2168 3022 2369 3091 ἑαυτὴν
2394 3018 2805 3078 ὖπατεύσασαν.
2832 3021 2989 3076 Οὕτω
3020 3022 3077 3077 δέ
3116 3040 3207 3094 μοι
3236 3023 3336 3095 τὴν
3363 3025 3568 3096 τόλμαν
3593 3028 3745 3079 ἐννο-

2168 3113 2318 3167 οῦντι
2362 3115 2455 3167 τοῦ
2497 3115 2920 3186 ἐγχειρήματος,
2948 3114 3235 3189 δοκοῦντος
3270 3116 3366 3169 τοῦ
3399 3118 3743 3188 πράγματος,

2170 3207 2347 3260 πάντα
2380 3206 2450 3260 τὰ
2476 3207 2580 3277 τῆς
2609 3208 2857 3279 ὑπακοῆς
2882 3194 3270 3280 ἀπηγόρευται
3285 3208 3538 3272 ἐνταῦθα,
3562 3225 3750 3279 παραο

479 3308 844 3369 formidabilis
878 3308 949 3364 sit
998 3306 1329 3373 obedientia,
1368 3307 1782 3377 periculosaque
1813 3315 1867 3361 et
1898 3321 2062 3377 supra

2169 3294 2301 3365 χοὴν
2366 3295 2659 3366 ἡγουμένῳ
2714 3298 2988 3369 προτιμᾷν
3035 3299 3445 3370 ἀσφαλέστερον
3498 3301 3749 3372 ὑπακοῆς

482 3404 653 3460 vires.
693 3400 838 3469 Quid
884 3400 1059 3456 vero?
1086 3397 1356 3466 Quoniam
1394 3408 1476 3454 est
1521 3399 1918 3470 periculosum,
1965 3414 2064 3453 an-

486 3510 557 3551 ne
580 3504 826 3563 eousque
851 3489 1075 3563 quidem
1122 3489 1411 3544 tacendum
1441 3499 1544 3554 est,
1578 3500 1630 3544 ut
1666 3506 1771 3544 non
1818 3490 2061 3545 dicamus

484 3600 649 3657 quam
704 3584 1001 3639 multorum
1055 3596 1222 3637 causa
1268 3591 1528 3636 cernatur
1572 3583 1927 3637 obedientia?
1978 3585 2060 3639 An

481 3672 801 3745 juveniliter
842 3671 913 3726 ab
934 3668 1095 3725 initio
1149 3668 1552 3740 aggredientem
1605 3670 1807 3735 dicere,
1847 3684 2061 3741 propter

484 3764 611 3820 ﬁdei
643 3763 893 3818 ardorem
918 3800 934 3827 ,
987 3768 1083 3816 aut
1126 3758 1274 3814 illius
1310 3759 1580 3814 viscerum
1643 3761 2058 3830 benignitatem,

484 3856 782 3912 immittere
810 3869 871 3910 se
897 3860 1112 3924 oportet
1133 3852 1185 3905 in
1214 3866 1365 3907 mare
1392 3851 1808 3923 encomiorum?
1831 3852 1893 3905 Et
1912 3853 2062 3923 quis-

484 3964 610 4004 nam
639 3946 885 4003 cernitur
919 3945 1099 4000 virum
1138 3943 1291 3998 illum
1343 3943 1480 3998 adeo
1506 3944 1783 4012 ignorare,
1816 3945 1908 4015 qui
1952 3961 2059 4000 non

484 4041 665 4097 solum
697 4050 757 4094 ut
796 4047 983 4093 mutus
1025 4044 1080 4093 et
1110 4035 1316 4093 surdus
1348 4036 1421 4090 sit
1463 4035 1911 4107 loquacissimus,
1964 4038 2060 4094 sed

481 4134 647 4190 etiam
683 4140 742 4188 ut
769 4131 975 4201 lapides
1008 4130 1303 4185 clamorem
1335 4128 1606 4190 emittant,
1635 4130 1875 4185 creditur
1903 4146 2061 4202 posse

482 4226 729 4283 cllicere?
764 4224 969 4280 Horum
1000 4222 1144 4277 enim
1169 4221 1324 4277 tidem
1354 4220 1567 4276 faciunt
1594 4220 1822 4277 “annua:
1854 4224 2061 4281 deside-

482 4320 574 4388 rii,
606 4334 746 4390 quas
772 4332 901 4387 spes
929 4316 983 4370 in
1030 4315 1200 4369 altum
1233 4314 1448 4370 sublata
1477 4314 1764 4380 conciliat;
1787 4317 2060 4384 quomodo

486 4412 651 4467 etiam
678 4425 905 4479 magnus
923 4408 1206 4478 apostolus
1226 4406 1492 4477 praecipit,
1518 4407 1766 4463 scribens
1792 4424 1806 4461 :
1830 4409 2059 4462 Multum

484 4504 621 4557 valet
665 4502 838 4555 oratio
862 4499 1001 4570 justi
1029 4512 1250 4567 operans
1272 4498 1287 4529 ¹
1315 4517 1327 4552 :
1354 4498 1458 4553 hoc
1491 4501 1598 4561 es‘t,
1636 4514 1757 4568 quae
1784 4502 2059 4569 operatio-

424 4614 431 4663 χ
484 4609 608 4649 nem
641 4592 1001 4663 consequitur
1029 4605 1094 4646 ex
1122 4605 1210 4656 eo,
1236 4589 1383 4660 quod
1420 4604 1527 4645 non
1562 4591 1817 4646 dubitant
1842 4593 1933 4662 qui
1963 4608 2057 4648 ac-

482 4684 706 4741 cedunt.
732 4682 1095 4749 Quamobrem
1122 4680 1385 4736 mittenda
1409 4680 1629 4751 quidam
1648 4694 1729 4737 est
1752 4684 2061 4753 periculosa

483 4775 836 4839 existimatio,
860 4781 1146 4846 paternum
1180 4780 1362 4828 autem
1409 4771 1626 4843 jussum
1677 4786 1873 4832 c’urare
1897 4792 2061 4847 apor-

484 4877 583 4934 tet,
614 4869 663 4926 ci
696 4867 787 4939 qui
816 4879 943 4922 ante
973 4864 1153 4921 omnia
1183 4865 1431 4920 omnium
1463 4875 1549 4921 est
1579 4867 1844 4923 bonorum
1867 4883 2057 4936 causa,

482 4959 633 5017 Patri
671 4959 964 5024 lutninum,
999 4970 1063 5010 ea;
1094 4971 1198 5025 quo
1236 4956 1406 5009 omnis
1453 4958 1602 5011 datio
1641 4959 1776 5014 bona
1822 4960 2055 5015 homini-

487 5054 581 5108 bus
598 5056 641 5121 ³,
678 5061 738 5106 ιιι
770 5051 942 5105 sacris
972 5048 1232 5103 scribitur
1277 5046 1524 5112 Litteris,
1561 5060 1613 5105 et
1657 5066 1817 5106 omne
1854 5052 2058 5109 donum

484 5146 808 5217 perfectum,
838 5150 1073 5198 mentem
1102 5139 1433 5205 dedicando,
1469 5150 1523 5197 et
1550 5143 1629 5197 sic
1658 5145 1986 5215 incipiendo.

553 5240 607 5293 2.
643 5239 820 5307 Atque
854 5236 900 5291 si
935 5248 1134 5305 magno
1166 5232 1383 5305 quidem
1410 5232 1803 5306 Chrysostomo
1843 5238 2055 5294 videre-

488 5345 579 5389 tur
632 5333 825 5389 deesse
860 5331 984 5386 vitee
1048 5328 1326 5399 splendor,
1376 5329 1687 5400 dogmatum
1748 5335 2054 5389 caelestium

488 5427 716 5492 tonitru,
772 5408 1158 5477 miraculorum
1214 5419 1539 5475 terribilium
1581 5424 1782 5495 fulgur,
1837 5434 1889 5481 et
1946 5427 2053 5481 alia

555 5526 571 5556 ³
605 5523 722 5581 Jac.
766 5540 818 5587 v,
853 5519 940 5575 i6.
1016 5522 1035 5551 ²
1068 5516 1181 5573 Jac.
1221 5532 1259 5583 ι,
1298 5516 1382 5570 17.

2172 3386 2407 3457 φρικτῆς
2434 3387 2529 3440 καὶ
2569 3387 2927 3452 κινδυνώδους
2957 3390 3053 3444 καὶ
3091 3390 3231 3464 ὑπὲρ
3262 3391 3514 3463 δύναμιν.
3552 3393 3617 3447 Τί
3652 3390 3747 3459 δέ;

2169 3478 2251 3531 ὅτι
2282 3478 2565 3546 κινδύνων,
2597 3481 2657 3533 οὐ
2696 3480 2797 3550 μὲν
2826 3480 2919 3535 οὖν
2955 3481 3061 3535 οὐδ’
3099 3483 3275 3536 εἰπεῖν
3306 3482 3445 3539 ὅσων
3478 3487 3747 3557 παραίτια

2170 3572 2235 3625 τὰ
2272 3571 2371 3642 τῆς
2405 3572 2650 3642 ὑπακοῆς
2692 3575 2908 3643 ὁρᾶται.
2956 3575 3352 3647 σιωπητέον;ῆ
3399 3577 3749 3649 τολμήσαντα

2168 3681 2221 3717 τι
2260 3666 2529 3729 νεανικὸν,
2577 3665 2668 3719 τὸν
2713 3666 2872 3734 λόγον
2926 3668 2989 3719 ἐκ
3032 3667 3338 3738 προοιμίων
3376 3669 3451 3740 τῷ
3494 3670 3747 3744 διαπύρῳ

2167 3757 2270 3826 τῆς
2309 3761 2565 3823 πίστεως,
2596 3758 2629 3829 ἦ
2660 3758 2739 3829 τῷ
2778 3776 2842 3827 γε
2882 3759 3105 3831 χρηστῷ
3154 3759 3263 3814 τῶν
3294 3761 3507 3815 ἐκείνου
3540 3763 3749 3836 σπλάγ-

2170 3868 2308 3920 χνων
2338 3850 2529 3904 ἑαυτὸν
2576 3853 2868 3919 ἐπαφεῖναι
2896 3852 2972 3922 τῷ
3012 3852 3238 3922 πελάγει
3268 3852 3377 3927 τῶν
3409 3854 3743 3925 ὲγκωμίωνς

2171 3944 2263 3997 καὶ
2285 3944 2368 4006 τίς
2400 3944 2613 4013 ἀγνοῶν
2647 3945 2739 3999 ἐπὶ
2787 3944 3042 3999 τοσοῦτον
3082 3945 3278 4017 ὁρᾶται
3310 3945 3401 3999 τὸν
3440 3945 3631 4017 ἄνδρα,
3660 3948 3746 4019 μὴ

2166 4038 2250 4090 ὃτι
2282 4038 2498 4106 κωφὸν.
2533 4037 2567 4109 ἢ
2619 4036 2903 4105 δύσκωφον
2949 4037 3271 4093 λαλίστατον
3311 4040 3741 4111 ἀπεργάζεσθαι,

2168 4129 2306 4183 ἀλλὰ
2350 4130 2443 4184 καὶ
2483 4129 2651 4194 λίθοις
2689 4131 2980 4200 ἐπαφεῖναι
3012 4132 3260 4203 κραυγὴν
3295 4132 3610 4187 πιστεύεται
3646 4133 3729 4186 δυ·

2168 4223 2326 4285 νατὺς
2358 4221 2468 4287 ῶν;
2502 4222 2708 4277 τούτων
2737 4224 2847 4293 γὰρ
2885 4223 3069 4286 πίστις
3094 4225 3189 4277 καὶ
3223 4222 3392 4278 πόθου
3422 4224 3617 4294 φλόγες
3657 4224 3745 4278 ξλ-

2168 4314 2320 4369 πίσιν
2350 4315 2639 4386 αἰρόμεναι
2665 4314 2952 4385 πρόξενοι·
2987 4313 3129 4369 καθά
3152 4313 3217 4385 δὴ
3240 4314 3333 4369 καὶ
3351 4316 3379 4369 ὁ
3406 4315 3580 4386 μέγας
3608 4316 3744 4370 ἀπό-

2169 4406 2353 4470 στολος
2378 4408 2625 4478 γράφων,
2651 4406 2819 4461 Πολὺ
2845 4407 3044 4475 ἰσχύει
3074 4406 3283 4475 δέησις
3312 4408 3550 4464 δικαίου
3578 4408 3743 4480 ἐνερ-

2168 4499 2459 4570 γουμένη,
2501 4500 2813 4572 παρεγγυᾷ,
2860 4500 3142 4564 τουτέστι,
3185 4498 3266 4570 τῷ
3310 4499 3587 4572 ἀδικάστῳ
3631 4496 3742 4555 τῶν

2169 4592 2502 4663 προσιόντων
2528 4590 2627 4662 τὴν
2647 4590 2926 4660 ἐνέργειαν
2955 4588 3437 4662 ἀποκληρουμένη.
3457 4590 3550 4645 Διὸ
3580 4591 3643 4658 δὴ
3673 4593 3741 4647 τὰ

2167 4685 2267 4754 τῆς
2292 4683 2650 4745 κινδυνώδους
2680 4682 2778 4753 μὲν
2803 4681 3125 4751 ὑπολήψεως
3158 4682 3344 4736 ἐατέον
3363 4721 3380 4748 ,
3419 4684 3521 4751 τῆς
3548 4683 3603 4736 δὲ
3636 4702 3741 4737 πα-

2166 4774 2347 4846 τρῴας
2376 4774 2680 4837 κελεύσεως
2704 4773 3075 4844 φροντιστέον,
3104 4772 3250 4843 αὐτῷ
3288 4774 3395 4845 πρὸ
3422 4774 3637 4828 πάντων
3660 4774 3740 4844 τῷ

2170 4868 2386 4922 πάντων
2415 4868 2572 4938 αἰτίῳ
2605 4866 2715 4920 τῶν
2753 4864 2932 4921 καλῶν
2960 4864 3035 4934 τῷ
3069 4866 3243 4935 Πατρὶ
3276 4865 3383 4919 τῶν
3415 4866 3633 4936 φώτων,
3666 4866 3739 4931 ἐξ

2166 4954 2240 5015 οὗ
2280 4958 2448 5012 πάσα
2483 4958 2655 5025 δόσις
2709 4955 3039 5026 ἀνθρώποις
3085 4955 3301 5024 ἀγαθὴ,
3337 4958 3397 5011 τὸ
3436 4957 3738 5031 ίερολογού-

2174 5067 2352 5120 μενον,
2394 5053 2489 5105 καὶ
2538 5052 2643 5104 πᾶν
2678 5048 2913 5120 δώρημα
2945 5047 3171 5113 τέλειον,
3204 5046 3294 5102 τὸν
3335 5048 3460 5103 νοῦν
3482 5042 3735 5118 ἀναθεὶς,

2170 5146 2263 5199 καί
2301 5144 2362 5198 οῦ
2372 5162 2473 5207 τως
2504 5146 2825 5215 ἀρχόμενος.

2241 5238 2307 5308 β’.
2342 5239 2404 5291 Εἰ
2441 5240 2538 5309 μὲν
2559 5234 2652 5292 οὖν
2687 5240 2715 5292 ό
2747 5238 2921 5310 μέγας
2957 5238 3150 5302 ἐνδεῶς
3181 5236 3322 5307 ἔχων
3354 5237 3561 5307 ἑωρᾶτο
3589 5238 3737 5309 Χρυ-

2169 5332 2431 5402 σόττομος
2483 5330 2600 5401 βίου
2654 5332 3078 5403 λαμπρότητος,
3133 5328 3419 5400 δογμάτων
3471 5318 3737 5400 οὐρανίων

2166 5427 2415 5497 βροντῆς,
2442 5428 2736 5500 θαυμάτων
2782 5427 3069 5500 ἀστραπῆς
3104 5426 3371 5497 φοϐερῶν,
3415 5428 3523 5480 τῶν
3563 5427 3737 5482 ἄλλων

2027 5609 2258 5669 NOTAE.

557 5713 671 5791 (ξι)
692 5714 957 5791 _For_tasse
989 5718 1238 5791 sanctum
1261 5707 1623 5790 Stephanum
1648 5707 1922 5791 intelligit,
1950 5722 2059 5791 cu-

490 5780 580 5858 jus
605 5780 664 5839 in
692 5786 904 5860 laudem
934 5782 1240 5860 orationem
1274 5796 1494 5860 quoque
1524 5783 1741 5860 scripsit
1779 5780 1864 5833 hic
1912 5780 2052 5860 idem

491 5849 769 5929 Augustus
817 5854 948 5920 Leo,
978 5868 1099 5923 qua:
1130 5853 1183 5906 in
1242 5849 1432 5921 codice
1458 5849 1719 5906 Valicnno
1743 5868 1905 5922 supra
1939 5852 2054 5905 lau-

2163 5711 2291 5767 dato
2331 5714 2554 5784 triginta
2579 5713 2751 5789 trium
2776 5715 3085 5789 orationum
3124 5715 3263 5771 hanc
3288 5718 3459 5789 ipsam
3492 5726 3735 5774 nostrain

2164 5800 2269 5838 una
2305 5792 2514 5839 tantum
2541 5787 2644 5840 alia
2676 5786 2997 5857 interposita
3031 5790 3297 5858 sequitur.
