4108 6306
249 377 359 442 2'29

901 379 1182 439 ORATIO
1218 378 1443 440 XVIII.
1479 399 1548 412 -
1580 376 1962 439 LAUDATIO
2003 377 2072 438 ὃ.
2108 375 2428 437 JOANNIS
2466 374 2868 435 CHRYSOST.
2958 417 2960 419 ›

3410 378 3517 440 230

252 491 495 554 πάντων,
531 481 615 552 οἷς
643 490 672 542 ὁ
701 488 846 552 θεῖος
877 489 935 540 ἐν
963 493 1056 561 γῇ,
1091 490 1185 548 καὶ
1229 491 1363 561 πρὶν
1415 483 1670 543 ἐντεῦθεν
1709 506 1823 560 μετ-

1953 489 2161 552 omnia,
2191 489 2386 558 quibus
2427 486 2510 540 vir
2538 487 2758 542 divinus
2808 487 2861 541 in
2901 495 3080 552 terra,
3116 490 3279 546 etiam
3329 493 3514 560 prius-

250 585 485 654 αναστῇ,
517 583 994 654 χαρακτηρίζεται
1039 582 1352 654 ἄνθρωπος·
1386 584 1556 637 ἐδεῖτο
1583 583 1658 654 τῷ
1684 583 1833 652 νόρῳ

249 675 366 728 τῶν
401 667 706 744 ἐγκωμίων
737 674 836 744 τῆς
890 675 1123 744 κηρίνης
1163 677 1543 743 περιφανείας,
1596 673 1827 728 πλούτου

260 769 430 836 λέγω,
465 769 563 821 καὶ
589 767 768 836 δόξης,
799 767 893 820 καὶ
924 768 1201 838 πατρίδος,
1225 768 1317 821 καὶ
1347 767 1453 821 τῶν
1481 766 1654 821 ἄλλων
1677 766 1829 837 εὐδο-

253 861 512 930 κίμησιν,
536 855 620 922 οἷς
639 861 699 913 οἱ
725 860 921 929 φύντες
951 862 1088 913 κατὰ
1106 861 1201 932 τὴν
1223 861 1496 933 Ἀντιόχου
1517 861 1616 931 τῆς
1647 859 1834 928 κοίλης

252 953 459 1024 Συρίας
480 952 786 1022 κομῶντες,
815 953 1085 1006 πλουσίων
1114 956 1242 1016 τοὺς
1269 953 1391 1007 κατ’
1430 949 1605 1006 έκεῖνο
1635 951 1828 1022 καιροῦ

251 1045 469 1108 πάντας
505 1043 797 1113 δευτέρους
822 1043 1132 1110 ἀπέδειξαν.
1179 1044 1332 1097 Ἐπεὶ
1372 1043 1426 1098 δὲ
1468 1045 1536 1097 τὰ
1569 1045 1854 1114 μεγαλεῖα¹

249 1134 363 1188 τῶν
393 1133 588 1204 ἐκείνῳ
628 1134 941 1206 προσόντων
986 1135 1168 1188 καλῶν
1212 1135 1510 1189 καλύπτειν
1557 1132 1664 1189 οἶδε
1721 1137 1830 1188 τῶν

254 1225 736 1295 σωματικωτέρων
757 1225 847 1278 τὸν
874 1225 1056 1293 ὄγκον,
1082 1227 1179 1298 οὐχ
1205 1221 1423 1300 ἦττονῆ
1452 1230 1561 1280 τῶν
1585 1227 1828 1299 ἡλιακῶν

249 1316 490 1371 ἀκτίνων
505 1318 539 1385 η
554 1317 791 1388 προϐολὴ
806 1317 910 1369 τῶν
925 1319 1350 1390 ἀστραίκτων(α)
1367 1321 1718 1391 ὠραιοτήτων
1730 1319 1828 1383 τὰς

251 1410 606 1478 ἁνταυγείας,
634 1408 962 1480 εὗλαδητέον
1000 1411 1077 1479 τῷ
1108 1410 1411 1482 ἀδοξοτέρῳ
1441 1412 1534 1466 τοῦ
1567 1414 1829 1484 πράγμα-

245 1520 366 1566 τος,
392 1505 515 1572 ταῖς
538 1502 817 1565 τοιαύταις
835 1502 943 1554 τῶν
968 1502 1140 1571 λόγων
1157 1505 1490 1574 ἀπασχολεῖν
1517 1505 1826 1569 ὑποθέσεσι,

251 1595 347 1647 καὶ
379 1593 520 1646 ἰτέον
551 1593 654 1662 ἐφ’,
673 1587 775 1657 οἷς,
804 1593 1036 1646 καθόσον
1062 1589 1174 1648 οἷόν
1208 1596 1268 1648 τέ
1302 1613 1411 1666 μοι,
1442 1598 1535 1650 καὶ
1560 1599 1824 1668 προτεού-

255 1702 460 1756 μημαι.
494 1685 603 1739 Καί
639 1700 730 1754 μοι
761 1685 862 1755 τὴν
893 1687 993 1737 ἀπ’
1024 1686 1199 1757 ἀρχῆς
1240 1690 1297 1738 έν
1340 1687 1532 1758 ἁπαλῷ
1578 1690 1677 1757 τῆς
1713 1689 1828 1760 ήλι-

248 1778 377 1842 κίας
411 1776 508 1831 τοῦ
550 1775 1080 1849 ἠθουςεύστάθειαν
1129 1777 1221 1831 τοῦ
1258 1780 1495 1850 μεγάλου
1543 1784 1825 1852 φωστῆρος

1941 596 2102 651 quam
2134 582 2260 634 hinc
2288 581 2504 650 migret,
2535 579 2871 634 describitur
2901 590 2956 634 et
2983 582 3331 652 exprimitur,
3373 600 3513 654 opus

1943 673 2190 733 haberet,
2218 672 2609 725 convenienter
2651 670 2750 739 legi
2782 671 3180 734 eucomiorum,
3210 688 3369 728 cerea
3402 678 3513 746 cla-

1940 765 2121 828 ritate,
2149 763 2374 826 divitiis,
2416 762 2658 831 inquam,
2689 769 2743 816 et
2781 762 2954 831 patria
2984 772 3037 817 et
3064 746 3267 833 gloria,
3302 774 3358 818 et
3388 767 3511 818 aliis

1939 853 2218 915 omnibus,
2243 869 2364 923 qua:
2396 853 2448 906 in
2479 854 2674 906 bonam
2701 851 2980 907 adducunt
3030 855 3508 916 existimationem.

1938 946 2138 1017 quibus
2165 946 2283 1015 ejus
2311 954 2562 1015 parentes
2590 945 2647 997 in
2676 945 2964 1000 Antiochia
3002 946 3324 1018 leesyriae.
3372 948 3511 1003 insi-

1939 1052 2093 1106 gues,
2118 1051 2307 1092 omnes
2335 1036 2427 1091 illo
2458 1046 2702 1100 tempore
2721 1047 3072 1106 superarunt.
3102 1037 3374 1105 Quoniam
3409 1057 3510 1094 au-

1940 1140 2046 1186 tem
2096 1132 2410 1202 magnitudo
2462 1146 2834 1202 eorum,qu
2873 1131 2949 1184 illi
2979 1133 3186 1196 insunt,
3220 1134 3505 1197 bonorum,

1940 1242 2048 1281 non
2079 1225 2263 1280 minus
2287 1224 2420 1295 tegit
2441 1238 2503 1278 ea
2535 1238 2656 1294 quae
2687 1232 2815 1277 sunt
2841 1224 3110 1293 corporis,
3150 1238 3312 1294 quam
3339 1226 3508 1280 emis-
3559 1271 3564 1276 .

1940 1319 2024 1375 sio
2059 1317 2335 1373 radiorum
2369 1317 2632 1372 solarium
2656 1314 2922 1382 fulgorem
2957 1324 3232 1371 astrorum
3265 1316 3509 1387 pulchri-

1937 1409 2166 1474 tudinis,
2216 1411 2519 1464 cavendum
2562 1420 2646 1463 est
2685 1424 2753 1461 ne
2783 1419 3004 1478 prepter
3042 1409 3116 1462 rei
3147 1409 3508 1463 humilitatem

1935 1508 1989 1556 et
2025 1501 2389 1570 abjectionem
2413 1541 2429 1563 ,
2462 1500 2518 1553 in
2560 1499 2834 1568 ejusmodi
2883 1501 3224 1568 argumentis
3261 1509 3510 1555 versetur

1934 1594 2115 1648 oratio
2144 1611 2157 1648 :
2190 1602 2243 1647 et
2273 1595 2338 1647 ad
2371 1607 2432 1646 ea
2455 1594 2690 1647 eundum
2737 1604 2821 1648 est
2861 1597 2924 1645 ad
2950 1606 3071 1660 qua:
3095 1593 3256 1661 cupio
3294 1607 3392 1661 pro
3428 1593 3524 1663 vis
3562 1657 3566 1661 ν

1934 1686 2112 1740 ribus.
2145 1683 2250 1738 Par
2281 1693 2362 1739 est
2397 1693 2578 1738 autem
2635 1677 2769 1738 mihi
2819 1685 3062 1736 animum
3099 1683 3380 1749 adhibere,
3421 1685 3509 1736 di~

1933 1778 2079 1834 centi
2111 1779 2233 1847 ejus
2261 1777 2521 1832 honestos
2556 1789 2609 1830 et
2641 1777 2979 1846 compositos
3016 1792 3198 1832 mores
3229 1777 3286 1852 in
3321 1786 3509 1832 tenera

249 1870 549 1943 πρσιεέχειν
601 1869 746 1933 ἄξιον
798 1870 1041 1936 λέγοντι,
1106 1870 1290 1941 μεῖζον
1356 1872 1578 1944 ἁπάσης
1632 1873 1823 1942 ὲφετῆς

1932 1880 2112 1936 θείοιο,
2169 1871 2237 1925 de
2297 1871 2381 1926 his
2433 1871 2624 1925 audire
2661 1870 2838 1939 majus
2868 1885 2990 1926 esse
3031 1879 3310 1938 putantes,
3342 1887 3508 1941 quam

249 1965 521 2034 ἐργασίας
544 1963 642 2033 τὴν
661 1964 791 2033 περὶ
815 1962 1150 2034 τηλικούτων
1168 1962 1507 2035 ἡγουμένους
1529 1965 1792 2034 ἀκρόασιν
1810 1982 1822 1996 ·

250 2052 442 2123 ὲπειδὴ
472 2053 567 2105 καὶ
596 2053 753 2106 τοῦτό
788 2054 938 2106 ἐστιν
962 2053 1204 2125 ὀρεκτὸν,
1238 2054 1331 2107 τοῦ
1353 2056 1562 2124 γνῶναι
1588 2054 1682 2108 τοῦ
1714 2073 1826 2109 κοι-

250 2144 344 2199 νοῦ
387 2146 712 2218 λαμπτῆρος
757 2145 855 2216 τὴν
901 2145 1136 2216 κίνησιν.
1172 2140 1339 2208 Οὗτος
1392 2149 1708 2217 ’Δντιοχέων
1749 2150 1828 2202 ἔτι

251 2238 633 2310 παιδοτρίϐαις
680 2239 901 2307 φοιτῶν,
949 2238 1265 2302 διδάσκαλος
1296 2240 1520 2309 ἀρετὴς,
1562 2243 1622 2293 οὐ
1671 2241 1828 2311 μόνον

249 2329 444 2402 ἧλιξιν,
462 2327 600 2381 ἀλλὰ
616 2329 709 2380 καὶ
732 2329 912 2390 αὐτοῖς
931 2326 1297 2392 διδασκάλοις,
1320 2331 1414 2382 καὶ
1448 2331 1698 2401 ἀνδράσι,
1736 2333 1827 2385 καὶ

248 2419 516 2491 πατράσι,
548 2422 642 2472 καὶ
671 2419 908 2481 οἰκέταις
937 2418 1249 2484 καθίστατο,
1280 2422 1340 2471 τὸ
1366 2415 1497 2491 ἦθος
1525 2420 1825 2492 ἀμίμητος,

249 2512 348 2580 τὴν
385 2510 678 2565 συνουσίαν
718 2510 1176 2579 κατεσταλμένος,
1224 2510 1466 2581 ὑψοποιῷ
1500 2512 1827 2565 ταπεινώσει

250 2585 751 2676 καλλωπιζόμενος,
773 2605 993 2659 παιδιὰν
1019 2606 1188 2668 ὅντως
1213 2605 1311 2670 τὰς
1331 2606 1439 2660 τῶν
1468 2607 1670 2678 ἡλίκων
1697 2624 1828 2658 παι-

248 2698 488 2762 διάςκαὶ
529 2697 640 2750 τῶν
679 2697 857 2752 ἄλλων
881 2698 1286 2768 ρυπασμάτων,
1326 2698 1420 2752 καὶ
1451 2700 1555 2765 πρὸ
1601 2698 1700 2767 τῆς
1731 2697 1824 2750 τοῦ

250 2791 393 2844 θείου
413 2789 643 2860 λουτροῦ
668 2789 991 2859 καθάρσεως
1013 2792 1469 2862 ἀποφαινόμενος.
1503 2791 1653 2845 Μετὰ
1681 2790 1741 2844 δὲ’
1764 2792 1826 2844 τὸ

250 2878 391 2934 θεῖον
423 2879 673 2949 λουτρὸν,
700 2878 729 2931 ὂ
777 2880 1064 2946 Μελέτιος,
1087 2883 1116 2933 ὁ
1150 2882 1332 2948 ,μέγας
1365 2882 1683 2951 Ἀντιοχέων
1723 2883 1822 2951 ἀρε

250 2974 499 3043 χιερεὺς,
537 2971 755 3040 πρῶτον
795 2971 904 3041 τμὲν
950 2970 1028 3041 τῷ
1066 2971 1296 3042 ,μεγάλῳ
1326 2973 1537 3025 δίδωσιν
1583 2974 1821 3044 Ἰωάννῃ,

251 3063 476 3134 ὕστερον
505 3063 564 3115 δὲ
607 3064 700 3117 καὶ
733 3065 850 3125 τοῖς
879 3063 1072 3116 τούτου
1107 3065 1458 3135 γεννήτορσιν
1500 3063 1688 3136 (οὔπω
1716 3065 1824 3134 γὰρ

249 3150 313 3227 ἦν
339 3148 657 3225 ἐπιλάμψαν
679 3155 867 3217 αὐτοῖς
896 3155 956 3207 τὸ
985 3155 1130 3208 θεῖον
1167 3158 1343 3208 ἐκεῖνο
1377 3155 1512 3225 φῶς,
1544 3157 1824 3228 πατρικῶν

251 3248 341 3302 ἅτε
363 3247 744 3318 παραδόσεων,
772 3245 914 3300 καθὰ
943 3249 1033 3300 τὸν
1072 3247 1247 3317 μέγαν
1290 3247 1502 3301 Παῦλον
1530 3249 1820 3318 ἀκούομεν,

250 3341 552 3412 ὑπάρχουσι
593 3338 886 3410 ζηλωταῖς)
928 3338 1062 3409 πρὸς
1099 3339 1198 3408 τὴν
1243 3340 1619 3410 στερεωτέραν
1666 3341 1826 3409 μετά-

251 3430 408 3502 ληψιν
436 3432 553 3486 τῶν
578 3431 647 3484 ἐκ
670 3430 766 3484 τοῦ
796 3430 954 3499 λόγου
989 3431 1204 3503 τροφῶν
1225 3434 1253 3484 ὁ
1295 3433 1547 3502 Ἰωάννης
1589 3435 1822 3503 προάγει

249 3540 356 3590 ται,
399 3524 638 3587 ἐκείνοις
684 3521 875 3575 ἑαυτὸν
907 3523 1212 3592 στοιχειῶν,
1257 3523 1335 3591 τῷ
1382 3523 1690 3595 δεξιωτάτῳ
1721 3526 1823 3595 τῆς

251 3617 484 3684 φύσεως,
533 3609 618 3680 οἷς
669 3616 697 3667 ό
746 3615 886 3678 θεῖος
918 3615 1084 3684 φόϐος
1135 3616 1548 3686 ἐπιγινόμενος,
1592 3618 1820 3671 ἐντολῶν

251 3711 499 3780 τήρησιν,
529 3707 737 3778 σαρκὸς
785 3707 1078 3777 κάθαρσιν,
1097 3707 1259 3762 θείαν
1289 3708 1574 3781 ἔλλαμψιν,
1607 3710 1667 3763 τὸ
1701 3711 1819 3764 θεο-

250 3801 575 3872 λογούμενον
625 3800 793 3854 πόθου
853 3801 1004 3864 τέλος
1045 3797 1158 3855 οἵδε
1208 3790 1546 3874 χαρίζεσθαι.
1608 3805 1721 3876 Πρὸ
1759 3804 1818 3858 δὲ

251 3896 464 3950 πάντων
509 3891 608 3963 τὴν
665 3893 842 3963 Ἰησοῦ
888 3893 1214 3948 ταπείνωσιν
1258 3895 1702 3966 ἐκμιμούμενος,
1753 3892 1819 3968 ἧς

251 3984 420 4060 βραχύ
487 4005 542 4040 τι
586 3986 832 4057 διήγημα
888 3985 966 4056 τῷ
1024 3985 1172 4057 λόγῳ
1230 3987 1455 4042 διδόσθω
1507 3990 1814 4060 γνώρισμα.

254 4079 514 4136 νἈκούετε
536 4080 647 4134 τῶν
672 4079 881 4132 παίδων
902 4079 1082 4150 ὑμεῖς,
1117 4082 1277 4145 ὅσους
1303 4085 1603 4152 κομπάζειν
1639 4085 1815 4138 ἔνεστι

247 4174 515 4237 τεκόντων
536 4174 686 4244 δόξῃ,
709 4174 803 4226 καὶ
827 4171 1066 4242 πλούτῳ,
1095 4175 1186 4225 καὶ
1211 4177 1567 4245 γαυριάματι,
1601 4177 1694 4229 καὶ
1727 4193 1817 4244 μι-

251 4266 519 4336 μήσασθε.
543 4267 741 4330 Ἵππος
769 4267 944 4338 αὐτῷ,
973 4268 1064 4320 καὶ
1094 4268 1302 4332 παῖδες,
1340 4255 1434 4321 καὶ
1457 4268 1627 4338 πολλὴ
1661 4269 1818 4340 δορυ-

248 4358 407 4431 copia
452 4358 610 4429 παρὰ
659 4359 768 4412 τῶν
820 4359 1090 4412 τεκόντων
1133 4360 1476 4430 ἐπεμελεῖτο,
1530 4362 1668 4433 πρὸς
1718 4363 1818 4435 τὴν

249 4453 484 4524 μάθησιν
514 4452 748 4506 ἀπιόντι.
788 4452 844 4506 '0
875 4452 934 4504 δὲ
961 4455 1282 4525 κατεφρόνει
1324 4455 1558 4511 πάντων.
1592 4457 1815 4510 Ἐπειθε

245 4548 452 4610 πάντας
505 4545 604 4616 τὴν
669 4546 848 4617 Ἰησοῦ
919 4547 1201 4617 μιμεῖσθαι
1261 4548 1632 4612 ταπείνωσιν,
1690 4551 1815 4612 τοὺς
1849 4573 1891 4627 D

243 4641 481 4711 ὡραίους
514 4639 680 4702 πόδας
714 4640 1191 4712 προκαταρτίζων,
1229 4644 1321 4696 καὶ
1348 4642 1549 4711 κοῦφος
1577 4645 1816 4716 δριιμού⁴⁹

244 4747 405 4804 μενος
440 4733 538 4784 ἐπὶ
574 4731 636 4784 τὺ
686 4733 1040 4801 Εὑαγγέλιον,
1071 4733 1161 4785 τὸν
1196 4734 1414 4806 Δανιὴλ,
1441 4738 1567 4798 τοὺς
1595 4738 1814 4804 παῖδας,

241 4829 328 4879 τὸν
345 4824 522 4878 Δαεὶδ
546 4824 624 4894 τῷ
650 4824 796 4894 λόγῳ
816 4824 989 4888 τιθεὶς
1018 4827 1100 4889 είς
1127 4827 1478 4898 παράδειγμα
1497 4845 1510 4859 ⁸
1540 4829 1665 4893 τοὺς
1692 4831 1812 4900 μὲν,

239 4919 310 4982 ὡς
338 4920 406 4971 δι’
432 4917 606 4986 αὐτῆς
640 4916 980 4987 κατωρθώθη
1004 4918 1070 4971 τὰ
1097 4919 1236 4990 ὑπὲρ
1265 4920 1552 4992 ἄνθρωπον
1571 4940 1584 4953 ·
1617 4923 1708 4976 τὸν
1733 4924 1818 4988 δὲ,

243 5011 322 5063 ὅτι
345 5009 498 5080 μετά
522 5023 588 5072 γε
610 5007 720 5060 τῶν
744 5007 942 5070 ἄλλων,
965 5009 1059 5061 καὶ
1075 5010 1193 5063 τῶν
1220 5011 1312 5064 τοῦ
1341 5011 1475 5065 Θεοῦ
1505 5013 1814 5084 δικαιωμά-

243 5119 344 5155 των
391 5103 426 5172 ἡ
467 5101 724 5170 μάθησις,
766 5102 824 5153 ὲν
869 5091 946 5171 τῷ
995 5101 1199 5170 λέγειν,
1268 5104 1509 5172 Ἀγαθόν
1555 5123 1676 5174 μοι,
1727 5107 1817 5159 ὅτι

241 5189 652 5256 ἐταπείνωσάς
693 5208 791 5260 με,
824 5192 985 5257 ὅπως
1015 5192 1090 5246 ἂν
1129 5194 1298 5262 μάθω
1343 5195 1414 5248 τὰ
1453 5195 1814 5266 δικαιώματά

244 5303 377 5341 σοι).

310 5387 378 5446 γ’.
426 5380 516 5434 Ἐν
553 5378 766 5442 τούτοις
796 5377 963 5432 αὐτοῦ
986 5379 1404 5450 διαλάμποντος,
1444 5381 1632 5452 χρόνος
1662 5383 1811 5455 έρρει

248 5471 470 5542 βραχὺς,
495 5472 591 5526 καὶ
623 5472 818 5540 φθάνει
853 5472 1144 5526 Σεκοῦνδον
1181 5474 1359 5543 (τοῦτο
1376 5475 1484 5547 γὰρ
1518 5476 1688 5546 ὄνομα
1717 5477 1810 5529 τοῦ

246 5563 469 5636 πατρὸς)
493 5565 588 5617 τοῦ
620 5562 741 5633 βίου
775 5563 836 5616 τὸ
873 5565 1043 5627 τέλος.
1079 5565 1143 5616 Τί
1173 5566 1286 5636 δὲή
1319 5569 1541 5638 μήτηρ;
1575 5567 1812 5621 άνθοῦσα

245 5656 338 5726 τὴν
373 5657 616 5727 ἡλικίαν,
664 5655 928 5710 Ἀνθοῦσα
966 5657 1063 5725 τὴν
1095 5657 1288 5726 κλῆσιν
1327 5657 1493 5728 (οὕτω
1518 5659 1644 5730 γὰρ
1679 5661 1809 5713 ὲκα-

246 5747 429 5818 λεῖτο),
451 5747 822 5804 συνεπανθοῦν
851 5750 943 5801 καὶ
962 5748 1349 5801 συνανατέλλον
1367 5744 1481 5821 εἶχε
1504 5751 1610 5804 τῶν
1634 5751 1809 5806 ἁπάνο

315 5841 335 5873 '
359 5837 537 5895 Galat.
573 5857 612 5905 ι,
647 5840 735 5894 Η.
813 5839 834 5867 ⁸
865 5840 1006 5895 Psal.
1039 5855 1231 5905 cxvm,
1262 5840 1344 5894 71.

315 5935 580 6006 (a)Fort.
607 5933 914 5990 ἀστέκτων.

1932 1965 2110 2018 cuivis
2149 1961 2266 2028 alii,
2315 1977 2437 2032 quae
2489 1963 2797 2032 expetitur,
2841 1978 2900 2017 se
2950 1964 3148 2017 dedere
3181 1964 3507 2032 operationi.

1933 2055 2066 2110 Nam
2101 2058 2202 2110 hoc
2263 2071 2480 2126 quoque
2514 2064 2598 2111 est
2627 2056 2997 2125 expetendum
3027 2094 3041 2120 ,
3074 2070 3236 2109 nosse
3299 2064 3506 2109 motum

1931 2149 2238 2204 communis
2294 2148 2603 2202 luminaris.
2648 2148 2695 2202 ls
2739 2162 2861 2201 cum
2914 2148 3094 2202 adhuc
3122 2149 3407 2202 ventitaret
3438 2149 3509 2202 ad

1929 2256 2028 2296 eos
2051 2241 2143 2310 qui
2173 2240 2475 2293 Antiochia!
2500 2254 2696 2309 pueros
2727 2239 3074 2302 erudiebant,
3105 2248 3225 2293 erat
3251 2241 3510 2308 magister

1931 2331 2170 2395 virtutis,
2210 2345 2318 2384 non
2345 2329 2520 2384 solum
2549 2329 2874 2398 :equalibus,
2907 2328 3001 2383 sed
3034 2331 3198 2382 etiam
3235 2329 3369 2396 ipsis
3396 2346 3511 2383 tua-

1930 2424 2137 2492 gistris,
2164 2431 2217 2477 et
2251 2423 2382 2477 viris
2406 2428 2457 2474 et
2478 2422 2724 2492 patribus
2754 2429 2809 2475 et
2846 2420 3044 2479 servis.
3095 2421 3345 2473 moribus
3397 2421 3507 2474 iui-
3555 2478 3564 2487 ,

1932 2515 2222 2578 tuitabilis,
2253 2516 2307 2568 in
2341 2514 2745 2569 consuetudine
2775 2513 3090 2566 moderatus
3113 2553 3126 2577 ,
3159 2528 3281 2581 quae
3323 2514 3508 2568 excel-

1931 2623 2049 2662 Sum
2072 2607 2249 2661 reddit
2274 2607 2589 2661 humilitate
2619 2615 2868 2670 ornatus,
2890 2605 3045 2661 ludos
3078 2621 3301 2660 suorum
3324 2622 3509 2676 aequa-

1932 2699 2060 2752 lium
2099 2697 2284 2750 ludum
2323 2697 2482 2766 plane
2525 2696 2872 2758 existinmas,
2901 2704 2953 2749 et
2985 2693 3054 2748 ab
3087 2694 3210 2747 aliis
3249 2693 3508 2748 sordibus

1927 2801 2266 2860 expurgatus
2295 2789 2461 2842 etiam
2499 2796 2625 2842 ante
2659 2787 2828 2841 divini
2861 2786 3074 2863 lavacri
3111 2786 3505 2856 expiationem.

1931 2883 2061 2937 Post
2091 2881 2334 2935 divinum
2380 2892 2562 2934 autem
2607 2881 2907 2943 lavacrum,
2937 2879 3080 2953 quod
3110 2878 3357 2934 Meletius
3392 2895 3510 2933 ma~

1927 2990 2068 3045 guns
2112 2973 2359 3044 pontifex
2406 2973 2807 3038 Antiochenus,
2854 2973 3089 3041 primum
3142 2972 3364 3041 quidem
3413 2973 3510 3047 dat

1929 3081 2126 3135 magno
2151 3065 2372 3128 Joanui,
2394 3074 2580 3136 postea
2609 3079 2738 3118 vero
2759 3063 2892 3132 ejus
2932 3078 3152 3134 quoque
3184 3064 3508 3132 pareittibus

1929 3158 2191 3228 (nondum
2227 3158 2371 3211 enim
2403 3158 2482 3211 eis
2514 3157 2772 3210 illuxerat
2797 3155 2887 3208 lux
2932 3156 3141 3218 divina,
3181 3162 3239 3208 ttt
3279 3156 3376 3224 qui
3407 3170 3508 3227 pa-

1928 3260 2205 3305 ternarum
2242 3249 2623 3312 traditionutn,
2667 3247 2944 3318 quomodo
2981 3234 3236 3316 magnum
3287 3259 3508 3318 quoque

1926 3341 2155 3396 Paulum
2181 3342 2451 3403 audimus.
2485 3347 2674 3396 essent
2696 3335 3044 3394 aemulatores
3075 3337 3138 3409 ³),
3163 3338 3231 3393 ad
3267 3338 3502 3394 solidio-

1926 3451 2044 3490 rum
2076 3450 2298 3501 eorum,
2320 3448 2442 3505 qum
2469 3442 2598 3489 sunt
2624 3448 2691 3488 ex
2721 3433 2907 3496 verbo,
2953 3432 3340 3486 alimentorum
3380 3448 3506 3502 par-

1925 3531 2294 3599 ticipationem
2329 3528 2571 3583 Joannes
2601 3525 2912 3590 adducitur,
2948 3523 3152 3596 ingenii
3181 3523 3506 3580 dexteritate

1923 3638 1984 3678 se
2025 3623 2132 3675 illis
2184 3620 2520 3676 conformem
2567 3620 2839 3684 reddens,
2889 3617 3091 3688 quibus
3132 3616 3352 3671 divinus
3410 3618 3504 3684 qui

1923 3717 2066 3770 inest
2100 3715 2262 3768 timor
2283 3713 2596 3783 scitlargiri
2627 3711 3501 3783 praeceptorumobservationem,

1921 3809 2107 3864 carnis
2149 3807 2548 3878 purgationem,
2603 3806 2843 3861 divinam
2900 3804 3356 3859 illuminationem
3386 3844 3400 3866 ,
3448 3815 3503 3858 et

1921 3916 2083 3972 quem
2127 3900 2327 3954 divinae
2361 3900 2551 3954 dicunt
2592 3899 2812 3954 Litterae
2844 3899 3006 3953 finem
3038 3896 3322 3952 desiderii.
3360 3897 3499 3951 Ante

1921 3995 2104 4048 omnia
2132 3991 2547 4047 autemimitaus
2569 3991 2697 4045 Jesu
2730 3988 3294 4056 humilitatetn,eujus
3320 3989 3501 4041 brevis

1919 4085 2168 4154 qumdam
2197 4085 2354 4139 detur
2377 4083 2620 4137 narratio
2645 4082 2712 4136 ad
2743 4081 2816 4149 id,
2861 4081 3006 4150 quod
3036 4081 3259 4144 dicitur,
3294 4094 3500 4149 cogno-

1919 4175 2207 4232 scendum.
2238 4173 2436 4228 Audite
2481 4189 2577 4229 vos
2601 4215 2617 4239 ,
2648 4173 2823 4243 pueri,
2862 4173 2955 4242 qui
2995 4187 3090 4227 vos
3117 4170 3341 4240 jactatis
3406 4184 3501 4237 pa'

1922 4277 2135 4324 rentum
2168 4269 2362 4339 gloria,
2407 4267 2546 4322 fastu
2578 4277 2631 4321 et
2656 4267 2882 4330 divitiis,
2908 4274 2963 4319 et
2989 4265 3300 4318 imitemini.
3335 4263 3496 4318 Curat

1918 4369 2038 4416 erat
2058 4359 2402 4428 parentibus,
2423 4367 2480 4411 ut
2499 4359 2546 4412 ei
2569 4365 2716 4411 esset
2736 4370 2934 4426 equus,
2950 4353 3165 4416 famuli,
3184 4362 3238 4407 et
3262 4342 3500 4421 magnus

1917 4451 2208 4504 comitatus
2238 4450 2388 4503 eunti
2420 4444 2494 4503 ad
2515 4448 2889 4518 disciplinam.
2930 4446 3023 4500 llle
3064 4455 3246 4499 autem
3305 4444 3491 4497 omnia

1919 4543 2322 4599 contemnebat.
2357 4541 2727 4597 Persuadebat
2756 4540 3012 4593 munibus
3052 4545 3109 4590 ut
3149 4538 3495 4593 imitarentur

1916 4639 2043 4695 Jesu
2093 4637 2452 4694 humilitatem
2483 4652 2500 4702 ;
2553 4635 2835 4703 speeiosos
2861 4632 3022 4702 pedes
3062 4642 3397 4699 praeparans,
3431 4638 3492 4681 ut

1918 4733 2108 4789 leviter
2139 4740 2424 4785 currerent
2446 4727 2513 4782 ad
2540 4727 2914 4796 Evangelium,
2943 4721 3243 4784 Danielem,
3262 4734 3486 4790 pueros,

1919 4827 2176 4881 Davidem
2204 4825 2389 4879 verbis
2413 4821 2719 4889 exemplum
2744 4832 3076 4891 proponens.
3097 4815 3222 4869 illos
3244 4814 3487 4884 quidem,

1916 4921 2059 4991 quod
2096 4934 2193 4989 per
2221 4920 2397 4990 ipsam
2432 4916 2498 4971 ab
2515 4917 2597 4971 eis
2627 4930 2688 4969 ea
2723 4915 2984 4983 praeclare
3007 4917 3158 4981 gesta
3191 4914 3338 4974 sunt,
3371 4924 3493 4978 qua:

1914 5023 2042 5069 sunt
2093 5029 2255 5084 supra
2298 5011 2572 5067 hominem
2605 5027 2618 5076 ;
2655 5008 2800 5063 hunc
2837 5021 2988 5069 vero,
3033 5003 3178 5074 quod
3210 5015 3334 5056 eum
3366 5002 3488 5057 aliis

1913 5115 2000 5163 est
2054 5107 2216 5162 etiam
2247 5108 2297 5159 ei
2329 5103 2621 5173 disciplina
2665 5100 2759 5154 Dei
2809 5097 3262 5176 justifieationum
3293 5136 3308 5160 ,
3359 5095 3488 5147 dum

1913 5199 2088 5255 dicit:
2147 5197 2354 5254 Bonum
2388 5197 2515 5250 mihi
2545 5194 2670 5266 quia
2711 5191 3008 5246 Itumt'lt'astt'
3048 5204 3148 5251 me,
3192 5195 3247 5240 ut
3285 5187 3489 5239 discam

1904 5293 2317 5363 justiﬁcatianes
2346 5299 2465 5343 tua:
2489 5288 2535 5345 ‘.

1987 5356 2207 5438 5.'Cum
2252 5382 2371 5450 ipse
2409 5379 2463 5433 in
2500 5378 2586 5433 his
2626 5374 3022 5447 resplenderet,
3071 5372 3238 5428 breve
3284 5356 3490 5423 efﬂuxit

1923 5483 2152 5544 tempus,
2193 5480 2248 5526 et
2269 5469 2522 5525 Secundo
2575 5469 2700 5541 (hoc
2726 5469 2870 5523 enim
2912 5472 3034 5520 erat
3064 5477 3259 5517 nomen
3296 5460 3489 5528 patris)

1875 5635 1879 5639 Α
1918 5568 2149 5638 contigit
2187 5567 2309 5621 vitae
2341 5567 2544 5620 exitus.
2575 5562 2718 5629 Quid
2763 5575 2892 5616 vero
2923 5557 3139 5614 mater?
3186 5565 3345 5615 aatate
3390 5555 3487 5606 llo-

1921 5673 2049 5716 rcns
2077 5666 2126 5713 el
2160 5658 2383 5712 nomine
2419 5655 2686 5724 (Autbttsa
2721 5651 2865 5708 enim
2895 5649 3202 5711 dicebatur,
3231 5644 3374 5715 quod
3401 5651 3489 5697 est

1920 5752 2189 5822 ﬂorens);
2249 5751 2412 5806 simul
2457 5748 2679 5814 ﬂorens,
2717 5755 2772 5800 et
2810 5743 2970 5799 simul
3009 5740 3213 5805 oriens,
3254 5737 3490 5796 habebat
