4086 6298
591 365 697 432 231

1828 354 2130 418 'LEONIS
2172 356 2629 418 PHILOSOPHI

3747 359 3861 425 232

594 483 714 550 ipsa
735 475 789 530 id
808 471 954 545 quod
973 476 1092 526 erat
1116 478 1361 524 omnium
1383 466 1654 522 honorum
1686 466 2154 536 speciosissimum

2286 484 2393 521 των
2425 466 2606 521 καλῶν
2636 466 2699 520 τὸ
2726 466 2949 538 ὡραῖον.
2986 467 3131 538 Αύτὴ
3173 466 3264 520 τοῦ
3315 466 3455 532 υἱοῦ,
3499 467 3598 539 τῆς
3633 469 3763 541 πρός
3793 475 3859 524 τὰ

592 569 713 640 Ipsa
756 582 882 621 eum
914 564 1040 620 aliis
1087 560 1582 624 sollicitudinibus,
1621 574 1743 629 quae
1785 566 1915 613 sunt
1966 558 2173 622 multae,

595 660 900 729 viduitatis,
944 671 1144 729 magno
1192 668 1377 709 amore
1407 667 1597 707 curam
1646 654 1889 724 gerebat,
1926 659 1985 706 ut
2031 652 2175 709 illius

592 758 993 813 incrementum
1048 751 1349 819 acciperet,
1383 754 1445 801 ut
1491 760 1613 815 quae
1660 761 1789 801 vere
1834 753 1981 802 esset
2027 745 2175 801 illius

591 856 789 911 mater,
833 844 952 913 ipsa
984 857 1204 912 quoque
1235 840 1316 895 illi
1338 854 1535 896 rursus
1565 852 1625 894 se
1653 836 1884 893 formam
1926 837 2175 909 praebens

590 949 647 994 et
698 936 1076 1009 resplendens.
1106 934 1223 1001 Qua
1269 933 1486 989 ratione
1526 916 1779 1001 speciose
1811 945 2029 1001 quoque
2070 928 2178 985 fru-

590 1042 715 1088 ctus
758 1029 1000 1102 prtebent
1036 1026 1438 1096 conjiciendam
1470 1039 1763 1080 causarum
1804 1024 2175 1078 nobilitatem.

589 1124 724 1190 Cum
758 1130 937 1177 autem
970 1128 1246 1176 teneretur
1274 1131 1459 1173 amore
1481 1116 1853 1187 philosophiae,
1881 1123 1934 1171 et
1962 1113 2175 1170 dicendi
2220 1143 2226 1150 -

590 1215 890 1274 facultatis.
926 1212 1158 1268 ventilat
1193 1211 1261 1266 ad
1322 1212 1530 1281 primos
1575 1208 1832 1265 doctores
1866 1223 1935 1264 ex
1984 1208 2053 1262 iis
2083 1207 2176 1277 qui

588 1316 748 1362 erant
798 1302 1103 1360 Antiochia:
1157 1300 1445 1373 (Libanius
1505 1308 1687 1356 autem
1740 1309 1873 1353 tunc
1949 1308 2069 1354 erat
2124 1305 2179 1351 et

534 1378 537 1379 ν
587 1397 1047 1470 Andragathius).
1073 1394 1178 1460 Qui
1205 1393 1530 1449 brevissimo
1556 1404 1801 1463 tempore
1822 1406 1886 1446 ea
1911 1390 2173 1463 percepit,

589 1506 714 1562 quae
743 1490 925 1560 longis
960 1504 1230 1545 annorum
1262 1497 1317 1543 et
1346 1488 1594 1543 noctium
1636 1487 1931 1543 curriculis
1964 1486 2058 1539 alii
2087 1486 2176 1540 vix

591 1584 810 1638 tandem
866 1580 1198 1652 percipiunt,
1251 1580 1451 1637 sedens
1492 1580 1734 1649 optimus
1765 1580 1931 1649 iudex
1983 1592 2175 1632 eorum

588 1692 712 1747 qua:
739 1674 1128 1747 percipiuntur
1158 1672 1560 1743 intelligentia;
1596 1681 1650 1727 et
1685 1686 1747 1725 ea
1781 1671 2023 1740 quidem,
2054 1683 2175 1738 quae

576 1777 750 1822 erant
793 1766 969 1832 utilia,
1004 1778 1101 1821 sua
1137 1763 1475 1820 confirmans
1500 1763 1777 1819 sententia
1805 1780 1820 1829 ;
1847 1776 1969 1833 quas
1991 1773 2174 1816 auten:

2282 558 2516 632 κρείττω
2558 559 2697 630 μετὰ
2742 558 2847 611 τῶν
2894 559 3070 613 ἄλλων
3118 560 3414 629 φροντίδων
3455 562 3769 625 ἐπιδόσεως,
3805 562 3859 615 αἶ

2282 650 2479 705 πολλαὶ
2503 652 2600 722 τῆς
2630 650 2856 723 χηρείας
2882 652 3005 705 ὅσαι
3030 652 3257 723 ἡμέραι,
3288 652 3375 704 διά
3408 653 3611 723 πολλῆς
3639 654 3861 724 ἀγάπης

2284 745 2647 817 ἐπεμελεῖτο,
2707 746 2891 817 μήτηρ
2932 744 3139 798 ἐκείνου
3193 744 3269 813 τῷ
3322 745 3435 799 ὄντι
3482 746 3860 814 τυγχάνουσα,

2283 837 2521 908 κάκείνῳ
2556 838 2717 891 πάλιν
2760 836 2900 908 αὕτη
2950 835 3472 908 χαρακτηριζομένη
3504 840 3600 891 καὶ
3630 838 3863 908 διαλάμο

2286 948 2464 984 πουσα
2486 947 2502 963 ο
2610 931 2703 984 καὶ
2737 932 2843 983 τῶν
2866 930 3095 1001 καρπῶν
3123 930 3172 983 oi
3202 930 3397 1000 ὡραῖοι
3421 930 3481 983 τὸ
3509 932 3724 998 εὐγενὲς
3756 930 3863 982 τῶν

2284 1021 2474 1075 αἰτίων
2524 1020 3026 1091 διατεκμαίρονται.
3062 1021 3267 1093 Ἔρωτι
3302 1021 3358 1075 δὲ
3411 1021 3730 1089 φιλοσοφίας
3769 1023 3862 1074 καὶ

2284 1115 2514 1179 κάλλους
2563 1114 2854 1187 ῥητορείας
2895 1115 3180 1185 ἐχόμενος,
3212 1116 3324 1178 τοῖς
3366 1113 3603 1185 πρώτοις
3648 1102 3757 1166 τῶν
3805 1116 3861 1166 ὲν

2297 1207 2600 1279 Ἀντιοχείᾳ
2658 1208 2965 1279 προσφοιτᾷ
3026 1208 3341 1269 παιδευταῖς
3393 1206 3666 1276 (Λιθάνιος
3713 1206 3757 1257 δ’
3792 1199 3861 1275 ἦν

2283 1300 2405 1353 τότε
2444 1301 2540 1353 καὶ
2594 1297 3027 1371 Ἀνδραγάθιος),
3068 1300 3253 1353 ἐκεῖνα
3313 1298 3639 1369 βραχυτάτῳ
3685 1299 3862 1367 χρόνῳ

2287 1390 2631 1463 συνειλοχὼς,
2662 1392 2699 1446 ἃ
2740 1395 2981 1463 μακραῖς
3030 1392 3167 1445 ὲτῶν
3202 1393 3295 1446 καὶ
3328 1390 3542 1444 νυκτῶν
3594 1391 3862 1460 περιόδοις

2286 1485 2446 1555 μόγις
2477 1486 2685 1557 ὲτέροις
2717 1485 3086 1554 συλλέγονται,
3109 1486 3301 1554 κριτὴς
3325 1484 3546 1554 ἄριστος
3573 1484 3682 1537 τῶν
3717 1501 3863 1536 νοου-

2286 1577 2461 1647 μένων
2501 1578 2836 1649 καθήμενος·
2869 1579 2965 1631 καὶ
3012 1581 3126 1641 τοῖς
3178 1577 3299 1647 μὲν,
3334 1576 3433 1631 ὅσα
3474 1574 3729 1647 χρειώδη,
3763 1576 3862 1644 τὴν

2280 1669 2460 1739 ψῆφον
2494 1671 2793 1741 ὲπικυρῶν,
2826 1674 2938 1734 τοῖς
2972 1670 3054 1735 δὲ,
3084 1671 3183 1724 ὅσα
3216 1669 3525 1742 ληρούντων
3565 1669 3598 1740 ἢ
3632 1686 3861 1739 χασμω-

2288 1758 2467 1827 μένων
2497 1761 2928 1833 μεμυθολόγητο,
2960 1761 3147 1832 μακρά
3183 1760 3764 1832 άποδιαπεμπόμενος.

582 1878 621 1933 -δ
672 1861 1007 1932 negantibus
1061 1867 1157 1912 aut
1205 1855 1570 1913 oscitantibus
1622 1856 1873 1912 fabulose
1944 1853 2179 1910 conﬁcta
2208 1847 2452 1917 fuerant,
2484 1853 2685 1922 jubens
2719 1856 2947 1910 multum
2981 1855 3179 1910 valere.

656 1955 715 2009 '4.
749 1953 876 2008 Post
905 1966 1024 2017 eos,
1058 1948 1317 2019 quoniam
1341 1948 1649 2003 satietatem
1675 1962 1785 2002 non
1821 1954 2032 2017 poterat
2078 1959 2165 2000 οε-

2344 1942 2405 2001 δ¹.
2430 1946 2585 2000 Μετὰ
2616 1947 2856 2015 τούτους,
2884 1947 3071 2019 ἐπειδὴ
3097 1948 3258 2018 κόρον
3280 1949 3379 2003 οὒκ
3409 1943 3554 2003 οἶδεν
3580 1948 3726 2019 ἔχειν
3756 1949 3863 2018 φύσ-

590 2060 719 2119 pere
757 2046 1036 2118 ingenium
1064 2081 1082 2107 ,
1114 2041 1262 2115 quod
1295 2041 1585 2097 tenebatur
1615 2056 1802 2096 amore
1828 2038 2168 2109 contempla-

589 2139 755 2194 tiOnis
790 2135 1113 2198 meliorum,
1155 2132 1356 2203 migrat
1395 2131 1462 2185 ad
1516 2132 1827 2203 magistros.
1879 2129 1975 2201 qui
2011 2135 2168 2186 erant

587 2229 821 2286 Athenis
864 2236 1043 2282 matre
1087 2224 1372 2281 doctrinae.
1427 2223 1547 2289 Quo
1582 2224 1744 2278 etiam
1778 2226 1831 2277 in
1872 2221 2014 2288 loco,
2042 2236 2165 2276 cum

588 2337 712 2394 qua:
730 2327 859 2376 sunt
896 2319 1104 2390 optima
1134 2316 1508 2386 capacissima.
1535 2314 1774 2385 ingenio.
1813 2313 1974 2368 citius
2003 2327 2165 2383 quam

585 2416 812 2486 spongia
839 2412 1145 2475 humorem,
1191 2408 1485 2472 hausisset,
1522 2414 1642 2462 erat
1671 2421 1880 2477 magnae
1906 2405 2163 2461 omnibus

586 2501 958 2562 admirationi.
1017 2498 1158 2555 Hinc
1203 2498 1474 2554 adversus
1517 2514 1642 2552 eum
1706 2497 1886 2553 locum
1933 2506 2165 2567 occupat

585 2597 792 2657 invidia
817 2637 834 2665 ,
862 2595 1101 2653 excitata
1139 2592 1257 2665 ejus
1288 2592 1449 2647 bonis
1482 2592 1901 2648 excellentibus.
1945 2590 2163 2646 Modum

584 2701 768 2748 autem
802 2687 1074 2761 significet
1091 2686 1298 2752 oratio,
1333 2685 1549 2741 etiamsi
1600 2686 1837 2740 maxime
1869 2685 2043 2741 vitare
2057 2699 2162 2739 .sa-

584 2785 833 2842 tietatem
865 2787 1043 2835 curet.
1076 2777 1403 2833 Anthemius
1420 2777 1681 2834 sacerdos
1710 2776 1931 2847 quidam
1959 2776 2161 2833 Miner-

581 2893 687 2945 vae,
727 2886 858 2930 tunc
905 2872 1139 2943 Athenis
1162 2870 1217 2925 in
1249 2877 1401 2925 tanta
1434 2869 1735 2925 habebatur
1776 2870 2159 2935 admiratione,

582 2981 645 3028 ut
663 2969 829 3024 etiam
860 2966 910 3023 ei
958 2964 1189 3021 fecerint
1212 2972 1475 3029 statuam,
1506 2978 1628 3033 qua:
1672 2978 1865 3017 omnes
1909 2963 2162 3018 trahebat

582 3063 653 3119 ad
680 3060 1132 3118 admirationem.
1155 3054 1263 3112 Sed
1299 3055 1346 3113 is
1378 3055 1600 3126 quidem
1633 3054 1944 3110 celebratus
1974 3055 2160 3110 evadit

581 3150 1206 3229 arrogantia;'.loannes
1235 3158 1419 3204 autem
1476 3146 1898 3203 mansuetudine
1954 3157 2008 3204 et
2054 3148 2160 3204 hu-

582 3248 817 3305 miiitate
870 3252 925 3302 εὶ
986 3241 1363 3298 moderatione
1422 3239 1683 3310 spiritus.
1740 3238 1978 3295 Veniunt
2044 3241 2158 3296 haec

583 3342 650 3397 ad
706 3342 868 3395 aures
914 3334 1331 3398 "Demosthenis,
1389 3332 1482 3404 qui
1539 3340 1658 3387 erat
1725 3334 2015 3402 praefectus
2069 3313 2231 3389 nr-C-

581 3432 702 3497 bis‘;
737 3436 810 3494 et,
843 3436 902 3488 ut
927 3426 985 3482 fit
1014 3426 1071 3481 in
1104 3426 1269 3481 rebus
1291 3423 1584 3494 ejusmodi,
1618 3425 1836 3493 capitur
1865 3424 2161 3495 praefectus

582 3531 769 3580 amore
796 3519 1031 3577 faciendi
1066 3518 1529 3589 experimentum,
1571 3524 1629 3571 ut
1652 3525 2009 3586 cognosceret
2038 3530 2161 3570 eum

580 3617 674 3690 «τιιὶ
728 3615 948 3672 excellit
1002 3614 1226 3667 virtute.
1290 3609 1598 3681 Congregat
1649 3624 1876 3675 omnes,
1934 3610 2162 3663 arcessit

578 3708 885 3776 Joannem;
926 3716 1092 3762 curru
1127 3718 1252 3760 eum
1302 3702 1583 3758 honorans
1618 3701 1775 3773 jubet
1828 3702 2033 3757 venire.
2070 3703 2164 3757 ille

580 3814 711 3858 vero
749 3800 854 3855 hoc
878 3799 1097 3870 quidem
1123 3804 1364 3857 recusat,
1393 3796 1541 3850 venit
1565 3805 1745 3851 autem
1771 3797 1886 3852 suis
1913 3796 2159 3865 pedibus.

584 3892 701 3948 Hoc
732 3889 919 3953 efficit,
952 3899 1008 3943 ut
1046 3888 1245 3943 Joanni
1284 3887 1504 3957 quidem
1536 3895 1812 3943 cresceret
1838 3887 2013 3941 honur
2035 3904 2161 3942 cum

583 3983 975 4044 admiratione.
1018 3990 1075 4037 et
1123 3982 1176 4035 in
1228 3978 1397 4052 gradu
1441 3986 1493 4033 et
1543 3979 1595 4033 in
1631 3980 1837 4034 honore
1868 3978 2160 4045 cathedrae,

582 4074 859 4131 Anthemii
903 4082 1087 4128 autem
1134 4072 1460 4142 aperiretur,
1501 4085 1622 4140 quae
1670 4070 1888 4135 latebat,
1933 4070 2155 4126 invidia.

579 4170 717 4223 Nam
739 4181 861 4223 eum
891 4168 1007 4237 ipse
1030 4164 1261 4221 vidisset
1285 4164 1569 4227 honorem.
1597 4179 1757 4235 quem
1789 4164 2017 4233 adeptus
2044 4173 2160 4219 erat

579 4258 843 4325 Joannes,
871 4269 923 4315 et
947 4259 1091 4330 quod
1122 4259 1175 4313 in
1204 4257 1469 4313 cathedra
1493 4267 1638 4313 esset
1663 4257 1712 4313 ei
1737 4259 2008 4328 superior,
2030 4274 2156 4313 cum

582 4368 641 4408 se
662 4367 773 4407 non
802 4359 985 4417 posset
1016 4350 1249 4420 amplius
1276 4349 1581 4411 continere,
1608 4348 1721 4403 haec
1742 4350 1964 4419 quidem
1985 4350 2154 4405 dixit:

578 4443 834 4500 Civitatis
864 4452 1043 4497 mores
1075 4449 1224 4507 sunt,
1258 4448 1318 4495 ut
1348 4440 1529 4503 video,
1568 4435 1809 4494 innovati
1850 4454 1864 4505 ;
1899 4454 2052 4495 novae
2078 4441 2156 4495 le-

578 4550 676 4605 ges
708 4541 842 4591 sunt
878 4533 1173 4604 propositae
1203 4550 1219 4601 ;
1268 4548 1390 4602 quae
1438 4541 1569 4587 sunt
1620 4531 1997 4602 antiquorum,
2032 4548 2153 4603 qua:

579 4628 912 4699 sapientum,
957 4635 1079 4696 qute
1123 4623 1477 4679 familiarium
1510 4624 1817 4694 privilegia,
1858 4640 1919 4679 ea
1953 4627 2151 4679 tradita
2182 4664 2234 4724 Β

579 4729 708 4777 sunt
735 4719 1040 4788 hospitibus
1066 4721 1121 4772 e't
1147 4716 1394 4773 advenis.
1417 4714 1535 4770 Non
1562 4716 1949 4772 animadvertit
1974 4727 2153 4772 autem

578 4830 639 4870 se
663 4828 758 4883 per
790 4811 904 4868 ha-c
935 4812 1177 4882 seipsum
1211 4811 1379 4865 veteri
1409 4811 1616 4865 honore
1644 4811 1883 4880 privare,
1916 4828 2041 4867 cum
2068 4828 2156 4867 ve-

578 4909 750 4963 nisset
779 4905 1038 4962 omnibus
1080 4906 1135 4960 in
1182 4904 1573 4975 suspicionem,
1606 4906 1751 4976 quod
1802 4906 1915 4962 haec
1958 4906 2156 4961 dixerit

579 5004 802 5068 propter
835 4997 1111 5050 invidiam.
1143 4994 1252 5050 llas
1274 4997 1399 5065 jure
1432 5009 1627 5066 pinnas
1662 4995 1729 5051 de
1765 5012 1829 5051 eo
1865 4999 2031 5053 sumit
2074 4998 2157 5051 in-

573 5090 882 5161 justissima
931 5088 1155 5153 invidia,
1198 5088 1343 5159 quod
1375 5103 1493 5143 eam
1527 5090 1796 5160 genuerit,
1835 5091 1883 5146 ei
1918 5090 2154 5147 reddens

575 5182 913 5237 alimentum.
942 5178 1076 5235 Vide
1133 5190 1315 5236 autem
1368 5196 1490 5250 quae
1546 5190 1980 5253 consequuntur.
2037 5181 2155 5237 Non

574 5268 863 5337 oportebat
891 5278 963 5327 te.
996 5267 1175 5339 inquit
1203 5268 1513 5338 prteiectus,
1538 5273 1630 5341 qui
1662 5272 1911 5342 tejactas
1939 5273 2005 5328 de
2031 5273 2155 5343 phi-

577 5358 850 5426 losophia,
912 5369 1172 5429 tanquam
1227 5377 1395 5414 unum
1441 5377 1505 5418 ex
1563 5364 1725 5435 vulgo
1773 5373 1867 5417 aut
1904 5380 1971 5419 ex
2019 5381 2152 5435 agro

576 5451 721 5507 feras
757 5462 1063 5518 venantem,
1098 5466 1192 5509 aut
1226 5456 1463 5527 aliquem
1492 5473 1557 5513 ex
1597 5459 1664 5515 iis
1691 5461 1782 5530 qui
1814 5461 2155 5517 latrocinan-

572 5555 678 5612 tur,
723 5548 797 5600 ita
850 5548 1090 5606 clamare
1127 5558 1180 5606 et
1216 5553 1561 5608 tumultuari.
1596 5552 1730 5609 Nam
1781 5557 1952 5612 tnulta
2000 5568 2151 5626 sunt,

571 5649 798 5712 propter
842 5659 965 5715 quae
1011 5643 1253 5702 Joannes
1294 5646 1495 5719 dignus
1538 5658 1621 5704 est
1664 5654 1758 5720 qui
1798 5651 2100 5708 honoretur
2135 5671 2151 5719 ;

569 5748 762 5805 nempe
786 5737 928 5808 quod
959 5748 1030 5794 su
1069 5739 1209 5795 ﬁlius
1266 5737 1524 5807 Secundi,
1549 5744 1729 5813 magni
1762 5742 1920 5801 ducis
1944 5749 2154 5802 exerci-

570 5836 678 5893 tus,
708 5837 759 5883 et
787 5830 934 5899 Quod
952 5847 1121 5887 canos
1150 5833 1398 5890 homines
1427 5841 1767 5907 superaverit
1797 5839 2141 5911 disciplinis;

570 5920 704 5991 quin
750 5925 911 5980 etiam
966 5931 1111 5997 quod
1156 5944 1185 5983 a
1232 5932 1389 5994 nobis
1423 5943 1652 5990 coactus
1694 5936 1966 6006 acceperit
2007 5937 2150 5994 hunc

2277 2054 2379 2101 σις,
2411 2037 2641 2111 θεωρίας
2695 2039 2876 2111 ὁρῶσα
2907 2040 3017 2094 τῶν
3048 2041 3368 2109 ἀμεινόνων,
3421 2040 3511 2094 ἐπὶ
3540 2042 3667 2103 τοὺς
3694 2042 3755 2095 ἐν
3788 2044 3856 2111 τῇ

2276 2132 2445 2204 μητρὶ
2472 2131 2582 2185 τῶν
2633 2133 2806 2203 λόγων
2852 2136 2970 2198 ταῖς
3020 2134 3274 2204 ’Λθήναις
3327 2134 3686 2197 διδασκάλους
3728 2152 3856 2205 μετ-

2273 2224 2589 2280 αναστεύει·
2624 2227 2906 2282 κάνταῦθα
2934 2228 3005 2282 τά
3051 2229 3330 2293 κάλλιστα,
3377 2227 3453 2300 τῷ
3477 2228 3855 2299 δεκτικωτάτῳ

2272 2318 2369 2388 τῆς
2397 2318 2631 2386 φύσεως,
2661 2320 2854 2375 θᾶττον
2899 2322 2931 2393 ἦ
2956 2322 3194 2391 σπόγγος
3234 2322 3475 2393 ῥανίδας,
3505 2322 3855 2391 ἀνιμησάμε·

2272 2426 2381 2473 νος,
2408 2411 2497 2464 διὰ
2521 2410 2722 2465 πολλοῦ
2749 2413 2844 2466 τοῦ
2877 2414 3153 2485 θαύματος
3206 2414 3381 2468 ἅπασι
3440 2414 3678 2483 ἐγένετο.
3744 2415 3861 2468 Ἐν-

2270 2502 2462 2555 τεῦθεν
2517 2505 2700 2577 χώραν
2752 2508 2779 2559 6
2826 2506 3019 2575 φθόνος
3079 2506 3201 2561 κατ’
3244 2507 3411 2561 αὐτοῦ
3451 2506 3743 2578 λαμϐάνει,
3778 2508 3857 2579 τῷ

2272 2598 2370 2649 ύπε
2383 2598 2660 2669 ρϐάλλοντι
2681 2599 2787 2652 τῶν
2806 2598 2987 2654 καλῶν
3008 2598 3101 2652 τοῦ
3128 2598 3320 2671 ἀνδρὸς
3334 2599 3848 2672 άναῤῥιπιζόμενος.

2266 2691 2519 2755 Δηλούτω
2548 2692 2601 2745 δὲ
2623 2691 2712 2744 τὸν
2732 2692 2932 2764 τρόπον
2956 2693 2984 2743 ὁ
3008 2692 3188 2759 λόγος,
3212 2693 3261 2745 ei
3294 2693 3499 2746 καὶτὸν
3531 2694 3698 2763 κόρον
3722 2694 3851 2763 φεύ-

2270 2800 2387 2852 γειν
2415 2783 2866 2855 διαπεφρὸντικεν
2895 2786 2975 2838 ὅτι
3034 2785 3288 2855 μάλιστα.
3338 2784 3622 2853 ’Δνθὲμιός
3655 2803 3736 2848 τις
3774 2787 3844 2838 is-

2272 2875 2398 2943 ρεὺς
2422 2870 2489 2945 ἦν
2534 2873 2784 2944 Ἀθηνᾶς,
2814 2875 2873 2939 ὃς
2912 2875 3171 2948 Ἀθήνῃσι
3194 2876 3315 2929 τότε
3347 2876 3604 2928 τοσοῦτον
3630 2877 3725 2928 ἐπὶ
3756 2891 3843 2928 σο-

2270 2968 2371 3039 φίᾳ
2430 2968 2788 3039 θαυμάζεται,
2844 2968 2984 3022 ὥστε
3025 2970 3120 3023 καὶ
3159 2968 3360 3039 στήλην
3410 2968 3559 3039 αὐτῷ
3614 2968 3847 3034 ποιοῦσι,

2267 3061 2475 3124 πάντας
2502 3063 2580 3123 είς
2616 3061 2800 3133 θαῦμα
2830 3060 3218 3115 συνέλκουσαν.
3258 3059 3399 3113 Ἀλλ’
3416 3054 3568 3124 οὗτος
3586 3059 3685 3129 μὲν
3713 3061 3849 3114 ἀλα-

2268 3150 2447 3225 ζονείᾳ
2463 3154 2525 3206 λα
2536 3154 2725 3222 μϐάνει
2755 3156 2816 3207 τὸ
2849 3172 2911 3208 πε
2923 3154 3462 3227 ριὸόητονοΊωάννης
3486 3152 3655 3222 δὲ,τῷ
3684 3153 3851 3225 πράῳ

2268 3245 2363 3297 καὶ
2386 3247 2627 3318 ταπεινῷ
2649 3248 2741 3301 καὶ
2763 3250 2969 3320 μετρίῳ
2993 3248 3086 3300 τοῦ
3110 3250 3439 3318 πνεύματος.
3454 3248 3648 3302 Φθάνει
3674 3246 3852 3302 ταῦτα

2264 3338 2384 3399 ταῖς
2416 3338 2610 3401 ἀκοαῖς
2660 3340 3032 3409 Δημοσθένους
3067 3338 3160 3393 τοῦ
3193 3340 3441 3412 ὑπάρχου
3473 3341 3572 3407 τῆς
3608 3340 3841 3404 πόλεως·

2266 3430 2379 3494 καὶ,
2410 3426 2498 3484 οἷα
2527 3432 2670 3501 φιλεῖ
2702 3435 2759 3486 ὲν
2805 3434 2914 3496 τοῖς
2946 3433 3232 3499 τοιούτοις,
3283 3436 3422 3504 ἔρως
3472 3434 3703 3488 ἀνάπτει
3756 3436 3848 3490 τὸν

2266 3524 2510 3596 ὕπαρχον
2530 3529 2696 3599 πείρα
2736 3527 2936 3597 γνῶναι
2966 3529 3056 3581 τὸν
3106 3530 3537 3602 ὑπερϐάλλοντα.
3572 3528 3843 3599 Ἀθροίζει

2264 3619 2492 3686 πάντας,
2541 3622 2892 3693 προκαλεῖται
2930 3623 3022 3677 τὸν
3056 3624 3329 3696 Ἰωάννην,
3363 3626 3601 3697 ὀχιῖματι
3630 3626 3842 3682 κελεύει

2261 3714 2368 3766 τινὶ
2400 3714 2711 3782 ἀφικέσθαι.
2752 3716 2811 3768 Ὀ
2834 3716 2888 3768 δὲ
2919 3716 3077 3769 τοῦτο
3129 3722 3479 3789 παραιτεῖται
3516 3720 3637 3790 μὲν,
3664 3738 3843 3794 παρα-

2261 3805 2469 3871 γίνεται
2507 3807 2563 3859 δὲ
2593 3808 2747 3859 ποσὶν
2771 3808 2940 3871 ἰδίοις.
2968 3807 3139 3863 Τοῦτο
3160 3808 3236 3880 τῷ
3259 3811 3359 3881 μὲν
3387 3810 3607 3883 Ἰωάννῃ
3634 3813 3734 3885 τὴν
3765 3830 3845 3867 τι-

2268 3898 2370 3967 μὴν
2398 3897 2536 3967 μετὰ
2590 3898 2867 3968 θαύματος
2900 3902 3039 3953 κατά
3072 3918 3131 3953 τε
3161 3902 3367 3973 βαθμὸν
3399 3905 3493 3957 καὶ
3527 3905 3682 3969 τάξιν
3712 3906 3839 3960 καθ-

2261 3991 2423 4062 έδρας
2461 3991 2811 4057 αὐξάνεσθαι,
2882 3993 3151 4065 ’Δνθεμίῳ
3209 3995 3267 4049 δὲ
3315 3996 3408 4049 τὸν
3452 3999 3842 4068 ἐμφωλεύοντα

2262 4081 2454 4152 φθόνον
2482 4082 2820 4153 γυμνοῦσθαι
2868 4086 3295 4157 παρασκευάζει.
3334 4088 3481 4142 Ἰδὼν
3526 4090 3634 4162 γάρ
3682 4091 3842 4154 αὐτὸς

2258 4175 2351 4227 τὸν
2380 4172 2633 4246 Ἰωάννην
2655 4177 2888 4246 λαχόντα
2912 4178 3078 4249 τιμὴν
3105 4180 3197 4232 καὶ
3238 4180 3301 4232 τὸ
3329 4182 3710 4253 ύπερὸάθμιον
3737 4183 3835 4251 τῆς

2258 4268 2546 4340 καθέδρας,
2574 4270 2668 4322 κα)⁸
2704 4270 2901 4340 μηκέτι
2924 4271 3137 4339 στέγειν
3168 4266 3278 4335 οἷός
3304 4291 3361 4326 τε
3391 4273 3489 4340 ὢν,
3528 4276 3708 4328 τοιάδε
3742 4276 3840 4346 μὲν

2258 4361 2385 4433 ἔφη·
2419 4364 2884 4435 Κεκαινοτόμηται
2912 4366 2979 4419 τὰ
3032 4366 3129 4437 ἔθη
3177 4368 3320 4438 όρῶο
3359 4368 3467 4422 νέοι
3502 4370 3655 4441 νόμοι
3708 4387 3840 4441 προ·

2256 4456 2559 4511 τέθεινται·
2588 4460 2657 4511 τὰ
2685 4459 2795 4512 τῶν
2826 4459 3090 4530 ἀρχαίων,
3115 4461 3222 4513 τῶν
3253 4462 3455 4532 σοφῶν,
3502 4465 3608 4516 τῶν
3636 4464 3838 4517 ὲθάδων

2261 4550 2547 4619 προνόμια,
2583 4549 2772 4613 ξένοις,
2804 4551 3058 4617 ὲπήλισιν
3088 4552 3455 4607 ἀποδέδονται.
3482 4554 3749 4606 Λανθάνει
3779 4552 3836 4606 δὲ

2258 4639 2344 4693 διὰ
2378 4642 2583 4694 τούτων
2610 4642 3041 4712 προσζημιώσας
3072 4645 3263 4699 ἑαυτὸν
3309 4647 3403 4697 καὶ
3429 4648 3526 4715 τῆς
3558 4646 3723 4699 πάλαι
3751 4663 3834 4699 τι-

2261 4732 2390 4803 μῆς,
2420 4733 2784 4797 ὑποπτευθεὶς
2834 4738 2984 4804 παρὰ
3016 4736 3236 4789 πάντων
3286 4738 3371 4790 διὰ
3432 4736 3623 4807 φθόνον
3667 4738 3835 4793 ταῦτα

2256 4828 2446 4880 εἰπεῖν.
2483 4827 2666 4881 Ταῦτα
2726 4830 2877 4900 παρὰ
2925 4829 3018 4883 τοῦ
3060 4831 3394 4885 άδικωτάτου
3444 4831 3670 4893 δικαίως
3723 4836 3835 4886 eis»

2258 4918 2555 4990 πράττεται
2606 4920 2823 4990 φθόνου,
2856 4924 2950 4992 τῆς
2979 4924 3184 4988 οἰκείας
3226 4926 3390 4994 γονῆς
3430 4917 3833 4989 ἀπολαμϐάνων

2259 5010 2315 5061 τὸ
2344 5011 2731 5081 γηροτρόφων.
2768 5012 2957 5083 Ἀθρει
2993 5014 3055 5083 δὴ
3092 5016 3184 5066 καὶ
3213 5016 3278 5069 τά
3313 5016 3406 5069 ἐπὶ
3451 5016 3686 5080 τούτοιςο
3720 5020 3832 5072 Οὐκ

2256 5103 2361 5157 ἔδει
2396 5122 2477 5168 σε,
2503 5106 2664 5175 φησὶν
2690 5107 2716 5158 6
2739 5103 3002 5175 ὕπαρχος,
3034 5101 3077 5159 ὧ
3119 5107 3387 5175 Ἀνθέμιε,
3425 5108 3713 5181 φιλοσοφία
3741 5100 3833 5180 με-

2257 5194 2719 5265 γαλαυχούμενον,
2742 5196 2931 5265 ὥσπερ
2961 5199 3055 5251 ἕνα
3085 5200 3192 5251 τῶν
3210 5202 3271 5252 ἐκ
3300 5200 3393 5253 τού
3425 5202 3620 5272 δήμου,
3659 5203 3689 5271 ἢ
3724 5202 3830 5255 τῶν

2258 5291 2313 5341 ἐν
2332 5289 2488 5361 ἀγρῷ
2512 5292 2639 5353 τοὺς
2658 5291 2830 5361 θῆρας
2861 5291 3067 5353 ἑλόντα,
3149 5292 3254 5345 τῶν
3275 5293 3705 5365 λῃστευομένων,
3736 5299 3829 5348 0'3-

2256 5383 2389 5434 τωσὶ
2544 5385 2637 5435 καὶ
2655 5382 2867 5455 θορύϐῳ
2904 5384 3282 5440 διακυκᾶσθαι.
3320 5388 3493 5440 Πολλὰ
3524 5390 3650 5459 γὰρ,
3684 5385 3763 5453 οἷς
3801 5390 3828 5440 6

2270 5474 2519 5543 Ἰωάννης
2559 5475 2820 5544 τιμᾶσθαι
2866 5476 3199 5545 καθέστηκεν
3224 5478 3388 5544 ἄξιος,
3427 5482 3507 5533 ὅτι
3537 5482 3827 5533 Σεκούνδου

2255 5566 2347 5620 τοῦ
2416 5566 2654 5636 μεγάλου
2705 5568 3077 5639 στρατηλάτου
3136 5571 3270 5636 υίὸς,
3323 5572 3402 5625 ὅτι
3441 5572 3570 5637 τοὺς
3611 5574 3827 5637 πολιοὺς

2256 5660 2648 5731 ύπερηκόντισε
2705 5662 2817 5722 τοῖς
2872 5660 3209 5732 μαθήμασιν,
3251 5665 3365 5718 ἁλλ’
3414 5665 3493 5718 ὅτι
3550 5667 3645 5719 καὶ
3688 5669 3826 5737 ἠμε-

2253 5754 2439 5825 τέραις
2460 5756 2723 5822 ἀνάγκαις
2739 5755 2805 5809 τὰ
2828 5756 2925 5825 τῆς
2944 5758 3111 5827 τιμῆς
3137 5758 3486 5825 κατεδέξατο·
3517 5764 3612 5815 καὶ
3635 5762 3739 5832 πρό
3766 5779 3827 5831 γε

2255 5849 2471 5902 πάντων
2520 5848 3050 5922 ἡταπευοφροσύνη
3108 5850 3311 5904 τούτων
3357 5853 3505 5922 αὐτῷ
3533 5854 3681 5907 αἰτία
3734 5857 3825 5908 καὶ

2256 5941 2533 6014 πρόξενος.
2568 5940 2729 5996 Ἀλλά
2763 5942 2931 5997 ταῦτα
2960 5944 3057 6015 μὲν
3084 5944 3111 5998 ό
3138 5944 3400 6019 ὕπαρχος.
3425 5948 3487 6001 ΤΞ
3514 5948 3565 6001 δὲ
3586 5947 3617 5999 ό
3650 5947 3829 6001 Ἰωάνα
