4086 6298
231 308 341 374 233

229 517 743 589 ὖπερατιολογεῖται,
777 511 858 579 οἷς
904 516 1187 586 ’Λνθέμιος
1214 518 1550 588 ἐπετίμησεν
1571 536 1586 552 υ
1618 519 1811 574 ἔπειτα

227 613 326 679 τῆς
355 609 528 681 Ἰησοῦ
562 609 883 680 μαθητείας,
913 608 1005 662 καὶ
1029 603 1110 673 οἷς
1136 609 1317 681 ἐκείνη
1349 610 1811 681 παρρησιάζεται,

228 704 315 757 διὰ
350 702 596 774 βραχέων
631 703 791 755 αὑτὸν
821 701 941 755 ὅλον
965 696 1105 754 εἶναι
1133 700 1479 772 παραδηλῶν,
1499 704 1811 774 ἐπικροτεῖ-

231 814 317 850 ται
349 799 500 866 παρὰ
528 796 765 850 πάντων.
794 795 902 847 Καὶ
930 789 1000 866 ἦν
1031 793 1155 847 ἰδεῖν
1188 793 1266 866 τῷ
1301 792 1428 864 ὕψει
1477 795 1587 849 τῶν
1641 796 1815 866 λόγων

243 888 516 946 Ἰωάννου.
541 890 605 958 τῇ
631 886 929 956 ὲπιλάμῲει
951 885 1044 940 τοῦ
1085 887 1244 956 ἁγίου
1275 887 1816 958 συνεξαστράπτοντα

233 979 552 1050 Πνεύματος
577 995 589 1010 ⁸
623 978 764 1032 ὥστε
799 981 973 1033 εἰπεῖν
1006 978 1217 1050 ὁρῶντα
1237 979 1324 1033 τὸν
1349 979 1619 1052 ὕπαρχον,
1660 980 1819 1052 Ἀλη-

234 1072 342 1136 θῶς
372 1074 470 1143 τῆς
496 1073 766 1143 Ἑλλήνων
795 1072 1043 1135 παιδείας
1068 1072 1101 1141 ἡ
1132 1070 1474 1141 Χριστιανῶν
1498 1072 1818 1125 διδασκαλία

235 1163 414 1221 πάντα
443 1165 791 1235 ἀσύμφωνος,
830 1163 938 1217 τῶν
991 1163 1091 1236 μὲν
1134 1163 1592 1235 δοξομανούντων,
1626 1163 1736 1217 τῶν
1761 1164 1818 1218 δὲ

234 1259 330 1330 τὴν
348 1259 600 1313 ἐναντίαν
634 1260 859 1312 ἐκείνων
889 1258 1288 1329 πορευομένων.
1340 1258 1821 1329 Συνεπιλαμϐάνε-

233 1366 325 1404 ται
348 1349 558 1414 τούτοις
589 1351 617 1403 6
657 1351 929 1420 Ἰωάννης,
966 1350 1056 1404 καὶ
1088 1350 1167 1425 τῷ
1205 1351 1379 1417 ζέοντι
1408 1352 1502 1405 τοῦ
1541 1352 1820 1416 κινοῦντος

240 1441 583 1512 Ηνεύματος,
626 1442 863 1514 δημοσίᾳ
911 1442 1345 1514 παρρησιάζεται
1376 1443 1474 1515 τὴν
1516 1444 1825 1512 εὐσέϐειαν,-

241 1535 548 1605 στηλιτεύει
587 1536 655 1589 τά
712 1536 1005 1606 Ἑλλήνων,
1056 1536 1151 1588 καὶ
1186 1537 1312 1599 τοὺς
1356 1536 1536 1590 αὐτῶν
1584 1536 1742 1599 θεούς
1764 1554 1823 1590 τε

239 1631 336 1682 καὶ
370 1629 649 1700 δαίμονας,
673 1629 888 1701 Κρόνῳ.
922 1629 1016 1684 καὶ
1046 1629 1262 1695 Atinati.
1294 1628 1490 1700 Ἀθηνᾷ
1517 1631 1611 1682 καὶ
1640 1629 1825 1682 Ἀπόλ-

236 1721 390 1790 λωνι,
431 1724 526 1779 καὶ
557 1723 636 1796 τῷ
671 1723 846 1795 λοιπῷ
895 1724 1004 1779 τῶν
1044 1722 1317 1793 Ἐλλήνων
1385 1723 1523 1778 θεῶν
1570 1723 1824 1795 ὁρμαθῷ,

239 1816 490 1888 ἑρπετῶν
522 1835 578 1871 τε
609 1817 703 1870 καὶ
761 1817 966 1888 θηρῶν,
1024 1818 1118 1871 καὶ
1145 1816 1250 1870 τῶν
1281 1816 1457 1870 ἄλλων
1513 1817 1825 1882 κνωδάλων,

238 1911 339 1980 τὴν
368 1911 570 1981 στήλην
595 1911 751 1977 ἀξίαν
789 1911 896 1965 τῶν
944 1911 1256 1984 σεϐομένων
1301 1913 1827 1984 παραστησάμενος,

238 1997 317 2059 ὧν
347 2005 441 2059 καὶ
469 2005 520 2058 οἱ
551 2003 699 2075 λόγοι
736 2003 953 2074 (λέγων)
1004 2004 1095 2058 τὸν
1136 2005 1330 2076 αἰθέρα
1369 2004 1684 2076 μολύνουσι.
1762 2006 1829 2060 Τί

236 2097 363 2160 In;
422 2096 484 2151 τὸ
541 2096 792 2167 ἀληθινὸν
848 2098 963 2165 φῶς
1010 2097 1335 2167 προστίθησι
1393 2096 1678 2168 κηρύττων
1731 2091 1830 2170 τῆς

239 2191 408 2261 ἁγίας
429 2190 686 2263 Τριάδος,
713 2191 810 2261 τῆς
837 2194 893 2245 ὲν
924 2192 1098 2264 lla-cpt
1116 2191 1207 2245 καὶ
1231 2193 1346 2262 Υίῷ
1367 2195 1461 2247 καὶ
1491 2193 1628 2265 ἁγίῳ
1654 2193 1827 2249 Πνεύ-

243 2300 401 2358 ματι,
435 2287 500 2355 τῇ
545 2286 642 2355 μιᾷ
698 2284 914 2357 θεότητι
966 2286 1410 2357 τρισυποστάτως
1440 2287 1535 2340 καὶ
1578 2288 1831 2358 ἀνάρχως

242 2377 340 2429 καὶ
373 2375 558 2439 ἁῖδίως
580 2375 963 2446 θεωρουμένης
992 2377 1484 2448 τοῖςΧριστιανοῖς,
1531 2379 1631 2432 καὶ
1657 2395 1829 2450 προσ-

240 2469 603 2542 κυνουμένης.
664 2469 850 2523 Ταῦτα
919 2469 1019 2540 μὲν
1089 2471 1117 2524 6
1176 2471 1442 2542 Ἰωάννης.
1521 2472 1831 2543 Ἐχάρησαν

237 2557 358 2627 οὖν,
399 2565 522 2628 ὅσος
552 2565 652 2632 τῆς
683 2565 792 2617 τῶν
829 2562 1168 2634 Χριστιανῶν
1212 2563 1410 2635 μοίρας
1442 2566 1628 2636 ὅμιλος
1654 2583 1668 2597 ·
1707 2565 1831 2630 ὅσος

238 2656 302 2712 δὲ
330 2658 361 2711 6
384 2655 491 2710 τῶν
525 2656 814 2727 Ἑλλήνων,
858 2658 1038 2729 ἀηδῶς
1065 2658 1243 2728 ἔσχον,
1275 2657 1650 2731 ὠργίσθησαν.
1684 2660 1831 2730 Βραο

241 2749 344 2819 xi);
373 2750 405 2803 6
439 2748 618 2817 λόγος,
667 2750 758 2802 καὶ
791 2751 818 2802 ὁ
842 2748 1087 2821 ὕπαρχος
1121 2750 1492 2818 συναπάγεται
1514 2791 1529 2816 ,
1561 2750 1832 2805 παύεσθαι

246 2840 356 2894 τῶν
375 2840 516 2895 θεῶν
540 2840 832 2911 κωμῳδίας
853 2841 930 2912 τῷ
945 2842 1168 2914 Ἰωάννῃ
1190 2841 1635 2914 ἐγκελευόμενος.
1666 2845 1832 2917 Χὼρα

253 2935 346 2988 τοῦ
381 2933 562 3003 λέγειν
623 2934 892 3007 Ἀνθεμίῳ
946 2934 1131 2990 πάλιν.
1174 2936 1283 2990 Καὶ
1336 2935 1530 3008 πρῶτα
1564 2937 1664 3008 μὲν
1709 2939 1838 3003 τοὺς

257 3023 441 3089 θῶπας
496 3025 604 3079 τῶν
633 3026 808 3095 λόγων
867 3029 1098 3096 καταχεῖ
1134 3027 1210 3100 τῷ
1239 3028 1472 3100 ὑπάρχῳ
1498 3046 1514 3062 ’
1558 3029 1834 3100 ἀδολεσχεῖ

905 305 1190 393 ORATIO
1226 307 1451 370 XVIII.
1479 331 1551 346 σ-
1577 309 1962 372 LAUDATIO
1994 311 2054 374 S.
2081 314 2115 375 J
2121 313 2325 376 OANN
2331 315 2403 376 IS
2432 315 2838 380 CHRYSOST.

227 442 360 496 νητς
392 421 483 491 Τῷ
511 422 669 493 πράῳ
700 421 761 476 τδ
803 421 1010 476 δίκαιον
1037 424 1433 493 κερασάμενος,
1467 423 1682 494 πρῶτον
1712 424 1808 496 μὲν
1835 423 1890 484 Α
1915 427 2174 484 honorem
2223 447 2238 495 ;

3393 313 3501 385 234

2288 438 2340 485 et
2381 439 2511 486 ante
2551 445 2757 497 omnia,
2788 431 3071 487 humilitas
3097 440 3182 488 est
3208 432 3259 488 ei
3306 432 3502 488 horum

1913 535 2079 576 causa
2112 529 2165 575 et
2203 522 2570 577 conciliatrix.
2626 522 2731 577 Sed
2778 524 2892 579 haec
2926 525 3145 594 quidem
3186 525 3502 594 praefectus.

1915 611 2054 678 Quid
2085 629 2212 669 vero
2259 612 2545 670 Joannes?
2589 613 3012 670 Mansuetudine
3054 624 3368 686 temperans
3406 618 3501 686 ju-

1917 705 2146 770 stitiam,
2201 707 2436 775 primum
2484 707 2707 776 quidem
2770 709 3065 778 respondet
3114 709 3205 776 iis,
3280 725 3400 778 qua
3452 709 3505 764 ei

1915 798 2460 868 objecitAnthcmius
2491 817 2504 866 ;
2540 799 2735 856 deinde
2765 817 2824 857 se
2868 801 2996 857 Jesu
3029 802 3332 872 disciplina:
3348 811 3398 856 et
3434 802 3505 857 iis

1919 905 2041 960 qua:
2084 891 2173 945 illa
2223 891 2392 947 libere
2436 893 2742 962 proﬁtetur,
2780 909 2840 949 se
2883 901 3056 950 totum
3102 910 3224 950 esse
3255 894 3502 950 deditum

1921 982 2110 1051 paucis
2147 982 2464 1048 ostendens,
2491 984 2736 1038 omnium
2762 985 2956 1055 plausu
2989 986 3312 1056 suscipitur.
3350 985 3504 1044 Lice-

1923 1075 2125 1144 batque
2170 1075 2354 1132 videre
2379 1076 2578 1143 oculis,
2615 1078 2919 1133 orationem
2965 1077 3196 1132 Joannis
3223 1078 3505 1134 refulsisse

1922 1166 2534 1225 illuminatione‘sancti
2577 1169 2841 1241 Spiritus,
2893 1172 3030 1227 adeo
3071 1180 3128 1226 ut
3161 1171 3369 1227 diceret
3403 1172 3504 1228 hoc

1924 1261 2116 1316 videns
2142 1261 2294 1316 urbis
2323 1263 2612 1331 praefectus
2639 1279 2651 1313 :
2685 1261 2894 1318 Revera
2921 1262 3235 1319 Graecorum
3259 1263 3507 1334 discipli-

1923 1367 2008 1407 na:
2037 1367 2160 1406 cum
2203 1352 2451 1407 doctrina
2479 1353 2914 1410 Christianorum
2945 1355 3081 1409 nihil
3123 1356 3346 1413 omnino
3374 1371 3507 1411 con-

1924 1444 2125 1510 venit;
2176 1460 2304 1499 cum
2357 1446 2434 1500 illi
2494 1447 2715 1516 quidem
2768 1447 3019 1502 laborent
3066 1449 3260 1503 insana
3321 1449 3508 1518 gloriae

1927 1538 2252 1606 cupiditate,
2278 1539 2329 1593 hi
2359 1549 2542 1595 autem
2573 1541 2946 1612 ingrediantur
2966 1542 3049 1595 via
3073 1542 3181 1598 illis
3205 1544 3506 1598 contraria.

1929 1632 2058 1688 Post
2093 1633 2206 1687 haec
2231 1633 2484 1704 sequitur
2503 1632 2767 1697 Joannes,
2796 1642 2850 1689 et
2871 1634 3064 1690 ardore
3088 1635 3358 1692 moventis
3382 1651 3510 1690 eum

1931 1724 2189 1797 Spiritus,
2226 1726 2442 1797 publice
2468 1727 2636 1783 libere
2663 1729 2949 1798 prolitetur
2972 1729 3256 1798 pietatem;
3296 1728 3350 1783 in
3373 1743 3512 1799 gen-

1932 1830 2012 1874 tes
2047 1819 2318 1875 invehitur
2341 1861 2357 1886 ,
2387 1835 2690 1890 eorumque
2721 1818 2875 1898 deos.
2898 1828 2952 1876 et
2997 1820 3292 1884 dmmones,
3321 1819 3513 1873 Satur-

1931 1929 2083 1981 num,
2142 1921 2197 1968 et
2243 1910 2452 1977 Jovem,
2499 1921 2555 1968 et
2599 1911 2938 1980 Minervam,
3001 1923 3055 1970 et
3094 1913 3423 1984 Apollinem,
3455 1921 3510 1967 et

1929 2007 2195 2077 reliquam
2215 2006 2440 2062 deorum
2465 2006 2751 2077 gentilium
2780 2006 3006 2071 seriem,
3033 2014 3429 2077 serpentesque
3458 2013 3512 2060 et

1931 2099 2162 2167 bestias,
2195 2115 2317 2170 qua:
2351 2101 2418 2156 ab
2454 2101 2535 2157 eis
2562 2101 2842 2166 coluntur,
2875 2099 2967 2171 qui
3012 2101 3092 2156 eis
3130 2098 3380 2165 debetur,
3415 2098 3516 2153 ho-

1930 2207 2064 2249 nore
2119 2191 2409 2248 alliciens:
2470 2191 2538 2247 de
2588 2193 2787 2263 quibus
2838 2191 2873 2247 ii
2911 2192 3073 2248 etiam
3113 2192 3207 2263 qui
3240 2191 3514 2246 habentur

1932 2302 2236 2350 sermones.
2267 2287 2468 2352 aiebat,
2503 2287 2706 2341 mthera
2735 2284 3002 2342 inliciunt.
3038 2285 3182 2352 Quid
3207 2295 3467 2356 pneterea
3488 2284 3514 2336 τ

1934 2379 2130 2435 Veram
2155 2381 2320 2436 etiam
2354 2381 2526 2436 lucem
2557 2379 2737 2450 pergit
2773 2379 3068 2450 prtedicare
3097 2387 3298 2434 sanctae
3327 2376 3516 2432 Trini-

1933 2478 2086 2540 tatis,
2116 2488 2236 2544 qnae
2270 2474 2322 2526 in
2343 2472 2502 2529 Patre
2526 2470 2736 2528 etFilio
2768 2485 2822 2528 et
2857 2483 3047 2528 sancto
3078 2471 3285 2542 Spiritu
3317 2471 3375 2526 in
3405 2486 3514 2525 una

1935 2564 2221 2620 divinitate
2242 2575 2296 2620 et
2330 2563 2508 2620 tribus
2536 2565 2812 2634 personis,
2843 2565 2962 2619 sine
2987 2563 3253 2634 principio
3277 2572 3333 2618 et
3367 2575 3515 2620 sem-'-

1935 2658 2166 2729 piterne,
2216 2673 2245 2710 a
2275 2656 2606 2712 Christianis
2662 2656 3127 2727 contemplatione
3176 2653 3420 2711 cernitur
3458 2664 3516 2710 ct

1937 2751 2214 2805 adoretur.
2250 2748 2371 2804 Haec
2410 2750 2628 2821 quidem
2672 2746 2937 2804 Joannes.
2972 2746 3175 2803 Laetata
3204 2755 3288 2804 est
3333 2755 3513 2804 autem

1939 2844 2192 2900 universa
2236 2844 2416 2908 turba,
2460 2858 2581 2914 qui:
2632 2842 2964 2912 sequebatur
3015 2849 3201 2912 partes
3247 2841 3452 2896 Christi
3497 2856 3516 2907 ;

1938 2938 2129 2995 dolore
2154 2948 2334 2993 autem
2359 2936 2537 2992 allecti
2566 2935 2819 3006 gentiles,
2849 2936 2930 2990 ira
2959 2933 3176 2991 fuerunt
3202 2934 3416 3005 perciti.
3452 2933 3520 2988 L‘t

1940 3031 2130 3103 paucis
2180 3032 2458 3087 absolvam
2488 3070 2504 3096 ,
2546 3043 2656 3086 una
2705 3044 2831 3085 cum
2881 3028 2964 3085 eis
3007 3037 3256 3084 movetur
3301 3042 3520 3098 quoque

251 3115 330 3183 δὲ,
365 3117 552 3187 μακρά
586 3134 707 3171 τινα
731 3117 872 3171 κατά
899 3134 958 3171 τε
1002 3119 1251 3173 Ἰωάννου
1291 3119 1392 3174 καὶ
1437 3119 1535 3191 τῆς
1569 3122 1708 3192 ὑπὲρ
1738 3119 1834 3174 αύ-

1940 3126 2251 3197 praefectus,
2282 3125 2480 3195 jubens
2503 3121 2770 3179 Joannem
2793 3135 3012 3178 cessare
3045 3121 3178 3176 dcos
3226 3120 3518 3176 ludiﬁcari.

250 3210 348 3265 τοῦ
377 3209 670 3283 θρησκείας
707 3212 887 3265 ἐκεῖνα
917 3210 1405 3286 λεσχηνευόμενος,
1448 3214 1550 3267 ὅσα
1572 3213 1650 3285 τῷ
1699 3214 1837 3284 θρη-

252 3307 458 3376 σκευτῇ
478 3304 589 3358 τῶν
617 3303 872 3359 τοιούτων
894 3305 1062 3370 εἰκὸς,
1092 3305 1265 3372 οὕτως
1290 3303 1472 3364 εἴπεν.
1497 3306 1644 3362 Ἀλλ’
1662 3311 1707 3362 οἱ
1736 3308 1834 3378 βασ-

255 3395 581 3461 σιλεύοντες,
615 3397 816 3467 ἁντέςρη
857 3399 886 3450 6
921 3397 1188 3469 ὖπαρχος,
1216 3398 1310 3468 ἀφ’
1341 3392 1403 3453 οὗ
1456 3399 1681 3473 Χριστῷ
1713 3418 1837 3453 συν-

252 3489 534 3557 ετάξαντο,
551 3489 740 3562 ὑψώθη
769 3491 839 3544 τά
866 3491 965 3559 τῆς
992 3489 1272 3560 βασιλείας
1301 3492 1499 3557 αὐτῶν,
1518 3493 1834 3562 ἅπανταχοῦ

254 3583 366 3637 τῶν
399 3583 747 3655 Χριστιανῶν
807 3584 1100 3639 ἐπιδόντων
1156 3587 1236 3649 είς
1280 3587 1516 3650 πλάτοςο
1568 3583 1650 3650 οἷς
1681 3586 1837 3654 κάγὼ

256 3672 634 3742 κεκοινώνηκα
663 3673 759 3726 καὶ
781 3674 860 3737 είς
889 3673 949 3727 τὸ
983 3673 1205 3745 δεῖγμα.
1242 3677 1408 3730 Πάλιν
1440 3677 1532 3730 οὖν
1574 3677 1839 3749 Ἀνθεμίῳ

256 3764 466 3818 τούτων
500 3765 793 3818 ἀκούσαντι
823 3765 998 3837 κημὸς
1032 3768 1127 3821 καὶ
1156 3770 1452 3838 κατήφεια.
1485 3769 1594 3823 Καὶ
1627 3769 1838 3840 δέχεται

259 3859 353 3911 τὸν
379 3857 536 3924 λόγον
558 3859 584 3911 6
613 3858 887 3929 Ἰωάννης,
918 3857 1009 3913 καὶ
1026 3857 1199 3913 ταῦτα
1229 3861 1604 3931 προστίθησιν
1642 3861 1838 3934 ’Δψευσ

260 3951 380 4021 δὴς,
413 3949 608 4018 λέγων,
641 3945 689 4004 ὦ
719 3951 934 4021 ἄνδρες,
967 3954 995 4006 6
1024 3951 1291 4025 ὕπαρχος.
1348 3955 1425 4008 υύ
1457 3954 1566 4025 γάρ
1593 3955 1678 4016 τίς
1725 3959 1843 4010 ἐστι

260 4044 426 4105 τόπος
457 4045 553 4096 ἀπ’
578 4045 764 4115 ἄκρων
803 4045 905 4109 ἓως
927 4046 1099 4118 άκρου
1128 4050 1226 4118 τῆς
1252 4047 1598 4119 οἰκουμένης,
1624 4042 1684 4105 οὗ
1708 4049 1843 4122 Χρι-

264 4138 391 4201 στὸς
423 4139 482 4190 ού
519 4141 745 4207 τιμᾶται
777 4138 871 4193 καὶ
912 4139 1151 4195 σέϐεται.
1186 4142 1298 4195 Καὶ
1324 4140 1379 4194 εῑ
1405 4157 1492 4206 τις
1538 4141 1843 4211 φιλοπονῶν

262 4228 440 4291 ἐθέλοι
472 4231 680 4299 μαθεῖν,
709 4229 841 4284 ἵστω
870 4231 936 4284 τὰ
961 4231 1215 4302 περὶτῶν
1247 4236 1302 4287 ὲν
1332 4231 1689 4306 Ἰερουσαλὴμ
1711 4236 1844 4289 ἁποο

266 4325 677 4395 σκιρτησάντων
715 4325 1005 4390 Ἰουδαίων,
1035 4328 1183 4390 ὅπως
1225 4327 1362 4396 μετὰ
1398 4318 1608 4399 τὴν“ὲκ’
1636 4327 1846 4397 νεκρῶν

265 4415 505 4488 Χριστοῦ
566 4417 883 4484 ἀναϐίωσιν,
919 4418 999 4491 τῷ
1060 4417 1350 4488 Ῥωμαίων
1399 4418 1844 4491 πολιορκούμενοι

265 4510 473 4581 δόρατι,
499 4513 576 4575 εἰς
604 4509 855 4565 τοσοῦτον
881 4510 1192 4575 στενώσεως
1221 4507 1406 4581 ἦλθον,
1457 4511 1599 4565 ὥστε
1625 4513 1722 4574 τὰς
1739 4512 1848 4565 τῶν
1882 4503 1924 4559 D

274 4605 418 4658 ἰδίων
438 4605 646 4675 νηπίων
677 4603 884 4674 σάρκας
907 4603 1027 4657 ἀντὶ
1042 4603 1146 4657 τῶν
1166 4604 1347 4675 ἄρτων
1365 4607 1576 4674 φαγεῖν.
1594 4606 1655 4658 Οἱ
1669 4603 1850 4659 τοίνυν

271 4698 395 4766 ἐμοὶ
445 4697 777 4767 πειθόμενοι,
811 4697 918 4750 ίδοὺ
944 4699 972 4750 6
993 4695 1313 4759 ἐπίσκοπος,
1349 4696 1677 4768 προσέλθετε
1711 4698 1851 4769 πρὸς

271 4790 454 4857 αὐτὴν,
477 4789 569 4842 καὶ
599 4789 954 4858 βαπτίσθητε.
991 4787 1210 4859 Ἐπειδὴ
1239 4789 1297 4842 δέ
1321 4806 1406 4853 τις
1433 4789 1512 4861 τῷ
1546 4790 1676 4861 θείῳ
1700 4791 1850 4862 ζήλῳ

271 4881 369 4934 καὶ⁹
393 4880 555 4949 φὸϐος
579 4879 805 4932 ἕπεσθαι
835 4879 1065 4948 πέφυκε,
1102 4877 1258 4949 φοϐεῖ
1288 4881 1381 4933 κα)⁸
1413 4880 1636 4944 τούτους
1685 4883 1848 4944 αὐτὸς

270 4976 303 5028 6
346 4973 616 5044 Ἰωάννη-ς.
654 4969 747 5031 Οἷς
775 4975 880 5044 γὰρ
913 4971 972 5026 τὸ
1006 4972 1347 5043 ρᾳστωνεῦον
1379 4974 1479 5044 τῆς
1511 4974 1739 5044 γνώμης
1771 4975 1852 5046 τῷ

272 5069 461 5139 χαύνῳ
489 5068 854 5139 πολιορκεῖται
885 5067 1219 5137 φρονήματι,
1253 5066 1416 5123 καλὸν
1457 5069 1546 5122 καὶ
1578 5069 1854 5140 ὠφέλιμον

275 5165 311 5234 ὴ
345 5163 440 5216 τοῦ
476 5162 642 5232 φόϐου
683 5161 1028 5232 παρέστηκεν
1062 5162 1441 5234 ἀνθυποφορά.
1482 5163 1644 5216 Φοϐεῖ
1670 5164 1854 5218 τοίνυν

275 5257 476 5320 αὐτοὺς
506 5260 532 5310 ὀ
564 5255 808 5326 ζηλωτὴς
847 5258 1063 5318 ἐκεῖνος
1106 5255 1318 5319 Ἠλίας,
1348 5258 1399 5308 τί
1426 5256 1640 5325 λέγων;
1675 5258 1738 5310 Εἰ
1779 5255 1856 5329 μὴ

281 5348 537 5404 πείθεσθέ
594 5368 681 5419 μοι
726 5349 794 5403 τά
829 5349 1009 5414 ζῶντα
1048 5349 1505 5420 συμϐουλεύοντι,
1562 5351 1671 5405 ίδοὺ
1724 5352 1855 5406 ἀνα-

275 5440 434 5510 φέρω
475 5441 584 5504 τοῖς
622 5437 920 5510 βασιλεῦσι,
961 5440 1053 5493 καὶ
1108 5441 1419 5514 παραυτίκα
1472 5442 1854 5497 ἀποθανεῖσθε.

275 5532 564 5608 Κρείσσων
619 5533 728 5606 γάρ
781 5531 1006 5597 θάνατος
1060 5533 1210 5606 ζωῆς
1275 5536 1704 5608 βλασφημούσης
1765 5537 1856 5592 τὸν

276 5629 568 5699 ζωοδὸτην,
612 5629 1060 5699 ἀναισθητότερόν
1101 5647 1158 5682 τε
1196 5630 1499 5683 διακεῖσθαι
1539 5628 1716 5682 κυνῶν
1761 5629 1856 5682 καὶ

278 5723 549 5776 πετεινῶν
593 5723 684 5774 καὶ
716 5722 940 5792 θηρίων,
976 5724 1008 5775 ἂ
1056 5726 1164 5782 ταῖς
1218 5723 1482 5793 ἡμεροῦσι
1535 5724 1629 5776 καὶ
1670 5723 1857 5778 τιθασ-

278 5814 533 5869 σεύουσιν
570 5815 864 5868 ὑπείκοντα
915 5815 1174 5868 τέθεικεν.
1218 5815 1305 5867 Ἐν
1350 5813 1557 5877 τούτοις
1604 5812 1850 5869 Ἰωάννου

279 5908 822 5982 παῤ-ῥησιαζομένον,
857 5908 1134 5979 Ἀνθέμιος
1160 5907 1541 5963 ἀντανίσταται
1574 5906 1673 5982 μὲν
1703 5909 1844 5962 κατὰ

1940 3217 2233 3274 Anthemio
2269 3230 2464 3272 rursus
2511 3213 2671 3268 datus
2718 3219 2803 3268 est
2841 3209 3280 3267 dicendi'locus.
3315 3207 3380 3262 Et
3407 3207 3521 3278 pris

1945 3325 2091 3365 mum
2120 3307 2339 3377 quidem
2371 3323 2429 3363 se
2480 3304 2696 3361 blandis
2725 3303 2910 3360 verbis
2945 3303 3188 3358 insinuat
3222 3300 3476 3372 praefecto
3502 3315 3520 3365 ;

1943 3403 2100 3459 valde
2135 3410 2314 3457 autem
2341 3408 2394 3454 et
2426 3399 2637 3469 prolixe
2670 3408 2909 3467 nugatur
2931 3395 2986 3451 iu
3025 3394 3290 3451 Joannem
3318 3401 3374 3449 et
3398 3393 3523 3463 ejus

1943 3495 2286 3565 religionem,
2315 3490 2407 3546 illa
2436 3490 2715 3547 blateratis
2742 3504 2865 3560 quae
2898 3488 3088 3544 talium
3123 3487 3392 3542 cultorem
3426 3485 3525 3540 de-

1945 3595 2091 3650 cent,
2122 3586 2196 3640 ita
2231 3585 2389 3640 dixit.
2419 3581 2550 3648 Sed,
2595 3597 2660 3638 ex
2693 3595 2803 3651 quo
2838 3581 3216 3652 imperatores,
3249 3583 3525 3633 contesta-

1947 3692 2034 3738 tus
2080 3689 2164 3737 est
2207 3677 2522 3750 praefectus,
2580 3677 2804 3734 Christo
2865 3690 3062 3730 nomen
3115 3672 3420 3737 dederunt,
3467 3671 3522 3724 in

1947 3777 2116 3831 altum
2157 3775 2437 3830 sublatum
2473 3780 2560 3828 est
2587 3785 2777 3826 eorum
2811 3766 3124 3840 imperium,
3164 3780 3291 3819 cum
3324 3761 3527 3832 ubique

1948 3868 2247 3925 Christiani
2271 3867 2430 3938 longe
2453 3867 2670 3935 lateque
2701 3861 3026 3923 crevissent.
3056 3875 3182 3916 cum
3217 3857 3418 3928 quibus
3447 3855 3526 3909 fui

1948 3979 2048 4034 ego
2077 3962 2338 4018 societate
2366 3958 2716 4030 conjunctus,
2741 3963 2795 4012 et
2819 3955 2871 4010 in
2896 3954 3042 4009 hunc
3070 3951 3249 4008 locum
3284 3965 3406 4006 sum
3433 3950 3528 4004 de-

1951 4059 2167 4112 ductus.
2207 4053 2419 4109 Rursus
2447 4067 2578 4123 ergo
2609 4047 2909 4105 Anthemio
2940 4043 3176 4116 injectus
3203 4051 3289 4098 est
3323 4053 3529 4097 mteror

1951 4158 2004 4205 ct
2031 4148 2273 4203 tristitia.
2299 4145 2430 4216 Ejus
2455 4153 2636 4198 autem
2664 4142 2971 4198 orationem
3002 4133 3458 4208 excipitJoannes
3473 4138 3530 4194 et

1954 4243 2068 4297 haec
2111 4239 2314 4309 adjicit,
2349 4236 2584 4292 dicens:
2621 4233 2760 4289 Vera
2809 4232 2942 4288 dicit
2993 4228 3305 4302 praefectus,
3335 4242 3370 4283 ο
3401 4225 3526 4281 viri.

1954 4332 2145 4388 Nullus
2171 4340 2254 4386 est
2289 4329 2436 4385 enim
2476 4327 2627 4382 locus
2660 4327 2729 4380 ab
2765 4323 3027 4380 extremis
3057 4337 3231 4392 usque
3255 4319 3323 4374 ad
3348 4331 3529 4374 extre-

1956 4441 2043 4480 ma
2089 4423 2241 4479 orbis
2273 4432 2568 4484 terrarum,
2600 4418 2690 4474 ubi
2725 4415 2977 4472 Christus
3008 4430 3113 4468 non
3141 4413 3440 4467 honoratur
3475 4418 3532 4466 et

1952 4517 2191 4579 colitur;
2232 4524 2286 4570 et
2333 4512 2378 4569 si
2419 4512 2542 4584 quis
2595 4509 2900 4566 studiOsius
2950 4505 3066 4561 haec
3116 4505 3246 4560 velit
3292 4504 3528 4559 discere.

1952 4612 2094 4667 sciat
2135 4608 2203 4664 de
2237 4606 2440 4662 Judazis
2476 4603 2570 4676 qui
2600 4605 2854 4659 exierunt
2891 4600 2959 4655 ab
3004 4597 3343 4657 Jerusalem,
3384 4593 3530 4665 quod

1953 4712 2242 4772 postquam
2286 4698 2538 4752 Christus
2576 4691 2967 4750 resurrexisset
2998 4705 3027 4746 a
3072 4689 3326 4754 mortuis,
3360 4702 3392 4742 ει
3418 4686 3532 4740 Ro-

1954 4795 2133 4848 manis
2185 4791 2324 4846 bello
2357 4787 2592 4854 obsessi,
2623 4787 2692 4840 ad
2725 4797 2904 4840 tantas
2950 4781 3159 4838 redacti
3187 4788 3317 4836 sunt
3357 4794 3533 4850 angu-

1955 4887 2112 4952 stias,
2145 4895 2204 4940 ut
2237 4897 2461 4938 suorum
2495 4878 2786 4935 infantium
2827 4893 3024 4953 carnes
3057 4890 3156 4947 pro
3183 4888 3323 4945 pane
3345 4886 3536 4928 come-

1955 4983 2155 5039 derint.
2192 4979 2293 5046 Qui
2311 4992 2441 5048 ergo
2466 4975 2597 5030 mihi
2627 4973 2878 5038 creditis,
2904 4985 3035 5026 ecce
3058 4969 3354 5040 episcopus
3387 4985 3402 5036 ;
3437 4983 3534 5022 ac-

1957 5072 2131 5130 cedite
2165 5071 2230 5126 ad
2251 5086 2375 5126 eum
2391 5077 2444 5123 et
2469 5064 2846 5137 baptizemini.
2891 5062 3160 5129 Quoniam
3185 5067 3370 5115 autem
3395 5057 3534 5114 divi-

1956 5181 2082 5221 num
2119 5164 2294 5219 zelum
2350 5161 2489 5216 solet
2531 5160 2696 5214 etiam
2742 5163 2922 5212 metus
2972 5153 3194 5226 quidam
3242 5153 3532 5220 consequi,

1957 5259 2081 5314 illos
2112 5263 2281 5313 terret
2309 5257 2426 5325 ipse
2453 5249 2713 5309 Joannes.
2733 5249 2942 5316 Quibus
2966 5247 3110 5304 enim
3143 5244 3312 5300 animi
3347 5259 3538 5300 socor—

1959 5352 2051 5406 dia
2101 5347 2385 5404 obsidetur
2416 5361 2447 5400 a
2502 5343 2650 5399 molli
2693 5350 2750 5398 et
2786 5347 3048 5398 enervato
3080 5338 3303 5408 spiritu,
3330 5335 3538 5391 utiliter

1959 5443 2043 5500 eis
2099 5447 2278 5496 metus
2311 5435 2594 5509 objicitur.
2641 5431 2749 5489 Eos
2782 5447 2914 5503 ergo
2945 5439 3113 5485 terret
3143 5428 3262 5483 zelo
3295 5425 3540 5495 percitus

1957 5538 2051 5593 ille
2086 5534 2233 5590 Elias
2269 5549 2284 5597 ;
2318 5531 2449 5604 quid
2477 5529 2667 5585 dicens
2695 5528 2719 5582 ?
2749 5524 2865 5583 Nisi
2913 5524 3044 5581 mihi
3079 5520 3372 5594 parueritis
3401 5535 3539 5575 cun—

1960 5629 2160 5686 sulenti
2215 5641 2335 5698 quae
2378 5624 2510 5679 dant
2567 5623 2843 5686 salutem;
2875 5633 3008 5676 ecce
3049 5633 3149 5673 vos
3194 5615 3438 5671 deferam
3469 5612 3536 5667 ad

1961 5724 2342 5793 imperatores,
2378 5727 2434 5773 et
2475 5717 2656 5771 statim
2692 5713 3024 5768 moriemini.
3077 5711 3172 5767 Est
3212 5709 3357 5765 enim
3388 5722 3539 5766 mors

1965 5811 2157 5867 melior
2187 5825 2350 5881 quam
2390 5808 2522 5870 vita,
2567 5819 2688 5876 qua:
2731 5801 3080 5870 blasphemus
3123 5808 3177 5854 et
3231 5794 3539 5877 maledicti;~

1952 5905 2190 5962 incessit
2218 5905 2338 5962 vitae
2363 5902 2632 5969 datorem,
2657 5903 2710 5956 et
2729 5895 2913 5953 minus
2946 5892 3108 5951 habet
3157 5906 3353 5950 sensus
3378 5902 3541 5962 quam
