4086 6298
375 257 480 331 π,
534 278 535 281 γ

1041 264 1323 325 ORATIO
1356 256 1582 326 XVIII.
1618 289 1687 302 --
1715 265 2111 326 LAUDATIO
2149 269 2208 327 S.
2250 267 2571 330 JOANNIS
2603 267 3006 331 CHRYSOST.

3525 264 3633 326 2‘38

376 369 735 448 άναγνώστην
769 394 829 431 τε
859 377 937 448 τῷ
963 375 1079 445 λαῷ
1102 376 1205 447 τῆς
1247 377 1574 447 Ἐκκλησίας
1603 378 1710 432 τῶν
1744 379 1953 433 Ἀντιο-

2071 377 2478 451 Hierosolymis,
2501 387 2550 434 et
2583 379 2787 450 popqu
2806 378 3165 432 Antiocheam
3185 376 3449 432 Ecclesia:
3465 374 3635 429 Joan-

375 472 517 542 χέων
556 471 650 524 τὸν
688 470 944 542 Ἰωάννην
999 469 1312 540 καθίστησι.
1346 469 1480 522 Τότε
1527 469 1590 540 δή
1644 487 1777 538 φασι
1827 472 1954 532 τοὺς

377 563 522 618 κατὰ
561 562 831 616 Ἰουδαίων
865 563 1029 616 αὐτὸν
1063 562 1123 627 ἐξ
1173 561 1538 626 συντάξασθαι
1590 561 1803 631 λόγους,
1859 565 1953 616 τὸν

374 655 530 709 τόνον
579 654 678 726 τῆς
708 641 939 718 ὀἰκείας
996 653 1290 727 εὐδρομίας
1343 653 1622 708 άνένδοτον
1683 654 1820 725 πρὸς
1885 654 1953 707 τὰ

375 750 616 819 κρείττω
643 749 743 820 βίῳ
778 749 873 803 καὶ
912 748 1058 818 λόγῳ
1087 747 1538 816 διαφυλάττοντα.
1569 748 1725 803 Μετὰ
1758 748 1951 812 ταῦτα,

378 843 566 915 χερσὶν
593 844 630 920 ἠ
659 845 840 918 μήτηρ
867 841 1001 896 Θεοῦ
1033 844 1343 914 παραθεῖσα
1371 843 1432 894 τὸ
1452 842 1692 912 πνεῦμα,
1717 842 1795 914 τῷ
1820 840 1951 914 ἱερῷ

381 935 531 988 παιδὶ
569 932 668 1004 τὴν
711 929 1029 1003 ἐλευθερίαν
1077 933 1388 1008 χαρίζεται.
1432 934 1491 985 '0
1533 933 1635 1004 μὲν
1678 931 1953 1004 δημέγας

377 1026 541 1082 Δαὸὶδ
568 1026 628 1078 τὸ
646 1025 854 1080 δίκαιον
877 1027 979 1080 κάν
1004 1025 1212 1089 τούτοις
1242 1024 1690 1096 χαρακτηρίζων,
1709 1025 1951 1092 Ἐσκόρ-

379 1136 584 1188 πισεν,
607 1120 791 1174 ἔδωκε
840 1118 964 1185 τοῖς
1006 1118 1252 1185 πένησι,
1275 1101 1442 1186 ’φησίν
1465 1132 1481 1148 ο
1525 1117 1564 1184 ἡ
1592 1115 1951 1184 δικαιοσύνη

380 1215 568 1270 αὐτοῦ
617 1214 787 1284 μένει
816 1215 904 1280 εις
940 1211 1048 1266 τὸν
1094 1194 1305 1266 αἰῶνα
1335 1209 1444 1264 τοῦ
1503 1208 1740 1275 αἰῶνος.
1788 1210 1847 1264 Ὀ
1896 1200 1959 1263 δὲ

390 1307 646 1377 Ἰωάννης
674 1307 741 1375 τῇ
775 1304 947 1376 μητρὶ
974 1303 1202 1365 δέοντως
1233 1287 1466 1364 ἀποδοὺς
1508 1300 1604 1368 τὴν
1630 1299 1842 1363 οὐσίαν,
1891 1297 1952 1352 οὐ

381 1393 545 1462 μόνον
574 1393 664 1446 τὸν
692 1392 910 1448 ἅπαντα
939 1389 1265 1457 πλοῦτον,ὃν
1304 1390 1400 1460 μὲν
1435 1388 1720 1461 σκορπίζει
1750 1387 1952 1454 καλῶς,

375 1482 438 1536 ὃν
487 1482 546 1536 δὲ
588 1483 908 1553 ἀφοσιοῦται
951 1481 1214 1536 κάλλιστα
1245 1480 1321 1552 τῷ
1366 1480 1485 1551 Θεῷ
1512 1499 1526 1513 ·
1568 1481 1704 1535 ἀλλὰ
1734 1481 1828 1535 καὶ
1863 1481 1956 1534 τὸν

379 1577 518 1649 πρὸς
547 1565 675 1641 τοῦς
709 1574 984 1645 γνωστοὺς
1007 1575 1099 1628 καὶ
1139 1573 1326 1644 φίλους
1352 1575 1444 1628 καὶ
1470 1575 1597 1639 τοὺς
1623 1575 1799 1638 ἄλλως
1824 1591 1952 1629 συν-

376 1672 526 1742 ήθεις
559 1671 724 1726 πόθον
761 1671 821 1725 ὲν
865 1670 1094 1742 δευτέρᾳ
1126 1669 1290 1742 μοίρᾳ
1313 1669 1565 1740 θέμενος,
1593 1669 1687 1722 τοῦ
1717 1669 1955 1742 ἀληθοῦς

375 1730 670 1836 ὲιξήρτηται
734 1763 831 1817 καὶ
872 1730 1038 1835 μόνου
1069 1730 1163 1834 pii)
1211 1730 1559 1834 διαρρέοντος
1587 1730 1824 1832 ἐρωτοςί
1858 1730 1954 1816 καί.
1983 1730 2029 1793 Β

375 1859 467 1912 τδν
505 1858 708 1928 μονάδα
739 1854 872 1928 βίον,
893 1857 922 1910 ό
953 1858 1046 1911 καὶ
1072 1856 1178 1928 πρό
1198 1857 1392 1911 τούτου
1420 1856 1772 1926 μονότροπος,
1794 1858 1952 1928 εἴπερ

376 1967 460 2015 τις
490 1953 672 2018 ἄλλος,
708 1951 1170 2021 ἐπενδυσάμενος,
1207 1951 1282 2013 ὡς
1314 1951 1437 2021 ἄρτι
1466 1951 1588 2003 τότε
1621 1950 1952 2022 ἀρξάμενος,

379 2041 819 2117 φροντιστηρίοις
847 2041 1038 2094 ἑαυτὸν
1067 2040 1401 2107 ἐπιδίδωσιν,
1430 2042 1554 2094 ὅσαι
1580 2041 1953 2112 ἡμέραι,τοῖς

377 2136 745 2205 ἔμπροσθεν,
757 2133 899 2188 κατὰ
917 2133 1151 2199 Παῦλον,
1169 2134 1692 2204 ἐπεκτεινόμενος.
1709 2132 1954 2206 ὐρὼμε-

379 2245 469 2297 νος
497 2227 555 2281 δὲ
585 2226 848 2294 τοιοῦτος,
882 2226 980 2298 τὴν
1000 2223 1344 2296 προστασίαν
1364 2227 1472 2280 τῶν
1500 2226 1751 2298 ᾴδελφῶν.
1773 2245 1954 2299 παρα-

381 2319 624 2376 καλεῖται
647 2319 751 2398 μὲν
769 2319 1153 2389 ἀναδέξασθαι,
1174 2320 1235 2372 οὐ
1259 2319 1440 2390 μέντοι
1462 2320 1736 2389 ἀνέχεται.
1755 2321 1953 2390 Ὅρους

380 2417 436 2470 δὲ
467 2415 561 2471 καὶ
591 2417 777 2484 τάξεις
805 2416 988 2487 πάσης
1018 2414 1388 2486 άγαθοεργίας
1435 2418 1463 2469 ό
1511 2415 1653 2492 θεῖος
1707 2415 1954 2486 ζηλωτὴς

381 2498 540 2573 οὗτος
604 2509 940 2577 ἀσκητικοὺς
993 2507 1490 2578 συγγραψάμενος,
1563 2508 1948 2577 παραδίδωσιν.

397 2600 554 2655 Ἀλλὰ
590 2582 644 2654 τί
683 2600 872 2665 ταῦτα,
903 2599 1105 2670 καίπερ
1148 2599 1358 2670 μεγάλα
1402 2598 1764 2668 τυγχάνοντα,
1816 2598 1958 2668 πρὸς

382 2693 452 2746 τά
479 2692 781 2764 μέλλοντας
833 2694 867 2763 ἡ
921 2692 1018 2763 μὲν
1066 2693 1195 2764 περὶ
1238 2691 1404 2745 αὑτοῦ
1446 2693 1607 2761 φήμη
1651 2694 1958 2762 συνεισρεῖν

385 2786 628 2851 ἅπαντας
660 2785 795 2857 πρὸς
830 2785 990 2838 αὑτὸν
1016 2785 1269 2855 ἀσμένως
1298 2784 1611 2854 ἠνάγκαζεν
1633 2802 1646 2815 ο
1684 2783 1846 2847 αὐτὸς
1877 2785 1956 2850 δὲ,

383 2872 474 2931 οἷά
500 2894 581 2939 τις
623 2876 849 2949 ἀένναος
873 2876 1071 2945 κρήνη,
1107 2874 1204 2945 τῆς
1238 2873 1562 2945 διακρίσεως
1592 2873 1703 2928 τῶν
1726 2875 1766 2927 Γ
1771 2875 1960 2945 ραφῶν

385 2969 447 3025 τὸ
483 2967 628 3041 ὕδωρ
669 2968 877 3040 βλύζων
940 2968 1355 3033 ἀνεπιθόλωτον,
1387 2969 1500 3030 τοῖς
1557 2969 1722 3021 πᾶσιν
1772 2968 1957 3038 ὲδαψί-

2056 488 2179 527 nem
2215 473 2506 528 constituit
2555 471 2839 527 lectorem.
2876 469 3034 527 Tunc
3065 478 3248 523 autem
3285 469 3631 533 dicunteum

2055 564 2444 634 composuisse
2504 579 2600 618 sex
2661 563 2832 618 libros
2865 562 3126 618 adversus
3162 559 3400 628 Judzeos,
3438 577 3632 633 perpe-

2057 666 2210 711 tuum
2245 656 2330 712 sui
2370 658 2436 710 ad
2462 656 2689 711 meliora
2724 656 2862 710 recti
2891 669 3092 711 cursus
3132 665 3374 711 tenorem
3421 655 3531 709 vita
3576 663 3632 711 et

2055 749 2302 804 oratione
2324 754 2766 803 conservantem.
2804 745 2933 802 Post
2957 747 3071 803 haec
3091 762 3215 803 cum
3238 757 3418 802 mater
3449 749 3502 802 in
3535 747 3631 802 Dei

2057 855 2252 896 manus
2294 836 2454 896 suum
2485 840 2803 895 tradidisset
2826 840 3100 910 spiritum,
3131 848 3486 896 sacrosancto
3520 839 3632 893 ﬁlio

2057 932 2312 988 concedit
2352 933 2682 988 libertatem.
2725 931 2903 1000 Atque
2933 946 3165 1002 magnus
3196 931 3418 1001 quidem
3462 930 3631 985 David

2056 1026 2110 1080 in
2143 1025 2230 1080 bis
2266 1023 2444 1078 virum
2479 1025 2689 1093 justum
2725 1023 3067 1094 exprimens,
3123 1023 3260 1078 dicit
3295 1039 3312 1078 :
3344 1022 3629 1090 Dispersit,

2055 1116 2199 1168 dedit
2225 1112 2566 1184 pauperibus,
2587 1114 2806 1183 justitia
2835 1114 2950 1182 ejus
2968 1123 3142 1168 manet
3175 1113 3229 1167 in
3253 1117 3505 1167 montum
3526 1130 3632 1168 sa:-

2057 1206 2164 1260 culi
2194 1207 2234 1259 ⁸.
2262 1204 2504 1261 Joannes
2533 1214 2716 1260 autem
2741 1220 2867 1260 cum
2901 1204 3086 1272 matri,
3118 1212 3180 1260 ut
3208 1202 3458 1271 decebat,
3483 1205 3627 1273 justa

2057 1297 2300 1363 iecisset,
2337 1314 2448 1353 non
2482 1298 2660 1354 solum
2695 1312 2887 1352 omnes
2911 1295 3151 1362 divitias,
3186 1296 3382 1367 partim
3409 1297 3631 1367 quidem

2056 1390 2287 1462 pulchre
2317 1390 2605 1461 dispergit,
2637 1389 2838 1460 partim
2873 1398 3054 1444 autem
3106 1388 3215 1445 Deo
3264 1389 3632 1460 pulcherrime

2058 1493 2380 1551 consecrat;
2411 1483 2504 1540 sed
2539 1483 2707 1540 etiam
2739 1497 2899 1538 suum
2938 1483 2993 1537 in
3026 1491 3189 1538 notos
3235 1491 3289 1538 et
3316 1483 3546 1548 amicos,
3579 1491 3634 1538 et

2060 1577 2263 1648 alioqui
2306 1576 2606 1632 familiares
2659 1591 2903 1632 amorem
2932 1588 3301 1646 postponens,
3342 1590 3373 1630 a
3417 1590 3550 1632 vero
3581 1586 3635 1634 et

2057 1671 2151 1742 qui
2183 1685 2464 1741 nunquam
2489 1668 2658 1725 eiIluit
2684 1684 2872 1726 amore
2909 1670 3147 1740 pendet;
3178 1678 3233 1726 et
3276 1685 3404 1725 eum
3453 1670 3626 1726 vitam

2061 1763 2398 1834 suscepisset
2436 1766 2824 1828 monasticam,
2863 1762 2954 1831 qui
2993 1761 3155 1818 etiam
3199 1768 3350 1826 ante,
3397 1761 3445 1818 si
3485 1763 3630 1817 ullus

2061 1853 2357 1919 alius,erat
2383 1853 2685 1917 solitarius,
2711 1861 2969 1923 tanquam
3005 1862 3136 1909 tunc
3168 1853 3546 1924 incipiensdat
3577 1869 3639 1910 se

2061 1946 2427 2010 monasteriis,
2462 1944 2704 2015 quotidie
2722 1944 2789 1999 ad
2816 1945 3114 2010 anteriora,
3149 1947 3293 2002 sicut
3325 1945 3528 2002 Paulus
3554 1947 3636 2001 lo-

2061 2041 2250 2112 quitur
2281 2039 2398 2104 ",se
2416 2038 2740 2093 extendens.
2769 2037 2904 2092 Cum
2935 2037 3058 2092 talis
3080 2046 3264 2093 autem
3293 2034 3636 2104 cerneretur,

2063 2140 2286 2202 rogatur
2306 2128 2527 2200 quidem
2543 2139 2600 2183 ut
2622 2127 2854 2183 fratrum
2884 2129 3156 2200 suscipiat
3187 2129 3582 2200 praefecturam
3623 2149 3636 2184 :

2063 2222 2156 2275 sed
2171 2221 2222 2272 id
2239 2219 2462 2274 minime
2478 2219 2731 2275 sustinet.
2754 2217 2976 2273 Decreta
2995 2227 3173 2274 autem
3193 2228 3246 2274 et
3263 2219 3508 2276 ordinem
3526 2234 3644 2275 om-

2065 2312 2153 2366 nis
2187 2312 2346 2365 bona:
2377 2310 2698 2365 monasticae
2729 2309 3136 2365 exercitationis
3169 2311 3390 2366 divinus
3426 2311 3514 2365 hic
3555 2327 3644 2367 ze-

2067 2408 2204 2461 lotes
2223 2404 2532 2472 conscripta
2555 2404 2634 2457 eis
2654 2403 2839 2457 tradit.
2866 2401 2972 2458 Sed
2996 2403 3130 2474 quid
3157 2403 3293 2469 haec,
3317 2404 3422 2461 etsi
3446 2419 3642 2477 magna

2065 2500 2195 2561 sint,
2228 2498 2272 2552 si
2294 2497 2650 2552 conferantur
2671 2512 2795 2551 cum
2831 2496 3080 2552 futuris?
3120 2497 3254 2563 Quae
3297 2496 3366 2552 de
3404 2512 3470 2553 co
3518 2479 3650 2572 quia;

2066 2595 2187 2649 dem
2227 2593 2596 2662 spargebatur
2631 2589 2795 2655 fama,
2829 2590 3275 2660 cogebatomnes
3299 2590 3550 2646 lubenter
3575 2577 3643 2645 ad
3684 2579 3688 2582 ’

2065 2700 2188 2740 eum
2215 2682 2513 2738 conﬂuere.
2553 2683 2674 2753 ipse
2712 2692 2896 2737 autem
2939 2691 3203 2753 tanquam
3245 2683 3370 2738 fons
3419 2683 3643 2753 quidam

2068 2775 2361 2847 perennis,
2421 2774 2909 2830 discernendarum
2976 2774 3394 2844 Scriptura‘rum
3447 2789 3643 2845 aquam

2067 2870 2352 2927 eli'undens
2383 2869 2609 2923 minime
2634 2869 3031 2936 perturbatam,
3056 2883 3176 2924 eam
3208 2867 3413 2923 aﬂ‘atim
3445 2881 3645 2937 suppe-

2070 2965 2282 3020 ditabat
2323 2963 2603 3018 omnibus.
2647 2961 2989 3031 Licebatque
3039 2962 3227 3017 videre
3276 2975 3491 3025 omnes,
3550 2959 3642 3029 qui

385 3062 567 3116 λευσε.
599 3064 708 3115 Καὶ
731 3057 799 3133 ἦν
829 3063 962 3134 ὀρᾷν
999 3062 1247 3125 ἅπαντας
1274 3060 1422 3124 τοὺς,
1459 3061 1574 3114 ὅσοι
1599 3061 1677 3131 τῷ
1709 3061 1958 3133 φλογμῷ,

2072 3066 2210 3113 aestu
2242 3066 2295 3112 et
2323 3065 2568 3127 egestate
2598 3065 2652 3110 et
2679 3054 2772 3110 siti
2817 3055 3130 3110 divinorum
3179 3054 3527 3125 eloquiorum
3547 3068 3647 3108 ex»

387 3157 456 3227 τῇ
485 3154 669 3227 ἐνδείᾳ
700 3157 792 3209 καὶ
822 3155 963 3225 δίψει
989 3153 1097 3207 τῶν
1121 3153 1280 3207 θείων
1307 3153 1504 3222 λογίων
1538 3153 1962 3224 διεξηραίνοντο,

387 3248 579 3319 ὥσπερ
608 3247 802 3316 ἄγγεσι
837 3248 958 3310 ταῖς
1015 3245 1216 3316 βίϐλοις
1261 3247 1360 3308 τὰς
1399 3246 1588 3299 τούτου
1647 3248 1836 3315 σαφεῖς
1873 3248 1965 3300 καὶ

2072 3149 2444 3213 siccabantur,
2478 3165 2542 3203 ex
2567 3147 2686 3219 ejus
2714 3148 2892 3212 libris,
2931 3156 3192 3217 tanquam
3228 3163 3296 3201 ex
3323 3144 3646 3220 va‘sis,.ejus

2071 3243 2251 3297 claras
2279 3249 2331 3297 et
2352 3242 2675 3310 perSpicuas
2704 3240 3025 3296 haurientes
3053 3237 3564 3310 interpretationes,
3593 3245 3648 3294 ct

389 3344 606 3406 διειδεῖς
637 3344 937 3415 ἑρμηνείας
959 3342 1315 3414 άρυομὲνους,
1346 3341 1441 3396 καὶ
1464 3341 1599 3414 πρὸς
1621 3340 1720 3405 τὰς
1740 3340 1966 3410 ἐνεγκαο

2071 3334 2219 3389 laetos
2263 3341 2598 3389 revertentes
2627 3330 2682 3385 in
2715 3332 2971 3402 patriam.

394 3431 562 3503 μένας
583 3431 872 3502 χαίροντας
897 3431 1357 3502 ὑποστρέφοντας.
1420 3479 1424 3482 .

466 3531 541 3595 ςῗ.
585 3517 850 3578 Ἐνταῦθα
881 3540 973 3591 μοι
1009 3521 1287 3592 γενομένῳ
1327 3523 1484 3592 σιγᾷν
1520 3520 1958 3593 προτεθύμηται.

392 3618 606 3689 Κριτής
633 3615 742 3686 γὰρ
767 3615 875 3668 τῶν
907 3616 1056 3686 ἐμῶν
1075 3658 1088 3679 ,
1123 3616 1155 3686 ή
1187 3615 1515 3684 συνείδησις.
1555 3613 1651 3677 Τίς
1679 3614 1735 3667 δὲ
1757 3615 1785 3665 ὁ
1808 3614 1966 3683 λόγος

393 3711 494 3779 τῆς
522 3693 771 3778 σιωπῆς;
797 3709 919 3760 Ὅτι
945 3706 1196 3777 μεγάλων
1230 3705 1479 3759 ἐντεῦθεν
1502 3705 1798 3759 ἀνακόπτει
1825 3724 1966 3776 πρα-

395 3805 625 3874 γμάτων
654 3800 927 3873 διήγησις,
949 3793 1024 3854 ὧν
1057 3799 1125 3852 τά
1152 3798 1434 3870 παράδοξα
1461 3797 1771 3867 διηγεῖσθαι
1805 3797 1837 3870 ἢ
1883 3798 1968 3866 ἐξ-

397 3896 612 3967 υμνεῖν,
640 3894 764 3948 ὅσον
793 3893 963 3960 ἄξιον,
1003 3893 1099 3962 οὐχ
1144 3886 1254 3954 οἶός
1287 3907 1348 3943 τε
1393 3889 1504 3958 ἐγώ
1527 3907 1541 3921 ο
1601 3889 1758 3960 πλὴν,
1794 3891 1822 3942 ὅ
1882 3908 1972 3960 μοι

398 3989 519 4044 κατ’
547 3988 724 4060 ἀρχάς
746 3984 1154 4058 ἐν’προοιμίοις,
1175 3984 1269 4037 καὶ
1299 3980 1458 4046 αὖθις
1486 3982 1845 4053 ἐπινενόηται.
1864 3979 1976 4036 Καί

401 4078 953 4153 μοι-συγγινωσκέτω
982 4076 1197 4148 πρῶτον
1229 4074 1326 4146 μὲν
1372 4077 1398 4128 ό
1429 4073 1571 4137 θεῖος
1608 4066 1762 4138 οὗτος
1807 4074 1968 4144 ἀνὴρ,

383 4160 498 4229 ’καὶ
515 4174 614 4244 τῆς
638 4170 786 4236 θείας
812 4169 1215 4239 εὐσπλαγχνίας
1250 4167 1515 4238 μιμητὴς,
1544 4167 1636 4219 καὶ
1671 4167 1966 4237 ἐγγυητήςο

402 4265 832 4336 συγγινώσκοιτε
865 4263 1050 4317 δὲκαὶ
1072 4262 1229 4332 ὑμῶν
1259 4262 1373 4314 ὅσοι
1399 4260 1496 4329 τῆς
1528 4258 1695 4313 αὐτοῦ
1751 4260 1972 4328 φιλοσοο

2138 3512 2194 3569 6.
2223 3511 2358 3569 Cum
2407 3511 2474 3568 ad
2519 3513 2663 3567 hunc
2718 3511 2897 3565 locum
2935 3511 3300 3580 pervenerim,
3343 3509 3518 3565 statui
3568 3510 3649 3567 si-

2072 3605 2221 3674 lere;
2263 3619 2507 3658 meorum
2541 3612 2627 3659 est
2649 3603 2796 3659 enim
2844 3603 3011 3673 judex
3063 3602 3427 3658 conscientia.
3489 3600 3651 3669 Quat-

2079 3712 2205 3752 nam
2238 3705 2324 3751 est
2352 3703 2532 3752 autem
2565 3695 2710 3750 ratio
2766 3694 3016 3750 silentii?
3066 3693 3222 3760 Quod
3275 3694 3404 3748 hinc
3466 3709 3651 3749 rerum

2082 3804 2402 3859 magnarum
2432 3788 2684 3844 exoritur
2715 3787 2984 3858 narratio,
3041 3801 3272 3856 quarum
3310 3785 3653 3840 admirabili-

2080 3889 2249 3936 tatem
2283 3896 2510 3936 narrare
2540 3888 2594 3936 et
2626 3879 2902 3943 laudibus,
2964 3887 3230 3950 quantum
3257 3895 3353 3949 par
3379 3889 3484 3945 est,
3509 3879 3653 3934 cele-

2080 3972 2243 4028 brare
2275 3989 2384 4028 non
2419 3988 2642 4042 possum
2677 3989 2691 4027 :
2724 3971 3140 4042 attamenquod
3173 3970 3304 4025 mihi
3345 3971 3405 4042 in
3440 3971 3651 4041 princi-

2082 4067 2174 4138 pio
2200 4068 2478 4136 prooemii,
2509 4066 2561 4122 id
2592 4082 2787 4123 rursus
2815 4079 3031 4137 quoque
3046 4065 3195 4121 venit
3225 4065 3278 4120 in
3312 4051 3567 4124 mentem.
3592 4064 3659 4118 Et

2083 4159 2217 4213 mihi
2258 4159 2493 4229 primum
2518 4159 2768 4230 ignoscat
2803 4159 2892 4212 hic
2927 4158 3011 4212 vir
3043 4157 3290 4222 divinus,
3347 4157 3658 4227 divinaeque

2082 4252 2392 4308 clementiae
2430 4252 2678 4308 imitator
2711 4261 2764 4307 et
2799 4250 3094 4321 ﬁdejussor
3131 4250 3439 4320 :ignoscite
3474 4257 3658 4306 autem

402 4362 530 4428 φίας
569 4357 851 4412 ἐπαινέται
879 4355 976 4409 καὶ
997 4353 1291 4425 τρυφηταί.
1318 4353 1623 4423 Μακάριος
1642 4350 1716 4420 εἷ,
1755 4355 1966 4422 Σίμων,

2085 4360 2153 4400 ex
2200 4345 2356 4401 vobis
2391 4359 2612 4416 quoque
2638 4345 2956 4415 quicunque
2983 4344 3104 4414 ejus
3137 4341 3502 4412 pliilosOphia:
3538 4343 3656 4396 lau—

403 4453 464 4506 ἰν
496 4449 852 4519 Εὑαγγελίοις
882 4447 1185 4514 εἰσάγεται,
1236 4445 1388 4518 φωνὴ
1435 4445 1493 4497 δὲ
1541 4445 1682 4517 αὕτη
1734 4446 1973 4516 Χριστοῦ

408 4544 544 4616 πρὸς
568 4543 658 4598 τὸν
690 4543 866 4613 μέγαν
908 4541 966 4593 ὲν
1006 4537 1322 4601 ἀποστόλοις
1367 4537 1612 4608 Πέτρονο
1645 4539 1739 4591 καὶ
1768 4539 1976 4604 στήθει

404 4637 760 4694 ἀναπίπτων
785 4631 1047 4702 Χριστοῦ
1069 4629 1226 4693 ἄλλος
1257 4627 1504 4700 μαθητὴς
1528 4626 1976 4699 μεμαρτύρηται,

406 4729 503 4783 καὶ
542 4729 644 4782 ὅσα
695 4725 791 4779 τοῦ
834 4719 1190 4796 μακαρισμοῦ
1227 4719 1365 4790 μετὰ
1413 4718 1610 4786 ταῦτα,
1648 4719 1744 4772 καὶ
1777 4718 1888 4773 τῶν
1917 4721 1976 4773 ὲν

406 4820 740 4892 ἀμφοτέροις
765 4814 1183 4885 ἀποκαλύψεων,
1239 4815 1333 4867 καὶ
1363 4812 1538 4879 τέλος,
1569 4811 1627 4866 αι
1673 4811 1823 4876 κλεῖς
1878 4815 1977 4884 τῆς

409 4911 656 4983 οὐρανῶν
682 4907 979 4980 βασιλείας.
1005 4902 1132 4977 'Ap’
1167 4900 1259 4959 οὖν
1291 4904 1346 4958 εῐ
1367 4921 1430 4974 γε
1454 4903 1550 4975 τῆς
1579 4903 1771 4978 ὁμοίας
1813 4904 1982 4974 τιμῆς

412 5007 506 5067 καὶ
537 5003 698 5076 δόξης
727 5000 901 5073 ὁρῷτο
943 4999 1039 5053 καὶ
1086 4992 1242 5063 οὗτος
1355 4995 1611 5066 Ἰωάννης
1656 4994 1980 5065 ἠξιωμένος,

411 5101 469 5152 ἐν
488 5097 546 5150 δὲ
569 5091 819 5154 τὸνέἷναι
844 5093 937 5147 καὶ
961 5089 1321 5161 ὀνομάζεσθαι
1349 5085 1446 5158 τῆς
1476 5089 1748 5158 μακαρίας
1773 5088 1984 5157 ἐκείνης

409 5190 522 5246 τῶν
547 5188 860 5248 ἀποστόλων
903 5186 1060 5252 ἀξίας
1089 5184 1181 5238 καὶ
1211 5182 1419 5249 τάξεως
1449 5182 1784 5248 ίσοστάσιος;
1813 5181 1986 5234 Οὐδαο

418 5284 555 5358 μῶς.
586 5281 710 5346 Πῶς
725 5281 781 5334 δὲ
802 5281 893 5335 καί
919 5280 1040 5333 τίνα
1058 5277 1280 5348 τρόπον,
1295 5277 1395 5347 ἥδη
1412 5273 1541 5346 spe.
1563 5273 1736 5344 Συνῆν
1765 5273 2000 5346 Ἰωάννῃ·

416 5375 590 5447 Σύρος
616 5391 702 5438 τις
749 5373 1013 5445 πρέσϐυς,
1051 5369 1303 5448 Ἰἱσὺχιος
1335 5366 1594 5437 τοῦνομα,
1624 5364 1876 5429 τοσοῦτος
1912 5369 1989 5429 είς

418 5471 642 5540 ἀρετὴν,
673 5465 814 5522 ὥστε
860 5461 1229 5533 κατηξιῶσθαι
1276 5460 1438 5515 αὐτὸν
1469 5461 1562 5512 καὶ
1608 5458 1702 5512 τοῦ
1753 5458 1989 5530 μεγάλου

417 5561 593 5634 δώρου
629 5559 728 5630 τῆς
767 5557 918 5620 θείας
949 5553 1352 5627 προγνώσεως’
1402 5547 1462 5606 οἶ)
1510 5551 1610 5622 τῆς
1645 5553 1990 5624 ἀναστροφῆς

422 5655 519 5708 καὶ
545 5652 643 5722 τῆς
673 5650 838 5720 ἄλλης
864 5649 1076 5719 διαίτης
1106 5647 1358 5719 ἐμιμεῖτο
1399 5644 1496 5716 τὴν
1529 5645 1987 5715 σεμνοπρέπειαν.

425 5747 616 5818 Τούτῳ
638 5745 767 5800 ποτὲ
793 5744 873 5814 τῷ
898 5745 1114 5816 γέροντι
1154 5739 1576 5812 προσευχομένῳ
1603 5737 1695 5791 δύο
1719 5737 1864 5800 τινὲς
1894 5736 1989 5790 ἀν-

2081 4437 2299 4493 datores
2324 4437 2482 4504 estis,
2509 4446 2560 4493 et
2589 4438 2644 4492 in
2679 4452 2742 4492 ea
2769 4451 2866 4492 vos
2896 4435 3207 4491 oblectatis.
3241 4434 3439 4489 Beatus
3466 4450 3544 4499 es,
3567 4433 3656 4488 Si-

2083 4546 2204 4584 mon
2227 4530 2273 4596 “,
2307 4529 2510 4584 dicitur
2539 4529 2595 4584 in
2630 4528 2978 4600 Evangeliis;
3044 4529 3160 4583 haec
3193 4537 3376 4583 autem
3421 4541 3523 4580 vox
3575 4535 3663 4581 est

2083 4623 2289 4681 Christi
2313 4623 2382 4681 ad
2412 4639 2670 4693 magnum
2703 4625 2846 4679 inter
2876 4624 3153 4697 apostolos
3204 4621 3450 4678 Petrum.
3477 4619 3658 4678 Alium

2088 4731 2308 4787 quoque
2335 4717 2647 4787 apostolum
2683 4724 2944 4772 testatum
2975 4722 3074 4771 est
3100 4730 3256 4783 super
3309 4707 3508 4767 Christi
3538 4728 3661 4782 pec-

2091 4819 2174 4862 tus
2203 4808 2503 4862 recubuisse
2525 4808 2582 4874 ’;
2619 4815 2672 4862 et
2702 4821 3044 4878 quaecunque
3099 4806 3323 4861 fuerunt
3373 4805 3665 4875 utriusque

2089 4908 2214 4973 post
2242 4901 2356 4956 haec
2376 4899 2747 4955 beatitudines
2773 4907 2828 4954 et
2861 4898 3248 4965 revelationes,
3284 4906 3338 4954 et
3380 4907 3663 4970 postremo

2053 5064 2055 5067 ι
2088 4994 2271 5048 claves
2307 4992 2459 5065 regni
2493 4992 2778 5046 cmlorum.
2811 4990 2952 5046 Num
2989 5006 3121 5064 ergo
3156 4991 3204 5046 si
3234 4990 3428 5047 eodem
3454 4993 3666 5048 honore

2087 5093 2142 5143 et
2175 5085 2346 5157 gloria
2366 5095 2689 5140 cerneretur
2721 5085 2808 5140 hic
2833 5100 3052 5155 quoque
3106 5081 3349 5140 Joannes
3380 5082 3660 5155 dignatus.

2089 5179 2137 5233 ei
2164 5178 2382 5234 deesset
2405 5177 2634 5247 aliquid,
2660 5178 2958 5247 quominus
2991 5185 3045 5233 et
3102 5184 3247 5232 esset
3271 5186 3324 5231 et
3351 5176 3664 5232 nominare-

2093 5281 2179 5325 lur
2204 5284 2304 5340 par
2360 5269 2531 5324 beata:
2556 5269 2633 5323 illi
2664 5269 2916 5340 dignitati
2948 5279 3001 5324 et
3032 5268 3211 5324 Ordini
3247 5268 3664 5338 apostolorum?

2092 5359 2472 5430 NeQuaquam.
2503 5360 2788 5426 Quomodo
2823 5368 3003 5415 autem
3047 5369 3101 5415 et
3133 5375 3240 5431 qua
3283 5360 3520 5425 ratione,
3549 5359 3663 5428 jam

2092 5456 2296 5511 dicam.
2325 5454 2461 5509 Cum
2503 5453 2714 5509 Joanne
2735 5448 3062 5509 versabatur
3094 5451 3265 5524 Syrus
3318 5453 3538 5521 quidam
3578 5468 3666 5506 sc-

2094 5568 2222 5616 nex,
2262 5550 2481 5605 nomine
2511 5548 2843 5620 Hesychius,
2879 5548 3086 5603 virtute
3120 5555 3328 5615 tantus,
3361 5554 3422 5602 ut
3455 5546 3501 5602 is
3528 5562 3667 5616 quo-

2097 5660 2203 5714 que
2228 5644 2429 5714 dignus
2472 5643 2543 5698 sit
2573 5642 2816 5708 habitus,
2854 5639 2947 5713 qui
2981 5648 3372 5712 asscqueretur
3406 5655 3660 5710 magnum

2097 5736 2299 5790 donum
2330 5735 2528 5789 divi-nae
2559 5735 2956 5804 praescientiee;
3015 5733 3175 5804 cujus
3222 5730 3666 5790 conversationis

503 5848 524 5878 ⁸
553 5845 694 5902 l‘sal.
731 5859 842 5915 ολι,
876 5841 928 5898 '5.
1005 5841 1024 5874 ⁷
1057 5839 1254 5913 Philip.
1283 5855 1364 5907 ut,
1399 5838 1480 5894 15.
1557 5838 1577 5870 ⁸
1604 5835 1796 5892 Matth.
1833 5850 1940 5905 χιι,

2141 5833 2159 5866 ³
2190 5832 2348 5890 Joan.
2381 5847 2496 5901 xm,
2521 5830 2611 5886 25.
