4108 6306
512 317 622 386 239

1776 311 2052 375 LEONIS
2084 309 2546 375 PHILOSOPHI

3656 319 3774 386 240

515 443 571 490 t-t
596 436 719 489 vitae
752 433 974 504 agenda
1018 430 1361 492 honestatem
1442 431 1759 488 imitabatur
1822 428 2076 486 Joannes.

2190 429 2316 500 δρες
2372 430 2606 510 ὁρῶνται
2669 432 3057 506 λευχείμονες,
3116 436 3497 509 παραστάντες
3553 438 3683 494 ἔνθα
3734 441 3776 495 ὁ

514 516 656 586 ﬂuit:
686 529 805 585 seni
865 527 1163 599 aliquando
1212 528 1402 584 oranti
1460 534 1724 598 apparent
1753 524 1862 581 duo
1904 540 2085 590 senes,

513 623 696 681 induti
724 621 979 678 candidis
1022 621 1294 689 vestibus,
1336 628 1581 677 astantes
1619 619 1709 675 ubi
1759 618 2089 690 precabatur

509 714 791 782 Joannes;
822 729 1058 785 quorum
1089 698 1233 771 unus
1272 713 1493 787 quidem
1546 712 1739 767 librum
1792 710 2083 780 scriptum,

511 809 651 863 alter
685 822 819 861 vero
849 805 1101 878 gestabat
1149 807 1352 862 claves.
1401 804 1624 870 Lieebat
1672 812 1853 858 autem
1902 792 2087 883 videre

507 903 803 971 Joannem,
831 917 956 958 cum
997 917 1096 979 eos
1125 901 1376 965 vidisset,
1409 900 1662 968 adorare,
1716 887 1842 971 illos
1900 884 2087 951 autem

510 1000 692 1055 dicere
730 979 762 1053 ι
786 995 1035 1063 Conﬁde,
1065 1002 1121 1051 et
1150 996 1263 1051 noli
1304 996 1518 1052 timere.
1569 992 1722 1047 Illum
1757 1007 1889 1048 vero
1917 990 2087 1047 verbo

509 1106 736 1163 rogasse
753 1104 863 1161 quo
906 1088 1247 1161 appellamus
1274 1088 1554 1153 dominos,
1590 1087 1822 1157 quinam
1873 1091 2085 1147 essent,

503 1184 656 1257 quod
686 1182 893 1254 dignati
924 1189 1114 1257 essent
1144 1180 1332 1237 venire
1360 1180 1427 1235 ad
1472 1195 1630 1236 suam
1689 1179 2087 1246 humilitatem,

509 1283 562 1341 et
595 1291 689 1331 eos
723 1291 916 1347 rursus
942 1275 1130 1331 dicere
1154 1292 1172 1331 :
1198 1274 1277 1330 Ne
1302 1275 1519 1343 timeas,
1547 1273 1631 1329 vir
1658 1272 2083 1337 desideriorum,

508 1382 651 1423 nove
680 1366 894 1433 Daniel,
932 1369 985 1423 in
1022 1382 1133 1437 quo
1159 1367 1372 1421 habitat
1397 1364 1637 1436 Spiritus
1674 1374 1930 1422 sanctus.
1968 1363 2083 1422 Rex

507 1473 743 1531 magnus
780 1458 1059 1525 Christus,
1093 1469 1283 1512 noster
1311 1457 1592 1525 magister,
1635 1469 1734 1511 nos
1761 1454 1911 1511 misit
1938 1454 2005 1509 ad
2031 1462 2087 1510 te

507 1551 738 1609 nuntios
761 1550 981 1623 gaudii;
1014 1552 1222 1622 gaudii,
1255 1550 1506 1620 inquam,
1537 1563 1650 1621 quo
1672 1565 1769 1621 per
1800 1559 1853 1605 te
1883 1548 2075 1604 fruen-

504 1656 601 1700 tur
622 1660 817 1701 omnes
852 1644 949 1700 Dei
982 1643 1264 1700 Ecclesiae.
1316 1641 1442 1696 llaec
1472 1641 1688 1698 dixisse
1733 1652 1791 1697 et
1822 1641 1871 1696 ei
1913 1640 2087 1696 tradi-

504 1738 680 1803 disse,
707 1737 940 1792 alterum
984 1752 1048 1791 ex
1083 1734 1170 1790 his
1192 1731 1413 1805 quidem
1438 1733 1658 1800 librum,
1691 1732 1925 1788 alterunt
1952 1747 2084 1789 vero

2203 522 2456 595 Ἰωάννης
2477 521 2822 597 προσηύχετο
2842 542 2857 557 ·
2886 518 2963 582 ὧν
2981 529 3009 581 ό
3038 527 3139 600 μὲν
3160 529 3323 600 τόμον
3349 530 3771 602 γεγραμμένον,

2184 617 2216 669 ό
2266 615 2324 671 δὲ
2366 618 2514 684 κλεῖς
2549 618 2877 693 ἐπεφέρετο.
2917 618 3083 696 Ὀρᾷν
3127 622 3183 676 δὲ
3214 618 3283 694 ἦν
3326 623 3555 689 τούτους
3586 626 3775 680 ἰδόντα.

2185 711 2564 781 προσκυνῆσαι
2600 711 2695 767 τδν
2734 711 3011 783 Ἰωάννην,
3037 715 3164 779 τοὺς
3201 716 3257 770 δὲ
3304 718 3482 769 εἰπεῖν
3506 734 3520 750 ·
3552 716 3772 788 Θάρσει

2186 800 2282 857 καὶ
2320 800 2399 873 μὴ
2426 804 2615 873 φοϐοῦ.
2664 805 2768 859 Τὸν
2807 806 2866 861 δὲ
2910 795 3242 878 διερωτῆσαι
3279 809 3507 879 ῥήματι,
3552 802 3598 878 ᾧ
3633 809 3775 875 τοὺς

2189 895 2413 975 κυρίους
2448 894 2751 969 καλοῦμεν,
2788 897 2937 962 τίνες
2976 898 3044 953 ἂν
3073 893 3206 966 εἷεν,
3253 900 3337 953 ὃτι
3380 898 3771 969 κατηξιώσασις

2184 985 2325 1058 πρὸς
2354 984 2450 1057 τὴν
2482 988 2622 1058 ἐμὴν
2654 988 2984 1044 ταπείνωσιν
3019 988 3233 1044 ἱκέσθαι
3260 1005 3276 1019 '
3315 990 3410 1044 καὶ
3438 992 3566 1056 τοὺς
3603 986 3772 1056 αὖθις

2184 1070 2361 1141 εἰπεῖν
2381 1091 2395 1108 ’
2428 1079 2523 1150 Μὴ
2556 1079 2747 1150 φοϐοῦ,
2785 1080 2919 1152 ἆνερ
2946 1081 3278 1152 ἐπιθυμιῶν,
3310 1082 3397 1136 νὲε
3437 1082 3654 1156 Δανιὴλ,
3701 1085 3768 1138 ὲν

2183 1158 2228 1234 ᾧ
2272 1170 2462 1240 σκηνοῖ
2498 1170 2561 1223 τὸ
2608 1171 2836 1243 Πνεῦμα
2879 1174 2942 1228 τὸ
2984 1173 3159 1243 ἅγιον.
3205 1174 3469 1239 Βασιλεὺς
3510 1175 3539 1227 ὁ
3583 1175 3765 1245 μέγας

2183 1261 2440 1334 Χριστὸς.
2471 1268 2499 1321 ό
2532 1267 2798 1338 ἡμέτερος
2824 1268 3167 1334 διδάσκαλος,
3208 1269 3501 1326 ἀπέστειλὲ
3543 1286 3627 1324 σοι
3660 1287 3769 1341 χαο
3826 1264 3833 1265 ί

2189 1360 2290 1427 ρᾶς
2319 1361 2590 1432 ἀγγέλους
2620 1360 2767 1433 ἡμᾶς
2789 1374 2807 1393 '
2838 1364 3046 1433 χαρᾶς,
3078 1358 3148 1435 ἦς
3178 1362 3554 1421 ἀπολαύσουσι
3585 1364 3766 1417 πᾶσαι

2184 1452 2271 1507 διὰ
2308 1452 2403 1507 σοῦ
2435 1456 2491 1507 αί
2525 1452 2622 1509 τοῦ
2657 1452 2793 1509 Θεοῦ
2836 1455 3179 1526 Ἐκκλησίαι.
3213 1454 3399 1510 Ταῦτα
3431 1456 3629 1523 εἰπεῖν,
3666 1455 3768 1508 καὶ

2184 1546 2466 1601 ἐπιδοῦναι
2492 1546 2659 1618 αὐτῷ,
2692 1548 2785 1603 τὸν
2812 1548 2912 1620 μὲν
2939 1548 3029 1603 τὸν
3055 1548 3241 1619 τόμον,
3272 1548 3363 1603 τδν
3384 1548 3443 1609 δὲ
3461 1547 3561 1613 τὰς
3587 1547 3763 1612 κλεῖς,

2187 1640 2535 1706 ὲπειπόντας,
2574 1640 2653 1704 ὡς
2688 1639 2830 1710 Ἐγὼ
2864 1640 2961 1711 μὲν
2995 1642 3272 1712 Ἰωάννης,
3308 1645 3338 1698 ὁ
3371 1641 3654 1697 ἐπιπεσὼν
3698 1641 3764 1697 ἐν

2186 1733 2263 1804 τῷ
2297 1732 2546 1805 μυστικῷ
2564 1734 2767 1807 δείπνῳ
2792 1735 2975 1805 στήθει
3003 1735 3266 1808 Χριστοῦ,
3290 1735 3545 1791 κάκεῖθεν
3562 1737 3632 1792 τα
3658 1738 3766 1808 τῆς

505 1810 713 1909 claves,
756 1828 1142 1899 subiungendo
1183 1845 1199 1886 :
1239 1827 1353 1898 Ego
1401 1826 1622 1898 quidem
1667 1826 1931 1893 Joannes,
1988 1826 2076 1898 qui

2188 1792 2466 1895 θεολογίας
2496 1792 2835 1898 ε’ρυσάμένος
2860 1792 3113 1898 νάματα·
3140 1792 3324 1899 ὲγὰίδὲ
3352 1828 3580 1899 Πέτρος,
3609 1830 3640 1884 ό

504 1924 562 1978 in
597 1922 829 1994 mystica
857 1936 1015 1977 uena
1057 1936 1230 1992 super
1287 1919 1494 1977 Christi
1528 1930 1716 1991 pectus
1750 1918 2005 1984 recubui,
2033 1925 2087 1974 et

503 2003 661 2081 illinc
684 2014 846 2070 hausi
878 2013 1084 2069 ﬂuenta
1117 2012 1408 2085 theologia:
1435 2031 1452 2082 ;
1487 2029 1589 2085 ego
1627 2023 1808 2069 autem
1834 2028 1955 2070 sum
1978 2012 2081 2068 Pe-

498 2118 646 2177 trus,
676 2108 773 2179 qui
802 2105 1082 2163 Christum
1110 2106 1205 2164 Dei
1237 2107 1342 2162 vivi
1374 2106 1573 2175 Filium
1607 2122 1727 2161 sum
1763 2107 2076 2162 confessus.

500 2197 648 2254 Deus
685 2212 817 2274 vero
847 2196 947 2273 tibi
973 2212 1193 2269 quoque
1216 2197 1309 2252 dat
1357 2211 1531 2260 meam
1574 2204 1927 2269 potestatem.
1962 2194 2075 2252 Fac

499 2278 683 2343 omnia
708 2300 1071 2369 quaecumque
1104 2286 1202 2341 tibi
1224 2286 1505 2358 iubemus.
1536 2284 1601 2353 Et
1632 2301 1757 2341 cum
1794 2287 1847 2341 in
1866 2284 2084 2340 divino.

499 2398 624 2438 rum
654 2388 1055 2455 praeceptorum
1088 2381 1367 2452 mysteriis
1398 2396 1524 2437 eum
1560 2381 1961 2449 instituissent,
2024 2389 2082 2436 et

504 2476 813 2533 futurorum
843 2488 899 2533 et
933 2475 1203 2535 bellorum
1233 2485 1288 2531 et
1332 2474 1714 2542 aﬂlietionum,
1764 2491 1885 2545 quae
1915 2476 2081 2547 justis

498 2567 591 2623 hic
637 2567 823 2623 multae
849 2581 972 2622 esse
1002 2566 1203 2635 solent,
1232 2564 1614 2637 praedixissent
1642 2576 1927 2630 eventum,
1950 2573 2077 2621 tan-

498 2660 625 2716 dem
674 2674 801 2714 cum
858 2660 1116 2717 universa
1170 2648 1300 2728 ejus
1356 2658 1605 2714 membra
1661 2658 2077 2728 obsignassent,

496 2765 737 2823 eumque
774 2749 1014 2821 amplexi
1066 2758 1281 2818 essent,
1334 2750 1589 2821 bonoque
1616 2760 1676 2805 et
1724 2750 1850 2805 forti
1892 2737 2079 2805 animo

494 2843 970 2916 essejussissent,
1008 2845 1295 2900 recedunt.
1349 2842 1481 2900 Haec
1507 2857 1635 2899 cum
1667 2843 1760 2899 ilic
1795 2859 1926 2900 vere
1965 2842 2080 2899 ad-

497 2936 769 2994 mirabilis
802 2936 1031 2994 vldisset
1059 2945 1112 2993 et
1140 2935 1413 2994 audiisset
1448 2950 1643 2999 senex.
1690 2934 1834 3005 apud
1864 2950 1923 2992 se
1977 2935 2076 2990 mi-

498 3029 748 3086 rabatur.
787 3031 861 3087 lis
888 3038 1075 3086 autem
1117 3026 1217 3100 qui
1269 3042 1396 3086 eum
1419 3027 1503 3085 sic
1536 3026 1818 3090 videbant.
1845 3042 2076 3084 causam

2185 1916 2421 1970 Χοιστὸν
2462 1917 2587 1975 Υίδν
2616 1917 2753 1972 Θεοῦ
2787 1920 3151 1991 ὁμολογήσας.
3182 1919 3314 1985 Θεὸς
3339 1920 3396 1973 δὲ
3429 1920 3523 1974 καὶ
3555 1920 3637 1974 σοὶ
3659 1920 3766 1991 τὴν

2183 2005 2323 2079 ἐμὴν
2380 2008 2597 2067 δίδωσιν
2633 2009 2918 2075 ἐξουσίαν’
2976 2011 3210 2083 ποίησον
3257 2007 3353 2067 οὖν
3399 2010 3599 2076 πάντα,
3649 2010 3765 2066 ὅσα

2182 2102 2539 2173 ἐντελλόμεθά
2570 2120 2674 2161 σοι.
2695 2103 3249 2175 Μυσταγωγήσαντές
3273 2121 3334 2159 τε
3358 2105 3521 2159 αὐτὸν
3543 2103 3613 2160 τά
3636 2104 3762 2171 θεία

2182 2197 2520 2267 ἐντάλματα,
2547 2195 2647 2251 καὶ
2687 2197 2797 2253 τῶν
2832 2196 3277 2270 ἐπελευσομένων
3316 2197 3575 2269 πολέμων
3605 2197 3763 2271 αὐτῷ

2182 2291 2279 2346 καὶ
2309 2290 2562 2361 θλίψεων,
2590 2290 2650 2346 αἶ
2678 2288 2870 2354 πολλαὶ
2914 2295 3028 2357 τοῖς
3068 2292 3300 2357 δικαίοις
3344 2292 3758 2363 προσγίνονται,

2182 2380 2282 2453 τὴν
2318 2380 2542 2435 ἔκϐασιν
2588 2383 2969 2452 προειπόντες,
3012 2382 3170 2448 τέλος
3221 2384 3331 2443 πᾶν
3383 2382 3544 2455 μέλος
3584 2382 3757 2441 αὐτοῦ

2180 2477 2777 2548 κατασφραγισάμενοι,
2834 2476 3216 2552 ἀσπασάμενοι
3263 2493 3322 2531 τε
3388 2476 3487 2531 καὶ
3528 2475 3764 2549 θαρσιῖν

2182 2570 2277 2621 καὶ
2309 2568 2513 2639 ἰσχύειν
2538 2570 2894 2635 ἐπειπόντες,
2925 2567 3144 2624 ἀπίασι.
3176 2567 3365 2624 Ταῦτα
3391 2573 3420 2624 ό
3448 2567 3761 2639 θαυμάσιος

2179 2663 2387 2724 ἐκεῖνος
2413 2661 2583 2725 ὅντως
2632 2660 2774 2727 ἰδὼν,
2828 2662 2921 2715 καὶ
2968 2660 3209 2725 ἀκούσας
3251 2659 3590 2733 πρεσσύτης,
3621 2659 3758 2715 καθ’

2178 2755 2370 2808 ἑαυτὸν
2396 2753 2777 2825 ἐξεπλήττετο.
2792 2752 2914 2807 Τῶν
2936 2752 2993 2806 δὲ
3025 2752 3333 2824 βλεπόντων
3352 2750 3525 2817 οὕτως
3561 2749 3757 2818 αύτδν,

2178 2847 2277 2917 τὴν
2309 2846 2489 2902 αἰτίαν
2533 2847 2982 2918 πυνθανομένων,
3036 2845 3179 2918 ἔφη·
3219 2843 3536 2916 Mum-11pm
3577 2844 3760 2913 ,βασι-

2178 2940 2350 3009 λέως,
2392 2940 2634 3011 ἀδελφοὶ,
2688 2940 3080 3009 θριαμϐεύειν,
3132 2940 3225 2993 καὶ
3264 2938 3402 2993 Θεοῦ
3454 2936 3759 2992 καλύπτειν

2178 3036 2464 3107 τεράστια,
2487 3034 2577 3087 τὸν
2605 3035 2747 3097 ἴσον,
2800 3033 3000 3104 μᾶλλον
3042 3032 3102 3088 δὲ
3152 3032 3246 3086 καὶ
3288 3032 3457 3085 πλείω
3503 3029 3754 3086 κίνδυνον

496 3122 847 3206 rogantibus,
874 3121 1016 3178 dixit
1047 3139 1068 3179 :
1100 3120 1278 3193 Regis,
1304 3136 1340 3178 ο
1369 3121 1595 3187 fratres,
1642 3137 1846 3176 arcana
1880 3136 2076 3199 propa-

2180 3127 2456 3202 ἐπιφέρει.
2499 3128 2616 3184 Καὶ
2642 3127 2970 3201 ἀρξάμενος,
2995 3125 3061 3180 τὸ
3091 3126 3199 3179 πᾶν
3231 3124 3413 3195 διῆλθε
3437 3123 3538 3194 τῆς
3576 3122 3748 3176 ὀπτα-

496 3218 777 3281 tare”,et
812 3216 906 3271 Dei
953 3215 1168 3285 aperire
1213 3214 1502 3279 miracula,
1560 3228 1659 3285 par
1715 3224 1882 3284 atque
1938 3214 2076 3269 adeo

496 3309 678 3379 majus
718 3308 874 3362 affert
904 3307 1250 3377 periculum;
1279 3312 1337 3361 et
1358 3290 1629 3374 incipiens
1669 3312 1843 3359 totam
1879 3318 2076 3360 narra-

495 3403 578 3456 vit
613 3400 905 3457 visionem.
938 3399 1039 3454 Cui
1071 3414 1195 3453 cum
1226 3397 1355 3454 data
1384 3406 1536 3453 esset
1570 3398 1728 3460 ﬁdes,
1764 3413 1875 3452 non
1901 3396 2074 3452 scitu-

496 3507 621 3549 rum
648 3492 701 3549 id
730 3489 1022 3556 Joannem,
1059 3490 1109 3546 is
1145 3497 1361 3546 mentes
1388 3490 1634 3547 omnium
1690 3489 1932 3558 implevit
1976 3488 2075 3546 ad-

496 3567 817 3641 miratione.
848 3584 1093 3639 Joannes
1121 3590 1309 3638 autem
1345 3591 1480 3636 tunc
1509 3580 1730 3650 scripsit
1774 3580 1948 3638 libros
2006 3580 2077 3639 de

496 3678 814 3734 monastica
868 3674 1296 3730 exercitatione.
1354 3672 1495 3729 Hinc
1534 3673 1584 3729 ei
1639 3673 1959 3730 ascendenti
2005 3672 2075 3728 ad

496 3770 778 3847 fastigium
811 3767 1082 3847 imprimis
1135 3769 1299 3838 regiae
1340 3768 1603 3823 virtutum
1652 3768 2075 3838 contemplatio-

494 3862 609 3930 nis,
641 3872 696 3918 et
727 3859 1044 3930 subjicienti
1074 3860 1363 3916 audaciam
1421 3861 1763 3931 passionum,
1807 3859 2074 3918 divinitus

497 3938 688 4011 ineas
726 3950 891 4007 datur
940 3960 1201 4021 potestas,
1274 3957 1458 4005 mente
1511 3962 1635 4019 quae
1697 3949 2069 4020 principatum

494 4044 712 4102 obtinet
744 4057 994 4113 superno
1037 4042 1243 4099 auxilio
1293 4041 1575 4112 adjuvata,
1627 4050 1684 4097 et
1741 4042 2075 4112 subjugante

494 4136 717 4193 illarum
768 4135 1068 4193 feritatem.
1119 4132 1313 4207 Operae
1363 4135 1599 4206 pretium
1644 4140 1733 4191 est
1778 4141 1961 4189 autem
2007 4135 2075 4190 de

490 4207 901 4303 bmnipotentis
950 4242 1174 4302 quoque
1226 4226 1283 4283 in
1327 4243 1454 4287 cum
1500 4234 1555 4283 et
1600 4226 1656 4284 in
1703 4226 1791 4283 his
1852 4226 2074 4282 muniti-

491 4325 701 4387 centia,
730 4318 1112 4378 contrahendo
1141 4318 1476 4401 orationem,
1510 4320 1692 4391 quoad
1726 4317 1843 4375 ﬁeri
1867 4329 2069 4390 potest,

493 4415 735 4473 breviter
760 4413 1060 4470 disserere.

2180 3220 2325 3285 σίας.
2343 3220 2809 3291 ’Δσφαλισάμενός
2836 3235 2896 3273 τε
2930 3217 3129 3283 αὐτοὺς
3144 3217 3223 3291 μὴ
3245 3216 3555 3286 γνωσθῆναι
3575 3214 3749 3274 ταῦτα

2178 3313 2258 3386 τῷ
2301 3314 2553 3388 Ἰωάννῃ,
2586 3314 2829 3388 θάμόους
2858 3313 2970 3368 τῶν
3000 3308 3356 3369 ἀκουσάντων
3383 3310 3482 3375 τὰς
3504 3308 3754 3383 ,διανοίας

2178 3407 2523 3480 ἐπλήρωσεν.
2569 3408 2627 3461 ’0
2654 3408 2713 3464 δὲ
2745 3409 3001 3478 Ἰωάννης
3035 3404 3338 3480 τηνικαῦτα
3360 3404 3487 3468 τοὺς
3516 3404 3753 3473 ἀσκητι-

2177 3501 2311 3565 κοὺς
2360 3498 2743 3572 συνεγράψατο
2802 3499 3016 3568 λόγους.
3069 3496 3350 3563 Ἐντεῦθεν
3405 3493 3556 3566 αὐτῷ
3610 3491 3756 3564 πρὸς

2177 3592 2490 3665 ἀκρώρειαν
2530 3592 2631 3665 τῆς
2662 3591 3103 3665 βασιλικωτάτης
3136 3590 3245 3644 τῶν
3271 3586 3480 3661 ἀρετῶν
3542 3584 3754 3640 ἀνιόντι

2180 3685 2489 3761 περιωπῆς,
2521 3686 2618 3739 καὶ
2665 3684 2735 3737 τὰ
2777 3682 2955 3756 θράση
2992 3682 3103 3735 τῶν
3132 3680 3321 3738 παθῶν
3368 3674 3755 3742 ὑποτάσσοντι,

2179 3779 2364 3835 θεόθεν
2386 3780 2421 3849 ὴ
2455 3778 2576 3833 κατ’
2604 3776 2786 3839 αὐτῶν
2814 3775 3035 3843 ἐξουσία
3055 3775 3432 3849 παραδίδοται,
3468 3769 3563 3825 τοῦ
3587 3770 3756 3826 αύτο-

2177 3872 2449 3946 κράτορος
2488 3870 2580 3926 νοῦ
2612 3873 2679 3942 τῇ
2711 3870 2918 3926 ἄνωθεν
2964 3867 3353 3939 συνεπικουρίᾳ
3392 3860 3757 3936 φορολογοῦν-

2176 3982 2266 4030 τος
2292 4006 2307 4032 ,
2354 3964 2449 4019 καὶ
2488 3963 2551 4027 τὸ
2600 3960 2826 4016 ἐκείνων
2871 3960 3158 4031 ἀγριαίνον
3213 3956 3752 4017 καθυποτάσσοντος.

2180 4059 2368 4125 ’Δξιον
2392 4058 2452 4113 δὲ
2478 4057 2580 4129 τῆς
2602 4054 2735 4127 περὶ
2772 4054 2864 4109 τὸν
2906 4053 3075 4123 ἄνδρα
3132 4050 3287 4122 παρά
3314 4050 3410 4105 τοῦ
3437 4049 3753 4121 κρείττονος

2176 4156 2279 4209 κὰν
2310 4152 2521 4215 τούτοις
2568 4148 2882 4220 φιλοτιμίας
2928 4146 3217 4201 συνελόντα
3261 4144 3353 4201 τδν
3396 4144 3576 4213 λόγον,
3620 4142 3751 4197 ὅσον

2176 4248 2471 4319 ἐνδέχεται,
2507 4243 2715 4320 βραχέα
2740 4240 3034 4298 διαλαϐεῖν.

565 4509 623 4579 7.
658 4508 999 4565 Dominieam
1028 4507 1321 4574 ﬁmbriam,
1355 4508 1500 4563 sicut
1522 4506 1855 4572 audivimus,
1882 4522 2071 4565 neces-

2255 4516 2321 4584 ζ’.
2349 4516 2453 4571 Τοῦ
2487 4513 2821 4570 Δεσποτικοῦ
2854 4510 3190 4587 κρασπέδου,
3220 4510 3475 4582 καθάπερ
3507 4507 3753 4580 ἠκούσα-

495 4603 661 4665 sitate
692 4600 871 4656 morbi
908 4600 1105 4655 adacta
1160 4601 1276 4657 illic
1323 4601 1543 4671 quidem
1587 4602 1785 4656 mulier
1812 4600 1916 4657 lide
1952 4608 2075 4659 tan-

492 4711 630 4776 gens
672 4695 739 4759 η,
770 4694 972 4765 accipit
1002 4701 1153 4750 tactu
1182 4695 1442 4749 salutem.
1507 4692 1652 4764 Ergo
1707 4693 1796 4756 hic
1854 4710 2076 4766 quoque

492 4786 741 4843 imitatus
775 4794 862 4841 est
894 4786 1242 4856 magistrum.
1294 4782 1394 4839 Hic
1424 4785 1572 4839 enim
1618 4786 1703 4840 vir
1733 4786 1958 4856 quidam
1995 4788 2074 4842 la-

490 4879 727 4936 borabat
755 4885 907 4932 tanto
932 4876 1127 4932 dolore
1144 4874 1495 4942 hetnicranii,
1523 4883 1585 4931 ut
1614 4877 1743 4931 mali
1773 4878 2069 4933 vehemen-

492 4976 571 5028 tia
621 4972 889 5031 exsiliens
941 4970 1140 5026 oculus
1195 4970 1319 5039 ejus
1369 4979 1689 5026 cerneretur
1754 4970 1994 5041 pendere
2040 4988 2070 5028 a

492 5065 741 5121 maxilla.
779 5063 828 5119 ls
864 5079 991 5118 cum
1030 5062 1312 5119 incassum
1346 5062 1403 5117 in
1443 5062 1689 5119 medicos
1713 5078 1844 5119 suas
1874 5078 2067 5123 omnes

492 5158 937 5227 consumpsisset
990 5152 1304 5221 facultates,
1364 5154 1582 5209 accedit
1640 5156 1939 5225 aliquando
1994 5157 2065 5213 ad

492 5244 1060 5313 divinum'Joannem,
1099 5263 1301 5317 rogans
1332 5255 1390 5301 ut
1421 5256 1733 5305 sanaretur.
1763 5248 1855 5305 Ille
1882 5264 2065 5307 autem

490 5344 627 5398 dicit
651 5342 701 5397 ei
735 5359 751 5395 :
784 5339 942 5395 Hune
967 5339 1221 5394 morbum
1253 5338 1351 5393 tibi
1377 5339 1748 5395 conciliarunt
1778 5349 1870 5396 tua
1896 5343 2065 5398 animi

491 5434 829 5506 perversitas
859 5442 913 5488 et
946 5448 1117 5503 pauca
1146 5430 1278 5486 lides
1300 5432 1353 5486 in
1382 5427 1661 5488 Christum
1696 5432 2064 5494 Salvatorem.

492 5530 648 5587 Tunc
677 5539 937 5602 aegrotus,
971 5527 1153 5588 .simul
1187 5535 1352 5596 atque
1389 5523 1495 5582 hoc
1528 5527 1759 5585 dixisset
1801 5529 2065 5600 Joannes,

492 5640 553 5679 se
576 5634 749 5677 totum
779 5622 1074 5676 traducens
1102 5620 1168 5675 ad
1206 5620 1418 5675 ﬁrmam
1460 5618 1664 5677 Christi
1710 5624 1889 5692 iidem,
1946 5635 2068 5683 tan-

494 5726 571 5792 git
594 5716 839 5772 tunicam
868 5712 1123 5781 Joannis,
1150 5724 1204 5769 et
1246 5729 1371 5770 cum
1393 5729 1515 5771 eam
1542 5716 1673 5772 locis
1710 5714 1922 5777 aﬂ‘ectis
1962 5721 2064 5778 int-

2182 4624 2303 4680 μεν,
2355 4607 2570 4678 ἀνάγκῃ
2623 4603 2829 4665 πάθους
2876 4603 2996 4656 ἐκεῖ
3060 4600 3163 4673 μὲν
3211 4600 3349 4672 γυνὴ
3403 4599 3470 4652 ὲκ
3502 4599 3751 4663 πίστεως

2177 4700 2481 4771 ἁψάμενον,
2506 4700 2574 4768 τῇ
2603 4696 2716 4767 ἀφῇ
2748 4694 2852 4765 τὴν
2888 4695 3164 4765 σωτηρίαν
3209 4691 3585 4763 ἀπολαμϐάνει
3610 4708 3625 4724 ·
3654 4690 3753 4745 τὸν

2177 4792 2496 4849 διδάσκαλον
2528 4786 2624 4844 οὖν
2656 4789 2752 4843 καὶ
2800 4777 2956 4851 οὗτος
2994 4787 3440 4858 ἀπομεμίμηται.
3485 4784 3753 4839 Ἐνταῦθα

2176 4887 2285 4957 γάρ
2314 4901 2397 4950 τις
2428 4883 2569 4955 ἀνὴρ
2596 4880 2834 4954 τοσαύτῃ
2864 4879 2994 4951 περὶ
3038 4879 3100 4933 τὸ
3145 4879 3450 4949 ἡμίκρανον
3493 4875 3752 4947 ἀλγηδόνι

2178 4976 2484 5047 συνέχεται,
2533 4974 2677 5028 ὥστε
2716 4972 2799 5045 τῷ
2833 4971 3047 5043 σφοδρῷ
3089 4972 3187 5040 τῆς
3214 4968 3407 5039 ὀδύνης
3443 4968 3535 5023 τδν
3556 4967 3749 5022 τούτου

2173 5067 2452 5139 ὀφθαλμὸν
2489 5065 2896 5137 ἐκπηδήσαντα,
2920 5065 2987 5133 τῇ
3036 5061 3247 5131 σιαγόνι
3285 5058 3514 5131 ὁρᾶσθαι
3540 5056 3754 5115 ἀποδω⁴

2180 5162 2464 5235 ρούμενον.
2491 5154 2660 5223 θύτος
2687 5158 2889 5231 ἰατροῖς
2916 5152 3342 5226 προσαναλώσας
3363 5152 3484 5207 ὅλον
3504 5150 3596 5205 τὸν
3634 5148 3755 5223 βίον

2176 5257 2431 5327 ἀνόνητα,
2465 5251 2713 5326 πρόσεισί
2747 5267 2876 5304 ποτε
2912 5248 2989 5320 τῷ
3019 5248 3151 5320 θείῳ
3188 5246 3428 5319 Ἰωάννῃ,
3452 5242 3751 5301 ἀντιϐολῶν

2179 5349 2418 5421 ίαθῆναι.
2458 5348 2517 5400 '0
2537 5347 2593 5398 δὲ
2620 5346 2767 5415 λέγει
2792 5342 2938 5413 αὐτῷ
2963 5358 2977 5371 ⁸
3008 5340 3179 5397 Τοῦτό
3216 5356 3299 5394 σοι
3346 5340 3407 5395 τὸ
3454 5336 3649 5403 πάθος,
3685 5338 3749 5393 τὸ

2177 5441 2391 5498 σκολιὸν
2434 5439 2535 5510 τῆς
2581 5438 2777 5508 ψυχῆς,
2809 5438 2900 5491 καὶ
2946 5435 3081 5507 πρὸς
3113 5434 3204 5488 τὸν
3238 5433 3466 5505 Σωτῆρα
3511 5427 3748 5503 Χριστὸν

2174 5532 2514 5603 όλιγόπιστον
2556 5529 2945 5601 προεξένησανο
2989 5528 3049 5580 ’0
3104 5526 3159 5609 δὲ
3216 5525 3466 5596 πάσχων.
3500 5524 3619 5596 ἅμα
3666 5521 3747 5609 τῷ

2173 5623 2339 5697 λόγῳ,
2377 5622 2499 5677 ὅλον
2532 5619 2722 5675 ἑαυτὸν
2766 5618 2859 5674 ἐπὶ
2885 5617 2985 5690 τὴν
3034 5608 3255 5697 ἀρραγῆ
3299 5612 3479 5666 πίστιν
3505 5608 3746 5682 Χριστοῦ

2175 5718 2454 5795 μεταθεὶς,
2483 5716 2715 5771 ἅπτεται
2745 5713 2841 5769 τοῦ
2871 5713 3195 5786 χιτωνίσκου
3221 5709 3317 5764 τοῦ
3354 5708 3625 5770 Ἰωάννου,
3649 5704 3749 5761 καὶ

499 5808 790 5880 posuisset,
856 5808 1003 5863 dicto
1052 5808 1219 5863 citius
1269 5806 1370 5862 luit
1426 5818 1682 5869 curatus.
1726 5810 1859 5872 Post
1915 5814 2063 5875 hunc

2180 5818 2282 5881 τοῖς
2332 5811 2624 5869 πεπονθόσι
2672 5810 2896 5884 χωρίοις
2947 5805 3179 5895 ἐπιθεὶς,
3232 5802 3429 5861 θάττον
3476 5800 3511 5875 ἢ
3564 5798 3749 5871 λόγος,

565 5900 612 5936 ³ο
641 5898 779 5958 Tob.
810 5916 910 5969 xu,
941 5900 995 5957 7.
1072 5902 1113 5934 ”
1146 5899 1334 5958 Matth.
1367 5917 1443 5970 ιι,
1474 5899 1569 5962 22‹
