  <div class='ocr_page' id='page_1' title='image "/cluster/home/n/w/nwhite01/storage/ocr_20150623/107/mdp.39015028571910/164.png"; bbox 0 0 4108 6306; ppageno 0'>
   <div class='ocr_carea' id='block_1_1' title="bbox 268 337 371 405">
    <p class='ocr_par' dir='ltr' id='par_1_1' title="bbox 268 337 371 405">
     <span class='ocr_line' id='line_1_1' title="bbox 268 337 371 405; baseline -0.029 0"><span class='ocrx_word' id='word_1_1' title='bbox 268 337 371 405; x_wconf 68' lang='lat' dir='ltr'><strong>2H</strong></span> 
     </span>
    </p>
   </div>
   <div class='ocr_carea' id='block_1_2' title="bbox 952 337 2898 405">
    <p class='ocr_par' dir='ltr' id='par_1_2' title="bbox 952 337 2898 405">
     <span class='ocr_line' id='line_1_2' title="bbox 952 337 2898 405; baseline 0.001 -2"><span class='ocrx_word' id='word_1_2' title='bbox 952 339 1237 403; x_wconf 81' lang='lat' dir='ltr'><strong>ORATIO</strong></span> <span class='ocrx_word' id='word_1_3' title='bbox 1275 338 1581 401; x_wconf 79' lang='lat' dir='ltr'><strong>X\’IlI.-—</strong></span> <span class='ocrx_word' id='word_1_4' title='bbox 1624 337 2016 400; x_wconf 75' lang='lat' dir='ltr'><strong>LAUDATIO</strong></span> <span class='ocrx_word' id='word_1_5' title='bbox 2042 338 2106 400; x_wconf 86' lang='lat' dir='ltr'><strong>S.</strong></span> <span class='ocrx_word' id='word_1_6' title='bbox 2145 338 2465 400; x_wconf 83' lang='lat' dir='ltr'><strong>JOANNIS</strong></span> <span class='ocrx_word' id='word_1_7' title='bbox 2495 342 2898 405; x_wconf 80' lang='lat' dir='ltr'><strong>CHRYSOST.</strong></span> 
     </span>
    </p>
   </div>
   <div class='ocr_carea' id='block_1_3' title="bbox 3418 316 3528 412">
    <p class='ocr_par' dir='ltr' id='par_1_3' title="bbox 3418 316 3528 412">
     <span class='ocr_line' id='line_1_3' title="bbox 3418 316 3528 412; baseline 0.018 -2"><span class='ocrx_word' id='word_1_8' title='bbox 3418 343 3528 412; x_wconf 75' lang='lat' dir='ltr'><strong>sta</strong></span> 
     </span>
    </p>
   </div>
   <div class='ocr_carea' id='block_1_4' title="bbox 269 453 1858 529">
    <p class='ocr_par' dir='ltr' id='par_1_4' title="bbox 269 453 1854 529">
     <span class='ocr_line' id='line_1_4' title="bbox 269 453 1854 529; baseline -0.002 -19"><span class='ocrx_word' id='word_1_9' title='bbox 269 456 539 526; x_wconf 75' lang='grc' dir='ltr'>λαμϐάνει</span> <span class='ocrx_word' id='word_1_10' title='bbox 584 455 688 529; x_wconf 77' lang='grc' dir='ltr'>τὴν</span> <span class='ocrx_word' id='word_1_11' title='bbox 737 455 898 510; x_wconf 82' lang='grc' dir='ltr'>ἴασιν.</span> <span class='ocrx_word' id='word_1_12' title='bbox 935 457 1090 510; x_wconf 82' lang='grc' dir='ltr'><strong>Μετὰ</strong></span> <span class='ocrx_word' id='word_1_13' title='bbox 1139 455 1328 511; x_wconf 79' lang='grc' dir='ltr'>τοῦτον</span> <span class='ocrx_word' id='word_1_14' title='bbox 1376 455 1575 526; x_wconf 82' lang='grc' dir='ltr'>λεπρός</span> <span class='ocrx_word' id='word_1_15' title='bbox 1621 472 1705 519; x_wconf 87' lang='grc' dir='ltr'><strong>τις</strong></span> <span class='ocrx_word' id='word_1_16' title='bbox 1755 453 1854 525; x_wconf 80' lang='grc' dir='ltr'>τὴν</span> 
     </span>
    </p>
   </div>
   <div class='ocr_carea' id='block_1_5' title="bbox 1960 453 3527 529">
    <p class='ocr_par' dir='ltr' id='par_1_5' title="bbox 1960 453 3527 527">
     <span class='ocr_line' id='line_1_5' title="bbox 1960 453 3527 527; baseline 0.004 -20"><span class='ocrx_word' id='word_1_17' title='bbox 1960 453 2179 524; x_wconf 86' lang='lat' dir='ltr'><strong>quidam</strong></span> <span class='ocrx_word' id='word_1_18' title='bbox 2219 454 2359 510; x_wconf 86' lang='lat' dir='ltr'><strong>facie</strong></span> <span class='ocrx_word' id='word_1_19' title='bbox 2393 465 2665 527; x_wconf 82' lang='lat' dir='ltr'><strong>teprosus,</strong></span> <span class='ocrx_word' id='word_1_20' title='bbox 2697 458 2789 527; x_wconf 85' lang='lat' dir='ltr'><strong>qui</strong></span> <span class='ocrx_word' id='word_1_21' title='bbox 2824 465 2943 513; x_wconf 88' lang='lat' dir='ltr'><strong>crat</strong></span> <span class='ocrx_word' id='word_1_22' title='bbox 2972 473 3002 512; x_wconf 92' lang='lat' dir='ltr'><strong>c</strong></span> <span class='ocrx_word' id='word_1_23' title='bbox 3031 458 3372 527; x_wconf 81' lang='lat' dir='ltr'><strong>proceribus,</strong></span> <span class='ocrx_word' id='word_1_24' title='bbox 3421 473 3527 513; x_wconf 84' lang='lat' dir='ltr'><strong>no-</strong></span> 
     </span>
    </p>
   </div>
   <div class='ocr_carea' id='block_1_6' title="bbox 273 547 1850 620">
    <p class='ocr_par' dir='ltr' id='par_1_6' title="bbox 273 547 1850 620">
     <span class='ocr_line' id='line_1_6' title="bbox 273 547 1850 620; baseline -0.001 -19"><span class='ocrx_word' id='word_1_25' title='bbox 273 551 417 619; x_wconf 69' lang='grc' dir='ltr'>Ριψιν,</span> <span class='ocrx_word' id='word_1_26' title='bbox 446 549 557 604; x_wconf 82' lang='grc' dir='ltr'>τῶν</span> <span class='ocrx_word' id='word_1_27' title='bbox 597 551 938 620; x_wconf 77' lang='grc' dir='ltr'><strong>μεγιστάνων</strong></span> <span class='ocrx_word' id='word_1_28' title='bbox 983 551 1290 620; x_wconf 76' lang='grc' dir='ltr'><strong>τυγχάνων,</strong></span> <span class='ocrx_word' id='word_1_29' title='bbox 1320 547 1610 620; x_wconf 83' lang='grc' dir='ltr'>Ἀρχέλαος</span> <span class='ocrx_word' id='word_1_30' title='bbox 1657 548 1850 619; x_wconf 70' lang='grc' dir='ltr'>ὄνομα,</span> 
     </span>
    </p>
   </div>
   <div class='ocr_carea' id='block_1_7' title="bbox 275 641 1852 715">
    <p class='ocr_par' dir='ltr' id='par_1_7' title="bbox 275 641 1852 715">
     <span class='ocr_line' id='line_1_7' title="bbox 275 641 1852 715; baseline -0.001 -21"><span class='ocrx_word' id='word_1_31' title='bbox 275 641 550 713; x_wconf 73' lang='grc' dir='ltr'><strong>προσῆλθε</strong></span> <span class='ocrx_word' id='word_1_32' title='bbox 585 641 665 711; x_wconf 84' lang='grc' dir='ltr'><strong>τῷ</strong></span> <span class='ocrx_word' id='word_1_33' title='bbox 701 642 943 715; x_wconf 74' lang='grc' dir='ltr'>Ἰωάννῃ,</span> <span class='ocrx_word' id='word_1_34' title='bbox 973 643 1068 697; x_wconf 75' lang='grc' dir='ltr'><strong>καὶ</strong></span> <span class='ocrx_word' id='word_1_35' title='bbox 1097 641 1278 705; x_wconf 86' lang='grc' dir='ltr'>καθὼς</span> <span class='ocrx_word' id='word_1_36' title='bbox 1318 644 1586 713; x_wconf 79' lang='grc' dir='ltr'><strong>Ζακχαῖος</strong></span> <span class='ocrx_word' id='word_1_37' title='bbox 1625 643 1852 707; x_wconf 81' lang='grc' dir='ltr'>ἐκεῖνος,</span> 
     </span>
    </p>
   </div>
   <div class='ocr_carea' id='block_1_8' title="bbox 277 733 1852 807">
    <p class='ocr_par' dir='ltr' id='par_1_8' title="bbox 277 733 1852 807">
     <span class='ocr_line' id='line_1_8' title="bbox 277 733 1852 807; baseline 0 -19"><span class='ocrx_word' id='word_1_38' title='bbox 277 733 413 801; x_wconf 66' lang='grc' dir='ltr'>πρὸς</span> <span class='ocrx_word' id='word_1_39' title='bbox 444 735 536 788; x_wconf 80' lang='grc' dir='ltr'><strong>τὸν</strong></span> <span class='ocrx_word' id='word_1_40' title='bbox 565 735 843 804; x_wconf 84' lang='grc' dir='ltr'>Δεσπότην</span> <span class='ocrx_word' id='word_1_41' title='bbox 895 734 1256 807; x_wconf 60' lang='grc' dir='ltr'>μεγαλοψύχῳ</span> <span class='ocrx_word' id='word_1_42' title='bbox 1308 736 1570 804; x_wconf 76' lang='grc' dir='ltr'>κινήματι</span> <span class='ocrx_word' id='word_1_43' title='bbox 1618 734 1852 797; x_wconf 79' lang='grc' dir='ltr'>πίστεως</span> 
     </span>
    </p>
   </div>
   <div class='ocr_carea' id='block_1_9' title="bbox 276 819 1856 898">
    <p class='ocr_par' dir='ltr' id='par_1_9' title="bbox 276 819 1856 898">
     <span class='ocr_line' id='line_1_9' title="bbox 276 819 1856 898; baseline -0.002 -18"><span class='ocrx_word' id='word_1_44' title='bbox 276 827 367 880; x_wconf 69' lang='grc' dir='ltr'>καὶ</span> <span class='ocrx_word' id='word_1_45' title='bbox 394 819 548 890; x_wconf 75' lang='grc' dir='ltr'>οὗτος</span> <span class='ocrx_word' id='word_1_46' title='bbox 578 826 748 882; x_wconf 82' lang='grc' dir='ltr'>εἰπὼν</span> <span class='ocrx_word' id='word_1_47' title='bbox 777 827 873 882; x_wconf 73' lang='grc' dir='ltr'>καὶ</span> <span class='ocrx_word' id='word_1_48' title='bbox 905 827 1282 898; x_wconf 78' lang='grc' dir='ltr'>συνθεόμενος,</span> <span class='ocrx_word' id='word_1_49' title='bbox 1318 827 1537 898; x_wconf 76' lang='grc' dir='ltr'>πρῶτον</span> <span class='ocrx_word' id='word_1_50' title='bbox 1556 825 1654 897; x_wconf 77' lang='grc' dir='ltr'>τὴν</span> <span class='ocrx_word' id='word_1_51' title='bbox 1681 827 1856 897; x_wconf 73' lang='grc' dir='ltr'>άμομν</span> 
     </span>
    </p>
   </div>
   <div class='ocr_carea' id='block_1_10' title="bbox 277 919 1857 993">
    <p class='ocr_par' dir='ltr' id='par_1_10' title="bbox 277 919 1857 993">
     <span class='ocr_line' id='line_1_10' title="bbox 277 919 1857 993; baseline 0 -20"><span class='ocrx_word' id='word_1_52' title='bbox 277 920 411 987; x_wconf 77' lang='grc' dir='ltr'>φίαν</span> <span class='ocrx_word' id='word_1_53' title='bbox 456 920 555 993; x_wconf 77' lang='grc' dir='ltr'>τῆς</span> <span class='ocrx_word' id='word_1_54' title='bbox 605 919 892 992; x_wconf 82' lang='grc' dir='ltr'>λεπρώσης</span> <span class='ocrx_word' id='word_1_55' title='bbox 943 920 1124 992; x_wconf 75' lang='grc' dir='ltr'>ψυχῆς</span> <span class='ocrx_word' id='word_1_56' title='bbox 1173 920 1250 992; x_wconf 79' lang='grc' dir='ltr'><strong>τῷ</strong></span> <span class='ocrx_word' id='word_1_57' title='bbox 1299 921 1700 993; x_wconf 72' lang='grc' dir='ltr'>ῥυπτικωτάτῳ</span> <span class='ocrx_word' id='word_1_58' title='bbox 1744 921 1857 976; x_wconf 81' lang='grc' dir='ltr'><strong>τῶν</strong></span> 
     </span>
    </p>
   </div>
   <div class='ocr_carea' id='block_1_11' title="bbox 291 1012 1855 1087">
    <p class='ocr_par' dir='ltr' id='par_1_11' title="bbox 291 1012 1855 1087">
     <span class='ocr_line' id='line_1_11' title="bbox 291 1012 1855 1087; baseline 0.003 -21"><span class='ocrx_word' id='word_1_59' title='bbox 291 1013 542 1068; x_wconf 75' lang='grc' dir='ltr'><strong>Ἰωάννου</strong></span> <span class='ocrx_word' id='word_1_60' title='bbox 592 1012 791 1083; x_wconf 79' lang='grc' dir='ltr'><strong>λογίων</strong></span> <span class='ocrx_word' id='word_1_61' title='bbox 838 1014 1288 1086; x_wconf 83' lang='grc' dir='ltr'>ἀποπλυνὰμενος</span> <span class='ocrx_word' id='word_1_62' title='bbox 1355 1014 1545 1078; x_wconf 75' lang='grc' dir='ltr'>ὕδατι,</span> <span class='ocrx_word' id='word_1_63' title='bbox 1605 1015 1745 1087; x_wconf 81' lang='grc' dir='ltr'>μετά</span> <span class='ocrx_word' id='word_1_64' title='bbox 1790 1028 1855 1083; x_wconf 72' lang='grc' dir='ltr'><strong><em>τι</em></strong></span> 
     </span>
    </p>
   </div>
   <div class='ocr_carea' id='block_1_12' title="bbox 273 1101 1854 1178">
    <p class='ocr_par' dir='ltr' id='par_1_12' title="bbox 273 1101 1854 1178">
     <span class='ocr_line' id='line_1_12' title="bbox 273 1101 1854 1178; baseline 0.001 -20"><span class='ocrx_word' id='word_1_65' title='bbox 273 1104 438 1160; x_wconf 76' lang='grc' dir='ltr'>τοῦτο</span> <span class='ocrx_word' id='word_1_66' title='bbox 469 1104 566 1160; x_wconf 84' lang='grc' dir='ltr'>τοῦ</span> <span class='ocrx_word' id='word_1_67' title='bbox 616 1107 876 1178; x_wconf 76' lang='grc' dir='ltr'>φρεατίου</span> <span class='ocrx_word' id='word_1_68' title='bbox 916 1105 1126 1174; x_wconf 77' lang='grc' dir='ltr'>ὓδατος,</span> <span class='ocrx_word' id='word_1_69' title='bbox 1159 1101 1204 1175; x_wconf 84' lang='grc' dir='ltr'>ᾧ</span> <span class='ocrx_word' id='word_1_70' title='bbox 1251 1106 1490 1178; x_wconf 81' lang='grc' dir='ltr'>ἐχρῶντο</span> <span class='ocrx_word' id='word_1_71' title='bbox 1522 1106 1571 1159; x_wconf 91' lang='grc' dir='ltr'>οἱ</span> <span class='ocrx_word' id='word_1_72' title='bbox 1616 1106 1854 1177; x_wconf 68' lang='grc' dir='ltr'>ἀδελφοὶ,</span> 
     </span>
    </p>
   </div>
   <div class='ocr_carea' id='block_1_13' title="bbox 277 1190 1857 1270">
    <p class='ocr_par' dir='ltr' id='par_1_13' title="bbox 277 1190 1857 1270">
     <span class='ocr_line' id='line_1_13' title="bbox 277 1190 1857 1270; baseline 0.001 -18"><span class='ocrx_word' id='word_1_73' title='bbox 277 1199 565 1254; x_wconf 78' lang='grc' dir='ltr'>κελεύεται</span> <span class='ocrx_word' id='word_1_74' title='bbox 599 1190 856 1270; x_wconf 76' lang='grc' dir='ltr'>νίψασθαι</span> <span class='ocrx_word' id='word_1_75' title='bbox 882 1215 897 1232; x_wconf 90' lang='grc'><strong>·</strong></span> <span class='ocrx_word' id='word_1_76' title='bbox 939 1200 1034 1254; x_wconf 75' lang='grc' dir='ltr'>καὶ</span> <span class='ocrx_word' id='word_1_77' title='bbox 1071 1199 1389 1270; x_wconf 72' lang='grc' dir='ltr'><strong>νιψάμενος,</strong></span> <span class='ocrx_word' id='word_1_78' title='bbox 1422 1199 1624 1263; x_wconf 74' lang='grc' dir='ltr'>εὐθέως</span> <span class='ocrx_word' id='word_1_79' title='bbox 1668 1204 1763 1254; x_wconf 77' lang='grc' dir='ltr'>καὶ</span> <span class='ocrx_word' id='word_1_80' title='bbox 1795 1200 1857 1254; x_wconf 73' lang='grc' dir='ltr'>τίι</span> 
     </span>
    </p>
   </div>
   <div class='ocr_carea' id='block_1_14' title="bbox 280 1288 1855 1368">
    <p class='ocr_par' dir='ltr' id='par_1_14' title="bbox 280 1288 1855 1368">
     <span class='ocr_line' id='line_1_14' title="bbox 280 1288 1855 1368; baseline 0.003 -24"><span class='ocrx_word' id='word_1_81' title='bbox 280 1294 442 1362; x_wconf 81' lang='grc' dir='ltr'>σῶμα</span> <span class='ocrx_word' id='word_1_82' title='bbox 476 1292 817 1364; x_wconf 80' lang='grc' dir='ltr'>καθαίρεται.</span> <span class='ocrx_word' id='word_1_83' title='bbox 848 1288 980 1346; x_wconf 80' lang='grc' dir='ltr'><strong>Εἶτα</strong></span> <span class='ocrx_word' id='word_1_84' title='bbox 1012 1292 1090 1364; x_wconf 80' lang='grc' dir='ltr'><strong>τῷ</strong></span> <span class='ocrx_word' id='word_1_85' title='bbox 1115 1295 1357 1364; x_wconf 80' lang='grc' dir='ltr'>περιόντι</span> <span class='ocrx_word' id='word_1_86' title='bbox 1385 1294 1483 1368; x_wconf 80' lang='grc' dir='ltr'>τῆς</span> <span class='ocrx_word' id='word_1_87' title='bbox 1514 1295 1595 1357; x_wconf 79' lang='grc' dir='ltr'>εἰς</span> <span class='ocrx_word' id='word_1_88' title='bbox 1619 1293 1855 1365; x_wconf 79' lang='grc' dir='ltr'>Χριστὸν</span> 
     </span>
    </p>
   </div>
   <div class='ocr_carea' id='block_1_15' title="bbox 279 1382 1857 1459">
    <p class='ocr_par' dir='ltr' id='par_1_15' title="bbox 279 1382 1857 1459">
     <span class='ocr_line' id='line_1_15' title="bbox 279 1382 1857 1459; baseline 0.001 -20"><span class='ocrx_word' id='word_1_89' title='bbox 279 1390 539 1452; x_wconf 81' lang='grc' dir='ltr'>πίστεως,</span> <span class='ocrx_word' id='word_1_90' title='bbox 564 1383 632 1459; x_wconf 77' lang='grc' dir='ltr'>ἧς</span> <span class='ocrx_word' id='word_1_91' title='bbox 659 1382 726 1458; x_wconf 80' lang='grc' dir='ltr'>ἦν</span> <span class='ocrx_word' id='word_1_92' title='bbox 755 1386 904 1457; x_wconf 77' lang='grc' dir='ltr'>αὐτῷ</span> <span class='ocrx_word' id='word_1_93' title='bbox 926 1385 988 1439; x_wconf 81' lang='grc' dir='ltr'><strong>τὸ</strong></span> <span class='ocrx_word' id='word_1_94' title='bbox 1019 1385 1254 1457; x_wconf 77' lang='grc' dir='ltr'>χρυσοῦν</span> <span class='ocrx_word' id='word_1_95' title='bbox 1283 1385 1452 1450; x_wconf 73' lang='grc' dir='ltr'>ὅντως</span> <span class='ocrx_word' id='word_1_96' title='bbox 1475 1388 1652 1442; x_wconf 83' lang='grc' dir='ltr'><strong>ὲκείνο</strong></span> <span class='ocrx_word' id='word_1_97' title='bbox 1681 1385 1857 1457; x_wconf 83' lang='grc' dir='ltr'><strong>στόμα</strong></span> 
     </span>
    </p>
   </div>
   <div class='ocr_carea' id='block_1_16' title="bbox 279 1477 1860 1551">
    <p class='ocr_par' dir='ltr' id='par_1_16' title="bbox 279 1477 1860 1551">
     <span class='ocr_line' id='line_1_16' title="bbox 279 1477 1860 1551; baseline 0 -19"><span class='ocrx_word' id='word_1_98' title='bbox 279 1479 541 1550; x_wconf 76' lang='grc' dir='ltr'>πρόξενον</span> <span class='ocrx_word' id='word_1_99' title='bbox 573 1477 926 1551; x_wconf 76' lang='grc' dir='ltr'>ἀποκείρεται</span> <span class='ocrx_word' id='word_1_100' title='bbox 949 1494 964 1510; x_wconf 87' lang='grc'><strong>·</strong></span> <span class='ocrx_word' id='word_1_101' title='bbox 994 1483 1087 1533; x_wconf 69' lang='grc' dir='ltr'><strong>καὶ</strong></span> <span class='ocrx_word' id='word_1_102' title='bbox 1131 1479 1369 1548; x_wconf 85' lang='grc' dir='ltr'>μονάσας</span> <span class='ocrx_word' id='word_1_103' title='bbox 1422 1481 1602 1544; x_wconf 76' lang='grc' dir='ltr'>ὁσίως,</span> <span class='ocrx_word' id='word_1_104' title='bbox 1627 1479 1860 1549; x_wconf 83' lang='grc' dir='ltr'>διαπρέ-</span> 
     </span>
    </p>
   </div>
   <div class='ocr_carea' id='block_1_17' title="bbox 280 1569 1857 1641">
    <p class='ocr_par' dir='ltr' id='par_1_17' title="bbox 280 1569 1857 1641">
     <span class='ocr_line' id='line_1_17' title="bbox 280 1569 1857 1641; baseline 0.001 -18"><span class='ocrx_word' id='word_1_105' title='bbox 280 1589 374 1624; x_wconf 74' lang='grc' dir='ltr'><strong>πει</strong></span> <span class='ocrx_word' id='word_1_106' title='bbox 399 1572 494 1625; x_wconf 77' lang='grc' dir='ltr'><strong>καὶ</strong></span> <span class='ocrx_word' id='word_1_107' title='bbox 521 1571 844 1627; x_wconf 76' lang='grc' dir='ltr'><strong>τελειοῦται.</strong></span> <span class='ocrx_word' id='word_1_108' title='bbox 879 1572 1084 1626; x_wconf 79' lang='grc' dir='ltr'>Τούτου</span> <span class='ocrx_word' id='word_1_109' title='bbox 1112 1570 1351 1641; x_wconf 75' lang='grc' dir='ltr'>ζηλωταὶ</span> <span class='ocrx_word' id='word_1_110' title='bbox 1393 1570 1572 1625; x_wconf 74' lang='grc' dir='ltr'>πολλοὶ</span> <span class='ocrx_word' id='word_1_111' title='bbox 1601 1570 1712 1624; x_wconf 86' lang='grc' dir='ltr'>τῶν</span> <span class='ocrx_word' id='word_1_112' title='bbox 1737 1569 1857 1624; x_wconf 81' lang='grc' dir='ltr'>τότε</span> 
     </span>
    </p>
   </div>
   <div class='ocr_carea' id='block_1_18' title="bbox 280 1662 1857 1734">
    <p class='ocr_par' dir='ltr' id='par_1_18' title="bbox 280 1662 1857 1734">
     <span class='ocr_line' id='line_1_18' title="bbox 280 1662 1857 1734; baseline -0.001 -16"><span class='ocrx_word' id='word_1_113' title='bbox 280 1663 656 1726; x_wconf 78' lang='grc' dir='ltr'>καθίστανται.</span> <span class='ocrx_word' id='word_1_114' title='bbox 684 1668 750 1719; x_wconf 84' lang='grc' dir='ltr'>τὰ</span> <span class='ocrx_word' id='word_1_115' title='bbox 778 1666 876 1734; x_wconf 77' lang='grc' dir='ltr'>μὲν</span> <span class='ocrx_word' id='word_1_116' title='bbox 907 1665 1123 1719; x_wconf 70' lang='grc' dir='ltr'>ποικίλα</span> <span class='ocrx_word' id='word_1_117' title='bbox 1157 1664 1266 1717; x_wconf 86' lang='grc' dir='ltr'>τῶν</span> <span class='ocrx_word' id='word_1_118' title='bbox 1289 1663 1562 1734; x_wconf 76' lang='grc' dir='ltr'>λογισμῶν</span> <span class='ocrx_word' id='word_1_119' title='bbox 1584 1663 1662 1732; x_wconf 78' lang='grc' dir='ltr'><strong>τῷ</strong></span> <span class='ocrx_word' id='word_1_120' title='bbox 1689 1662 1857 1733; x_wconf 80' lang='grc' dir='ltr'>ἰατρῷ</span> 
     </span>
    </p>
   </div>
   <div class='ocr_carea' id='block_1_19' title="bbox 281 1757 1856 1830">
    <p class='ocr_par' dir='ltr' id='par_1_19' title="bbox 281 1757 1856 1830">
     <span class='ocr_line' id='line_1_19' title="bbox 281 1757 1856 1830; baseline 0.001 -21"><span class='ocrx_word' id='word_1_121' title='bbox 281 1757 656 1829; x_wconf 78' lang='grc' dir='ltr'>θεατρίζοντες</span> <span class='ocrx_word' id='word_1_122' title='bbox 707 1759 1019 1830; x_wconf 74' lang='grc' dir='ltr'>τραύματα,</span> <span class='ocrx_word' id='word_1_123' title='bbox 1059 1759 1236 1829; x_wconf 79' lang='grc' dir='ltr'>ἁπλῆν</span> <span class='ocrx_word' id='word_1_124' title='bbox 1283 1759 1338 1811; x_wconf 80' lang='grc' dir='ltr'>δὲ</span> <span class='ocrx_word' id='word_1_125' title='bbox 1386 1758 1480 1811; x_wconf 73' lang='grc' dir='ltr'>καὶ</span> <span class='ocrx_word' id='word_1_126' title='bbox 1527 1759 1732 1829; x_wconf 71' lang='grc' dir='ltr'><strong>ῥᾴστην</strong></span> <span class='ocrx_word' id='word_1_127' title='bbox 1763 1757 1856 1810; x_wconf 67' lang='grc' dir='ltr'>καὶ</span> 
     </span>
    </p>
   </div>
   <div class='ocr_carea' id='block_1_20' title="bbox 1959 548 3527 621">
    <p class='ocr_par' dir='ltr' id='par_1_20' title="bbox 1959 548 3527 621">
     <span class='ocr_line' id='line_1_20' title="bbox 1959 548 3527 621; baseline 0.003 -20"><span class='ocrx_word' id='word_1_128' title='bbox 1959 548 2102 605; x_wconf 90' lang='lat' dir='ltr'><strong>mine</strong></span> <span class='ocrx_word' id='word_1_129' title='bbox 2126 548 2448 616; x_wconf 60' lang='lat' dir='ltr'><strong>Archelaus,</strong></span> <span class='ocrx_word' id='word_1_130' title='bbox 2476 552 2710 605; x_wconf 63' lang='lat' dir='ltr'><strong>acoessit</strong></span> <span class='ocrx_word' id='word_1_131' title='bbox 2737 552 2804 606; x_wconf 86' lang='lat' dir='ltr'><strong>ad</strong></span> <span class='ocrx_word' id='word_1_132' title='bbox 2833 550 3126 612; x_wconf 83' lang='lat' dir='ltr'><strong>Joannem,</strong></span> <span class='ocrx_word' id='word_1_133' title='bbox 3168 559 3222 607; x_wconf 86' lang='lat' dir='ltr'><strong>et</strong></span> <span class='ocrx_word' id='word_1_134' title='bbox 3249 552 3527 621; x_wconf 85' lang='lat' dir='ltr'><strong>quomodo</strong></span> 
     </span>
    </p>
   </div>
   <div class='ocr_carea' id='block_1_21' title="bbox 1962 638 3525 713">
    <p class='ocr_par' dir='ltr' id='par_1_21' title="bbox 1962 638 3525 713">
     <span class='ocr_line' id='line_1_21' title="bbox 1962 638 3525 713; baseline 0.003 -21"><span class='ocrx_word' id='word_1_135' title='bbox 1962 638 2222 696; x_wconf 76' lang='lat' dir='ltr'><strong>Zachceus</strong></span> <span class='ocrx_word' id='word_1_136' title='bbox 2247 640 2361 706; x_wconf 90' lang='lat' dir='ltr'><strong>ille,</strong></span> <span class='ocrx_word' id='word_1_137' title='bbox 2404 642 2468 695; x_wconf 88' lang='lat' dir='ltr'><strong>ad</strong></span> <span class='ocrx_word' id='word_1_138' title='bbox 2504 639 2796 696; x_wconf 86' lang='lat' dir='ltr'><strong>Dominum</strong></span> <span class='ocrx_word' id='word_1_139' title='bbox 2852 642 3200 713; x_wconf 74' lang='lat' dir='ltr'><strong>magnanimo</strong></span> <span class='ocrx_word' id='word_1_140' title='bbox 3230 653 3378 696; x_wconf 88' lang='lat' dir='ltr'><strong>motu</strong></span> <span class='ocrx_word' id='word_1_141' title='bbox 3403 640 3525 696; x_wconf 86' lang='lat' dir='ltr'><strong>tidei</strong></span> 
     </span>
    </p>
   </div>
   <div class='ocr_carea' id='block_1_22' title="bbox 1959 732 3529 804">
    <p class='ocr_par' dir='ltr' id='par_1_22' title="bbox 1959 732 3529 804">
     <span class='ocr_line' id='line_1_22' title="bbox 1959 732 3529 804; baseline 0.001 -15"><span class='ocrx_word' id='word_1_142' title='bbox 1959 733 2050 789; x_wconf 82' lang='lat' dir='ltr'><strong>hic</strong></span> <span class='ocrx_word' id='word_1_143' title='bbox 2096 747 2317 804; x_wconf 87' lang='lat' dir='ltr'><strong>quoque</strong></span> <span class='ocrx_word' id='word_1_144' title='bbox 2349 733 2581 802; x_wconf 88' lang='lat' dir='ltr'><strong>loquens</strong></span> <span class='ocrx_word' id='word_1_145' title='bbox 2641 743 2697 787; x_wconf 89' lang='lat' dir='ltr'><strong>et</strong></span> <span class='ocrx_word' id='word_1_146' title='bbox 2748 734 3054 797; x_wconf 77' lang='lat' dir='ltr'><strong>accedens;</strong></span> <span class='ocrx_word' id='word_1_147' title='bbox 3112 749 3235 788; x_wconf 87' lang='lat' dir='ltr'><strong>cum</strong></span> <span class='ocrx_word' id='word_1_148' title='bbox 3296 732 3529 804; x_wconf 73' lang='lat' dir='ltr'><strong>leprosa:</strong></span> 
     </span>
    </p>
   </div>
   <div class='ocr_carea' id='block_1_23' title="bbox 1958 825 3530 900">
    <p class='ocr_par' dir='ltr' id='par_1_23' title="bbox 1958 825 3530 900">
     <span class='ocr_line' id='line_1_23' title="bbox 1958 825 3530 900; baseline -0.001 -18"><span class='ocrx_word' id='word_1_149' title='bbox 1958 826 2152 882; x_wconf 67' lang='lat' dir='ltr'><strong>anima!</strong></span> <span class='ocrx_word' id='word_1_150' title='bbox 2168 827 2572 883; x_wconf 75' lang='lat' dir='ltr'><strong>deformitatem</strong></span> <span class='ocrx_word' id='word_1_151' title='bbox 2602 825 2841 884; x_wconf 84' lang='lat' dir='ltr'><strong>Joannes</strong></span> <span class='ocrx_word' id='word_1_152' title='bbox 2871 827 3237 897; x_wconf 60' lang='lat' dir='ltr'><strong>elmtuiorum,</strong></span> <span class='ocrx_word' id='word_1_153' title='bbox 3267 843 3389 900; x_wconf 72' lang='lat' dir='ltr'><strong>qua:</strong></span> <span class='ocrx_word' id='word_1_154' title='bbox 3416 844 3530 882; x_wconf 79' lang='lat' dir='ltr'><strong>ina-</strong></span> 
     </span>
    </p>
   </div>
   <div class='ocr_carea' id='block_1_24' title="bbox 1958 919 3528 995">
    <p class='ocr_par' dir='ltr' id='par_1_24' title="bbox 1958 919 3528 995">
     <span class='ocr_line' id='line_1_24' title="bbox 1958 919 3528 995; baseline 0.001 -20"><span class='ocrx_word' id='word_1_155' title='bbox 1958 921 2106 977; x_wconf 74' lang='lat' dir='ltr'><strong>xime</strong></span> <span class='ocrx_word' id='word_1_156' title='bbox 2120 919 2478 992; x_wconf 77' lang='lat' dir='ltr'><strong>expurgabat,</strong></span> <span class='ocrx_word' id='word_1_157' title='bbox 2505 937 2645 993; x_wconf 83' lang='lat' dir='ltr'><strong>aqua</strong></span> <span class='ocrx_word' id='word_1_158' title='bbox 2672 922 3132 993; x_wconf 85' lang='lat' dir='ltr'><strong>abluisset,jnbet</strong></span> <span class='ocrx_word' id='word_1_159' title='bbox 3157 938 3282 977; x_wconf 88' lang='lat' dir='ltr'><strong>eum</strong></span> <span class='ocrx_word' id='word_1_160' title='bbox 3310 938 3528 995; x_wconf 85' lang='lat' dir='ltr'><strong>quoque</strong></span> 
     </span>
    </p>
   </div>
   <div class='ocr_carea' id='block_1_25' title="bbox 1957 1015 3527 1088">
    <p class='ocr_par' dir='ltr' id='par_1_25' title="bbox 1957 1015 3527 1088">
     <span class='ocr_line' id='line_1_25' title="bbox 1957 1015 3527 1088; baseline -0.001 -16"><span class='ocrx_word' id='word_1_161' title='bbox 1957 1031 2098 1087; x_wconf 88' lang='lat' dir='ltr'><strong>aqua</strong></span> <span class='ocrx_word' id='word_1_162' title='bbox 2138 1015 2309 1086; x_wconf 88' lang='lat' dir='ltr'><strong>putei,</strong></span> <span class='ocrx_word' id='word_1_163' title='bbox 2345 1031 2452 1088; x_wconf 87' lang='lat' dir='ltr'><strong>qua</strong></span> <span class='ocrx_word' id='word_1_164' title='bbox 2489 1016 2687 1073; x_wconf 89' lang='lat' dir='ltr'><strong>fratres</strong></span> <span class='ocrx_word' id='word_1_165' title='bbox 2717 1017 3031 1079; x_wconf 88' lang='lat' dir='ltr'><strong>utebantur,</strong></span> <span class='ocrx_word' id='word_1_166' title='bbox 3070 1017 3274 1084; x_wconf 89' lang='lat' dir='ltr'><strong>lavari;</strong></span> <span class='ocrx_word' id='word_1_167' title='bbox 3321 1025 3527 1071; x_wconf 86' lang='lat' dir='ltr'><strong>etcum</strong></span> 
     </span>
    </p>
   </div>
   <div class='ocr_carea' id='block_1_26' title="bbox 1959 1107 3521 1180">
    <p class='ocr_par' dir='ltr' id='par_1_26' title="bbox 1959 1107 3521 1180">
     <span class='ocr_line' id='line_1_26' title="bbox 1959 1107 3521 1180; baseline -0.002 -17"><span class='ocrx_word' id='word_1_168' title='bbox 1959 1110 2175 1164; x_wconf 86' lang='lat' dir='ltr'><strong>lavatus</strong></span> <span class='ocrx_word' id='word_1_169' title='bbox 2209 1115 2377 1173; x_wconf 90' lang='lat' dir='ltr'><strong>esset,</strong></span> <span class='ocrx_word' id='word_1_170' title='bbox 2413 1107 2536 1178; x_wconf 83' lang='lat' dir='ltr'><strong>ejus</strong></span> <span class='ocrx_word' id='word_1_171' title='bbox 2563 1123 2781 1180; x_wconf 84' lang='lat' dir='ltr'><strong>quoque</strong></span> <span class='ocrx_word' id='word_1_172' title='bbox 2820 1124 3024 1180; x_wconf 82' lang='lat' dir='ltr'><strong>corpus</strong></span> <span class='ocrx_word' id='word_1_173' title='bbox 3056 1109 3359 1163; x_wconf 80' lang='lat' dir='ltr'><strong>inundatur</strong></span> <span class='ocrx_word' id='word_1_174' title='bbox 3391 1123 3521 1175; x_wconf 89' lang='lat' dir='ltr'><strong>pro-</strong></span> 
     </span>
    </p>
   </div>
   <div class='ocr_carea' id='block_1_27' title="bbox 1957 1199 3526 1270">
    <p class='ocr_par' dir='ltr' id='par_1_27' title="bbox 1957 1199 3526 1270">
     <span class='ocr_line' id='line_1_27' title="bbox 1957 1199 3526 1270; baseline -0.001 -16"><span class='ocrx_word' id='word_1_175' title='bbox 1957 1201 2126 1255; x_wconf 84' lang='lat' dir='ltr'><strong>tinus.</strong></span> <span class='ocrx_word' id='word_1_176' title='bbox 2161 1199 2367 1254; x_wconf 83' lang='lat' dir='ltr'><strong>Deinde</strong></span> <span class='ocrx_word' id='word_1_177' title='bbox 2393 1211 2617 1270; x_wconf 82' lang='lat' dir='ltr'><strong>propter</strong></span> <span class='ocrx_word' id='word_1_178' title='bbox 2645 1216 2914 1255; x_wconf 82' lang='lat' dir='ltr'><strong>summam</strong></span> <span class='ocrx_word' id='word_1_179' title='bbox 2941 1200 2997 1254; x_wconf 91' lang='lat' dir='ltr'><strong>in</strong></span> <span class='ocrx_word' id='word_1_180' title='bbox 3030 1199 3306 1255; x_wconf 85' lang='lat' dir='ltr'><strong>Christum</strong></span> <span class='ocrx_word' id='word_1_181' title='bbox 3345 1199 3526 1265; x_wconf 79' lang='lat' dir='ltr'><strong>ﬁdem,</strong></span> 
     </span>
    </p>
   </div>
   <div class='ocr_carea' id='block_1_28' title="bbox 1957 1293 3530 1363">
    <p class='ocr_par' dir='ltr' id='par_1_28' title="bbox 1957 1293 3530 1363">
     <span class='ocr_line' id='line_1_28' title="bbox 1957 1293 3530 1363; baseline 0 -17"><span class='ocrx_word' id='word_1_182' title='bbox 1957 1309 2120 1363; x_wconf 85' lang='lat' dir='ltr'><strong>quam</strong></span> <span class='ocrx_word' id='word_1_183' title='bbox 2157 1295 2205 1348; x_wconf 89' lang='lat' dir='ltr'><strong>ei</strong></span> <span class='ocrx_word' id='word_1_184' title='bbox 2237 1293 2634 1349; x_wconf 80' lang='lat' dir='ltr'><strong>conciliaverat</strong></span> <span class='ocrx_word' id='word_1_185' title='bbox 2669 1293 2803 1348; x_wconf 86' lang='lat' dir='ltr'><strong>illud</strong></span> <span class='ocrx_word' id='word_1_186' title='bbox 2827 1309 2889 1348; x_wconf 90' lang='lat' dir='ltr'><strong>os</strong></span> <span class='ocrx_word' id='word_1_187' title='bbox 2921 1308 3049 1348; x_wconf 89' lang='lat' dir='ltr'><strong>vere</strong></span> <span class='ocrx_word' id='word_1_188' title='bbox 3099 1308 3356 1355; x_wconf 88' lang='lat' dir='ltr'><strong>aureum,</strong></span> <span class='ocrx_word' id='word_1_189' title='bbox 3405 1303 3530 1346; x_wconf 84' lang='lat' dir='ltr'><strong>ton-</strong></span> 
     </span>
    </p>
   </div>
   <div class='ocr_carea' id='block_1_29' title="bbox 1956 1383 3531 1462">
    <p class='ocr_par' dir='ltr' id='par_1_29' title="bbox 1956 1383 3531 1462">
     <span class='ocr_line' id='line_1_29' title="bbox 1956 1383 3531 1462; baseline -0.002 -21"><span class='ocrx_word' id='word_1_190' title='bbox 1956 1385 2240 1450; x_wconf 87' lang='lat' dir='ltr'><strong>detur;et</strong></span> <span class='ocrx_word' id='word_1_191' title='bbox 2265 1401 2388 1440; x_wconf 91' lang='lat' dir='ltr'><strong>cum</strong></span> <span class='ocrx_word' id='word_1_192' title='bbox 2422 1396 2611 1441; x_wconf 77' lang='lat' dir='ltr'><strong>sancte</strong></span> <span class='ocrx_word' id='word_1_193' title='bbox 2663 1384 2859 1440; x_wconf 89' lang='lat' dir='ltr'><strong>fuisset</strong></span> <span class='ocrx_word' id='word_1_194' title='bbox 2915 1385 3244 1462; x_wconf 84' lang='lat' dir='ltr'><strong>monachus,</strong></span> <span class='ocrx_word' id='word_1_195' title='bbox 3296 1383 3531 1456; x_wconf 75' lang='lat' dir='ltr'><strong>insignis</strong></span> 
     </span>
    </p>
   </div>
   <div class='ocr_carea' id='block_1_30' title="bbox 1955 1477 3526 1547">
    <p class='ocr_par' dir='ltr' id='par_1_30' title="bbox 1955 1477 3526 1547">
     <span class='ocr_line' id='line_1_30' title="bbox 1955 1477 3526 1547; baseline -0.003 -12"><span class='ocrx_word' id='word_1_196' title='bbox 1955 1478 2139 1535; x_wconf 80' lang='lat' dir='ltr'><strong>evadit</strong></span> <span class='ocrx_word' id='word_1_197' title='bbox 2166 1487 2220 1532; x_wconf 89' lang='lat' dir='ltr'><strong>et</strong></span> <span class='ocrx_word' id='word_1_198' title='bbox 2255 1479 2531 1547; x_wconf 87' lang='lat' dir='ltr'><strong>perfectus</strong></span> <span class='ocrx_word' id='word_1_199' title='bbox 2573 1477 2650 1535; x_wconf 85' lang='lat' dir='ltr'><strong>tit.</strong></span> <span class='ocrx_word' id='word_1_200' title='bbox 2682 1477 2831 1532; x_wconf 84' lang='lat' dir='ltr'><strong>Multi</strong></span> <span class='ocrx_word' id='word_1_201' title='bbox 2863 1493 2926 1532; x_wconf 74' lang='lat' dir='ltr'><strong>ex</strong></span> <span class='ocrx_word' id='word_1_202' title='bbox 2954 1477 3022 1532; x_wconf 89' lang='lat' dir='ltr'><strong>iis</strong></span> <span class='ocrx_word' id='word_1_203' title='bbox 3049 1477 3143 1546; x_wconf 90' lang='lat' dir='ltr'><strong>qui</strong></span> <span class='ocrx_word' id='word_1_204' title='bbox 3180 1489 3311 1531; x_wconf 91' lang='lat' dir='ltr'><strong>tunc</strong></span> <span class='ocrx_word' id='word_1_205' title='bbox 3343 1485 3526 1537; x_wconf 90' lang='lat' dir='ltr'><strong>erant.</strong></span> 
     </span>
    </p>
   </div>
   <div class='ocr_carea' id='block_1_31' title="bbox 1959 1569 3528 1644">
    <p class='ocr_par' dir='ltr' id='par_1_31' title="bbox 1959 1569 3528 1644">
     <span class='ocr_line' id='line_1_31' title="bbox 1959 1569 3528 1644; baseline -0.004 -15"><span class='ocrx_word' id='word_1_206' title='bbox 1959 1574 2180 1629; x_wconf 88' lang='lat' dir='ltr'><strong>fuerunt</strong></span> <span class='ocrx_word' id='word_1_207' title='bbox 2207 1573 2326 1644; x_wconf 81' lang='lat' dir='ltr'><strong>ejus</strong></span> <span class='ocrx_word' id='word_1_208' title='bbox 2351 1574 2678 1638; x_wconf 84' lang='lat' dir='ltr'><strong>imitatores,</strong></span> <span class='ocrx_word' id='word_1_209' title='bbox 2709 1574 2860 1626; x_wconf 86' lang='lat' dir='ltr'><strong>varia</strong></span> <span class='ocrx_word' id='word_1_210' title='bbox 2885 1572 3106 1641; x_wconf 87' lang='lat' dir='ltr'><strong>quidem</strong></span> <span class='ocrx_word' id='word_1_211' title='bbox 3139 1569 3528 1639; x_wconf 83' lang='lat' dir='ltr'><strong>cogitationum</strong></span> 
     </span>
    </p>
   </div>
   <div class='ocr_carea' id='block_1_32' title="bbox 1958 1657 3528 1736">
    <p class='ocr_par' dir='ltr' id='par_1_32' title="bbox 1958 1657 3528 1736">
     <span class='ocr_line' id='line_1_32' title="bbox 1958 1657 3528 1736; baseline -0.006 -16"><span class='ocrx_word' id='word_1_212' title='bbox 1958 1666 2179 1720; x_wconf 78' lang='lat' dir='ltr'><strong>Vulnera</strong></span> <span class='ocrx_word' id='word_1_213' title='bbox 2198 1665 2410 1721; x_wconf 85' lang='lat' dir='ltr'><strong>medico</strong></span> <span class='ocrx_word' id='word_1_214' title='bbox 2424 1664 2752 1736; x_wconf 82' lang='lat' dir='ltr'><strong>aperientes,</strong></span> <span class='ocrx_word' id='word_1_215' title='bbox 2775 1663 3078 1734; x_wconf 83' lang='lat' dir='ltr'><strong>simplicem</strong></span> <span class='ocrx_word' id='word_1_216' title='bbox 3105 1671 3283 1716; x_wconf 83' lang='lat' dir='ltr'><strong>autem</strong></span> <span class='ocrx_word' id='word_1_217' title='bbox 3303 1669 3358 1715; x_wconf 88' lang='lat' dir='ltr'><strong>et</strong></span> <span class='ocrx_word' id='word_1_218' title='bbox 3388 1657 3528 1712; x_wconf 78' lang='lat' dir='ltr'><strong>faci-</strong></span> 
     </span>
    </p>
   </div>
   <div class='ocr_carea' id='block_1_33' title="bbox 1960 1754 3531 1829">
    <p class='ocr_par' dir='ltr' id='par_1_33' title="bbox 1960 1754 3531 1829">
     <span class='ocr_line' id='line_1_33' title="bbox 1960 1754 3531 1829; baseline -0.004 -15"><span class='ocrx_word' id='word_1_219' title='bbox 1960 1759 2061 1815; x_wconf 83' lang='lat' dir='ltr'><strong>lem</strong></span> <span class='ocrx_word' id='word_1_220' title='bbox 2093 1768 2147 1815; x_wconf 79' lang='lat' dir='ltr'><strong>et</strong></span> <span class='ocrx_word' id='word_1_221' title='bbox 2185 1761 2462 1829; x_wconf 76' lang='lat' dir='ltr'><strong>copiosam</strong></span> <span class='ocrx_word' id='word_1_222' title='bbox 2521 1767 2875 1828; x_wconf 82' lang='lat' dir='ltr'><strong>asscquentes</strong></span> <span class='ocrx_word' id='word_1_223' title='bbox 2923 1758 3285 1812; x_wconf 81' lang='lat' dir='ltr'><strong>curationem.</strong></span> <span class='ocrx_word' id='word_1_224' title='bbox 3320 1754 3531 1824; x_wconf 85' lang='lat' dir='ltr'><strong>Ubique</strong></span> 
     </span>
    </p>
   </div>
   <div class='ocr_carea' id='block_1_34' title="bbox 283 1829 1858 1923">
    <p class='ocr_par' dir='ltr' id='par_1_34' title="bbox 283 1847 1855 1923">
     <span class='ocr_line' id='line_1_34' title="bbox 283 1847 1855 1923; baseline -0.004 -16"><span class='ocrx_word' id='word_1_225' title='bbox 283 1851 514 1919; x_wconf 58' lang='grc' dir='ltr'>ἄφθονον</span> <span class='ocrx_word' id='word_1_226' title='bbox 564 1851 663 1922; x_wconf 78' lang='grc' dir='ltr'><strong>τὴν</strong></span> <span class='ocrx_word' id='word_1_227' title='bbox 701 1850 1000 1923; x_wconf 82' lang='grc' dir='ltr'>Θεραπείαν</span> <span class='ocrx_word' id='word_1_228' title='bbox 1039 1848 1535 1919; x_wconf 77' lang='grc' dir='ltr'>ἁποκληρούμενοι.</span> <span class='ocrx_word' id='word_1_229' title='bbox 1573 1847 1855 1918; x_wconf 84' lang='grc' dir='ltr'>Πανταχοῦ</span> 
     </span>
    </p>
   </div>
   <div class='ocr_carea' id='block_1_35' title="bbox 1960 1829 3530 1923">
    <p class='ocr_par' dir='ltr' id='par_1_35' title="bbox 1960 1847 3530 1915">
     <span class='ocr_line' id='line_1_35' title="bbox 1960 1847 3530 1915; baseline -0.004 -9"><span class='ocrx_word' id='word_1_230' title='bbox 1960 1864 2092 1909; x_wconf 91' lang='lat' dir='ltr'><strong>tunc</strong></span> <span class='ocrx_word' id='word_1_231' title='bbox 2111 1853 2177 1908; x_wconf 88' lang='lat' dir='ltr'><strong>de</strong></span> <span class='ocrx_word' id='word_1_232' title='bbox 2203 1861 2402 1909; x_wconf 66' lang='lat' dir='ltr'><strong>cmtero</strong></span> <span class='ocrx_word' id='word_1_233' title='bbox 2439 1850 2793 1915; x_wconf 79' lang='lat' dir='ltr'><strong>monasteria,</strong></span> <span class='ocrx_word' id='word_1_234' title='bbox 2825 1849 3111 1907; x_wconf 80' lang='lat' dir='ltr'><strong>cbaritatis</strong></span> <span class='ocrx_word' id='word_1_235' title='bbox 3141 1847 3480 1904; x_wconf 85' lang='lat' dir='ltr'><strong>abundantia</strong></span> <span class='ocrx_word' id='word_1_236' title='bbox 3510 1885 3530 1912; x_wconf 93' lang='lat'><strong>,</strong></span> 
     </span>
    </p>
   </div>
   <div class='ocr_carea' id='block_1_36' title="bbox 283 1938 1857 2015">
    <p class='ocr_par' dir='ltr' id='par_1_36' title="bbox 283 1938 1857 2015">
     <span class='ocr_line' id='line_1_36' title="bbox 283 1938 1857 2015; baseline -0.002 -22"><span class='ocrx_word' id='word_1_237' title='bbox 283 1943 402 1995; x_wconf 76' lang='grc' dir='ltr'>τότε</span> <span class='ocrx_word' id='word_1_238' title='bbox 422 1942 609 1997; x_wconf 81' lang='grc' dir='ltr'>λοιπὸν</span> <span class='ocrx_word' id='word_1_239' title='bbox 633 1942 991 2015; x_wconf 78' lang='grc' dir='ltr'>μοναστήρια,</span> <span class='ocrx_word' id='word_1_240' title='bbox 1018 1941 1235 2013; x_wconf 70' lang='grc' dir='ltr'>ἀγάπης</span> <span class='ocrx_word' id='word_1_241' title='bbox 1259 1941 1614 2010; x_wconf 79' lang='grc' dir='ltr'>πλεονασμὸς,</span> <span class='ocrx_word' id='word_1_242' title='bbox 1636 1938 1857 2009; x_wconf 81' lang='grc' dir='ltr'>διπλόης</span> 
     </span>
    </p>
   </div>
   <div class='ocr_carea' id='block_1_37' title="bbox 283 2034 1858 2108">
    <p class='ocr_par' dir='ltr' id='par_1_37' title="bbox 283 2034 1858 2108">
     <span class='ocr_line' id='line_1_37' title="bbox 283 2034 1858 2108; baseline -0.003 -19"><span class='ocrx_word' id='word_1_243' title='bbox 283 2037 608 2106; x_wconf 75' lang='grc' dir='ltr'>ἁφανισμὺς,</span> <span class='ocrx_word' id='word_1_244' title='bbox 632 2037 1137 2108; x_wconf 77' lang='grc' dir='ltr'>ταπεινοφροσύνης</span> <span class='ocrx_word' id='word_1_245' title='bbox 1172 2035 1616 2108; x_wconf 77' lang='grc' dir='ltr'>περιουσιασμδς,</span> <span class='ocrx_word' id='word_1_246' title='bbox 1645 2034 1858 2103; x_wconf 72' lang='grc' dir='ltr'><strong>ἀγερωο</strong></span> 
     </span>
    </p>
   </div>
   <div class='ocr_carea' id='block_1_38' title="bbox 285 2129 1856 2201">
    <p class='ocr_par' dir='ltr' id='par_1_38' title="bbox 285 2129 1856 2201">
     <span class='ocr_line' id='line_1_38' title="bbox 285 2129 1856 2201; baseline 0.001 -23"><span class='ocrx_word' id='word_1_247' title='bbox 285 2131 405 2198; x_wconf 77' lang='grc' dir='ltr'>χίας</span> <span class='ocrx_word' id='word_1_248' title='bbox 435 2129 842 2199; x_wconf 79' lang='grc' dir='ltr'>κατακλυσμὸς,</span> <span class='ocrx_word' id='word_1_249' title='bbox 876 2129 990 2200; x_wconf 80' lang='grc' dir='ltr'>βίος</span> <span class='ocrx_word' id='word_1_250' title='bbox 1023 2129 1345 2201; x_wconf 78' lang='grc' dir='ltr'>άσκητικδς,</span> <span class='ocrx_word' id='word_1_251' title='bbox 1373 2129 1531 2196; x_wconf 84' lang='grc' dir='ltr'>λόγος</span> <span class='ocrx_word' id='word_1_252' title='bbox 1559 2129 1856 2200; x_wconf 68' lang='grc' dir='ltr'>εἰρηνικὸς,</span> 
     </span>
    </p>
   </div>
   <div class='ocr_carea' id='block_1_39' title="bbox 288 2220 1857 2294">
    <p class='ocr_par' dir='ltr' id='par_1_39' title="bbox 288 2220 1857 2294">
     <span class='ocr_line' id='line_1_39' title="bbox 288 2220 1857 2294; baseline 0.002 -20"><span class='ocrx_word' id='word_1_253' title='bbox 288 2222 588 2294; x_wconf 74' lang='grc' dir='ltr'><strong>βρωμάτων</strong></span> <span class='ocrx_word' id='word_1_254' title='bbox 616 2223 906 2294; x_wconf 66' lang='grc' dir='ltr'>ὑπεροψία,</span> <span class='ocrx_word' id='word_1_255' title='bbox 941 2224 1226 2294; x_wconf 82' lang='grc' dir='ltr'><strong>δογμάτων</strong></span> <span class='ocrx_word' id='word_1_256' title='bbox 1272 2223 1612 2278; x_wconf 83' lang='grc' dir='ltr'>διδασκαλία.</span> <span class='ocrx_word' id='word_1_257' title='bbox 1654 2224 1768 2276; x_wconf 85' lang='grc' dir='ltr'><strong>Οὐκ</strong></span> <span class='ocrx_word' id='word_1_258' title='bbox 1789 2220 1857 2294; x_wconf 81' lang='grc' dir='ltr'>ἦν</span> 
     </span>
    </p>
   </div>
   <div class='ocr_carea' id='block_1_40' title="bbox 288 2316 1853 2389">
    <p class='ocr_par' dir='ltr' id='par_1_40' title="bbox 288 2316 1853 2389">
     <span class='ocr_line' id='line_1_40' title="bbox 288 2316 1853 2389; baseline -0.002 -19"><span class='ocrx_word' id='word_1_259' title='bbox 288 2318 410 2375; x_wconf 74' lang='grc' dir='ltr'>ἰδεῐν</span> <span class='ocrx_word' id='word_1_260' title='bbox 436 2318 555 2372; x_wconf 74' lang='grc' dir='ltr'>τότε</span> <span class='ocrx_word' id='word_1_261' title='bbox 593 2321 803 2372; x_wconf 80' lang='grc' dir='ltr'>πόσεων</span> <span class='ocrx_word' id='word_1_262' title='bbox 830 2318 1199 2389; x_wconf 79' lang='grc' dir='ltr'>οἰνοφλυγίαν,</span> <span class='ocrx_word' id='word_1_263' title='bbox 1232 2317 1291 2369; x_wconf 75' lang='grc' dir='ltr'>οὐ</span> <span class='ocrx_word' id='word_1_264' title='bbox 1324 2316 1555 2385; x_wconf 82' lang='grc' dir='ltr'><strong>γέλωτος</strong></span> <span class='ocrx_word' id='word_1_265' title='bbox 1605 2317 1853 2383; x_wconf 75' lang='grc' dir='ltr'><strong>ἀταξίαν,</strong></span> 
     </span>
    </p>
   </div>
   <div class='ocr_carea' id='block_1_41' title="bbox 284 2409 1858 2483">
    <p class='ocr_par' dir='ltr' id='par_1_41' title="bbox 284 2409 1858 2483">
     <span class='ocr_line' id='line_1_41' title="bbox 284 2409 1858 2483; baseline 0.001 -21"><span class='ocrx_word' id='word_1_266' title='bbox 284 2411 380 2464; x_wconf 73' lang='grc' dir='ltr'><strong>οὐκ</strong></span> <span class='ocrx_word' id='word_1_267' title='bbox 410 2409 613 2483; x_wconf 71' lang='grc' dir='ltr'>ἔριῖας,</span> <span class='ocrx_word' id='word_1_268' title='bbox 638 2415 698 2469; x_wconf 74' lang='grc' dir='ltr'>οὐ</span> <span class='ocrx_word' id='word_1_269' title='bbox 731 2412 914 2481; x_wconf 75' lang='grc' dir='ltr'>ζῆλον,</span> <span class='ocrx_word' id='word_1_270' title='bbox 944 2412 1043 2466; x_wconf 75' lang='grc' dir='ltr'><strong>οὐκ</strong></span> <span class='ocrx_word' id='word_1_271' title='bbox 1074 2411 1205 2467; x_wconf 83' lang='grc' dir='ltr'>ἄλλο</span> <span class='ocrx_word' id='word_1_272' title='bbox 1251 2430 1301 2465; x_wconf 92' lang='grc' dir='ltr'><strong>τι</strong></span> <span class='ocrx_word' id='word_1_273' title='bbox 1334 2411 1442 2464; x_wconf 81' lang='grc' dir='ltr'><strong>τῶν</strong></span> <span class='ocrx_word' id='word_1_274' title='bbox 1470 2410 1858 2480; x_wconf 77' lang='grc' dir='ltr'>ἀντιτειχιζόν-</span> 
     </span>
    </p>
   </div>
   <div class='ocr_carea' id='block_1_42' title="bbox 285 2503 1859 2576">
    <p class='ocr_par' dir='ltr' id='par_1_42' title="bbox 285 2503 1859 2576">
     <span class='ocr_line' id='line_1_42' title="bbox 285 2503 1859 2576; baseline 0.003 -22"><span class='ocrx_word' id='word_1_275' title='bbox 285 2520 389 2557; x_wconf 87' lang='grc' dir='ltr'>των</span> <span class='ocrx_word' id='word_1_276' title='bbox 416 2506 592 2572; x_wconf 77' lang='grc' dir='ltr'>νεφῶν</span> <span class='ocrx_word' id='word_1_277' title='bbox 624 2507 851 2576; x_wconf 75' lang='grc' dir='ltr'>ὁρᾶσθαι</span> <span class='ocrx_word' id='word_1_278' title='bbox 880 2505 980 2567; x_wconf 80' lang='grc' dir='ltr'>τὰς</span> <span class='ocrx_word' id='word_1_279' title='bbox 996 2504 1089 2558; x_wconf 80' lang='grc' dir='ltr'><strong>τοῦ</strong></span> <span class='ocrx_word' id='word_1_280' title='bbox 1130 2504 1321 2576; x_wconf 76' lang='grc' dir='ltr'>νοητοῦ</span> <span class='ocrx_word' id='word_1_281' title='bbox 1361 2503 1540 2557; x_wconf 84' lang='grc' dir='ltr'>Ἥλίου</span> <span class='ocrx_word' id='word_1_282' title='bbox 1566 2521 1859 2576; x_wconf 60' lang='grc' dir='ltr'>μαρμαρυη</span> 
     </span>
    </p>
   </div>
   <div class='ocr_carea' id='block_1_43' title="bbox 287 2596 1859 2667">
    <p class='ocr_par' dir='ltr' id='par_1_43' title="bbox 287 2596 1859 2667">
     <span class='ocr_line' id='line_1_43' title="bbox 287 2596 1859 2667; baseline 0 -18"><span class='ocrx_word' id='word_1_283' title='bbox 287 2597 404 2664; x_wconf 75' lang='grc' dir='ltr'><strong>γάς.</strong></span> <span class='ocrx_word' id='word_1_284' title='bbox 430 2597 552 2650; x_wconf 82' lang='grc' dir='ltr'><strong>Τῶν</strong></span> <span class='ocrx_word' id='word_1_285' title='bbox 586 2600 842 2653; x_wconf 81' lang='grc' dir='ltr'>ἁπάντων</span> <span class='ocrx_word' id='word_1_286' title='bbox 883 2597 1176 2667; x_wconf 81' lang='grc' dir='ltr'>κεφάλαιον</span> <span class='ocrx_word' id='word_1_287' title='bbox 1200 2597 1258 2650; x_wconf 81' lang='grc' dir='ltr'><strong>ἓν</strong></span> <span class='ocrx_word' id='word_1_288' title='bbox 1290 2598 1389 2664; x_wconf 77' lang='grc' dir='ltr'>τῆς</span> <span class='ocrx_word' id='word_1_289' title='bbox 1425 2596 1672 2649; x_wconf 82' lang='grc' dir='ltr'><strong>Ἰωάννου</strong></span> <span class='ocrx_word' id='word_1_290' title='bbox 1698 2597 1859 2666; x_wconf 81' lang='grc' dir='ltr'>κηδε-</span> 
     </span>
    </p>
   </div>
   <div class='ocr_carea' id='block_1_44' title="bbox 288 2688 1857 2762">
    <p class='ocr_par' dir='ltr' id='par_1_44' title="bbox 288 2688 1857 2762">
     <span class='ocr_line' id='line_1_44' title="bbox 288 2688 1857 2762; baseline 0.002 -23"><span class='ocrx_word' id='word_1_291' title='bbox 288 2690 472 2758; x_wconf 78' lang='grc' dir='ltr'>μονίας</span> <span class='ocrx_word' id='word_1_292' title='bbox 507 2690 540 2762; x_wconf 80' lang='grc' dir='ltr'>ἡ</span> <span class='ocrx_word' id='word_1_293' title='bbox 587 2690 969 2760; x_wconf 76' lang='grc' dir='ltr'>φιλάνθρωπος</span> <span class='ocrx_word' id='word_1_294' title='bbox 1029 2689 1339 2760; x_wconf 74' lang='grc' dir='ltr'>ἐπιμέλεια.</span> <span class='ocrx_word' id='word_1_295' title='bbox 1376 2688 1441 2743; x_wconf 90' lang='grc' dir='ltr'><strong>Τί</strong></span> <span class='ocrx_word' id='word_1_296' title='bbox 1487 2690 1554 2743; x_wconf 75' lang='grc' dir='ltr'><strong>τά</strong></span> <span class='ocrx_word' id='word_1_297' title='bbox 1594 2688 1725 2742; x_wconf 78' lang='grc' dir='ltr'>ἄλλα</span> <span class='ocrx_word' id='word_1_298' title='bbox 1751 2689 1857 2742; x_wconf 83' lang='grc' dir='ltr'><strong>τῶν</strong></span> 
     </span>
    </p>
   </div>
   <div class='ocr_carea' id='block_1_45' title="bbox 285 2778 1860 2852">
    <p class='ocr_par' dir='ltr' id='par_1_45' title="bbox 285 2778 1860 2852">
     <span class='ocr_line' id='line_1_45' title="bbox 285 2778 1860 2852; baseline -0.002 -20"><span class='ocrx_word' id='word_1_299' title='bbox 285 2779 574 2852; x_wconf 82' lang='grc' dir='ltr'>Θαυμάτων</span> <span class='ocrx_word' id='word_1_300' title='bbox 593 2799 610 2849; x_wconf 89' lang='lat'><strong>;</strong></span> <span class='ocrx_word' id='word_1_301' title='bbox 630 2781 740 2835; x_wconf 85' lang='grc' dir='ltr'><strong>Νῦν</strong></span> <span class='ocrx_word' id='word_1_302' title='bbox 767 2783 866 2852; x_wconf 79' lang='grc' dir='ltr'>μὲν</span> <span class='ocrx_word' id='word_1_303' title='bbox 895 2780 1126 2842; x_wconf 77' lang='grc' dir='ltr'>Εΰκλεος</span> <span class='ocrx_word' id='word_1_304' title='bbox 1153 2781 1375 2843; x_wconf 76' lang='grc' dir='ltr'>ἐκεῖνος.</span> <span class='ocrx_word' id='word_1_305' title='bbox 1400 2778 1456 2842; x_wconf 85' lang='grc' dir='ltr'>ὃς</span> <span class='ocrx_word' id='word_1_306' title='bbox 1479 2779 1659 2850; x_wconf 81' lang='grc' dir='ltr'>φθόνῳ</span> <span class='ocrx_word' id='word_1_307' title='bbox 1681 2778 1860 2831; x_wconf 77' lang='grc' dir='ltr'>διαϐό-</span> 
     </span>
    </p>
   </div>
   <div class='ocr_carea' id='block_1_46' title="bbox 281 2871 1855 2945">
    <p class='ocr_par' dir='ltr' id='par_1_46' title="bbox 281 2871 1855 2945">
     <span class='ocr_line' id='line_1_46' title="bbox 281 2871 1855 2945; baseline -0.003 -19"><span class='ocrx_word' id='word_1_308' title='bbox 281 2873 393 2940; x_wconf 79' lang='grc' dir='ltr'>λου,</span> <span class='ocrx_word' id='word_1_309' title='bbox 416 2873 644 2944; x_wconf 79' lang='grc' dir='ltr'><strong>θατέρου</strong></span> <span class='ocrx_word' id='word_1_310' title='bbox 663 2875 769 2927; x_wconf 81' lang='grc' dir='ltr'><strong>τῶν</strong></span> <span class='ocrx_word' id='word_1_311' title='bbox 791 2874 1083 2945; x_wconf 76' lang='grc' dir='ltr'>ὀφθαλμῶν</span> <span class='ocrx_word' id='word_1_312' title='bbox 1099 2873 1158 2928; x_wconf 75' lang='grc' dir='ltr'><strong>τὸ</strong></span> <span class='ocrx_word' id='word_1_313' title='bbox 1182 2872 1293 2943; x_wconf 85' lang='grc' dir='ltr'>φῶς</span> <span class='ocrx_word' id='word_1_314' title='bbox 1320 2871 1539 2940; x_wconf 75' lang='grc' dir='ltr'>λέγεται</span> <span class='ocrx_word' id='word_1_315' title='bbox 1570 2871 1855 2936; x_wconf 77' lang='grc' dir='ltr'>ἀπολέσαι,</span> 
     </span>
    </p>
   </div>
   <div class='ocr_carea' id='block_1_47' title="bbox 280 2964 1856 3041">
    <p class='ocr_par' dir='ltr' id='par_1_47' title="bbox 280 2964 1856 3041">
     <span class='ocr_line' id='line_1_47' title="bbox 280 2964 1856 3041; baseline -0.003 -20"><span class='ocrx_word' id='word_1_316' title='bbox 280 2969 526 3022; x_wconf 80' lang='grc' dir='ltr'>πιστεύει</span> <span class='ocrx_word' id='word_1_317' title='bbox 556 2970 634 3041; x_wconf 81' lang='grc' dir='ltr'>τῷ</span> <span class='ocrx_word' id='word_1_318' title='bbox 654 2969 893 3040; x_wconf 79' lang='grc' dir='ltr'>Χριστῷ,</span> <span class='ocrx_word' id='word_1_319' title='bbox 923 2968 1224 3040; x_wconf 78' lang='grc' dir='ltr'>πρόσεισιν,</span> <span class='ocrx_word' id='word_1_320' title='bbox 1257 2965 1611 3039; x_wconf 82' lang='grc' dir='ltr'>ἀποκείρεται</span> <span class='ocrx_word' id='word_1_321' title='bbox 1636 2981 1651 2995; x_wconf 88' lang='grc'><strong>·</strong></span> <span class='ocrx_word' id='word_1_322' title='bbox 1683 2964 1856 3032; x_wconf 86' lang='grc' dir='ltr'>τέλος,</span> 
     </span>
    </p>
   </div>
   <div class='ocr_carea' id='block_1_48' title="bbox 275 3055 1858 3135">
    <p class='ocr_par' dir='ltr' id='par_1_48' title="bbox 275 3055 1858 3135">
     <span class='ocr_line' id='line_1_48' title="bbox 275 3055 1858 3135; baseline -0.003 -20"><span class='ocrx_word' id='word_1_323' title='bbox 275 3061 460 3135; x_wconf 77' lang='grc' dir='ltr'><strong>εὐχαῖς</strong></span> <span class='ocrx_word' id='word_1_324' title='bbox 493 3062 585 3117; x_wconf 81' lang='grc' dir='ltr'><strong>τοῦ</strong></span> <span class='ocrx_word' id='word_1_325' title='bbox 621 3061 867 3116; x_wconf 78' lang='grc' dir='ltr'><strong>Ἰωάννου</strong></span> <span class='ocrx_word' id='word_1_326' title='bbox 894 3063 1056 3116; x_wconf 80' lang='grc' dir='ltr'>πάλιν</span> <span class='ocrx_word' id='word_1_327' title='bbox 1084 3059 1462 3130; x_wconf 75' lang='grc' dir='ltr'>ἀπολαμϐάνει</span> <span class='ocrx_word' id='word_1_328' title='bbox 1491 3057 1550 3112; x_wconf 68' lang='grc' dir='ltr'><strong>τὸ</strong></span> <span class='ocrx_word' id='word_1_329' title='bbox 1577 3055 1691 3129; x_wconf 81' lang='grc' dir='ltr'>φῶς</span> <span class='ocrx_word' id='word_1_330' title='bbox 1716 3073 1731 3089; x_wconf 92' lang='grc'><strong>·</strong></span> <span class='ocrx_word' id='word_1_331' title='bbox 1761 3056 1858 3112; x_wconf 77' lang='grc' dir='ltr'>νῦν</span> 
     </span>
    </p>
   </div>
   <div class='ocr_carea' id='block_1_49' title="bbox 277 3150 1855 3231">
    <p class='ocr_par' dir='ltr' id='par_1_49' title="bbox 277 3150 1855 3231">
     <span class='ocr_line' id='line_1_49' title="bbox 277 3150 1855 3231; baseline -0.003 -21"><span class='ocrx_word' id='word_1_332' title='bbox 277 3153 334 3210; x_wconf 75' lang='grc' dir='ltr'>δὲ</span> <span class='ocrx_word' id='word_1_333' title='bbox 363 3157 395 3227; x_wconf 80' lang='grc' dir='ltr'><strong>ἡ</strong></span> <span class='ocrx_word' id='word_1_334' title='bbox 424 3155 727 3231; x_wconf 76' lang='grc' dir='ltr'>αἰμόρῤους</span> <span class='ocrx_word' id='word_1_335' title='bbox 755 3154 937 3226; x_wconf 73' lang='grc' dir='ltr'>ἐκείνη</span> <span class='ocrx_word' id='word_1_336' title='bbox 968 3152 1182 3226; x_wconf 76' lang='grc' dir='ltr'>χρόνοις</span> <span class='ocrx_word' id='word_1_337' title='bbox 1227 3152 1365 3207; x_wconf 75' lang='grc' dir='ltr'>ἑπτὰ</span> <span class='ocrx_word' id='word_1_338' title='bbox 1394 3150 1736 3217; x_wconf 80' lang='grc' dir='ltr'>διατελοῦοα,</span> <span class='ocrx_word' id='word_1_339' title='bbox 1763 3151 1855 3205; x_wconf 71' lang='grc' dir='ltr'><strong>τὸν</strong></span> 
     </span>
    </p>
   </div>
   <div class='ocr_carea' id='block_1_50' title="bbox 279 3243 1854 3320">
    <p class='ocr_par' dir='ltr' id='par_1_50' title="bbox 279 3243 1854 3320">
     <span class='ocr_line' id='line_1_50' title="bbox 279 3243 1854 3320; baseline -0.006 -14"><span class='ocrx_word' id='word_1_340' title='bbox 279 3246 511 3320; x_wconf 73' lang='grc' dir='ltr'>σύζυγον</span> <span class='ocrx_word' id='word_1_341' title='bbox 569 3248 768 3314; x_wconf 79' lang='grc' dir='ltr'>πείθει,</span> <span class='ocrx_word' id='word_1_342' title='bbox 826 3249 921 3304; x_wconf 69' lang='grc' dir='ltr'>καὶ</span> <span class='ocrx_word' id='word_1_343' title='bbox 967 3247 1037 3300; x_wconf 80' lang='grc' dir='ltr'>δι’</span> <span class='ocrx_word' id='word_1_344' title='bbox 1086 3244 1253 3300; x_wconf 81' lang='grc' dir='ltr'>αὑτοῦ</span> <span class='ocrx_word' id='word_1_345' title='bbox 1312 3246 1556 3300; x_wconf 82' lang='grc' dir='ltr'>δυσωπεῖ</span> <span class='ocrx_word' id='word_1_346' title='bbox 1607 3244 1706 3314; x_wconf 81' lang='grc' dir='ltr'>μὲν</span> <span class='ocrx_word' id='word_1_347' title='bbox 1764 3243 1854 3298; x_wconf 77' lang='grc' dir='ltr'>τὸν</span> 
     </span>
    </p>
   </div>
   <div class='ocr_carea' id='block_1_51' title="bbox 275 3336 1856 3416">
    <p class='ocr_par' dir='ltr' id='par_1_51' title="bbox 275 3336 1856 3416">
     <span class='ocr_line' id='line_1_51' title="bbox 275 3336 1856 3416; baseline -0.006 -19"><span class='ocrx_word' id='word_1_348' title='bbox 275 3341 556 3416; x_wconf 78' lang='grc' dir='ltr'>Ἰωάννην,</span> <span class='ocrx_word' id='word_1_349' title='bbox 596 3341 906 3397; x_wconf 80' lang='grc' dir='ltr'>διδάσκεται</span> <span class='ocrx_word' id='word_1_350' title='bbox 947 3340 1005 3393; x_wconf 81' lang='grc' dir='ltr'><strong>δὲ</strong></span> <span class='ocrx_word' id='word_1_351' title='bbox 1033 3338 1165 3410; x_wconf 80' lang='grc' dir='ltr'>παρ’</span> <span class='ocrx_word' id='word_1_352' title='bbox 1208 3336 1375 3392; x_wconf 82' lang='grc' dir='ltr'>αὑτοῦ</span> <span class='ocrx_word' id='word_1_353' title='bbox 1405 3337 1505 3407; x_wconf 77' lang='grc' dir='ltr'>τὴν</span> <span class='ocrx_word' id='word_1_354' title='bbox 1533 3336 1735 3403; x_wconf 84' lang='grc' dir='ltr'>αἰτίαν,</span> <span class='ocrx_word' id='word_1_355' title='bbox 1773 3337 1856 3390; x_wconf 86' lang='grc' dir='ltr'><strong>ὄτι</strong></span> 
     </span>
    </p>
   </div>
   <div class='ocr_carea' id='block_1_52' title="bbox 277 3428 1857 3507">
    <p class='ocr_par' dir='ltr' id='par_1_52' title="bbox 277 3428 1857 3507">
     <span class='ocr_line' id='line_1_52' title="bbox 277 3428 1857 3507; baseline -0.005 -17"><span class='ocrx_word' id='word_1_356' title='bbox 277 3434 345 3490; x_wconf 80' lang='grc' dir='ltr'>δι’</span> <span class='ocrx_word' id='word_1_357' title='bbox 367 3436 644 3507; x_wconf 77' lang='grc' dir='ltr'>ἁμαρτίας</span> <span class='ocrx_word' id='word_1_358' title='bbox 676 3433 1041 3505; x_wconf 78' lang='grc' dir='ltr'>παρεχωρὴϐη</span> <span class='ocrx_word' id='word_1_359' title='bbox 1074 3429 1420 3494; x_wconf 74' lang='grc' dir='ltr'>κολάξεσθαι.</span> <span class='ocrx_word' id='word_1_360' title='bbox 1443 3430 1607 3492; x_wconf 84' lang='grc' dir='ltr'>Ποίας</span> <span class='ocrx_word' id='word_1_361' title='bbox 1633 3429 1690 3482; x_wconf 75' lang='grc' dir='ltr'><strong>δὲ</strong></span> <span class='ocrx_word' id='word_1_362' title='bbox 1728 3428 1857 3483; x_wconf 77' lang='grc' dir='ltr'><strong>ταὺ-</strong></span> 
     </span>
    </p>
   </div>
   <div class='ocr_carea' id='block_1_53' title="bbox 277 3519 1859 3600">
    <p class='ocr_par' dir='ltr' id='par_1_53' title="bbox 277 3519 1859 3600">
     <span class='ocr_line' id='line_1_53' title="bbox 277 3519 1859 3600; baseline -0.006 -18"><span class='ocrx_word' id='word_1_363' title='bbox 277 3546 406 3593; x_wconf 86' lang='grc' dir='ltr'>τας;</span> <span class='ocrx_word' id='word_1_364' title='bbox 445 3528 559 3596; x_wconf 69' lang='grc' dir='ltr'><strong>Τὴν</strong></span> <span class='ocrx_word' id='word_1_365' title='bbox 589 3526 726 3600; x_wconf 78' lang='grc' dir='ltr'>πρὸς</span> <span class='ocrx_word' id='word_1_366' title='bbox 762 3523 863 3588; x_wconf 72' lang='grc' dir='ltr'>τὰς</span> <span class='ocrx_word' id='word_1_367' title='bbox 911 3524 1090 3597; x_wconf 71' lang='grc' dir='ltr'>ἅϐρας</span> <span class='ocrx_word' id='word_1_368' title='bbox 1135 3521 1560 3594; x_wconf 76' lang='grc' dir='ltr'>ἀπανθρωπίαν.</span> <span class='ocrx_word' id='word_1_369' title='bbox 1607 3519 1703 3591; x_wconf 75' lang='grc' dir='ltr'>τὴν</span> <span class='ocrx_word' id='word_1_370' title='bbox 1750 3519 1859 3574; x_wconf 80' lang='grc' dir='ltr'>τῶν</span> 
     </span>
    </p>
   </div>
   <div class='ocr_carea' id='block_1_54' title="bbox 281 3614 1860 3693">
    <p class='ocr_par' dir='ltr' id='par_1_54' title="bbox 281 3614 1860 3693">
     <span class='ocr_line' id='line_1_54' title="bbox 281 3614 1860 3693; baseline -0.005 -19"><span class='ocrx_word' id='word_1_371' title='bbox 281 3621 530 3693; x_wconf 79' lang='grc' dir='ltr'><strong>πενήτων</strong></span> <span class='ocrx_word' id='word_1_372' title='bbox 569 3617 980 3690; x_wconf 78' lang='grc' dir='ltr'>ἁφροντιστίαν,</span> <span class='ocrx_word' id='word_1_373' title='bbox 1034 3616 1372 3686; x_wconf 75' lang='grc' dir='ltr'>ἀδδηφαγίαν</span> <span class='ocrx_word' id='word_1_374' title='bbox 1416 3632 1473 3667; x_wconf 87' lang='grc' dir='ltr'><strong>τε</strong></span> <span class='ocrx_word' id='word_1_375' title='bbox 1531 3615 1625 3666; x_wconf 78' lang='grc' dir='ltr'>καὶ</span> <span class='ocrx_word' id='word_1_376' title='bbox 1677 3614 1860 3666; x_wconf 79' lang='grc' dir='ltr'>πᾶσαν</span> 
     </span>
    </p>
   </div>
   <div class='ocr_carea' id='block_1_55' title="bbox 280 3705 1859 3788">
    <p class='ocr_par' dir='ltr' id='par_1_55' title="bbox 280 3705 1859 3788">
     <span class='ocr_line' id='line_1_55' title="bbox 280 3705 1859 3788; baseline -0.005 -20"><span class='ocrx_word' id='word_1_377' title='bbox 280 3713 612 3788; x_wconf 73' lang='grc' dir='ltr'>ἐρεσχελίαν.</span> <span class='ocrx_word' id='word_1_378' title='bbox 649 3711 791 3784; x_wconf 73' lang='grc' dir='ltr'>Πρὸς</span> <span class='ocrx_word' id='word_1_379' title='bbox 824 3711 1000 3765; x_wconf 79' lang='grc' dir='ltr'>ταῦτα</span> <span class='ocrx_word' id='word_1_380' title='bbox 1030 3711 1083 3764; x_wconf 86' lang='grc' dir='ltr'>τί</span> <span class='ocrx_word' id='word_1_381' title='bbox 1113 3710 1194 3763; x_wconf 77' lang='grc' dir='ltr'>δεῖ</span> <span class='ocrx_word' id='word_1_382' title='bbox 1220 3710 1284 3762; x_wconf 74' lang='grc' dir='ltr'><strong>τὰ</strong></span> <span class='ocrx_word' id='word_1_383' title='bbox 1332 3707 1591 3777; x_wconf 77' lang='grc' dir='ltr'>πολυειδῆ</span> <span class='ocrx_word' id='word_1_384' title='bbox 1619 3707 1714 3761; x_wconf 78' lang='grc' dir='ltr'><strong>τοῦ</strong></span> <span class='ocrx_word' id='word_1_385' title='bbox 1747 3705 1859 3760; x_wconf 83' lang='grc' dir='ltr'>τῶν</span> 
     </span>
    </p>
   </div>
   <div class='ocr_carea' id='block_1_56' title="bbox 279 3800 1855 3881">
    <p class='ocr_par' dir='ltr' id='par_1_56' title="bbox 279 3800 1855 3881">
     <span class='ocr_line' id='line_1_56' title="bbox 279 3800 1855 3881; baseline -0.006 -20"><span class='ocrx_word' id='word_1_386' title='bbox 279 3808 463 3881; x_wconf 69' lang='grc' dir='ltr'>ψυχῶν</span> <span class='ocrx_word' id='word_1_387' title='bbox 507 3806 692 3880; x_wconf 75' lang='grc' dir='ltr'>ἰατροῦ</span> <span class='ocrx_word' id='word_1_388' title='bbox 728 3809 994 3878; x_wconf 74' lang='grc' dir='ltr'>φάρμακα</span> <span class='ocrx_word' id='word_1_389' title='bbox 1021 3805 1222 3871; x_wconf 77' lang='grc' dir='ltr'>λέγειν,</span> <span class='ocrx_word' id='word_1_390' title='bbox 1258 3803 1478 3865; x_wconf 79' lang='grc' dir='ltr'>ὁπόσοις</span> <span class='ocrx_word' id='word_1_391' title='bbox 1514 3800 1612 3873; x_wconf 82' lang='grc' dir='ltr'>τὴν</span> <span class='ocrx_word' id='word_1_392' title='bbox 1643 3800 1855 3870; x_wconf 78' lang='grc' dir='ltr'>ἄνθρω-</span> 
     </span>
    </p>
   </div>
   <div class='ocr_carea' id='block_1_57' title="bbox 282 3893 1858 3975">
    <p class='ocr_par' dir='ltr' id='par_1_57' title="bbox 282 3893 1858 3975">
     <span class='ocr_line' id='line_1_57' title="bbox 282 3893 1858 3975; baseline -0.008 -19"><span class='ocrx_word' id='word_1_393' title='bbox 282 3920 378 3957; x_wconf 80' lang='grc' dir='ltr'><strong>πον</strong></span> <span class='ocrx_word' id='word_1_394' title='bbox 421 3901 936 3975; x_wconf 76' lang='grc' dir='ltr'>προσεπενοήσατο;</span> <span class='ocrx_word' id='word_1_395' title='bbox 972 3897 1159 3952; x_wconf 80' lang='grc' dir='ltr'><strong>Πάντα</strong></span> <span class='ocrx_word' id='word_1_396' title='bbox 1201 3895 1290 3949; x_wconf 84' lang='grc' dir='ltr'>διὰ</span> <span class='ocrx_word' id='word_1_397' title='bbox 1333 3895 1428 3950; x_wconf 80' lang='grc' dir='ltr'><strong>τοῦ</strong></span> <span class='ocrx_word' id='word_1_398' title='bbox 1481 3893 1718 3962; x_wconf 77' lang='grc' dir='ltr'><strong>συζύγου</strong></span> <span class='ocrx_word' id='word_1_399' title='bbox 1757 3910 1858 3963; x_wconf 84' lang='grc' dir='ltr'>μα-</span> 
     </span>
    </p>
   </div>
   <div class='ocr_carea' id='block_1_58' title="bbox 284 3983 1863 4062">
    <p class='ocr_par' dir='ltr' id='par_1_58' title="bbox 284 3983 1863 4062">
     <span class='ocr_line' id='line_1_58' title="bbox 284 3983 1863 4062; baseline -0.008 -13"><span class='ocrx_word' id='word_1_400' title='bbox 284 3995 473 4061; x_wconf 68' lang='grc' dir='ltr'>θοῦσα,</span> <span class='ocrx_word' id='word_1_401' title='bbox 512 3995 605 4047; x_wconf 73' lang='grc' dir='ltr'>καὶ</span> <span class='ocrx_word' id='word_1_402' title='bbox 635 3992 818 4046; x_wconf 75' lang='grc' dir='ltr'>αὐτῶν</span> <span class='ocrx_word' id='word_1_403' title='bbox 846 3991 943 4062; x_wconf 77' lang='grc' dir='ltr'><strong>τὴν</strong></span> <span class='ocrx_word' id='word_1_404' title='bbox 971 3989 1258 4062; x_wconf 85' lang='grc' dir='ltr'>διόρθωσιν</span> <span class='ocrx_word' id='word_1_405' title='bbox 1294 3986 1504 4052; x_wconf 81' lang='grc' dir='ltr'>πιστῶς</span> <span class='ocrx_word' id='word_1_406' title='bbox 1530 3983 1863 4054; x_wconf 77' lang='grc' dir='ltr'>ἐπαγγελλοο</span> 
     </span>
    </p>
   </div>
   <div class='ocr_carea' id='block_1_59' title="bbox 287 4077 1858 4160">
    <p class='ocr_par' dir='ltr' id='par_1_59' title="bbox 287 4077 1858 4160">
     <span class='ocr_line' id='line_1_59' title="bbox 287 4077 1858 4160; baseline -0.004 -19"><span class='ocrx_word' id='word_1_407' title='bbox 287 4090 438 4160; x_wconf 81' lang='grc' dir='ltr'>μένη,</span> <span class='ocrx_word' id='word_1_408' title='bbox 488 4085 771 4158; x_wconf 74' lang='grc' dir='ltr'><strong>ταχύτατα</strong></span> <span class='ocrx_word' id='word_1_409' title='bbox 801 4080 1069 4154; x_wconf 73' lang='grc' dir='ltr'>λαμϐάνει</span> <span class='ocrx_word' id='word_1_410' title='bbox 1098 4082 1196 4152; x_wconf 82' lang='grc' dir='ltr'>τὴν</span> <span class='ocrx_word' id='word_1_411' title='bbox 1223 4079 1474 4151; x_wconf 77' lang='grc' dir='ltr'>αἴσθησιν</span> <span class='ocrx_word' id='word_1_412' title='bbox 1509 4080 1606 4148; x_wconf 68' lang='grc' dir='ltr'><strong>τῆς</strong></span> <span class='ocrx_word' id='word_1_413' title='bbox 1641 4077 1858 4142; x_wconf 88' lang='grc' dir='ltr'>ἰάσεως.</span> 
     </span>
    </p>
   </div>
   <div class='ocr_carea' id='block_1_60' title="bbox 283 4170 1862 4248">
    <p class='ocr_par' dir='ltr' id='par_1_60' title="bbox 283 4170 1862 4248">
     <span class='ocr_line' id='line_1_60' title="bbox 283 4170 1862 4248; baseline -0.003 -20"><span class='ocrx_word' id='word_1_414' title='bbox 283 4178 343 4229; x_wconf 82' lang='grc' dir='ltr'>Τί</span> <span class='ocrx_word' id='word_1_415' title='bbox 363 4179 420 4232; x_wconf 78' lang='grc' dir='ltr'><strong>δὲ</strong></span> <span class='ocrx_word' id='word_1_416' title='bbox 448 4179 543 4232; x_wconf 78' lang='grc' dir='ltr'><strong>καὶ</strong></span> <span class='ocrx_word' id='word_1_417' title='bbox 583 4176 713 4247; x_wconf 78' lang='grc' dir='ltr'>περὶ</span> <span class='ocrx_word' id='word_1_418' title='bbox 737 4175 834 4229; x_wconf 82' lang='grc' dir='ltr'>τοῦ</span> <span class='ocrx_word' id='word_1_419' title='bbox 864 4173 1140 4248; x_wconf 81' lang='grc' dir='ltr'>ἀνημέρου</span> <span class='ocrx_word' id='word_1_420' title='bbox 1176 4173 1341 4244; x_wconf 68' lang='grc' dir='ltr'>θηρὸς</span> <span class='ocrx_word' id='word_1_421' title='bbox 1378 4171 1612 4235; x_wconf 80' lang='grc' dir='ltr'>ἐκείνου,</span> <span class='ocrx_word' id='word_1_422' title='bbox 1647 4170 1703 4234; x_wconf 79' lang='grc' dir='ltr'>ὃς</span> <span class='ocrx_word' id='word_1_423' title='bbox 1732 4170 1862 4224; x_wconf 83' lang='grc' dir='ltr'>πολ-</span> 
     </span>
    </p>
   </div>
   <div class='ocr_carea' id='block_1_61' title="bbox 284 4264 1857 4341">
    <p class='ocr_par' dir='ltr' id='par_1_61' title="bbox 284 4264 1857 4341">
     <span class='ocr_line' id='line_1_61' title="bbox 284 4264 1857 4341; baseline -0.004 -18"><span class='ocrx_word' id='word_1_424' title='bbox 284 4273 401 4333; x_wconf 59' lang='grc' dir='ltr'>λοθλς</span> <span class='ocrx_word' id='word_1_425' title='bbox 463 4271 563 4341; x_wconf 77' lang='grc' dir='ltr'>μὲν</span> <span class='ocrx_word' id='word_1_426' title='bbox 614 4269 724 4322; x_wconf 86' lang='grc' dir='ltr'>τῶν</span> <span class='ocrx_word' id='word_1_427' title='bbox 779 4267 1126 4321; x_wconf 81' lang='grc' dir='ltr'>διοδευόντων</span> <span class='ocrx_word' id='word_1_428' title='bbox 1187 4268 1424 4320; x_wconf 82' lang='grc' dir='ltr'>ποιεῖται</span> <span class='ocrx_word' id='word_1_429' title='bbox 1478 4264 1857 4334; x_wconf 71' lang='grc' dir='ltr'>κατάδρωμα,</span> 
     </span>
    </p>
   </div>
   <div class='ocr_carea' id='block_1_62' title="bbox 283 4357 1858 4435">
    <p class='ocr_par' dir='ltr' id='par_1_62' title="bbox 283 4357 1858 4435">
     <span class='ocr_line' id='line_1_62' title="bbox 283 4357 1858 4435; baseline -0.005 -16"><span class='ocrx_word' id='word_1_430' title='bbox 283 4366 511 4428; x_wconf 69' lang='grc' dir='ltr'>π’,λλοῦς</span> <span class='ocrx_word' id='word_1_431' title='bbox 543 4363 600 4417; x_wconf 77' lang='grc' dir='ltr'>δὲ</span> <span class='ocrx_word' id='word_1_432' title='bbox 632 4364 740 4417; x_wconf 82' lang='grc' dir='ltr'>τῶν</span> <span class='ocrx_word' id='word_1_433' title='bbox 769 4361 1115 4435; x_wconf 81' lang='grc' dir='ltr'>ὁμορούντων</span> <span class='ocrx_word' id='word_1_434' title='bbox 1147 4359 1225 4431; x_wconf 81' lang='grc' dir='ltr'><strong>τῷ</strong></span> <span class='ocrx_word' id='word_1_435' title='bbox 1272 4359 1379 4413; x_wconf 82' lang='grc' dir='ltr'>δέει</span> <span class='ocrx_word' id='word_1_436' title='bbox 1413 4359 1661 4430; x_wconf 77' lang='grc' dir='ltr'>φυγάδας</span> <span class='ocrx_word' id='word_1_437' title='bbox 1693 4357 1858 4430; x_wconf 69' lang='grc' dir='ltr'>ἐργάο</span> 
     </span>
    </p>
   </div>
   <div class='ocr_carea' id='block_1_63' title="bbox 282 4452 1860 4525">
    <p class='ocr_par' dir='ltr' id='par_1_63' title="bbox 282 4452 1860 4525">
     <span class='ocr_line' id='line_1_63' title="bbox 282 4452 1860 4525; baseline -0.006 -12"><span class='ocrx_word' id='word_1_438' title='bbox 282 4459 428 4525; x_wconf 79' lang='grc' dir='ltr'>ζεται</span> <span class='ocrx_word' id='word_1_439' title='bbox 454 4477 470 4525; x_wconf 88' lang='lat'><strong>;</strong></span> <span class='ocrx_word' id='word_1_440' title='bbox 506 4458 580 4512; x_wconf 84' lang='grc' dir='ltr'>Τὸ</span> <span class='ocrx_word' id='word_1_441' title='bbox 608 4457 936 4511; x_wconf 80' lang='grc' dir='ltr'>Δεσποτικδν</span> <span class='ocrx_word' id='word_1_442' title='bbox 958 4455 1122 4513; x_wconf 78' lang='grc' dir='ltr'>ὅπλον</span> <span class='ocrx_word' id='word_1_443' title='bbox 1151 4457 1178 4510; x_wconf 83' lang='grc' dir='ltr'>ὁ</span> <span class='ocrx_word' id='word_1_444' title='bbox 1216 4454 1358 4519; x_wconf 74' lang='lat' dir='ltr'><strong>Gaio;</strong></span> <span class='ocrx_word' id='word_1_445' title='bbox 1390 4455 1531 4508; x_wconf 73' lang='grc' dir='ltr'>κατὰ</span> <span class='ocrx_word' id='word_1_446' title='bbox 1570 4453 1664 4506; x_wconf 75' lang='grc' dir='ltr'><strong>τοῦ</strong></span> <span class='ocrx_word' id='word_1_447' title='bbox 1695 4452 1860 4524; x_wconf 73' lang='grc' dir='ltr'>θηρὸς</span> 
     </span>
    </p>
   </div>
   <div class='ocr_carea' id='block_1_64' title="bbox 1957 1942 3529 2019">
    <p class='ocr_par' dir='ltr' id='par_1_64' title="bbox 1957 1942 3529 2019">
     <span class='ocr_line' id='line_1_64' title="bbox 1957 1942 3529 2019; baseline -0.004 -18"><span class='ocrx_word' id='word_1_448' title='bbox 1957 1946 2308 2017; x_wconf 76' lang='lat' dir='ltr'><strong>duplicitatis</strong></span> <span class='ocrx_word' id='word_1_449' title='bbox 2356 1948 2627 2019; x_wconf 77' lang='lat' dir='ltr'><strong>expulsio,</strong></span> <span class='ocrx_word' id='word_1_450' title='bbox 2661 1944 2992 2001; x_wconf 78' lang='lat' dir='ltr'><strong>humilitatis</strong></span> <span class='ocrx_word' id='word_1_451' title='bbox 3014 1942 3401 2008; x_wconf 80' lang='lat' dir='ltr'><strong>redundantia,</strong></span> <span class='ocrx_word' id='word_1_452' title='bbox 3433 1955 3529 1996; x_wconf 79' lang='lat' dir='ltr'><strong>su-</strong></span> 
     </span>
    </p>
   </div>
   <div class='ocr_carea' id='block_1_65' title="bbox 1961 2034 3530 2113">
    <p class='ocr_par' dir='ltr' id='par_1_65' title="bbox 1961 2034 3530 2113">
     <span class='ocr_line' id='line_1_65' title="bbox 1961 2034 3530 2113; baseline -0.005 -18"><span class='ocrx_word' id='word_1_453' title='bbox 1961 2043 2160 2113; x_wconf 65' lang='lat' dir='ltr'><strong>perbia:</strong></span> <span class='ocrx_word' id='word_1_454' title='bbox 2178 2042 2465 2107; x_wconf 89' lang='lat' dir='ltr'><strong>diluvium,</strong></span> <span class='ocrx_word' id='word_1_455' title='bbox 2488 2041 2600 2095; x_wconf 82' lang='lat' dir='ltr'><strong>vita</strong></span> <span class='ocrx_word' id='word_1_456' title='bbox 2632 2039 2892 2102; x_wconf 82' lang='lat' dir='ltr'><strong>ascetica.</strong></span> <span class='ocrx_word' id='word_1_457' title='bbox 2911 2038 3088 2092; x_wconf 87' lang='lat' dir='ltr'><strong>oratio</strong></span> <span class='ocrx_word' id='word_1_458' title='bbox 3110 2034 3359 2108; x_wconf 75' lang='lat' dir='ltr'><strong>paciﬁca,</strong></span> <span class='ocrx_word' id='word_1_459' title='bbox 3377 2034 3530 2089; x_wconf 87' lang='lat' dir='ltr'><strong>cibo-</strong></span> 
     </span>
    </p>
   </div>
   <div class='ocr_carea' id='block_1_66' title="bbox 1960 2125 3531 2206">
    <p class='ocr_par' dir='ltr' id='par_1_66' title="bbox 1960 2125 3531 2206">
     <span class='ocr_line' id='line_1_66' title="bbox 1960 2125 3531 2206; baseline -0.007 -14"><span class='ocrx_word' id='word_1_460' title='bbox 1960 2153 2078 2192; x_wconf 90' lang='lat' dir='ltr'><strong>rum</strong></span> <span class='ocrx_word' id='word_1_461' title='bbox 2112 2138 2470 2206; x_wconf 83' lang='lat' dir='ltr'><strong>contemptio,</strong></span> <span class='ocrx_word' id='word_1_462' title='bbox 2503 2134 2820 2205; x_wconf 80' lang='lat' dir='ltr'><strong>dogmatum</strong></span> <span class='ocrx_word' id='word_1_463' title='bbox 2859 2131 3135 2187; x_wconf 80' lang='lat' dir='ltr'><strong>doctrina.</strong></span> <span class='ocrx_word' id='word_1_464' title='bbox 3167 2127 3287 2184; x_wconf 83' lang='lat' dir='ltr'><strong>Non</strong></span> <span class='ocrx_word' id='word_1_465' title='bbox 3325 2125 3531 2182; x_wconf 68' lang='lat' dir='ltr'><strong>licebat</strong></span> 
     </span>
    </p>
   </div>
   <div class='ocr_carea' id='block_1_67' title="bbox 1958 2217 3532 2297">
    <p class='ocr_par' dir='ltr' id='par_1_67' title="bbox 1958 2217 3532 2297">
     <span class='ocr_line' id='line_1_67' title="bbox 1958 2217 3532 2297; baseline -0.01 -10"><span class='ocrx_word' id='word_1_466' title='bbox 1958 2240 2091 2286; x_wconf 90' lang='lat' dir='ltr'><strong>tunc</strong></span> <span class='ocrx_word' id='word_1_467' title='bbox 2123 2229 2308 2285; x_wconf 88' lang='lat' dir='ltr'><strong>videre</strong></span> <span class='ocrx_word' id='word_1_468' title='bbox 2335 2229 2802 2297; x_wconf 86' lang='lat' dir='ltr'><strong>compotationum</strong></span> <span class='ocrx_word' id='word_1_469' title='bbox 2837 2223 3242 2283; x_wconf 86' lang='lat' dir='ltr'><strong>temulentiam,</strong></span> <span class='ocrx_word' id='word_1_470' title='bbox 3292 2235 3402 2275; x_wconf 90' lang='lat' dir='ltr'><strong>non</strong></span> <span class='ocrx_word' id='word_1_471' title='bbox 3453 2217 3532 2273; x_wconf 85' lang='lat' dir='ltr'><strong>rl-</strong></span> 
     </span>
    </p>
   </div>
   <div class='ocr_carea' id='block_1_68' title="bbox 1960 2315 3531 2386">
    <p class='ocr_par' dir='ltr' id='par_1_68' title="bbox 1960 2315 3531 2386">
     <span class='ocr_line' id='line_1_68' title="bbox 1960 2315 3531 2386; baseline -0.01 -6"><span class='ocrx_word' id='word_1_472' title='bbox 1960 2340 2057 2380; x_wconf 76' lang='lat' dir='ltr'><strong>sus</strong></span> <span class='ocrx_word' id='word_1_473' title='bbox 2081 2322 2452 2386; x_wconf 79' lang='lat' dir='ltr'><strong>insolentiam,</strong></span> <span class='ocrx_word' id='word_1_474' title='bbox 2488 2336 2593 2375; x_wconf 90' lang='lat' dir='ltr'><strong>non</strong></span> <span class='ocrx_word' id='word_1_475' title='bbox 2628 2319 2774 2383; x_wconf 89' lang='lat' dir='ltr'><strong>lites,</strong></span> <span class='ocrx_word' id='word_1_476' title='bbox 2816 2332 2924 2373; x_wconf 92' lang='lat' dir='ltr'><strong>non</strong></span> <span class='ocrx_word' id='word_1_477' title='bbox 2957 2315 3386 2376; x_wconf 77' lang='lat' dir='ltr'><strong>aemulationem,</strong></span> <span class='ocrx_word' id='word_1_478' title='bbox 3419 2325 3531 2366; x_wconf 85' lang='lat' dir='ltr'><strong>non</strong></span> 
     </span>
    </p>
   </div>
   <div class='ocr_carea' id='block_1_69' title="bbox 1961 2400 3534 2488">
    <p class='ocr_par' dir='ltr' id='par_1_69' title="bbox 1961 2400 3534 2488">
     <span class='ocr_line' id='line_1_69' title="bbox 1961 2400 3534 2488; baseline -0.01 -15"><span class='ocrx_word' id='word_1_479' title='bbox 1961 2418 2200 2488; x_wconf 85' lang='lat' dir='ltr'><strong>aliquam</strong></span> <span class='ocrx_word' id='word_1_480' title='bbox 2239 2417 2403 2470; x_wconf 86' lang='lat' dir='ltr'><strong>aliam</strong></span> <span class='ocrx_word' id='word_1_481' title='bbox 2440 2413 2640 2468; x_wconf 86' lang='lat' dir='ltr'><strong>nubem</strong></span> <span class='ocrx_word' id='word_1_482' title='bbox 2684 2427 2805 2482; x_wconf 71' lang='lat' dir='ltr'><strong>qum</strong></span> <span class='ocrx_word' id='word_1_483' title='bbox 2839 2411 3080 2466; x_wconf 85' lang='lat' dir='ltr'><strong>obstaret</strong></span> <span class='ocrx_word' id='word_1_484' title='bbox 3125 2407 3423 2480; x_wconf 88' lang='lat' dir='ltr'><strong>quominus</strong></span> <span class='ocrx_word' id='word_1_485' title='bbox 3447 2400 3534 2459; x_wconf 77' lang='lat' dir='ltr'><strong>vi-</strong></span> 
     </span>
    </p>
   </div>
   <div class='ocr_carea' id='block_1_70' title="bbox 1958 2499 3532 2581">
    <p class='ocr_par' dir='ltr' id='par_1_70' title="bbox 1958 2499 3532 2581">
     <span class='ocr_line' id='line_1_70' title="bbox 1958 2499 3532 2581; baseline -0.009 -12"><span class='ocrx_word' id='word_1_486' title='bbox 1958 2513 2178 2569; x_wconf 86' lang='lat' dir='ltr'><strong>deretur</strong></span> <span class='ocrx_word' id='word_1_487' title='bbox 2209 2510 2511 2581; x_wconf 85' lang='lat' dir='ltr'><strong>spiritualis</strong></span> <span class='ocrx_word' id='word_1_488' title='bbox 2537 2509 2672 2564; x_wconf 84' lang='lat' dir='ltr'><strong>solis</strong></span> <span class='ocrx_word' id='word_1_489' title='bbox 2696 2505 2979 2578; x_wconf 84' lang='lat' dir='ltr'><strong>splendor.</strong></span> <span class='ocrx_word' id='word_1_490' title='bbox 3015 2505 3258 2572; x_wconf 85' lang='lat' dir='ltr'><strong>Quorum</strong></span> <span class='ocrx_word' id='word_1_491' title='bbox 3283 2499 3532 2556; x_wconf 84' lang='lat' dir='ltr'><strong>omnium</strong></span> 
     </span>
    </p>
   </div>
   <div class='ocr_carea' id='block_1_71' title="bbox 1958 2593 3514 2676">
    <p class='ocr_par' dir='ltr' id='par_1_71' title="bbox 1958 2593 3514 2676">
     <span class='ocr_line' id='line_1_71' title="bbox 1958 2593 3514 2676; baseline -0.009 -13"><span class='ocrx_word' id='word_1_492' title='bbox 1958 2615 2228 2676; x_wconf 85' lang='lat' dir='ltr'><strong>cstcaput</strong></span> <span class='ocrx_word' id='word_1_493' title='bbox 2266 2620 2434 2659; x_wconf 87' lang='lat' dir='ltr'><strong>unum</strong></span> <span class='ocrx_word' id='word_1_494' title='bbox 2468 2603 2701 2673; x_wconf 75' lang='lat' dir='ltr'><strong>benigna</strong></span> <span class='ocrx_word' id='word_1_495' title='bbox 2750 2615 2881 2655; x_wconf 89' lang='lat' dir='ltr'><strong>cura</strong></span> <span class='ocrx_word' id='word_1_496' title='bbox 2933 2596 3164 2656; x_wconf 81' lang='lat' dir='ltr'><strong>Joannis</strong></span> <span class='ocrx_word' id='word_1_497' title='bbox 3218 2593 3514 2666; x_wconf 83' lang='lat' dir='ltr'><strong>providen-</strong></span> 
     </span>
    </p>
   </div>
   <div class='ocr_carea' id='block_1_72' title="bbox 1959 2685 3539 2766">
    <p class='ocr_par' dir='ltr' id='par_1_72' title="bbox 1959 2685 3539 2766">
     <span class='ocr_line' id='line_1_72' title="bbox 1959 2685 3539 2766; baseline -0.01 -9"><span class='ocrx_word' id='word_1_498' title='bbox 1959 2703 2070 2757; x_wconf 78' lang='lat' dir='ltr'><strong>tiae.</strong></span> <span class='ocrx_word' id='word_1_499' title='bbox 2109 2697 2253 2766; x_wconf 79' lang='lat' dir='ltr'><strong>Quid</strong></span> <span class='ocrx_word' id='word_1_500' title='bbox 2305 2699 2411 2752; x_wconf 88' lang='lat' dir='ltr'><strong>alia</strong></span> <span class='ocrx_word' id='word_1_501' title='bbox 2445 2693 2758 2751; x_wconf 82' lang='lat' dir='ltr'><strong>miracula?</strong></span> <span class='ocrx_word' id='word_1_502' title='bbox 2799 2694 2959 2750; x_wconf 82' lang='lat' dir='ltr'><strong>Nunc</strong></span> <span class='ocrx_word' id='word_1_503' title='bbox 3007 2691 3246 2762; x_wconf 86' lang='lat' dir='ltr'><strong>quidem,</strong></span> <span class='ocrx_word' id='word_1_504' title='bbox 3299 2685 3539 2743; x_wconf 80' lang='lat' dir='ltr'><strong>Eucleus</strong></span> 
     </span>
    </p>
   </div>
   <div class='ocr_carea' id='block_1_73' title="bbox 1961 2781 3533 2864">
    <p class='ocr_par' dir='ltr' id='par_1_73' title="bbox 1961 2781 3533 2864">
     <span class='ocr_line' id='line_1_73' title="bbox 1961 2781 3533 2864; baseline -0.011 -14"><span class='ocrx_word' id='word_1_505' title='bbox 1961 2795 2072 2861; x_wconf 90' lang='lat' dir='ltr'><strong>ille,</strong></span> <span class='ocrx_word' id='word_1_506' title='bbox 2110 2791 2202 2864; x_wconf 89' lang='lat' dir='ltr'><strong>qui</strong></span> <span class='ocrx_word' id='word_1_507' title='bbox 2231 2789 2434 2846; x_wconf 86' lang='lat' dir='ltr'><strong>invidia</strong></span> <span class='ocrx_word' id='word_1_508' title='bbox 2469 2788 2699 2854; x_wconf 83' lang='lat' dir='ltr'><strong>diaboli,</strong></span> <span class='ocrx_word' id='word_1_509' title='bbox 2745 2786 2979 2842; x_wconf 84' lang='lat' dir='ltr'><strong>alterius</strong></span> <span class='ocrx_word' id='word_1_510' title='bbox 3015 2782 3306 2840; x_wconf 85' lang='lat' dir='ltr'><strong>oculorum</strong></span> <span class='ocrx_word' id='word_1_511' title='bbox 3359 2781 3533 2835; x_wconf 87' lang='lat' dir='ltr'><strong>lucem</strong></span> 
     </span>
    </p>
   </div>
   <div class='ocr_carea' id='block_1_74' title="bbox 1958 2871 3536 2955">
    <p class='ocr_par' dir='ltr' id='par_1_74' title="bbox 1958 2871 3536 2955">
     <span class='ocr_line' id='line_1_74' title="bbox 1958 2871 3536 2955; baseline -0.007 -16"><span class='ocrx_word' id='word_1_512' title='bbox 1958 2884 2162 2940; x_wconf 90' lang='lat' dir='ltr'><strong>dicitur</strong></span> <span class='ocrx_word' id='word_1_513' title='bbox 2191 2882 2520 2955; x_wconf 83' lang='lat' dir='ltr'><strong>perdidisse,</strong></span> <span class='ocrx_word' id='word_1_514' title='bbox 2548 2879 2728 2935; x_wconf 86' lang='lat' dir='ltr'><strong>credit</strong></span> <span class='ocrx_word' id='word_1_515' title='bbox 2777 2876 3039 2943; x_wconf 84' lang='lat' dir='ltr'><strong>Christo;</strong></span> <span class='ocrx_word' id='word_1_516' title='bbox 3076 2874 3310 2938; x_wconf 83' lang='lat' dir='ltr'><strong>accedit,</strong></span> <span class='ocrx_word' id='word_1_517' title='bbox 3343 2871 3536 2928; x_wconf 63' lang='lat' dir='ltr'><strong>tonde:</strong></span> 
     </span>
    </p>
   </div>
   <div class='ocr_carea' id='block_1_75' title="bbox 1957 2970 3535 3044">
    <p class='ocr_par' dir='ltr' id='par_1_75' title="bbox 1957 2970 3535 3044">
     <span class='ocr_line' id='line_1_75' title="bbox 1957 2970 3535 3044; baseline -0.01 -12"><span class='ocrx_word' id='word_1_518' title='bbox 1957 2985 2074 3039; x_wconf 86' lang='lat' dir='ltr'><strong>tur.</strong></span> <span class='ocrx_word' id='word_1_519' title='bbox 2109 2975 2326 3032; x_wconf 86' lang='lat' dir='ltr'><strong>tandem</strong></span> <span class='ocrx_word' id='word_1_520' title='bbox 2358 2973 2592 3030; x_wconf 75' lang='lat' dir='ltr'><strong>Joannis</strong></span> <span class='ocrx_word' id='word_1_521' title='bbox 2626 2972 2884 3044; x_wconf 87' lang='lat' dir='ltr'><strong>precibus</strong></span> <span class='ocrx_word' id='word_1_522' title='bbox 2947 2970 3126 3024; x_wconf 88' lang='lat' dir='ltr'><strong>lucem</strong></span> <span class='ocrx_word' id='word_1_523' title='bbox 3190 2979 3386 3021; x_wconf 77' lang='lat' dir='ltr'><strong>rursus</strong></span> <span class='ocrx_word' id='word_1_524' title='bbox 3437 2977 3535 3019; x_wconf 52' lang='lat' dir='ltr'><strong>ace</strong></span> 
     </span>
    </p>
   </div>
   <div class='ocr_carea' id='block_1_76' title="bbox 1959 3055 3536 3144">
    <p class='ocr_par' dir='ltr' id='par_1_76' title="bbox 1959 3055 3536 3144">
     <span class='ocr_line' id='line_1_76' title="bbox 1959 3055 3536 3144; baseline -0.01 -20"><span class='ocrx_word' id='word_1_525' title='bbox 1959 3071 2118 3144; x_wconf 84' lang='lat' dir='ltr'><strong>cipit.</strong></span> <span class='ocrx_word' id='word_1_526' title='bbox 2158 3069 2321 3124; x_wconf 83' lang='lat' dir='ltr'><strong>Nunc</strong></span> <span class='ocrx_word' id='word_1_527' title='bbox 2371 3074 2561 3135; x_wconf 85' lang='lat' dir='ltr'><strong>autem</strong></span> <span class='ocrx_word' id='word_1_528' title='bbox 2599 3065 2692 3120; x_wconf 87' lang='lat' dir='ltr'><strong>illa</strong></span> <span class='ocrx_word' id='word_1_529' title='bbox 2728 3079 2852 3136; x_wconf 68' lang='lat' dir='ltr'><strong>quae</strong></span> <span class='ocrx_word' id='word_1_530' title='bbox 2911 3059 3200 3116; x_wconf 85' lang='lat' dir='ltr'><strong>laborabat</strong></span> <span class='ocrx_word' id='word_1_531' title='bbox 3255 3055 3536 3129; x_wconf 77' lang='lat' dir='ltr'><strong>sanguinis</strong></span> 
     </span>
    </p>
   </div>
   <div class='ocr_carea' id='block_1_77' title="bbox 1960 3149 3536 3236">
    <p class='ocr_par' dir='ltr' id='par_1_77' title="bbox 1960 3149 3536 3236">
     <span class='ocr_line' id='line_1_77' title="bbox 1960 3149 3536 3236; baseline -0.009 -19"><span class='ocrx_word' id='word_1_532' title='bbox 1960 3163 2250 3236; x_wconf 81' lang='lat' dir='ltr'><strong>proﬂuvio,</strong></span> <span class='ocrx_word' id='word_1_533' title='bbox 2280 3172 2485 3232; x_wconf 86' lang='lat' dir='ltr'><strong>septem</strong></span> <span class='ocrx_word' id='word_1_534' title='bbox 2521 3174 2698 3215; x_wconf 86' lang='lat' dir='ltr'><strong>annos</strong></span> <span class='ocrx_word' id='word_1_535' title='bbox 2733 3159 2816 3215; x_wconf 87' lang='lat' dir='ltr'><strong>sic</strong></span> <span class='ocrx_word' id='word_1_536' title='bbox 2844 3154 3059 3220; x_wconf 85' lang='lat' dir='ltr'><strong>all&#39;ecta,</strong></span> <span class='ocrx_word' id='word_1_537' title='bbox 3083 3149 3377 3226; x_wconf 84' lang='lat' dir='ltr'><strong>persuadet</strong></span> <span class='ocrx_word' id='word_1_538' title='bbox 3400 3165 3536 3204; x_wconf 85' lang='lat' dir='ltr'><strong>con-</strong></span> 
     </span>
    </p>
   </div>
   <div class='ocr_carea' id='block_1_78' title="bbox 1953 3240 3535 3329">
    <p class='ocr_par' dir='ltr' id='par_1_78' title="bbox 1953 3240 3535 3329">
     <span class='ocr_line' id='line_1_78' title="bbox 1953 3240 3535 3329; baseline -0.009 -19"><span class='ocrx_word' id='word_1_539' title='bbox 1953 3257 2070 3329; x_wconf 79' lang='lat' dir='ltr'><strong>jugi</strong></span> <span class='ocrx_word' id='word_1_540' title='bbox 2096 3268 2149 3311; x_wconf 89' lang='lat' dir='ltr'><strong>et</strong></span> <span class='ocrx_word' id='word_1_541' title='bbox 2180 3260 2274 3327; x_wconf 83' lang='lat' dir='ltr'><strong>per</strong></span> <span class='ocrx_word' id='word_1_542' title='bbox 2309 3263 2432 3310; x_wconf 88' lang='lat' dir='ltr'><strong>eum</strong></span> <span class='ocrx_word' id='word_1_543' title='bbox 2469 3261 2622 3323; x_wconf 82' lang='lat' dir='ltr'><strong>rogat</strong></span> <span class='ocrx_word' id='word_1_544' title='bbox 2649 3249 2916 3306; x_wconf 82' lang='lat' dir='ltr'><strong>Joannem</strong></span> <span class='ocrx_word' id='word_1_545' title='bbox 2948 3267 2963 3317; x_wconf 89' lang='lat'><strong>;</strong></span> <span class='ocrx_word' id='word_1_546' title='bbox 2997 3249 3064 3303; x_wconf 87' lang='lat' dir='ltr'><strong>ab</strong></span> <span class='ocrx_word' id='word_1_547' title='bbox 3113 3262 3180 3302; x_wconf 86' lang='lat' dir='ltr'><strong>eo</strong></span> <span class='ocrx_word' id='word_1_548' title='bbox 3207 3253 3387 3299; x_wconf 90' lang='lat' dir='ltr'><strong>autem</strong></span> <span class='ocrx_word' id='word_1_549' title='bbox 3437 3240 3535 3296; x_wconf 72' lang='lat' dir='ltr'><strong>do~</strong></span> 
     </span>
    </p>
   </div>
   <div class='ocr_carea' id='block_1_79' title="bbox 1957 3336 3534 3418">
    <p class='ocr_par' dir='ltr' id='par_1_79' title="bbox 1957 3336 3534 3418">
     <span class='ocr_line' id='line_1_79' title="bbox 1957 3336 3534 3418; baseline -0.012 -12"><span class='ocrx_word' id='word_1_550' title='bbox 1957 3362 2113 3407; x_wconf 85' lang='lat' dir='ltr'><strong>cetnr</strong></span> <span class='ocrx_word' id='word_1_551' title='bbox 2164 3364 2411 3410; x_wconf 86' lang='lat' dir='ltr'><strong>causam,</strong></span> <span class='ocrx_word' id='word_1_552' title='bbox 2467 3347 2614 3418; x_wconf 87' lang='lat' dir='ltr'><strong>quod</strong></span> <span class='ocrx_word' id='word_1_553' title='bbox 2671 3355 2894 3415; x_wconf 85' lang='lat' dir='ltr'><strong>propter</strong></span> <span class='ocrx_word' id='word_1_554' title='bbox 2949 3351 3171 3413; x_wconf 89' lang='lat' dir='ltr'><strong>peccata</strong></span> <span class='ocrx_word' id='word_1_555' title='bbox 3207 3336 3534 3408; x_wconf 86' lang='lat' dir='ltr'><strong>permissum</strong></span> 
     </span>
    </p>
   </div>
   <div class='ocr_carea' id='block_1_80' title="bbox 1959 3431 3538 3517">
    <p class='ocr_par' dir='ltr' id='par_1_80' title="bbox 1959 3431 3538 3517">
     <span class='ocr_line' id='line_1_80' title="bbox 1959 3431 3538 3517; baseline -0.009 -16"><span class='ocrx_word' id='word_1_556' title='bbox 1959 3446 2124 3503; x_wconf 84' lang='lat' dir='ltr'><strong>luerit</strong></span> <span class='ocrx_word' id='word_1_557' title='bbox 2180 3457 2241 3501; x_wconf 91' lang='lat' dir='ltr'><strong>ut</strong></span> <span class='ocrx_word' id='word_1_558' title='bbox 2289 3444 2596 3517; x_wconf 85' lang='lat' dir='ltr'><strong>puniretur.</strong></span> <span class='ocrx_word' id='word_1_559' title='bbox 2663 3441 2928 3508; x_wconf 59' lang='lat' dir='ltr'><strong>Quatnam</strong></span> <span class='ocrx_word' id='word_1_560' title='bbox 2999 3445 3182 3493; x_wconf 86' lang='lat' dir='ltr'><strong>autem</strong></span> <span class='ocrx_word' id='word_1_561' title='bbox 3227 3442 3359 3491; x_wconf 84' lang='lat' dir='ltr'><strong>sunt</strong></span> <span class='ocrx_word' id='word_1_562' title='bbox 3427 3431 3538 3487; x_wconf 72' lang='lat' dir='ltr'><strong>ea?</strong></span> 
     </span>
    </p>
   </div>
   <div class='ocr_carea' id='block_1_81' title="bbox 1961 3534 3539 3601">
    <p class='ocr_par' dir='ltr' id='par_1_81' title="bbox 1961 3534 3539 3601">
     <span class='ocr_line' id='line_1_81' title="bbox 1961 3534 3539 3601; baseline -0.011 -3"><span class='ocrx_word' id='word_1_563' title='bbox 1961 3543 2184 3599; x_wconf 85' lang='lat' dir='ltr'><strong>Summa</strong></span> <span class='ocrx_word' id='word_1_564' title='bbox 2219 3543 2274 3598; x_wconf 92' lang='lat' dir='ltr'><strong>in</strong></span> <span class='ocrx_word' id='word_1_565' title='bbox 2306 3541 2540 3596; x_wconf 84' lang='lat' dir='ltr'><strong>famulas</strong></span> <span class='ocrx_word' id='word_1_566' title='bbox 2606 3534 3001 3599; x_wconf 84' lang='lat' dir='ltr'><strong>inhumanitas,</strong></span> <span class='ocrx_word' id='word_1_567' title='bbox 3055 3543 3352 3601; x_wconf 85' lang='lat' dir='ltr'><strong>pauperum</strong></span> <span class='ocrx_word' id='word_1_568' title='bbox 3402 3538 3539 3582; x_wconf 79' lang='lat' dir='ltr'><strong>con-</strong></span> 
     </span>
    </p>
   </div>
   <div class='ocr_carea' id='block_1_82' title="bbox 1959 3615 3536 3708">
    <p class='ocr_par' dir='ltr' id='par_1_82' title="bbox 1959 3615 3536 3708">
     <span class='ocr_line' id='line_1_82' title="bbox 1959 3615 3536 3708; baseline -0.013 -17"><span class='ocrx_word' id='word_1_569' title='bbox 1959 3647 2215 3708; x_wconf 88' lang='lat' dir='ltr'><strong>temptus,</strong></span> <span class='ocrx_word' id='word_1_570' title='bbox 2271 3632 2542 3704; x_wconf 84' lang='lat' dir='ltr'><strong>ingluvies</strong></span> <span class='ocrx_word' id='word_1_571' title='bbox 2588 3638 2644 3686; x_wconf 85' lang='lat' dir='ltr'><strong>et</strong></span> <span class='ocrx_word' id='word_1_572' title='bbox 2678 3627 2857 3684; x_wconf 91' lang='lat' dir='ltr'><strong>omnis</strong></span> <span class='ocrx_word' id='word_1_573' title='bbox 2917 3623 3226 3695; x_wconf 73' lang='lat' dir='ltr'><strong>nugacitas.</strong></span> <span class='ocrx_word' id='word_1_574' title='bbox 3281 3617 3361 3674; x_wconf 75' lang='lat' dir='ltr'><strong>Ad</strong></span> <span class='ocrx_word' id='word_1_575' title='bbox 3417 3615 3536 3708; x_wconf 52' lang='lat' dir='ltr'><strong>haec</strong></span> 
     </span>
    </p>
   </div>
   <div class='ocr_carea' id='block_1_83' title="bbox 1959 3703 3537 3800">
    <p class='ocr_par' dir='ltr' id='par_1_83' title="bbox 1959 3703 3537 3800">
     <span class='ocr_line' id='line_1_83' title="bbox 1959 3703 3537 3800; baseline -0.016 -17"><span class='ocrx_word' id='word_1_576' title='bbox 1959 3703 2090 3800; x_wconf 78' lang='lat' dir='ltr'><strong>quid</strong></span> <span class='ocrx_word' id='word_1_577' title='bbox 2130 3740 2269 3797; x_wconf 87' lang='lat' dir='ltr'><strong>epus</strong></span> <span class='ocrx_word' id='word_1_578' title='bbox 2317 3703 2404 3780; x_wconf 84' lang='lat' dir='ltr'><strong>est</strong></span> <span class='ocrx_word' id='word_1_579' title='bbox 2441 3723 2625 3778; x_wconf 87' lang='lat' dir='ltr'><strong>dicere</strong></span> <span class='ocrx_word' id='word_1_580' title='bbox 2678 3715 3001 3786; x_wconf 88' lang='lat' dir='ltr'><strong>multiplicia</strong></span> <span class='ocrx_word' id='word_1_581' title='bbox 3049 3710 3246 3767; x_wconf 90' lang='lat' dir='ltr'><strong>medici</strong></span> <span class='ocrx_word' id='word_1_582' title='bbox 3297 3703 3537 3762; x_wconf 82' lang='lat' dir='ltr'><strong>remedia</strong></span> 
     </span>
    </p>
   </div>
   <div class='ocr_carea' id='block_1_84' title="bbox 1959 3799 3539 3891">
    <p class='ocr_par' dir='ltr' id='par_1_84' title="bbox 1959 3799 3539 3891">
     <span class='ocr_line' id='line_1_84' title="bbox 1959 3799 3539 3891; baseline -0.015 -16"><span class='ocrx_word' id='word_1_583' title='bbox 1959 3799 2080 3891; x_wconf 76' lang='lat' dir='ltr'><strong>qua:</strong></span> <span class='ocrx_word' id='word_1_584' title='bbox 2112 3819 2165 3874; x_wconf 90' lang='lat' dir='ltr'><strong>in</strong></span> <span class='ocrx_word' id='word_1_585' title='bbox 2202 3817 2482 3873; x_wconf 88' lang='lat' dir='ltr'><strong>mulierem</strong></span> <span class='ocrx_word' id='word_1_586' title='bbox 2510 3807 2890 3884; x_wconf 77' lang='lat' dir='ltr'><strong>excogitavit?</strong></span> <span class='ocrx_word' id='word_1_587' title='bbox 2924 3807 3057 3873; x_wconf 68' lang='lat' dir='ltr'><strong>Quae</strong></span> <span class='ocrx_word' id='word_1_588' title='bbox 3087 3819 3210 3860; x_wconf 87' lang='lat' dir='ltr'><strong>cum</strong></span> <span class='ocrx_word' id='word_1_589' title='bbox 3237 3799 3420 3855; x_wconf 86' lang='lat' dir='ltr'><strong>omnia</strong></span> <span class='ocrx_word' id='word_1_590' title='bbox 3440 3811 3539 3868; x_wconf 88' lang='lat' dir='ltr'><strong>per</strong></span> 
     </span>
    </p>
   </div>
   <div class='ocr_carea' id='block_1_85' title="bbox 1960 3899 3529 3980">
    <p class='ocr_par' dir='ltr' id='par_1_85' title="bbox 1960 3899 3529 3980">
     <span class='ocr_line' id='line_1_85' title="bbox 1960 3899 3529 3980; baseline -0.015 -13"><span class='ocrx_word' id='word_1_591' title='bbox 1960 3912 2242 3980; x_wconf 72' lang='lat' dir='ltr'><strong>coniugem</strong></span> <span class='ocrx_word' id='word_1_592' title='bbox 2276 3906 2579 3967; x_wconf 84' lang='lat' dir='ltr'><strong>didicisset,</strong></span> <span class='ocrx_word' id='word_1_593' title='bbox 2609 3914 2659 3958; x_wconf 87' lang='lat' dir='ltr'><strong>et</strong></span> <span class='ocrx_word' id='word_1_594' title='bbox 2686 3918 2746 3957; x_wconf 88' lang='lat' dir='ltr'><strong>se</strong></span> <span class='ocrx_word' id='word_1_595' title='bbox 2772 3899 2958 3955; x_wconf 89' lang='lat' dir='ltr'><strong>omnia</strong></span> <span class='ocrx_word' id='word_1_596' title='bbox 2997 3911 3122 3954; x_wconf 82' lang='lat' dir='ltr'><strong>esse</strong></span> <span class='ocrx_word' id='word_1_597' title='bbox 3148 3899 3529 3949; x_wconf 85' lang='lat' dir='ltr'><strong>correcturam</strong></span> 
     </span>
    </p>
   </div>
   <div class='ocr_carea' id='block_1_86' title="bbox 1963 3989 3538 4072">
    <p class='ocr_par' dir='ltr' id='par_1_86' title="bbox 1963 3989 3538 4072">
     <span class='ocr_line' id='line_1_86' title="bbox 1963 3989 3538 4072; baseline -0.013 -14"><span class='ocrx_word' id='word_1_598' title='bbox 1963 4003 2194 4058; x_wconf 83' lang='lat' dir='ltr'><strong>ﬁdeliter</strong></span> <span class='ocrx_word' id='word_1_599' title='bbox 2256 3999 2634 4072; x_wconf 83' lang='lat' dir='ltr'><strong>promisisset.</strong></span> <span class='ocrx_word' id='word_1_600' title='bbox 2698 3995 2988 4052; x_wconf 87' lang='lat' dir='ltr'><strong>celerrime</strong></span> <span class='ocrx_word' id='word_1_601' title='bbox 3053 3989 3250 4058; x_wconf 85' lang='lat' dir='ltr'><strong>recipit</strong></span> <span class='ocrx_word' id='word_1_602' title='bbox 3308 3996 3538 4040; x_wconf 82' lang='lat' dir='ltr'><strong>sensum</strong></span> 
     </span>
    </p>
   </div>
   <div class='ocr_carea' id='block_1_87' title="bbox 1960 4075 3538 4159">
    <p class='ocr_par' dir='ltr' id='par_1_87' title="bbox 1960 4075 3538 4159">
     <span class='ocr_line' id='line_1_87' title="bbox 1960 4075 3538 4159; baseline -0.015 -9"><span class='ocrx_word' id='word_1_603' title='bbox 1960 4092 2288 4150; x_wconf 86' lang='lat' dir='ltr'><strong>curationis.</strong></span> <span class='ocrx_word' id='word_1_604' title='bbox 2324 4091 2467 4159; x_wconf 83' lang='lat' dir='ltr'><strong>Quid</strong></span> <span class='ocrx_word' id='word_1_605' title='bbox 2501 4104 2630 4145; x_wconf 88' lang='lat' dir='ltr'><strong>vero</strong></span> <span class='ocrx_word' id='word_1_606' title='bbox 2664 4088 2732 4143; x_wconf 87' lang='lat' dir='ltr'><strong>de</strong></span> <span class='ocrx_word' id='word_1_607' title='bbox 2773 4084 2996 4140; x_wconf 82' lang='lat' dir='ltr'><strong>immani</strong></span> <span class='ocrx_word' id='word_1_608' title='bbox 3028 4096 3246 4154; x_wconf 86' lang='lat' dir='ltr'><strong>quoque</strong></span> <span class='ocrx_word' id='word_1_609' title='bbox 3277 4078 3369 4132; x_wconf 90' lang='lat' dir='ltr'><strong>illa</strong></span> <span class='ocrx_word' id='word_1_610' title='bbox 3402 4075 3538 4140; x_wconf 88' lang='lat' dir='ltr'><strong>fera,</strong></span> 
     </span>
    </p>
   </div>
   <div class='ocr_carea' id='block_1_88' title="bbox 1960 4171 3538 4260">
    <p class='ocr_par' dir='ltr' id='par_1_88' title="bbox 1960 4171 3538 4260">
     <span class='ocr_line' id='line_1_88' title="bbox 1960 4171 3538 4260; baseline -0.013 -18"><span class='ocrx_word' id='word_1_611' title='bbox 1960 4203 2083 4260; x_wconf 75' lang='lat' dir='ltr'><strong>qua:</strong></span> <span class='ocrx_word' id='word_1_612' title='bbox 2113 4188 2314 4242; x_wconf 85' lang='lat' dir='ltr'><strong>multos</strong></span> <span class='ocrx_word' id='word_1_613' title='bbox 2337 4183 2552 4256; x_wconf 89' lang='lat' dir='ltr'><strong>quidem</strong></span> <span class='ocrx_word' id='word_1_614' title='bbox 2585 4181 2868 4238; x_wconf 87' lang='lat' dir='ltr'><strong>devoravit</strong></span> <span class='ocrx_word' id='word_1_615' title='bbox 2895 4196 2960 4235; x_wconf 81' lang='lat' dir='ltr'><strong>ex</strong></span> <span class='ocrx_word' id='word_1_616' title='bbox 2994 4177 3060 4232; x_wconf 90' lang='lat' dir='ltr'><strong>iis</strong></span> <span class='ocrx_word' id='word_1_617' title='bbox 3086 4175 3177 4247; x_wconf 90' lang='lat' dir='ltr'><strong>qui</strong></span> <span class='ocrx_word' id='word_1_618' title='bbox 3208 4171 3538 4234; x_wconf 86' lang='lat' dir='ltr'><strong>transibant,</strong></span> 
     </span>
    </p>
   </div>
   <div class='ocr_carea' id='block_1_89' title="bbox 1960 4263 3537 4344">
    <p class='ocr_par' dir='ltr' id='par_1_89' title="bbox 1960 4263 3537 4344">
     <span class='ocr_line' id='line_1_89' title="bbox 1960 4263 3537 4344; baseline -0.013 -9"><span class='ocrx_word' id='word_1_619' title='bbox 1960 4295 2027 4336; x_wconf 70' lang='lat' dir='ltr'><strong>ex</strong></span> <span class='ocrx_word' id='word_1_620' title='bbox 2047 4276 2296 4333; x_wconf 84' lang='lat' dir='ltr'><strong>finitimis</strong></span> <span class='ocrx_word' id='word_1_621' title='bbox 2318 4285 2500 4331; x_wconf 87' lang='lat' dir='ltr'><strong>autem</strong></span> <span class='ocrx_word' id='word_1_622' title='bbox 2529 4275 2731 4330; x_wconf 77' lang='lat' dir='ltr'><strong>inultos</strong></span> <span class='ocrx_word' id='word_1_623' title='bbox 2765 4274 2876 4344; x_wconf 80' lang='lat' dir='ltr'><strong>egit</strong></span> <span class='ocrx_word' id='word_1_624' title='bbox 2911 4273 2962 4326; x_wconf 91' lang='lat' dir='ltr'><strong>in</strong></span> <span class='ocrx_word' id='word_1_625' title='bbox 3000 4265 3228 4339; x_wconf 80' lang='lat' dir='ltr'><strong>fugam?</strong></span> <span class='ocrx_word' id='word_1_626' title='bbox 3253 4263 3537 4323; x_wconf 83' lang='lat' dir='ltr'><strong>Dominica</strong></span> 
     </span>
    </p>
   </div>
   <div class='ocr_carea' id='block_1_90' title="bbox 1963 4358 3542 4436">
    <p class='ocr_par' dir='ltr' id='par_1_90' title="bbox 1963 4358 3542 4436">
     <span class='ocr_line' id='line_1_90' title="bbox 1963 4358 3542 4436; baseline -0.011 -12"><span class='ocrx_word' id='word_1_627' title='bbox 1963 4386 2114 4424; x_wconf 87' lang='lat' dir='ltr'><strong>arma</strong></span> <span class='ocrx_word' id='word_1_628' title='bbox 2159 4369 2383 4424; x_wconf 86' lang='lat' dir='ltr'><strong>divinus</strong></span> <span class='ocrx_word' id='word_1_629' title='bbox 2447 4368 2538 4424; x_wconf 91' lang='lat' dir='ltr'><strong>ille</strong></span> <span class='ocrx_word' id='word_1_630' title='bbox 2601 4367 2899 4436; x_wconf 85' lang='lat' dir='ltr'><strong>imperator</strong></span> <span class='ocrx_word' id='word_1_631' title='bbox 2957 4361 3148 4432; x_wconf 81' lang='lat' dir='ltr'><strong>objicit</strong></span> <span class='ocrx_word' id='word_1_632' title='bbox 3201 4358 3435 4422; x_wconf 65' lang='lat' dir='ltr'><strong>bellum;</strong></span> <span class='ocrx_word' id='word_1_633' title='bbox 3484 4361 3542 4408; x_wconf 89' lang='lat' dir='ltr'><strong>ct</strong></span> 
     </span>
    </p>
   </div>
   <div class='ocr_carea' id='block_1_91' title="bbox 1961 4453 3542 4530">
    <p class='ocr_par' dir='ltr' id='par_1_91' title="bbox 1961 4453 3542 4530">
     <span class='ocr_line' id='line_1_91' title="bbox 1961 4453 3542 4530; baseline -0.011 -10"><span class='ocrx_word' id='word_1_634' title='bbox 1961 4480 2084 4520; x_wconf 87' lang='lat' dir='ltr'><strong>cum</strong></span> <span class='ocrx_word' id='word_1_635' title='bbox 2117 4463 2452 4518; x_wconf 87' lang='lat' dir='ltr'><strong>decrevisset</strong></span> <span class='ocrx_word' id='word_1_636' title='bbox 2484 4472 2540 4516; x_wconf 94' lang='lat' dir='ltr'><strong>ut</strong></span> <span class='ocrx_word' id='word_1_637' title='bbox 2573 4475 2634 4513; x_wconf 90' lang='lat' dir='ltr'><strong>ea</strong></span> <span class='ocrx_word' id='word_1_638' title='bbox 2687 4461 2979 4530; x_wconf 82' lang='lat' dir='ltr'><strong>ligereutur</strong></span> <span class='ocrx_word' id='word_1_639' title='bbox 3036 4465 3162 4510; x_wconf 86' lang='lat' dir='ltr'><strong>ante</strong></span> <span class='ocrx_word' id='word_1_640' title='bbox 3197 4453 3542 4524; x_wconf 88' lang='lat' dir='ltr'><strong>speluncam,</strong></span> 
     </span>
    </p>
   </div>
   <div class='ocr_carea' id='block_1_92' title="bbox 283 4543 1858 4625">
    <p class='ocr_par' dir='ltr' id='par_1_92' title="bbox 283 4545 1858 4622">
     <span class='ocr_line' id='line_1_92' title="bbox 283 4545 1858 4622; baseline -0.004 -18"><span class='ocrx_word' id='word_1_641' title='bbox 283 4551 492 4607; x_wconf 68' lang='grc' dir='ltr'>ἐκείνου</span> <span class='ocrx_word' id='word_1_642' title='bbox 523 4547 889 4622; x_wconf 74' lang='grc' dir='ltr'>προϐάλλεται</span> <span class='ocrx_word' id='word_1_643' title='bbox 939 4546 1266 4620; x_wconf 80' lang='grc' dir='ltr'>στρατηγὸς,</span> <span class='ocrx_word' id='word_1_644' title='bbox 1310 4548 1404 4602; x_wconf 75' lang='grc' dir='ltr'><strong>καὶ</strong></span> <span class='ocrx_word' id='word_1_645' title='bbox 1438 4545 1592 4599; x_wconf 75' lang='grc' dir='ltr'>τοῦτο</span> <span class='ocrx_word' id='word_1_646' title='bbox 1617 4545 1858 4615; x_wconf 80' lang='grc' dir='ltr'>παγῆναι</span> 
     </span>
    </p>
   </div>
   <div class='ocr_carea' id='block_1_93' title="bbox 1960 4543 3545 4625">
    <p class='ocr_par' dir='ltr' id='par_1_93' title="bbox 1968 4543 3545 4612">
     <span class='ocr_line' id='line_1_93' title="bbox 1968 4543 3545 4612; baseline -0.009 -1"><span class='ocrx_word' id='word_1_647' title='bbox 1968 4556 2098 4612; x_wconf 89' lang='lat' dir='ltr'><strong>facit</strong></span> <span class='ocrx_word' id='word_1_648' title='bbox 2131 4566 2191 4612; x_wconf 86' lang='lat' dir='ltr'><strong>ut</strong></span> <span class='ocrx_word' id='word_1_649' title='bbox 2221 4557 2314 4611; x_wconf 91' lang='lat' dir='ltr'><strong>ille</strong></span> <span class='ocrx_word' id='word_1_650' title='bbox 2355 4554 2620 4610; x_wconf 87' lang='lat' dir='ltr'><strong>terribilis</strong></span> <span class='ocrx_word' id='word_1_651' title='bbox 2651 4561 2705 4609; x_wconf 89' lang='lat' dir='ltr'><strong>et</strong></span> <span class='ocrx_word' id='word_1_652' title='bbox 2752 4567 2930 4607; x_wconf 77' lang='lat' dir='ltr'><strong>saevus</strong></span> <span class='ocrx_word' id='word_1_653' title='bbox 2980 4549 3264 4604; x_wconf 83' lang='lat' dir='ltr'><strong>hominum</strong></span> <span class='ocrx_word' id='word_1_654' title='bbox 3327 4543 3545 4600; x_wconf 90' lang='lat' dir='ltr'><strong>occisor</strong></span> 
     </span>
    </p>
   </div>
   <div class='ocr_carea' id='block_1_94' title="bbox 283 4639 1862 4719">
    <p class='ocr_par' dir='ltr' id='par_1_94' title="bbox 283 4639 1862 4719">
     <span class='ocr_line' id='line_1_94' title="bbox 283 4639 1862 4719; baseline -0.004 -20"><span class='ocrx_word' id='word_1_655' title='bbox 283 4647 387 4719; x_wconf 79' lang='grc' dir='ltr'><strong>πρὸ</strong></span> <span class='ocrx_word' id='word_1_656' title='bbox 415 4643 512 4699; x_wconf 80' lang='grc' dir='ltr'>τοῦ</span> <span class='ocrx_word' id='word_1_657' title='bbox 545 4643 815 4713; x_wconf 79' lang='grc' dir='ltr'>σπηλαίου</span> <span class='ocrx_word' id='word_1_658' title='bbox 841 4641 1242 4714; x_wconf 80' lang='grc' dir='ltr'>διορισάμενος,</span> <span class='ocrx_word' id='word_1_659' title='bbox 1268 4640 1360 4695; x_wconf 76' lang='grc' dir='ltr'><strong>τὸν</strong></span> <span class='ocrx_word' id='word_1_660' title='bbox 1391 4639 1621 4712; x_wconf 77' lang='grc' dir='ltr'>φοϐερὸν</span> <span class='ocrx_word' id='word_1_661' title='bbox 1656 4640 1862 4692; x_wconf 80' lang='grc' dir='ltr'>ἐκεῖνον</span> 
     </span>
    </p>
   </div>
   <div class='ocr_carea' id='block_1_95' title="bbox 285 4731 1862 4810">
    <p class='ocr_par' dir='ltr' id='par_1_95' title="bbox 285 4731 1862 4810">
     <span class='ocr_line' id='line_1_95' title="bbox 285 4731 1862 4810; baseline -0.003 -20"><span class='ocrx_word' id='word_1_662' title='bbox 285 4740 374 4794; x_wconf 72' lang='grc' dir='ltr'>καὶ</span> <span class='ocrx_word' id='word_1_663' title='bbox 434 4734 887 4810; x_wconf 78' lang='grc' dir='ltr'>άνθρωποκτόνον</span> <span class='ocrx_word' id='word_1_664' title='bbox 945 4733 1136 4789; x_wconf 80' lang='grc' dir='ltr'>λέοντα</span> <span class='ocrx_word' id='word_1_665' title='bbox 1180 4735 1328 4788; x_wconf 72' lang='grc' dir='ltr'>ποιεῖ</span> <span class='ocrx_word' id='word_1_666' title='bbox 1378 4732 1486 4806; x_wconf 73' lang='grc' dir='ltr'><strong>πρὸ</strong></span> <span class='ocrx_word' id='word_1_667' title='bbox 1532 4731 1624 4786; x_wconf 79' lang='grc' dir='ltr'><strong>τοῦ</strong></span> <span class='ocrx_word' id='word_1_668' title='bbox 1681 4733 1862 4803; x_wconf 86' lang='grc' dir='ltr'>τιμίου</span> 
     </span>
    </p>
   </div>
   <div class='ocr_carea' id='block_1_96' title="bbox 288 4824 1863 4903">
    <p class='ocr_par' dir='ltr' id='par_1_96' title="bbox 288 4824 1863 4903">
     <span class='ocr_line' id='line_1_96' title="bbox 288 4824 1863 4903; baseline -0.003 -19"><span class='ocrx_word' id='word_1_669' title='bbox 288 4829 524 4903; x_wconf 77' lang='grc' dir='ltr'>σταυροῦ</span> <span class='ocrx_word' id='word_1_670' title='bbox 573 4828 699 4898; x_wconf 82' lang='grc' dir='ltr'><strong>περί</strong></span> <span class='ocrx_word' id='word_1_671' title='bbox 740 4827 802 4883; x_wconf 75' lang='grc' dir='ltr'><strong>τὸ</strong></span> <span class='ocrx_word' id='word_1_672' title='bbox 834 4827 1160 4898; x_wconf 78' lang='grc' dir='ltr'>περίορῠρον</span> <span class='ocrx_word' id='word_1_673' title='bbox 1192 4824 1364 4897; x_wconf 71' lang='grc' dir='ltr'>χαμαὶ</span> <span class='ocrx_word' id='word_1_674' title='bbox 1402 4825 1690 4898; x_wconf 78' lang='grc' dir='ltr'>εὑρεθῆναι</span> <span class='ocrx_word' id='word_1_675' title='bbox 1717 4840 1863 4879; x_wconf 78' lang='grc' dir='ltr'>νενε-</span> 
     </span>
    </p>
   </div>
   <div class='ocr_carea' id='block_1_97' title="bbox 285 4917 1864 4995">
    <p class='ocr_par' dir='ltr' id='par_1_97' title="bbox 285 4917 1864 4995">
     <span class='ocr_line' id='line_1_97' title="bbox 285 4917 1864 4995; baseline -0.003 -19"><span class='ocrx_word' id='word_1_676' title='bbox 285 4922 588 4995; x_wconf 66' lang='grc' dir='ltr'>κρωμένον.</span> <span class='ocrx_word' id='word_1_677' title='bbox 632 4920 819 4991; x_wconf 76' lang='grc' dir='ltr'><strong>Τούτῳ</strong></span> <span class='ocrx_word' id='word_1_678' title='bbox 849 4919 927 4992; x_wconf 82' lang='grc' dir='ltr'><strong>τῷ</strong></span> <span class='ocrx_word' id='word_1_679' title='bbox 952 4919 1104 4990; x_wconf 80' lang='grc' dir='ltr'>ὅπλῳ</span> <span class='ocrx_word' id='word_1_680' title='bbox 1129 4924 1223 4971; x_wconf 77' lang='grc' dir='ltr'><strong>καὶ</strong></span> <span class='ocrx_word' id='word_1_681' title='bbox 1254 4918 1333 4990; x_wconf 83' lang='grc' dir='ltr'><strong>τῷ</strong></span> <span class='ocrx_word' id='word_1_682' title='bbox 1371 4919 1562 4992; x_wconf 83' lang='grc' dir='ltr'>τρόπῳ</span> <span class='ocrx_word' id='word_1_683' title='bbox 1592 4917 1864 4990; x_wconf 72' lang='grc' dir='ltr'>άναρῤὐε-</span> 
     </span>
    </p>
   </div>
   <div class='ocr_carea' id='block_1_98' title="bbox 285 5011 1863 5087">
    <p class='ocr_par' dir='ltr' id='par_1_98' title="bbox 285 5011 1863 5087">
     <span class='ocr_line' id='line_1_98' title="bbox 285 5011 1863 5087; baseline -0.002 -19"><span class='ocrx_word' id='word_1_684' title='bbox 285 5032 370 5070; x_wconf 85' lang='grc' dir='ltr'><strong>ται</strong></span> <span class='ocrx_word' id='word_1_685' title='bbox 421 5015 520 5087; x_wconf 81' lang='grc' dir='ltr'>μὲν</span> <span class='ocrx_word' id='word_1_686' title='bbox 565 5014 692 5078; x_wconf 80' lang='grc' dir='ltr'>τοὺς</span> <span class='ocrx_word' id='word_1_687' title='bbox 737 5013 966 5077; x_wconf 83' lang='grc' dir='ltr'>ἁλόντας</span> <span class='ocrx_word' id='word_1_688' title='bbox 1027 5011 1376 5084; x_wconf 76' lang='grc' dir='ltr'>αἰχμαλωσίᾳ</span> <span class='ocrx_word' id='word_1_689' title='bbox 1424 5011 1526 5077; x_wconf 81' lang='grc' dir='ltr'>τῆς</span> <span class='ocrx_word' id='word_1_690' title='bbox 1579 5011 1863 5065; x_wconf 75' lang='grc' dir='ltr'>εἰδωλολα-</span> 
     </span>
    </p>
   </div>
   <div class='ocr_carea' id='block_1_99' title="bbox 286 5103 1864 5183">
    <p class='ocr_par' dir='ltr' id='par_1_99' title="bbox 286 5103 1864 5183">
     <span class='ocr_line' id='line_1_99' title="bbox 286 5103 1864 5183; baseline -0.004 -19"><span class='ocrx_word' id='word_1_691' title='bbox 286 5110 471 5180; x_wconf 86' lang='grc' dir='ltr'>τρείας</span> <span class='ocrx_word' id='word_1_692' title='bbox 491 5122 508 5138; x_wconf 85' lang='grc'>⁶</span> <span class='ocrx_word' id='word_1_693' title='bbox 557 5108 841 5183; x_wconf 74' lang='grc' dir='ltr'>μερίζεται</span> <span class='ocrx_word' id='word_1_694' title='bbox 871 5106 930 5174; x_wconf 75' lang='grc' dir='ltr'>δὲ</span> <span class='ocrx_word' id='word_1_695' title='bbox 958 5107 1056 5178; x_wconf 77' lang='grc' dir='ltr'><strong>τὴν</strong></span> <span class='ocrx_word' id='word_1_696' title='bbox 1083 5105 1259 5177; x_wconf 72' lang='grc' dir='ltr'>ψυχὴν</span> <span class='ocrx_word' id='word_1_697' title='bbox 1293 5104 1508 5180; x_wconf 76' lang='grc' dir='ltr'>ἑτέραις</span> <span class='ocrx_word' id='word_1_698' title='bbox 1547 5103 1864 5177; x_wconf 80' lang='grc' dir='ltr'>θεαρέστοις</span> 
     </span>
    </p>
   </div>
   <div class='ocr_carea' id='block_1_100' title="bbox 290 5202 1149 5276">
    <p class='ocr_par' dir='ltr' id='par_1_100' title="bbox 290 5202 1149 5276">
     <span class='ocr_line' id='line_1_100' title="bbox 290 5202 1149 5276; baseline -0.01 -17"><span class='ocrx_word' id='word_1_699' title='bbox 290 5204 504 5276; x_wconf 76' lang='grc' dir='ltr'>βουλαῖς</span> <span class='ocrx_word' id='word_1_700' title='bbox 563 5202 655 5273; x_wconf 71' lang='grc' dir='ltr'><strong>καὶ</strong></span> <span class='ocrx_word' id='word_1_701' title='bbox 684 5204 1149 5272; x_wconf 82' lang='grc' dir='ltr'>άποσκοπὴσεσιν,</span> 
     </span>
    </p>
   </div>
   <div class='ocr_carea' id='block_1_101' title="bbox 356 5289 1866 5368">
    <p class='ocr_par' dir='ltr' id='par_1_101' title="bbox 356 5289 1866 5368">
     <span class='ocr_line' id='line_1_101' title="bbox 356 5289 1866 5368; baseline -0.003 -17"><span class='ocrx_word' id='word_1_702' title='bbox 356 5294 427 5368; x_wconf 81' lang='grc' dir='ltr'><strong>η’.</strong></span> <span class='ocrx_word' id='word_1_703' title='bbox 449 5294 696 5366; x_wconf 77' lang='grc' dir='ltr'>Ἐπειδὴ,</span> <span class='ocrx_word' id='word_1_704' title='bbox 722 5295 782 5351; x_wconf 81' lang='grc' dir='ltr'><strong>τὸ</strong></span> <span class='ocrx_word' id='word_1_705' title='bbox 821 5293 914 5348; x_wconf 77' lang='grc' dir='ltr'><strong>τοῦ</strong></span> <span class='ocrx_word' id='word_1_706' title='bbox 968 5293 1158 5359; x_wconf 73' lang='grc' dir='ltr'>Δαϐὶδ,</span> <span class='ocrx_word' id='word_1_707' title='bbox 1186 5294 1500 5365; x_wconf 84' lang='grc' dir='ltr'>καταμόνας</span> <span class='ocrx_word' id='word_1_708' title='bbox 1555 5289 1694 5348; x_wconf 78' lang='grc' dir='ltr'>εἶναι</span> <span class='ocrx_word' id='word_1_709' title='bbox 1743 5293 1866 5347; x_wconf 85' lang='grc' dir='ltr'>λίαν</span> 
     </span>
    </p>
   </div>
   <div class='ocr_carea' id='block_1_102' title="bbox 286 5387 1862 5460">
    <p class='ocr_par' dir='ltr' id='par_1_102' title="bbox 286 5387 1862 5460">
     <span class='ocr_line' id='line_1_102' title="bbox 286 5387 1862 5460; baseline -0.001 -18"><span class='ocrx_word' id='word_1_710' title='bbox 286 5390 587 5460; x_wconf 73' lang='grc' dir='ltr'>ἠσπάζετο,</span> <span class='ocrx_word' id='word_1_711' title='bbox 617 5388 682 5443; x_wconf 74' lang='grc' dir='ltr'>τὸ</span> <span class='ocrx_word' id='word_1_712' title='bbox 729 5387 787 5442; x_wconf 84' lang='grc' dir='ltr'>δὲ</span> <span class='ocrx_word' id='word_1_713' title='bbox 819 5387 1201 5460; x_wconf 77' lang='grc' dir='ltr'>φιλάνθρωπον</span> <span class='ocrx_word' id='word_1_714' title='bbox 1250 5387 1676 5458; x_wconf 82' lang='grc' dir='ltr'>ἀντεφιλονείκει</span> <span class='ocrx_word' id='word_1_715' title='bbox 1707 5403 1862 5460; x_wconf 81' lang='grc' dir='ltr'>περι-</span> 
     </span>
    </p>
   </div>
   <div class='ocr_carea' id='block_1_103' title="bbox 285 5477 1868 5554">
    <p class='ocr_par' dir='ltr' id='par_1_103' title="bbox 285 5477 1868 5554">
     <span class='ocr_line' id='line_1_103' title="bbox 285 5477 1868 5554; baseline -0.001 -18"><span class='ocrx_word' id='word_1_716' title='bbox 285 5483 490 5538; x_wconf 64' lang='lat' dir='ltr'><strong>atde</strong></span> <span class='ocrx_word' id='word_1_717' title='bbox 537 5481 600 5534; x_wconf 74' lang='grc' dir='ltr'>τὸ</span> <span class='ocrx_word' id='word_1_718' title='bbox 627 5477 892 5553; x_wconf 74' lang='grc' dir='ltr'>βούλημα,</span> <span class='ocrx_word' id='word_1_719' title='bbox 928 5482 1028 5553; x_wconf 83' lang='grc' dir='ltr'><strong>τὴν</strong></span> <span class='ocrx_word' id='word_1_720' title='bbox 1077 5480 1246 5551; x_wconf 81' lang='grc' dir='ltr'>καλὴν</span> <span class='ocrx_word' id='word_1_721' title='bbox 1275 5481 1592 5551; x_wconf 74' lang='grc' dir='ltr'>οἰκονομίαν</span> <span class='ocrx_word' id='word_1_722' title='bbox 1627 5481 1868 5554; x_wconf 76' lang='grc' dir='ltr'>ἀμφοτέο</span> 
     </span>
    </p>
   </div>
   <div class='ocr_carea' id='block_1_104' title="bbox 291 5571 1868 5648">
    <p class='ocr_par' dir='ltr' id='par_1_104' title="bbox 291 5571 1868 5648">
     <span class='ocr_line' id='line_1_104' title="bbox 291 5571 1868 5648; baseline -0.001 -20"><span class='ocrx_word' id='word_1_723' title='bbox 291 5593 405 5648; x_wconf 85' lang='grc' dir='ltr'>ροις</span> <span class='ocrx_word' id='word_1_724' title='bbox 455 5574 721 5631; x_wconf 83' lang='grc' dir='ltr'>κάλλιστα</span> <span class='ocrx_word' id='word_1_725' title='bbox 775 5573 1102 5644; x_wconf 78' lang='grc' dir='ltr'>διατίθησιν.</span> <span class='ocrx_word' id='word_1_726' title='bbox 1162 5571 1331 5637; x_wconf 83' lang='grc' dir='ltr'>Εἰδὼς</span> <span class='ocrx_word' id='word_1_727' title='bbox 1384 5572 1493 5642; x_wconf 82' lang='grc' dir='ltr'><strong>γὰρ</strong></span> <span class='ocrx_word' id='word_1_728' title='bbox 1547 5573 1611 5626; x_wconf 84' lang='grc' dir='ltr'>τὸ</span> <span class='ocrx_word' id='word_1_729' title='bbox 1666 5571 1868 5638; x_wconf 65' lang='grc' dir='ltr'>ἰδιάζον</span> 
     </span>
    </p>
   </div>
   <div class='ocr_carea' id='block_1_105' title="bbox 288 5665 1868 5741">
    <p class='ocr_par' dir='ltr' id='par_1_105' title="bbox 288 5665 1868 5741">
     <span class='ocr_line' id='line_1_105' title="bbox 288 5665 1868 5741; baseline -0.001 -18"><span class='ocrx_word' id='word_1_730' title='bbox 288 5669 696 5741; x_wconf 79' lang='grc' dir='ltr'>ἀσφαλέστερον</span> <span class='ocrx_word' id='word_1_731' title='bbox 725 5666 826 5739; x_wconf 66' lang='grc' dir='ltr'>μιν</span> <span class='ocrx_word' id='word_1_732' title='bbox 855 5667 949 5720; x_wconf 73' lang='grc' dir='ltr'><strong>καὶ</strong></span> <span class='ocrx_word' id='word_1_733' title='bbox 980 5668 1278 5738; x_wconf 84' lang='grc' dir='ltr'>ἀτάραχον,</span> <span class='ocrx_word' id='word_1_734' title='bbox 1304 5669 1415 5730; x_wconf 74' lang='grc' dir='ltr'>τοῖς</span> <span class='ocrx_word' id='word_1_735' title='bbox 1448 5666 1505 5720; x_wconf 70' lang='grc' dir='ltr'><strong>δὲ</strong></span> <span class='ocrx_word' id='word_1_736' title='bbox 1537 5665 1746 5731; x_wconf 60' lang='grc' dir='ltr'>πολλοῖς</span> <span class='ocrx_word' id='word_1_737' title='bbox 1768 5667 1868 5721; x_wconf 79' lang='grc' dir='ltr'>οὐκ</span> 
     </span>
    </p>
   </div>
   <div class='ocr_carea' id='block_1_106' title="bbox 291 5759 1870 5832">
    <p class='ocr_par' dir='ltr' id='par_1_106' title="bbox 291 5759 1870 5832">
     <span class='ocr_line' id='line_1_106' title="bbox 291 5759 1870 5832; baseline -0.001 -17"><span class='ocrx_word' id='word_1_738' title='bbox 291 5762 494 5832; x_wconf 77' lang='grc' dir='ltr'>ἄτυφον</span> <span class='ocrx_word' id='word_1_739' title='bbox 546 5759 932 5831; x_wconf 77' lang='grc' dir='ltr'>νομιζόμενον·</span> <span class='ocrx_word' id='word_1_740' title='bbox 974 5759 1035 5813; x_wconf 73' lang='grc' dir='ltr'>τὸ</span> <span class='ocrx_word' id='word_1_741' title='bbox 1081 5759 1137 5813; x_wconf 76' lang='grc' dir='ltr'>δὲ</span> <span class='ocrx_word' id='word_1_742' title='bbox 1185 5760 1521 5822; x_wconf 76' lang='grc' dir='ltr'>κοινωνικὸν,</span> <span class='ocrx_word' id='word_1_743' title='bbox 1550 5759 1870 5831; x_wconf 79' lang='grc' dir='ltr'>ταραχῶδες</span> 
     </span>
    </p>
   </div>
   <div class='ocr_carea' id='block_1_107' title="bbox 293 5852 1870 5926">
    <p class='ocr_par' dir='ltr' id='par_1_107' title="bbox 293 5852 1870 5926">
     <span class='ocr_line' id='line_1_107' title="bbox 293 5852 1870 5926; baseline 0.001 -20"><span class='ocrx_word' id='word_1_744' title='bbox 293 5855 390 5925; x_wconf 68' lang='grc' dir='ltr'>μὲν</span> <span class='ocrx_word' id='word_1_745' title='bbox 420 5854 512 5908; x_wconf 78' lang='grc' dir='ltr'><strong>καὶ</strong></span> <span class='ocrx_word' id='word_1_746' title='bbox 544 5852 976 5926; x_wconf 81' lang='grc' dir='ltr'>σφαλερώτερον,</span> <span class='ocrx_word' id='word_1_747' title='bbox 1011 5852 1113 5907; x_wconf 76' lang='grc' dir='ltr'>οὐκ</span> <span class='ocrx_word' id='word_1_748' title='bbox 1160 5853 1391 5925; x_wconf 78' lang='grc' dir='ltr'>ἄμισθον</span> <span class='ocrx_word' id='word_1_749' title='bbox 1418 5853 1502 5915; x_wconf 81' lang='grc' dir='ltr'><strong>δὲ,</strong></span> <span class='ocrx_word' id='word_1_750' title='bbox 1541 5853 1665 5907; x_wconf 72' lang='grc' dir='ltr'>οὐδὲ</span> <span class='ocrx_word' id='word_1_751' title='bbox 1704 5855 1870 5926; x_wconf 71' lang='grc' dir='ltr'>ἀκερ-</span> 
     </span>
    </p>
   </div>
   <div class='ocr_carea' id='block_1_108' title="bbox 785 5948 804 5960">
    <p class='ocr_par' dir='ltr' id='par_1_108' title="bbox 785 5948 804 5960">
     <span class='ocr_line' id='line_1_108' title="bbox 785 5948 804 5960; baseline 0 0"><span class='ocrx_word' id='word_1_752' title='bbox 785 5948 804 5960; x_wconf 79' lang='grc' dir='ltr'><strong>ΙΙ</strong></span> 
     </span>
    </p>
   </div>
   <div class='ocr_carea' id='block_1_109' title="bbox 296 5943 1863 6022">
    <p class='ocr_par' dir='ltr' id='par_1_109' title="bbox 296 5943 1863 6022">
     <span class='ocr_line' id='line_1_109' title="bbox 296 5943 1863 6022; baseline 0.022 -51"><span class='ocrx_word' id='word_1_753' title='bbox 296 5946 401 6015; x_wconf 51' lang='grc' dir='ltr'><strong>δὲῃ</strong></span> <span class='ocrx_word' id='word_1_754' title='bbox 435 5949 724 6018; x_wconf 46' lang='grc' dir='ltr'><strong>πανσάφως</strong></span> <span class='ocrx_word' id='word_1_755' title='bbox 777 5948 916 6018; x_wconf 49' lang='grc' dir='ltr'>ἄγαν</span> <span class='ocrx_word' id='word_1_756' title='bbox 968 5946 1251 6022; x_wconf 56' lang='grc' dir='ltr'>ἀμφότερα</span> <span class='ocrx_word' id='word_1_757' title='bbox 1301 5943 1583 6018; x_wconf 67' lang='grc' dir='ltr'>κίρνησιν·</span> <span class='ocrx_word' id='word_1_758' title='bbox 1637 5945 1721 6002; x_wconf 71' lang='grc' dir='ltr'><strong>6τέ</strong></span> <span class='ocrx_word' id='word_1_759' title='bbox 1762 5945 1863 6018; x_wconf 72' lang='grc' dir='ltr'>μὲν</span> 
     </span>
    </p>
   </div>
   <div class='ocr_carea' id='block_1_110' title="bbox 1968 4640 3545 4721">
    <p class='ocr_par' dir='ltr' id='par_1_110' title="bbox 1968 4640 3545 4721">
     <span class='ocr_line' id='line_1_110' title="bbox 1968 4640 3545 4721; baseline -0.01 -15"><span class='ocrx_word' id='word_1_760' title='bbox 1968 4654 2050 4708; x_wconf 85' lang='lat' dir='ltr'><strong>leo</strong></span> <span class='ocrx_word' id='word_1_761' title='bbox 2082 4661 2205 4706; x_wconf 84' lang='lat' dir='ltr'><strong>ante</strong></span> <span class='ocrx_word' id='word_1_762' title='bbox 2231 4650 2526 4721; x_wconf 89' lang='lat' dir='ltr'><strong>pretiosam</strong></span> <span class='ocrx_word' id='word_1_763' title='bbox 2555 4663 2774 4702; x_wconf 89' lang='lat' dir='ltr'><strong>crucem</strong></span> <span class='ocrx_word' id='word_1_764' title='bbox 2814 4659 2974 4701; x_wconf 90' lang='lat' dir='ltr'><strong>mane</strong></span> <span class='ocrx_word' id='word_1_765' title='bbox 2997 4643 3149 4700; x_wconf 87' lang='lat' dir='ltr'><strong>humi</strong></span> <span class='ocrx_word' id='word_1_766' title='bbox 3199 4640 3545 4696; x_wconf 85' lang='lat' dir='ltr'><strong>inveniretur</strong></span> 
     </span>
    </p>
   </div>
   <div class='ocr_carea' id='block_1_111' title="bbox 1964 4730 3545 4802">
    <p class='ocr_par' dir='ltr' id='par_1_111' title="bbox 1964 4730 3545 4802">
     <span class='ocr_line' id='line_1_111' title="bbox 1964 4730 3545 4802; baseline -0.01 -3"><span class='ocrx_word' id='word_1_767' title='bbox 1964 4751 2136 4799; x_wconf 73' lang='lat' dir='ltr'><strong>titurtc</strong></span> <span class='ocrx_word' id='word_1_768' title='bbox 2167 4743 2418 4799; x_wconf 74' lang='lat' dir='ltr'><strong>affectus.</strong></span> <span class='ocrx_word' id='word_1_769' title='bbox 2454 4741 2548 4796; x_wconf 91' lang='lat' dir='ltr'><strong>llis</strong></span> <span class='ocrx_word' id='word_1_770' title='bbox 2579 4741 2751 4796; x_wconf 88' lang='lat' dir='ltr'><strong>armis</strong></span> <span class='ocrx_word' id='word_1_771' title='bbox 2784 4747 2837 4794; x_wconf 85' lang='lat' dir='ltr'><strong>et</strong></span> <span class='ocrx_word' id='word_1_772' title='bbox 2877 4737 3126 4793; x_wconf 86' lang='lat' dir='ltr'><strong>moribus</strong></span> <span class='ocrx_word' id='word_1_773' title='bbox 3181 4735 3378 4789; x_wconf 87' lang='lat' dir='ltr'><strong>liberat</strong></span> <span class='ocrx_word' id='word_1_774' title='bbox 3419 4730 3545 4802; x_wconf 83' lang='lat' dir='ltr'><strong>qni-</strong></span> 
     </span>
    </p>
   </div>
   <div class='ocr_carea' id='block_1_112' title="bbox 1964 4826 3544 4907">
    <p class='ocr_par' dir='ltr' id='par_1_112' title="bbox 1964 4826 3544 4907">
     <span class='ocr_line' id='line_1_112' title="bbox 1964 4826 3544 4907; baseline -0.009 -15"><span class='ocrx_word' id='word_1_775' title='bbox 1964 4838 2088 4892; x_wconf 88' lang='lat' dir='ltr'><strong>dem</strong></span> <span class='ocrx_word' id='word_1_776' title='bbox 2112 4851 2230 4903; x_wconf 85' lang='lat' dir='ltr'><strong>eos,</strong></span> <span class='ocrx_word' id='word_1_777' title='bbox 2253 4835 2348 4907; x_wconf 85' lang='lat' dir='ltr'><strong>qui</strong></span> <span class='ocrx_word' id='word_1_778' title='bbox 2379 4837 2524 4907; x_wconf 84' lang='lat' dir='ltr'><strong>capti</strong></span> <span class='ocrx_word' id='word_1_779' title='bbox 2551 4843 2708 4891; x_wconf 88' lang='lat' dir='ltr'><strong>crant</strong></span> <span class='ocrx_word' id='word_1_780' title='bbox 2744 4849 2774 4888; x_wconf 88' lang='lat' dir='ltr'><strong>a</strong></span> <span class='ocrx_word' id='word_1_781' title='bbox 2802 4831 3121 4902; x_wconf 85' lang='lat' dir='ltr'><strong>captivitate</strong></span> <span class='ocrx_word' id='word_1_782' title='bbox 3153 4829 3336 4882; x_wconf 88' lang='lat' dir='ltr'><strong>cultus</strong></span> <span class='ocrx_word' id='word_1_783' title='bbox 3369 4826 3544 4880; x_wconf 84' lang='lat' dir='ltr'><strong>simn-</strong></span> 
     </span>
    </p>
   </div>
   <div class='ocr_carea' id='block_1_113' title="bbox 1964 4917 3548 4996">
    <p class='ocr_par' dir='ltr' id='par_1_113' title="bbox 1964 4917 3548 4996">
     <span class='ocr_line' id='line_1_113' title="bbox 1964 4917 3548 4996; baseline -0.006 -12"><span class='ocrx_word' id='word_1_784' title='bbox 1964 4933 2284 4996; x_wconf 77' lang='lat' dir='ltr'><strong>laeroruin;</strong></span> <span class='ocrx_word' id='word_1_785' title='bbox 2340 4931 2586 4983; x_wconf 90' lang='lat' dir='ltr'><strong>animum</strong></span> <span class='ocrx_word' id='word_1_786' title='bbox 2651 4938 2832 4981; x_wconf 84' lang='lat' dir='ltr'><strong>autem</strong></span> <span class='ocrx_word' id='word_1_787' title='bbox 2889 4923 3104 4981; x_wconf 85' lang='lat' dir='ltr'><strong>confert</strong></span> <span class='ocrx_word' id='word_1_788' title='bbox 3154 4922 3221 4978; x_wconf 89' lang='lat' dir='ltr'><strong>ad</strong></span> <span class='ocrx_word' id='word_1_789' title='bbox 3273 4921 3380 4976; x_wconf 88' lang='lat' dir='ltr'><strong>alia</strong></span> <span class='ocrx_word' id='word_1_790' title='bbox 3433 4917 3548 4975; x_wconf 83' lang='lat' dir='ltr'><strong>Deo</strong></span> 
     </span>
    </p>
   </div>
   <div class='ocr_carea' id='block_1_114' title="bbox 1962 5016 3050 5098">
    <p class='ocr_par' dir='ltr' id='par_1_114' title="bbox 1962 5016 3050 5098">
     <span class='ocr_line' id='line_1_114' title="bbox 1962 5016 3050 5098; baseline -0.006 -22"><span class='ocrx_word' id='word_1_791' title='bbox 1962 5032 2116 5098; x_wconf 70' lang='lat' dir='ltr'><strong>grata</strong></span> <span class='ocrx_word' id='word_1_792' title='bbox 2141 5023 2374 5078; x_wconf 86' lang='lat' dir='ltr'><strong>consilia</strong></span> <span class='ocrx_word' id='word_1_793' title='bbox 2406 5029 2462 5075; x_wconf 91' lang='lat' dir='ltr'><strong>et</strong></span> <span class='ocrx_word' id='word_1_794' title='bbox 2496 5016 3050 5090; x_wconf 86' lang='lat' dir='ltr'><strong>contemplationem.</strong></span> 
     </span>
    </p>
   </div>
   <div class='ocr_carea' id='block_1_115' title="bbox 2035 5279 3542 5364">
    <p class='ocr_par' dir='ltr' id='par_1_115' title="bbox 2035 5279 3542 5364">
     <span class='ocr_line' id='line_1_115' title="bbox 2035 5279 3542 5364; baseline -0.01 -14"><span class='ocrx_word' id='word_1_795' title='bbox 2035 5295 2090 5350; x_wconf 84' lang='lat'><strong>8.</strong></span> <span class='ocrx_word' id='word_1_796' title='bbox 2112 5291 2249 5348; x_wconf 77' lang='lat' dir='ltr'><strong>Nam</strong></span> <span class='ocrx_word' id='word_1_797' title='bbox 2286 5291 2537 5364; x_wconf 85' lang='lat' dir='ltr'><strong>quoniam</strong></span> <span class='ocrx_word' id='word_1_798' title='bbox 2568 5289 2700 5344; x_wconf 80' lang='lat' dir='ltr'><strong>lilud</strong></span> <span class='ocrx_word' id='word_1_799' title='bbox 2734 5287 2904 5344; x_wconf 82' lang='lat' dir='ltr'><strong>divini</strong></span> <span class='ocrx_word' id='word_1_800' title='bbox 2939 5285 3161 5343; x_wconf 88' lang='lat' dir='ltr'><strong>Davidis</strong></span> <span class='ocrx_word' id='word_1_801' title='bbox 3193 5279 3542 5356; x_wconf 69' lang='lat' dir='ltr'><strong>singulariter</strong></span> 
     </span>
    </p>
   </div>
   <div class='ocr_carea' id='block_1_116' title="bbox 1963 5377 3547 5453">
    <p class='ocr_par' dir='ltr' id='par_1_116' title="bbox 1963 5377 3547 5453">
     <span class='ocr_line' id='line_1_116' title="bbox 1963 5377 3547 5453; baseline -0.008 -10"><span class='ocrx_word' id='word_1_802' title='bbox 1963 5396 2016 5444; x_wconf 82' lang='lat' dir='ltr'><strong>et</strong></span> <span class='ocrx_word' id='word_1_803' title='bbox 2045 5388 2217 5442; x_wconf 90' lang='lat' dir='ltr'><strong>solum</strong></span> <span class='ocrx_word' id='word_1_804' title='bbox 2249 5402 2370 5442; x_wconf 87' lang='lat' dir='ltr'><strong>esse</strong></span> <span class='ocrx_word' id='word_1_805' title='bbox 2397 5385 2552 5439; x_wconf 82' lang='lat' dir='ltr'><strong>valde</strong></span> <span class='ocrx_word' id='word_1_806' title='bbox 2583 5383 3034 5453; x_wconf 83' lang='lat' dir='ltr'><strong>amplectebatur,</strong></span> <span class='ocrx_word' id='word_1_807' title='bbox 3067 5379 3334 5436; x_wconf 83' lang='lat' dir='ltr'><strong>adversus</strong></span> <span class='ocrx_word' id='word_1_808' title='bbox 3365 5377 3417 5432; x_wconf 88' lang='lat' dir='ltr'><strong>id</strong></span> <span class='ocrx_word' id='word_1_809' title='bbox 3445 5391 3547 5430; x_wconf 89' lang='lat' dir='ltr'><strong>au-</strong></span> 
     </span>
    </p>
   </div>
   <div class='ocr_carea' id='block_1_117' title="bbox 1964 5473 3544 5550">
    <p class='ocr_par' dir='ltr' id='par_1_117' title="bbox 1964 5473 3544 5550">
     <span class='ocr_line' id='line_1_117' title="bbox 1964 5473 3544 5550; baseline -0.008 -12"><span class='ocrx_word' id='word_1_810' title='bbox 1964 5492 2069 5538; x_wconf 84' lang='lat' dir='ltr'><strong>tem</strong></span> <span class='ocrx_word' id='word_1_811' title='bbox 2098 5479 2462 5535; x_wconf 85' lang='lat' dir='ltr'><strong>contendebat</strong></span> <span class='ocrx_word' id='word_1_812' title='bbox 2499 5477 2807 5550; x_wconf 81' lang='lat' dir='ltr'><strong>benignitas</strong></span> <span class='ocrx_word' id='word_1_813' title='bbox 2833 5477 3168 5530; x_wconf 88' lang='lat' dir='ltr'><strong>voluntatem</strong></span> <span class='ocrx_word' id='word_1_814' title='bbox 3199 5473 3503 5546; x_wconf 87' lang='lat' dir='ltr'><strong>reprimens</strong></span> <span class='ocrx_word' id='word_1_815' title='bbox 3527 5509 3544 5535; x_wconf 89' lang='lat'><strong>,</strong></span> 
     </span>
    </p>
   </div>
   <div class='ocr_carea' id='block_1_118' title="bbox 1964 5563 3545 5646">
    <p class='ocr_par' dir='ltr' id='par_1_118' title="bbox 1964 5563 3545 5646">
     <span class='ocr_line' id='line_1_118' title="bbox 1964 5563 3545 5646; baseline -0.008 -16"><span class='ocrx_word' id='word_1_816' title='bbox 1964 5576 2174 5646; x_wconf 87' lang='lat' dir='ltr'><strong>optimo</strong></span> <span class='ocrx_word' id='word_1_817' title='bbox 2207 5583 2260 5627; x_wconf 92' lang='lat' dir='ltr'><strong>et</strong></span> <span class='ocrx_word' id='word_1_818' title='bbox 2294 5571 2545 5641; x_wconf 83' lang='lat' dir='ltr'><strong>prudenti</strong></span> <span class='ocrx_word' id='word_1_819' title='bbox 2590 5569 2824 5627; x_wconf 87' lang='lat' dir='ltr'><strong>consilio</strong></span> <span class='ocrx_word' id='word_1_820' title='bbox 2856 5581 3153 5640; x_wconf 87' lang='lat' dir='ltr'><strong>utrumque</strong></span> <span class='ocrx_word' id='word_1_821' title='bbox 3189 5577 3338 5621; x_wconf 83' lang='lat' dir='ltr'><strong>recte</strong></span> <span class='ocrx_word' id='word_1_822' title='bbox 3364 5563 3545 5619; x_wconf 86' lang='lat' dir='ltr'><strong>admi-</strong></span> 
     </span>
    </p>
   </div>
   <div class='ocr_carea' id='block_1_119' title="bbox 1969 5661 3546 5732">
    <p class='ocr_par' dir='ltr' id='par_1_119' title="bbox 1969 5661 3546 5732">
     <span class='ocr_line' id='line_1_119' title="bbox 1969 5661 3546 5732; baseline -0.004 -11"><span class='ocrx_word' id='word_1_823' title='bbox 1969 5667 2192 5721; x_wconf 86' lang='lat' dir='ltr'><strong>nistrat.</strong></span> <span class='ocrx_word' id='word_1_824' title='bbox 2225 5665 2360 5720; x_wconf 85' lang='lat' dir='ltr'><strong>Nam</strong></span> <span class='ocrx_word' id='word_1_825' title='bbox 2403 5681 2526 5719; x_wconf 90' lang='lat' dir='ltr'><strong>cum</strong></span> <span class='ocrx_word' id='word_1_826' title='bbox 2591 5667 2781 5730; x_wconf 86' lang='lat' dir='ltr'><strong>sciret,</strong></span> <span class='ocrx_word' id='word_1_827' title='bbox 2838 5681 3090 5720; x_wconf 83' lang='lat' dir='ltr'><strong>seorsum</strong></span> <span class='ocrx_word' id='word_1_828' title='bbox 3131 5661 3358 5732; x_wconf 77' lang='lat' dir='ltr'><strong>quidem</strong></span> <span class='ocrx_word' id='word_1_829' title='bbox 3401 5676 3546 5726; x_wconf 86' lang='lat' dir='ltr'><strong>esse,</strong></span> 
     </span>
    </p>
   </div>
   <div class='ocr_carea' id='block_1_120' title="bbox 1967 5751 3544 5831">
    <p class='ocr_par' dir='ltr' id='par_1_120' title="bbox 1967 5751 3544 5831">
     <span class='ocr_line' id='line_1_120' title="bbox 1967 5751 3544 5831; baseline -0.006 -16"><span class='ocrx_word' id='word_1_830' title='bbox 1967 5761 2138 5815; x_wconf 84' lang='lat' dir='ltr'><strong>tutius</strong></span> <span class='ocrx_word' id='word_1_831' title='bbox 2162 5767 2215 5814; x_wconf 88' lang='lat' dir='ltr'><strong>et</strong></span> <span class='ocrx_word' id='word_1_832' title='bbox 2239 5760 2412 5830; x_wconf 79' lang='lat' dir='ltr'><strong>magis</strong></span> <span class='ocrx_word' id='word_1_833' title='bbox 2442 5758 2855 5831; x_wconf 79' lang='lat' dir='ltr'><strong>perturbatione</strong></span> <span class='ocrx_word' id='word_1_834' title='bbox 2887 5773 3145 5823; x_wconf 85' lang='lat' dir='ltr'><strong>vacuum,</strong></span> <span class='ocrx_word' id='word_1_835' title='bbox 3170 5777 3198 5810; x_wconf 86' lang='lat' dir='ltr'><strong>a</strong></span> <span class='ocrx_word' id='word_1_836' title='bbox 3223 5751 3414 5809; x_wconf 85' lang='lat' dir='ltr'><strong>multis</strong></span> <span class='ocrx_word' id='word_1_837' title='bbox 3445 5769 3544 5807; x_wconf 67' lang='grc' dir='ltr'><strong>ειη-ς</strong></span> 
     </span>
    </p>
   </div>
   <div class='ocr_carea' id='block_1_121' title="bbox 1967 5848 3547 5921">
    <p class='ocr_par' dir='ltr' id='par_1_121' title="bbox 1967 5848 3547 5921">
     <span class='ocr_line' id='line_1_121' title="bbox 1967 5848 3547 5921; baseline -0.003 -14"><span class='ocrx_word' id='word_1_838' title='bbox 1967 5859 2074 5908; x_wconf 87' lang='lat' dir='ltr'><strong>tem</strong></span> <span class='ocrx_word' id='word_1_839' title='bbox 2107 5851 2159 5906; x_wconf 89' lang='lat' dir='ltr'><strong>id</strong></span> <span class='ocrx_word' id='word_1_840' title='bbox 2187 5851 2491 5906; x_wconf 81' lang='lat' dir='ltr'><strong>existimari</strong></span> <span class='ocrx_word' id='word_1_841' title='bbox 2539 5868 2650 5907; x_wconf 85' lang='lat' dir='ltr'><strong>non</strong></span> <span class='ocrx_word' id='word_1_842' title='bbox 2693 5867 2882 5908; x_wconf 86' lang='lat' dir='ltr'><strong>carere</strong></span> <span class='ocrx_word' id='word_1_843' title='bbox 2918 5851 3058 5906; x_wconf 75' lang='lat' dir='ltr'><strong>fusio</strong></span> <span class='ocrx_word' id='word_1_844' title='bbox 3097 5859 3151 5905; x_wconf 78' lang='lat' dir='ltr'><strong>ct</strong></span> <span class='ocrx_word' id='word_1_845' title='bbox 3194 5848 3547 5921; x_wconf 74' lang='lat' dir='ltr'><strong>armgantia.</strong></span> 
     </span>
    </p>
   </div>
   <div class='ocr_carea' id='block_1_122' title="bbox 1971 5943 3544 6005">
    <p class='ocr_par' dir='ltr' id='par_1_122' title="bbox 1971 5943 3544 6005">
     <span class='ocr_line' id='line_1_122' title="bbox 1971 5943 3544 6005; baseline -0.004 0"><span class='ocrx_word' id='word_1_846' title='bbox 1971 5943 2066 6005; x_wconf 85' lang='lat' dir='ltr'><strong>scd</strong></span> <span class='ocrx_word' id='word_1_847' title='bbox 2101 5943 2178 6001; x_wconf 90' lang='lat' dir='ltr'><strong>uti</strong></span> <span class='ocrx_word' id='word_1_848' title='bbox 2207 5945 2503 6003; x_wconf 81' lang='lat' dir='ltr'><strong>multorum</strong></span> <span class='ocrx_word' id='word_1_849' title='bbox 2530 5943 2931 6003; x_wconf 78' lang='lat' dir='ltr'><strong>consuetudine</strong></span> <span class='ocrx_word' id='word_1_850' title='bbox 2970 5954 3023 6002; x_wconf 88' lang='lat' dir='ltr'><strong>et</strong></span> <span class='ocrx_word' id='word_1_851' title='bbox 3061 5959 3122 6003; x_wconf 81' lang='lat' dir='ltr'><strong>se</strong></span> <span class='ocrx_word' id='word_1_852' title='bbox 3156 5944 3241 6000; x_wconf 87' lang='lat' dir='ltr'><strong>eis</strong></span> <span class='ocrx_word' id='word_1_853' title='bbox 3297 5955 3544 5998; x_wconf 60' lang='lat' dir='ltr'><strong>commuto-</strong></span> 
     </span>
    </p>
   </div>
  </div>
