4108 6306
576 290 686 359 243

1834 288 2106 350 LEONIS
2143 286 2601 350 PHILOSOPHI

3731 288 3849 356 244

581 405 794 472 nicare,
824 402 1199 458 turbulentum
1254 400 1475 473 quidem
1516 408 1570 455 et
1618 400 2005 471 periculosius,
2058 400 2140 455 sed

2258 405 2372 466 τοῖς
2419 405 2587 458 πᾶσιν
2634 404 3148 476 ἀναστρεφόμενος,
3202 405 3289 459 ῐνα
3333 407 3576 480 κερδήσῃ
3629 407 3845 473 πάντας

578 512 690 553 non
730 509 917 551 carere
948 493 1195 549 mercede
1220 503 1273 549 et
1298 494 1546 556 utiiitate,
1575 491 1977 562 sapientissime
2005 500 2157 545 utra-

580 604 688 660 que
718 588 1057 653 commiscet,
1117 587 1409 657 aliquando
1444 587 1661 656 quidem
1735 595 1987 642 versatus
2029 601 2153 641 cum

578 682 854 745 omnibus,
887 688 945 735 ut
976 696 1169 735 omnes
1217 679 1571 735 lucrifaceret
1601 681 1642 710 “
1681 678 1887 735 Paulus
1918 679 2007 733 hic
2054 694 2156 733 no-

579 789 704 841 vus,
727 784 820 828 aut
848 774 1199 843 complures;
1233 772 1531 843 aliquando
1560 781 1742 826 autem
1777 787 2027 828 seorsum
2078 770 2156 824 la-

578 878 701 930 tens
734 868 789 922 in
818 865 1078 935 caligine,
1103 876 1156 921 et
1212 882 1385 936 purus
1426 880 1551 920 cum
1614 880 1754 937 puro
1802 875 2055 920 versatus
2087 864 2153 931 ¹³,

577 978 756 1018 novus
790 960 1022 1032 Moyses,
1073 960 1383 1014 animarum
1414 967 1467 1013 et
1494 960 1777 1022 mentium,
1823 973 1945 1028 qua:
1982 957 2149 1012 Deum

575 1056 783 1120 vident,
824 1053 1106 1123 legislator
1134 1061 1188 1109 et
1220 1051 1351 1107 dux.
1388 1050 1524 1105 liinc
1555 1065 1679 1106 cum
1735 1066 1888 1105 amor
1929 1049 2151 1106 divinus

574 1156 909 1214 superasset,
945 1145 994 1202 is
1024 1159 1280 1215 magnum
1319 1145 1463 1198 hunc
1488 1142 1882 1199 decertatorem
1919 1142 2150 1199 deducit

574 1238 641 1293 ad
666 1238 958 1308 quamdam
990 1240 1306 1309 speluncam
1348 1234 1721 1301 habitandam,
1758 1235 1814 1289 in
1855 1249 1964 1306 qua
1990 1234 2148 1289 bien-

573 1330 725 1384 nium
756 1329 1028 1385 iusomuis
1074 1328 1192 1384 fere
1226 1344 1516 1400 peragens,
1550 1327 1751 1383 divinae
1783 1328 2143 1385 scrutabatur

573 1418 896 1491 Scriptum,
924 1430 1034 1475 tam
1067 1422 1269 1477 veteris
1300 1436 1462 1492 quam
1496 1436 1671 1489 novae,
1703 1436 1825 1491 qua:
1856 1432 1984 1476 sunt
2020 1436 2148 1491 pro-

572 1510 925 1569 fundissima.
979 1514 1114 1569 Cum
1149 1524 1330 1569 autem
1373 1514 1544 1569 robur
1594 1514 1841 1584 corporis
1881 1515 2144 1570 voluntati

573 1604 769 1660 anima:
796 1619 903 1661 non
922 1604 1249 1670 suﬂecisset,
1281 1607 1424 1660 imus
1452 1616 1636 1661 venter
1665 1615 1844 1661 morte
1866 1605 2101 1661 aﬂicitur
2126 1624 2142 1675 ;

569 1707 624 1752 et
638 1711 764 1753 cum
797 1698 1022 1754 haberet
1051 1714 1210 1755 rencs
1239 1698 1439 1768 frigore
1468 1699 2053 1769 sauciatos,'lanquam
2086 1700 2139 1755 in

2261 495 2473 572 Παῦλος
2504 491 2657 559 οὗτος
2679 499 2706 550 6
2737 496 2877 563 νέος,
2914 497 2947 567 ἢ
2978 498 3261 562 πλείονας·
3292 498 3383 551 ὅτε
3429 498 3487 565 δὲ
3526 499 3852 569 ἰδιαζόντως

2257 588 2336 659 τῷ
2369 589 2552 660 γνόφῳ
2601 589 3007 663 κρυπτόμενος,
3042 590 3138 643 καὶ
3184 590 3439 661 καθαρῶς
3485 591 3564 661 τῷ
3610 591 3844 662 καθαρῷ

2258 680 2643 753 συγγινόμενος
2694 684 2722 736 6
2754 681 2873 745 νέος
2921 682 3181 754 Μωῦσῆς,
3234 683 3262 735 6
3315 682 3503 761 ψυχῶ)
3552 683 3648 737 καὶ
3700 682 3841 737 νόων

2254 775 2507 845 ὁρώντων
2536 774 2669 828 Θεὸν
2693 774 2990 845 νομοθέτης
3024 774 3119 827 καὶ
3143 774 3335 845 ὁδηγδς
3366 767 3839 847 καὶ”δημαγωγός.

2267 864 2548 921 Ἐντεῦθεν
2573 868 2601 921 6
2629 866 2769 930 θεῖος
2791 866 2930 937 ἔρως
2961 867 3356 937 ὑπερνικήσας,
3382 868 3506 935 ἄγει
3534 869 3622 923 τὸν
3660 870 3840 939 μέγαν

2252 962 2441 1015 τοῦτον
2464 961 2770 1030 ἀγωνιστὴν
2794 961 2871 1024 εἰς
2900 977 3044 1023 τινος
3083 960 3361 1031 σπηλαίου,
3386 960 3707 1032 κατοίκησιν
3725 978 3741 993 ⁸
3774 952 3840 1014 ἐν

2251 1048 2294 1124 ᾧ
2316 1055 2461 1124 διετῆ
2489 1054 2679 1127 χρόνον
2717 1053 2921 1117 ἄῦπνος
2966 1052 3162 1125 μικροῦ
3192 1036 3476 1120 δίανύσας,
3500 1054 3705 1125 ήρεύνα
3731 1055 3841 1125 τῆς

2252 1144 2402 1207 θείας
2430 1144 2672 1215 Γραφῆς,
2700 1145 2908 1213 Καινῆς
2928 1161 2987 1196 τε
3020 1144 3116 1199 καὶ
3148 1144 3416 1209 Παλαιᾶς,
3434 1141 3504 1199 τὰ
3534 1144 3835 1217 βαθύτατα.

2250 1236 2357 1291 Τοῦ
2396 1235 2462 1290 δὲ’
2512 1235 2829 1307 σωματικοῦ
2868 1236 3024 1289 τόνου
3051 1234 3130 1307 τῷ
3178 1236 3398 1308 ψυχικῷ
3446 1237 3714 1313 προθύμῳ
3753 1238 3841 1311 μὴ

2248 1328 2677 1400 ἐπαρκέσαντος,
2727 1327 3016 1399 νεκροῦται
3062 1325 3130 1382 τά
3177 1328 3541 1400 ὑπογάστρια,
3570 1330 3836 1393 καὶτοὺς

2247 1420 2479 1489 νεφροὺς
2511 1418 2589 1487 τῷ
2635 1419 2793 1491 κρύει
2844 1419 3297 1490 τραυματισθεὶς,
3348 1420 3601 1491 καθάπερ
3636 1420 3838 1491 λιμένα

2248 1512 2659 1583 καταλαμϐάνει
2689 1514 2790 1583 τήν
2820 1512 3139 1582 Ἀντιοχέων
3181 1512 3498 1583 ἐκκλησίαν.
3541 1507 3675 1566 Εἶτα
3712 1528 3839 1583 χει-

2247 1607 2545 1679 ροτονεῖται
2565 1605 2828 1668 διάκονος.
2856 1606 2945 1659 Ἐν
2962 1599 3043 1669 οἷς
3067 1604 3387 1677 διαπρέπων
3413 1604 3508 1658 ἐπὶ
3532 1592 3841 1660 ἕτεσιπέν-

2244 1715 2327 1765 τε,
2364 1697 2491 1761 τοὺς
2524 1698 2648 1767 περὶ
2670 1695 2990 1769 ἱερωσύνης,
3023 1699 3150 1764 τοὺς
3171 1698 3308 1769 πρὸς
3338 1698 3654 1773 Σταγείριον
3676 1700 3841 1770 τρεῖς

570 1796 790 1865 portum
822 1791 973 1846 venit
1018 1791 1084 1846 ad
1134 1790 1425 1847 ecclesiam
1484 1792 1902 1848 Antiochenam.
1939 1791 2140 1847 Deinde

2243 1790 2459 1858 λόγους,
2492 1788 2615 1852 τοὺς
2632 1790 2759 1860 περὶ
2779 1789 3186 1868 ἀκαταλήπτου,
3213 1789 3466 1863 καὶπρὸς
3491 1790 3837 1862 ’Δνομοέους,

566 1881 858 1936 ordinatur
883 1881 1173 1939 diaconus.
1205 1884 1324 1950 Quo
1348 1883 1403 1939 in
1435 1885 1627 1940 ordine
1666 1900 1726 1941 se
1754 1885 1999 1955 quinque
2041 1901 2141 1940 an-

2247 1882 2331 1937 ετι
2357 1899 2417 1937 τε
2447 1884 2574 1946 τοὺς
2621 1883 2750 1954 περὶ
2784 1882 3153 1939 συνεισάκτων
3182 1883 3243 1951 ἐξ
3275 1882 3606 1950 συνετάξατο
3632 1883 3838 1952 λόγους

568 1986 672 2030 nos
703 1975 965 2045 praeclare
999 1990 1215 2047 gerens,
1247 1978 1470 2048 scripsit
1493 1994 1587 2033 sex
1619 1978 1789 2034 libros
1829 1976 1903 2032 De
1930 1979 2260 2035 sacerdotio.
2301 1987 2414 2034 tres
2447 1978 2513 2032 ad
2565 1976 2885 2047 Stagirium,
2914 1978 3010 2051 qui
3060 1987 3191 2036 sunt
3231 1978 3484 2051 inscripti
3516 1978 3584 2035 de
3613 1977 3837 2034 incom-

568 2067 921 2140 prehensibili
990 2078 1046 2125 et
1110 2069 1175 2124 ad
1239 2070 1555 2139 Anomoeos,
1620 2081 1674 2127 et
1727 2086 1822 2128 sex
1876 2079 2137 2142 praeterea
2164 2071 2232 2128 de
2260 2069 2676 2125 iutroductitiis.

638 2162 693 2219 9.
727 2161 835 2217 bed
866 2161 979 2232 jam
1004 2160 1072 2216 ad
1098 2161 1279 2232 magni
1301 2160 1528 2217 Joannis
1552 2162 1604 2216 in
1633 2163 2011 2234 presbyterum
2053 2178 2149 2218 or-

492 2312 495 2313 .
566 2256 910 2313 dinationem
958 2269 1058 2311 nos
1104 2269 1311 2310 vocans
1345 2255 1544 2322 oratio,
1607 2255 1828 2331 modum
1879 2256 2148 2311 enuntiet.

567 2350 704 2407 (lum
726 2348 1205 2419 Constantinopoli
1241 2356 1494 2404 mortuus
1546 2358 1697 2403 esset
1736 2347 2012 2415 Meletius,
2053 2348 2146 2418 qui

567 2456 638 2497 eo
674 2440 986 2497 veneratad
1016 2439 1464 2495 constituendum
1501 2455 1760 2510 magnum
1816 2440 1948 2495 illud
1984 2441 2147 2494 lumi-

568 2546 729 2597 nare,
759 2536 970 2602 'nempe
1016 2529 1341 2602 Gregorium
1387 2540 1747 2601 cognomento
1783 2530 2142 2603 Theologum,

566 2621 863 2687 Flavianus
910 2623 1127 2680 Meletio
1175 2624 1423 2679 succedit
1480 2623 1806 2679 Antiochitn.
1864 2624 1917 2681 Is
1962 2637 2143 2680 autem

563 2734 694 2775 cum
724 2718 994 2790 vigilaret,
1020 2726 1081 2773 ut
1112 2726 1503 2784 consueverat,
1536 2718 1772 2789 quadam
1808 2726 1971 2775 nocte
1994 2719 2145 2781 videt

563 2810 810 2867 divinum
840 2810 1158 2867 accessisse
1211 2810 1499 2883 angelum,
1530 2810 1622 2880 qui
1664 2811 1713 2866 ei
1738 2810 1966 2880 jubebat
1995 2812 2144 2867 ordi-

562 2920 701 2963 nare
755 2904 1049 2971 Joannem,
1096 2903 1290 2960 dicens
1333 2904 1579 2959 futurum
1618 2901 1886 2959 Joannem
1928 2906 2137 2960 novum

560 3013 659 3053 vas
687 2996 971 3056 electionis
1002 3017 1014 3052 :
1049 2996 1209 3063 Ecce,
1234 2995 1449 3060 dicens,
1477 3011 1578 3066 ego
1594 2997 1644 3051 ei
1678 2996 1745 3053 de
1777 2996 1880 3051 hoc
1908 2999 2140 3051 manda-

564 3101 680 3144 tum
711 3090 872 3156 dabo,
900 3099 955 3145 et
990 3088 1228 3145 obediet.
1252 3088 1333 3143 Ad
1366 3104 1529 3159 quem
1562 3089 1781 3160 quidem
1807 3104 1930 3143 cum
1956 3104 2143 3145 acces-

563 3194 725 3238 sisset
754 3184 1001 3256 angelus,
1024 3185 1072 3240 ei
1101 3183 1415 3250 mandavit;
1452 3186 1605 3254 prius
1657 3184 1904 3239 narravit
1934 3184 2139 3250 futura,

560 3285 618 3333 et
647 3291 993 3347 quaecunque
1016 3293 1113 3348 par
1145 3286 1231 3333 est
1279 3278 1465 3335 facere
1498 3294 1623 3335 eum
1665 3278 1761 3349 qui
1818 3277 2039 3335 divinus
2071 3280 2143 3334 sit

563 3369 838 3425 minister.
871 3368 1016 3425 Etut
1050 3372 1300 3441 pluribus
1321 3372 1709 3443 praetermissis
1747 3372 1931 3427 veniat
1962 3370 2142 3443 oratio

561 3458 631 3515 ad
656 3459 706 3515 id
738 3460 882 3530 quod
914 3470 1001 3516 est
1038 3462 1275 3519 maxime
1321 3461 1593 3530 mirabile,
1623 3462 1727 3518 hoc
1780 3461 1967 3517 faciat.
2003 3463 2138 3517 Cum

561 3542 796 3621 magnus
825 3561 879 3607 et
909 3552 1087 3608 hostia
1117 3562 1173 3610 et
1205 3550 1449 3625 pontifex
1480 3553 1642 3610 .lesus
1673 3554 1926 3609 Christus
1957 3551 2132 3609 Filius

562 3640 660 3699 Dei
689 3644 794 3700 tnci
820 3646 979 3715 aquis
1028 3656 1379 3717 purgaretur,
1418 3644 1580 3701 Pater
1624 3658 1869 3718 apparet,
1918 3649 1989 3703 ab
2028 3648 2140 3703 allo

558 3750 697 3799 voce
728 3738 1024 3795 testiﬁcaris
1043 3755 1165 3793 eum
1189 3754 1505 3810 germanum
1534 3756 1655 3794 esse
1673 3740 1892 3805 Filium,
1923 3750 1977 3797 ct
2011 3741 2137 3812 Spl-

563 3820 710 3884 ritus
734 3827 787 3883 in
820 3829 1089 3883 columbae
1126 3830 1309 3901 specie
1336 3831 1380 3863 ιι
1420 3847 1607 3885 vocem
1642 3832 1789 3885 illam
1819 3832 2134 3887 conﬁrmat.

561 3914 631 3972 Et
656 3918 781 3974 licet
803 3918 967 3973 alicui
994 3920 1172 3974 audax
1203 3919 1453 3976 videatur
1480 3922 1658 3976 oratio
1682 3935 1903 3993 preptcr
1925 3942 1987 3980 ea
2016 3943 2139 3998 qua}

560 4011 730 4066 audet
754 4010 1299 4082 dicerejuveniliter,
1331 4013 1420 4067 illa
1456 4015 1817 4085 proponimus
1850 4016 1916 4071 ad
1952 4034 2137 4075 recor-

559 4103 861 4161 dationem.
918 4105 1177 4173 Quaenam
1200 4107 1222 4160 ?
1246 4108 1405 4172 lllud,
1468 4107 1580 4180 Ego
1615 4110 1753 4175 dixi,
1783 4109 1873 4165 Dii
1902 4113 2050 4178 estis,
2082 4121 2138 4167 et

559 4197 695 4255 illud
732 4215 949 4264 rursus,
1006 4199 1053 4255 si
1089 4200 1256 4255 vultis
1291 4219 1304 4255 :
1336 4210 1385 4255 et
1418 4201 1521 4271 ﬁlii
1561 4202 1829 4258 ditissimi
1854 4220 2030 4259 omnes
2061 4205 2132 4271 υς

558 4297 617 4348 et
642 4302 768 4348 ante
798 4308 887 4357 ea,
911 4293 1139 4349 verbum
1176 4292 1318 4363 quod
1361 4304 1446 4350 est
1482 4312 1497 4350 :
1529 4295 1599 4348 ad
1630 4297 1914 4368 imaginem
1966 4308 2016 4352 et
2062 4300 2136 4354 si-

2319 2158 2385 2215 0'.
2423 2159 2566 2214 Ἀλλ’
2599 2162 2700 2233 ἤδη
2729 2159 2823 2214 καὶ⁹
2848 2158 2984 2230 πρὸς
3006 2156 3106 2230 τὴν
3131 2157 3227 2213 τοῦ
3256 2158 3629 2231 πρεσϐυτέρου
3654 2174 3838 2231 χειρο-

2240 2254 2425 2327 τονεαν
2486 2252 2581 2308 τοῦ
2630 2254 2868 2326 μεγάλου
2919 2252 3167 2307 Ἰωάννου
3216 2249 3722 2325 προσκαλουμένου,
3801 2254 3835 2307 6

2244 2348 2404 2415 λόγος
2434 2347 2524 2403 τὸν
2568 2348 2770 2419 τρόπον
2817 2345 3231 2416 άπαγγειλάτω.
3263 2346 3354 2400 Ἐν
3389 2347 3831 2401 Κωνσταντινου-

2246 2442 2397 2496 πόλει
2449 2442 2872 2513 τελευτήσαντος
2936 2438 3223 2501 Μελετεου,
3275 2442 3721 2511 παραγεγονότος
3768 2441 3832 2495 έν

2247 2535 2385 2605 αὐτῇ
2415 2534 2535 2587 τότε
2590 2534 2751 2604 χάριν
2789 2533 2889 2601 τῆς
2924 2530 3019 2586 τοῦ
3068 2531 3307 2607 μεγάλου
3361 2532 3685 2604 λαμπτῆρος
3727 2550 3834 2588 κα-

2244 2627 2559 2691 ταστάσεως
2614 2625 2938 2699 Γρηγορίου,
2988 2616 3031 2693 ᾧ
3084 2624 3375 2695 ἐπώνυμον
3425 2626 3459 2697 ή
3514 2624 3611 2679 τοῦ
3665 2625 3832 2696 λόγου

2246 2720 2480 2793 θειότης,
2508 2718 2805 2783 Φλαϐιανὺς
2838 2720 2894 2774 ἐν
2925 2720 2992 2790 τῇ
3015 2718 3336 2789 Ἀντιοχέων
3366 2719 3629 2773 Μελέτιον
3653 2719 3832 2775 διαδέ-

2244 2827 2421 2881 χεται.
2446 2802 2615 2873 Οὗτος
2643 2809 2699 2862 δὲ
2734 2808 2983 2879 συνήθως
3014 2808 3407 2880 ἐπαγρυπνῶν,
3440 2810 3499 2864 ὲν
3546 2811 3648 2882 μιᾷ
3670 2811 3827 2865 νυκτὶ

2246 2905 2390 2960 θεῖον
2442 2905 2547 2974 ὁρᾷ
2600 2902 3043 2973 παραγενόμενον
3088 2901 3354 2971 ἄγγελον,
3404 2902 3833 2974 ἐγκελευόμενον

2247 2995 2397 3067 αὐτῷ
2416 2988 2795 3068 χειροτονῆσαι
2816 2994 2909 3049 τὸν
2936 2994 3214 3065 Ἰωάννην,
3239 2994 3358 3049 νέον
3382 2994 3613 3069 ἐκλογῆς
3631 2996 3834 3061 σκεῦος

2248 3074 2471 3157 λέγοντα
2503 3088 2578 3152 ὡς
2610 3086 2760 3141 ἔσται
2790 3087 3079 3157 Ἰωάννηςο
3102 3086 3197 3141 καὶ
3231 3087 3314 3141 ὄτι
3350 3086 3484 3142 Ἰδοὺ
3508 3088 3823 3160 ἐντέλλομαι
3871 3074 3877 3078 ’

2244 3182 2341 3234 καὶ
2369 3178 2515 3249 αὐτῷ
2547 3180 2676 3251 περὶ
2706 3178 2922 3247 τούτου,
2952 3178 3048 3234 καὶ
3088 3178 3481 3235 ὑπακούσεται.
3512 3179 3631 3251 Ἐφ’
3670 3180 3730 3235 ὃν
3754 3181 3824 3254 δὴ

2243 3270 2635 3345 παραγεγονὼς
2657 3272 2684 3323 6
2711 3271 2944 3341 ἄγγελος
2969 3272 3293 3339 ἐνετέλλετο,
3323 3273 3669 3345 πρώιηγεῖτο
3694 3272 3829 3345 μέλ-

2240 3366 2301 3419 λο
2314 3365 2555 3431 κτα,ηκαὶ
2581 3366 2683 3425 ὅσα
2717 3364 2863 3428 εἰκὸς
2891 3364 2981 3418 τὸν
3012 3364 3156 3418 θεῖον
3187 3363 3361 3418 εἰπὼν
3396 3355 3826 3438 διακονήσασθαι

2241 3456 2577 3529 λειτουργόν.
2605 3457 2715 3511 Καὶ
2744 3458 2831 3511 ἵνα
2856 3455 2925 3511 τὰ
2951 3442 3180 3512 πλεῖστα
3204 3456 3580 3531 παραδραμὼν
3606 3461 3636 3513 6
3666 3459 3825 3530 λόγος

2244 3549 2381 3622 πρὸς
2437 3550 2499 3603 τὸ
2559 3545 3027 3621 θαυμασιώτερον
3069 3549 3335 3623 γένηται·
3396 3549 3558 3605 τοῦτο
3608 3550 3675 3623 δὴ
3728 3552 3829 3607 καὶ

2242 3645 2486 3699 ποιείτω.
2518 3642 2625 3696 Τοῦ
2672 3643 2913 3715 μεγάλου
2955 3642 3052 3697 καὶ
3102 3642 3343 3714 θύματος
3393 3644 3488 3699 καὶ
3518 3644 3827 3717 ἀρχιερέως

2240 3736 2418 3809 Ἰησοῦ
2450 3735 2688 3807 Χριστοῦ
2717 3736 2812 3790 τοῦ
2864 3734 2982 3790 υἱοῦ
3006 3736 3100 3789 τοῦ
3128 3735 3264 3789 Θεοῦ
3304 3735 3439 3806 ἐμοῦ
3481 3736 3823 3809 καθαιρομέ-

2240 3850 2331 3885 νου
2378 3834 2492 3894 τοῖς
2531 3829 2739 3895 ῦδασιν,
2772 3832 2799 3883 ὁ
2826 3828 3016 3901 Πατὴρ
3065 3828 3274 3883 ἄνωθεν
3317 3831 3469 3901 φωνῇ
3524 3827 3827 3901 μαρτυρῶν

2239 3925 2317 3996 τῷ
2348 3923 2462 3995 Υἱῴ
2494 3923 2554 3977 τὸ
2583 3924 2806 3995 γνήσιον
2851 3922 3231 3991 ἐπιφαίνεται·
3276 3922 3371 3976 καὶ
3399 3924 3735 3995 περιστερᾶς
3760 3924 3826 3984 ἐν
3888 3958 3891 3959 ν

2239 4019 2366 4071 εῖδει
2403 4019 2471 4071 τὸ·
2489 4014 2713 4087 Πνεῦμα
2741 4016 2802 4069 τὸ
2825 4016 3065 4086 ἀσφαλὲς
3104 4016 3317 4086 βεϐαιοί
3348 4016 3447 4087 τῆς
3474 4017 3676 4087 φωνῆς.
3707 4016 3828 4071 Καὶ

2238 4112 2287 4163 εἰ
2336 4109 2608 4180 τολμηρὸς
2637 4110 2665 4163 6
2706 4108 2885 4176 λόγος,
2935 4108 3019 4179 ἐφ’
3052 4103 3134 4171 οἷς
3164 4108 3265 4179 ἤδη
3308 4107 3585 4181 τολμῆσαι
3634 4099 3824 4163 νεανιὲ-

2236 4202 2443 4267 εύεται,
2476 4203 2661 4255 ἐκεῖνα
2684 4201 3013 4272 προτίθεμεν
3048 4202 3479 4274 εἱςλάνάμνησιν.
3511 4202 3681 4269 Ποῖα;
3716 4202 3833 4267 Τὸ,

2238 4294 2381 4365 Ἐγὼ
2400 4295 2537 4348 εἶπα
2555 4310 2568 4323 ·
2601 4294 2735 4347 Θεοί
2757 4296 2927 4358 ἐστε,
2953 4294 3045 4347 καὶ
3081 4294 3160 4359 τὸ,
3188 4296 3237 4348 εἰ
3268 4294 3449 4348 θέλετε
3473 4294 3635 4349 πάλιν
3665 4336 3680 4360 ,
3714 4294 3821 4349 καὶ

560 4371 915 4440 tnih'tudinem
943 4387 1022 4449 ¹⁶;
1060 4396 1114 4441 et
1142 4402 1482 4458 quacunque
1522 4388 1588 4443 ad
1623 4388 1886 4445 honorent
1918 4407 2131 4454 eorum,

2243 4389 2361 4466 υἱοὶ,
2404 4389 2687 4458 Ὑψίστου
2725 4387 2949 4454 πάντες
2970 4404 2983 4419 ο
3017 4389 3114 4441 καὶ
3144 4388 3250 4460 πρὸ
3278 4387 3503 4454 τούτων,
3534 4389 3643 4442 τὸν
3683 4387 3819 4442 κατ’

558 4476 653 4546 qui
682 4487 905 4532 servant
942 4492 1065 4547 quae
1094 4488 1222 4534 sunt
1276 4479 1555 4550 imaginis,
1611 4485 1836 4552 copiosa
1893 4483 2138 4553 providit

554 4569 766 4641 gratia.
816 4568 951 4625 Mihi
982 4581 1167 4627 autem
1199 4572 1289 4627 hic
1349 4590 1572 4645 quoque
1628 4575 1938 4633 considera.
1998 4578 2135 4633 Cum

559 4663 729 4734 igitur
746 4664 964 4719 adesset
994 4664 1129 4720 hora
1157 4667 1545 4731 ordinationis,
1573 4680 1627 4724 et
1655 4672 2005 4726 incruentum
2034 4688 2133 4741 pe-

557 4752 844 4827 rageretur
887 4757 1240 4826 sacrificium,
1279 4770 1332 4815 et
1362 4760 1595 4817 inferius
1637 4762 1921 4817 assisteret
1948 4764 2135 4819 multi-

556 4850 693 4905 tudo
720 4852 1161 4919 innumerabilis,
1187 4861 1241 4908 et
1268 4855 1445 4926 angeli
1474 4855 1715 4926 desuper
1757 4857 2131 4923 intuerentur,

557 4959 781 4999 manum
815 4944 1129 5015 imponente
1153 4947 1415 5017 episcopo
1446 4958 1501 5003 et
1535 4966 1727 5020 preces
1754 4950 1973 5006 dicente
2000 4966 2131 5015 con-

557 5047 770 5105 suetas,
822 5038 1030 5094 dicitur
1076 5041 1277 5096 factum
1310 5057 1435 5099 esse
1466 5043 1601 5100 illud
1639 5046 1873 5101 maxime
1931 5063 2132 5103 novum

558 5130 958 5200 spectaculum.
1011 5131 1145 5187 Alba
1225 5135 1481 5191 columba
1546 5146 1773 5213 repente
1843 5137 2131 5204 devolans,

557 5224 834 5294 quomodo
862 5224 975 5279 illic
1005 5240 1172 5294 supra
1202 5224 1390 5282 Jesum
1431 5245 1610 5285 meum
1635 5239 1689 5285 et
1715 5229 1905 5299 Deum,
1935 5233 2124 5307 inho-

557 5331 748 5371 norem
777 5316 915 5387 ejus,
951 5317 1039 5372 cui
1075 5333 1272 5377 manus
1324 5320 1412 5391 hic
1476 5312 1922 5394 imponebantur,
1980 5328 2132 5382 stetit

557 5425 723 5481 supra
758 5411 880 5480 ejus
924 5421 1111 5483 caput.
1147 5414 1263 5469 Hoc
1294 5414 1657 5472 admiratione
1697 5418 1922 5488 quidem
1970 5418 2154 5475 allicit

557 5514 613 5560 et
644 5504 940 5575 stupefacit
980 5522 1096 5571 eos,
1138 5506 1232 5577 qui
1262 5516 1393 5564 tunc
1429 5509 1678 5573 aderant,
1709 5512 1875 5567 simul
1901 5510 2133 5568 attrahit

557 5607 740 5655 autem
786 5613 883 5655 eos
925 5614 1145 5669 quoque
1195 5600 1287 5670 qui
1334 5601 1587 5659 audiunt.
1629 5597 1950 5661 Admiratur
2008 5608 2131 5662 uni--

555 5705 889 5756 versa,'non
928 5692 1105 5747 solum
1151 5709 1271 5763 quae
1312 5694 1630 5751 circumsita
1680 5708 1761 5753 est
1812 5701 1983 5770 regio,
2039 5702 2132 5759 sed

558 5787 724 5841 etiam
758 5786 1016 5841 universa
1048 5804 1165 5855 qua:
1196 5798 1349 5844 extra
1384 5788 1518 5846 ﬁnes
1550 5799 1635 5846 cst
1673 5792 1852 5864 Syria.
1892 5794 1984 5850 Sic
2016 5811 2135 5850 om-

2234 4482 2443 4536 εἰκόνα
2468 4481 2627 4550 λόγον
2653 4479 2753 4545 καὶ
2784 4482 2909 4535 καθ’
2933 4482 3222 4551 ὁμοίωσιν
3241 4497 3259 4513 ·
3289 4480 3385 4534 καὶ
3408 4481 3510 4534 ὅσα
3539 4482 3621 4545 εἰς
3647 4480 3818 4552 τιμὴν

2234 4574 2343 4629 τῶν
2389 4573 2774 4645 φυλασσόντων
2817 4574 2886 4627 τά
2913 4574 3012 4644 τῆς
3062 4573 3269 4638 εἰκόνος
3310 4575 3344 4646 ή
3390 4574 3624 4643 ἄφθονος
3654 4574 3821 4646 χάρις

2234 4669 2642 4741 ᾠκονομήσατο.
2670 4666 2872 4721 Σκόπει
2907 4684 2999 4737 μοι
3026 4666 3092 4737 δὴ
3132 4666 3434 4722 κάνταῦθα.
3468 4666 3609 4722 Ὅτε
3629 4667 3817 4721 τοίνυν

2233 4764 2268 4831 ή
2297 4760 2415 4834 ὥρα
2450 4761 2633 4833 παρῆν
2658 4761 2757 4831 τῆς
2787 4758 3145 4830 χειροτονίας,
3180 4760 3282 4832 τῆς
3324 4759 3667 4831 ἀναιμάκτου
3712 4760 3814 4813 θυ-

2236 4855 2359 4920 σίας
2387 4853 2742 4925 τελουμένης,
2788 4853 3027 4925 πλήθους
3057 4852 3288 4925 ἀπείρου
3345 4854 3499 4908 κάτω
3532 4869 3819 4925 παρεστη-

2234 4949 2413 5013 κότος,
2443 4947 2648 5002 άνωθεν
2678 4946 2930 5017 ἀγγέλων
2966 4946 3431 5011 ἐπισκοπούντων,
3470 4947 3566 5002 τοῦ
3589 4948 3819 5002 ἐπισκό-

2235 5061 2339 5097 που
2384 5040 2760 5114 χειρωθέντος,
2789 5040 2883 5094 καὶ
2910 5041 3010 5111 τὴν
3048 5038 3255 5112 συνήθη
3290 5039 3572 5106 ποιοῦντος
3627 5040 3817 5112 εὐχὴν,

2233 5136 2295 5190 τὸ
2313 5136 2631 5190 καινότατον
2655 5136 2832 5189 έκεῖνο
2857 5135 3137 5204 γεγονέναι
3166 5128 3349 5205 θέαμα
3371 5134 3592 5204 λέγεται
3610 5152 3627 5169 ο
3660 5135 3820 5205 ἄφνω

2236 5226 2541 5300 περιστερά
2569 5226 2734 5300 λευκὴ
2767 5228 3117 5294 καταπτᾶσα,
3145 5228 3398 5299 καθάπερ
3439 5230 3557 5282 ἐκεῖ
3590 5225 3686 5285 ἐπὶ
3718 5227 3817 5283 τοῦ

2239 5320 2377 5392 ἐμοῦ
2403 5320 2582 5393 Ἰησοῦ
2623 5321 2717 5388 καὶ
2745 5321 2903 5388 Θεοῦ,
2936 5324 3016 5385 εἰς
3057 5321 3225 5393 τιμὴν
3260 5320 3357 5377 τοῦ
3394 5322 3785 5395 χειροθετουμέ

2239 5433 2354 5484 νου,
2388 5414 2534 5489 ,ἔστη
2569 5414 2712 5485 ὑπὲρ
2757 5414 2854 5486 τῆς
2887 5413 3055 5470 αὑτοῦ
3104 5415 3372 5487 κεφαλῆς.
3404 5414 3576 5470 Τοῦτο
3615 5413 3817 5486 θαμϐει

2242 5509 2344 5582 μὲν
2398 5510 2524 5573 τοὺς
2566 5509 2689 5563 τότε
2753 5492 3027 5580 παρόντας
3076 5507 3450 5580 θεασαμένους
3494 5511 3589 5563 καὶ
3639 5526 3813 5562 κατα·

2239 5608 2483 5679 πλήττει,
2520 5606 2763 5660 συνέλκει
2792 5604 2994 5679 δὲτοὺς
3018 5605 3334 5669 ἀκούοντας.
3361 5603 3638 5679 Θαυμάῡζει
3661 5604 3813 5657 πᾶοα

2240 5702 2301 5754 οῦ
2337 5701 2495 5772 μόνον
2526 5702 2557 5771 ή
2603 5700 2930 5772 περίχωρος,
2959 5698 3097 5753 ἀλλὰ
3128 5698 3220 5752 καὶ
3258 5698 3293 5770 ή
3328 5697 3615 5771 ὑπερόριος
3661 5696 3815 5749 πᾶσα

2244 5794 2433 5867 Συρία.
2462 5784 2686 5848 Ἐθεντο
2711 5793 2903 5855 πάντες
2935 5793 2991 5845 ὲν
3016 5794 3081 5863 τῇ
3112 5791 3303 5863 καρδίᾳ
3330 5788 3523 5858 ταῦτα,
3539 5788 3814 5858 λέγοντες*

634 5876 678 5911 ¹¹
710 5877 728 5934 ι
769 5878 895 5935 Cor.
930 5895 1007 5947 ix,
1044 5879 1126 5939 l9.
1207 5884 1248 5913 ¹³
1274 5882 1447 5939 Exod.
1483 5899 1569 5951 xx,
1605 5883 1694 5941 ‘21.
1779 5886 1822 5919 ί*
1860 5885 2053 5943 Matth.
2091 5902 2140 5946 ιη

2249 5890 2322 5973 6..
2381 5889 2422 5922 ²¹
2456 5889 2601 5947 Psal.
2639 5900 2825 5954 unt,
2862 5883 2913 5940 6.
2996 5885 3039 5918 "
3064 5884 3199 5943 Gen.
3240 5900 3275 5953 ι,
3302 5881 3393 5939 26.
