4108 6306
288 315 394 382 245

971 322 1257 384 ORATIO
1281 324 1499 388 XVIII.
1543 353 1611 364 -
1638 327 2023 390 LAUDATIO
2055 330 2113 390 S.
2166 330 2486 392 JOANNIS
2522 331 2930 394 CIIRYSOST.

3455 309 3573 390 246‘

290 408 352 458 τι
387 408 496 478 ἄρα
538 409 700 464 ἔσται
740 409 816 479 τῷ
860 410 1104 499 Ἰωάννῃ.
1131 413 1213 465 ὅτι
1247 417 1310 466 ὲκ
1337 415 1638 484 προοιμίων
1682 419 1879 484 ἐφανε-

1997 433 2086 472 rtes
2117 421 2260 488 apud
2301 434 2360 474 se
2401 412 2747 490 icogitabattt.
2794 419 3042 474 dicentes
3071 416 3387 484 :Qnidnam
3434 430 3566 481 ergo

286 498 438 571 ρὼθη
463 501 525 553 ὲν
559 502 714 573 αὒτῷ
742 506 772 574 ή
798 503 926 570 δόξα
968 490 1209 573 κυρίους
1255 506 1351 559 Ἐκ
1389 507 1492 577 μὲν
1535 503 1630 561 οὖν
1658 508 1767 562 τῶν
1806 511 1885 562 εἰ·

291 599 551 674 ρημένων
581 599 641 666 ἡ,
694 597 783 666 ἐφ’
809 591 892 660 οἷς
925 595 1014 649 τὸν
1059 597 1259 651 οξκεῖον
1309 598 1628 672 λειτουργὸν
1668 601 1696 653 ὁ
1733 600 1885 672 παρὰ

283 686 448 751 δόξαν
474 689 694 759 ἀνδρῶν
734 690 811 752 είς
843 691 1011 760 τιμὴν
1049 690 1159 742 τῶν
1200 690 1364 744 αὐτοῦ
1399 691 1748 763 θεραπόντων
1790 694 1887 745 καὶ

284 779 444 845 δόξαν
488 782 751 850 οὐράνιος
785 785 919 854 τιμᾷ
953 782 1226 852 βασιλεὺς,
1254 783 1462 856 εὐφυὴς
1481 785 1595 838 τῶν
1623 786 1888 856 πραγμάο

284 884 391 923 των
427 871 735 938 ἀπόδειξις.
765 874 1032 927 Ἐνταῦθα
1074 873 1130 927 δὲ
1160 874 1252 928 τὸν
1294 875 1453 944 λόγον
1491 874 1664 948 βραχύ
1717 895 1769 930 τι
1799 877 1886 931 διά
1929 882 1932 884 ⁷

282 961 373 1012 τὸν
409 962 587 1032 κόρον
615 965 1186 1033 προσαναπαύσαντες,
1230 969 1339 1020 τῶν
1373 969 1501 1039 ἑξῆς
1547 969 1888 1041 προθυμοτέ·

286 1069 388 1124 ραν
415 1054 675 1126 ποιῶμεν
706 1057 801 1129 τὴν
825 1053 1405 1133 διεξάνυσιν.’Ἑπειδὴ
1432 1062 1530 1131 τῆς
1561 1063 1888 1133 οἰκουμένης

282 1150 311 1201 ό
362 1148 552 1218 μέγας
609 1150 835 1221 ἔμελλεν
886 1153 988 1223 ἠδη
1031 1154 1132 1222 τὴν
1184 1155 1522 1223 προστασίαν
1575 1157 1886 1226 προστάτης

284 1241 382 1296 καὶ
414 1243 626 1313 κριτὴς
671 1245 1054 1316 ἀναδέχεσθαι,
1087 1246 1167 1299 ἔτι
1195 1249 1308 1309 τοῖς
1349 1248 1536 1315 καλοῖς
1567 1249 1888 1319 προγυμνά-

284 1336 466 1399 ζεται.
505 1334 826 1391 Δωδέκατον
850 1336 958 1410 γὰρ
985 1338 1104 1402 ἔτος
1133 1337 1338 1403 ἀνύσας
1368 1342 1426 1393 ὲν
1448 1343 1513 1412 τῇ
1540 1340 1886 1412 Ἀντιοχέων,

282 1434 672 1503 ἀποσεμνύνει
696 1434 757 1488 τὸ
790 1435 1054 1506 ίερατεῖον
1092 1435 1168 1509 τῷ
1210 1435 1436 1509 καθαρῷ
1471 1438 1561 1491 τοῦ
1609 1439 1750 1510 βίον,
1783 1457 1885 1494 κα-

281 1523 498 1593 θαίρων
525 1528 630 1590 τὰς
651 1526 760 1581 τῶν
807 1527 1125 1606 βλεπόντων
1155 1528 1358 1599 ψυχὰς,
1403 1531 1753 1603 λαμπρότητι
1790 1531 1886 1587 τοῦ

284 1618 859 1692 λόγοισι-λαμπρύνων,
889 1621 1139 1690 ἁγιάζων
1180 1621 1280 1684 τὰς
1322 1622 1564 1686 διανοίας
1609 1624 1886 1691 ἁπάντων,

283 1711 459 1775 πολῦς
492 1714 582 1778 εἰς
604 1715 668 1767 τὸ
698 1715 934 1782 διδάξαι,
956 1780 958 1782 τ
979 1716 1152 1786 μέγας
1185 1717 1266 1780 εἰς
1302 1717 1402 1788 τὴν
1439 1717 1552 1770 τῶν
1576 1719 1888 1772 ἀκουόντων

280 1802 594 1872 ὠφέλειαν,
636 1807 716 1878 τῷ
756 1807 1014 1876 στύφοντι
1073 1807 1275 1879 μᾶλλον
1319 1808 1413 1862 τοῦ
1453 1810 1640 1880 ἤθους.
1681 1810 1715 1881 ἢ
1751 1810 1888 1865 αίδοῖ

283 1899 681 1970 χαριζόμενος,
733 1900 793 1954 τὸ
826 1899 922 1955 τοῦ
971 1900 1183 1966 λέοντος
1227 1901 1532 1967 πεπονθὼς,
1566 1904 1624 1956 ἐν
1678 1902 1757 1973 τῷ
1805 1903 1885 1956 δι-

285 1991 436 2062 καίῳ
477 1993 902 2066 διαφερόμενος,
935 1985 980 2063 ᾧ
1024 1997 1138 2057 τοῖς
1173 1995 1531 2065 νωθεστὲροις
1571 1995 1890 2061 ἀλαζονικδς

288 2082 610 2154 ἐνομίζετο.
642 2085 740 2148 Τίς
769 2085 914 2150 νοῦς,
950 2085 1032 2149 τίς
1060 2085 1217 2154 λόγος
1243 2086 1343 2149 τὰς
1373 2087 1565 2158 ἐκείνῳ
1605 2088 1741 2156 πρὸς
1781 2105 1891 2139 σω-

285 2176 496 2248 τηρίαν
530 2177 790 2232 ἀπάντων
827 2179 1202 2250 ὲξευρημένας
1246 2179 1401 2242 ὁδοὺς
1447 2185 1886 2251 πα-ραστήσειεν;

287 2265 366 2325 ὧν
392 2272 467 2326 τὰ
508 2272 743 2326 πλεῖστά
786 2265 918 2342 φασι
946 2273 1042 2342 καὶ
1082 2272 1244 2351 μέχρι
1291 2272 1393 2342 τῆς
1439 2273 1534 2325 νῦν
1580 2270 1887 2345 περισώζε-

292 2364 421 2418 σθαι
452 2365 526 2436 τῇ
575 2365 918 2435 ’Δντιοχέων.
966 2363 1367 2434 Ἀναγκάζεταί
1423 2382 1556 2419 ποτε
1610 2366 1760 2435 παρὰ
1793 2364 1890 2419 τοῦ

291 2443 575 2530 προέδρου
615 2457 860 2512 ἀνελθεῖν
903 2459 996 2512 ἐπὶ
1022 2457 1116 2512 τοῦ
1147 2457 1491 2528 ὀκρίϐαντος,
1524 2459 1620 2513 καὶ
1662 2459 1890 2530 σχεδίως

289 2549 515 2624 τῷλαῷ
539 2549 911 2628 ξξηγήσασθαι
935 2565 947 2579 °
979 2550 1073 2604 καὶ
1092 2550 1247 2622 μόλις
1275 2551 1398 2621 μὲν,
1415 2549 1505 2622 βίᾳ.
1525 2549 1582 2603 δὲ
1595 2551 1892 2621 ὃμωςπει-

293 2643 473 2709 σθεὶς,
507 2644 604 2698 καὶ
631 2643 940 2726 ἀρξάμενος
969 2643 1063 2698 τοῦ
1101 2642 1283 2713 λόγου,
1325 2643 1581 2698 ὑπόθεσιν
1613 2644 1774 2725 ἔχων,
1800 2645 1880 2707 είς

292 2732 356 2794 τὸ
384 2731 615 2803 πρῶτον
654 2733 774 2785 τότε
809 2730 1013 2800 ἐιπείν,
1046 2732 1142 2798 καὶ
1171 2735 1251 2799 είς
1280 2735 1370 2788 τὸν
1405 2735 1728 2802 ἐπίσκοπον,
1760 2730 1819 2790 οὗ
1858 2736 1892 2806 ἡ

293 2825 471 2895 ἀρχή·
513 2826 660 2896 Ἀρα
683 2823 860 2895 ἀληθῆ
889 2824 959 2877 τά
995 2824 1278 2899 συμϐάντα
1311 2826 1439 2897 περὶ
1481 2828 1649 2898 qua;
1686 2828 1894 2891 πάντας

295 2916 627 2989 ἐξέστησεν.
661 2919 891 2972 Ἐκτοτε
924 2919 1137 2981 πάντας
1163 2913 1328 2987 εἷλεν,
1362 2921 1455 2973 ἐπὶ
1497 2921 1665 2975 ’τοῦτο
1694 2909 1895 2987 πάντες

300 3011 629 3082 είσέρῤεονο
676 3011 1086 3082 κατελίμπανον
1137 3015 1437 3085 γεωργίας,
1474 3014 1694 3086 τέχνας,
1740 3015 1896 3081 ἐξου-

1971 503 2090 563 ’erit
2120 507 2339 574 .loanni,
2371 511 2515 578 quod
2545 510 2613 565 ab
2645 512 2804 563 initio
2836 510 2884 563 ci
2935 509 3189 580 apparuit
3239 510 3411 580 gloria
3461 507 3566 562 De-

1987 600 2163 654 mini?
2190 599 2366 670 Atque
2388 617 2454 656 ex
2479 602 2545 657 iis
2575 603 2794 672 quidem
2828 616 2948 669 quae
2997 601 3144 655 dicta
3189 608 3336 666 sunt,
3383 615 3563 656 rerum

1983 701 2066 748 est
2091 691 2492 748 demonstratio
2523 693 2888 757 admirabilis,
2916 693 2970 748 itt
3019 694 3105 748 his
3145 695 3352 764 quibus
3403 700 3564 749 suum

1987 782 2305 837 ministrum
2350 783 2596 846 honorat
2642 799 2752 852 pra:
2808 783 3098 836 hominum
3159 780 3419 852 Opinione
3471 794 3594 834 rex‘

1987 874 2256 942 cmlestis,
2307 873 2374 930 ad
2427 875 2658 944 gloriam
2703 882 2760 928 ct
2804 876 3068 928 honorem
3115 885 3306 927 eorum
3345 870 3436 940 qui
3490 869 3566 924 illi

1987 970 2323 1023 ministrant.
2359 968 2495 1022 Cum
2528 969 2616 1022 hic
2639 976 2821 1022 autem
2873 967 3145 1022 orationis
3177 981 3403 1020 cursntn
3439 978 3565 1034 pro-

1987 1054 2434 1130 ptcr'isatietatem
2457 1075 2749 1130 parumper
2762 1060 3090 1122 stiteritnus,
3112 1061 3178 1112 ad
3205 1073 3266 1112 ea
3284 1058 3571 1128 qutedeitt-

1987 1168 2120 1222 ceps
2136 1162 2564 1223 consequentur,
2591 1168 2882 1224 pergetnus
2901 1142 3162 1208 alacrius.
3183 1150 3452 1218 Quoniam
3475 1164 3572 1202 or-

1987 1245 2074 1302 bis
2103 1254 2266 1301 terra:
2291 1247 2568 1301 creandtts
2598 1253 2720 1301 erat
2755 1261 2991 1316 magnus
3028 1245 3261 1300 antistes
3291 1254 3343 1297 et
3371 1242 3570 1313 judex,

1989 1339 2076 1395 his
2111 1355 2330 1409 quoque
2359 1339 2518 1395 bonis
2545 1348 2599 1393 et
2636 1338 2885 1394 honestis
2912 1337 3064 1407 prius
3096 1347 3406 1392 exercetur.
3431 1336 3570 1389 Nam

1938 1434 1944 1440 ’
1990 1449 2112 1488 cum
2141 1431 2433 1486 duodecim
2467 1446 2640 1485 annos
2674 1429 3031 1500 transegisset
3067 1429 3349 1500 presbyter
3377 1427 3430 1502 in
3462 1425 3568 1478 Ec-

1988 1524 2156 1580 clesia
2195 1523 2559 1589 Antiochena,
2603 1523 2843 1592 puritate
2874 1522 2997 1576 vitae
3043 1521 3266 1574 decorat
3319 1517 3574 1576 sacerdo-

1991 1615 2149 1678 titttn,
2183 1628 2376 1669 eorum
2410 1614 2502 1684 qui
2561 1611 2822 1667 videbant
2873 1612 3089 1666 animas
3139 1596 3472 1680 espurgans,
3521 1618 3578 1662 et

1991 1711 2145 1766 verbi
2171 1709 2466 1781 splendore
2498 1714 2714 1763 mentes
2763 1705 3010 1760 omnium
3045 1688 3333 1760 illustratus
3361 1710 3417 1758 et
3447 1717 3578 1758 san-

1989 1808 2278 1871 ctiﬁcans;
2312 1807 2520 1859 multus
2543 1804 2597 1857 in
2630 1802 2903 1866 docendo,
2935 1815 3167 1870 magnus
3190 1798 3256 1854 ad
3284 1797 3584 1855 utilitatem

1988 1916 2178 1957 eorum
2237 1899 2329 1970 qui
2379 1898 2682 1955 audiebant
2767 1911 2983 1951 morum
3058 1895 3242 1966 potius
3300 1892 3578 1949 severitati

1990 2011 2153 2067 quam
2189 1994 2384 2066 pudori
2442 1992 2713 2055 serviens,
2748 1990 2929 2046 leonis
2965 1987 3222 2043 ﬁduciam
3284 1983 3580 2042 ostendens

1992 2088 2282 2159 iniustitia
2309 2105 2325 2154 ;
2361 2101 2468 2158 qua
2497 2084 2566 2141 de
2588 2099 2761 2140 causa
2801 2083 3183 2138 hebetioribus
3210 2068 3573 2135 existimaba-

1991 2191 2083 2237 tur
2117 2196 2384 2253 arrogans
2432 2187 2489 2235 ct
2520 2179 2798 2234 insolens“.
2860 2175 2992 2243 Quae
3025 2190 3200 2234 tuens.
3229 2189 3351 2243 qua:
3402 2173 3580 2228 oratio

1991 2276 2292 2333 ostendet-it
2314 2274 2449 2340 vias,
2479 2288 2599 2343 quae
2623 2271 2692 2327 ab
2725 2271 2819 2326 illo
2842 2269 3076 2326 inventa);
3101 2277 3230 2323 sunt
3258 2267 3323 2322 ad
3347 2266 3582 2322 salutem’

1979 2365 2274 2424 omnium?
2303 2380 2533 2437 quarum
2571 2364 2866 2435 plurimam
2923 2369 3144 2429 partem
3174 2361 3367 2415 dicunt
3401 2373 3586 2428 usque

1990 2466 2046 2521 in
2099 2465 2425 2519 hodiernum
2487 2461 2631 2521 diem
2684 2459 2895 2515 servari
2962 2458 3289 2514 Antiochiae.
3352 2456 3585 2528 Cogitur
3669 2523 3671 2525 ι

1992 2558 2285 2636 aliquando
2339 2556 2416 2612 ab
2463 2555 2715 2610 antistite
2767 2553 3031 2608 Flaviano
3095 2550 3397 2607 ascendere
3449 2565 3593 2621 θυαε

1992 2662 2233 2726 gestum,
2264 2661 2318 2707 et
2344 2664 2411 2706 ex
2439 2661 2694 2720 tempore
2747 2647 2952 2717 populo
2993 2660 3310 2717 exponere;
3342 2645 3434 2699 vix
3463 2652 3585 2698 tan-

1993 2748 2138 2808 dem.
2174 2746 2223 2801 vi
2260 2756 2580 2814 persuasus.
2607 2749 2732 2796 cum
2766 2741 2985 2796 dicendi
3008 2740 3248 2810 cepisset
3278 2751 3586 2807 argumen-

1997 2848 2138 2904 tum,
2190 2836 2334 2907 qttod
2366 2849 2517 2890 nunc
2571 2833 2813 2904 primum
2872 2832 2976 2886 sibi
3037 2832 3113 2886 sit
3162 2830 3478 2894 dicendum,
3528 2836 3587 2882 et

1994 2932 2240 3004 episcopi
2299 2931 2420 2984 loco
2453 2927 2616 2998 cujus
2671 2935 2758 2982 est
2813 2940 3036 2991 munus,
3104 2925 3301 2994 incipit
3360 2940 3376 2978 :
3441 2921 3581 2977 Num

1996 3039 2126 3081 vera
2167 3029 2297 3079 sunt
2350 3037 2471 3092 quae
2531 3020 2691 3075 nobis
2740 3017 3113 3073 acciderunt?
3167 3015 3347 3071 affecit
3390 3019 3615 3072 omnes

302 3103 448 3169 σίας,
519 3104 817 3192 διοικήσεις
861 3107 1101 3170 ἁπάσας,
1142 3107 1207 3171 ἃς
1251 3106 1359 3161 οἶδε
1398 3109 1601 3173 πολλὰς
1647 3112 1896 3180 ἐμποιεῖν

2000 3116 2385 3172 admiratione.
2422 3115 2503 3169 Ab
2534 3129 2599 3169 eo
2649 3122 2893 3187 tcmpqre
2940 3125 3134 3167 omnes
3180 3121 3443 3181 praeterea
3496 3118 3588 3163 ato.

301 3200 414 3260 τοῖς
445 3193 766 3267 ἀνθρώποις
805 3200 838 3270 ἠ
873 3202 1121 3281 περὶδετὸγ
1167 3201 1507 3274 πολύμοχθον
1553 3201 1745 3258 τοῦτον
1784 3205 1899 3274 βίον

305 3288 602 3357 πολυειδὴς
632 3291 976 3361 περιπέτειαι.
1005 3293 1201 3347 {team
1240 3298 1334 3348 καὶ
1359 3296 1459 3358 τὰς
1491 3297 1661 3360 ἀκοὰς
1694 3299 1896 3369 Ἀρκα-

303 3381 418 3435 Bion
453 3381 553 3435 τοῦ
589 3383 854 3453 βασιλέως
886 3385 918 3453 ἠ
961 3388 1091 3454 περὶ
1126 3385 1292 3440 αὐτοῦ
1339 3389 1526 3460 φήμηο
1561 3389 1655 3442 καὶ
1683 3392 1711 3443 ὁ
1742 3389 1901 3460 βασι-

306 3474 432 3540 λεὺς
462 3475 810 3534 διανίσταται
837 3478 937 3550 τὴν
976 3477 1175 3550 ψυχὴν,
1207 3481 1369 3551 ἔρωτι
1402 3481 1531 3555 θείῳ
1563 3483 1660 3536 καὶ
1695 3484 1902 3556 φίλτρῳ

306 3572 405 3642 τῆς
432 3571 632 3625 τούτου
665 3570 794 3635 θέας
827 3573 1320 3644 περισπαζόμενος.

382 3753 438 3808 ι’.
475 3750 640 3805 Ἀλλὰ
672 3737 874 3821 μεταξὺ
906 3753 1112 3806 τούτων
1147 3751 1338 3825 βραχεῖ
1374 3755 1517 3826 λόγῳ
1559 3756 1900 3830 παρελείφθη

315 3845 406 3904 τοῦ
438 3849 628 3922 λόγου,
659 3849 877 3920 μακρᾶς
910 3849 1564 3921 ἀσφαλείαςάνακύψασα
1596 3854 1901 3922 παίδευσις,

318 3942 476 4014 κοινὴ
532 3943 633 4011 μὲν
684 3941 880 4007 ἅπασι,
915 3940 1153 4011 μάλιστα
1202 3943 1260 3996 δὲ
1282 3946 1401 4008 ταῖς
1437 3944 1640 4016 ψυχαῖς
1663 3945 1773 3999 τῶν
1798 3947 1902 4001 ὑπὸ

318 4033 485 4106 ζυγὸν
513 4030 683 4089 ὄντων
704 4052 719 4066 ο
779 4034 1070 4106 προσέχειν
1098 4037 1154 4091 δὲ
1204 4037 1380 4102 ἀξιονο
1412 4039 1554 4111 Γυνή
1582 4040 1667 4104 τις
1708 4043 1903 4112 πρώτη

320 4131 426 4184 τῶν
449 4133 509 4184 ὲν
555 4131 858 4206 Ἀντιοχείᾳ
899 4131 991 4185 τδν
1022 4132 1136 4185 υίδν
1185 4132 1400 4205 λάϐρως
1429 4136 1766 4204 πυρέττοντα
1807 4137 1904 4191 καὶ¹

322 4224 840 4293 ἀπογινωσκόμενον
866 4224 990 4292 ἄγει
1038 4226 1177 4297 πρὸς
1206 4225 1402 4280 τοῦτον
1429 4227 1519 4280 τὸν
1559 4228 1767 4299 ἰατρὸν,
1803 4231 1903 4299 τὴν

322 4316 467 4371 ἴασιν
525 4316 950 4372 ὲπισπεύδουσα.
993 4318 1054 4372 '0
1111 4318 1190 4381 δὲ,
1220 4319 1418 4387 Τοῦτο,
1469 4321 1596 4393 ἔφη,
1628 4321 1762 4377 Θεοῦ
1804 4325 1903 4395 μέν

322 4412 437 4465 ἐστι
473 4411 566 4464 τοῦ
595 4410 1025 4477 ζωοποιοῦντοςο
1061 4412 1126 4466 σὺ
1165 4413 1245 4478 δὲ,
1282 4407 1326 4468 ὦ
1358 4415 1542 4484 γύναι,
1568 4418 1772 4489 ἀπέχου
1796 4419 1902 4472 τῶν

324 4506 610 4576 προτέρων
659 4507 1123 4578 παραπτωμάτων
1153 4524 1168 4539 ο
1218 4509 1328 4563 ἴσθι
1381 4510 1492 4582 γὰρ
1571 4513 1653 4567 ὅτι
1696 4513 1794 4566 καὶ
1851 4515 1902 4566 οἱ
1941 4501 1982 4555 θ

322 4595 498 4650 λοιποί
527 4613 621 4650 σου
653 4597 924 4671 τέσσαρες
953 4599 1078 4666 υἱοὶ,
1109 4598 1198 4654 διὰ
1235 4599 1335 4666 τὰς
1381 4602 1656 4673 ἁμαρτίας
1691 4621 1783 4657 σου
1815 4605 1909 4658 καὶ

325 4690 417 4743 τοῦ
471 4689 665 4761 ἀνδρός
714 4707 810 4744 σου
877 4690 1176 4760 τεθνήκασι
1231 4693 1370 4764 πρὸς
1421 4696 1672 4750 παιδείαν
1727 4697 1904 4769 ὑμῶν.

334 4784 562 4854 Ἔμελλε
585 4783 642 4838 δὲ
669 4785 764 4837 καὶ
790 4784 956 4848 αὑτός
977 4801 994 4817 ·
1022 4785 1158 4840 ἀλλὰ
1185 4787 1531 4860 διανάστητε,
1557 4790 1691 4845 ἀλλά
1725 4791 1909 4863 διανή-

327 4878 463 4945 ψατε
490 4895 505 4911 ·
543 4879 638 4931 καὶ
675 4877 737 4931 ού
768 4878 927 4948 μόνον
954 4877 1048 4932 τὸν
1089 4879 1257 4933 παῖδα
1288 4879 1489 4947 ζῶντα,
1518 4882 1653 4935 ἀλλά
1683 4884 1778 4936 καὶ
1804 4883 1907 4955 τὴν

329 4972 436 5024 τῶν
493 4973 745 5049 οὐρανῶν
791 4971 1135 5043 ἀπολήψεσθε
1193 4973 1492 5044 βασιλείαν.
1524 4973 1711 5029 Ταῦτα
1739 4976 1815 5041 ὡς
1841 4979 1906 5031 ὲκ

329 5063 597 5134 στόματος
621 5061 757 5116 Θεοῦ
780 5063 1110 5136 δεδεγμένοι,
1133 5067 1225 5119 καὶ
1252 5066 1373 5121 λίαν
1397 5067 1641 5138 εὐλασῶς
1670 5069 1906 5141 ὑποσχό-

335 5176 483 5229 μενοι
509 5159 613 5232 τὴν
646 5158 954 5230 διόρθωσιν,
1011 5161 1266 5232 παραυτά
1310 5163 1406 5216 καὶ
1443 5163 1532 5217 τὸν
1580 5164 1744 5218 παῖδα
1778 5166 1906 5237 ὑγιῆ

333 5251 866 5323 προσλαμϐάνουσιν.
910 5253 1051 5306 Ἀλλ’
1088 5249 1190 5308 ὧδε
1223 5255 1320 5324 μὲν
1349 5257 1376 5310 ὁ
1400 5255 1492 5309 τοῦ
1520 5255 1679 5325 λόγου
1707 5259 1906 5330 δρόμος

332 5341 463 5420 ἧκεν
508 5348 602 5401 ἐπὶ
652 5341 946 5401 τοσοῦτον·
979 5348 1232 5402 ἐντεῦθεν
1262 5350 1318 5404 δὲ
1352 5352 1481 5425 περὶ
1523 5351 1633 5405 τῶν
1656 5353 1722 5407 τὰ
1747 5355 1910 5425 Μαρ-

336 5440 528 5504 κίωνος
551 5438 854 5494 νοσούντων
881 5443 909 5495 ό
940 5441 1143 5512 τρόπος
1195 5443 1440 5512 λεγέσθω
1467 5445 1566 5515 τῆς
1601 5446 1753 5510 θείας
1782 5447 1906 5518 κρί-
1941 5516 1943 5519 ι

338 5549 492 5597 σεως.
522 5531 740 5605 Ταύτην
797 5534 848 5588 οἱ
890 5535 1172 5599 νοσοῦντες
1228 5537 1349 5590 τότε
1380 5537 1478 5607 τὴν
1501 5538 1675 5604 νόσον,
1711 5540 1772 5592 τὸ
1809 5539 1908 5610 μὲν

334 5624 453 5681 ὅθεν
504 5627 1022 5703 παρρησιασάμενοι
1074 5629 1304 5693 πολλοὺς
1359 5631 1749 5702 ἀποσύρουσιν,
1805 5634 1911 5704 ἤδη

336 5718 606 5792 λελέξεται
633 5739 648 5753 ο
680 5721 740 5776 τὸ
763 5722 818 5776 δὲ
850 5724 997 5794 ὅπως
1021 5724 1122 5794 τῆς
1152 5724 1247 5777 ἐπὶ
1274 5723 1503 5778 θάνατον
1545 5725 1906 5796 ἀναρῥύυνται
1936 5791 1941 5796 ε

338 5812 484 5874 πᾶσα
514 5815 554 5886 ὴ
580 5813 754 5878 πόλις,
784 5814 1031 5891 δεδόσθω.
1049 5817 1122 5886 τῷ
1154 5817 1301 5890 λόγῳ
1343 5818 1482 5888 πρὸς
1511 5818 1669 5884 δόξαν
1697 5820 1790 5872 τοῦ
1822 5819 1907 5874 λό’

340 5919 456 5974 γον.
519 5907 807 5981 Συνενόσει
860 5908 1068 5975 τούτοις
1127 5911 1181 5965 δὲ
1232 5913 1259 5965 ό
1296 5910 1775 5983 ἄρχωντὴννόσον
1810 5913 1904 5983 τῆς

2004 3211 2279 3274 trahebat,
2309 3222 2505 3263 omnes
2541 3205 2858 3270 afﬂuebant,
2897 3198 3288 3273 relinquebant
3339 3198 3583 3270 agricul-

2002 3314 2205 3366 turam,
2239 3311 2407 3366 artes,
2441 3307 2766 3370 potestates,
2793 3312 2986 3352 omnes
3037 3294 3581 3356 administrationes,

2001 3375 2140 3465 quas
2173 3394 2374 3446 multas
2407 3391 2564 3445 affert
2603 3389 2916 3444 hominibus
2949 3388 3238 3442 laboriosa:
3272 3387 3400 3441 vitae
3429 3385 3584 3438 varia

2000 3497 2054 3547 et
2089 3487 2370 3558 multiplex
2419 3485 2681 3540 conditio.
2722 3483 2804 3537 Ad
2839 3482 3057 3538 Arcadii
3090 3479 3441 3550 imperatoris
3483 3493 3590 3532 au-

2000 3595 2091 3636 res
2142 3579 2391 3650 pervenit
2466 3578 2628 3632 etiant
2685 3576 2806 3645 ejus
2876 3573 3048 3642 fama,
3095 3581 3151 3628 ct.
3199 3581 3413 3627 tenetur
3469 3571 3592 3641 ejus

2003 3675 2224 3730 animus
2262 3689 2464 3745 magno
2496 3672 2645 3728 illius
2670 3671 2890 3725 videndi
2928 3670 3230 3725 desiderio.

2076 3770 2160 3823 10.
2186 3768 2292 3825 Sed
2320 3770 2461 3823 inter
2485 3768 2598 3821 haec
2629 3766 2782 3822 brevi
2815 3766 3068 3820 oratione
3089 3772 3425 3827 assumatur,
3465 3777 3593 3831 qua:

2003 3876 2072 3918 ex
2091 3875 2284 3932 magna
2300 3859 2558 3915 cautione
2571 3857 2798 3913 emersit
2812 3857 3123 3930 castigatio,
3139 3855 3448 3910 communis
3463 3855 3588 3923 qui-

2003 3953 2126 4011 deut
2162 3953 2440 4019 omnibus,
2495 3953 2731 4007 maxime
2771 3959 2952 4005 autem
3003 3949 3206 4005 animis
3237 3963 3452 4010 eorum,
3491 3946 3589 4016 qtti

2004 4057 2133 4103 sunt
2165 4047 2268 4102 sub
2297 4045 2455 4116 iugo.
2495 4044 2688 4116 Operm
2735 4043 2967 4115 pretium
2997 4051 3081 4098 est
3110 4042 3423 4102 attendere.
3463 4039 3586 4094 Mn-

2005 4141 2108 4195 lier
2137 4140 2389 4210 quaedam
2478 4140 2653 4208 pritua
2715 4155 2779 4192 ex
2834 4138 2925 4203 iis,
2979 4152 3100 4206 quae
3176 4145 3333 4190 erant
3390 4134 3586 4188 Antio-

2007 4234 2167 4299 chiae,
2202 4233 2374 4288 lilium
2430 4234 2782 4287 vehementer
2838 4229 3268 4293 febricitantem,
3329 4236 3383 4281 et
3427 4219 3593 4297 plane

2007 4327 2356 4398 deploratum
2391 4325 2617 4381 adducit
2663 4326 2728 4379 ad
2775 4326 2922 4379 hunc
2953 4325 3254 4394 sapientem
3287 4321 3583 4384 medicum,

2008 4420 2224 4475 instans
2290 4427 2347 4474 ut
2411 4434 2536 4473 eum
2588 4426 2831 4474 curaret.
2885 4419 2980 4473 ille
3024 4425 3208 4472 autem
3253 4414 3440 4472 dixit:
3476 4412 3592 4468 Hoc

2011 4514 2230 4585 quidem
2291 4521 2376 4568 est
2431 4511 2527 4568 Dei
2567 4511 2922 4568 viviﬁcantis.
2975 4511 3056 4565 Tu
3094 4523 3244 4574 vero,
3296 4522 3332 4563 ο
3368 4492 3590 4569 mulier,

2004 4609 2226 4662 abstine
2249 4623 2276 4659 a
2311 4605 2420 4663 tuis
2453 4607 2733 4678 prioribus
2758 4606 3002 4668 delictis,
3041 4604 3187 4659 scias
3228 4601 3373 4659 cnint
3423 4611 3592 4656 ett-te-

1991 4717 2106 4758 res
2163 4716 2383 4772 quoque
2443 4709 2567 4757 tuos
2601 4706 2840 4769 quatuor
2880 4696 3045 4759 filios,
3110 4706 3335 4767 propter
3367 4704 3592 4766 peccata

2012 4805 2103 4853 tua
2136 4803 2189 4852 et
2221 4793 2404 4849 mariti
2437 4793 2537 4859 ttti,
2569 4807 2693 4848 csse
2718 4801 2966 4846 mortuos
2985 4789 3052 4844 ad
3084 4800 3322 4844 vestram
3341 4787 3593 4858 discipli-

2013 4905 2161 4944 nam.
2195 4888 2326 4942 Erat
2356 4895 2537 4942 autem
2569 4885 2660 4941 hic
2684 4899 2908 4956 quoque
2937 4882 3279 4956 moriturus:
3321 4883 3415 4936 sed
3465 4896 3594 4937 sur:

2015 4981 2122 5052 gite
2143 4989 2205 5034 'et
2247 4978 2578 5050 resipiscite,
2605 4987 2660 5032 et
2696 4993 2805 5030 non
2829 4977 3008 5030 solum
3041 4954 3454 5030 lilium'vivtttu.
3492 4973 3588 5029 scd

2012 5072 2177 5126 etiam
2218 5071 2484 5125 caelorum
2547 5084 2771 5138 regnum
2804 5066 3111 5137 accipietis.
3157 5063 3282 5121 Haec
3306 5081 3428 5119 cntn
3470 5074 3593 5120 tan-

2014 5181 2178 5236 quam
2210 5181 2277 5221 ex
2306 5181 2402 5221 ore
2421 5163 2513 5220 Dei
2541 5163 2977 5234 accepissent.et
3001 5177 3059 5218 se
3087 5177 3210 5219 esse
3243 5171 3588 5218 correcturos

2015 5268 2204 5313 sancte
2236 5265 2422 5314 essent
2457 5248 2714 5327 polliciti,
2759 5255 3012 5325 protinus
3044 5254 3214 5308 (ilium
3246 5269 3467 5324 quoque
3495 5269 3586 5308 sa-

2014 5367 2144 5408 num
2198 5350 2496 5421 accipiunt.
2555 5348 2660 5403 Sed
2705 5350 2993 5419 hucusque
3053 5347 3272 5419 quidem
3329 5349 3589 5420 prooedat

2014 5461 2213 5502 cursus
2243 5444 2531 5500 orationis.
2568 5441 2706 5499 Hinc
2749 5450 2933 5497 autem
2984 5441 3052 5497 de
3087 5443 3188 5506 eis,
3231 5443 3322 5510 qui
3357 5441 3586 5497 Marcio-

2015 5541 2103 5595 nis
2170 5539 2366 5612 morbo
2419 5538 2774 5601 laborabant,
2817 5537 3045 5596 dicatur
3104 5538 3381 5606 quodnam
3423 5537 3589 5592 fuerit

2009 5635 2255 5690 divinum
2311 5633 2606 5704 judicium.
2643 5635 2820 5703 Atque
2870 5631 2961 5703 qui
3003 5631 3108 5685 hoc
3150 5629 3369 5701 quidem
3396 5631 3588 5686 morbo

2012 5740 2141 5784 tunc
2163 5729 2503 5795 laborabant,
2541 5742 2781 5797 quanam
2815 5727 3033 5797 quidem
3070 5724 3262 5779 fiducia
3289 5724 3406 5779 l'rcti
3443 5725 3589 5779 tnul-

2010 5829 2094 5886 tos
2123 5819 2466 5874 attraherent
2519 5819 2748 5890 jamjatn
2786 5816 3033 5874 dicetur.
3071 5815 3364 5883 Quomodo
3397 5823 3584 5875 autem

2015 5930 2044 5970 a
2081 5913 2273 5976 morbo
2304 5912 2398 5986 qui
2462 5914 2720 5974 tendebat
2752 5915 2818 5970 ad
2847 5923 3078 5970 mortem
3104 5910 3336 5967 liberata
3365 5908 3438 5966 sit
3466 5915 3596 5969 tota.
