4086 6298
412 265 525 333 2t?
1650 266 1925 327 LEONIS
1953 265 2419 329 PHILOSOPHI
3594 247 3698 332 eis

411 382 632 441 civitas,
679 378 973 435 dicendum
1023 391 1107 435 cst
1164 380 1229 434 ad
1274 376 1438 433 Verbi
1489 380 1742 450 gloriam.
1802 379 2005 435 Eodem

2135 379 2342 444 πόλεως,
2379 381 2473 435 καὶ
2499 378 2637 453 αὕτη
2672 379 2899 454 ἀφορμὴ
2918 378 3012 434 τοῦ
3034 378 3210 435 κακοῦ
3233 378 3332 449 τῆς
3357 376 3695 449 προσθήκης.

412 472 758 543 nlorb0,quo
775 471 991 536 civitas,
1014 471 1292 526 laborabat
1323 473 1489 526 etiam
1516 488 1719 542 prmses
1734 472 1999 539 civitatis;

2135 472 2181 526 l‘i
2211 469 2305 526 οὖν
2340 475 2486 526 ποιεῖ
2520 476 2547 526 ὁ
2594 472 2702 527 τῶν
2752 472 2942 545 ψυχῶν
2970 473 3057 527 ἀεὶ
3095 472 3229 536 Θεὸς
3278 472 3375 544 τὴν
3422 472 3699 542 σωτηρίαν

412 574 467 619 et
494 565 943 621 haeceratcausa
974 565 1119 636 quod
1148 566 1351 619 malum
1376 567 1843 637 cresceret,quid
1872 582 2004 635 ergo
2114 564 2451 638 οίκονομῶνς
2534 610 2549 623 .
2629 611 2643 624 .
2725 609 2739 626 .
2823 607 2839 622 .
2921 609 2937 624 .
3012 604 3031 622 .
3110 605 3127 624 .
3205 606 3223 622 .
3301 606 3316 621 .
3394 602 3411 620 .
3493 606 3505 620 .
3588 602 3605 618 .
3682 601 3699 620 .

415 658 546 714 facit
587 656 752 725 Deus,
783 660 877 730 qui
912 658 1220 713 animarum
1256 658 1664 729 sempersaluti
1716 656 2006 729 providet?
2116 698 2134 713 .
2215 696 2231 712 .
2309 700 2323 714 .
2405 700 2419 715 .
2498 698 2516 717 .
2596 700 2610 714 .
2692 702 2705 715 .
2786 703 2799 718 .
2879 703 2895 717 .
2976 701 2991 716 .
3096 661 3317 715 Δείπει.
3399 697 3416 713 .
3494 696 3509 711 .
3587 697 3605 712 .
3682 692 3700 711 .

2116 698 2134 713 ο
2215 696 2231 712 ο
2309 700 2323 714 ο
2405 700 2419 715 ο
2498 698 2516 717 ο
2596 700 2610 714 ο
2692 702 2705 715 α
2786 703 2799 718 e
2879 703 2895 717 ο
2976 701 2991 716 ο

490 771 728 828 Uxorem
761 772 1017 843 praesidis
1054 770 1183 828 ferit
1214 774 1410 828 morbo
1433 774 1817 846 dysscuterize.
1852 773 1918 828 Et
1966 790 2029 829 ea
2066 776 2287 847 quidem
2316 793 2509 833 omnes
2550 780 2808 843 accersit,
2854 780 2986 834 nihil
3019 786 3200 832 autem
3237 777 3287 831 ei
3323 773 3573 845 prodest,
3605 773 3700 829 sed

412 873 564 928 omni
584 888 647 929 ex
685 882 839 942 parte
872 872 1082 927 auxilio
1125 871 1401 927 deﬁcitur.
1446 871 1652 927 Deinde
1684 872 1855 943 quid?
1886 872 2149 943 Confugit
2177 874 2243 927 ad
2279 874 2591 931 haereticos.
2616 874 2657 929 li
2684 892 2906 946 quoque
2944 860 3352 945 aggrediuntur
3416 872 3482 924 ad
3524 872 3696 924 trium

414 971 629 1026 dierum
666 984 842 1041 usque
869 969 1275 1039 precationem,
1315 983 1417 1024 nec
1450 968 1749 1040 quidquam
1784 960 2101 1039 proﬁciunt.
2135 969 2321 1026 Nescit
2353 986 2557 1026 rursus
2589 969 2721 1042 quid
2765 983 2890 1043 agat
2948 971 3184 1027 mulier:
3222 969 3445 1024 tandem
3506 968 3705 1023 statuit

420 1062 488 1120 ad
560 1062 739 1118 virum
786 1061 1032 1118 divinum
1097 1062 1418 1133 confugere.
1477 1062 1684 1118 Deinde
1741 1062 1793 1118 id
1879 1061 2013 1118 dicit
2066 1065 2267 1118 marito
2315 1080 2440 1131 suo,
2502 1066 2823 1135 persuadet.
2900 1044 3193 1119 Postremo
3253 1063 3409 1119 venit
3468 1064 3536 1117 ad
3606 1061 3701 1117 Dei

418 1174 664 1217 servum.
726 1154 969 1214 Joannes
1028 1157 1094 1213 de
1156 1156 1243 1213 his
1294 1156 1564 1227 disceptat
1624 1173 1747 1212 cum
1790 1159 2074 1229 episcopo,
2104 1157 2185 1213 eis
2230 1157 2482 1228 procedit
2515 1157 2756 1221 obviam,
2794 1174 2859 1213 ex
2892 1157 3129 1213 ecclesia
3171 1173 3371 1213 arcens
3432 1166 3698 1227 tanquam

416 1253 699 1326 indignos,
807 1251 993 1325 arguit
1063 1252 1343 1309 haereseos
1402 1240 1679 1323 :‘petunt
1731 1253 1837 1323 ipsi
1894 1253 2135 1314 veniam,
2198 1252 2583 1309 assentiuntur
2638 1252 2888 1317 veritati,
2962 1252 3201 1307 maxime
3247 1261 3430 1307 autem
3484 1249 3699 1305 ntulier.

414 1349 557 1407 Cum
620 1359 847 1405 sanctus
890 1364 1091 1420 aquam
1162 1349 1465 1414 attulisset,
1523 1358 1680 1419 rogat
1751 1351 2101 1421 episcopum,
2162 1359 2223 1405 ut
2281 1349 2431 1405 iacto
2499 1350 2791 1422 signaculo
2878 1349 3093 1405 mulieri
3152 1364 3353 1422 aquam
3424 1354 3714 1419 aspergat;

418 1445 537 1504 Hoc
560 1462 686 1504 cum
726 1444 933 1502 factum
968 1454 1137 1510 esset,
1164 1446 1348 1503 statim
1378 1447 1578 1501 mulier
1601 1446 1803 1518 accipit
1826 1447 2145 1517 sanitatem,
2182 1463 2405 1504 reversa
2432 1448 2550 1503 suis
2582 1446 2838 1517 pedibus,
2870 1452 2927 1502 et
2974 1445 3205 1517 pulchre
3226 1443 3440 1506 eil‘ecta,
3467 1442 3700 1497 reddens

419 1560 767 1619 quacunque
815 1554 935 1601 erat
958 1542 1227 1615 pollicita.
1265 1543 1378 1600 Hoc
1410 1542 1515 1600 fuit
1548 1544 1827 1601 haereticis
1850 1544 2136 1611 dedecori,
2169 1545 2371 1617 probro
2403 1552 2458 1600 et
2480 1543 2801 1612 alIlictioni;
2828 1551 2882 1599 et
2917 1557 3085 1597 causa
3116 1557 3217 1598 cur
3248 1538 3425 1595 virum
3452 1538 3725 1593 divinum,

418 1641 732 1700 maledictis
792 1642 1152 1697 incesserent.
1195 1641 1292 1698 llle
1322 1650 1504 1699 autem
1568 1639 1754 1697 omnia
1785 1643 2013 1715 quidem
2053 1644 2421 1716 despiciebat,
2456 1644 2549 1698 uni
2606 1641 2786 1699 solum
2824 1642 2896 1697 rei
2945 1642 3214 1703 intentus,
3249 1652 3445 1709 nempe
3482 1636 3698 1692 illorum

420 1736 614 1797 saluti.
663 1735 769 1793 Sed
800 1754 910 1793 non
941 1738 1327 1810 persuadebat.
1363 1736 1560 1794 Dolore
1581 1749 1765 1795 autem
1821 1740 2055 1798 affectus
2094 1749 2318 1813 propter
2351 1738 2665 1797 universam
2694 1739 2998 1804 civitatem,
3032 1736 3437 1793 lamentabatur
3463 1734 3655 1792 dicens
3684 1750 3698 1789 :

424 1835 485 1892 Si
516 1834 774 1891 Salvator
802 1835 1112 1892 maledictis
1145 1835 1552 1903 incessahatur,
1584 1837 1749 1910 idque
1780 1854 1904 1896 cum
1947 1836 2092 1897 Deus
2116 1847 2292 1905 esset,
2323 1841 2391 1894 ab
2415 1840 2685 1911 ingratis;
2714 1838 2807 1909 qui
2838 1837 2943 1891 hor.
2974 1850 3231 1906 magnum
3263 1836 3317 1890 in
3343 1848 3446 1889 nos
3470 1832 3702 1890 servos?

422 1930 600 2004 Spero
623 1939 805 1987 tamen
834 1928 951 1987 fore
978 1940 1039 1987 ut
1068 1929 1287 1986 illorum
1309 1944 1443 1988 casu
1483 1930 1627 1986 Deus
1655 1933 1974 1989 universam
2004 1934 2235 2006 castiget
2259 1933 2563 1988 civitatem.
2596 1930 2849 1986 Nondum
2872 1938 3056 1985 autent
3091 1944 3195 1983 nox
3231 1927 3591 1999 praterierat,
3647 1931 3701 1982 et

423 2040 587 2089 terra:
615 2036 764 2084 motu
788 2036 901 2085 tota
928 2029 1247 2086 concutitur
1270 2030 1487 2087 civitas.
1514 2029 1783 2089 Tenebris
1808 2032 2108 2088 involvitur
2127 2032 2428 2089 concilium
2464 2030 2872 2093 Itmreticorum,
2904 2028 2972 2082 ad
3001 2028 3178 2083 solum
3222 2040 3399 2096 usque
3427 2022 3701 2094 dejicitur,

419 2138 478 2187 et
507 2128 716 2201 quaevis
773 2128 976 2185 domus
1029 2129 1303 2198 haeretici;
1361 2138 1415 2186 et
1450 2130 1650 2186 domus
1708 2148 1903 2187 eorum
1952 2131 2091 2187 dunt
2140 2147 2337 2189 eorum
2394 2129 2677 2202 sepulcra,
2711 2128 2864 2183 nulla
2894 2126 3025 2181 laesa
3051 2124 3221 2179 domo
3245 2122 3703 2178 orthodoxorum.

422 2226 657 2298 Propter
705 2226 809 2283 hoc
844 2226 1278 2283 confirmabatur
1313 2228 1533 2295 civitas,
1564 2237 1618 2284 et
1654 2229 1964 2301 augebatur
2000 2226 2158 2296 tides,
2186 2238 2241 2285 et
2271 2229 2416 2283 Deus
2463 2225 2823 2281 laudabatur.
2874 2220 3017 2290 Quid
3056 2218 3362 2291 praeterea?
3394 2214 3527 2271 Post
3566 2215 3708 2269 hanc

422 2319 802 2377 admirabilem
837 2317 1247 2389 Omnipotentis
1268 2320 1671 2391 providentiam
1692 2331 1745 2377 et
1772 2321 2073 2391 judicium,
2104 2338 2217 2378 non
2249 2323 2477 2393 longum
2509 2320 2720 2376 etiluxit
2755 2328 2997 2387 tempus,
3039 2322 3095 2371 et
3125 2312 3366 2370 decessit
3411 2308 3709 2368 Nectarius

423 2416 657 2471 antistes
687 2414 1360 2487 Constantinopolitanus.
1419 2417 1709 2486 Quaerebat
1742 2427 1926 2476 autem
1979 2421 2213 2492 quilibet
2238 2435 2362 2477 eum
2402 2418 2668 2490 quiesset
2704 2417 2925 2485 dignus.
2952 2412 3089 2469 Cum
3119 2411 3264 2466 alius
3295 2424 3427 2466 vero
3462 2409 3533 2466 ab
3582 2408 3709 2466 aliis

425 2508 792 2580 praeferretur,
822 2516 917 2563 ant
944 2509 1110 2563 etiam
1144 2509 1542 2577 intruderetur,
1589 2510 1919 2584 imperatori
1948 2512 2128 2570 visum
2161 2522 2246 2569 est
2274 2521 2398 2586 post
2432 2512 2655 2582 longam
2687 2508 2756 2565 de
2814 2523 2874 2563 re
2908 2504 3401 2567 consultationem,
3436 2500 3705 2557 Joannem

424 2602 626 2658 deduci
662 2601 978 2667 Antiochia,
1034 2603 1297 2659 omnibus
1346 2608 1717 2663 communiter
1760 2592 2191 2682 suffragantibus
2215 2618 2271 2665 et
2322 2610 2398 2664 rei
2450 2616 2503 2664 et
2554 2606 2777 2662 litteris.
2820 2603 2948 2660 Haec
2970 2601 3257 2674 cognoscit
3290 2599 3621 2666 Antiochia;
3654 2608 3711 2654 et

426 2715 550 2772 qua:
583 2699 846 2769 deinceps
883 2700 1101 2770 quidem
1134 2713 1468 2773 sequuntur,
1501 2705 1726 2775 aggredi
1757 2714 1981 2763 veretur
2011 2708 2230 2764 oratio:
2265 2705 2620 2779 aggredietur
2649 2712 2855 2760 tamen.
2900 2700 3081 2773 quoad
3115 2699 3230 2754 fieri
3280 2698 3511 2769 poterit.
3571 2695 3708 2751 Cum

427 2799 695 2871 cogitaret
726 2799 1105 2869 unusquisque
1129 2814 1190 2855 se
1237 2800 1325 2856 sui
1355 2799 1485 2857 boni
1522 2800 1706 2858 facere
1728 2801 2027 2873 iacturam,
2061 2806 2130 2861 ad
2162 2814 2373 2860 tantam
2410 2804 2729 2859 excitantur
2755 2799 3109 2865 seditionem,
3150 2804 3211 2851 ut
3243 2796 3445 2851 timore
3479 2794 3714 2851 aﬂeetus

426 2897 679 2962 antistes,
706 2896 836 2951 dato
861 2896 1223 2966 jurejurando
1247 2898 1592 2969 persuaserit
1611 2901 1877 2957 omnibus
1906 2917 1968 2959 se
1999 2917 2117 2959 rem

504 2988 623 3065 [tl]
663 3005 790 3045 esse
822 2990 1253 3061 prohibiturum,
1291 2990 1487 3061 sicque
1522 2992 1611 3048 vix
1662 2993 1885 3049 tandem
1919 3009 2012 3049 se-

2196 2990 2415 3065 Ῐια’]....
2446 2987 2542 3045 τοῦ
2601 2988 2933 3064 πράγματος
2974 2983 3214 3041 κώλυσιν
3235 3002 3251 3016 ο
3278 2984 3374 3039 καὶ
3407 2981 3551 3038 οὕτω
3582 2999 3714 3037 κατ-

425 3087 525 3143 dat
553 3086 925 3153 seditionem;
974 3083 1042 3139 ad
1080 3084 1469 3158 imperatorem
1512 3094 1695 3141 autem
1726 3086 1923 3143 scribit
1950 3086 2022 3143 de

2135 3088 2343 3153 ευνάζει
2375 3084 2529 3157 μόλις
2561 3084 2625 3139 τδ
2677 3080 2989 3145 στασιάζον,
3019 3080 3117 3134 καὶ
3148 3078 3350 3151 γράφει
3390 3077 3467 3147 τῷ
3505 3075 3717 3147 βασιλεῖ

431 3179 731 3237 seditione.
767 3176 950 3232 Divini
1015 3178 1204 3249 itaque
1242 3178 1452 3233 stimuli
1492 3188 1545 3234 et
1590 3180 1844 3234 miraculi
1877 3181 2025 3235 desi-

2135 3178 2194 3233 ει
2215 3180 2315 3250 τῆς
2345 3176 2612 3239 στάσεως.
2674 3172 2941 3229 Βάλλεται
2991 3172 3171 3227 τοίνυν
3197 3171 3273 3242 τῷ
3294 3168 3387 3225 τοῦ
3416 3169 3563 3224 θείου
3584 3167 3713 3222 κέν-

427 3272 585 3330 derio
623 3272 821 3329 feritur
849 3288 950 3329 cor
982 3272 1335 3343 imperatoris
1390 3281 1445 3329 et
1481 3281 1711 3329 senatus
1738 3288 1865 3329 cum
1908 3273 2026 3329 luce

430 3364 796 3431 audivissent,
844 3375 898 3422 et
941 3374 1125 3422 erecto
1164 3373 1394 3438 tropaeo,
1453 3380 1675 3422 sacrum
1732 3365 1865 3423 illud
1909 3368 2029 3423 hel-

431 3460 543 3515 lutn
569 3459 934 3521 declinantes,
968 3473 1094 3513 cum
1118 3473 1233 3513 rem
1257 3474 1381 3529 qua:
1405 3458 1832 3515 desiderabatur
1859 3461 2027 3532 plane

429 3569 655 3611 auream
675 3569 740 3609 ex
758 3552 1101 3609 Antiochena
1124 3552 1346 3607 civitate
1369 3554 1798 3624 surripuissent,
1816 3556 2028 3612 donant

428 3646 934 3719 Constantinopoli.
1006 3646 1329 3714 Quomodo?
1401 3646 1604 3703 Comiti
1682 3648 2027 3706 Antiocheno

425 3742 580 3818 jubet
609 3743 937 3815 imperator,
974 3751 1033 3798 ut
1100 3744 1489 3812 ignorantibus
1551 3743 1816 3801 cornibus
1856 3742 2027 3801 Joan-

434 3853 563 3896 nem
600 3836 670 3893 ad
717 3854 779 3895 se
820 3845 1152 3893 accerseret.
1178 3836 1337 3904 Quod
1386 3853 1515 3893 cum
1549 3838 1773 3895 iecisset
1814 3853 2027 3907 comes,

439 3942 501 3990 et
529 3948 707 4006 usque
736 3929 807 3989 ad
838 3930 1107 4004 martyria
1137 3946 1261 4002 quae
1291 3939 1598 3989 suntextra
1636 3931 1911 3988 civitatem
1940 3947 2032 3988 sa-

445 4028 664 4099 pienter
695 4028 993 4085 admodum
1047 4028 1309 4083 traxisset
1345 4026 1638 4089 Joannem,
1673 4034 1729 4083 et
1752 4042 1901 4099 equo
1925 4027 2031 4082 im-

439 4121 682 4192 positum
720 4118 888 4177 celeri
914 4134 1079 4175 cursu
1111 4118 1454 4185 abduxisset,
1489 4120 1641 4175 dedit
1668 4119 1736 4175 iis
1758 4120 1855 4192 qui
1878 4118 2031 4175 desi-

438 4210 737 4270 derabant.
776 4208 917 4266 Cum
949 4218 1133 4265 autem
1167 4208 1323 4265 multi
1342 4210 1735 4267 convenissent
1759 4210 2028 4283 episcopi,

438 4304 795 4376 imperatoris
824 4302 1004 4375 parati
1032 4301 1433 4369 sollicitudine,
1458 4318 1584 4358 cum
1606 4302 1886 4375 episcopis
1908 4312 2030 4358 erat

2124 3294 2256 3351 τρου
2291 3275 2388 3330 καὶ
2432 3273 2715 3345 θαύματος
2755 3271 2906 3345 πόθῳ
2956 3271 3056 3340 τὴν
3087 3268 3317 3339 καρδίαν
3365 3267 3393 3319 ό
3435 3264 3712 3338 βασιλεὺς,

2128 3372 2285 3445 καὶὴ
2320 3368 2625 3439 σύγκλητος
2682 3365 2889 3421 τούτων
2928 3364 3287 3427 ἀκούσαντες,
3331 3361 3427 3415 καὶ
3466 3356 3715 3433 τροπαίῳ

2124 3464 2218 3518 τὸν
2244 3463 2392 3535 ἱερὸν
2418 3462 2627 3516 ἐκεῖνον
2676 3456 3027 3521 ἐκκλίναντες
3072 3455 3335 3527 πόλεμον,
3372 3454 3468 3506 καὶ
3500 3452 3565 3505 τὸ
3593 3452 3717 3505 ἐπι-

2128 3556 2474 3631 θυμούμενον
2543 3552 2783 3627 χρυσοῦν
2821 3551 2994 3615 ὅντως
3029 3552 3224 3622 χρῆμα
3276 3552 3378 3620 τῆς
3434 3545 3714 3618 Ἀντιόχου

2127 3646 2765 3719 λαφυραγωγησάμενοι,
2808 3643 2878 3714 τῇ
2910 3640 3327 3695 Κωνσταντίνου
3373 3636 3712 3713 χαρίζονται.

2129 3736 2255 3802 ῐῐῶς
2278 3754 2296 3805 ;
2316 3735 2408 3808 Τῷ
2430 3732 2979 3808 κόμητι’Δντιοχείας
3005 3732 3034 3784 ό
3063 3731 3311 3802 βασιλεὺς
3340 3726 3716 3800 ὲγκελεύεται,

2126 3832 2327 3905 ἀγνοίᾳ
2359 3830 2601 3893 πάντων,
2632 3828 2724 3884 τὸν
2763 3827 3022 3897 Ἰωάννην
3053 3824 3432 3897 παρακαλέσαι
3462 3826 3557 3881 καὶ
3586 3826 3718 3879 om.

2128 3922 2410 3992 δέξασθαι.
2435 3921 2543 3977 Καὶ
2571 3920 2732 3975 τοῦτο
2762 3920 2967 3992 δράσας
3006 3919 3036 3973 ὁ
3060 3916 3261 3991 κόμης,
3296 3919 3391 3974 καὶ
3414 3918 3577 3990 μέχρι
3608 3916 3718 3971 τῶν

2134 4016 2484 4090 μαρτυρείων
2510 4013 2615 4082 ἔξω
2656 4012 2759 4084 τῆς
2808 4012 3017 4076 πόλεως
3048 4009 3401 4083 παρελκύσας
3427 4010 3567 4079 ἄγαν
3597 4027 3718 4063 συν-

2130 4108 2269 4173 ετῶς
2314 4108 2410 4161 καὶ
2452 4105 2733 4180 φρονίμως
2764 4102 2857 4159 τὸν
2898 4103 3174 4174 Ἰωάννην,
3214 4104 3307 4159 καὶ
3335 4101 3413 4173 τῷ
3434 4102 3719 4176 όξυδρόμῳ

2131 4201 2634 4273 ἑφιππασάμενος,
2707 4200 2823 4262 τοῖς
2904 4195 3164 4251 ποθοῦσιν
3241 4196 3719 4269 ἀποκαθὲστηκεν.

2134 4291 2358 4365 Ἐπειδὴ
2408 4291 2467 4345 δὲ
2498 4290 2596 4346 καὶ
2620 4290 2931 4354 συνέλευσις
2958 4285 3029 4362 ἦν
3066 4290 3278 4344 πολλῶν
3308 4291 3627 4344 ἐπισκόπων
3658 4290 3723 4343 ἐκ

437 4358 604 4457 etiarnn
653 4358 1064 4455 [ilex‘a'ttdrinuts
1125 4397 1215 4455 ille
1243 4358 1607 4471 Theophilus,
1624 4358 1763 4471 fqui
1796 4358 2025 4455 ‘invidia

2140 4358 2425 4456 βασιλικῆς
2492 4382 2777 4458 φροντίδος
2830 4358 3391 4451 παρα-σκευασθεῖσα,
3454 4380 3554 4436 σὺν
3607 4383 3721 4444 τοῖς

438 4500 647 4562 motus,
678 4493 989 4549 conabatur
1010 4489 1246 4550 Joannis
1277 4494 1472 4567 glorize
1507 4496 1843 4563 detrahere;
1874 4496 2025 4567 quod

438 4583 593 4640 nulla
623 4585 677 4641 in
700 4600 827 4643 eum
850 4583 1074 4642 caderet
1094 4587 1471 4659 reprehensio,
1501 4587 1795 4644 tabescens
1823 4597 1879 4643 et
1897 4603 2026 4644 eum

440 4693 705 4735 recusans
722 4680 1159 4752 manuimposita
1175 4696 1523 4737 consecrare.
1554 4681 1805 4738 Vincitur
1840 4691 2027 4739 tamen

443 4772 533 4828 vel
569 4771 822 4840 invitus;
856 4787 1072 4844 semper
1125 4774 1273 4828 enim
1300 4774 1473 4829 vincit
1510 4774 1750 4845 Spiritus
1784 4785 2031 4832 sanctus.

444 4866 539 4924 Sic
586 4873 772 4924 autem
808 4867 1049 4924 vincitur
1080 4886 1095 4924 :
1132 4867 1287 4922 multi
1319 4883 1383 4922 ex
1414 4867 1483 4923 iis
1514 4867 1610 4937 qui
1656 4868 1845 4924 divino
1878 4876 2036 4923 erant

443 4959 564 5015 zelo
602 4958 834 5026 incensi,
874 4956 1163 5030 The0phili
1216 4958 1487 5012 malorum
1542 4958 1767 5014 liiadem
1810 4958 2037 5030 scriptis

449 5050 589 5109 satis
612 5051 839 5123 pulchre
864 5051 1217 5116 mandarunt,
1249 5065 1411 5122 quam
1444 5050 1665 5122 quidem
1690 5059 1821 5106 tunc
1846 5066 2040 5108 manus

449 5151 668 5207 tenens,
700 5143 797 5216 qui
830 5140 887 5198 in
917 5143 1280 5215 imperatorio
1313 5144 1521 5215 primas
1553 5150 1737 5213 partes
1758 5145 2039 5200 obtinebat

448 5251 733 5310 gynaeceo,
781 5237 829 5293 is
862 5249 1045 5293 autem
1081 5246 1204 5291 erat
1238 5236 1565 5309 Eutropius,
1610 5236 1916 5310 Theopltilo
1948 5256 2041 5295 os-

453 5332 629 5387 tendit
656 5331 848 5387 dicens
875 5350 889 5387 :
916 5332 1167 5389 Alterum
1190 5332 1428 5388 duorum
1454 5332 1615 5403 elige.
1652 5342 1713 5389 ut
1737 5336 1818 5390 vel
1842 5335 2037 5390 horum

451 5424 830 5487 convincaris,
865 5424 951 5481 vel
990 5425 1272 5497 impositis
1316 5426 1582 5484 manibus
1612 5425 1878 5483 Joannem
1911 5444 2045 5483 cono

451 5528 662 5572 secres.
697 5516 978 5573 Adversus
1015 5533 1142 5573 eum
1180 5534 1315 5588 ergo
1337 5518 1431 5589 qui
1466 5519 1596 5573 talia
1629 5534 1804 5575 ausus
1839 5518 2039 5581 fuerat,

451 5603 700 5678 Eutropii
757 5608 1049 5666 verborum
1092 5609 1360 5681 producta
1415 5612 1584 5677 acies,
1622 5613 1671 5667 vi
1700 5613 2036 5685 expugnavit

451 5696 762 5755 maleﬁcum
792 5698 1089 5771 periculosi
1122 5709 1178 5755 et
1223 5701 1485 5772 ancipitis
1521 5699 1716 5755 studii.
1759 5699 1882 5767 Quo
1909 5699 2063 5771 qui»

454 5788 585 5847 dem
624 5807 749 5847 cum
790 5792 846 5847 in
877 5790 1241 5863 'l'hcophilutn
1273 5808 1431 5848 acres
1484 5792 1597 5861 jam
1650 5791 1844 5847 iterent
1890 5806 2041 5861 qua:-

460 5880 702 5952 atlones,
736 5885 790 5942 iu
814 5885 977 5943 trivio
1006 5894 1423 5960 cogitationum,
1453 5896 1510 5941 ut
1532 5893 1612 5943 est
1647 5883 1701 5941 in
1725 5880 2041 5958 ptoverbio,

2138 4478 2457 4546 ἐπισκόποις
2485 4477 2580 4530 καὶ
2608 4478 2637 4529 ό
2674 4473 3084 4546 Ἀλεξανδρείας
3116 4475 3322 4537 ἐκεῖνος
3351 4473 3631 4543 Θεόφιλος,
3662 4474 3725 4538 ὃς

2136 4568 2394 4642 διασύραι
2420 4568 2521 4640 τὴν
2546 4570 2797 4623 Ἰωάννου
2851 4568 3029 4634 δόξαν,
3066 4568 3246 4639 φθόνῳ
3287 4566 3539 4634 κλαπεὶς,
3575 4568 3725 4637 ἡγω-

2139 4663 2340 4727 νίζετο.
2370 4660 2449 4733 τῷ
2477 4661 2835 4733 ἀνεπιλήπτῳ
2860 4660 2956 4715 τοῦ
2987 4660 3180 4733 ἀνδρὸς
3212 4647 3602 4731 ἐκτηκόμενος,
3630 4659 3727 4713 καὶ

2142 4756 2277 4828 πρὸς
2309 4755 2407 4827 τὴν
2431 4753 2770 4826 χειροτονίαν
2800 4752 3165 4824 ἀναδυόμενος
3187 4766 3201 4783 ο
3247 4753 3398 4822 ὅμως
3438 4750 3534 4805 καὶ
3579 4752 3727 4807 ἄκων

2133 4848 2363 4917 ἡττᾶται
2386 4865 2400 4880 ·
2425 4848 2550 4917 νικᾷ
2565 4845 2674 4916 γὰρ
2696 4844 2783 4899 ἀεὶ
2808 4844 2868 4897 τὸ
2889 4844 3115 4916 Πνεῦμα
3135 4845 3194 4897 τὸ
3216 4844 3391 4913 ἆγιον-
3415 4845 3643 4913 ἡττᾶται
3668 4843 3728 4898 δὲ

2134 4942 2301 4997 οὓτω·
2342 4939 2534 4994 Πολλοὶ
2560 4939 2671 4992 τῶν
2701 4937 3171 5011 πυρπολουμένων
3189 4937 3266 5008 τῷ
3302 4938 3433 5008 Θείῳ
3457 4937 3603 5009 ζήλῳ
3628 4937 3729 5009 τὴν

2149 5033 2345 5089 Ἰλιάδα
2364 5030 2475 5086 τῶν
2519 5028 2782 5099 Θεοφίλου
2817 5026 3005 5081 κακῶν
3034 5029 3275 5099 γραφαῖς
3290 5042 3347 5079 τε
3370 5027 3462 5079 καί⁵
3488 5042 3731 5097 συγγραο

2139 5130 2269 5198 φαῖς
2301 5128 2403 5180 οὐκ
2439 5121 2682 5197 ἀγεννῶς
2708 5120 3110 5195 ipsaeipsae“
3130 5136 3144 5152 '
3166 5119 3357 5191 ἥντινα
3381 5118 3501 5172 τότε
3528 5135 3728 5190 χειρω-

2140 5226 2374 5298 σάμενος
2398 5224 2428 5277 ό
2457 5223 2557 5295 τῆς
2612 5219 2900 5293 βασιλικῆς
2944 5216 3243 5289 πρωτεύων
3264 5215 3725 5286 γυναικωνίτιδος,

2140 5317 2443 5391 Εὑτρόπιος
2468 5312 2527 5369 δὲ
2555 5307 2712 5391 οὗτος
2731 5306 2824 5385 ἦν,
2839 5310 2918 5383 τῷ
2934 5307 3181 5378 Θεοςςίλῳ
3200 5306 3503 5373 ὑπέδειξεν,
3522 5308 3692 5361 εἰπών
3714 5322 3727 5335 ·

2140 5413 2298 5465 Δυοῑν
2327 5408 2561 5480 θάτερον
2594 5399 3079 5472 ἓκλιξαιοῆταῦτα
3107 5398 3456 5469 ἐλεγχθῆναι,
3491 5399 3522 5469 ἥ
3552 5399 3733 5453 Ἰωάνα

2142 5521 2243 5575 νην
2267 5501 2674 5575 χειροτονῆσαι.
2699 5495 2794 5568 Τῷ
2842 5493 3026 5549 τοίνυν
3057 5490 3301 5563 τολμητῇ
3337 5490 3445 5544 τῶν
3474 5491 3733 5544 τοιούτων

2144 5600 2179 5670 ἡ
2210 5595 2515 5668 Εὐτροπίω
2559 5591 2673 5646 τῶν
2707 5588 2888 5661 λόγων
2934 5584 3515 5658 ἀντιστρατευσαμένη
3555 5586 3733 5655 παρὰ·

2145 5691 2321 5757 ταξις,
2345 5692 2495 5761 αἱρεῖ
2529 5686 2673 5741 κατὰ
2715 5684 2918 5758 κράτος
2948 5682 3041 5738 τδν
3070 5679 3489 5752 κακουργοῦντα
3521 5678 3599 5748 τῷ
3621 5678 3730 5747 άμ-

2152 5787 2447 5858 φικρήμνῳ
2485 5780 2581 5836 τοῦ
2612 5779 3070 5853 ἐπιτηδεύματος.
3099 5770 3169 5849 ᾫ
3197 5774 3454 5843 θεόφιλος
3485 5772 3733 5843 σίξοδρύς

2152 5880 2255 5953 ἤδη
2296 5874 2726 5952 λεηλατούμενος
2784 5877 2844 5932 ὲν
2886 5872 3079 5951 τριόδῳ
3114 5869 3355 5927 λονπτυίπ
3380 5890 3417 5927 -.'
3444 5869 3502 5918 ’ἦ
3536 5887 3607 5917 τ”“

3444 5884 3502 5918 τε
3536 5887 3643 5917 τ-ει
