4086 6298
327 347 434 412 249

987 345 1280 408 ORATIO
1296 345 1523 409 XVIII.
1548 371 1617 382 --
1648 341 2034 405 LAUDATIO
2069 344 2128 405 S.
2169 344 2490 405 JOANNIS
2522 344 2928 405 CIIRYSOST.

3498 345 3614 428 250

331 463 527 532 μιῶδες
556 502 573 528 ,
604 458 1018 531 ἀκροϐολίζεται
1043 475 1055 487 ο
1089 458 1183 512 καὶ
1237 459 1374 528 πρὸς
1423 457 1520 526 μὲν
1550 458 1647 525 τὴν
1674 472 1907 527 χειροτο·

2021 453 2148 508 telis
2165 456 2444 525 appetitur
2467 473 2479 519 ;
2500 465 2551 508 et
2567 457 2631 509 ad
2651 470 2909 508 manuum
2930 453 3150 525 quidem
3174 455 3602 526 impositionem,

327 555 446 608 νίαν
501 554 594 606 τοῦ
632 551 826 623 καιροῦ
860 553 1260 620 παραστάντος.
1298 549 1533 603 ἐκτείνει
1564 549 1662 611 τὰς
1698 552 1910 619 χεῖρας,

327 648 735 718 προσεκτείνειν
765 647 820 698 δὲ
849 644 1052 708 ταύτας
1103 647 1246 698 κατὰ
1294 645 1388 696 τοῦ
1437 643 1913 714 χειροθετηθέντος

326 739 550 811 ὕστερον
594 742 695 793 οὐκ
742 737 1066 808 ὲνάρκησεν.
1104 731 1236 790 Εἶτα
1264 737 1403 807 μετὰ
1426 737 1524 805 τὴν
1553 734 1910 807 χειροτονίαν,

324 833 627 900 εὐλογεῖται
656 831 808 904 παρὰ
848 831 942 883 τοῦ
991 830 1292 900 ἀρχιερέως
1333 833 1359 882 ὁ
1401 830 1591 893 πιστὶς
1634 828 1908 899 βασιλεὺς,

323 925 441 997 ἅμα
471 927 606 979 πᾶσι
638 928 751 987 τοίς
784 925 882 977 σὺν
912 923 1080 992 αὐτῷ,
1115 923 1200 976 διὰ
1230 922 1397 992 τιμῆς
1437 923 1698 992 μεγίστης
1735 921 1913 989 λόγοις

323 1015 418 1067 καὶ
456 1016 589 1066 πᾶσι
620 1017 843 1083 τρόποις
869 1013 958 1065 τὸν
994 1013 1258 1083 ἀρχιερέα
1281 1012 1627 1083 ποιούμενος.
1675 1011 1734 1065 Ὀ
1758 1013 1814 1066 δέ
1845 1013 1913 1068 τὰ

324 1106 530 1178 συνήθη
582 1108 679 1177 τῆς
730 1107 938 1168 οἰκείας
971 1106 1259 1169 εὐλαϐείας
1312 1107 1407 1159 καὶ
1454 1106 1674 1175 ἐφρόνει
1707 1106 1800 1160 καὶ
1834 1105 1913 1159 δι-

323 1203 560 1269 ελέγετο,
590 1200 796 1270 ταύτην
820 1201 1140 1254 τελευταίαν
1165 1202 1283 1253 τότε
1313 1199 1413 1270 τὴν
1445 1201 1770 1270 παραίνεσιν
1791 1203 1908 1253 ἐπι-

321 1296 458 1362 θείς·
489 1297 554 1349 Αἱ
585 1295 683 1366 μὲν
710 1295 992 1348 ἄλλαιτῶν
1015 1295 1362 1365 διοικήσεων,
1394 1294 1558 1362 λέγω,
1585 1288 1628 1347 ῶ
1667 1293 1906 1363 βασιλεῦ,

322 1390 416 1442 καὶ
441 1390 640 1452 πάντες
680 1389 728 1441 οἱ
774 1387 1207 1457 παρεοτηκότες,
1251 1387 1550 1456 ἀναλόγους
1594 1388 1778 1458 ἔχουσι
1818 1388 1911 1440 καὶ

319 1483 447 1546 τοὺς
479 1482 758 1544 κινδύνους
790 1482 882 1535 καὶ
915 1482 984 1534 τὰ
1011 1483 1152 1552 γέρα
1174 1499 1186 1512 ·
1219 1480 1411 1552 ἱερέων
1433 1482 1490 1533 δὲ
1519 1483 1612 1534 καὶ
1637 1482 1910 1551 ποιμένων

320 1575 444 1638 ὅσος
471 1574 740 1637 κίνδυνος,
775 1576 872 1627 ὅσα
918 1574 988 1627 τὰ
1038 1574 1198 1645 γέρα,
1229 1568 1302 1628 ὧν
1327 1571 1384 1628 εὖ
1487 1576 1673 1638 κακῶς
1706 1576 1909 1645 διῳκή-

321 1683 505 1731 σαντο,
527 1667 743 1738 πλήρης
761 1669 930 1732 πᾶσα,
951 1667 1271 1738 Συγγραφὴ.
1293 1670 1540 1739 Καινήτε
1565 1671 1655 1722 καὶ
1672 1668 1905 1723 Παλαιὰ.

319 1761 588 1830 Δεομένου
614 1760 794 1814 τοίνυν
843 1761 985 1825 τινος
1028 1764 1151 1815 ὅσαι
1192 1763 1396 1833 ἡμέραι
1445 1761 1547 1832 τῆς
1583 1761 1906 1833 θεραπείας,

2019 561 2144 600 cum
2170 555 2317 602 esset
2347 557 2584 617 tempus,
2617 549 2866 600 extendit
2896 563 3117 608 manus,
3152 548 3218 601 ad
3253 562 3389 618 quas
3415 559 3604 619 postea

2019 641 2397 695 extendendas
2447 643 2498 695 in
2534 659 2682 701 eum,
2715 643 2801 698 cui
2841 657 2936 698 eas
2975 642 3342 714 imposuerat,
3380 644 3606 698 minime

2018 732 2322 802 obtorpuit.
2360 733 2564 789 Deinde
2607 744 2730 804 post
2785 737 3289 799 consecrationem,
3322 735 3604 790 benedici-

2017 831 2105 878 tur
2144 840 2172 877 a
2217 826 2475 894 poutitice
2514 826 2688 882 [idolis
2742 828 3038 897 imperator
3085 844 3208 883 cum
3260 829 3378 884 suis
3436 829 3603 884 simul

2016 920 2300 988 omnibus,
2340 921 2432 991 qui
2469 921 2522 975 in
2559 925 2800 977 maximo
2835 923 3045 977 honore
3069 934 3119 976 et
3145 923 3325 978 verbis
3348 935 3400 979 et
3423 923 3602 978 modis

2016 1014 2277 1068 Omnibus
2337 1015 2571 1068 habebat
2631 1015 2966 1085 pontiﬁcem.
3026 1016 3118 1070 Ille
3160 1029 3343 1071 autem
3396 1019 3505 1088 pie,
3545 1028 3604 1072 ut

2015 1106 2255 1169 Solebat,
2312 1107 2586 1162 sentiebat
2635 1117 2690 1162 et
2737 1108 3046 1163 disserebat
3076 1126 3091 1176 ;
3120 1110 3214 1180 qui
3252 1109 3415 1162 etiam
3459 1111 3602 1163 hanc.

2015 1199 2262 1252 ultimam
2315 1208 2444 1253 tunc
2493 1200 2641 1254 dedit
2697 1201 3171 1256 admonitionem:
3212 1204 3347 1256 Alia:
3378 1203 3598 1272 quidem

2016 1294 2560 1360 administrationes,
2596 1295 2754 1357 dixit,
2794 1311 2826 1350 o
2859 1297 3158 1366 imperator
3186 1303 3238 1349 et
3270 1312 3460 1350 omnes
3505 1298 3600 1366 qui

2015 1391 2239 1451 adestis,
2271 1391 2629 1459 preportione
2659 1391 3044 1445 convenientia
3077 1391 3274 1445 habent
3300 1401 3351 1446 et
3378 1393 3599 1462 praemia

2014 1488 2068 1534 et
2101 1482 2340 1550 pericula
2371 1498 2386 1548 ;
2422 1485 2770 1536 sacerdotum
2812 1493 2866 1538 et
2908 1493 3188 1552 pastorum
3221 1497 3490 1556 quantum
3522 1488 3594 1541 sit

2015 1575 2341 1642 perirulum,
2371 1584 2425 1628 et
2457 1585 2667 1644 quanta
2702 1576 2924 1645 praemia
2951 1592 3167 1643 eorum,
3203 1594 3318 1646 (tua:
3349 1581 3481 1634 bene
3515 1580 3597 1634 vel

2015 1668 2155 1720 male
2196 1666 2469 1736 gesserint
2514 1670 2567 1721 iu
2607 1667 3110 1736 adininistratimie,
3144 1669 3304 1738 plena
3358 1680 3442 1725 est
3476 1661 3599 1724 uui-

2014 1773 2172 1812 vrrsa
2228 1757 2519 1827 Scriptura
2577 1769 2628 1811 et
2675 1755 2824 1812 Nova
2890 1766 2946 1812 et
2980 1755 3191 1824 Vetus;
3229 1758 3274 1813 si
3311 1759 3434 1829 quis
3468 1774 3598 1827 ergo

318 1855 379 1907 ού
415 1854 702 1923 φείσομαι.
736 1855 847 1908 Καὶ
880 1855 1182 1926 προσετέθη
1213 1831 1428 1919 τούτοις
1463 1855 1532 1908 τά
1571 1831 1712 1909 κατὰ
1747 1855 1907 1909 Δαεὶδ

2019 1851 2264 1922 quotidie
2313 1867 2453 1922 opus
2505 1851 2703 1906 habeat
2743 1854 3054 1918 curatione,
3091 1868 3197 1907 non
3234 1867 3456 1922 parcam
3501 1863 3598 1916 ;('.I.

318 1949 410 2002 καὶ
441 1947 658 2012 Ναθαν,
688 1947 749 2000 τὸ
772 1942 871 2017 τῆς
900 1948 1144 2018 Γραφῆς,
1186 1949 1265 2011 εἰς
1304 1948 1675 2018 παράδειγμα.
1712 1949 1912 2018 Ἀσμε-

318 2038 457 2105 νίζει
489 2037 698 2102 τούτοις
725 2042 750 2092 ὁ
771 2039 1095 2103 πιστότατος
1125 2040 1400 2110 βασιλεὺς,
1431 2041 1908 2111 συμπροθυμεῖται

316 2131 374 2184 δέ
407 2132 518 2195 πᾶς
551 2133 579 2186 ὁ
609 2133 878 2202 βασίλειος
933 2132 1143 2202 ὅμιλος,
1194 2126 1238 2202 ᾧ
1260 2134 1381 2185 τότε
1423 2132 1509 2204 δὴ,
1545 2135 1666 2186 τότε
1707 2134 1799 2187 τὸν
1835 2135 1912 2187 δι-

315 2224 653 2280 δασκαλικὸν
697 2226 931 2292 ἐξέτεινε
986 2226 1166 2295 λόγον,
1219 2227 1365 2290 ὅπως
1405 2227 1514 2280 δέοι
1563 2228 1768 2292 πάντας
1796 2231 1910 2293 τοῖς

319 2323 489 2374 πᾶσιν
534 2321 837 2390 ἐπιχειρεῖν
863 2334 878 2349 ⁸
937 2318 1181 2388 ἱστορίαν
1215 2335 1275 2372 τε
1317 2319 1558 2389 μεγάλου
1606 2320 1905 2391 θαύματος,

319 2415 412 2466 καὶ
448 2412 865 2484 μνήμηςὰξίαν
917 2412 1306 2484 προϐάλλεται,
1355 2414 1533 2483 φήσας
1559 2433 1571 2445 ·
1610 2412 1684 2476 ὡς
1726 2415 1907 2476 Τίτος.

317 2508 346 2558 ὁ
382 2505 605 2577 Ῥώμης
637 2497 792 2569 ἄναξ,
849 2504 1071 2577 [πολλὰ]
1129 2504 1389 2568 πολλάκις
1434 2504 1676 2559 τοιοῦτόν
1703 2524 1756 2558 τι
1810 2510 1910 2560 ἐπ-

318 2598 508 2668 έλεγεν
539 2597 738 2668 ἐαυτῷ,
783 2595 982 2664 λέγων,
1023 2597 1273 2667 Σήμερον
1321 2598 1418 2648 οὐκ
1452 2595 1907 2667 ἐϐασιλεύσαμεν,

320 2697 425 2748 εἴτ’
454 2695 556 2751 οὖν
591 2695 694 2748 οὐκ
747 2695 1046 2765 ἐζήσαμεν,
1079 2693 1245 2765 μηδὲν
1288 2693 1436 2759 ἄξιον
1469 2693 1734 2765 βασιλέως
1767 2696 1912 2765 ποιη·

319 2805 542 2853 σαντες.
560 2789 684 2842 Ἔτι
713 2787 770 2841 δέ
789 2787 884 2842 τοῦ
906 2790 1208 2859 ἀρχιερέως
1234 2786 1326 2839 τὸν
1358 2787 1516 2855 λόγον
1545 2788 1906 2858 συνείροντος,

315 2883 426 2937 ίδού
454 2901 546 2948 τις
575 2881 713 2952 ἀνὴρ
742 2881 1013 2951 δαιμονῶν
1038 2883 1225 2934 ἐκεῖνα
1261 2881 1425 2951 μέσον
1455 2881 1712 2936 ἁπάντων
1737 2882 1910 2935 ἐποίει

310 2976 406 3028 καὶ
449 2973 714 3045 ἔκραζεν,
750 2972 850 3026 ὅσα
893 2973 952 3024 τὸ
997 2970 1249 3043 ἐνοχλοῦν
1296 2971 1570 3043 δαιμόνιον
1616 2971 1784 3042 φῦλον
1820 2972 1911 3036 ἐξ·

310 3068 592 3133 εδιάζετο.
651 3068 1059 3138 Παρακαλείται
1108 3067 1137 3119 ὁ
1203 3066 1387 3135 ἰατρὸς
1443 3065 1780 3137 θεραπεῦσαι
1849 3066 1911 3120 τὸ

313 3165 555 3232 πάσχον.
618 3161 728 3214 Καὶ
777 3161 961 3230 μέντοι
1007 3162 1103 3214 καὶ⁵
1157 3159 1453 3231 θεραπεύει
1511 3161 1767 3231 σφραγῖδι
1811 3160 1907 3214 τοῦ

311 3257 499 3327 τιμίου
554 3256 814 3326 σταυροῦ,
887 3257 982 3309 καὶ
1028 3259 1095 3327 τῇ
1153 3255 1444 3326 ἐπικλήσει
1484 3257 1586 3324 τῆς
1625 3256 1785 3324 ἁγίας
1816 3255 1908 3308 καὶ

311 3346 590 3411 ζωοποιοῦ
624 3346 878 3420 Τριάδος,
902 3345 1070 3400 εἰπὼν
1104 3347 1236 3419 πρὸς
1264 3349 1449 3402 αὐτόν’
1487 3349 1589 3401 Ἴδε
1612 3349 1773 3418 ὑγιὴς
1814 3349 1906 3418 γέ-

311 3457 484 3510 γονας
511 3458 526 3473 ο
585 3443 789 3513 μηκέτι
819 3441 1131 3511 βλασφήμει
1177 3441 1238 3494 τὸ
1263 3441 1450 3506 Θεῖον⁷
1483 3441 1570 3495 Ιιτνα
1613 3442 1687 3512 μὴ
1726 3443 1909 3514 χεῖρόν

310 3533 364 3587 τί
397 3551 482 3588 σοι
532 3533 787 3604 γένηται.
821 3534 993 3587 Τοῦτο
1018 3535 1052 3602 ἡ
1083 3532 1393 3604 τελειοτέρα
1418 3534 1711 3606 στερέωσις
1738 3534 1909 3587 ἅπασι

311 3627 410 3696 τῆς
436 3627 521 3692 είς
551 3627 791 3697 Χριστὸν
830 3627 1121 3696 ὁμολογίας
1161 3629 1256 3682 καὶ
1280 3629 1536 3692 πίστεως.

383 3807 473 3881 ιβ’.
517 3809 684 3863 Ἀλλὰ
708 3808 880 3862 ταῦτα
905 3809 1003 3880 μὲν
1030 3813 1107 3873 εἰς
1126 3810 1379 3864 τοσοῦτον
1404 3809 1682 3880 θαύματος
1706 3810 1910 3879 ἄγοντα

306 3905 402 3958 τὸν
434 3905 721 3975 ἀκροατήν
744 3919 758 3934 ο
802 3902 965 3968 δείξει
990 3903 1044 3956 δὲ
1096 3903 1303 3974 προῖὼν
1323 3906 1348 3957 ὁ
1376 3903 1531 3973 λόγος
1561 3904 1657 3956 καὶ
1687 3904 1754 3956 τά
1782 3904 1911 3956 τού-

304 4017 403 4054 του
431 3997 890 4071 θαυμασιώτερα.
924 4000 1084 4069 ’Ἃρτι
1110 4000 1217 4051 τῶν
1243 3999 1444 4052 οἰάκων
1473 4000 1572 4069 τῆς
1601 4001 1912 4069 οἰκούμενι-

307 4091 414 4162 κῆς
444 4091 679 4153 ὁλκάδος
730 4091 756 4142 ὁ
813 4088 1315 4160 πνευματοκίνητος
1365 4089 1706 4162 κυϐερνήτης
1754 4093 1907 4144 ἐπει-

303 4182 626 4254 λημμένος,
678 4184 771 4236 καὶ
833 4183 970 4254 πρὸς
1022 4182 1120 4244 τὰς
1157 4183 1574 4249 ὰντιπνεούσας,
1624 4184 1679 4238 αἳ
1714 4184 1909 4237 πολλαὶ

304 4279 451 4330 κατὰ
484 4277 585 4330 τοῦ
621 4275 939 4345 θαυμαστοῦ
974 4276 1243 4342 πελάγους
1272 4276 1367 4346 τῆς
1411 4276 1756 4346 Ἐκκλησῖας.
1794 4277 1910 4329 δια-

307 4369 664 4440 σκεψάμενος
696 4367 992 4434 λαίλαπας,
1024 4369 1074 4421 τί
1121 4368 1220 4438 μὲν
1247 4371 1308 4421 οὐ
1353 4371 1518 4432 ποιεῖ,
1564 4370 1724 4421 ποίαν
1758 4369 1814 4422 δὲ
1848 4369 1908 4420 ού

304 4464 452 4517 κινεί
509 4462 773 4534 μηχανὴν
810 4462 1106 4533 σωτηρίας,
1163 4463 1266 4525 ἕως
1297 4459 1359 4516 οὒ
1404 4466 1718 4534 καταντήσῃ
1773 4467 1909 4536 πρὸς

2019 1948 2104 2001 his
2158 1947 2452 2015 adjiciebat
2508 1962 2628 2015 qua!
2692 1944 2978 2015 Scriptura
3020 1945 3155 2000 dicit
3195 1946 3262 2000 de
3308 1944 3509 2000 Davide
3545 1954 3598 2000 et

2014 2040 2224 2095 Nathan
2258 2041 2310 2093 in
2346 2041 2680 2109 exemplum.
2715 2041 2786 2092 Ea
2822 2039 3076 2092 lubenter
3112 2038 3264 2092 audit
3299 2037 3598 2108 imperator

2016 2135 2398 2197 ﬁdelissimus,
2439 2143 2706 2206 grataque
2757 2131 2981 2188 luerunt
3012 2133 3112 2188 toti
3149 2141 3385 2188 catervae
3417 2132 3594 2201 impe-

2014 2230 2239 2284 ratoris.
2294 2227 2449 2282 ‘I‘unc
2505 2236 2715 2290 autem,
2779 2238 2910 2281 tunc
2964 2227 3017 2280 in
3085 2225 3334 2281 doct-mlo
3385 2226 3594 2296 prolixa

2016 2321 2272 2376 utebatur
2321 2322 2591 2386 oratione,
2625 2333 2865 2388 quonam
2901 2317 3064 2372 modo
3097 2325 3374 2389 oporteret
3403 2331 3596 2370 omnes

2013 2419 2196 2471 orunia
2237 2419 2454 2488 aggredi
2493 2436 2507 2483 ;
2541 2427 2594 2470 et
2644 2416 2958 2486 proferebat
3008 2415 3293 2469 historiam
3347 2413 3594 2484 dignata,

2013 2527 2132 2580 qua:
2180 2518 2227 2564 cl
2290 2511 2344 2563 iu
2410 2510 2777 2566 admiratione
2835 2494 3132 2563 haberetur
3189 2514 3243 2562 et
3306 2505 3596 2560 mandare-

2015 2610 2104 2656 tnr
2154 2603 2454 2666 memoriae,
2496 2604 2688 2658 dicens
2723 2621 2736 2657 :
2781 2601 2940 2657 Titus
2990 2597 3288 2670 imperator
3318 2597 3595 2652 ltomauo-

2017 2710 2134 2748 rum
2168 2710 2309 2763 saepe
2343 2695 2451 2748 talc
2481 2695 2611 2765 quid
2643 2693 2788 2765 apud
2821 2709 2881 2749 se
2911 2693 3203 2748 dictitabat
3236 2706 3248 2742 :
3285 2689 3457 2746 llodie
3485 2676 3592 2745 non

2016 2786 2427 2855 imperavimus,
2475 2803 2570 2842 seu
2609 2801 2717 2842 non
2767 2785 3027 2851 viximus,
3059 2794 3117 2838 ut
3156 2785 3248 2854 qui
3285 2783 3419 2838 nihil
3452 2781 3596 2837 Iece~

2013 2881 2188 2934 rimus
2209 2880 2430 2950 dignum
2462 2884 2814 2951 imperatore.
2846 2879 2980 2934 Cum
3015 2888 3194 2932 autem
3225 2877 3403 2931 adhuc
3428 2862 3594 2931 verba

2015 2972 2366 3025 continuaret
2396 2972 2668 3042 pontifex,
2704 2987 2833 3027 ecce
2865 2973 2946 3024 vir
2967 2970 3189 3041 quidam
3223 2969 3595 3023 diemouiaeus

2016 3063 2107 3118 illa
2147 3063 2381 3118 faciebat
2426 3074 2479 3118 et
2522 3065 2794 3119 clamabat
2840 3065 2892 3120 iu
2939 3064 3119 3119 medio
3169 3065 3435 3128 omnium,
3472 3077 3596 3133 quae

2016 3175 2224 3213 vexaus
2252 3159 2394 3224 coxit
2428 3174 2603 3229 genus
2643 3159 2953 3213 daemonum
2988 3178 3004 3215 :
3042 3167 3270 3228 rogatur
3326 3157 3591 3223 medicus,

2018 3260 2076 3306 ut
2107 3265 2262 3307 curet
2288 3253 2651 3306 laborantem.
2676 3253 2847 3318 Quem
2871 3252 3086 3322 quidem
3105 3259 3262 3306 curat
3293 3251 3449 3320 signo
3473 3267 3595 3321 pre-

2014 3347 2166 3403 tiosae
2218 3346 2420 3411 crucis,
2452 3355 2504 3400 et
2537 3345 2882 3400 invocatione
2913 3351 3117 3400 sancta:
3138 3353 3190 3398 et
3222 3344 3450 3398 viviticze
3470 3343 3597 3399 Tri-

2017 3441 2228 3504 nitatis,
2274 3440 2322 3495 ei
2353 3439 2546 3494 dicrus
2582 3457 2595 3494 :
2625 3440 2764 3494 Ecce
2797 3455 2965 3494 sanus
2990 3438 3167 3493 factus
3196 3454 3253 3494 es
3287 3455 3302 3503 ;
3339 3436 3593 3491 neDeutu

2013 3535 2248 3605 amplius
2283 3535 2650 3604 blasphemus,
2691 3549 2756 3588 ne
2783 3532 3025 3588 deterius
3064 3533 3194 3604 quid
3241 3532 3334 3586 tibi
3379 3535 3596 3586 contin-

2012 3637 2119 3697 gat.
2175 3625 2289 3680 Hoc
2326 3627 2437 3690 ille,
2476 3628 2721 3695 quierat
2769 3627 3025 3680 omnibus
3081 3625 3381 3695 perfectum
3430 3642 3596 3680 orna-

2015 3727 2258 3771 mentum
2301 3715 2673 3772 confessionis
2698 3725 2752 3771 et
2786 3716 2908 3771 ﬁdei
2944 3717 2998 3771 in
3030 3715 3333 3772 Christum.

2085 3809 2171 3864 12.
2207 3809 2313 3866 Sed
2349 3812 2461 3866 haec
2493 3809 2716 3881 quidem
2753 3818 2901 3875 sunt,
2941 3825 3062 3881 quae
3087 3810 3392 3866 auditorem
3425 3811 3595 3866 dedi:-

2017 3916 2151 3958 cunt.
2207 3907 2272 3957 ad
2325 3913 2531 3958 tantam
2588 3903 3035 3960 admirationem.
3094 3902 3360 3960 Ostendet
3410 3917 3590 3959 autem

2011 3997 2318 4067 procedens
2342 3998 2520 4053 oratio
2562 3996 2650 4053 his
2705 4012 2928 4068 quoque
2990 3997 3162 4069 magis
3218 3996 3590 4055 admirabilia.

2013 4088 2150 4142 Cum
2180 4089 2292 4159 jam
2348 4091 2502 4144 navis
2534 4091 2686 4146 orbis
2747 4098 2907 4146 terrae
2942 4092 3155 4158 clavum
3206 4092 3531 4162 accepisset,
3561 4109 3591 4148 a

2013 4184 2222 4254 Spiritu
2259 4193 2454 4244 sancto
2487 4195 2670 4240 motus
2706 4186 3046 4255 gubernator
3074 4195 3126 4240 et
3159 4187 3421 4242 adversas
3456 4202 3592 4241 cou-

2013 4280 2217 4334 siderat
2252 4287 2632 4349 tempestates,
2667 4295 2791 4349 quae
2850 4279 3036 4334 mutue
3090 4279 3487 4335 exoriebantur
3536 4280 3590 4334 in

2013 4370 2152 4424 mari
2190 4370 2426 4425 mirabili
2463 4369 2741 4436 Ecclesize,
2774 4372 2902 4444 quid
2932 4387 3040 4426 non
3090 4371 3242 4436 facit,
3284 4388 3448 4444 quam
3484 4389 3591 4429 nou

2014 4465 2210 4521 salutis
2245 4466 2520 4534 excogitat
2552 4465 2885 4530 machinam,
2915 4465 3088 4522 donec
3119 4470 3499 4537 perveniretur
3525 4471 3593 4525 ad

302 4556 397 4611 τὸν
418 4559 539 4612 ἄνω
562 4555 784 4628 λιμένα,
816 4555 906 4609 τὸν
938 4555 1105 4619 ὅντως
1135 4557 1310 4609 εὖδιόν
1338 4574 1398 4610 τε
1430 4558 1524 4610 καὶ
1550 4558 1907 4629 πολυόρεκτον

2017 4569 2234 4630 portum
2298 4560 2782 4630 superiorcm,qui
2835 4570 2919 4616 est
2963 4560 3292 4632 tranquillus
3350 4573 3401 4618 et
3436 4564 3593 4620 valde

302 4650 332 4702 ὁ
365 4649 478 4702 τῶν
529 4650 859 4718 καμνόντων
893 4649 1177 4712 παντοίαις
1220 4652 1397 4711 νόσοις
1435 4650 1740 4719 ἀνθρώπιον
1773 4653 1905 4705 θαυ-

305 4744 509 4811 μάσιος
545 4742 770 4813 ίατρόςί
803 4742 937 4813 Φέρε
974 4743 1058 4813 δὴ,
1101 4744 1211 4798 τῶν
1255 4747 1452 4814 ἐκείνῳ
1500 4746 1679 4815 σοφῶς
1720 4749 1905 4800 ἐπινε-

301 4835 597 4905 νοημένων
651 4834 901 4905 ψυχικῶν
955 4837 1268 4902 άντιδότων,
1311 4838 1542 4908 βραχεῖά
1591 4858 1674 4902 τις
1739 4844 1903 4911 μοῖρα

301 4927 580 4997 λεγέσθω.
620 4925 836 4979 Γένοιτο
875 4930 985 4998 γὰρ
1020 4927 1085 4981 ἂν
1126 4929 1265 4999 αὐτὴ
1318 4931 1428 4991 τοῖς
1464 4929 1650 5000 χρείαν
1686 4929 1902 5000 ἔχουσιν

305 5021 514 5092 ἰατρῶν
536 5019 602 5072 οὐ
637 5021 815 5091 φαύλη
853 5038 934 5083 τις
962 5022 1234 5092 σωτηρίας
1266 5022 1541 5086 ὑπόθεσις.
1575 5024 1811 5088 Ἐκεῖνος
1834 5027 1901 5096 τῇ

301 5115 393 5170 διὰ
424 5119 543 5170 τῶν
574 5114 823 5184 ἐλέγχων
861 5114 1118 5183 ἀντιδότῳ
1154 5115 1320 5187 (οὕτω
1354 5117 1462 5187 γὰρ
1495 5118 1672 5170 ἐκεῖνο
1704 5119 1900 5189 εἰπεῖν)

303 5211 360 5261 ἐν
393 5209 646 5281 πρώτοις
689 5208 889 5279 χρῆται
923 5209 1065 5260 κατὰ
1097 5209 1206 5262 τῶν
1256 5211 1674 5280 παρεισάκτων·
1715 5211 1764 5263 οἳ
1796 5213 1902 5264 τῶν

303 5301 726 5372 πορνοϐοσκῶν,
761 5305 816 5354 ἐν
858 5301 1068 5372 αἱρέσει
1101 5304 1287 5356 κακῶν
1419 5304 1728 5378 συγκρίσει,
1763 5323 1901 5359 παν-

301 5402 516 5452 τάπασι
553 5396 779 5468 χείρους
809 5398 968 5450 εἰσίν.
1007 5391 1270 5459 Ἐ’κείνοις
1313 5400 1473 5468 μὲνὴ
1513 5399 1669 5464 νόσος
1712 5399 1914 5472 πόρρω·

304 5494 399 5548 τοῦ
476 5491 714 5564 ἰατροῦ·
777 5492 988 5555 τούτοις
1027 5493 1082 5545 δὲ
1155 5492 1304 5545 ἔνδον
1358 5493 1452 5547 τοῦ
1532 5497 1900 5568 ἐργαστηρίου

302 5587 402 5656 τῆς
463 5586 776 5656 σωτηρίας,
826 5585 921 5638 καὶ
969 5586 1180 5649 ἑαυτοῖς
1245 5588 1340 5640 καὶ
1417 5592 1531 5650 τοῖς
1600 5590 1900 5659 ὑγιαίνουσι

304 5681 470 5735 πλέον
553 5679 784 5746 αὒξεται
846 5679 1025 5751 πολλῴ
1094 5690 1161 5733 τα
1220 5682 1316 5752 τῆς
1390 5683 1731 5755 ἀρρωστίας·

303 5772 333 5822 ὁ
397 5771 721 5838 σοςοὼτατος
773 5771 855 5822 ἱατ
865 5772 973 5840 ρος,

1810 5685 1904 5750 οὓς

1029 5771 1107 5837 τῷ
1174 5774 1319 5825 κατὰ
1381 5777 1472 5826 τὸν
1550 5775 1722 5845 μέγαν
1808 5781 1902 5832 καὶ

305 5860 602 5934 όμώνυμον
659 5863 968 5934 πρόδρομον
1026 5865 1329 5935 ὲλεγκτικῷ
1382 5870 1743 5939 κεχρημένος,
1794 5873 1902 5941 ῥω-

305 5957 648 6010 οτικωτάτου
702 5952 863 6024 λόγου
915 5955 1183 6027 δύναμιν,
1246 5958 1343 6029 τῆς
1408 5961 1661 6033 τοιαύτης
1718 5962 1896 6034 λύμης

2014 4658 2375 4725 expetendus.
2409 4666 2468 4707 ut
2496 4655 2587 4723 qui
2630 4655 2915 4708 liciniuum
2945 4657 3092 4709 omni
3143 4671 3340 4725 genere
3375 4656 3593 4711 morbo-

2014 4763 2133 4801 rum
2164 4748 2532 4802 laborautium
2571 4754 2720 4800 esset
2779 4747 3024 4802 medicus
3072 4748 3448 4804 admirabilis!
3482 4751 3596 4820 Age

2014 4859 2143 4898 vero
2185 4846 2384 4897 anima:
2416 4842 2815 4909 autidotorttm,
2849 4859 2968 4912 qua:
2999 4850 3129 4898 sunt
3155 4844 3224 4898 ab
3260 4843 3350 4898 illo
3374 4844 3596 4915 sapien-

2013 4950 2096 4991 ter
2125 4938 2456 5007 excogitata,
2504 4935 2721 4991 dicatur
2773 4935 2952 4990 brevis
3007 4937 3253 5006 qumdam
3298 4937 3590 5007 particula.

2012 5029 2201 5086 Fuerit
2236 5031 2382 5083 enim
2429 5046 2491 5084 ea
2531 5030 2601 5084 iis
2634 5030 2726 5099 qui
2780 5046 2922 5100 opus
2949 5031 3146 5086 habent
3178 5031 3427 5096 medicis,
3483 5029 3591 5087 non

2009 5125 2410 5181 contemnenda
2459 5139 2621 5177 causa
2688 5125 2902 5179 salutis.
2969 5125 3058 5179 Ille
3107 5126 3589 5200 reprehensionum

2010 5219 2258 5273 antidoto
2288 5217 2391 5287 (sic
2421 5216 2564 5269 cuitu
2587 5218 2842 5271 convenit
2871 5218 3082 5289 dicere)
3115 5219 3385 5288 imprimis
3422 5220 3592 5274 utitur

2012 5309 2279 5363 adversus
2314 5323 2409 5363 eos
2434 5309 2524 5385 qui
2554 5310 2884 5363 mulieribus
2911 5322 3140 5364 utuntur
3169 5313 3590 5377 inlroductitiis,

2008 5405 2102 5474 qui
2134 5404 2186 5458 iu
2229 5404 2500 5458 electione
2529 5411 2624 5455 aut
2674 5407 3090 5474 comparatione
3145 5408 3414 5461 malorum
3461 5417 3593 5462 sunt

2008 5498 2237 5551 omnino
2297 5497 2608 5552 deteriores
2669 5497 2982 5553 lenonibus.
3041 5499 3175 5552 Nam
3236 5501 3321 5557 his
3371 5500 3592 5571 quidem

2011 5593 2235 5648 morbus
2261 5594 2447 5662 procul
2479 5605 2557 5649 est
2587 5594 2654 5650 ab
2690 5595 2905 5649 ollicina
2951 5595 3145 5649 medici
3191 5612 3206 5662 ;
3255 5595 3365 5650 illis
3410 5606 3592 5651 autem

2011 5685 2156 5740 intra
2187 5686 2456 5740 ollicinam
2496 5687 2712 5755 salutis,
2753 5695 2807 5742 et
2839 5689 2940 5743 sibi
2973 5697 3025 5742 et
3058 5688 3124 5743 iis
3155 5689 3246 5759 qui
3293 5696 3423 5743 sunt
3450 5690 3589 5756 sani,

2013 5780 2185 5833 multo
2223 5780 2396 5849 magis
2438 5790 2670 5851 augetur
2692 5782 2940 5837 morbus.
2971 5780 3121 5849 Quos
3144 5783 3592 5852 sapientissimus

2017 5873 2282 5935 medicus,
2340 5886 2497 5928 utens
2544 5875 2969 5943 reprehensione
3025 5876 3169 5930 sicut
3204 5891 3456 5946 magnus,
3495 5878 3588 5945 qui

1998 5954 2133 6022 erat
2161 5967 2408 6039 ejusdem
2439 5969 2700 6036 nominis,
2724 5985 3053 6041 prsccursor,
3085 5970 3436 6028 validissimae
3462 5984 3589 6026 ora-
