4086 6298
243 361 347 426 253

891 360 1173 420 ORATIO
1213 358 1427 420 XVIII.
1473 386 1538 394 —
1566 354 1945 418 [.AUDATIO
1979 354 2037 414 S.
2080 354 2399 418 JOANNIS
2424 355 2826 415 CHRYSOST.

3385 353 3493 419 2ῧᾶ

241 479 540 533 ἐκάλυπτεν
563 475 999 546 ἀναθυμιάσεων,
1035 479 1129 530 καὶ
1162 476 1366 546 ταύτην
1401 475 1521 549 (σὺν
1549 474 1668 544 Θεῷ
1708 474 1805 543 φά-

1919 470 2214 527 Marcionis
2259 472 2694 526 cxhalatiouum.
2732 471 2948 539 tegebat
3001 469 3315 540 Orientem;
3371 488 3494 528 cum

240 571 347 639 ναι)
377 575 442 642 τῇ
479 572 814 641 μαρμαρυγῇ
849 565 958 622 τῶν
989 571 1206 624 οἰκείων
1242 570 1416 639 λόγων
1451 569 1812 633 διασκεδάσας

237 663 267 714 6
298 663 560 732 ἡμέτερος
586 661 756 731 ἥλιος,
791 663 993 732 λευκὴν
1026 665 1120 716 καλ⁸
1163 642 1342 718 ἐκεῖσε
1380 666 1477 735 τὴν
1512 664 1613 734 τῆς
1656 664 1814 730 6,600-

235 754 413 820 δοξίας
442 755 652 826 ἡμέραν
701 754 1008 823 ὲφήπλωσε,
1037 757 1104 808 Τί
1143 774 1232 827 μοι
1271 758 1339 811 τὰ
1379 757 1567 829 πόρρω
1597 758 1807 825 λέγειν;

254 845 482 917 Ἐρευνᾷ
511 847 608 917 τῆς
639 845 833 900 ἑαυτοῦ
886 847 1322 919 ἀρχιεπισκοπῆς
1361 850 1461 918 τῆς
1496 849 1704 918 διαίτης
1752 850 1813 904 τὸ

238 936 570 1008 σιτηρέσιον,
611 938 706 992 καὶ
751 939 820 992 τὰ.
852 939 950 1010 μὲν
993 941 1220 1012 περιττά
1263 941 1371 994 τῶν
1419 929 1809 1013 ἀναλωμάτων,

239 1027 306 1081 τὰ
335 1028 444 1099 τῶν
475 1029 842 1099 νοσοκομείων
874 1032 1223 1103 ἀναπληροῦν
1251 1033 1627 1105 διορισάμενος
1658 1035 1813 1088 ὑετε-

241 1119 481 1190 ρήματα.
524 1120 753 1175 Ἐθέλων
785 1121 843 1175 δὲ
894 1123 1063 1178 τύπον
1116 1126 1307 1179 ἑαυτὸν
1360 1130 1666 1199 παρασχεῖν
1719 1129 1812 1183 καὶ

233 1212 346 1274 τοῖς
364 1213 492 1283 μετ’
517 1211 698 1278 αὐτὸν,
730 1212 846 1284 ίδίῳ
878 1214 1071 1286 μισθῷ,
1105 1217 1245 1269 κατά
1277 1216 1508 1282 Παῦλον,
1544 1217 1642 1290 ζῇν
1668 1220 1814 1289 ἡγω-

240 1302 434 1368 νίζετο.
488 1303 630 1357 Ἀλλ’
681 1305 830 1375 ὅμως
883 1306 1097 1377 ἀνάγκη
1145 1308 1246 1378 τῆς
1303 1311 1598 1380 ἐκκλησίας
1650 1314 1812 1366 αὑτὸν

238 1395 667 1467 ἀποτρέφεσθαι,
728 1398 823 1452 καὶ
869 1399 1021 1453 οὐδὲν
1065 1402 1312 1463 ἀπεικός.
1371 1403 1573 1470 Ἀξιος
1623 1407 1734 1474 γὰρ
1779 1409 1813 1460 ὁ

237 1483 488 1554 ἐργάτης
544 1484 652 1539 τοῦ
703 1487 927 1542 οἰκείου
974 1491 1218 1558 μισθοῦν.
1277 1491 1375 1556 Τίς
1424 1492 1479 1545 δὲ
1531 1495 1810 1564 ποιμαίνει

239 1577 494 1649 ποίμνην,
527 1578 606 1649 τῷ
651 1578 1107 1651 γάλακτιταύτης
1151 1583 1224 1655 μὴ
1258 1583 1630 1657 σιτιέόμενος;
1667 1589 1699 1659 ἢ
1730 1590 1812 1654 τίς

237 1670 533 1739 ἀμπελῶνα
569 1672 865 1741 φυτεύσας,
900 1675 959 1726 ού
1003 1677 1419 1748 μεταλαμϐάνει
1461 1680 1557 1733 τοῦ
1602 1680 1812 1737 ἐκεῖθεν

237 1764 481 1832 καρποῦ;
509 1767 571 1819 Εἰ
611 1765 668 1818 δὲ
695 1767 774 1838 μὴ
809 1768 1062 1838 συνήσθιέ
1093 1771 1275 1842 τινι,ἧ
1303 1775 1593 1842 παρῃτεῖτο
1627 1793 1808 1846 παρα-

1917 581 2032 641 eam
2067 575 2275 628 autem,
2310 564 2400 619 Dei
2449 567 2648 633 gratia,
2687 579 2914 618 suorum
2975 563 3267 616 verborum
3309 569 3497 633 spten-

1916 658 2048 712 dore
2083 658 2164 711 sol
2204 668 2388 711 noster
2418 657 2766 726 dissipasset,
2814 656 3058 710 extendit
3105 657 3289 710 album
3346 657 3494 710 diem

1910 750 2241 806 orthodoxa}
2289 750 2437 804 fidei.
2472 747 2612 815 Quid
2646 764 2786 816 opus
2815 759 2898 803 est
2940 756 2998 801 ut
3035 762 3098 803 ea
3135 747 3340 810 dicam,
3370 763 3497 817 qua:

1914 851 2054 899 sunt.
2074 844 2262 913 procul
2303 843 2560 898 remota?
2592 842 2883 896 Scrutatur
2921 850 3184 911 quantum
3237 839 3496 895 frumenti

1915 940 2161 993 redderet
2191 954 2329 1002 suus
2353 939 2703 1008 episcopatus
2725 936 2790 990 ad
2819 937 3016 990 victum
3044 935 3492 998 sustentandum,

1915 1043 1968 1088 et
1995 1033 2086 1097 iis,
2116 1049 2240 1102 quae
2271 1031 2656 1088 redundabant
2685 1030 2752 1085 ad
2789 1037 3060 1099 sumptus,
3085 1027 3306 1105 supplet
3334 1026 3486 1082 defe-

1915 1136 2062 1182 ctum
2126 1127 2596 1192 nosoeomiorum,
2654 1138 2713 1179 se
2767 1133 2952 1177 autem
3001 1123 3196 1178 volens
3257 1119 3496 1191 posteris

1916 1217 2158 1286 praebere
2187 1215 2488 1286 exemplar,
2536 1229 2634 1270 sua
2666 1215 2938 1278 mercede,
2991 1213 3132 1268 sicut
3189 1212 3395 1267 Paulus
3427 1212 3494 1273 ³⁸,

1914 1307 2279 1365 contendebat
2329 1309 2538 1373 vivere,
2587 1307 2683 1362 sed
2741 1317 2922 1360 tamen
2981 1306 3349 1360 necessarium
3411 1311 3499 1359 est

1912 1418 2036 1456 eum
2071 1401 2138 1455 ali
2173 1402 2239 1455 iis
2267 1415 2386 1475 quae
2423 1411 2546 1455 sunt
2573 1399 2854 1466 ecclesiae;
2888 1398 3051 1469 idque
3080 1408 3166 1452 est
3199 1407 3498 1451 consenta-

1914 1511 2098 1550 neum.
2135 1494 2333 1564 Dignus
2381 1504 2458 1548 εει
2512 1494 2652 1548 enim
2689 1493 2964 1562 operarius
3017 1491 3250 1545 mercede
3290 1507 3386 1543 sua
3430 1491 3494 1542 ‘9.

1917 1588 2054 1656 Quis
2087 1603 2217 1642 vero
2245 1589 2426 1657 pascit
2455 1601 2635 1650 ovem,
2669 1596 2721 1639 et
2751 1601 2860 1638 non
2887 1585 3025 1639 lacte
3057 1584 3177 1651 eius
3206 1583 3447 1636 nutritur
3476 1582 3501 1634 *ί

1914 1691 2007 1734 aut
2031 1679 2176 1750 quis,
2217 1694 2337 1732 cum
2377 1676 2638 1747 plantavit
2683 1676 2921 1740 vineam,
2967 1677 3181 1729 fruetus
3228 1675 3348 1742 ejus
3388 1688 3499 1726 non

1913 1781 1997 1827 est
2028 1770 2336 1841 particeps?
2365 1767 2459 1824 Ille
2499 1779 2680 1823 autent
2730 1782 2849 1822 cum
2888 1768 3106 1821 nemine
3156 1766 3496 1829 comedebat,

236 1855 591 1925 καλούμενος,
636 1858 686 1911 τί
717 1861 1047 1924 τοῦτο;“οτι
1074 1862 1292 1933 πρῶτον
1323 1862 1423 1934 μὲν
1464 1865 1608 1919 οἴνου
1644 1885 1805 1936 μετα‹

1916 1874 1970 1919 et
2012 1865 2275 1920 imitatus
2324 1864 2652 1929 recusabat;
2707 1876 2943 1928 (planam
3005 1862 3072 1915 de
3114 1860 3318 1914 causa?
3353 1858 3498 1929 quod

237 1952 382 2018 σχεῖν
407 1951 752 2017 ἀνεὸἀλλετο,
784 1952 882 2022 τῆς
915 1953 1157 2025 κεφαλῆς
1188 1955 1246 2008 τὺ
1276 1955 1478 2027 θερμὸν
1508 1959 1810 2031 προϐαλλό-

239 2059 413 2112 μενος.
468 2045 671 2098 Ἐνίοτε
723 2047 827 2117 γὰρ
879 2047 956 2118 τῷ
1007 2047 1104 2103 διὰ
1150 2049 1353 2117 ῥόδων
1404 2054 1462 2105 ὲν
1510 2053 1680 2124 θέρει,
1717 2056 1810 2108 καὶ

239 2135 379 2206 μόνῳ
427 2138 650 2208 ἐχρῆτο.
709 2139 974 2210 Δεύτερον
1008 2140 1064 2195 δὲ
1115 2141 1198 2195 ὃτι
1247 2144 1601 2216 κατατρύχων
1645 2142 1711 2218 ἧν
1748 2147 1809 2200 ἐκ

235 2245 373 2293 τινος
406 2230 693 2295 ἀσθενείας
735 2234 762 2284 6
806 2233 1096 2303 στόμαχος,
1142 2234 1234 2287 καὶ
1273 2233 1428 2300 τάξιν
1459 2236 1665 2291 οἰκείαν
1709 2240 1811 2292 οὐκ

232 2318 411 2392 εἶχεν·
471 2323 548 2386 ὡς
605 2325 865 2388 πολλάκις
909 2325 1117 2397 βρωτοῦ
1175 2328 1492 2399 μεταλήψει,
1536 2330 1611 2400 τῷ
1656 2331 1810 2401 ἀηδεῖ

233 2416 323 2467 τοῦ
348 2418 623 2487 στομάχου
656 2419 900 2488 μηδόλως
931 2420 1251 2485 σιτίζεσθαι.
1281 2423 1354 2475 Οὐ
1379 2424 1538 2494 μόνον
1568 2425 1644 2487 δὲ,
1674 2425 1811 2478 ἀλλὰ

236 2507 329 2560 καὶ
360 2507 534 2563 ταῦτα
565 2509 663 2582 τὴν
691 2511 919 2564 καθόλου
947 2511 1118 2582 λήθην
1145 2514 1376 2568 ἐνεποίει
1405 2516 1504 2586 τῆς
1531 2516 1803 2588 βρώσεως.

234 2597 365 2651 Ποῖα
407 2599 461 2653 δὲ
509 2599 720 2664 ταῦτα;
767 2600 830 2656 Ἠ
863 2603 962 2671 τῆς
1006 2602 1356 2668 διδασκαλίας
1408 2607 1650 2676 φροντὶς,
1691 2610 1724 2678 ή
1751 2609 1807 2659 ἐν

235 2690 500 2760 πνεύματι
547 2692 781 2763 θεωρία,
838 2693 938 2763 τῆς
989 2693 1083 2748 τοῦ
1138 2696 1296 2766 λόγου
1334 2697 1658 2766 θεραπείας,
1710 2703 1808 2772 τῆς

235 2780 336 2836 τῶν
367 2782 605 2854 Γραφῶν
642 2786 902 2857 ἱστορίας,
948 2786 1051 2857 τῆς
1082 2789 1189 2842 τῶν
1241 2791 1427 2862 χηρῶν
1479 2793 1808 2865 κηδεμονίας

233 2874 264 2943 ἡ
308 2875 618 2945 ἐπιμέλεια,
648 2877 754 2930 τῶν
787 2877 983 2945 ἄλλων,
1015 2875 1096 2943 οἷς
1136 2881 1164 2933 6
1196 2880 1302 2934 τῶν
1327 2883 1522 2954 νίεηρέων
1552 2883 1807 2939 πλέκεται

234 2966 515 3036 στέφανος,
552 2971 585 3039 ή
631 2970 885 3044 διηνεκὴς
939 2972 1142 3045 μελέτη
1185 2975 1281 3028 καὶ
1332 2975 1594 3047 μέριμνα.
1629 2977 1808 3047 Χῆραί

232 3076 366 3121 τινες
392 3056 535 3131 ἦσαν
562 3061 866 3130 τηνικαῦτα
891 3064 1232 3137 φιλόσαρκοι,
1265 3061 1355 3130 αἷς
1385 3070 1471 3122 ἀεὶ
1501 3070 1803 3141 παραινῶν,

233 3150 404 3204 πείθει
434 3152 586 3205 δυοῖν
615 3153 832 3208 ἑλέσθαι
867 3157 927 3211 τὸ
961 3156 1171 3229 ἕτερον,
1207 3159 1240 3231 ἢ
1274 3159 1352 3230 τῷ
1395 3162 1658 3232 πρέποντι
1708 3161 1807 3233 βίῳ

234 3243 422 3313 χήραις
460 3244 639 3314 βιοῦν,
670 3246 704 3316 -ῆ
738 3251 935 3320 χωρεῖν
969 3251 1066 3303 ἐπὶ
1103 3250 1393 3322 δευτέρους
1421 3253 1650 3324 γάμους,
1691 3255 1756 3308 ἵν’
1782 3259 1813 3310 6

234 3336 365 3399 θεῖος
397 3340 561 3410 νόμος
594 3340 918 3412 ἀνύϐριστος
949 3345 1085 3416 μένῃ
1104 3347 1197 3398 καὶ
1222 3347 1558 3412 ἀδιάπτωτος
1578 3363 1591 3376 ·
1611 3350 1722 3414 τοῖς
1748 3355 1812 3404 ἐκ

229 3429 319 3483 τοῦ
374 3432 596 3503 δήμου,
643 3434 944 3500 λιτανείαις
997 3440 1368 3511 ἐπαγρυπνεῖν
1437 3445 1533 3497 καὶ
1594 3444 1810 3514 δεήσεσι

230 3525 416 3607 νυκτὸς
442 3529 539 3580 καί⁵
577 3529 791 3600 ἡμέρας
813 3545 826 3557 ·
860 3534 1128 3604 γυναιξὶν,
1159 3529 1246 3597 αἷς
1286 3538 1318 3604 ἡ
1360 3536 1585 3605 πρόοδος
1617 3541 1807 3609 εἴργη-

229 3631 334 3681 ται,
382 3617 500 3671 κατ’
532 3620 715 3685 οἴκους
771 3623 1200 3694 προσεύχεσθαιο
1249 3627 1524 3693 πλουσίοις
1573 3631 1808 3683 ἀποστο-

234 3704 393 3770 λικῶς
424 3709 867 3782 ἡσφαλίζετομη
905 3713 1322 3785 ὑψηλοφρονεῖν,
1360 3724 1495 3788 μήτε
1531 3720 1609 3790 τῷ
1631 3722 1814 3792 ἀδήλῳ

232 3800 322 3852 καὶ
375 3803 602 3877 ἀστάτῳ
636 3805 732 3858 τοῦ
783 3805 1020 3884 »πλούτου
1077 3810 1170 3862 καὶ
1220 3811 1524 3882 διαρρἐντι
1579 3814 1809 3886 ἠλπικέ-

228 3911 331 3949 ναι.

296 4075 376 4132 ιδ’.
430 4077 595 4133 ’Λλλά
653 4079 748 4133 καὶ
795 4081 964 4135 ταῦτα
1002 4083 1063 4134 ἐκ
1099 4070 1308 4137 πολλῶν
1365 4087 1726 4158 ἐπιτροχάδην
1775 4091 1803 4142 6

227 4169 377 4240 λόγος
415 4175 475 4227 ἐν
511 4174 707 4246 βραχεί
739 4175 1112 4248 διηγόρευσεν.
1153 4178 1320 4251 Ἀρχὴ
1342 4179 1397 4234 δέ
1431 4198 1514 4244 τις
1549 4183 1801 4236 ἐντεῦθεν

231 4262 355 4335 ἄλλη
411 4269 757 4338 παρέστηκε,
791 4271 924 4338 πρὸς
975 4270 1041 4340 ἣν
1091 4271 1490 4342 καθιστάμεθα.
1541 4275 1644 4328 Τὸν
1689 4275 1800 4346 -μὲν

228 4356 324 4427 ἤδη
352 4360 594 4430 ’πρώτως
641 4361 786 4433 χειρὶ
835 4363 928 4414 καὶ
985 4364 1151 4416 εἰκόνι
1193 4364 1327 4418 Θεοῦ
1379 4367 1676 4437 τιμηθέντα
1723 4370 1797 4439 μὴ

1919 1960 2153 2029 primum
2182 1957 2403 2028 quidem
2439 1957 2623 2010 vinum
2655 1955 2838 2010 bibere
2874 1954 3158 2016 renucbat,
3198 1964 3521 2024 praetexens

1919 2050 2155 2104 calorem
2178 2049 2400 2118 capitis.
2432 2046 2831 2118 Nonnunquam
2858 2048 3002 2099 enim
3035 2045 3291 2099 utebatur
3321 2045 3498 2099 solum

1920 2143 1971 2195 in
2004 2149 2192 2196 :estatc
2223 2156 2288 2196 eo
2311 2142 2452 2208 quod
2485 2139 2686 2195 dicitur
2715 2155 2778 2193 ex.
2809 2139 2964 2192 rosis.
3001 2137 3254 2192 Secundo
3289 2149 3495 2199 autem,

1918 2233 2062 2306 quod
2100 2250 2163 2289 ex
2218 2235 2457 2304 quadam
2508 2233 2877 2287 imbecillitate
2921 2230 3056 2286 male
3111 2230 3344 2285 habebat
3395 2241 3501 2284 sto-

1918 2327 2166 2389 machus,
2199 2335 2253 2381 et
2306 2341 2650 2396 nequaquam
2691 2341 2793 2380 suo
2857 2324 3183 2394 fungebalur
3231 2338 3497 2388 munere;

1917 2421 2051 2475 adeo
2088 2431 2144 2473 ut
2185 2434 2328 2490 saepe
2351 2435 2472 2474 cum
2509 2419 2691 2473 cibum
2727 2427 2986 2481 sumeret,
3022 2423 3247 2486 propter
3289 2425 3496 2471 sterna-

1916 2512 2003 2567 Chi
2038 2512 2339 2573 fastidium.
2371 2512 2596 2566 minime
2619 2511 2847 2565 omnino
2889 2510 3149 2564 aleretur.
3172 2506 3287 2564 Non
3314 2509 3496 2564 solum

1915 2617 2096 2661 autem
2128 2621 2211 2671 ea,
2239 2607 2332 2661 sed
2369 2606 2481 2660 haec
2508 2618 2725 2674 quoque
2772 2603 3102 2663 etliciebant,
3137 2611 3197 2655 ut
3222 2603 3327 2656 cibi
3380 2619 3497 2656 om-

1910 2697 2045 2752 nino
2074 2697 2515 2753 oblivisceretur.
2548 2697 2806 2763 Qumnam
2841 2711 2902 2751 ea
2933 2695 3095 2750 sunt?
3121 2695 3371 2750 Studium
3403 2697 3499 2750 do-

1914 2791 2128 2851 ctrinae.
2191 2791 2244 2844 in
2301 2791 2496 2861 spiritu
2575 2790 2991 2858 contemplatio,
3048 2789 3198 2843 verbi
3261 2789 3498 2852 curatio,

1915 2883 2324 2953 Scripturarum
2368 2883 2636 2954 cognitio,
2690 2898 2822 2937 cura
2865 2881 3180 2946 viduarum,
3235 2881 3497 2946 aliorum,
3556 2943 3560 2946 ,

1916 2978 2118 3048 quibus
2169 2977 2520 3032 sacerdotum
2562 2975 3167 3053 coronapcontexitur,
3214 2973 3498 3031 meditatio

1915 3069 2136 3126 assidua
2170 3077 2223 3126 et
2262 3069 2598 3128 sollicitudo.
2640 3070 2808 3122 Erant
2846 3081 2973 3123 tunc
3019 3069 3268 3138 quaedam
3318 3065 3498 3122 vidua:

1919 3167 2102 3222 carnis
2135 3168 2448 3231 amatrices,
2503 3167 2706 3237 quibus
2756 3166 2977 3220 assidue
3027 3168 3268 3219 suadens
3309 3163 3496 3220 studet

1920 3268 1978 3313 ut
2005 3259 2237 3314 alterum
2280 3259 2484 3329 eligant
2512 3275 2541 3312 e
2588 3256 2801 3312 duobus
2839 3276 2852 3310 :
2897 3267 2955 3311 ut
2999 3256 3082 3311 vel
3120 3256 3284 3324 vitam
3333 3261 3498 3324 agant

1917 3367 2079 3422 quam
2109 3351 2267 3405 decet
2319 3352 2543 3417 viduas;
2578 3352 2659 3405 vel
2702 3365 2760 3404 se
2817 3350 2884 3404 ad
2945 3343 3219 3405 secundas
3273 3348 3497 3418 nuptias
3547 3338 3552 3342 ’

1918 3444 2228 3503 conferant,
2264 3455 2317 3496 ut
2349 3445 2430 3498 lex
2461 3444 2642 3496 divira
2676 3451 2892 3496 maneat
2919 3442 3086 3496 ilhesa
3118 3451 3170 3496 et
3206 3442 3491 3496 inviolata.

1919 3535 1991 3590 lis
2022 3535 2115 3606 qui
2147 3543 2299 3590 erant
2336 3551 2398 3588 ex
2444 3535 2669 3605 populo,
2721 3532 2994 3586 suadebat
3036 3541 3192 3585 nocte
3226 3531 3386 3586 etdie
3414 3529 3496 3584 vi-

1914 3630 2084 3699 gilare
2145 3629 2197 3681 in
2255 3627 2510 3698 precibus
2571 3635 2624 3680 ct
2673 3625 3212 3696 supplicationibus;
3275 3623 3494 3679 feminis

1912 3722 2114 3792 quibus
2171 3738 2278 3775 non
2309 3722 2434 3776 licet
2462 3723 2611 3776 foras
2647 3718 2920 3789 progredi,
2951 3718 3097 3771 domi
3135 3716 3366 3786 precari.
3402 3715 3528 3771 Di-'

1912 3817 2050 3870 vites
2091 3815 2390 3884 apostolice
2421 3813 2772 3875 admonebat,
2805 3827 2874 3866 ne
2899 3811 3063 3865 nimis
3087 3795 3227 3865 altos
3259 3809 3491 3880 spiritus

1908 3907 2300 3976 conciperent,
2362 3920 2541 3973 neque
2612 3904 2666 3959 in
2733 3903 2958 3958 incertis
3033 3902 3496 3970 iustabilibusque

1905 4008 1960 4054 et
2001 3997 2374 4053 diffluentibus
2415 3997 2620 4052 divitiis
2658 3995 2888 4050 omnino
2939 4009 3095 4064 spem
3137 3992 3422 4047 haberent.

1973 4091 2063 4145 1-4.
2109 4090 2213 4146 Sed
2245 4090 2360 4143 haec
2395 4091 2613 4161 quidem
2657 4103 2838 4159 pauca
2862 4104 2927 4144 ex
2961 4088 3146 4142 multis
3172 4086 3493 4141 volubiliter

1907 4185 2183 4240 recensuit
2213 4185 2410 4237 oratio.
2461 4182 2596 4237 Hinc
2630 4191 2813 4238 autem
2849 4183 2996 4238 aliud
3026 4180 3302 4250 quoddam
3347 4179 3493 4235 exsio

1909 4279 2026 4342 stit,
2057 4280 2110 4332 in
2154 4294 2260 4348 quo
2304 4293 2516 4342 sumus,
2569 4276 2924 4347 principium.
2964 4274 3096 4343 Eum
3135 4273 3354 4346 quidem
3395 4273 3491 4344 qui

1909 4387 2068 4426 manu
2099 4382 2152 4426 et
2189 4371 2422 4440 imagine
2457 4369 2546 4424 Dei
2576 4370 2807 4438 primum
2831 4367 3004 4422 fuerat
3025 4367 3350 4432 honoratus,
3379 4380 3490 4421 non

228 4453 404 4521 φέρων
431 4455 566 4525 ὁρᾷν
594 4455 685 4508 ἐπὶ
711 4456 967 4510 τοσοῦτον
996 4461 1022 4511 6
1045 4460 1426 4530 ἀντικείμενος
1455 4462 1549 4530 τῆς
1598 4463 1796 4516 ἁπόνου

1910 4463 2084 4518 ferens
2118 4462 2464 4517 adversarius
2496 4461 2678 4516 videre
2713 4461 2787 4514 ita
2823 4458 2928 4513 frui
2963 4458 3111 4512 nullo
3142 4457 3329 4512 labore
3367 4473 3484 4527 par.

227 4550 433 4616 τρυφῆς
471 4547 566 4601 καὶ
612 4548 825 4621 διαίτης
858 4550 1107 4621 ἐκείνης,
1156 4555 1606 4623 παρεσκευάσατο
1643 4557 1798 4624 γενέ-

229 4638 348 4691 σθαι
393 4641 489 4694 καὶ
545 4640 640 4694 τοῦ
675 4641 862 4710 Θεοῦ,Ῑ
891 4644 985 4696 καὶ
1031 4644 1125 4696 τοῦ
1177 4647 1526 4716 παραδείσου,
1559 4649 1652 4700 καὶ
1701 4649 1800 4719 τῆς

225 4730 385 4800 τιμῆς
412 4732 732 4805 ὑπερόριον,
764 4735 908 4804 ὕφει,
936 4736 1029 4790 καὶ
1054 4735 1278 4808 βρώσει,
1314 4740 1404 4792 καὶ
1435 4742 1677 4808 γυναικὶ,
1706 4743 1798 4795 καὶ

225 4819 356 4891 δόλῳ
408 4824 508 4893 τὴν
577 4823 775 4894 ἄτιμον
831 4824 977 4894 ζωὴν
1036 4828 1129 4880 καὶ
1174 4828 1266 4883 ,τὸν
1321 4829 1550 4885 θάνατον
1607 4832 1796 4886 τούτου

228 4918 704 4985 μηχανησάμενος.
746 4918 984 4982 Ἐκεῖνος
1030 4920 1294 4989 καὶπρὸς
1337 4922 1428 4976 τὸν
1471 4924 1604 4977 Θεὸν
1646 4926 1799 4979 ἀναι-

224 5006 454 5074 δεύεται,
513 5006 606 5062 τδν
661 5010 798 5067 Ἰὼϐ
837 5012 1256 5082 ἐξαιτούμενος·
1297 5018 1325 5070 6
1375 5017 1535 5081 αὐτὸς
1599 5019 1793 5089 μηκέτι

227 5099 427 5168 στέγων
454 5103 588 5173 ὁρᾷν
610 5103 709 5173 τὴν
747 5104 1075 5175 Ἐκκλησίαν
1103 5106 1237 5160 ὡσεὶ
1266 5110 1592 5179 παράδεισον
1625 5112 1795 5184 ὡραῖ-

226 5189 477 5264 ζομὲνην,
533 5197 626 5248 καὶ
664 5195 740 5267 τῷ
773 5197 956 5250 κάλλει
1000 5199 1108 5250 τῶν
1156 5201 1373 5254 οἰκείων
1407 5204 1654 5274 καρπῶν,
1689 5205 1796 5256 τῶν

223 5284 424 5338 τέκνων
487 5287 938 5358 ἀστράπτουσαν,
987 5291 1081 5344 καὶ
1122 5292 1210 5345 τὸν
1259 5295 1502 5366 γεωργὸν
1552 5295 1650 5368 τὴν
1699 5298 1796 5368 τῆς

224 5377 440 5448 ἐντολῆς
495 5379 650 5444 ἀξίαν
702 5382 1065 5454 συντηροῦντα
1115 5386 1205 5439 καὶ
1255 5387 1354 5455 τῆς
1402 5388 1636 5455 εἰκόνος,
1699 5389 1796 5454 τὰς

227 5469 594 5536 ἀποστατικὰς
631 5475 720 5526 ὑπ’
754 5476 913 5528 αὑτὸν
940 5476 1198 5548 δυνάμεις
1241 5482 1792 5554 συμπαραλαμὸἀνει,
1827 5503 1830 5506 ’

228 5568 491 5632 μηχαναῖς
525 5566 675 5631 ὅσαις
716 5569 808 5621 καὶ
851 5569 1157 5639 μεθοδείαις
1187 5572 1277 5625 τὸν
1311 5574 1448 5626 κατὰ
1483 5575 1574 5628 τοῦ
1625 5575 1791 5629 καλοῦ

226 5653 468 5722 γεωργοῦ
496 5659 586 5708 καὶ
608 5659 863 5729 ποιμένος
893 5661 1127 5722 πόλεμον
1149 5663 1669 5734 ἀναῤῥιπισάμενος.
1687 5668 1794 5719 Καὶ

227 5741 387 5808 ὅπως,
411 5744 691 5802 ἀναλαϐὼν
722 5751 1069 5823 διηγήσομαι’
1101 5754 1390 5826 Σαραπίων
1412 5773 1493 5819 τις
1521 5757 1660 5810 οὕτω
1690 5776 1786 5811 κας

225 5831 494 5908 λούμενος,
523 5842 784 5910 διακόνοις
812 5846 1000 5910 τελῶν,
1036 5847 1128 5900 καὶ
1151 5847 1254 5901 ὑπὸ
1284 5848 1360 5922 τῷ
1393 5850 1540 5920 καλῷ
1574 5855 1794 5924 ποιμένι,

297 5933 337 5964 ⁸³
373 5936 494 5992 Act.
526 5955 615 6002 xx.
655 5941 744 5995 20.
827 5943 869 5974 ¹⁹
904 5940 1034 5998 Luc.
1070 5959 1124 6003 χ,
1165 5942 1216 5997 7.

1902 4556 1974 4612 tis
2001 4555 2210 4610 deliciis
2243 4565 2295 4610 et
2323 4555 2493 4615 victu,
2519 4552 2696 4609 effecit
2725 4562 2782 4605 ut
2813 4567 2842 4604 a
2868 4550 2997 4618 Deo,
3032 4551 3288 4621 paradiso
3306 4560 3357 4605 et
3385 4551 3485 4607 ho-.

1903 4665 2032 4704 nore
2058 4649 2421 4718 expelleretur
2443 4689 2458 4713 ,
2489 4657 2765 4718 serpente,
2796 4655 2850 4701 et
2885 4645 3028 4709 cibo,
3062 4655 3116 4699 et
3149 4644 3397 4710 muliere,
3428 4652 3483 4697 et

1901 4743 2048 4807 dolo,
2085 4741 2509 4812 ignominiosam
2541 4740 2705 4793 vitam
2737 4747 2792 4793 et
2835 4743 3064 4791 mortem
3117 4737 3164 4790 ei
3197 4736 3484 4790 machina—

1901 4845 2011 4890 tus.
2045 4835 2136 4889 llle
2165 4834 2329 4888 etiam
2357 4836 2621 4889 adversus
2652 4831 2818 4886 Deum
2853 4846 2910 4884 se
2945 4829 3291 4900 impudenter
3318 4830 3479 4900 gerit,

1897 4926 1998 4982 .lob
2044 4928 2327 4983 incusans.
2367 4924 2510 4981 ldem
2559 4939 2667 4979 non
2704 4923 2938 4993 amplius
2973 4924 3258 4976 sustinens
3298 4922 3482 4978 ridere

1899 5020 2221 5086 Ecclesiam,
2267 5034 2386 5091 quae
2429 5027 2545 5073 erat
2599 5016 2848 5087 speciosa
2888 5016 3062 5070 instar
3107 5014 3371 5084 paradisi,
3425 5021 3481 5067 et

1897 5129 2122 5169 suorum
2166 5113 2476 5175 fructuum,
2527 5124 2723 5179 nempe
2769 5108 3002 5162 liliormn
3032 5146 3048 5169 ,
3096 5106 3480 5175 resplendebat

1898 5202 2351 5272 pulchritudine;
2402 5207 2453 5255 et
2506 5199 2824 5270 agricolam,
2878 5199 2966 5268 qui
3017 5196 3066 5252 ei
3120 5197 3373 5266 przecepti
3423 5205 3480 5250 et

1897 5295 2148 5365 imaginis
2197 5293 2556 5369 conservabat
2607 5291 2955 5362 dignitatem,
3004 5289 3302 5346 rebellibus
3353 5306 3477 5360 qua:

1898 5391 2000 5446 sub
2036 5391 2151 5458 ipso
2197 5396 2323 5442 sunt
2358 5385 2720 5457 potestatibus
2755 5400 2879 5439 eum
2917 5394 3072 5438 curat
3109 5382 3479 5452 comprehen-

1896 5482 2134 5539 dendum
2183 5481 2452 5536 machinis
2487 5493 2538 5533 et
2572 5479 2803 5542 insidiis,
2838 5479 3111 5533 suscitans
3145 5477 3342 5532 bellum
3375 5475 3474 5528 ad-

1896 5590 2088 5630 versus
2142 5572 2342 5628 bonum
2383 5571 2678 5641 agricolam
2723 5580 2774 5624 et
2824 5561 3126 5639 pastorem.
3188 5566 3474 5633 Quomodo

1895 5677 2074 5722 autem
2101 5662 2390 5721 ?‘uarrabo
2431 5666 2497 5720 ab
2532 5664 2643 5718 alto
2674 5661 3217 5734 repetens..Quidam
3253 5661 3476 5715 nomine

1898 5760 2182 5832 Serapioii,
2207 5761 2296 5830 qui
2322 5769 2435 5815 erat
2460 5757 2722 5814 diaconus
2746 5757 2846 5812 sub
2873 5756 2974 5808 hoc
2999 5756 3214 5825 egregio
3235 5760 3473 5824 pastore,

1897 5853 2103 5910 invidia
2131 5853 2331 5909 diaboli
2356 5862 2408 5909 et
2433 5850 2678 5907 mulieris
2709 5849 2946 5920 impulsu
2981 5845 3263 5917 (indicabit
3289 5851 3470 5898 autem
3508 5899 3510 5901 _
