4108 6306
504 371 615 439 255

1763 365 2038 428 LEONIS
2069 365 2528 430 PIIILOSOPHI

3671 377 3797 443 956

507 501 629 542 eant
662 497 880 555 quoque
910 480 1107 552 oratio)
1137 521 1152 542 .
1185 495 1309 535 eum
1339 489 1479 536 esset
1508 479 1741 535 callidus
1768 491 1821 535 et
1855 481 2092 536 malitio-

2206 482 2542 554 ταττόμενος,
2577 483 2755 555 φθόνῳ
2797 483 3047 538 διαϐόλου
3097 486 3190 537 καὶ
3231 487 3484 554 γυναικὸς
3539 487 3792 560 ἐπηρείᾳ

507 595 627 645 sus,
658 577 866 650 pastori
899 591 1029 632 vero
1065 576 1369 641 familiaris,
1414 580 1594 629 movet
1622 590 1862 640 omnem,
1901 585 1959 628 nt
2004 574 2088 627 di-

509 674 693 735 citur,
735 670 992 742 lapidem,
1043 677 1102 724 ιιι
1149 670 1334 722 odium
1382 678 1437 722 et
1487 666 1844 723 offensionem
1894 668 2092 723 excitet

507 767 774 821 adversus
815 765 1063 818 divinum
1100 761 1438 831 pontiﬁcem.
1488 760 1556 814 Et
1590 761 1826 831 primum
1870 760 2089 832 quidem

511 859 614 912 hoc
645 856 777 911 facit
806 873 821 909 :
851 871 975 910 cum
1005 853 1301 909 Severiano
1329 854 1586 924 episcopo
1618 854 1961 925 colloquens,
1999 865 2092 910 aut

507 947 717 1020 aliquid
750 961 942 1002 eorum
974 946 1184 1009 dicens,
1213 961 1337 1014 qum
1370 946 1634 1000 dicuntur
1662 946 1940 1016 quotidie,
1983 946 2094 1001 fre~

508 1049 598 1095 tus
643 1055 706 1095 ea
736 1053 858 1110 qua}
902 1038 1045 1109 apud
1092 1039 1403 1108 pontiﬁcem
1439 1037 1488 1094 ei
1535 1048 1653 1092 erat
1693 1038 1891 1094 fiducia
1927 1046 1984 1094 et
2014 1038 2095 1093 lo-

508 1129 712 1202 quendi
767 1130 1053 1211 libertate,
1111 1128 1306 1184 sedens
1349 1143 1473 1182 cum
1528 1144 1592 1183 eo
1642 1129 1965 1184 disserebat.
2026 1129 2093 1184 Ut

508 1233 690 1278 autem
735 1225 874 1279 solet
928 1225 980 1276 in
1026 1222 1113 1279 his
1150 1221 1420 1286 accidere,
1471 1223 1709 1293 quodam
1745 1225 1833 1278 die
1869 1239 1978 1278 non
2017 1223 2095 1278 fe-

513 1334 641 1374 rens
670 1317 912 1373 dedecus
955 1315 1320 1379 Severianus,
1354 1330 1510 1371 suam
1539 1316 1825 1370 attendens
1856 1315 2096 1387 dignita-

510 1420 618 1466 tem
653 1421 704 1466 et
734 1412 958 1480 gradum
993 1408 1229 1471 diaconi,
1262 1407 1464 1461 dicitur
1491 1408 1786 1478 aliquando
1815 1409 1922 1463 tale
1962 1409 2093 1478 quid

509 1504 719 1558 dixisse
758 1519 770 1553 :
813 1501 869 1556 Si
909 1500 1173 1570 Serapion
1201 1508 1452 1554 mortuus
1507 1499 1669 1554 fuerit
1710 1498 2092 1564 Christianus,

511 1596 768 1652 Christus
811 1612 917 1649 non
956 1593 1051 1648 fuit
1094 1594 1276 1647 homo.
1303 1592 1426 1646 Hoc
1458 1607 1580 1646 cum
1611 1591 1912 1647 audivisset
1941 1590 2097 1646 Vafer

511 1690 602 1745 ille
629 1696 685 1744 et
711 1690 871 1759 plane
906 1687 1083 1742 factus
1110 1686 1177 1741 ad
1230 1686 1518 1750 malitiam,
1556 1701 1679 1739 cum
1712 1686 1919 1740 dictum
1957 1686 2096 1740 divi-

508 1785 690 1850 sisset,
729 1782 871 1854 apud
903 1790 1151 1836 sanctum
1209 1790 1432 1836 accusat
1461 1779 1846 1846 Severianum,
1875 1790 1935 1834 ut
1973 1781 2095 1852 ejus

509 1890 568 1935 et
594 1877 796 1936 Christi
851 1876 1132 1931 inimicum
1156 1915 1170 1941 ,
1205 1885 1263 1930 ut
1290 1876 1382 1946 qui
1425 1875 1674 1940 dixisset,
1705 1875 1959 1932 Christus
1987 1892 2094 1931 non

510 1971 616 2026 fuit
645 1972 831 2036 homo,
859 1985 888 2024 e
934 1986 1035 2024 sua
1071 1979 1290 2024 caterva
1331 1968 1495 2038 hujus
1525 1969 1660 2023 dicti
1698 1977 1868 2025 testes
1897 1971 2100 2039 produ-

509 2081 666 2121 cens.
724 2063 869 2131 Quid
927 2078 1058 2133 ergo
1106 2062 1397 2134 oportebat
1446 2062 1627 2117 facere
1671 2063 1900 2118 zelotem
1944 2063 2095 2118 illum

511 2155 709 2222 Etiam,
743 2172 776 2211 ο
814 2171 911 2227 per
946 2155 1120 2226 ipsam
1147 2152 1419 2224 justitiam
1452 2153 1476 2208 1
1510 2155 1703 2225 (detur
1729 2156 1873 2209 enim
1910 2155 1989 2209 sic
2019 2160 2102 2208 in—

513 2261 598 2307 ter
639 2250 830 2305 laudes
885 2248 1092 2318 dicere)
1133 2247 1415 2304 dimittere
1458 2247 1512 2302 id
1560 2248 1706 2319 quod
1760 2248 1865 2302 sibi
1921 2247 2100 2303 fuerat

512 2343 892 2400 renuntiatum
923 2342 948 2395 ί
996 2355 1105 2396 non
1146 2340 1371 2395 credere
1401 2355 1464 2394 ea
1495 2355 1617 2410 quae
1648 2341 1794 2395 dicta
1825 2339 2040 2395 fuerant
2071 2356 2099 2394 a

519 2437 800 2494 testibus?
855 2435 1046 2508 procul
1078 2435 1377 2490 amandare
1410 2448 1506 2490 eos
1546 2435 1638 2506 qui
1671 2434 1976 2505 loquuntur
2007 2449 2102 2503 pro

513 2530 787 2589 Christo?
840 2532 904 2586 Et
950 2529 1076 2600 quis
1125 2544 1230 2584 non
1278 2543 1423 2600 aegre
1454 2528 1693 2595 lUliSSt'l,
1724 2537 1777 2582 et
1807 2527 2104 2598 reprehen-

513 2625 690 2683 disset
746 2622 1096 2694 pontiﬁcem,
1155 2637 1279 2676 eum
1345 2621 1579 2677 callidus
1625 2625 1818 2676 horum
1882 2617 2100 2686 artifex,

511 2717 728 2777 etiamsi
766 2725 898 2771 tunc
943 2716 1292 2787 ignoraretur
1346 2713 1576 2781 malitia,
1622 2721 1913 2784 propterea
1955 2714 2100 2784 quod

512 2818 672 2867 actus
705 2818 854 2866 esset
888 2822 1206 2879 perversus.
1246 2807 1589 2862 elamaturus
1644 2816 1793 2863 esset
1833 2806 2103 2862 adversus

506 2903 752 2976 judicem
775 2910 830 2958 et
854 2901 1175 2975 pastorem?
1204 2900 1298 2956 sed
1319 2900 1457 2955 sicut
1492 2899 1875 2970 audio,judica
1907 2899 1976 2964 ’°,
2017 2899 2103 2952 in-

509 2996 630 3069 quit
654 2993 930 3059 Christus,
955 3007 1080 3048 cum
1110 2991 1293 3047 adhuc
1320 2991 1538 3047 essetin
1569 2991 1672 3045 hac
1693 2991 1800 3046 vita
1825 2998 1878 3044 et
1907 3003 2094 3044 carne.

508 3088 680 3159 Cujus
711 3084 1261 3157 discipulus,justam
1295 3084 1376 3142 sic
1409 3083 1590 3138 ferens
1616 3082 1967 3146 sententiam,
1993 3081 2108 3136 eci-

2194 574 2379 644 (δείξει
2414 575 2472 628 δὲ
2519 577 2614 628 καὶ
2641 576 2844 646 ταύτην
2887 576 2916 627 6
2963 576 3142 645 λόγος)
3163 574 3332 639 δεινὸς
3358 575 3432 630 ὢν
3475 577 3571 630 καὶ
3611 579 3795 649 σοφὸς

2192 669 2272 731 εἰς
2297 667 2518 732 κακίαν,
2549 671 2749 732 οἰκεῖος
2781 669 2836 722 δὲ
2864 667 2942 740 τῷ
2971 670 3212 740 ποιμένι,
3240 669 3417 724 πάντα
3448 671 3616 736 λίθον,
3646 672 3676 725 δ
3710 671 3792 742 δὴ

2191 759 2430 826 λέγεται,
2461 764 2622 824 κινεῖ,
2660 760 2852 830 μίσους
2874 760 3048 825 λαϐὰς
3082 761 3178 814 καὶ
3203 760 3518 815 σκανδάλων
3542 764 3618 834 τῷ
3644 763 3794 835 θείῳ

2193 853 2474 922 ἀνεγεῖραι
2524 854 2796 926 ἀρχιερεῖ.
2851 856 2959 908 Καὶ
3008 854 3223 924 πρῶτον
3277 855 3376 926 μὲν
3423 855 3664 910 τοιοῦτόν
3721 873 3792 909 τι

2193 946 2326 1018 590:3-
2359 947 2675 1019 Σευηρεανῷ
2718 947 2796 1018 τῷ
2837 948 3120 1019 ἐπισκόπῳ
3158 949 3529 1021 προσομιλῶν,
3593 952 3628 1023 ἥ
3665 969 3789 1004 «τινι

2192 1040 2302 1094 τῶν
2330 1041 2506 1096 ἄλλων
2530 1043 2649 1095 ὅσαι
2679 1043 2890 1113 ἡμέραι
2917 1041 3320 1113 διαλεγόμενος,
3355 1044 3517 1114 δῆθεν
3543 1048 3608 1117 τῇ
3640 1045 3791 1116 πρδς

2193 1133 2285 1186 τὸν
2323 1134 2585 1206 ἀρχιερέα
2626 1135 2847 1206 θαρρῶν
2886 1136 3193 1208 παρρησίᾳ,
3233 1137 3596 1207 καθεζόμενος
3625 1136 3792 1205 αὐτῷ

2193 1224 2489 1293 διελέγετο.
2539 1221 2639 1279 Οἷα
2682 1227 2738 1279 δὲ
2798 1224 2947 1295 φιλεῖ
2994 1229 3053 1279 ἐν
3102 1230 3212 1290 τοῖς
3259 1226 3543 1295 τοιούτοις,
3582 1228 3639 1280 ὲν
3679 1229 3793 1298 μιᾷ
3867 1245 3872 1248 ·

2196 1335 2328 1372 ποτε
2362 1318 2435 1390 μὴ
2487 1319 2726 1389 ἐνεγκὼν
2759 1321 2825 1373 τὰ
2853 1320 2952 1391 τῆς
3003 1320 3227 1389 ἀτιμίας
3265 1321 3292 1373 ὁ
3339 1321 3661 1393 Σευηριανὸς
3707 1323 3788 1391 τῇ

2198 1409 2394 1463 ἑαυτοῦ
2441 1409 2569 1482 ἀξίᾳ
2602 1409 2879 1482 προσχὼν,
2910 1411 3007 1464 καὶ
3049 1409 3126 1480 τῷ
3157 1410 3250 1463 τοῦ
3280 1410 3527 1464 διακόνου
3561 1409 3788 1482 βαθμῷ,

2197 1504 2415 1570 λέγεταί
2441 1506 2569 1559 ποτέ
2598 1523 2652 1560 τι
2703 1505 2939 1559 τοιοῦτον
2973 1507 3146 1558 εἰπεῖν
3171 1522 3184 1536 ·
3219 1505 3284 1558 ΕΞ
3317 1504 3609 1574 Σαραπίων
3643 1505 3791 1575 Χρι-

2201 1599 2416 1660 στιανὸς
2461 1598 2732 1670 ἀποθάνῃ.
2763 1598 2999 1668 Χριστὸς
3028 1598 3127 1651 οὐκ
3171 1597 3581 1668 ἑνηνθρώπησε.
3609 1597 3792 1650 Τοῦτο

2199 1691 2440 1756 ἀκούσας
2473 1693 2501 1744 ὁ
2529 1693 2701 1757 δεινὸς
2727 1694 2953 1756 ἐκεῖνος,
2990 1691 3085 1745 καὶ
3114 1691 3280 1755 πολὺς
3313 1693 3392 1755 εἰς
3420 1693 3642 1758 κακίαν,
3666 1691 3793 1744 δια-

2201 1785 2383 1855 τεμὼν
2422 1786 2482 1839 τὺ
2509 1784 2600 1840 τοῦ
2628 1784 2815 1850 ἔπους,
2848 1785 3122 1838 διαϐάλλει
3151 1785 3480 1855 Σευηριανὸν
3505 1785 3582 1856 τῷ
3614 1785 3790 1855 ἁγίῳ,

2201 1879 2394 1949 ἐχθρόν
2419 1896 2477 1932 τε
2503 1878 2631 1933 ὄντα
2664 1877 2829 1932 αὐτοῦ
2863 1879 2957 1932 καὶ
2979 1877 3236 1948 Χριστοῦ,
3270 1877 3345 1942 ὼς
3368 1879 3612 1941 είποντα,
3639 1879 3792 1948 Ἄρα

2200 1972 2435 2043 Χριστὸς
2463 1972 2563 2024 οὐκ
2596 1968 3012 2042 ὲνηνθρώπησε,
3041 1971 3324 2040 μάρτυρας
3363 1968 3454 2022 τοῦ
3491 1970 3656 2033 ἔπους
3686 1969 3789 2024 τοῦ

2204 2063 2422 2132 στίφους
2472 2062 2666 2117 ἑαυτοῦ
2709 2062 3167 2134 προόαλλὸμενος.
3193 2062 3258 2115 Τί
3301 2062 3393 2116 οῦν
3423 2061 3528 2115 ἔδει
3560 2063 3790 2132 ποιῆσαι

2201 2156 2290 2209 τὸν
2322 2155 2570 2227 ζηλωτὴν
2597 2157 2803 2210 δκείνον
2845 2155 3052 2222 Ἠλίαν,
3077 2155 3122 2206 ὣ
3153 2155 3287 2227 πρὸς
3314 2155 3412 2222 τῆς
3437 2153 3790 2223 δικαιοσύνης

2203 2248 2372 2318 αὐτῆς
2404 2238 2660 2316 (δεδόσθω
2693 2245 2802 2315 γὰρ
2840 2244 3010 2308 οὓτως
3045 2247 3220 2299 εἰπεῖν
3254 2245 3455 2317 μεταξὺ
3484 2245 3594 2298 τῶν
3621 2247 3784 2298 ἐπαί-

2203 2343 2329 2408 νων)
2351 2357 2365 2404 ;
2395 2339 2659 2411 μεθῆνσαι
2679 2338 2795 2409 (δίε)
2817 2337 2893 2410 τῷ
2911 2339 3291 2408 ἁταγγέλματι
3310 2356 3324 2406 ;
3343 2339 3689 2408 διαπιστῆσαι
3709 2337 3780 2391 τὰ

2207 2435 2662 2506 μαρτυρούμενα;
2716 2433 2903 2507 πόρρω
2959 2435 3085 2496 τοὺς
3137 2433 3298 2504 δῆθεν
3351 2433 3491 2504 ὑπὲρ
3547 2431 3779 2504 Χριστοῦ

2203 2526 2500 2591 λαλοῦντας
2545 2526 3182 2598 ἀποδιαπομπήσασθαι;
3219 2528 3313 2580 καὶ
3343 2527 3426 2590 τίς
3459 2528 3526 2580 ἂν
3555 2527 3654 2580 οὐκ
3689 2528 3790 2580 ἐπη-

2204 2610 2528 2690 εστύγνασε,
2587 2621 2682 2675 καὶ
2731 2620 3123 2692 κατεμέμψατο
3165 2619 3260 2674 τοῦ
3311 2621 3636 2693 ἀρχιερέως,
3688 2620 3791 2674 τοῦ

2204 2715 2375 2768 δεινοῦ
2409 2713 2665 2784 σοφιστοῦ
2705 2713 2812 2767 τῶν
2839 2716 3114 2779 τοιούτων,
3137 2714 3241 2769 κᾶν
3267 2716 3404 2779 τέως
3440 2715 3685 2786 ἠγνοεῖτο
3718 2715 3795 2770 τὰ.

2206 2810 2306 2881 τῆς
2332 2811 2526 2872 κακίας
2555 2809 2632 2879 τῷ
2671 2810 3015 2881 ἀντιστρόφῳ
3045 2809 3141 2863 τοῦ
3182 2809 3479 2880 δράματος,
3509 2809 3795 2879 καταϐοή-

2209 2919 2401 2968 σαντος
2444 2903 2538 2958 τοῦ
2571 2903 2759 2976 κριτοῦ
2797 2904 2892 2956 καὶ
2927 2903 3186 2971 ποιμένος
3209 2919 3224 2971 ;
3251 2903 3398 2974 Πλὴν
3426 2899 3541 2966 οῦν,
3582 2902 3792 2970 καθὼς

2206 2998 2427 3058 ἀκούω,
2459 2997 2662 3065 κρίνω,
2699 2998 2834 3068 φησὶ
2877 2994 2957 3066 τῷ
2996 2995 3095 3066 βίῳ
3132 2995 3307 3066 τούτῳ
3333 2994 3428 3048 καὶ
3460 2995 3538 3065 τῷ
3574 2998 3797 3066 σαρκίῳ

2209 3090 2288 3144 ἔτι
2321 3089 2512 3160 παρὼν
2542 3090 2568 3142 6
2595 3089 2832 3160 Χριστός
2851 3107 2866 3121 ο
2897 3084 2957 3144 οὗ
2982 3090 3012 3141 6
3040 3087 3288 3158 μαθητὴς
3316 3087 3415 3159 τὴν
3443 3088 3626 3157 κρίσιν
3648 3088 3800 3142 ἔνδι-

513 3180 682 3233 vitate
705 3177 924 3248 expellit
953 3174 1336 3237 Severianum,
1367 3182 1426 3228 ut
1467 3172 1561 3242 qui
1591 3171 2103 3243 blasphemavisset.

2210 3202 2306 3238 κον
2343 3184 2542 3239 οὑτωσὶ
2573 3183 2976 3254 ποιησάμενος,
3017 3182 3177 3254 ὲξελᾷ
3204 3180 3306 3252 τῆς
3356 3183 3563 3247 πόλεως
3612 3183 3794 3250 Σευη-

510 3271 685 3340 Quem
712 3286 858 3330 cum.
893 3285 1015 3342 qua:
1045 3277 1178 3340 tunc
1207 3267 1515 3339 imperabat
1551 3268 1891 3336 (eratautem
1927 3261 2108 3318 Eudo-

513 3364 655 3432 xia),
677 3364 788 3418 haec
803 3362 1102 3417 audivisset
1126 3375 1248 3416 esse
1266 3375 1513 3430 passum,
1535 3359 1729 3413 tollens
1748 3357 1913 3411 ﬁlium
1935 3355 2107 3411 Theo-

511 3456 732 3512 dosium
752 3456 907 3525 plane
924 3452 1404 3512 adlmcinl‘antem.
1433 3464 1558 3505 eum
1589 3447 1741 3520 ponit
1770 3457 1895 3505 ante
1928 3448 2106 3503 sancti

516 3551 704 3621 pedes,
764 3559 818 3604 et
863 3548 1115 3619 plurimis
1164 3547 1359 3600 adacto
1411 3545 1770 3600 sacramentis
1817 3543 2110 3614 persuadet

517 3643 794 3718 pontiﬁci,
829 3651 884 3696 ut
919 3657 1044 3695 cum
1075 3639 1372 3696 Severiano
1404 3639 1551 3692 ineat
1581 3636 1904 3692 amicitiam.
1943 3635 2110 3692 Seve—

524 3739 719 3793 rianus
745 3751 874 3791 vero
895 3734 1191 3789 amicitiam
1219 3732 1438 3803 quidem
1470 3731 1717 3795 simulat,
1745 3729 1980 3784 bcllttant
2011 3746 2110 3784 au-

522 3843 631 3887 tem
668 3829 1080 3884 inimicitiarum
1122 3827 1243 3898 agni
1285 3826 1424 3896 pelle
1458 3823 1807 3892 contegithet
1839 3824 2108 3878 adversus

525 3930 801 3995 pastorem
828 3921 969 3975 facta
1013 3923 1445 3990 conspiratione,
1474 3932 1583 3972 non
1611 3916 1755 3970 leves
1778 3913 1918 3985 apud
1938 3928 2112 3986 popu-

521 4019 634 4072 ltun
664 4015 927 4087 dispergit
947 4015 1279 4075 calumnias.
1305 4013 1372 4066 de
1398 4011 1644 4065 omnium
1676 4024 1863 4063 amore
1890 4009 1944 4062 in
1971 4024 2106 4079 pon-

521 4110 724 4166 tiﬁccm
784 4108 1017 4162 moliens
1062 4107 1361 4177 plurimum
1428 4103 1736 4159 detrahere.
1787 4101 1880 4156 ille
1926 4111 2110 4156 autem

519 4201 827 4260 calumnias
853 4201 1097 4271 quidem,
1127 4214 1249 4268 qua:
1273 4201 1326 4252 in
1358 4213 1483 4251 eum
1513 4195 1888 4261 struebantur,
1916 4210 2106 4265 parum

521 4307 616 4353 aut
663 4296 799 4352 nihil
836 4296 1062 4349 onmiuo
1101 4295 1326 4348 ctn'abat
1360 4308 1375 4358 ;
1419 4290 1561 4345 fama
1597 4304 1727 4344 vero
1783 4304 1895 4342 sua:
1928 4288 1982 4343 in
2024 4287 2110 4342 di-

518 4392 691 4448 cendo
728 4391 913 4463 gloriae
957 4398 1011 4446 et
1063 4389 1290 4443 alterius
1347 4386 1623 4448 utilitatis,
1697 4382 1984 4446 efﬁciebat,
2045 4388 2107 4436 ut

2213 3277 2417 3350 ριανδν,
2460 3276 2534 3340 ὡς
2565 3275 2726 3347 δῆθεν
2756 3275 3245 3347 βλασφημήσαντα.
3279 3277 3376 3330 Ὃν
3420 3277 3452 3346 ἡ
3489 3273 3798 3345 τηνικαῦτα.

2212 3371 2487 3442 κρατοῦσα
2543 3369 2791 3444 (Εύδοξία
2827 3369 2884 3423 δὲ
2930 3365 3045 3441 ἦν),
3073 3367 3368 3438 διαγνοῦσα
3409 3370 3633 3424 τοιαῦτα
3686 3385 3802 3422 πα-

2213 3464 2393 3528 θόντα,
2442 3463 2692 3534 ἀραμένη
2737 3461 2827 3516 τὸν
2860 3461 2976 3516 υἱὸν
3019 3461 3299 3516 Θεοδόσιον
3345 3462 3542 3534 κομιδῇ
3593 3463 3798 3535 νηπιά-

2213 3557 2394 3624 ζοντα,
2418 3557 2514 3611 τοῦ
2555 3556 2708 3624 ἁγίου
2752 3557 2865 3618 τοῖς
2895 3555 3084 3625 γόνασι
3120 3554 3314 3626 τίθησι,
3351 3556 3444 3609 καὶ
3476 3556 3658 3627 ὅρκοις
3704 3558 3796 3611 ὅτι

2213 3651 2489 3713 πλείστοις
2520 3650 2698 3703 πείθει
2743 3648 2835 3702 τὸν
2860 3647 3121 3720 ἀρχιερέα
3154 3648 3402 3718 φιλιᾶσαι
3445 3650 3580 3722 πρὸς
3616 3650 3797 3719 Σευη-

2217 3741 2421 3814 ριανόν.
2465 3741 2522 3793 '0
2556 3740 2613 3794 δὲ
2655 3739 2984 3811 Σευηριανὸς
3027 3739 3126 3811 τὴν
3177 3741 3278 3809 μὲν
3316 3740 3498 3810 φιλίαν
3532 3741 3798 3814 ὑποκορί-

2216 3836 2388 3902 ζεται,
2421 3835 2481 3889 τὸ
2507 3835 2565 3890 δὲ
2597 3835 2784 3907 θηρίον
2812 3836 2912 3906 τῆς
2947 3834 3147 3906 ἔχθρας
3186 3835 3278 3888 τοῦ
3309 3836 3481 3906 ἀμνοῦ
3507 3835 3584 3908 τῷ
3613 3837 3799 3909 κωδίῳ

2216 3928 2654 4001 περικαλύπτει·
2685 3929 2780 3983 καὶ
2812 3929 3046 4000 φατρίαν
3081 3929 3493 4001 συστησάμενος
3533 3928 3671 3982 κατὰ
3693 3931 3797 3982 τοῦ

2217 4022 2494 4090 ποιμένος,
2529 4021 2590 4074 ού
2621 4020 2720 4085 τὰς
2744 4019 3015 4091 τυχούσας
3038 4018 3293 4082 διαϐολὰς
3320 4018 3398 4090 τῷ
3438 4019 3593 4090 δήμῳ
3627 4021 3799 4086 ἐγκαο

2212 4111 2535 4185 τασπείρει,
2581 4102 2678 4182 τῆς
2735 4112 2872 4185 πρὸς
2916 4111 3007 4166 τὸν
3059 4113 3324 4184 ἀρχιερέα
3366 4112 3520 4183 παρὰ
3573 4111 3799 4166 πάντων

2215 4208 2434 4277 ἀγάπης
2467 4204 2529 4259 τὸ
2564 4205 2727 4258 πλέον
2764 4203 3090 4274 ύποτέμνειν
3123 4205 3605 4275 ὲκμηχανώμενος.
3646 4205 3704 4258 '0
3735 4201 3799 4254 δὲ

2214 4297 2323 4351 τῶν
2351 4297 2449 4368 μὲν
2479 4297 2600 4350 κατ’
2628 4292 2794 4362 αὑτοῦ
2825 4293 3088 4347 διαϐολῶν
3113 4295 3281 4364 μικρά
3304 4293 3412 4346 οὐδ’
3441 4293 3577 4358 ὅλως
3599 4294 3796 4364 septa-

2212 4391 2358 4454 τιξεο
2386 4391 2452 4459 τῇ
2499 4387 2554 4440 δὲ
2603 4387 2730 4458 περὶ
2761 4385 2923 4439 αὑτὸν
2957 4384 3113 4456 φήμῃ
3142 4384 3243 4454 τῆς
3281 4383 3374 4437 τοῦ
3423 4383 3580 4452 λόγου
3629 4383 3792 4455 δόξης

521 4491 650 4539 tota:
674 4484 928 4537 civitates
957 4491 1010 4536 et
1035 4481 1576 4535 insuheconlluercnt
1608 4487 1661 4533 et
1721 4476 2100 4531 convenirent.

2213 4483 2306 4534 καὶ
2352 4482 2450 4552 τῆς
2494 4477 2658 4548 ἄλλης
2707 4474 2997 4544 ὠφελείας,
3051 4475 3236 4538 πόλεις
3264 4475 3391 4538 ὅλας
3437 4475 3533 4528 καὶ
3592 4476 3795 4548 νήσους

520 4576 656 4632 Nam
698 4591 798 4631 nec
833 4575 1020 4630 Roma:
1049 4573 1268 4646 quidem
1317 4587 1545 4643 magnus
1595 4572 1886 4640 episcopus
1946 4567 2109 4622 luno-

524 4669 760 4734 oentius,
801 4680 921 4724 erat
964 4669 1234 4722 bonorum
1273 4665 1394 4734 ejus
1437 4665 1660 4732 ignarus
1695 4678 1711 4729 ;
1758 4661 1850 4716 sed
1885 4677 2008 4715 eum
2054 4663 2107 4715 in

527 4781 726 4837 magna
768 4763 1004 4820 habebat
1046 4759 1451 4816 existimatione
1481 4757 1547 4810 ad
1580 4771 1703 4811 eum
1744 4755 1991 4808 scribens
2025 4753 2112 4805 lit-

527 4867 676 4915 teras
704 4866 761 4914 et
791 4857 1030 4912 vicissim
1069 4854 1366 4924 accipiens.

596 5065 686 5122 15.
715 5062 853 5119 Volo
881 5061 1159 5135 paululum
1184 5058 1465 5115 iinniorari
1493 5056 1808 5128 injucumla
1836 5055 2109 5110 narratio—

527 5175 618 5228 ne,
664 5159 940 5230 quomodo
986 5154 1210 5218 Paulus,
1258 5154 1351 5224 qui
1384 5158 1468 5208 est
1493 5160 1547 5206 et
1576 5160 1754 5221 mysta
1784 5157 1837 5204 et
1865 5147 2114 5204 eruditur

528 5265 860 5310 arcanorum
905 5248 1316 5321 mysteriorum,
1354 5232 1667 5318 pontificem
1711 5241 2014 5298 initiaverit
2058 5239 2115 5294 in

532 5343 835 5417 mysteriis.
865 5341 1002 5396 Cmn
1031 5341 1245 5394 divinas
1276 5340 1398 5408 ejus
1425 5337 1688 5408 epistolas
1722 5351 1910 5391 earum
1945 5333 2117 5389 inter-

531 5451 658 5507 pres
676 5444 730 5489 et
755 5431 1036 5504 expositor
1059 5438 1422 5502 percurreret,
1449 5439 1588 5490 erat,
1615 5434 1672 5480 ut
1689 5436 1774 5482 est
1797 5423 2116 5490 verisimile,

529 5528 698 5584 dubia
728 5535 783 5581 et
829 5539 1096 5596 suspensa
1125 5521 1454 5595 cogitatione
1477 5561 1493 5588 ,
1531 5520 1765 5575 dicens:
1813 5517 1948 5586 Quis
1989 5517 2115 5582 scit,

533 5637 601 5676 an
621 5619 734 5674 Deo
748 5627 902 5690 grata
922 5631 1041 5672 mea
1060 5615 1131 5672 sit
1147 5612 1562 5686 interpretatio?
1587 5612 1710 5668 Haec
1742 5613 2011 5683 cogitans,
2034 5626 2122 5665 ro—

534 5717 696 5788 gabat
715 5712 858 5768 utde
875 5726 937 5766 ea
967 5726 1024 5766 re
1045 5723 1074 5762 a
1097 5707 1206 5764 Deo
1233 5709 1386 5764 ﬁeret
1402 5709 1624 5772 certior,
1649 5705 1792 5777 quod
1821 5706 1985 5761 etiam
2015 5702 2122 5757 cito

535 5809 640 5864 hoc
673 5805 837 5860 modo
869 5804 1070 5857 factum
1109 5814 1191 5857 est
1219 5800 1450 5869 Quidam
1481 5815 1546 5855 ex
1579 5798 1646 5854 iis
1680 5798 1772 5868 qui
1806 5794 2122 5867 imperatori

534 5906 695 5959 erant
752 5895 1213 5962 familiarissimi,
1274 5891 1498 5950 offendit
1551 5895 1979 5961 imperatorem,
2012 5887 2106 5956 qui

618 5991 663 6024 ³ο
695 5988 856 6045 Joan.
891 6005 942 6059 γ,
971 5989 1039 6044 50

2213 4575 2515 4643 συνεισρεῖν
2546 4570 2720 4624 ἐποίει
2747 4569 2845 4623 καὶ
2875 4567 3347 4639 συνεισέρχεσθαι.
3381 4569 3517 4621 Οὐδὲ
3548 4570 3654 4639 γὰρ
3683 4569 3795 4621 οὐδ’

2210 4673 2240 4725 6
2285 4668 2508 4739 Ῥώμης
2575 4665 2751 4735 μέγας
2805 4662 3145 4725 ἰννοκέντιος
3201 4645 3430 4732 ἄμοιρος
3488 4662 3598 4714 τῶν
3666 4665 3795 4716 τού-

2211 4783 2302 4820 του
2366 4761 2585 4822 καλῶν,
2645 4756 2759 4811 ἀλλ’
2829 4757 2886 4810 ὲν
2951 4754 3164 4829 μεγάλῃ
3239 4755 3406 4826 μοίρᾳ
3473 4754 3575 4824 τὴν
3626 4754 3794 4809 αὐτοῦ

2213 4855 2482 4927 ἀποδοχὴν
2533 4853 2790 4913 ἐποιεῖτο,
2829 4850 3057 4920 γράφων
3118 4848 3269 4921 αὐτῷ
3317 4849 3411 4900 καὶ
3461 4847 3798 4920 ἀντιγραφά-

2267 4965 2405 5010 ενος.

2267 4967 2322 5000 εν
2360 4967 2405 5000 ν.

2223 4967 2262 5019 μ
2291 4967 2380 5091 ιεῗῒ
2415 5033 2687 5106 Βούλομαι
2719 5029 2778 5085 δὲ
2813 5027 3008 5102 μικρὸν
3049 5029 3320 5100 ἐπισχεῖν,
3345 5027 3438 5082 τοῦ
3469 5028 3674 5098 μύστου
3699 5026 3799 5081 καὶ

2219 5129 2537 5204 μυστηρίων
2565 5128 2673 5180 τῶν
2703 5126 2960 5198 ἀρρήτων
2990 5121 3203 5176 Παύλου
3235 5124 3301 5194 τῇ
3347 5121 3480 5194 πρὸς
3517 5121 3610 5174 τὴν
3659 5121 3797 5190 ἀρχ-

2218 5223 2370 5296 ιερέα
2417 5223 2618 5295 μυήσει
2665 5217 2745 5288 τῷ
2773 5217 2920 5288 λόγῳ
2950 5216 3408 5287 κατατρυφήσων.
3451 5213 3652 5266 Τούτου
3695 5215 3799 5274 τὰς

2219 5317 2368 5380 θείας
2413 5311 2701 5374 ἐπιστολὰς
2745 5311 2774 5362 6
2818 5306 3024 5362 τούτων
3075 5307 3346 5377 ἑρμηνεὺς
3384 5305 3476 5359 καὶ
3524 5303 3797 5377 ἐξηγητὴς

2218 5409 2587 5482 διερχόμενος,
2620 5407 2695 5470 ὼς
2725 5405 2892 5468 εἰκὸς,
2943 5401 3287 5464 ὲταλάντευε,
3323 5391 3380 5452 λ’έ
3393 5415 3497 5467 γων
3517 5414 3530 5427 ο
3560 5399 3654 5462 Τίς
3687 5399 3796 5467 ἄρα

2219 5501 2379 5571 οἶδεν,
2412 5503 2460 5555 εἰ
2489 5501 2694 5571 αρεστὰ
2722 5498 2800 5568 τῷ
2829 5496 2947 5569 Θεῷ
2987 5496 3087 5566 τῆς
3121 5493 3263 5567 ἐμῆς
3308 5493 3647 5565 ἑρμηνείαςς
3682 5491 3798 5545 Καὶ

2220 5594 2393 5650 ταῦτα
2425 5589 2806 5661 διανοούμενος
2848 5588 3020 5641 ἐδεῖτο
3062 5581 3212 5648 θείας
3253 5583 3397 5646 τινὸς
3431 5581 3564 5655 περὶ
3603 5581 3795 5634 τούτου

2223 5687 2600 5762 πληροφορίας
2620 5704 2634 5716 ο
2669 5687 2736 5757 ἣν
2765 5683 2828 5754 δὴ
2872 5681 2964 5736 καὶ
2993 5680 3263 5750 λαμϐάνει
3292 5677 3496 5749 ταχέως
3525 5674 3672 5728 τόνδε
3703 5675 3800 5727 τὸν

2167 5783 2174 5788 ’
2224 5785 2442 5857 τρόπον’
2493 5779 2614 5834 Τῶν
2656 5776 3009 5832 οἰκειοτάτων
3048 5791 3131 5836 τις
3181 5772 3275 5826 τοῦ
3328 5771 3592 5842 βασιλέως
3622 5785 3800 5838 προσ-

2216 5879 2404 5953 κρούει
2432 5877 2509 5948 τῷ
2536 5873 2762 5948 βασιλεῖ,
2788 5871 2883 5926 καὶ
2915 5871 3143 5926 θάνατον
3177 5867 3481 5924 ἀπειλεῖται
3503 5881 3520 5898 ο
3558 5865 3653 5919 καὶ
3675 5864 3798 5918 δια-
