4108 6306
441 277 525 338 25‘.

1713 272 1908 333 LEON
1917 273 1940 332 Ι
1949 272 1988 332 S
2025 269 2125 330 PH
2137 272 2154 330 Ι
2166 270 2487 333 LOSOPHI

3601 276 3711 339 ἳίὶθ

438 389 806 446 clarissimum
838 395 920 446 est
949 387 1331 455 incredulitas,
1359 396 1412 444 et
1441 387 1772 443 contumelia
1797 387 1848 442 id
1875 384 2018 456 quod

2137 403 2295 456 ματος
2327 389 2520 451 εἰπεῖν,
2555 387 2650 441 καὶ
2682 387 2792 442 τῶν
2829 387 3034 443 λοιπῶν
3068 387 3220 462 παρὰ
3250 389 3524 464 διαςίρων
3550 390 3711 453 ζώων

437 484 699 538 creditur.
741 481 848 538 Sed
885 484 959 537 illi
994 482 1218 552 quidem
1271 492 1546 552 negentur
1583 499 1597 548 ;
1641 480 1802 534 nobis
1830 487 2014 535 autem

438 577 506 630 ad
543 585 750 632 rectum
779 569 1084 631 deducatur
1104 575 1315 642 oratio,
1335 574 1639 630 deducatur
1669 581 1854 630 nostra
1881 587 2020 642 que-

439 687 546 740 que
596 671 706 726 vita
762 669 1022 724 universa
1079 667 1278 724 melius
1319 667 1471 723 illius
1510 665 2018 722 intercessionibus.

441 765 568 819 l‘est
615 765 729 817 luce
762 762 1117 833 cognoscitur
1165 762 1235 816 ab
1266 760 1716 828 accusatoribus,
1761 777 1882 831 qua:
1929 776 2023 832 per

441 857 753 926 pontificem
802 855 927 914 data
990 869 1075 911 εει
1117 855 1271 912 salus
1303 855 1375 921 ei,
1429 857 1522 926 qui
1559 855 1920 926 confugerat,
1969 864 2025 910 et

439 968 724 1025 regressus
772 953 838 1008 ad
884 953 1126 1024 priorem
1176 953 1495 1023 dignitatem
1533 971 1548 1018 ;
1581 967 1788 1022 eosque
1835 953 2025 1006 incen-

439 1048 631 1103 dentes
647 1042 877 1101 flainmae
901 1045 1120 1101 invidia:
1145 1044 1353 1101 faciunt
1373 1045 1526 1101 rabie
1551 1044 1739 1115 agitari
1759 1057 1814 1100 et
1841 1045 1863 1099 f
1866 1061 2025 1101 urere

439 1140 703 1195 adversus
759 1155 884 1194 eum
938 1139 1033 1211 qui
1081 1138 1235 1194 dedit
1281 1140 1562 1194 salutem:
1617 1138 1782 1208 hujus
1819 1137 2024 1194 furoris

441 1233 776 1303 praecipuum
803 1233 1137 1302 accipientes
1170 1231 1483 1286 ministrmu
1511 1232 1828 1295 diaconum,
1859 1247 2023 1302 quem

442 1327 594 1394 prius
615 1325 875 1389 diximus,
904 1323 1283 1395 Serapionem.
1321 1324 1453 1392 Qua:
1489 1326 1772 1398 cognoscit
1801 1326 2023 1398 quidem

428 1412 616 1474 bonus
647 1429 853 1490 pastor,
884 1435 945 1475 ea
973 1435 1099 1474 vero
1131 1419 1454 1476 niliilcurat.

513 1686 600 1740 16.
644 1685 776 1741 Cum
797 1694 977 1741 autem
1009 1685 1216 1742 videret
1269 1686 1469 1743 multos
1509 1689 1717 1743 servire
1766 1690 2026 1756 avaritia,

447 1781 623 1848 ipsam
693 1789 875 1834 autem
928 1795 1039 1850 prae
1093 1781 1310 1835 cmteris
1368 1780 1793 1853 imperatricem,
1826 1785 1880 1838 in
1932 1799 2024 1840 eos

456 1871 710 1940 producit
755 1872 808 1926 iu
863 1872 1034 1928 aciem
1085 1875 1318 1944 gratiam
1376 1891 1605 1931 suorum
1662 1894 2022 1936 sermonum:

443 1965 653 2020 nullius
689 1965 910 2034 quidem
942 1981 1236 2037 personam
1269 1968 1486 2038 publice
1528 1972 1842 2037 nominans,
1873 1988 2026 2027 cem-

446 2061 684 2113 muniter
716 2068 899 2114 autem
943 2075 1250 2130 procurans
1289 2063 1520 2118 salutem
1557 2066 1837 2122 omnibus.
1868 2065 2025 2133 Quod

443 2151 665 2218 quidem
724 2168 842 2220 eos,
899 2153 993 2224 qui
1063 2153 1158 2210 illo
1216 2154 1354 2210 vitio
1410 2156 1755 2225 laborabant,
1790 2159 2028 2215 faciebat

447 2244 658 2298 medice
693 2260 1027 2301 succensere
1057 2253 1112 2301 ct
1146 2245 1385 2302 efferari.
1416 2247 1536 2303 Jam
1570 2257 1753 2305 autem
1780 2251 1929 2306 venit
1960 2252 2027 2306 ad

444 2346 611 2406 caput
639 2335 840 2390 oratio.
873 2335 1252 2393 Theodericus
1301 2338 1417 2406 ille,
1455 2342 1549 2412 qui
1601 2351 1733 2397 tunc
1783 2354 1903 2398 erat
1935 2361 2029 2414 pa-

445 2427 666 2494 tricius,
701 2444 826 2483 cum
857 2437 1004 2484 esset
1035 2429 1371 2496 ditissimus,
1423 2433 1494 2488 ab
1543 2433 1891 2503 imperatriee
1930 2451 2028 2506 ap-

446 2523 650 2588 petitur
680 2521 923 2578 iusidiis.
983 2521 1126 2590 Quid
1160 2538 1291 2594 ergo
1339 2523 1470 2579 facit
1495 2525 1580 2580 vir
1613 2525 1746 2582 ille?
1775 2526 2030 2599 Confugit

447 2615 513 2692 ad
560 2630 908 2670 communem
970 2624 1188 2685 portent
1224 2623 1322 2683 ;et
1371 2624 1629 2673 servatur
1678 2618 1900 2688 quidem
1960 2620 2029 2674 ab

447 2709 515 2762 iis
544 2723 666 2778 quae
716 2709 764 2764 ei
823 2709 1190 2779 parabantur,
1245 2709 1494 2766 insidiis.
1549 2709 1816 2766 Servatur
1843 2721 2026 2765 autem

449 2799 663 2854 meliori
714 2817 936 2872 quoque
967 2810 1021 2856 et
1053 2810 1410 2873 permanente
1461 2803 1661 2869 salute,
1707 2804 1870 2859 modo
1899 2807 2030 2863 alio.

448 2892 737 2963 Dispersit,
771 2893 920 2949 dedit
949 2895 1135 2949 omnia
1166 2894 1527 2965 pauperibus.
1561 2893 2032 2962 Quentode?Ma-

449 2988 606 3058 gistri
663 2988 920 3046 consiliis
975 2997 1030 3044 et
1074 2987 1455 3045 suasionibus.
1503 2989 1622 3055 Qua
1668 3004 1736 3045 ex
1788 3005 1848 3044 re
1899 2989 2029 3060 quid

447 3081 696 3137 literatur
744 3081 767 3136 ί
817 3080 1164 3140 Thesaurum
1213 3083 1495 3139 caelestem
1527 3124 1541 3147 ,
1589 3096 1714 3137 cum
1778 3090 1926 3137 esset
1981 3083 2029 3135 ei

447 3187 792 3244 persuasum,
848 3173 1090 3231 Cornelii
1133 3175 1493 3246 eleemesynae
1519 3175 1639 3245 eius
1668 3190 1886 3246 quoque
1909 3191 2031 3230 che

448 3268 840 3339 cxaaquandam
874 3268 1309 3340 eleemesynam.
1359 3267 1486 3323 Haec
1534 3283 1659 3323 cum
1717 3266 2033 3322 rescivisset

451 3352 800 3430 imperatrix,
845 3376 956 3416 non
1005 3361 1184 3433 potuit
1217 3360 1470 3431 amplius
1509 3360 1811 3416 contineri.
1848 3357 2033 3430 Impu-

449 3451 690 3506 dentiam
719 3463 902 3508 autem
929 3459 984 3508 et
1015 3450 1182 3507 aliam
1221 3451 1584 3508 temeritatem
1619 3467 1775 3508 suam
1825 3450 2035 3521 absque

453 3545 562 3599 ullo
619 3545 821 3601 rubore
877 3553 1076 3601 sancte
1140 3544 1354 3602 iudicat
1389 3564 1405 3601 :
1436 3560 1562 3602 eum
1616 3546 1758 3602 bene
1809 3545 2032 3601 Patricii

454 3639 725 3694 lucratum
768 3653 892 3695 esse
921 3640 1232 3711 nugabatur
1261 3649 1312 3695 et
1345 3638 1666 3709 ebjiciebat.
1707 3639 1836 3710 Ejus
1861 3641 2031 3707 enim,

451 3729 544 3799 qui
581 3739 701 3784 erat
731 3728 994 3794 mundus,
1027 3740 1256 3802 propter
1289 3729 1684 3802 benignitatem
1718 3731 2033 3788 admonitio

453 3832 571 3876 erat
601 3821 900 3892 inquinatas
941 3823 1163 3879 sordida
1206 3823 1565 3881 existimatio.
1613 3824 1863 3894 Augetur
1903 3840 2034 3896 ergo

455 3921 633 3991 (quid
685 3921 830 3976 enim
877 3935 1018 3992 opus
1081 3929 1167 3978 est
1221 3921 1274 3977 in
1336 3921 1572 3991 singulis
1639 3922 1921 3977 immorari
1959 3921 2031 3994 ?)

456 4016 510 4069 in
543 4024 796 4070 sanetum
845 4015 1050 4070 invidia
1083 4031 1097 4070 :
1127 4031 1192 4070 ex
1236 4031 1299 4073 ea
1343 4023 1524 4071 autem
1580 4015 1768 4071 odium
1812 4034 1828 4084 ;
1874 4032 1939 4073 ex
1970 4033 2036 4074 co

458 4105 746 4161 maledicta
786 4123 800 4173 ;
840 4119 904 4160 ex
939 4105 1248 4162 maledictis
1295 4121 1425 4161 vero
1467 4107 1805 4173 calumniae;
1843 4123 1907 4162 ex
1937 4123 2036 4163 ca-

456 4197 682 4253 lumniis
736 4197 990 4252 concilia.
1044 4195 1463 4264 Transmutant,
1504 4199 1648 4269 quod
1697 4200 2035 4266 viderentur,

458 4305 566 4344 non
635 4290 782 4361 quod
839 4299 1046 4355 essent,
1118 4306 1401 4348 sermones
1449 4293 1503 4347 in
1563 4307 1737 4363 nugas
1791 4295 2037 4365 prolatas

459 4387 725 4442 adversus
778 4387 1163 4459 imperatores.
1206 4384 1373 4442 Fiunt
1418 4387 1532 4443 lucc
1583 4404 1780 4444 rursus
1830 4389 2038 4460 alioqui

2131 479 2308 550 μελῶν
2338 497 2444 550 σοι,
2495 483 2591 536 καὶ
2649 483 2786 537 ὁδῶν
2839 483 2935 537 καὶ
2990 487 3201 538 νεκύων
3247 486 3473 556 μνήσεις
3505 499 3565 537 τε
3609 484 3714 537 καὶ

2129 573 2492 644 προγνώσεις”
2517 568 2592 630 ὧν
2618 575 2877 630 ἁπάντων
2914 576 2988 640 ὡς
3017 575 3234 646 ἀληθῶς
3258 576 3319 629 τὸ
3349 576 3706 646 σεμνότατον,

2131 667 2504 734 ἀπιστία,ηκαὶ
2538 669 2694 740 ὕϐρις
2723 669 2786 724 τὸ
2809 669 3221 742 πιστευόμενον.
3255 669 3442 724 ’Ἄλλοι
3479 668 3576 740 μὲν
3610 669 3712 740 λη-

2134 753 2424 825 ρείτωσαν,
2477 759 2608 829 ἡμῖν
2641 757 2686 810 δ’
2734 758 2764 810 6
2799 758 2960 826 λόγος
3013 759 3150 832 πρὸς
3198 759 3260 813 τὸ
3293 758 3467 824 εὺθὲς-
3498 758 3712 829 ἄγοιτο.

2134 848 2372 918 Ἀγοιτο,
2391 850 2448 904 δὲ
2475 852 2570 907 καὶ
2607 855 2634 906 6
2664 852 2777 924 βίος
2807 853 2952 916 ἄπας
2986 853 3166 923 ἡμῶν,
3195 856 3316 917 ταῖς
3339 852 3550 908 ἐκείνου
3582 869 3718 924 πρεο

2134 940 2353 1006 σϐείαις
2395 943 2644 1013 ἄμεινον.
2692 945 2848 999 Μετὰ
2904 944 3079 998 ταῦτα
3137 942 3558 1013 διαγινώσκεται
3596 945 3718 1007 τοῖς

2118 1037 2460 1107 ,κατηγόροις
2494 1039 2524 1109 ἡ
2552 1039 2640 1092 διὰ
2667 1038 2761 1091 τοῦ
2813 1038 3116 1110 ἀρχιερέως
3155 1040 3396 1108 σωτηρία
3430 1037 3508 1108 τῷ
3543 1054 3719 1109 προσ-

2132 1129 2358 1196 φυγόντι
2386 1129 2480 1182 καὶ
2511 1129 2646 1200 πρὸς
2672 1131 2770 1199 τὴν
2805 1131 3078 1203 προτέραν
3104 1128 3259 1193 ἀξίαν
3291 1130 3543 1192 ἐπάνοδος
3564 1144 3580 1157 ⁶
3615 1132 3717 1182 καὶ

2134 1218 2330 1286 φθόνου
2367 1218 2564 1288 φλόγες
2597 1221 2782 1282 αὐτοῖς
2811 1219 3149 1290 ἐξανάψασαι
3169 1261 3182 1283 ,
3220 1220 3418 1290 λυττᾷν
3451 1218 3588 1272 κατὰ
3612 1218 3714 1272 τοῦ

2135 1309 2408 1376 σώσαντος
2440 1311 2652 1366 ποιοῦσι
2682 1313 2774 1365 καὶ
2797 1313 3102 1384 μεμηνέναι
3132 1312 3229 1381 τῆς
3256 1311 3511 1381 τοιαύτης
3534 1311 3719 1383 λύπης

2140 1405 2516 1475 ἀρχιδιάκονον
2563 1405 2656 1460 τὸν
2695 1405 2987 1476 εἰρημένον
3040 1404 3306 1466 λαὸὁντας
3347 1404 3593 1458 διάκονον
3621 1406 3717 1457 τὶν

2135 1497 2500 1568 Σαραπίωναο
2541 1499 2577 1554 ἃ
2601 1498 2954 1568 διαγινώσκει
2998 1498 3099 1568 μὲν
3141 1497 3169 1549 ὁ
3207 1497 3414 1568 ποιμὴν
3459 1499 3488 1551 6
3522 1496 3717 1560 καλὸς,

2137 1591 2394 1660 φροντίδα
2426 1591 2481 1644 δὲ
2505 1591 2711 1644 τούτων
2739 1589 2995 1661 οὐδεμίαν
3031 1592 3290 1644 ποιεῖται.

2210 1690 2302 1747 ις’,
2364 1682 2538 1754 Ὁρῶν
2569 1685 2623 1737 δὲ
2650 1683 2727 1754 τῷ
2761 1683 3087 1756 φιλαργύρῳ
3115 1683 3282 1737 πάθει
3327 1682 3576 1746 πολλοὺς,
3615 1682 3720 1735 αύ-

2062 1763 2103 1824 Β
2135 1776 2229 1847 τὴν
2250 1776 2306 1830 δὲ
2334 1777 2438 1849 πρὸ
2459 1776 2565 1830 τῶν
2600 1778 2812 1833 πολλῶν
2843 1778 3280 1850 βασιλευομένων
3307 1777 3407 1848 τὴν
3439 1776 3715 1846 βασιλίδα.

2061 3125 2103 3184 C

2129 1867 2237 1921 τῶν
2270 1869 2497 1936 ὁμιλιῶν
2539 1869 2636 1940 τὴν
2678 1871 2835 1941 χάριν
2869 1870 3300 1942 ἁντιστρατεύει,
3345 1869 3720 1942 προσωπικῶς

2131 1963 2233 2032 μὲν
2261 1963 2451 2015 οὐδένα
2473 1962 2837 2033 δημοσιεύων,
2867 1966 3020 2035 κοινῇ
3054 1963 3111 2018 δὲ
3137 1964 3270 2017 πᾶσι
3294 1963 3396 2034 τὴν
3424 1962 3709 2036 σωτηρίαν

2128 2053 2426 2122 οἰκονομῶν
2451 2069 2465 2083 ⁸
2496 2054 2524 2107 ὃ
2557 2053 2686 2117 τοὺς
2714 2057 3118 2126 κρατουμένους
3139 2055 3216 2126 τῷ
3247 2054 3412 2109 πάθει
3444 2054 3586 2108 κατά
3613 2055 3716 2106 τοῦ

2113 2145 2320 2216 -ἰατροῦ
2357 2146 2705 2217 χαλεπαίνειν
2742 2149 2916 2202 ἐποίει
2942 2151 3036 2202 καὶ
3064 2147 3518 2220 ἀποθηριοῦσθαι.
3549 2147 3721 2200 "Hace:

2129 2237 2182 2290 δὲ
2211 2240 2239 2292 6
2265 2239 2421 2308 λόγος
2452 2241 2552 2312 ἤδη
2579 2243 2716 2313 πρὸς
2745 2242 2806 2296 τὸ
2843 2241 3161 2311 κεφάλαιον.
3194 2241 3536 2312 Θεοδὼρικος
3564 2243 3716 2295 ἐκεῖ·

2132 2347 2241 2394 νος,
2276 2333 2304 2384 ὁ
2357 2331 2661 2403 τηνικαῦτα
2710 2335 3020 2407 πατρίκιος,
3069 2336 3099 2389 6
3148 2333 3559 2400 πλουσιώτατος
3612 2333 3716 2399 ὢν,

2134 2423 2289 2500 παρᾲ
2315 2425 2411 2494 τῆς
2439 2426 2761 2497 βασιλίσσης
2791 2427 3228 2482 ἐπιϐουλεύεται.
3276 2427 3341 2480 Τί
3375 2427 3470 2482 οὖν
3504 2431 3649 2481 ποιεῖ
3687 2430 3718 2480 ὁ

2137 2517 2451 2588 ἀνήρςἘπὶ
2475 2519 2565 2571 τὸν
2597 2521 2774 2573 κοινὸν
2805 2523 3142 2590 καταφεύγει
3163 2521 3378 2592 λιμένα,
3421 2521 3514 2574 καὶ
3539 2521 3715 2584 σώζε-

2131 2624 2225 2660 ται
2285 2610 2383 2678 μὲν
2438 2610 2538 2680 τῆς
2595 2611 2804 2664 ἐκεῖθεν
2850 2612 3170 2682 ἐπιϐουλῆς,
3217 2611 3452 2678 σώζεται
3499 2613 3557 2666 δὲ
3612 2616 3716 2683 τὴν

2134 2702 2368 2773 κρείττω
2424 2704 2699 2775 σωτηρίαν
2754 2706 2849 2758 καὶ
2895 2705 3186 2776 μένουσαν,
3241 2708 3443 2778 τρόπον
3499 2708 3712 2780 ἕτερον.

2147 2794 2521 2866 Ἐσκόρπισεν,
2551 2795 2720 2850 ἔδωκε
2746 2800 2859 2862 τοῖς
2887 2799 3105 2870 πένησι.
3141 2799 3302 2866 Πῶςς
3339 2799 3448 2854 Τοῦ
3467 2800 3720 2855 διδασκά-

2132 2887 2224 2940 λου
2263 2887 2617 2957 συμϐουλίαις
2650 2891 2745 2943 καὶ
2795 2891 3204 2963 παραινέσεσιν.
3243 2893 3334 2958 Ἐξ
3375 2885 3438 2948 οὗ
3485 2893 3540 2946 τί
3587 2911 3720 2964 κερ-

2133 2983 2340 3051 δαίνει;
2383 2982 2488 3035 Τὸν
2546 2983 2797 3054 οὐράνιον
2853 2983 3145 3058 θησαυρὸν,
3175 2985 3614 3058 πληροφορηθεὶς
3647 2991 3715 3059 τῇ

2137 3076 2278 3130 κατὰ
2310 3076 2400 3130 τὸν
2437 3077 2735 3148 Κορνήλιον
2767 3077 3108 3149 ἐλεημοσύνη
3135 3078 3462 3148 ἐξισωθῆναι
3501 3080 3596 3133 καὶ
3617 3082 3720 3151 τὴν

2135 3169 2320 3224 αὐτοῦ.
2365 3170 2553 3223 Ταῦτα
2588 3170 2837 3240 μαθοῦσα
2887 3173 2919 3241 ἡ
2962 3171 3190 3242 βασιλὶς.
3225 3175 3325 3228 οὐκ
3369 3173 3448 3227 ἔτι
3505 3175 3719 3242 γίνεται

2137 3262 2376 3334 καθεκτή
2399 3281 2412 3294 ο
2446 3264 2512 3317 τὰ
2551 3263 2607 3317 δὲ
2657 3265 2755 3336 τῆς
2799 3265 3098 3333 ἀναιδείας,
3128 3269 3221 3320 καὶ⁸
3250 3271 3346 3339 τῆς
3379 3268 3544 3341 ἄλλης
3577 3288 3718 3340 προ-

2137 3354 2360 3417 πετείας
2406 3355 2944 3426 ἁπηρυθριασμένως
2970 3357 3122 3429 δηλοῖ
3160 3357 3235 3429 τῷ
3270 3359 3413 3430 ἁγίῳ
3435 3376 3448 3387 ·
3477 3362 3722 3433 ἀποκερ-

2135 3448 2298 3513 δῆσαι
2331 3449 2494 3502 αὑτὸν
2523 3451 2592 3503 τὰ
2622 3451 2715 3503 τοῦ
2747 3457 3038 3524 πατρικίου
3068 3454 3423 3526 διεφληνάφει
3464 3459 3560 3512 καὶ
3588 3477 3724 3531 7:90-

2136 3542 2411 3598 εϐάλλετο.
2453 3544 2518 3597 Ἡ
2549 3545 2659 3616 γὰρ
2698 3545 2791 3599 τοῦ
2841 3549 3241 3619 καθαρεύοντος
3281 3551 3372 3606 διὰ
3416 3553 3728 3625 φιλανθρω-

2137 3635 2268 3690 πίαν
2297 3637 2669 3708 παράκλησις,
2715 3639 2946 3709 ρυπῶσα
2977 3641 3074 3711 τῆς
3097 3643 3486 3716 ,μολυνομένης
3518 3646 3726 3716 ὑπόλη-

2135 3731 2228 3800 ψις
2256 3725 2342 3800 ἦν.
2379 3729 2608 3797 Αὕξεται
2646 3733 2824 3786 τοίνυν
2860 3733 2934 3801 (τί
2964 3735 3070 3806 γὰρ
3095 3737 3177 3791 δεῖ
3200 3741 3313 3801 τοῖς
3344 3740 3464 3793 καθ’
3490 3740 3724 3794 ἕκαστον

2137 3827 2227 3880 τὸν
2252 3827 2407 3896 λόγον
2437 3826 2768 3896 ὰπασχολεῖν
2792 3826 2830 3896 ;)
2867 3829 2894 3880 6
2918 3828 3056 3882 κατά
3085 3830 3178 3882 τοῦ
3210 3831 3365 3900 άῃίου
3403 3832 3593 3900 φθόνος
3616 3849 3627 3861 ·
3655 3835 3724 3887 ἐκ

2139 3919 2194 3974 δὲ
2223 3919 2414 3974 τούτου
2444 3918 2503 3972 τὺ
2538 3923 2713 3990 μῖσος,
2746 3920 2812 3975 ἐκ
2843 3921 3034 3974 τούτου
3068 3924 3124 3978 αι
3159 3924 3442 3997 λοιδορίαι,
3488 3930 3606 3991 ταῖς
3663 3928 3722 3981 δὲ

2139 4013 2478 4080 αίδιαδολαὶ,
2497 4017 2615 4076 ταῖς
2641 4014 2915 4078 διαϐολαῖς
2932 4016 2999 4069 τὰ
3026 4017 3298 4088 συνέδρια.
3320 4020 3722 4086 Μεταποιοῦσι,

2138 4107 2480 4177 τῷδοκεῖνδού
2503 4105 2576 4176 τῷ
2598 4101 2738 4159 εἶναι
2753 4110 2850 4170 τὰς
2871 4109 3088 4178 ὁμιλίας
3118 4113 3198 4174 είς
3221 4111 3411 4176 ὕθλους
3439 4113 3579 4168 κατὰ
3611 4115 3725 4167 τῶν

2143 4199 2533 4270 βασιλευόντων
2589 4199 2752 4268 δῆθεν
2793 4199 3317 4273 ὲξ[εν]ηνεγμένους.
3373 4207 3724 4278 Ἐπισχύεται

2144 4294 2314 4347 ταῦτα
2351 4294 2514 4348 πάλιν
2545 4296 2721 4357 άλλως
2755 4296 2851 4350 καὶ
2890 4297 2960 4366 τῇ
3005 4298 3125 4350 κατ’
3162 4297 3466 4367 Εὐτρόπιον
3509 4302 3720 4374 ὁμιλίᾳ.

2155 4387 2215 4440 '0
2247 4388 2303 4442 δὲ
2340 4389 2540 4460 τρόπος
2587 4388 2852 4457 λεγέσθω,
2911 4390 3185 4462 παίδευμα
3219 4393 3328 4447 τῶν
3357 4393 3570 4449 πολλῶν
3627 4401 3724 4451 καὶ

459 4480 732 4536 validiora
775 4495 1032 4537 sermone
1087 4480 1275 4537 habite
1312 4483 1366 4535 in
1415 4479 1764 4552 Eutropium.
1814 4480 2032 4536 Dicatur

2147 4478 2406 4549 ὠφέλεια.
2431 4480 2728 4552 Εὐτρόπιος
2758 4475 2934 4547 οὗτος,
2961 4482 3261 4555 δυστροπία
3294 4485 3521 4557 γνώμης
3557 4488 3725 4552 ἄνους

462 4584 644 4628 autem
672 4574 890 4639 medus,
923 4580 983 4629 ut
1017 4573 1088 4630 sit
1121 4575 1417 4629 multorum
1450 4574 1701 4630 doctrina
1726 4582 1780 4630 et
1809 4574 2040 4630 utilitas.

465 4667 567 4723 Hic
613 4666 910 4738 Eutropius
963 4682 1089 4724 cum
1153 4666 1430 4737 perversis
1473 4675 1621 4723 esset
1687 4665 1932 4722 moribus
1990 4674 2044 4720 et

463 4760 792 4825 inclemens,
852 4759 920 4814 ad
963 4759 1416 4815 malefaciendum
1463 4767 1646 4813 autem
1688 4758 1999 4815 malitiosus
2025 4803 2040 4829 ,

465 4855 628 4910 talem
662 4854 916 4924 laqueum
955 4853 1032 4926 (ο
1075 4867 1281 4908 novum
1329 4851 1612 4907 inventum
1647 4851 1702 4919 l)
1742 4851 2044 4908 fabricatur

465 4945 906 5000 iubumanitatis.
970 4942 1275 4999 Pcrsuadc‘t
1321 4943 1640 5014 imperatori
1697 4945 1889 5018 (apud
1939 4947 2043 5000 im-

467 5048 776 5108 peratorem
802 5037 948 5093 enim
983 5036 1215 5091 multum
1249 5043 1465 5106 poterat
1491 5037 1509 5108 )
1540 5046 1598 5092 ut
1652 5041 1823 5108 legem
1856 5037 2042 5105 ferret,

465 5146 536 5186 ne
589 5131 677 5185 cui
741 5130 933 5186 liceret
983 5128 1285 5200 confugere
1331 5129 1400 5185 ad
1435 5141 1650 5185 sacram
1696 5139 1751 5185 et
1801 5131 2041 5186 divinant

468 5241 737 5282 mensam.
792 5224 911 5280 Non
942 5225 1176 5281 multum
1213 5233 1399 5282 autem
1435 5225 1748 5282 intercessit
1783 5225 2042 5296 temporis

465 5332 514 5375 ct
551 5321 670 5376 suis
703 5319 912 5391 laqueis
947 5317 1022 5391 (ο
1045 5318 1247 5390 justam
1273 5331 1490 5389 poenam
1517 5327 1571 5373 et
1609 5318 1943 5375 celeritatem
1976 5321 1989 5373 ι
2023 5319 2042 5391 )

468 5415 686 5485 capitur
712 5413 805 5483 qui
835 5411 1155 5467 fabricatur.
1178 5409 1337 5467 Cadit
1358 5411 1524 5475 enim,
1558 5420 1612 5466 et
1639 5411 1703 5464 ad
1729 5425 1848 5466 eam
1879 5425 2043 5480 quant

469 5511 594 5564 aliis
631 5507 843 5563 studuit
875 5507 1190 5578 prohibere,
1245 5504 1493 5574 confugit
1550 5504 1862 5560 ecclesiam.
1913 5502 2044 5558 Pro-

467 5610 589 5672 pter
628 5600 742 5654 lunc
767 5597 916 5666 justa
947 5596 1375 5669 reprehensione
1405 5610 1464 5650 ea
1513 5609 1634 5664 qua:
1683 5594 1886 5650 l'ecmt
1935 5593 2044 5647 Ea-

466 5689 702 5761 trepius,
723 5705 822 5744 suo
849 5699 1101 5744 sermene
1134 5688 1356 5759 sapiens
1385 5688 1734 5757 persequitur
1761 5687 2004 5743 medicus
2027 5729 2045 5754 ,

467 5793 521 5836 et
551 5782 656 5837 boe
693 5781 794 5835 fuit
823 5780 1242 5838 accusatoribus
1271 5779 1376 5834 alia
1411 5778 1695 5849 iniustitia:
1728 5780 1950 5835 occasio
1990 5789 2043 5833 et

468 5873 826 5942 insurrCctio,
854 5883 907 5928 ut
940 5874 1036 5946 qui
1067 5889 1190 5933 eum
1233 5887 1342 5929 neu
1393 5872 1569 5929 solum
1615 5870 1771 5933 illi»
1795 5887 1906 5927 uen
1937 5873 2039 5928 mi-

2148 4567 2433 4638 ὑπάρχων,
2467 4568 2720 4623 κακῶσαι
2751 4571 2938 4637 κακὸς,
2977 4571 3219 4626 τοιοῦτόν
3252 4591 3374 4629 τινα
3419 4575 3609 4648 βρόχον
3655 4578 3729 4644 (ὃ)

2145 4661 2244 4729 τῆς
2279 4661 2472 4730 καινῆς
2531 4662 2825 4733 ὲπινοίαςί)
2880 4665 3294 4735 μισανθρωπίας
3351 4670 3720 4727 τεκταίνεται.

2121 4751 2490 4822 ιΠαραπείθει
2545 4753 2635 4806 τὸν
2687 4752 2911 4822 βασιλέα
2967 4754 3229 4828 (καὶγὰρ
3277 4753 3342 4828 ἦν
3377 4757 3464 4813 διὰ
3521 4761 3723 4832 πολλῆς

2150 4846 2460 4918 παρρησίας
2504 4845 2583 4917 τῷ
2635 4846 2886 4918 βασιλεῖ)
2943 4849 3327 4919 νομοθετῆσαι,
3380 4852 3475 4906 τοῦ
3515 4854 3724 4924 μηδένα

2148 4937 2347 5003 ἐξεῖναι
2381 4939 2751 5010 προσφεύγειν
2782 4943 2847 5012 τῇ
2884 4941 3002 5014 θείᾳ
3025 4943 3120 4996 καὶ
3153 4944 3275 5016 ἱερᾷ
3299 4947 3569 5020 τραπέζῃ.
3611 4948 3726 5002 Καὶ

2147 5033 2208 5087 ού
2237 5031 2370 5086 πολὺ
2405 5031 2464 5086 τὸ
2490 5034 2548 5085 ἐν
2587 5033 2760 5103 μέσῳ,
2806 5035 2901 5088 καὶ
2929 5037 3040 5098 τοῖς
3092 5035 3241 5100 ἰδίοις
3279 5037 3494 5109 βρόχοις
3530 5038 3595 5111 (ὦ
3625 5043 3726 5112 τῆς

2147 5129 2361 5191 δικαίας
2385 5128 2576 5198 ποινῆς
2610 5147 2669 5181 τε
2700 5130 2796 5183 καὶ
2829 5131 3132 5200 ταχυτῆτος
3155 5132 3193 5200 ί)
3225 5134 3252 5185 6
3277 5134 3576 5188 τεκταίνων
3601 5135 3660 5189 ἀλ
3673 5137 3723 5188 ι-

2151 5239 2362 5276 σκεται.
2421 5223 2750 5293 Περιπίτιτει
2794 5222 2926 5293 γὰρ,
2977 5229 3071 5277 καὶ
3123 5225 3260 5296 πρὸς
3295 5226 3362 5297 ἥν
3417 5226 3582 5291 αὐτὸς
3611 5231 3726 5292 τοῖς

2149 5315 2329 5379 ἄλλοις
2357 5313 2587 5369 κωλύειν
2619 5316 2973 5380 ἐσπούδακεν,
3014 5317 3312 5388 ἐκκλησίαν
3359 5321 3723 5390 προσφεύγει,

2164 5409 2286 5461 Ἐπὶ
2315 5406 2526 5469 τούτοις
2571 5408 2662 5461 τὸν
2693 5407 2761 5461 δι’
2791 5407 3006 5478 ὁμιλίας
3047 5408 3268 5480 ἔλεγχον
3295 5404 3376 5475 οἷς
3423 5413 3725 5482 Εύτρόπιος

2150 5499 2395 5571 ἔδρασεν,
2449 5501 2477 5553 ὁ
2509 5499 2670 5569 σοφδς
2718 5499 2972 5565 διέξεισιν
3025 5502 3229 5572 ἰατρός.
3283 5505 3394 5556 Καὶ
3422 5503 3582 5557 τοῦτο
3611 5507 3723 5568 τοῖς

2151 5592 2481 5664 κατηγόροις
2525 5592 2796 5662 πρόφασις
2825 5591 3042 5656 ἀδικίας
3092 5593 3224 5664 ἄλλη
3287 5596 3381 5648 καὶ
3412 5597 3724 5651 ἐπανάστα-

2152 5701 2255 5748 σις,
2302 5683 2378 5754 μὴ
2420 5683 2505 5737 δτι
2535 5684 2625 5737 τὸν
2671 5683 3042 5755 δυστυχοῦντα
3087 5687 3186 5739 οὐκ
3234 5687 3533 5755 ἐλεοῦντος,
3586 5687 3723 5742 ἀλλὰ

2157 5776 2330 5831 κα“ιδι’
2352 5775 2611 5847 ἐλέγχων,
2637 5777 2931 5846 λεγόντων,
2965 5779 3336 5847 μαστίζοντος.
3361 5781 3469 5834 Καὶ
3499 5783 3594 5852 τῆς
3626 5783 3725 5850 μὲν

2156 5869 2407 5941 τοιαύτης
2438 5870 2860 5945 Ξπαναστᾴσεως
2893 5873 3133 5943 ἀρχηγός
3182 5890 3237 5926 τε
3293 5872 3382 5926 καὶ
3438 5877 3730 5944 κορυφαῖος
