4108 6306
299 304 420 374 265

972 310 1254 373 ORATIO
1294 311 1589 372 XVIII.—
1633 309 1907 370 LAUDA'

2010 315 2019 363 ι
2062 309 2122 370 S.
2158 308 2480 371 JOANNIS
2515 309 2927 370 CHRYSOST.‘

3487 307 3596 372 Ξ.εὸ

313 425 595 497 μοναχῶν
642 425 736 481 καὶ
767 425 954 490 ὁσίων,
985 426 1080 478 καὶ
1110 424 1275 478 αὐτοῦ
1307 423 1401 478 τοῦ
1437 423 1762 494 ἀρχιερέως,
1802 423 1907 483 τοῖςΙ

2020 418 2131 476 Nec
2159 421 2210 476 id
2251 422 2454 487 solum,
2489 423 2580 477 sed
2620 437 2686 478 ea
2735 422 2924 488 etiam,
2955 436 3075 490 qua?
3107 419 3236 475 fecit
3275 435 3400 474 cum
3447 430 3594 476 esset

303 503 643 584 φιλοπόνοις
678 520 712 588 ἡ
750 518 1059 588 ἀνάγνωσις
1082 520 1326 587 γνωριεῖ.
1369 518 1444 570 Οὐ
1474 522 1638 587 μόνον
1672 515 1751 580 δὲ,
1779 513 1918 567 ἀλλὰ

298 606 410 659 καὶ
451 602 554 664 οἷά
591 626 714 661 τινα
747 607 848 680 δρᾷ
893 609 1030 680 πρὸς
1077 607 1176 680 τὴν
1219 606 1573 679 Ἀλεξάνδρου
1602 607 1915 676 γενόμενος.

299 699 444 770 ἄρτι
504 703 899 773 παραιτητέον,
963 701 999 757 ἃ
1046 701 1124 774 τῷ
1169 701 1380 756 ἐκεῖθεν
1424 699 1916 773 δημοσιευθήσεται

299 796 625 866 κριτηρίῳ·
659 796 822 866 ἡμεῖς
850 795 908 849 δὲ
941 794 1081 867 πρὸς
1108 795 1178 849 τά
1202 795 1379 849 οίκεῖα
1411 795 1702 867 χωρῶμεν.

383 884 488 942 ιδ’.
525 887 887 957 Διαγινὼσκει
914 887 1007 943 οὖν
1031 888 1062 941 6
1091 888 1341 956 βασιλεὺς
1366 889 1517 960 παρά
1551 905 1713 941 τινων
1745 887 1916 958 ἀσκηο

295 979 420 1034 τῶν
457 983 584 1045 τοῖς
615 983 950 1054 κατηγόροις
1008 981 1104 1036 καὶ
1138 982 1381 1052 Θεοφίλῳ
1410 981 1478 1034 τά
1498 980 1774 1053 δρώμενα.
1807 981 1915 1035 Καὶ

292 1069 395 1125 διὰ
429 1071 650 1142 πολλῆς
693 1073 792 1145 μὲν
848 1076 948 1145 τῆς
986 1072 1288 1144 ταχύτητος
1334 1074 1426 1129 καὶ
1470 1075 1756 1145 δυνάμεως
1791 1073 1915 1144 ἄγει

293 1163 397 1216 τὸν
432 1162 726 1235 Θεόφιλον.
765 1166 970 1237 Γράφει
1005 1166 1060 1219 δὲ
1087 1165 1182 1220 καὶ
1209 1171 1343 1238 πρὸς
1361 1167 1452 1221 τὸν
1487 1166 1706 1238 Ῥώμης
1751 1167 1914 1220 Ἰννοο

294 1258 540 1314 κέντιον
568 1259 888 1332 πρεπόντως
911 1258 1004 1314 καὶ
1035 1260 1296 1328 συνετῶς,
1323 1261 1391 1315 τά
1418 1278 1478 1314 τε
1514 1260 1673 1327 ἄλλα,
1697 1261 1792 1314 καὶ
1813 1259 1915 1331 τὴν

294 1351 637 1423 ἀποστολὴν
689 1352 801 1406 ἀπὸ
838 1351 1060 1422 Ῥώμης
1111 1355 1333 1423 ταχεῖαν
1407 1353 1514 1417 τῶν
1589 1351 1912 1421 ὀφειλόντων

294 1443 710 1513 ἀκροάσασθαι
743 1444 810 1497 τά
840 1445 982 1500 κατὰ
1011 1445 1290 1515 Θεόφιλον·
1328 1445 1406 1499 έτι
1438 1445 1495 1498 δὲ
1536 1446 1629 1499 καὶ
1658 1443 1794 1514 πρὸς
1819 1442 1912 1496 τὸν

297 1533 452 1588 ἴδιον
496 1535 728 1604 ἀδελφὸν
757 1535 852 1590 καὶ
886 1535 1111 1606 βασιλέα
1165 1534 1441 1607 ὐνὼριον,
1490 1533 1910 1606 παρασκευάσαι

294 1625 398 1679 τὸν
435 1626 642 1680 πάπαν
699 1626 840 1682 κατὰ
886 1629 952 1681 τὰ
985 1625 1264 1699 γραφέντα
1299 1625 1450 1695 αὕτῷ
1487 1622 1910 1697 διαπράξασθαι.

273 1718 370 1777 ,οἳ
405 1723 516 1776 καὶ
568 1721 877 1792 δεξάμενοι,
914 1721 1429 1791 παρασκευάζονται
1479 1719 1576 1790 μὲν
1623 1717 1759 1787 πρὸς
1810 1715 1910 1787 τὴν

2020 512 2386 578 Alexandriae,
2433 514 2548 583 jam
2591 524 2720 571 sunt
2755 515 3128 584 praetereunda
3163 532 3186 582 ;
3216 530 3334 584 quae
3373 513 3594 583 quidem

2023 607 2450 678 publicabuntur
2474 609 2543 662 ab
2564 624 2652 672 eo,
2677 607 2820 677 quod
2854 608 2967 662 illic
2995 607 3236 662 futurum
3260 617 3343 663 est
3361 605 3592 680 judicio.

2019 698 2129 757 Nos
2167 707 2346 756 autem
2369 700 2733 771 procedamus
2760 700 2826 756 ad
2855 711 3063 756 nostra.

2092 885 2178 939 19.
2209 884 2504 956 Cognoscit
2527 902 2656 957 ergo
2707 887 3003 955 imperator
3041 900 3071 940 a
3117 885 3441 956 quibusdam
3475 897 3601 944 mon

2021 977 2234 1042 nacbis,
2265 995 2388 1048 qua:
2422 979 2489 1033 ab
2532 980 2954 1035 accusatoribus
3002 980 3141 1034 facta
3180 989 3385 1036 suntet
3411 980 3593 1036 Tltco-

2019 1071 2190 1142 pltilo.
2229 1072 2277 1127 Is
2332 1081 2510 1127 autem
2554 1088 2748 1142 magna
2798 1073 3079 1127 ceieritate
3118 1081 3173 1128 et
3223 1073 3274 1127 vi
3302 1073 3456 1144 jubet
3496 1075 3595 1128 ad-

2016 1163 2144 1242 duci
2216 1163 2604 1235 TheOpbilum.
2674 1164 2873 1219 Scribit
2949 1179 3076 1217 vero
3145 1163 3212 1217 ad
3275 1163 3589 1234 pontiﬁcem

2018 1256 2329 1313 Romanum
2386 1257 2759 1312 innocentium
2794 1257 3020 1328 pulchre
3047 1266 3102 1312 et
3145 1257 3438 1328 sapienter,
3465 1273 3590 1312 eum

2015 1350 2143 1416 alia,
2175 1357 2288 1404 tum
2335 1360 2396 1405 ut
2459 1353 2568 1406 cito
2617 1349 3321 1421 Roma-proﬁciscerentur
3356 1352 3448 1418 qui
3525 1351 3594 1405 de

2013 1443 2325 1514 TheOphilo-
2344 1452 2761 1517 cognoscerent.
2793 1443 3062 1498 Prmterea
3106 1452 3288 1498 autem
3319 1444 3386 1498 ad
3423 1459 3590 1500 suum

2011 1550 2235 1606 quoque
2263 1535 2488 1592 fratrem
2513 1545 2567 1591 ct
2598 1536 2987 1608 imperatorem
3029 1533 3355 1598 Honorium,
3386 1545 3447 1589 ut
3480 1535 3594 1592 etii-

2012 1639 2158 1686 ccret
2182 1638 2238 1685 ut
2269 1646 2406 1702 papa
2435 1639 2829 1702 exsequeretur
2855 1645 2916 1685 ea
2948 1645 3069 1700 quae
3091 1629 3157 1684 ad
3181 1630 3360 1701 ipsum
3388 1630 3602 1700 scripta

2012 1719 2250 1776 fuerant.
2287 1720 2392 1789 Qui
2421 1737 2547 1777 cum
2582 1737 2646 1777 ea
2667 1722 3036 1792 accepissent,
3067 1736 3128 1777 se
3159 1731 3352 1792 parant
3372 1721 3595 1792 quidem

293 1812 530 1868 τούτων
551 1813 931 1886 ἐκπλήρωσιν·
967 1814 1392 1884 διασκεψάμενοι
1426 1810 1598 1876 δὲ,ώς
1630 1811 1698 1864 ἂν
1732 1809 1807 1881 μὴ
1829 1808 1907 1880 τῷ

2011 1811 2077 1866 ad
2109 1827 2171 1866 ea
2203 1812 2504 1882 implenda.
2534 1813 2670 1868 Cum
2707 1821 2888 1868 autem
2921 1811 3282 1877 dubitassem,
3317 1829 3384 1868 ne
3413 1813 3594 1870 sicito

293 1907 476 1976 τάχει
507 1907 612 1976 τῆς
637 1907 941 1981 ἀποστολῆς
991 1909 1048 1962 ἐν
1096 1906 1669 1963 Κωνσταντινουπόλει
1717 1921 1908 1974 χρονοο

297 2001 681 2072 τριδήσωσιν,
739 1999 917 2063 ἄλλως
967 2017 1028 2054 τε
1069 1999 1161 2054 καὶ
1210 1998 1310 2070 τὴν
1348 1997 1768 2066 ἐπισυναγωγὴν
1801 1995 1908 2048 τῶν

293 2092 528 2148 λοιπῶν
581 2093 1131 2165 προσεπινοήσαντες,
1168 2091 1427 2162 δευτέραν
1476 2088 1695 2161 γραφὴν
1728 2108 1904 2159 irpon

296 2188 589 2260 δέχονται.
631 2188 695 2241 Τί
725 2182 820 2244 οὖν
848 2189 875 2243 ὁ
909 2186 1082 2252 δεινὸς
1127 2189 1340 2247 ἐκεῖνος
1385 2187 1477 2240 καὶ
1510 2186 1754 2250 ποικίλος
1786 2186 1907 2240 θεο-

302 2285 526 2352 μισής
565 2281 753 2335 Ταῦτα
777 2278 1082 2352 διαμαθὼν,
1112 2280 1460 2348 ἐξανίσταται
1507 2281 1908 2352 μοχθηρότερον

299 2374 465 2427 κατὰ
490 2371 588 2427 τοῦ
621 2371 1012 2444 ἀρχιποιμένος
1033 2372 1129 2426 καὶ
1170 2375 1270 2443 τῆς
1303 2371 1537 2441 ποίμνης
1576 2371 1812 2442 ἐκείνης,
1848 2373 1910 2434 ὃς

301 2464 391 2534 τῷ
435 2463 654 2534 βασιλεί
680 2463 778 2528 τάς
807 2463 970 2517 αὐτοῦ
996 2463 1324 2534 διεσάφησεν
1351 2464 1766 2536 ἀρρητοποιίας.
1799 2465 1910 2518 Καὶ

303 2556 673 2630 πλασάμενος
722 2556 790 2611 τὰ
842 2557 982 2611 κατὰ
1035 2557 1127 2610 τοῦ
1188 2555 1524 2628 Ὠριγένους,
1573 2559 1909 2629 συναρπάζει

305 2653 412 2706 καὶ
444 2650 740 2705 σπένδεται
784 2649 887 2720 τὴν
933 2650 1071 2721 πρὸς
1099 2648 1190 2704 τὸν
1223 2651 1396 2720 μέγαν
1437 2650 1755 2718 Ἐπιφάνιον
1796 2651 1910 2705 Κύ-

306 2763 462 2816 πρου
496 2745 702 2816 φιλίαν,
731 2742 806 2809 ὡς
834 2743 995 2816 δῆθεν
1019 2744 1088 2798 τὰ
1131 2743 1448 2815 Ὠριγένους
1467 2744 1908 2800 διακαταδαλεῖν.

309 2838 711 2909 Συναπάγεται
764 2837 974 2901 τούτοις
1008 2839 1038 2892 6
1076 2836 1412 2906 Ἐπιφάνιος,
1459 2837 1554 2891 καὶ
1609 2838 1910 2906 συναγωνί-

309 2930 480 2994 ζεται
510 2929 774 3002 Θεοφίλῳ·
819 2919 866 2999 ᾧ
912 2923 979 3000 ἦν
1030 2930 1061 2983 6
1113 2926 1336 2998 σύμπας
1376 2928 1577 2993 σκοπὸς
1607 2929 1705 3000 τῆς
1744 2945 1910 2983 σπου·

305 3023 416 3094 δῆς
457 3022 605 3078 κατὰ
653 3020 749 3076 τοῦ
797 3020 954 3090 ἁγίου
1009 3019 1104 3074 καὶ
1143 3021 1254 3074 τῶν
1303 3020 1614 3092 εἰρημένων
1655 3019 1910 3090 ἀσκητῶν

2005 1902 2378 1971 mitterentur,
2429 1912 2642 1974 tempus
2695 1912 2937 1960 tererent
2987 1904 3495 1974 Constantinopoli,
3538 1915 3593 1960 et

2011 1993 2214 2064 alioqui
2245 1996 2605 2065 opperientes
2636 1996 2765 2051 dum
2799 1996 2993 2066 reliqui
3029 2011 3249 2068 quoque
3297 2012 3594 2068 congrega-

2010 2096 2222 2150 rentur.
2279 2097 2604 2157 exspectant
2650 2089 2922 2144 secundas
2973 2090 3207 2144 litteras.
3267 2090 3409 2155 Quid
3458 2105 3600 2158 ergo.

2009 2180 2160 2236 \mfer
2186 2180 2276 2236 ille
2295 2188 2348 2236 et
2373 2190 2591 2238 astutus
2614 2181 2702 2236 Dei
2731 2183 2944 2237 hostis?
2965 2180 3086 2237 llazc
3106 2197 3229 2237 cum
3253 2182 3591 2243 rescivisset,

2010 2273 2248 2346 insurgit
2278 2277 2597 2333 sceleratius
2645 2277 2911 2334 adversus
2957 2287 3235 2348 pastorum
3267 2277 3601 2349 principem,

2018 2375 2074 2423 et
2100 2369 2527 2440 illum-gregem,
2557 2369 2649 2440 qui
2683 2370 2996 2440 imperatori
3043 2370 3254 2426 nefaria
3292 2372 3413 2443 ejus
3449 2371 3595 2427 facta

2011 2469 2380 2531 exposuerunt
2420 2469 2510 2517 :et
2557 2479 2682 2518 cum
2729 2462 2783 2517 in
2835 2480 2930 2520 eos
2962 2463 3320 2520 continxisset
3376 2479 3592 2521 errores

2011 2550 2286 2624 Origenis,
2333 2571 2590 2627 maguum
2651 2553 3018 2627 Epiphanium
3056 2556 3220 2628 Cypri
3269 2561 3588 2628 episcopum

2013 2645 2077 2700 ad
2120 2663 2182 2703 se
2211 2647 2461 2711 attrahit,
2505 2654 2559 2704 et
2595 2662 2718 2703 eum
2773 2663 2839 2704 eo
2871 2649 2973 2704 init
3012 2648 3330 2711 amicitiam,
3363 2654 3421 2702 ut
3458 2662 3594 2703 con-

2011 2748 2234 2810 gregata
2289 2741 2520 2812 synodo,
2575 2740 2782 2811 scripta
2852 2742 3275 2812 reprehenderet
3313 2738 3586 2811 Origeuis.

2014 2831 2108 2888 llis
2142 2833 2424 2888 inducitur
2447 2833 2808 2904 Epiphanius,
2845 2843 2900 2890 et
2934 2833 3040 2890 fert
3072 2850 3230 2905 opem
3260 2832 3587 2905 Theophilo.

2012 2925 2182 2996 Cujus
2218 2926 2510 2982 universus
2537 2927 2704 2982 studii
2733 2943 2935 2998 scopus
2980 2943 3086 2984 non
3151 2928 3260 2984 alio
3309 2928 3592 3000 spectabat

2009 3034 2175 3092 quam
2202 3019 2467 3076 adversus
2499 3029 2772 3087 sanctum,
2805 3028 2858 3077 et
2880 3037 2997 3085 eos,
3022 3021 3111 3091 qui
3134 3021 3267 3078 dicti
3296 3029 3450 3090 sunt,
3473 3036 3591 3078 mo—

311 3115 681 3170 ἁποσλέπων.
707 3115 862 3171 Μετὰ
894 3112 1070 3167 ταῦτα
1099 3109 1187 3180 τίς
1228 3111 1416 3167 Πείθει
1455 3112 1546 3165 τὸν
1588 3112 1906 3181 Ἐπιφάνιον

2014 3113 2242 3169 nachos.
2277 3112 2407 3169 Post
2445 3113 2561 3170 haec
2597 3115 2775 3184 quid?
2822 3112 3122 3170 Persuadet
3171 3113 3498 3185 Epiphanio,
3530 3124 3591 3171 ut

313 3206 536 3277 γράψαι
594 3202 671 3273 τῷ
717 3202 963 3275 Ἰωάννῃ,
1015 3202 1125 3256 τῶν
1171 3201 1478 3275 Ὠριγένους
1520 3200 1717 3268 βίϐλων
1795 3202 1909 3255 άπο

309 3298 550 3370 ἐχεσθαι
581 3295 678 3351 καὶ
705 3295 969 3367 μηδαμῶς
997 3295 1330 3364 συμφρονεῖν
1352 3293 1559 3357 αὐτοῖς.
1579 3293 1636 3346 Ὃ
1651 3292 1706 3346 δὲ
1737 3293 1910 3362 μέγας

313 3391 493 3454 ὅντως
519 3381 674 3452 οὗτος
700 3386 1088 3457 Χρυσόστομος
1148 3384 1319 3440 ταῦτα
1351 3384 1666 3455 δεξάμενος,
1697 3386 1773 3457 τῷ
1806 3403 1905 3439 κα-

315 3482 482 3554 θαρῷ
526 3480 622 3534 τοῦ
667 3480 1012 3551 φρονήματος
1047 3478 1149 3533 οὐκ
1176 3477 1461 3549 ἐφρόντιζε
1494 3477 1604 3532 τῶν
1633 3477 1904 3549 ἐπεμϐαι-

316 3572 555 3636 νόντων,
588 3573 722 3643 μόνα
766 3569 824 3626 δὲ
856 3570 925 3624 τά
962 3570 1060 3642 τῆς
1092 3570 1368 3643 σωτηρίας
1419 3569 1745 3643 διεμερίμνα
1791 3571 1908 3625 δια-

319 3665 552 3729 παντός.

393 3755 468 3814 κέ.
513 3758 677 3814 Ἀλλὰ
709 3758 885 3813 ταῦτα
938 3757 1038 3829 μὲν
1078 3757 1388 3823 ἀκολούθως
1445 3760 1560 3824 τοῖς
1616 3759 1904 3831 πράγμασι

315 3851 622 3923 διατρέχων
647 3851 676 3903 6
711 3850 870 3920 λόγος
894 3851 1153 3922 ἐδήλωσε·
1186 3851 1391 3923 μεταξὺ
1423 3851 1480 3906 δὲ
1508 3852 1617 3906 τῶν
1647 3853 1925 3916 τοιούτων,

321 3947 356 4014 ἡ
407 3945 510 4016 τῆς
541 3943 983 4015 πολυθρυλλὴτου
1021 3945 1200 4017 χήρας
1239 3945 1555 4016 παρέστηκε
1585 3945 1680 4000 τοῦ
1721 3947 1905 4016 ἀμπε-

321 4036 494 4102 λῶνος
523 4036 796 4107 διήγησις,
834 4037 970 4109 πρὸς
990 4038 1055 4108 ἢν
1085 4035 1537 4111 καθισ[τ]άμεθα.
1559 4038 1903 4107 Θεόγνωστος

324 4130 559 4195 ἐκεῖνος,
591 4128 621 4180 6
653 4128 886 4201 εὐσεϐὴς
935 4131 1031 4185 καὶ
1076 4129 1290 4196 πιστὸς,
1341 4125 1422 4193 εἷς
1469 4132 1568 4185 καὶ
1609 4130 1768 4195 αὐτὸς
1794 4132 1905 4185 τῶν

321 4223 545 4277 οἰκείων
597 4221 676 4295 τῷ
715 4223 927 4294 βασιλεῖ
987 4223 1274 4296 ’Δρκαδέῳ·
1318 4223 1496 4294 φθόνῳ
1526 4222 1585 4279 δὲ
1635 4223 1902 4292 διαϐόλου,

324 4315 418 4370 καὶ
449 4315 617 4370 Γαΐου
642 4315 736 4371 τοῦ
772 4316 842 4369 τά
876 4317 1086 4388 ’Δρείου
1129 4315 1452 4388 φρονοῦντος
1486 4316 1707 4388 διαϐολῇ
1739 4332 1904 4372 συκο-

327 4413 612 4476 φαντεῖται
643 4407 780 4480 πρὸς
806 4408 1032 4479 βασιλέα
1061 4410 1424 4479 Θεόγνωστος.
1458 4411 1553 4464 καὶ
1594 4410 1690 4482 τὴν
1721 4410 1906 4466 ἄδικον

2012 3207 2220 3262 scribat
2249 3207 2315 3260 ad
2354 3205 2618 3261 Joannem
2657 3218 2716 3261 ut
2751 3207 3024 3263 abstineat
3052 3223 3085 3262 a
3115 3207 3340 3278 scriptis
3391 3204 3589 3278 Origeo

2011 3299 2094 3354 nis
2147 3307 2199 3353 et
2244 3313 2370 3353 cum
2423 3301 2505 3356 eis
2544 3300 2768 3353 minime
2812 3298 3031 3354 sentiat.
3089 3298 3185 3356 ille
3230 3306 3415 3355 autem
3461 3315 3591 3355 vere

2010 3403 2242 3459 magnus
2291 3389 2725 3461 Chrysostomns
2765 3404 2890 3445 cum
2936 3390 3052 3445 haec
3097 3391 3427 3461 accepisset,
3465 3405 3591 3446 sen-

2010 3481 2196 3536 tentiae
2245 3497 2358 3538 suae
2410 3481 2579 3538 fretus
2630 3483 2897 3552 puritate,
2927 3498 3034 3537 non
3074 3482 3303 3559 curabat
3347 3498 3465 3547 eos,
3494 3471 3614 3554 qui"

2011 3574 2388 3640 insultabant‘,
2443 3577 2539 3633 sed
2586 3575 2653 3631 de
2695 3576 2972 3632 communi
3013 3576 3198 3634 salute
3257 3560 3438 3633 solum
3469 3581 3592 3634 erat

2009 3677 2276 3739 perpetuo
2314 3667 2604 3724 sollicitus.
3565 3727 3568 3732 ι

2077 3759 2168 3816 ‘20.
2205 3757 2311 3814 Sed
2349 3760 2460 3814 haec
2495 3758 2716 3830 quidem
2763 3759 2927 3815 rebus
2958 3769 3354 3829 consequenter
3399 3773 3589 3828 persc-

2007 3868 2206 3924 quens,
2230 3851 2529 3924 declarabit
2551 3852 2751 3908 oratio.
2784 3853 2931 3908 inter
2952 3852 3067 3907 lucc
3091 3859 3272 3907 autem
3302 3851 3589 3907 celebratae

2009 3946 2155 4002 illius
2191 3947 2366 4001 viduae
2397 3948 2568 4001 vineae
2603 3945 2838 4001 accessit
2868 3946 3132 4008 narratio,
3167 3944 3232 3999 ad
3264 3959 3428 4014 quam
3460 3959 3587 4015 per-

2010 4041 2280 4094 venimus.
2309 4038 2690 4110 Tltcognostus
2722 4039 2846 4110 pius
2885 4037 2977 4093 ille
3001 4045 3054 4095 et
3076 4036 3272 4101 ﬁdelis,
3310 4045 3426 4092 erat
3467 4034 3590 4106 ipse

2007 4148 2226 4202 quoque
2249 4149 2391 4188 unus
2423 4149 2486 4188 ex
2520 4133 2611 4198 iis,
2645 4132 2740 4202 qui
2775 4138 2930 4187 erant
2961 4129 3259 4185 familiares
3291 4131 3590 4201 imperato-

2008 4228 2055 4281 ri
2099 4226 2351 4283 Arcadio.
2405 4226 2607 4281 Invidia
2671 4235 2853 4280 autem
2905 4223 3110 4279 diaboli
3187 4231 3240 4279 et
3291 4222 3435 4288 Gaii,
3489 4222 3585 4295 qui

2008 4319 2201 4375 morbo
2235 4319 2518 4375 laborabat
2546 4318 2683 4383 Arii,
2719 4317 2857 4388 apud
2882 4317 3264 4386 imperatorem
3289 4324 3588 4370 accusatur

2009 4412 2416 4484 Tlicognostus.
2453 4421 2506 4469 et
2531 4414 2733 4481 injusta
2761 4412 3030 4466 bonorum
3066 4409 3434 4478 publicatione
3456 4423 3581 4463 cum

321 4499 595 4574 δήμευσιν
671 4505 766 4556 καὶ
830 4503 1130 4573 ὑπερορίαν
1181 4503 1276 4556 σὺν
1327 4505 1546 4570 γυναικὶ
1605 4504 1697 4556 καὶ
1751 4505 1906 4558 παισὶ

2014 4508 2341 4577 relegatione
2369 4505 2662 4561 damnatur
2696 4505 2856 4561 simul
2889 4520 3011 4559 eum
3049 4518 3215 4559 uxore
3255 4512 3308 4558 et
3342 4499 3529 4557 liberis
3564 4516 3580 4568 ;

329 4598 741 4671 κατακρίνεται·
775 4599 868 4652 καὶ
915 4599 1001 4651 ἵνα
1033 4597 1304 4666 συντέμω,
1347 4601 1476 4668 πρὶν
1506 4597 1538 4668 ἦ
1572 4596 1784 4668 φθάσαι
1815 4598 1904 4652 τὸν

328 4691 426 4763 τῆς
470 4688 688 4763 ὲξορίας
727 4692 932 4756 τόπον,
986 4692 1107 4744 καθ’
1154 4690 1278 4746 όὸοὗ
1336 4692 1436 4762 τὴν
1478 4692 1598 4745 ὁδὸν
1643 4692 1739 4746 τοῦ
1788 4690 1902 4762 βίου

327 4786 574 4851 τελέσας,
605 4785 743 4858 πρὸς
787 4786 882 4840 τὸν
931 4785 1066 4840 Θεὸν
1116 4786 1441 4857 ἐξεδήμησέ.
1494 4785 1700 4840 Τούτου
1743 4787 1903 4856 ἡσύ-

329 4879 493 4948 ζυγος
554 4878 944 4949 ὑποστρέψασα
997 4878 1331 4951 προστρέχει
1387 4877 1466 4950 τῷ
1525 4878 1656 4950 θείῳ
1716 4880 1900 4950 ἀνδρὶ,

326 4973 551 5026 τοιαῦτα
583 4971 651 5025 τά
688 4971 808 5026 καθ’
839 4971 1038 5042 ἑαυτὴν
1070 4971 1413 5037 ὲκδιδάξασα.
1469 4971 1528 5025 Ὀ
1576 4971 1632 5026 δὲ
1677 4988 1900 5041 συμπα-

330 5065 424 5136 θὴς
445 5058 623 5129 οὗτος,
648 5065 741 5119 καὶ
758 5063 994 5131 Χριστοῦ
1027 5064 1291 5135 μιμητὴς,
1322 5064 1612 5118 ἐπικλᾶται
1642 5064 1739 5132 τὴν
1770 5080 1904 5133 καρ-

325 5156 446 5210 δίαν
501 5153 581 5225 τῷ
619 5154 780 5210 πάθει
842 5156 937 5208 καὶ
967 5157 1033 5225 τῇ
1097 5156 1295 5226 χηρείᾳ
1346 5157 1446 5226 τῆς
1499 5157 1779 5223 γυναικός
1810 5159 1903 5211 καὶ

329 5252 638 5323 παρηγορεῖ
698 5248 797 5320 μὲν
850 5247 1080 5312 ἱκανῶς,
1134 5249 1228 5303 καὶ
1284 5252 1542 5321 παραινεῖ
1579 5250 1644 5305 τά
1691 5251 1898 5306 εἰκότα·

325 5341 712 5398 διασκέπτεται
749 5342 810 5396 δὲ
869 5341 1051 5408 πάλιν,
1091 5342 1239 5405 ὅπως
1271 5343 1506 5416 ἀποδοθῇ
1541 5345 1608 5416 τῇ
1655 5347 1800 5417 χήρᾳ
1835 5347 1903 5400 τά

332 5433 455 5488 ἴδια.
490 5434 603 5490 Καὶ
629 5433 693 5505 δὴ
734 5435 860 5504 περί
888 5435 1081 5489 τούτου
1115 5431 1544 5506 διαμεριμνῶντι
1591 5437 1743 5509 αὐτῷ
1783 5439 1902 5492 ἓτε-

331 5538 420 5597 ρον
458 5529 491 5581 6
526 5527 767 5598 πονηρὸς
803 5527 940 5581 κατὰ
962 5528 1060 5597 τῆς
1088 5529 1263 5598 χήρας
1291 5529 1546 5596 γυναικὸς
1580 5533 1901 5604 ἀνερρίπισε

328 5621 388 5675 τὸ
423 5620 618 5675 δεινόν.
659 5622 865 5691 Καιρὸς
916 5622 1024 5694 γὰρ
1063 5618 1129 5692 ἦν
1185 5621 1214 5674 6
1268 5625 1364 5694 τῆς
1417 5624 1644 5696 τρύγης,
1678 5627 1744 5678 δι’
1779 5627 1899 5699 ὃνή

330 5715 540 5787 βασιλὶς
594 5713 785 5784 ἐξῆλθε
840 5716 940 5786 τῆς
985 5717 1210 5780 πόλεως.
1266 5718 1408 5783 Καὶ,
1452 5719 1552 5772 οὐκ
1609 5716 1706 5773 οἶδ’
1752 5723 1898 5784 ὅπως

330 5810 488 5877 εῑπω,
521 5809 806 5880 προτέρως
852 5810 932 5872 είς
973 5811 1062 5863 τὸν
1099 5809 1398 5880 ἀμπελῶνα
1433 5811 1530 5880 τῆς
1570 5815 1742 5884 χήρας
1789 5813 1900 5865 είει⁸

332 5901 449 5970 ἑὸη·
481 5901 578 5956 καὶ
609 5902 714 5974 ἰδία
747 5903 888 5973 χειρὶ
911 5902 1011 5969 τῆς
1037 5904 1280 5974 ἀμπέλου
1306 5902 1499 5975 βότρυν
1525 5905 1899 5975 ἀποτεμοῦσα,

335 5991 524 6049 ἐσθίει.
580 5989 715 6049 Εἶτα
762 5994 1068 6050 διδάσκεται
1129 5996 1202 6062 ὡς
1243 5995 1497 6070 ἀλλοτρία
1542 5998 1573 6068 ἡ
1635 5997 1897 6068 ἄμπελος.

2007 4609 2082 4664 et,
2121 4610 2182 4654 ut
2217 4600 2408 4669 paucis
2443 4599 2747 4662 absolvam,
2791 4597 3108 4667 priusquam
3147 4595 3486 4667 pervenisset
3513 4595 3580 4648 ad

2007 4693 2188 4747 locum
2226 4693 2278 4745 in
2327 4707 2488 4761 quem
2524 4703 2637 4745 erat
2671 4689 3059 4759 relegatus,,in
3091 4689 3308 4753 itinere,
3344 4689 3429 4743 via
3458 4689 3581 4743 vita!

2008 4793 2247 4854 peracta,
2297 4783 2549 4854 migravit
2596 4783 2661 4837 ad
2699 4782 2886 4839 Deum.
2943 4780 3117 4852 Hujus
3165 4795 3303 4836 uxor
3360 4796 3581 4836 reversa

2007 4878 2215 4934 accedit
2253 4878 2318 4933 ad
2358 4879 2532 4932 rirum
2562 4876 2829 4940 divinum,
2868 4886 2920 4930 et
2957 4877 3023 4932 de
3054 4892 3114 4931 se
3153 4874 3335 4930 omnia
3371 4872 3579 4929 docuit.

2006 4974 2105 5028 ilic
2141 4983 2320 5027 autem
2346 4973 2663 5028 misericors
2693 4972 2965 5028 ctChristi
2991 4972 3253 5035 imitator,
3285 4969 3450 5025 corde
3479 4969 3580 5024 do-

2007 5064 2176 5118 lorem
2223 5063 2422 5136 accipit
2468 5064 2536 5118 ob
2564 5079 2624 5118 ea
2659 5079 2781 5133 qua:
2814 5062 3150 5127 acciderant,
3186 5070 3240 5116 et
3268 5062 3339 5117 ob
3365 5061 3582 5117 femina)

2005 5157 2324 5212 viduitatem
2361 5177 2372 5212 :
2416 5166 2468 5211 et
2503 5157 2731 5228 pulchre
2762 5157 2979 5228 quidem
3012 5160 3351 5221 consolatur,
3381 5167 3434 5212 et
3459 5167 3580 5228 quae

2004 5265 2102 5320 par
2125 5260 2243 5305 erat
2266 5250 2312 5305 ei
2333 5250 2557 5305 suadet:
2585 5265 2783 5306 rursus
2815 5266 2942 5306 vero
2958 5249 3291 5315 considerat,
3317 5251 3580 5321 quemad‘

2004 5343 2223 5397 modum
2267 5343 2441 5398 Vidine
2489 5359 2586 5398 sua
2631 5345 3008 5401 restituantur.
3050 5345 3185 5401 Cum
3217 5346 3264 5401 is
3300 5354 3480 5402 autem
3511 5348 3579 5402 de

2004 5456 2069 5495 eo
2100 5439 2370 5495 sollicitus
2399 5451 2562 5504 esset,
2595 5439 2742 5497 aliud
2779 5439 2981 5514 malum
3010 5439 3270 5495 excitavit
3305 5440 3578 5512 malignus

2004 5534 2266 5589 adversus
2291 5532 2570 5588 mulierem
2608 5533 2843 5589 viduam.
2886 5532 3015 5588 Erat
3040 5534 3182 5590 enim
3222 5543 3435 5605 tempus
3461 5533 3577 5590 vin-

2003 5628 2212 5691 demiae,
2246 5636 2465 5698 prOpter
2493 5643 2652 5698 quam
2685 5628 3005 5700 imperatrix
3036 5644 3252 5702 egressa
3295 5646 3358 5686 ex
3395 5631 3532 5688 urbe
3559 5645 3575 5686 :

2003 5729 2056 5776 et
2099 5723 2285 5778 nescio
2325 5723 2600 5796 quomodo
2633 5723 2783 5792 prius
2830 5723 3070 5795 ingressa
3102 5720 3202 5779 iuit
3251 5723 3308 5781 in
3365 5740 3571 5780 micam

2006 5815 2200 5878 viduae,
2261 5824 2314 5871 et
2361 5831 2454 5870 sua
2509 5833 2672 5872 manu
2728 5823 3006 5872 exsectum
3048 5817 3263 5871 botrum
3315 5814 3550 5873 come-(Iit

2008 5906 2212 5963 Deinde
2241 5907 2488 5973 docetur,
2514 5911 2723 5964 vineam
2761 5925 2882 5965 esse
2921 5910 3162 5964 alterius.
3201 5909 3465 5965 [nducdnt
3499 5911 3575 5964 ic-

2011 6001 2115 6073 gis,
2150 6002 2294 6072 quod
2339 6008 2419 6059 c'st
2470 6005 2522 6060 in
2560 6002 3090 6074 rcbus'hujusmodi,
3139 6004 3423 6068 auxilium,
3455 6019 3574 6073 quae
