4058 6294
277 328 403 393 26‘)-

916 339 1202 402 ORATIO
1233 342 1458 404 XVIII.
1496 366 1564 378 -
1592 343 1980 405 LAUDATIO
2018 345 2078 406 S.
2121 346 2447 409 JOANNIS
2489 350 2894 410 CHRYSUST-

3435 357 3543 416 εἶῖο

281 465 410 514 astu;
445 450 728 515 ὲκδοῦσαν,
772 453 870 525 τὴν
913 456 1003 509 ἐπὶ
1027 457 1099 510 τὰ
1140 460 1309 530 χείρω
1345 459 1583 530 βαδίζειν
1607 461 1856 524 ἐλεεινῶς

1973 461 2247 517 voluntate
2292 464 2446 532 sequi
2495 465 2773 519 deteriora
2830 465 3028 520 misere
3072 477 3359 523 statuerat.
3414 472 3546 525 Vide

280 541 556 614 ἑλομένην.
603 545 748 615 Ὅρα
797 548 855 602 δέ
912 566 1003 618 μοι
1055 551 1153 604 τοῦ
1207 552 1474 620 βασιλέως
1515 553 1752 607 ἐνταῦθα
1799 555 1860 608 τὸ

279 635 472 705 ἀρετῆς
521 639 847 709 περιούσιον.
872 643 1075 697 Μαθὼν
1099 645 1208 717 γὰρ
1237 647 1302 699 τὰ
1327 647 1447 699 κατ’
1471 647 1660 719 αὐτὴν,
1694 643 1776 713 οἷς
1800 666 1859 701 τε

280 729 453 800 ἐκείνη
471 731 713 802 διεσάφει
736 734 815 805 τῷ
847 735 1074 805 βασιλεῖ,
1106 742 1200 793 καὶ
1227 734 1308 803 οἷς
1333 741 1463 803 τοὺς
1498 741 1692 805 ἄλλους
1716 761 1863 814 παρ-

280 822 576 886 εσκεύαζεν
612 826 990 896 ἀναγγέλλει-ι,
1024 831 1202 885 πάντα
1247 833 1615 902 παραὸλέπει,
1647 834 1742 887 καὶ
1769 835 1862 888 οὐ-

278 918 398 970 δένα
434 917 591 987 λόγον
616 924 852 976 ποιεῖται
887 923 1080 992 αὐτῆς,
1109 926 1277 979 πόθου
1301 927 1396 980 τοῦ
1429 925 1566 998 πρὸς
1597 929 1860 1000 ἀρχιερέα

281 1010 369 1061 καὶ
399 1009 613 1075 δικαίας
644 1013 826 1077 αἰδοῦς
884 1015 1050 1086 μηδὲν
1095 1019 1536 1089 προτιμώμενος·
1562 1019 1737 1084 ἄλλως
1777 1040 1859 1086 τε,

281 1106 369 1156 καὶ
402 1104 459 1156 τὸ
491 1104 723 1176 σκληρὸν
753 1110 846 1160 καὶ
877 1109 1052 1179 θρασὺ
1100 1109 1191 1162 τοῦ
1220 1111 1391 1174 εἴδους
1424 1113 1639 1182 ἐκείνης
1675 1116 1860 1184 σαφῶς

280 1198 664 1268 ἐπιστάμενος.
728 1200 788 1253 Ὁ
837 1201 938 1271 μὲν
982 1203 1134 1271 ἀγὼν
1161 1199 1318 1266 οὗτος
1351 1205 1551 1272 ἐξῶσαι
1578 1207 1669 1262 τὸν
1697 1209 1864 1262 καλὸν

277 1293 481 1344 ἐκεῖνον
509 1293 745 1362 ποιμένα
794 1295 979 1358 πολύς
1010 1298 1041 1366 ἠ
1078 1296 1134 1349 δὲ
1165 1299 1447 1369 προθυμία
1486 1299 1592 1353 τῶν
1625 1303 1864 1356 κωλυόν-

277 1401 383 1438 των
406 1386 509 1439 οὐκ
539 1385 786 1457 ἀγεννής*
822 1390 854 1456 ἡ
880 1387 934 1440 δὲ
961 1388 1240 1443 τῶνθείων
1263 1392 1500 1445 κανόνων
1529 1394 1809 1465 ἀκρίϐεια,
1832 1399 1862 1467 ἡ

278 1477 330 1530 δὲ
355 1479 448 1530 ὑπ’
476 1478 641 1532 αὐτοῦ
669 1480 1014 1552 φωτιζομένη
1041 1483 1216 1548 πόλις,
1242 1486 1275 1554 ἡ
1300 1485 1355 1538 δὲ
1384 1486 1490 1537 τῶν
1518 1487 1862 1557 μοναζόντων

277 1568 468 1639 ἀγέλη,
527 1574 703 1626 πάντα
747 1575 814 1643 τῇ
864 1575 964 1644 τῆς
1012 1575 1284 1645 βασιλίδος
1325 1579 1862 1651 ἀντιστρατευόμενα

276 1663 577 1733 τυραννίδι.
628 1666 737 1719 Καὶ
764 1667 1036 1721 τοσούτων
1062 1669 1256 1733 ὄντων,
1294 1672 1361 1724 τὰ
1407 1672 1506 1742 τῆς
1543 1673 1861 1745 ἐπιθυμίας,

279 1756 336 1826 ἢ,
367 1756 497 1824 τόγε
533 1757 901 1831 ἀληθέστερον
929 1764 1123 1828 εἰπεῖν,
1162 1765 1261 1833 τῆς
1292 1766 1606 1835 μιαιφονίας
1640 1768 1672 1838 ἠ
1707 1769 1864 1840 βασις-

275 1848 359 1913 λὶς
405 1829 817 1923 ἐξεπλήρωσεν,
862 1855 920 1908 '0
972 1855 1072 1925 μὲν
1124 1857 1186 1928 δὴ
1218 1829 1767 1929 *μέγαςὰπόστολόῃ
1802 1865 1864 1918 τὸ
1898 1829 1936 1884 Β

279 1940 478 2007 σκεῦος
503 1945 603 2014 τῆς
639 1945 872 2018 ἐκλογῆς
898 1963 912 1980 ο
944 1949 1009 2001 Οἱ
1039 1949 1320 2017 θέλοντες
1350 1951 1458 2021 ζῇν
1499 1955 1765 2022 εὐσεϐῶς
1795 1959 1868 2011 ἐν

277 2035 534 2104 Χριστῷ,
575 2041 728 2107 φησι,
763 2040 1228 2109 διωχθήσονται.
1273 2047 1382 2100 Καὶ
1436 2048 1538 2119 πρό
1581 2067 1640 2118 γε
1670 2053 1862 2107 τούτου

277 2126 442 2179 Δαὸὶδ
475 2130 504 2181 ό
535 2129 712 2196 μέγας
743 2131 982 2196 πολλὰς
1038 2132 1247 2200 εἰσάγει
1291 2135 1411 2189 τῶν
1451 2137 1703 2193 δικαίων
1759 2141 1866 2208 τὰς

276 2221 541 2288 θλίψεις,
567 2223 664 2276 καὶ
697 2225 848 2276 πᾶσα
879 2225 1070 2297 Γραφὴ
1104 2228 1372 2299 πολλαχοῦ
1403 2233 1617 2304 συνᾴδει
1654 2237 1865 2300 τούτοις

278 2313 660 2379 θεόπνευστος.
698 2318 796 2379 Τίς
831 2318 887 2371 δὲ
912 2320 940 2373 ό
967 2319 1127 2389 λόγος
1152 2322 1250 2393 τῆς
1287 2325 1584 2395 ὲπαχθείας
1607 2328 1714 2382 τῶν
1743 2331 1867 2384 δυσ-

279 2404 462 2476 χερῶν
487 2409 600 2469 τοῖς
651 2407 882 2473 δικαίοις
917 2412 1154 2467 ἐνταῦθα
1195 2415 1382 2484 (καλὸν
1425 2420 1534 2488 γὰρ
1586 2423 1781 2494 μικρόν
1814 2441 1864 2476 τι

278 2499 645 2569 φιλοπονῆσαι
679 2502 893 2556 πολλῶν
939 2505 1210 2576 ὡφελείας
1238 2508 1454 2583 ἕνεκεν).
1482 2514 1575 2566 τοῦ
1600 2516 1866 2586 Θεολόγου

278 2590 588 2663 Γρηγορίου
623 2593 852 2665 βροντῆς
904 2599 1304 2670 ἐπακούσωμεν
1325 2602 1595 2671 λέγοντος·
1648 2611 1714 2662 Εἰ
1759 2613 1868 2679 γὰρ

279 2685 378 2737 καί
410 2687 683 2755 χρηστὸς
714 2693 746 2742 ό
768 2689 962 2761 ζυγὸς,
992 2692 1089 2746 καὶ
1119 2693 1184 2747 τὸ
1211 2699 1457 2765 φορτίον
1478 2701 1583 2754 τοῦ
1609 2703 1867 2770 Χριστοῦ

277 2779 573 2848 ἐλαφρὸν,
608 2781 771 2836 ἀλλὰ
821 2782 919 2837 διὰ
955 2784 1071 2853 τὴν
1117 2787 1337 2842 ἐλπίδα
1370 2791 1548 2847 τοῦτο
1591 2794 1694 2849 καὶ
1754 2796 1872 2865 τὴν

279 2871 620 2928 ἀντίδοσιν·
654 2873 1007 2944 δεικνύντος
1058 2881 1163 2934 τοῦ
1223 2883 1444 2952 λόγου,
1507 2887 1587 2954 ὡς
1620 2891 1679 2943 at
1717 2890 1871 2946 κατὰ

277 2965 388 3018 τὸν
431 2969 705 3036 παρόντα
730 2971 880 3034 ,ϐίον
925 2966 1252 3043 ἀκρότητες
1287 2978 1406 3032 τῶν
1429 2980 1686 3052 ἀνδρῶν,
1720 2988 1870 3054 πρὸς

279 3061 387 3126 τὰς
417 3061 652 3117 ἐκεῖθεν
687 3064 942 3132 ἐλπίδας
967 3067 1065 3121 καὶ
1097 3070 1438 3140 ἀντιδόσεις
1461 3078 1872 3148 εὐφροσύναις

1963 563 2144 609 autem
2223 555 2313 609 hic
2376 556 2510 610 mihi
2577 557 2926 626 imperatoris
2995 559 3267 632 insignem
3328 563 3547 619 virtutis

1963 647 2377 703 abundantiam.
2415 648 2548 704 Nam
2606 667 2730 704 cum
2765 667 2852 707 res
2891 651 3013 722 ejus
3054 655 3390 722 rescivisset,
3433 665 3546 710 tam

1963 741 2092 805 illis,
2141 757 2263 811 qua:
2314 753 2646 814 exposuerat
2699 745 3041 814 imperatori,
3081 762 3244 817 quam
3287 747 3376 814 iis,
3426 765 3548 819 quin

1964 836 2100 890 alios
2133 835 2336 892 fecerat
2371 841 2709 906 renuntiare,
2753 840 2938 895 omnia
2969 841 3229 912 despicit,
3258 852 3311 898 et
3342 845 3546 898 nullam

1963 929 2082 1000 ejus
2123 930 2274 986 ducit
2308 933 2602 994 rationem,
2645 937 2819 988 amori
2857 935 2911 989 in
2947 939 3261 1007 pontificem
3300 945 3355 993 et
3391 953 3548 994 reve-

1967 1023 2153 1077 rentiae
2190 1023 2351 1093 justa:
2397 1023 2530 1078 nihil
2564 1040 2910 1096 prmpouens,
2961 1028 3198 1084 maxime
3240 1043 3365 1084 cum
3400 1029 3553 1084 illius.

1965 1132 2178 1170 mormn
2225 1119 2579 1174 acerbitatem
2623 1119 2788 1175 sciret
2830 1129 2884 1175 et
2929 1122 3418 1192 importunitatem.
3453 1124 3550 1178 At-

1965 1226 2070 1279 que
2126 1210 2218 1264 illa
2269 1211 2490 1280 quidem
2545 1227 2876 1282 magnopere
2925 1215 3294 1271 contendebat
3344 1215 3548 1272 bonum

1964 1303 2182 1356 illorum
2225 1311 2501 1372 pastorem
2543 1305 2862 1374 expellere;
2922 1317 3227 1377 promptum
3271 1316 3451 1362 autem
3497 1319 3552 1363 et

1963 1398 2145 1451 alacre
2204 1397 2372 1452 animi
2434 1398 2678 1453 studium
2733 1414 2967 1465 eorum,
3017 1401 3110 1468 qui
3165 1400 3550 1471 prohibebant,

1963 1488 2279 1545 divinorum
2320 1507 2452 1547 vero
2490 1507 2762 1547 canonum
2791 1505 3048 1548 accurata
3087 1497 3293 1567 regula,
3336 1497 3554 1551 et‘civi-

1965 1589 2050 1636 tas
2077 1598 2197 1654 quae
2223 1583 2295 1638 ab
2340 1598 2404 1639 eo
2440 1583 2854 1640 illuminabatur
2882 1628 2896 1651 ,
2928 1597 2981 1642 ct
3019 1603 3210 1658 greges
3251 1589 3551 1642 monacho-

1967 1689 2128 1739 rum,
2192 1675 2376 1730 omnia
2438 1677 2769 1733 resistebant
2830 1680 3102 1749 tyrannidl
3157 1680 3549 1750 imperatricis.

1967 1770 2098 1834 Qua:
2124 1783 2249 1824 cum
2295 1780 2406 1825 tam
2441 1772 2610 1825 multa
2643 1781 2852 1837 essent,
2894 1789 3048 1828 suam
3093 1783 3276 1828 tamen
3315 1774 3555 1845 explerit

1967 1861 2346 1932 cupiditatem,
2380 1872 2495 1930 aut,
2535 1875 2590 1920 ut
2628 1867 2809 1922 verius
2840 1866 3041 1932 dicam,
3067 1867 3266 1922 caedem
3292 1867 3419 1923 fecit
3450 1868 3556 1925 im.-

1967 1955 2229 2023 peratrix.
2286 1956 2463 2028 Atque
2519 1972 2747 2028 magnus
2799 1948 3019 2029 quidem
3065 1960 3268 2014 Paulus
3314 1975 3408 2014 ras
3442 1965 3555 2015 ele-

1966 2046 2167 2103 ctionis
2203 2049 2335 2104 dicit
2371 2068 2385 2105 :
2426 2050 2530 2118 Qui
2561 2052 2864 2121 rolrmt'pie
2892 2054 3058 2108 virere
3083 2055 3135 2106 iu
3163 2052 3377 2108 Christo
3403 2054 3553 2119 Jesu,

1965 2140 2374 2206 persecutionem
2427 2144 2702 2207 patientur
2737 2145 2830 2200 ’³;
2879 2145 3177 2215 quinetiam
3241 2154 3366 2200 ante
3429 2161 3554 2200 eum

1968 2248 2196 2303 magnus
2246 2235 2335 2290 ille
2378 2234 2544 2292 David
2585 2237 2850 2304 allirmat,
2897 2256 3007 2294 esse
3061 2239 3255 2293 nmltas
3286 2240 3554 2309 justorum

1970 2325 2288 2393 afﬂictioues
2335 2328 2380 2360 “
2412 2346 2427 2382 :
2459 2329 2640 2385 omnis
2682 2347 2901 2402 quoque
2963 2333 3229 2388 divinitus
3291 2334 3556 2403 inspirata

1972 2417 2255 2489 Scriptura
2303 2421 2490 2477 multis
2543 2423 2596 2476 in
2645 2424 2779 2479 locis
2837 2425 2921 2481 bis
2973 2428 3260 2493 concinit;
3304 2445 3554 2498 quaenam

1973 2521 2156 2568 autem
2222 2515 2294 2568 sit
2338 2515 2499 2580 ratio,
2537 2533 2637 2572 cur
2680 2518 2845 2584 justis
2904 2521 3089 2575 multm
3123 2523 3435 2577 inferamur
3470 2524 3557 2577 hic

1972 2605 2232 2661 molestiae
2292 2616 2344 2664 et
2393 2607 2738 2667 dimeultates
2774 2611 3090 2678 (honestum
3140 2624 3226 2671 est
3280 2617 3426 2670 enim
3469 2618 3556 2669 hic

1973 2714 2163 2768 parum
2223 2700 2594 2771 philuSOphat-i
2632 2713 2856 2774 propter
2896 2706 3193 2761 multorum
3241 2707 3555 2766 utilitatem)

1973 2791 2256 2846 audiamus
2298 2795 2499 2848 tonitru
2548 2794 2795 2867 Gregorii
2827 2797 3111 2870 Theologi.
3152 2800 3294 2866 Quid
3338 2816 3466 2856 vero
3512 2802 3558 2853 is

1971 2881 2220 2938 dicit?Si
2246 2885 2387 2938 enim
2414 2886 2606 2956 jugum
2637 2906 2792 2945 suave
2831 2903 2878 2945 et
2917 2909 3050 2945 onus
3084 2891 3284 2946 Christi
3318 2895 3424 2947 leve
3449 2905 3551 2954 est.

1974 2984 2027 3026 at
2068 2976 2163 3028 hoc
2191 2985 2267 3030 est
2291 2990 2505 3046 propter
2550 2997 2692 3048 spem
2737 2993 2783 3037 et
2818 2985 3314 3049 remunerationem,
3349 2986 3560 3056 signi/i-

1973 3078 2129 3121 caute
2156 3071 2330 3134 rerbo,
2363 3073 2503 3141 quod
2526 3090 2641 3143 que:
2675 3084 2795 3129 sunt
2837 3091 3060 3130 summm
3103 3078 3156 3129 in
3181 3077 3286 3130 rita
3308 3078 3560 3153 prtesenti

279 3151 377 3205 καὶ
438 3158 858 3225 χρηστότησιν
901 3161 1336 3222 ἀπεικάζονται.
1405 3167 1568 3220 Ἀλλ’
1627 3168 1715 3223 ὅτι
1771 3174 1868 3225 καὶ

1979 3159 2251 3224 ηιοίρειίιε,
2292 3163 2339 3216 si
2375 3175 2632 3232 spectetur
2659 3183 2774 3233 spes
2813 3184 2929 3236 qum
2966 3168 3078 3222 illic
3115 3179 3192 3223 est
3230 3179 3279 3224 ct
3310 3186 3559 3226 remune-

276 3248 336 3298 αὶ
371 3250 708 3316 σωματικαὶ
738 3252 938 3306 αὐτῶν
957 3255 1224 3319 βάσανοι
1272 3259 1647 3328 εὐφροσύναι
1678 3263 1729 3318 δ’
1751 3267 1870 3321 εἱσι

279 3339 406 3405 τοῖς
454 3340 730 3410 δούλοις,
776 3345 881 3399 τοῦ
952 3350 1306 3418 σοφωτάτου
1363 3354 1514 3421 πρὸς
1562 3359 1669 3410 τὸν
1724 3363 1872 3415 Θεὸν

279 3430 528 3498 ἥκουσα
574 3436 882 3506 λέγοντος.
919 3436 1014 3505 Οἷς
1058 3445 1275 3498 καὶτὸν
1320 3446 1415 3499 νῦν
1457 3447 1872 3522 θαυμαζόμενον

277 3522 522 3589 δίκαιον,
567 3529 698 3581 ὅταν
731 3530 970 3603 ἀκούσῃς
1019 3539 1207 3606 χερσὶν
1251 3539 1469 3607 ἀνόμων
1514 3543 1873 3614 παραδιδόμε-

278 3634 390 3684 νον,
424 3619 598 3689 μηδὲν
649 3622 851 3692 πάθῃς·
887 3626 1055 3680 αὐτοῦ
1109 3628 1218 3697 γὰρ
1261 3631 1415 3683 οὐδὲν
1465 3631 1718 3687 ἀπτεταιο
1764 3638 1874 3692 τῶν

276 3709 334 3762 δὲ
370 3713 780 3782 παραδιδόντων
809 3716 1110 3788 ύπεράλγει
1139 3721 1240 3791 τῆς
1296 3727 1695 3796 προαιρέσεως.
1734 3729 1794 3784 'U
1818 3731 1875 3787 δὲ

279 3801 443 3872 λόγος
471 3807 912 3878 ὲπαναγαγὲσθω
943 3812 1104 3866 πάλιν
1127 3814 1251 3869 ὅθεν
1283 3817 1510 3889 κατῆρε.

353 3981 466 4038 κα’.
519 3984 746 4051 Μεταξὺ
795 3988 1001 4042 τούτων
1045 3990 1250 4062 βραχὺς
1275 3994 1425 4065 ἔρρει
1459 3998 1669 4068 χρόνος,
1711 4005 1804 4056 καὶ
1848 4003 1877 4057 ὁ

280 4074 379 4146 τὴς
415 4077 650 4149 Κύπρου
681 4081 982 4135 κατέλαϐεν
1029 4084 1368 4154 Ἐπιφάνιος.
1397 4091 1493 4144 Ὃν
1521 4096 1876 4165 συναρπάσας

279 4170 450 4224 πάλιν
480 4171 764 4240 Θεόφιλος,
798 4174 876 4245 τῷ
907 4193 966 4229 τε
1000 4179 1232 4251 ποικίλῳ
1265 4181 1363 4252 τῆς
1391 4185 1633 4256 γνώμης,
1668 4189 1763 4242 καὶ
1808 4194 1874 4262 τῇ

281 4264 426 4336 ἄλλῃ
473 4266 571 4320 τοῦ
607 4267 771 4336 ἤθους
825 4273 1140 4346 ὲπαγωγίᾳ,
1195 4276 1370 4331 ταῦτα
1425 4282 1730 4351 παρέπεισε
1760 4287 1878 4340 δια-

282 4356 628 4427 πράξασθαι,
663 4362 698 4414 ἃ.
723 4363 816 4415 καὶ
844 4363 936 4418 τὸν
965 4365 1122 4434 ἅγιον
1149 4367 1355 4437 ἐλύπει,
1385 4376 1478 4425 καὶ
1515 4374 1674 4430 αὐτὸν
1706 4379 1876 4452 ὑπερ-

279 4449 462 4520 όπτην
517 4453 626 4505 τῶν
667 4456 915 4510 κανόνων
974 4459 1183 4513 ἐδείκνυ
1209 4465 1300 4515 τὸν
1343 4466 1678 4537 Ἐπιφὰνιον.
1741 4477 1878 4530 Ποῖα

277 4543 346 4612 δὴ
373 4545 584 4614 causa;
627 4548 739 4614 Τὰς
772 4552 911 4621 πρὸς
952 4557 1052 4627 τῆς
1094 4557 1302 4623 πόλεως
1351 4561 1578 4633 πλησίον
1626 4586 1871 4639 συναγω-

279 4636 408 4702 γὰς,
444 4639 551 4702 τὰς
582 4644 947 4711 χειροτονίας,
994 4646 1094 4712 τὰς
1137 4656 1460 4722 μονομερεῖς
1503 4659 1874 4728 στηλιτεύσεις

279 4729 446 4798 δῆθεν
475 4733 575 4788 τοῦ
619 4735 950 4806 Ὠριγένους,
997 4739 1095 4811 τὴν
1146 4743 1313 4814 ἄλλην
1337 4746 1560 4803 ἃπασαν
1587 4752 1872 4811 αύθεντίαν

280 4839 340 4876 τε
393 4828 494 4879 καὶ
543 4828 892 4897 προπέτειαν.
950 4832 1082 4886 Τίνα
1142 4834 1200 4886 δὲ
1248 4836 1341 4889 τοῦ
1402 4839 1701 4914 ἀρχιερέως
1735 4847 1872 4919 πρὸς

280 4917 499 4985 ταῦ-τας
548 4922 911 4994 γνωρίζεσθαι
938 4927 1046 4998 γάρ
1076 4929 1169 4982 καὶ
1209 4930 1370 4987 αὑτά.
1420 4935 1494 4988 Τὸ
1521 4937 1868 5010 ἀνεξίκακον,

282 5010 344 5060 τὸ
396 5010 748 5084 φιλάδελφον,
809 5019 866 5069 αἱ
933 5020 1257 5092 εἰσηγήσεις
1319 5026 1415 5096 τῆς
1471 5029 1579 5082 τῶν
1629 5035 1870 5089 κανόνων

282 5102 639 5170 ἀκολουθίας,
667 5108 824 5162 τάτε
870 5110 1026 5175 ἄλλα,
1056 5115 1148 5168 καὶ
1182 5116 1284 5171 ὅσα
1317 5117 1417 5188 τῆς
1447 5121 1660 5177 ἐκείνου
1691 5134 1870 5200 κρείτ-

282 5213 440 5261 τονος
469 5199 503 5270 ἢ
537 5201 678 5254 κατά
720 5203 1008 5275 ἄνθρωπον
1041 5209 1400 5280 γνωρίσματα
1437 5199 1749 5287 φρονήσεως
1778 5225 1871 5278 καὶ

285 5287 627 5361 βουλήσεως.
664 5288 761 5358 Οἷς
809 5296 1184 5370 εὐλαϐηθέντα
1215 5304 1305 5356 τὸν
1351 5306 1690 5375 Ἑπιιράνιον,
1742 5315 1868 5368 ὑπο-

282 5385 542 5456 χωρῆσαι.
571 5387 671 5457 μέν
705 5407 756 5442 τι
795 5393 992 5463 μικρὸν
1025 5394 1119 5446 καὶ
1148 5399 1604 5465 μεταναστεῦσαι,
1641 5407 1784 5474 μέγα
1814 5409 1870 5462 δὲ

282 5474 534 5548 λυπῆσαι
557 5481 682 5544 τοὺς
711 5483 1086 5550 συνωθοῦντας
1113 5488 1296 5544 αὐτόν.
1323 5493 1484 5546 Αὐτοὶ
1510 5495 1587 5559 δὲ,
1618 5499 1691 5559 ὡς
1726 5497 1869 5570 εἶχον

280 5571 508 5641 τάχους.
543 5577 606 5645 τῇ
639 5574 872 5644 βασιλίδι
895 5578 1068 5634 ταῦτα
1103 5590 1511 5654 προσενεγκεῖν.
1555 5589 1614 5642 Ἠ
1641 5592 1694 5644 δὲ
1731 5596 1869 5648 κατά

282 5665 451 5735 τάχος
489 5668 574 5720 τὸν
616 5670 932 5739 Ἐπιφάνιον
964 5677 1364 5749 σφετερίζεται,
1395 5683 1566 5737 ταῦτα
1597 5684 1871 5742 διδάσκου·

283 5774 372 5823 σα,
412 5762 513 5812 καὶ
568 5763 952 5837 ὑποτιθεμένη,
991 5767 1024 5821 ἃ
1067 5771 1164 5823 καὶ
1196 5772 1293 5842 τὴν
1332 5775 1516 5827 ἄδικον
1565 5779 1862 5852 ἐπιθυμίαν

357 5917 474 5972 ³³11
512 5919 756 5988 Tiumu,
795 5924 876 5979 l2.
958 5925 1000 5956 "'
1034 5926 1177 5983 l’sal.
1213 5945 1408 5994 sum,
1445 5932 1532 5990 :20.

1976 3253 2136 3316 ratio,
2157 3265 2277 3308 sunt
2304 3257 2505 3312 similes
2533 3261 2686 3314 rebus
2715 3261 2852 3314 [retis
2881 3272 2927 3316 et
2953 3266 3218 3317 secundis.
3253 3263 3558 3330 Quinetiam

1974 3343 2112 3414 quod
2138 3345 2250 3400 [uec
2272 3357 2532 3402 tormenta
2562 3354 2798 3420 corporis
2828 3363 2949 3407 sunt
2989 3357 3095 3408 tuis
3141 3357 3304 3410 servis
3334 3357 3559 3423 lwtitite.

1976 3435 2155 3492 audivi
2183 3440 2636 3508 sapientissimum
2670 3444 2739 3498 ad
2777 3444 2944 3500 Deum
2981 3448 3259 3505 dicentem.
3282 3447 3562 3516 Quamobo

1976 3543 2091 3584 rem
2145 3546 2269 3586 cum
2290 3531 2499 3602 justum
2524 3537 2615 3604 qui
2647 3553 2790 3592 nunc
2814 3539 3046 3594 habetur
3077 3541 3133 3595 in
3164 3542 3558 3608 admiratione.

1974 3624 2215 3682 audieris
2251 3626 2390 3680 tradi
2437 3628 2690 3684 manibus
2716 3631 3050 3702 iniquorum,
3088 3650 3153 3689 ne
3174 3637 3512 3704 perturberis
3545 3658 3558 3692 :

1975 3733 2098 3771 eum
2133 3720 2278 3773 enim
2311 3721 2442 3775 nihil
2484 3723 2697 3793 tangit:
2733 3727 2828 3780 sed
2856 3742 3000 3796 .egre
3035 3727 3182 3783 feras
3223 3731 3560 3787 voluntatem

1977 3826 2166 3866 eorum
2199 3813 2289 3882 qui
2327 3814 2506 3885 ipsum
2546 3820 2789 3871 tradunt.
2820 3819 2925 3874 Sed
2968 3835 3033 3876 eo
3063 3822 3270 3888 redeat,
3311 3824 3455 3880 unde
3481 3825 3564 3878 di-

1978 3918 2163 3973 gressa
2190 3915 2292 3970 est,
2325 3913 2521 3964 oratio.
2579 3978 2587 3985 η

2048 3996 2139 4050 2|.
2179 3996 2296 4052 Non
2349 4003 2575 4054 multum
2635 4001 2852 4058 interim
2902 4003 3114 4062 efﬂuxit
3173 4011 3564 4081 temporis,et

1978 4091 2128 4144 venit
2181 4093 2344 4164 Cypri
2420 4096 2712 4166 episcopus
2781 4097 3139 4169 Epiphanius.
3201 4100 3373 4167 Quem
3436 4119 3560 4158 cum

1983 4200 2203 4238 rursum
2257 4190 2577 4244 attraxisset
2630 4190 2990 4263 TlteOphilus,
3046 4203 3161 4249 tum
3216 4194 3361 4265 quod
3417 4205 3563 4252 esset

1980 4279 2178 4333 caliido
2225 4289 2280 4335 et
2324 4281 2477 4338 vafro
2509 4285 2746 4355 ingenio,
2778 4296 2891 4340 tum
2941 4288 3087 4355 quod
3134 4300 3279 4346 esset
3316 4291 3562 4345 moribus

1980 4371 2240 4442 perditus
2297 4376 2441 4446 aptis
2498 4375 2565 4432 ad
2631 4378 3002 4444 alliciendum,
3053 4383 3348 4451 persuasit,
3409 4389 3466 4438 ut
3499 4399 3560 4438 ea

1982 4465 2208 4534 faceret,
2272 4484 2393 4540 qua:
2423 4480 2474 4527 et
2536 4480 2782 4528 sanctum
2834 4475 3084 4530 molestia
3130 4476 3464 4543 afﬁciebant,
3509 4486 3562 4532 et

1984 4561 2161 4632 ipsum
2193 4563 2493 4622 reddebant
2520 4567 2885 4640 Epiphanium
2914 4587 3189 4625 canonum
3213 4580 3562 4641 contempto-

1981 4671 2116 4712 rem.
2160 4657 2417 4725 Quaenam
2457 4672 2637 4717 autem
2704 4681 2768 4719 ea
2817 4669 2982 4722 sunt?
3009 4665 3140 4740 Quae
3175 4682 3340 4737 prope
3367 4667 3560 4721 civita-

1983 4757 2088 4804 tem
2127 4737 2283 4808 facta:
2309 4764 2437 4809 sunt
2478 4757 2954 4828 congregationes,
3002 4758 3398 4823 ordinationes,
3435 4757 3558 4812 Ori—

1981 4843 2133 4914 genis
2156 4844 2470 4916 dogutatum
2532 4850 3042 4915 eondemnatioues,
3097 4867 3222 4906 cum
3276 4866 3402 4921 pars
3453 4867 3557 4904 una

1980 4939 2158 4993 solum
2187 4942 2506 5010 adesset;et
2555 4944 2811 5000 universa
2844 4946 3082 5016 denique
3114 4947 3182 5001 ab
3203 4962 3267 5002 eo
3295 4953 3557 5016 usurpata

1979 5032 2281 5088 auctoritas
2316 5044 2368 5090 et
2401 5038 2700 5093 temeritas.
2740 5037 2967 5104 Qualem
3010 5048 3193 5092 autem
3222 5046 3412 5091 contra
3445 5037 3559 5090 haec

1981 5143 2038 5184 se
2079 5129 2244 5200 gessit
2269 5130 2550 5200 pontifex?
2581 5130 2712 5186 Nam
2739 5146 2802 5186 ea
2833 5147 3048 5204 quoque
3083 5131 3226 5187 scire
3260 5139 3344 5186 est
3382 5145 3561 5201 opera:

1979 5225 2597 5292 pretium:patientem,
2663 5225 2894 5281 fratrum
2955 5235 3254 5287 amantem.
3318 5240 3560 5280 canones

1980 5324 2234 5373 accurate
2264 5326 2607 5389 sequentem,
2648 5328 2701 5374 et
2736 5320 2790 5375 in
2822 5319 3033 5375 caeteris
3060 5320 3131 5374 ita
3168 5336 3226 5374 se
3259 5329 3556 5390 gerentem.

1983 5422 2117 5471 utet
2157 5415 2445 5486 prudentia
2483 5425 2535 5471 et
2567 5417 2848 5473 voluntate
2877 5435 2937 5474 se
2976 5417 3197 5472 homine
3236 5433 3359 5472 esse
3395 5431 3558 5485 supc-

1980 5510 2176 5564 riorem
2205 5520 2390 5580 aperte
2416 5509 2702 5566 inclinaret.
2747 5510 2957 5578 Quibus
2990 5519 3173 5566 motus
3222 5509 3557 5581 Epiphanius

1981 5601 2378 5669 aliquantulum
2427 5602 2649 5673 quidem
2704 5603 2874 5657 cessit
2919 5610 2972 5657 ct
3022 5601 3240 5656 deﬂexit
3292 5617 3303 5652 :
3362 5616 3554 5669 magna

1981 5701 2159 5748 autem
2191 5695 2371 5749 ali‘ccit
2402 5696 2650 5751 molestia
2679 5710 2773 5751 eos
2821 5695 2912 5765 qui
2966 5696 3145 5764 ipsum
3181 5692 3552 5760 impellebant.

1974 5787 2081 5857 Ipsi
2110 5803 2234 5844 vero
2270 5805 2432 5860 quam
2482 5796 2775 5863 potuerunt
2823 5787 3090 5845 citissime
3139 5783 3202 5840 ad
3241 5781 3556 5856 imperatrb
