4108 6306
369 355 474 420 973
1006 355 1288 416 ORATIO
1327 357 1634 418 XVIII.-
1675 354 2061 416 LAUDATIO
2097 356 2161 416 S.
2201 354 2524 417 JOANNIS
2552 353 2961 429 CHRYSOST,
3519 354 3627 421 27,;

365 477 462 522 καὶ
489 465 590 532 τῆς
611 463 765 529 θείας
790 463 1070 533 δυνάμεως
1094 465 1339 530 ἐνόπλιος
1361 467 1825 537 ἀρχιστράτηγος,
1850 464 1942 517 καὶ

2052 473 2243 519 κει-ειη
2265 464 3054 534 adversarii,tanquzmnalius
3095 466 3332 535 Movses,
3365 478 3457 524 aut
3500 468 3626 526 Plii-

367 562 468 630 τὴν
505 559 782 631 ῥομφαίαν
816 558 1188 629 σπασάμενος,
1217 555 1586 630 καταπλήττει
1644 559 1708 614 τδ
1747 558 1942 630 θράσος

2050 572 2203 620 necs,
2226 565 2322 611 aut
2339 553 2524 622 .Iesns,
2552 566 2647 611 aut
2681 558 2777 613 ille
2794 558 3057 612 terribilis
3092 569 3146 614 et
3160 560 3358 616 divina:
3381 566 3625 619 armatus

363 654 474 710 τῶν
495 653 827 716 ἀντιπάλων,
845 653 1186 721 Συναγάγετε
1218 653 1352 721 πρός
1385 669 1475 722 με,
1499 653 1830 725 δημηγορῶν
1853 655 1942 708 καὶ

2049 647 2306 720 princeps
2355 647 2585 712 militiae,
2613 648 2804 703 stricta
2827 648 3145 720 rhomphaza
3175 660 3340 705 terret
3371 652 3626 708 adversa-

365 748 563 815 λὲγων,
613 746 739 810 τοὺς
793 747 959 815 ἱερεῖς
978 747 1076 815 τῆς
1107 745 1392 816 αἰσχύνης,
1424 745 1707 810 ἐσθίοντας
1739 746 1946 818 τράπε-

363 841 466 905 ζαν
500 840 761 903 Ἰεζάϐελ,
785 827 864 892 ἵν’
887 840 1026 893 alme
1051 839 1234 902 αὐτοῖς
1256 857 1274 873 ·
1307 841 1450 904 Ἕως
1478 844 1608 895 πότε
1649 841 1946 912 χωλαίνετε

364 933 454 988 ἐπ’
481 934 824 1004 ἀμφοτέραις
868 931 1081 1001 ίγνύαις
1109 933 1298 1002 ὑμῶνς
1329 934 1377 986 εἰ
1403 934 1520 987 ἔστι
1555 933 1692 999 Θεὸς
1714 935 1742 988 ὁ
1774 933 1942 1002 Βάαλ,

365 1025 669 1095 πορεύεσθε
730 1024 906 1079 ὀπίσω
949 1022 1136 1078 αὑτοῦ·
1191 1027 1242 1079 εί
1287 1026 1346 1080 δὲ
1390 1026 1638 1098 τράπεζα
1711 1027 1944 1092 Ἰεζάϐελ

364 1115 506 1188 αὕτη
565 1116 738 1184 θεὸς,
768 1118 1038 1187 φαγόντες
1081 1118 1339 1188 ὲμόσατε.
1404 1119 1526 1174 Ἔτι
1576 1121 1947 1192 δημοσιεύσας

367 1209 586 1280 τρανῶς
615 1212 718 1279 τὴν
760 1210 975 1281 ἄμαχον
1003 1210 1267 1281 Θεοφίλου
1296 1213 1519 1278 κακίαν,
1562 1214 1655 1268 καὶ
1691 1214 1801 1268 τῶν
1845 1214 1946 1270 αύ-

367 1302 465 1359 τοῦ
489 1303 752 1359 σκοτείων
783 1309 1198 1377 μηχανημάτων
1242 1306 1345 1379 τὴν
1385 1307 1712 1377 ἰταμότητα,
1737 1311 1949 1365 παντάο

367 1412 504 1452 πασι
544 1396 870 1468 προτίθησιν
919 1399 1000 1462 είς
1050 1395 1368 1466 διάγνωσιν.
1420 1399 1644 1465 Τούτοις
1696 1399 1791 1456 τοῦ
1845 1405 1947 1475 τῆς

364 1489 651 1554 εὐσεϐείας
696 1490 920 1553 λέοντος
948 1489 1242 1561 βασιλικῶς
1287 1493 1385 1547 καὶ
1428 1496 1693 1562 γενναίως
1725 1498 1944 1570 παρῥη-

368 1583 730 1655 σιασαμένου,
764 1584 951 1656 (εί-τῆς
981 1585 1246 1656 πονηρίας
1271 1585 1556 1652 ἀλώπεκες
1588 1588 1821 1661 δολερῶς
1846 1591 1946 1656 τὰς

345 1668 560 1750 ’ῥήσεις
614 1670 1026 1750 διεμερίζοντο,
1087 1680 1184 1733 καὶ
1229 1681 1425 1745 αὑταῖς
1461 1680 1677 1749 λέξεσιν
1730 1683 1944 1738 ἐπιδόν-

2047 745 2254 798 riorum
2285 741 2592 807 audaciam.
2631 742 2689 800 in
2736 743 3003 798 concione
3031 744 3221 800 dicens
3250 744 3628 819 :COngregate

2044 831 2117 887 ad
2139 849 2226 888 me
2265 833 2584 890 sacerdotes
2617 832 2930 900 dedecoris,
2978 835 3329 891 comedentes
3377 852 3625 894 mensam

2046 925 2284 992 Jezabel,
2317 935 2377 980 ut
2403 926 2582 982 dicant
2615 926 2698 982 eis
2723 944 2737 979 :
2764 924 3066 998 Quousque
3096 929 3420 986 claudicatis
3444 928 3628 985 amba-

2045 1023 2151 1078 bus
2178 1021 2381 1078 vestris
2422 1021 2579 1078 tibiis
2599 1021 2666 1053 ’δ’
2687 1020 2713 1074 ?
2744 1019 2802 1075 Si
2856 1021 2985 1075 Baal
3031 1030 3114 1077 est
3161 1004 3324 1087 Dens,
3352 1024 3630 1080 ambulate

2043 1126 2171 1188 post
2199 1117 2398 1187 ipsum.
2426 1117 2481 1170 Si
2515 1126 2695 1172 autem
2732 1117 2848 1186 ipsa
2884 1132 3070 1172 mensa
3096 1114 3314 1171 Iezabel
3343 1126 3430 1173 est
3456 1116 3624 1182 Dens,

2045 1210 2399 1265 comedentes
2440 1209 2704 1264 'evomite.
2764 1208 3045 1264 Praeterea
3097 1219 3283 1279 aperte
3340 1211 3626 1282 publicans

2047 1300 2306 1358 invictam
2332 1301 2616 1375 Theophili
2662 1302 2947 1366 malitiam,
2976 1310 3030 1357 et
3054 1303 3476 1357 tenebrosarum
3503 1303 3625 1374 ejus

2046 1394 2513 1451 machinationum
2564 1395 2984 1467 impudentiam,
3029 1396 3287 1468 proponit
3315 1399 3498 1452 omnia
3532 1412 3628 1452 co-

2047 1487 2364 1556 gnoscenda
2393 1488 2467 1542 ab
2487 1488 2764 1542 omnibus.
2796 1485 2936 1542 Cum
2965 1490 3076 1543 haec
3112 1490 3259 1561 regie
3282 1497 3336 1544 et
3362 1504 3625 1560 generose

2045 1580 2275 1635 dixisset
2333 1581 2421 1635 leo
2483 1581 2727 1653 pietatis,
2791 1582 2983 1653 vulpes
3036 1582 3408 1652 improbitatis
3459 1583 3624 1640 verba

2047 1671 2424 1728 fraudulenter
2472 1672 2763 1730 dividunt:
2809 1683 3012 1730 etcum
3078 1676 3270 1732 iisdem
3299 1676 3478 1734 verbis
3518 1678 3627 1731 im-

360 1785 456 1832 τες
483 1760 565 1827 τά
583 1765 681 1823 ἶσα
710 1765 792 1841 τῷ
819 1769 1028 1840 βασιλεί
1056 1769 1158 1842 τῆς
1193 1769 1535 1843 δημηγορίας
1559 1776 1941 1848 ἀγανακτῆσαι

2045 1767 2279 1838 peratori
2297 1767 2577 1824 dedissent
2607 1769 2940 1839 exemplum,
2963 1778 3257 1840 coegerunt
3285 1786 3408 1827 eum
3440 1770 3624 1836 irasci,

360 1861 553 1918 τοῦτον
598 1839 972 1928 territum,
1012 1839 1132 1918 και
1159 1839 1442 1936 etiam:
1492 1839 1751 1939 Θεοςρίλου
1787 1839 1942 1942 βάσι-

2045 1873 2098 1919 ει
2133 1861 2436 1918 eﬂ'ccerunt
2483 1872 2542 1918 ut
2592 1863 2942 1933 imperatoris
2996 1839 3302 1931 indignatio
3351 1865 3406 1919 in
3447 1863 3626 1920 Theo-

361 1954 502 2017 λὲως
530 1955 912 2027 ἀγανάκτησιν
945 1956 1081 2028 πρὸς
1105 1956 1199 2010 τὸν
1223 1959 1488 2031 ἀρχιερέα
1523 1965 1941 2044 μετατραπῆναι

2045 1955 2280 2025 philum,
2337 1966 2748 2012 converteretur
2804 1956 2870 2011 ad
2921 1957 3260 2027 pontilicem.
3312 1956 3415 2024 Qui
3461 1957 3623 2012 etiam

363 2045 878 2114 παρεσκευάσαντο,
913 2047 1302 2113 κελευσθέντες
1328 2051 1433 2120 τὴν
1465 2053 1587 2105 κατ’
1627 2054 1794 2109 αὐτοῦ
1823 2056 1942 2112 σύν-

2045 2049 2180 2119 iussi
2210 2055 2335 2103 sunt
2370 2049 2421 2103 in
2469 2064 2595 2104 eum
2641 2049 2821 2105 facere
2863 2050 3176 2105 coiicilium.
3234 2047 3302 2104 Et
3336 2064 3461 2104 cum
3492 2059 3629 2104 tem-

358 2137 481 2192 οδον
509 2138 932 2211 ἐξεργάσασθαι.
973 2140 1040 2198 οἳ
1083 2136 1180 2197 καὶ
1208 2143 1463 2208 λαϐόντες
1502 2145 1593 2202 τὸν
1619 2150 1811 2220 καιρὸν
1843 2150 1945 2220 τῆς

360 2229 570 2296 ἀδείας,
602 2231 698 2286 καὶ
725 2233 864 2304 πρὸς
913 2233 1014 2306 τὴν
1058 2235 1238 2307 πάλην
1263 2237 1532 2308 ἀνδρικῶς
1569 2243 1944 2313 κονισάμενοι,

360 2319 423 2370 ἐν
452 2317 780 2387 διαϐουλίοις
808 2323 911 2394 τῆς
962 2325 1255 2396 βασιλίδος,
1300 2329 1516 2403 δώροις,
1565 2329 1771 2402 λόγοις,
1809 2334 1942 2390 ὑπο-

359 2411 640 2480 σχέσεσιν,
668 2411 943 2483 ἀπειλαῖς,
976 2418 1068 2471 καὶ
1117 2419 1252 2476 πᾶσι
1278 2421 1523 2491 τρόποις,
1560 2427 1941 2497 συναγείρουσι

360 2505 596 2594 πάντας.
646 2507 760 2563 Καὶ
805 2508 932 2573 τοὺς
991 2511 1091 2581 μὲν
1143 2515 1599 2582 ἀντιπαλαίοντας
1645 2519 1723 2590 τῷ
1756 2511 1946 2594 πλάνῳ

359 2593 461 2648 καὶ
497 2596 655 2666 γόητι
686 2597 793 2652 τῶν
815 2599 1159 2667 διαϐουλίων,
1188 2603 1374 2678 ῑξορία
1398 2609 1788 2677 παρέπεμπον
1817 2593 1944 2677 τοὺς

356 2685 420 2738 δὲ
468 2686 546 2757 τῷ
585 2687 819 2761 διακένῳ
847 2689 955 2745 τῶν
986 2693 1336 2764 ὑποσχέσεων
1365 2697 1945 2773 ἀνδραποδιζομένους,

359 2778 616 2843 ἐλεεινῶς
648 2780 902 2836 τοσοῦτον
958 2783 1268 2854 ἱφεῖιπλιζον
1317 2789 1458 2843 κατὰ
1499 2789 1592 2844 τοῦ
1625 2794 1946 2864 ἁρχιποιμέ·

360 2887 478 2932 νος,
515 2867 659 2924 ὥστε
700 2875 797 2925 καὶ
829 2872 993 2928 θύσαι
1023 2875 1120 2931 καὶ
1153 2878 1417 2936 ἀπολέσαι
1469 2880 1654 2937 αὐτόν.
1697 2885 1884 2952 Μέγας
1917 2887 1945 2938 ό

362 2958 520 3030 ἁγὼν
567 2961 820 3017 ἐντεῦθεν
870 2965 984 3031 τοῖς
1034 2969 1164 3038 περὶ
1208 2969 1466 3037 Εύδοξίαν
1514 2976 1608 3028 καὶ
1661 2976 1941 3047 Θεόφιλον,

361 3053 694 3123 τραπέζαις,
717 3057 925 3128 χρυσῷ,
971 3059 1305 3128 κολακείαις,
1361 3067 1458 3118 καὶ
1498 3066 1719 3136 τρόποις
1772 3070 1946 3126 ἅπασι

2043 2157 2145 2212 pus
2180 2141 2518 2212 accepissent
2554 2140 2848 2206 libertatis,
2879 2148 2932 2196 et
2958 2141 3024 2196 ad
3063 2142 3265 2196 luctam
3301 2156 3359 2196 se
3399 2139 3618 2195 fortiter

2043 2235 2458 2300 instruxissent,
2496 2249 2558 2290 ac
2589 2234 2919 2288 muniissent
2949 2233 3217 2301 consiiiis,
3259 2233 3625 2304 imperatricis

2044 2328 2228 2390 donis,
2261 2327 2466 2394 verbis,
2506 2327 2816 2396 promissis,
2861 2327 3046 2394 minis,
3075 2337 3131 2382 ct
3160 2327 3420 2382 omnibus
3448 2325 3625 2382 modis

2043 2435 2240 2476 omnes
2269 2428 2606 2493 congregant
2634 2436 2647 2472 :
2678 2428 2733 2475 et
2758 2421 2893 2477 alios
2921 2422 3139 2490 quidem
3174 2417 3269 2490 qui
3299 2419 3626 2476 resiStebant

2043 2513 2209 2582 plano
2238 2520 2292 2568 et
2328 2512 2706 2584 improborum
2750 2513 3053 2566 architecto
3083 2511 3466 2577 consiliorum,
3497 2508 3626 2563 mit-

2045 2606 2233 2663 tebant
2287 2607 2344 2661 in
2393 2605 2687 2673 exsilium;
2736 2606 2875 2660 alios
2909 2617 3090 2660 autem
3128 2605 3284 2661 vanis
3331 2604 3624 2676 promissis

2047 2702 2243 2757 misere
2276 2699 2533 2756 redactos
2559 2700 2615 2756 in
2657 2701 3002 2765 servitutem,
3040 2699 3179 2755 adeo
3206 2699 3496 2754 armabant
3523 2699 3622 2755 ad-

2050 2809 2240 2849 rersus
2270 2792 2603 2861 pontiﬁcem,
2641 2800 2699 2845 ut
2743 2806 2868 2848 eum
2909 2791 2999 2846 vel
3047 2789 3408 2845 sacriﬁcaturi
3437 2797 3625 2845 essent

2045 2893 2099 2940 et
2123 2882 2413 2956 perdituri.
2445 2881 2583 2937 Hinc
2620 2895 2878 2952 magnum
2934 2881 3155 2937 exsistit
3201 2888 3477 2936 certamen
3512 2878 3625 2934 Eu-

2047 2977 2228 3034 doxiac
2249 2985 2303 3032 et
2333 2973 2644 3044 Theophili,
2665 2972 2796 3028 dum
2819 2971 3049 3039 mensis,
3076 2985 3235 3036 auro,
3265 2970 3543 3026 blanditiis
3568 2977 3624 3025 et

2047 3079 2103 3126 et
2144 3070 2320 3124 modis
2343 3067 2599 3124 omnibus
2621 3080 2755 3122 suos
2781 3064 2964 3121 socios
2995 3063 3064 3119 ad
3087 3065 3287 3119 bellum
3319 3065 3624 3120 instruunt.

364 3147 496 3210 τοὺς
522 3148 759 3257 nixa-ioue
792 3152 1114 3224 συμμάχους
1145 3155 1283 3228 πρὸς
1311 3156 1403 3211 τὸν
1445 3159 1682 3231 πόλεμον
1717 3163 1942 3217 innisi-

2053 3161 2257 3217 Deinde
2303 3158 2476 3230 quid?
2511 3159 2864 3214 Adornantur
2908 3167 2961 3211 et
3014 3165 3386 3213 contexuntur
3429 3157 3623 3221 libelli,

362 3255 587 3307 φοντας.
621 3235 756 3297 Εἶτα
785 3244 840 3296 τί
862 3259 878 3311 ;
916 3246 1194 3301 Λιϐἑλλων
1242 3251 1541 3322 συῤῥαφαὶ,
1591 3256 1687 3308 καί⁷
1738 3256 1944 3312 τούτων

360 3334 638 3408 ἀποστολὴ
667 3337 806 3408 πρὸς
830 3338 1195 3413 τὸνβασιλέα,
1224 3345 1590 3416 περιεχόντων
1618 3347 1799 3415 πάσας
1836 3369 1945 3424 μα-

361 3429 680 3501 ταιότητας,
712 3431 806 3484 καὶ
851 3433 1048 3502 μανίας
1076 3435 1315 3505 ψευδεῖς,
1346 3437 1442 3491 καὶ
1471 3437 1628 3503 τέλος
1674 3442 1756 3495 ὅτι
1803 3444 1944 3514 μετὰ

359 3519 462 3592 την
526 3521 816 3576 κοινωνίαν
868 3522 1044 3588 οὕτως
1101 3528 1311 3592 ἐκεῖνος
1372 3531 1402 3584 ό
1460 3531 1716 3605 Ἰωάννης
1768 3537 1944 3592 ὲποίει

362 3613 575 3678 πάντας
622 3614 1037 3682 ἀπογεύσασθαι
1067 3617 1336 3694 ὖδατος,ἢ
1373 3624 1690 3693 παστίλλου,
1735 3628 1822 3682 διὰ
1853 3630 1944 3684 τίον

361 3702 618 3770 πτύελον,
652 3707 742 3759 καὶ
767 3708 872 3777 πρὸ
899 3708 1120 3761 πάντων
1147 3711 1330 3774 αὑτός.
1360 3713 1563 3766 Λοιπὸν
1590 3715 1689 3768 οὐκ
1721 3696 1805 3771 ἔτι⁸
1835 3735 1941 3787 χω-

363 3794 520 3869 ροῦσι
565 3797 632 3850 δι’
690 3791 768 3852 ὧν
822 3794 892 3871 ἦν
949 3801 1134 3865 αὐτοῖς
1178 3804 1248 3857 τὰ
1297 3805 1426 3876 περὶ
1477 3806 1588 3859 τῶν
1635 3808 1940 3880 ’θριγένους

361 3889 562 3959 βίϐλων
587 3892 1063 3964 κατηγορούμενα,
1099 3893 1236 3949 ἀλλὰ
1269 3896 1338 3952 δι’
1372 3896 1576 3972 ἐτέρων
1605 3900 1818 3973 ὕϐρεων
1849 3907 1942 3958 καὶ

360 3980 662 4056 λοιδοριῶν.
688 3983 908 4039 Τούτων
941 3979 1044 4039 ὧδέ
1065 4003 1183 4051 πως
1215 3992 1686 4063 σκευωρουμένων
1720 3995 1804 4066 (οὐ
1833 3997 1942 4068 γὰρ

358 4068 472 4129 οἷόν
508 4092 568 4129 τε
591 4076 662 4130 τὰ
682 4077 783 4146 τῆς
823 4077 1131 4148 σκευωρίας
1155 4079 1262 4134 ἀνὰ
1314 4085 1477 4154 μέρος
1507 4083 1778 4152 ἐπεξιέναι
1805 4089 1970 4160 πρὸς¹

360 4161 420 4219 ἓν
451 4165 606 4228 τέλος
631 4163 950 4237 ἀφορώσης,
983 4167 1077 4222 τὸν
1115 4170 1276 4240 φόνον
1300 4174 1394 4227 τοῦ
1424 4174 1815 4247 άρχιποιμένος
1848 4181 1942 4233 καὶ

361 4259 453 4314 τὸν
471 4258 754 4330 θάνατον),
784 4261 1156 4332 παραγίνεται
1197 4265 1335 4338 πρὸς
1363 4267 1455 4322 τὸν
1487 4268 1722 4340 ποιμένα
1761 4273 1826 4326 τὸ
1864 4274 1939 4345 μὴ

363 4353 750 4424 συναρπασθὲν
768 4351 863 4408 τοῦ
887 4356 1140 4426 ποιμνίου
1158 4361 1270 4423 τοῖς
1299 4357 1693 4432 [σ]παράκταις
1708 4365 1940 4430 ἐκείνοις

361 4446 600 4520 θηρίοις,
649 4449 731 4511 είς
775 4447 872 4503 δύο
919 4449 1018 4505 καὶ
1068 4455 1480 4524 τεσσαράκοντα
1530 4455 1938 4530 ἀριθμούμενον

2048 3265 2101 3310 et
2129 3256 2424 3309 mittuntur
2458 3253 2525 3307 ad
2555 3253 2960 3323 imperatorem,
2984 3250 3078 3321 qui
3114 3253 3400 3307 continent
3431 3265 3624 3306 omnes

2047 3347 2318 3400 vanitates
2343 3355 2397 3398 et
2436 3345 2682 3400 insanias
2727 3341 2916 3398 falsas.
2947 3340 3295 3398 Postremum
3340 3357 3469 3398 vero
3507 3349 3629 3398 erat

2047 3438 2199 3510 quod
2224 3449 2344 3507 post
2369 3436 2812 3492 communionem
2833 3435 2919 3489 hic
2943 3431 3183 3489 Joannes
3210 3434 3412 3490 iaceret
3431 3450 3627 3490 omnes

2050 3541 2273 3603 gustare
2303 3545 2500 3602 aquam
2546 3541 2640 3586 aut
2687 3529 2962 3600 pastillum
3026 3537 3250 3599 propter
3295 3537 3541 3598 sputum,
3571 3535 3625 3581 ct

2046 3633 2175 3681 ante
2205 3638 2396 3679 omnes
2450 3624 2591 3693 ipse.
2646 3622 2722 3677 De
2768 3630 2967 3677 caetero
2999 3630 3182 3677 autem
3227 3635 3335 3674 non
3385 3618 3626 3688 amplius

2048 3721 2354 3793 procedunt
2384 3733 2480 3790 per
2512 3732 2597 3783 ea,
2651 3733 2774 3788 qua:
2829 3717 2934 3787 ipsi
2992 3717 3045 3770 in
3100 3729 3224 3770 eum
3267 3713 3628 3769 intendebant

2048 3814 2307 3880 crimina,
2339 3827 2534 3882 nempe
2564 3811 2710 3881 quod
2756 3816 3065 3864 sectaretur
3095 3822 3318 3863 errores
3345 3805 3624 3877 Origenis,

2045 3907 2141 3963 sed
2178 3921 2273 3976 per
2305 3904 2669 3960 contumelias
2697 3911 2749 3958 et
2778 3900 3093 3956 maledicta.
3125 3900 3263 3955 Cum
3290 3899 3404 3953 haec
3435 3898 3626 3953 nescio

2043 4000 2314 4071 quomodo
2349 3986 2695 4053 struerentur
2730 3995 2940 4066 (neque
2972 3994 3117 4048 enim
3164 3993 3290 4047 ﬁeri
3336 3997 3539 4062 potest,
3569 4003 3628 4044 ut

2045 4099 2281 4147 structas
2323 4087 2555 4144 insidias
2577 4086 2889 4157 singulatim
2932 4099 3352 4155 persequamur,
3395 4098 3519 4152 qua:
3547 4081 3628 4154 ad

2045 4201 2211 4238 unum
2243 4183 2402 4236 linem
2422 4179 2769 4251 spectabant,
2795 4193 2992 4249 nempe
3025 4181 3088 4232 ad
3126 4176 3333 4231 caedem
3361 4174 3627 4246 principis

2044 4285 2324 4348 pastorum
2354 4286 2405 4329 et
2436 4272 2710 4343 mortem),
2738 4271 2952 4328 accedit
2979 4272 3045 4326 ad
3073 4280 3348 4340 pastorem
3375 4270 3450 4332 id,
3473 4267 3626 4339 quod

2042 4386 2073 4424 e
2100 4385 2257 4440 grege
2286 4383 2390 4424 non
2420 4365 2599 4420 fuerat
2625 4371 2937 4434 correptum
2977 4379 3006 4417 a
3045 4362 3177 4418 feris
3224 4362 3334 4417 illis
3363 4361 3620 4416 immani-

2043 4463 2169 4531 bus,
2199 4476 2395 4533 nempe
2424 4459 2786 4531 quadraginta
2812 4460 2920 4512 duo
2950 4456 3190 4528 episcopi
3229 4471 3459 4511 numero
3487 4474 3499 4510 :
3525 4453 3623 4525 qui

361 4539 720 4606 ἐπισκόπους,
758 4540 808 4594 οἳ
857 4542 947 4594 τὸν
1000 4542 1233 4616 ποιμένα
1276 4546 1811 4618 περικυκλὼσαντες,
1846 4550 1938 4606 διὰ

2045 4566 2316 4627 pastorem
2365 4552 2774 4610 circumdantes
2812 4551 3231 4605 admirabantur
3277 4549 3623 4619 repentinam

360 4631 602 4704 θάμϐους
636 4632 884 4706 ὑπῆρχον
926 4633 1005 4706 τῷ
1042 4637 1141 4706 τῆς
1189 4637 1494 4712 μεταϐολῆς
1529 4641 1713 4714 ἁθρόῳ
1746 4660 1805 4697 τε
1837 4646 1935 4699 καὶ

2045 4657 2096 4704 et
2121 4649 2394 4704 diversam
2441 4648 2823 4715 mutationem,
2862 4661 3059 4717 nempe
3093 4645 3236 4715 quod
3267 4641 3622 4714 Theophilus,

362 4726 839 4798 παρηλλαγμένῳ·
872 4729 1020 4794 ὅπως
1069 4729 1328 4801 Θεόφιλος
1373 4733 1654 4810 ἀγώγιμος
1702 4736 1800 4803 ὢν,
1841 4740 1936 4792 καὶ

2045 4745 2142 4816 qui
2175 4752 2293 4799 erat
2326 4746 2470 4801 inter
2501 4759 2628 4799 reos
2667 4743 2895 4809 relatus,
2939 4751 3163 4812 repente
3194 4744 3268 4798 sit
3293 4741 3627 4797 constitutus

359 4819 610 4881 ὑπόδικος
660 4820 1000 4890 ἐνεχόμενος,
1041 4822 1303 4895 ἐξαπίνης
1353 4826 1447 4878 τοῦ
1505 4826 1714 4880 δικαίου
1741 4829 1936 4900 κριτὴς

360 4909 646 4986 καθί[σ]το
668 4913 762 4967 καὶ
781 4913 1058 4985 δικαστής.
1094 4915 1158 4968 Τί
1201 4911 1296 4970 οὖν
1329 4919 1359 4973 ό
1383 4918 1588 4989 ποιμὴν
1624 4922 1653 4973 ό
1685 4921 1871 4987 καλὸς,
1911 4924 1940 4976 ό

363 5004 604 5078 μιμητὴς
657 5003 754 5059 τοῦ
811 5006 1048 5078 μεγάλου
1108 5009 1502 5081 ἀρχιποιμένος
1543 5012 1756 5084 Ἰησοῦ;
1798 5015 1939 5070 ’Δλλ⁹

360 5089 462 5154 ὧδε
502 5096 602 5150 τοῦ
659 5096 821 5165 λόγου
862 5099 1128 5170 νόμενος,
1175 5103 1456 5175 ἐμνήσθην
1497 5106 1720 5176 ἡμερῶν
1750 5108 1938 5176 ἱερῶν,

359 5191 450 5245 τὸν
496 5191 798 5262 Δεσπότην,
850 5191 976 5255 τούς
1027 5209 1088 5247 τε
1150 5193 1399 5266 μαθητὰς
1450 5196 1584 5266 πρὸς
1638 5198 1701 5252 τὸ
1764 5200 1935 5263 πάθος

360 5284 614 5357 ἥκοντας,
642 5287 745 5355 τὴν
775 5287 986 5359 Καινὴν
1032 5288 1334 5360 Διοθήκην,
1367 5291 1467 5362 τὴν
1495 5292 1635 5363 πρὸς
1670 5291 1933 5364 ἀλλήλους

361 5379 586 5450 ἀγάπην
609 5380 719 5443 ,τά
767 5381 884 5434 ἐκεῖ
920 5381 1223 5452 τελούμενα
1256 5384 1474 5438 ἅπαντα
1541 5386 1664 5440 καθ’
1708 5387 1940 5444 ἕκαστον

2046 4839 2214 4908 juolex
2241 4838 2511 4893 adversus
2547 4847 2797 4892 sanctum
2829 4845 2882 4892 et
2907 4837 3115 4908 justum
3147 4835 3621 4907 Chrysostomum.

2049 4929 2190 4997 Quid
2221 4944 2353 5001 ergo
2384 4938 2566 5000 pastor
2601 4930 2690 4985 ille
2728 4929 2927 4991 bonus,
2977 4928 3156 4996 magni
3202 4926 3469 4998 principis
3528 4941 3626 4996 pa-

2047 5029 2280 5090 storum,
2314 5037 2508 5092 nempe
2545 5020 2696 5088 Jesu,
2750 5020 3030 5076 imitator?
3059 5017 3165 5074 Sed
3206 5035 3331 5073 cum
3379 5019 3445 5073 ad
3480 5020 3623 5072 hunc

2045 5117 2226 5173 locum
2261 5115 2505 5185 pervenit
2539 5114 2744 5179 oratio,
2777 5115 2998 5169 memini
3041 5129 3324 5170 sacrorum
3354 5111 3564 5168 dierum
3603 5130 3617 5167 :

2049 5208 2336 5265 Dominum
2367 5209 2669 5264 venientem
2705 5209 2770 5263 ad
2814 5207 3151 5279 passionem,
3196 5207 3497 5278 discipulos
3528 5207 3623 5278 qui

2046 5312 2177 5359 tunc
2203 5314 2382 5368 erant,
2415 5303 2626 5359 Novum
2661 5302 3097 5365 Testamentum,
3133 5303 3273 5358 inter
3297 5319 3355 5358 se
3385 5301 3619 5357 invicem

2045 5398 2391 5462 charitatem,
2424 5407 2479 5453 et
2506 5398 2689 5453 omnia
2736 5413 2857 5469 qua:
2893 5397 3005 5453 illic
3040 5397 3269 5468 mystice
3319 5395 3461 5451 facta
3492 5404 3625 5451 sunt

361 5472 639 5544 ἐνενόησα,
670 5473 766 5527 καὶ
810 5473 902 5526 τὸν
955 5475 1080 5546 ἄρτι
1132 5475 1384 5548 μαθητὴν
1427 5470 1826 5548 παραπλησίως
1856 5481 1936 5552 τῷ

2045 5489 2262 5544 eductos
2291 5489 2606 5559 singulatim
2636 5488 2780 5560 apud
2829 5505 2916 5543 me
2947 5487 3180 5559 cogitavi
3207 5502 3223 5540 :
3253 5495 3308 5543 et
3349 5503 3498 5554 eum,
3523 5488 3614 5558 qui

360 5565 665 5636 διδασκάλῳ
715 5566 812 5619 καὶ
850 5568 1098 5638 Δεσπότῃ
1151 5569 1618 5637 μυσταγωγοῦντα
1663 5574 1791 5636 τοὺς
1839 5573 1933 5626 ὑπ’

363 5660 542 5714 αὐτόν.
605 5659 831 5713 Πάντων
878 5659 989 5732 γὰρ
1039 5662 1412 5733 συνεχομένων
1455 5664 1547 5716 καὶ
1579 5665 1932 5737 λυπουμένων

364 5753 455 5806 ἐπὶ
488 5751 567 5826 τῷ
607 5751 751 5807 κατὰ
790 5752 886 5806 τὸν
935 5753 1255 5808 διδάσκαλον
1286 5756 1573 5830 ἁνιάματι,
1608 5760 1741 5830 φησὶ
1798 5763 1932 5832 πρὸς

2039 5582 2198 5637 modo
2231 5590 2349 5636 crat
2376 5583 2701 5653 discipulus,
2743 5581 2998 5638 similiter
3025 5589 3187 5652 atque
3221 5580 3549 5650 magistrum
3568 5587 3623 5633 et

2047 5678 2355 5744 Dominum,
2386 5694 2480 5732 cos
2507 5679 2598 5748 qui
2634 5678 2736 5733 sub
2767 5692 2826 5732 se
2851 5687 3028 5742 erant,
3066 5676 3371 5730 initiantem
3417 5681 3620 5744 mystc-

2039 5770 2160 5827 riis.
2192 5769 2323 5825 Nam
2351 5786 2474 5826 cum
2509 5786 2703 5826 omnes
2740 5768 2928 5824 dolore
2974 5769 3358 5822 cruciarentur
3396 5769 3618 5836 praptcr

365 5847 556 5911 αὐτοὺς
605 5849 633 5901 ὸ
680 5848 843 5917 σοφὸς
869 5849 1074 5913 ἐκεῖνος
1104 5851 1169 5905 τὰ
1221 5851 1340 5906 θεῖα
1389 5852 1481 5906 καὶ
1520 5853 1586 5908 τὰ
1618 5855 1930 5926 ἀνθρώπινα

2045 5863 2381 5933 magistrum,
2403 5862 2534 5919 dicit
2561 5862 2638 5918 cis
2672 5861 2760 5917 ille
2783 5864 2862 5915 vir
2890 5858 3106 5929 sapiens
3133 5858 3184 5912 in
3213 5856 3415 5914 divinis
3436 5863 3487 5910 ct
3513 5852 3620 5905 bu-

437 5969 504 6000 ’δ’
529 5964 596 6022 lli
625 5965 753 6037 lleg.
790 5982 944 6035 ιιι-ιιι,
981 5967 1070 6022 El.
