4058 6294
446 345 550 410 975

1716 357 1994 420 LEONLS
2025 359 2485 421 PHILOSOPHI

3611 358 3716 426 276

443 467 625 519 mauis
664 482 678 518 :
729 461 782 534 (ο
827 463 1101 533 quomodo
1129 464 1246 522 fieri
1279 473 1480 537 potest,
1531 476 1590 522 ut
1622 468 1741 523 sine
1773 469 2033 541 laerymis

2166 468 2204 522 ὣ
2235 469 2349 534 πῶς
2372 473 2401 524 ὁ
2433 470 2590 539 λόγος
2620 469 2887 539 ἀδακρυτὶ
2925 469 3025 540 τὴν
3057 469 3262 526 τούτων
3293 472 3520 544 μνήμην
3548 473 3721 528 διαϐι-

445 573 640 612 eorum
677 561 994 614 memoriam
1027 560 1125 615 tibi
1145 561 1322 616 tradat
1346 562 1592 631 oratio?)
1649 563 1838 626 Orate,
1869 578 1902 616 ο
1936 562 2030 617 filii

445 659 502 704 ct
537 651 699 704 amici
728 661 783 706 et
804 651 1039 716 viscera,
1065 669 1189 722 quas
1219 654 1351 709 mihi
1383 672 1446 710 ex
1474 657 1732 713 omnibus
1759 659 2034 729 praecipue

446 743 582 798 estis
613 743 856 800 vicissim
887 744 1107 809 dilecta,
1157 754 1212 802 et
1257 746 1366 803 Deo
1397 749 1542 820 agite
1571 751 1801 821 gratias.
1836 751 2035 808 Nullus

449 847 628 892 autem
669 849 928 892 cernatur
954 853 1022 893 ex
1057 837 1212 895 vobis
1241 854 1301 895 se
1340 856 1631 912 separasse
1658 843 1725 898 ab
1758 842 2030 901 Ecclesia.

450 927 562 996 Ego
584 930 729 984 enim
753 928 865 1000 jam
891 929 1126 996 delibor,
1146 940 1202 988 et
1228 933 1396 988 instat
1415 943 1629 1004 tempus
1659 951 1792 992 mete
1823 937 2026 993 resolu-

452 1024 639 1076 tionis.
668 1021 902 1078 Satanas
932 1037 1041 1078 non
1082 1023 1184 1080 fert
1211 1041 1361 1082 meas
1383 1026 1650 1084 adversus
1684 1028 1863 1098 ipsum
1903 1044 2038 1084 ora-

452 1114 650 1179 tiones,
670 1115 765 1171 sed
799 1132 866 1172 ne
889 1116 1292 1173 obliviscamini
1315 1135 1486 1175 sacrae
1512 1136 1644 1175 mea:
1665 1121 1718 1174 in
1752 1137 1848 1176 vos
1877 1123 2043 1176 dilec-

453 1201 644 1257 tionis.
664 1200 800 1257 Cum
839 1203 954 1258 lucc
985 1214 1038 1260 et
1071 1205 1156 1260 his
1209 1208 1366 1277 longe
1406 1210 1568 1277 plura
1601 1210 1852 1279 dixisset,
1884 1212 2040 1283 (quid

455 1309 594 1362 Opus
625 1292 808 1350 dicere
845 1303 899 1351 et
936 1297 1207 1369 lacrymas
1243 1300 1596 1368 etdolorem,
1661 1305 1863 1376 quibus
1909 1314 2043 1366 sunt

458 1386 994 1460 repleti?)tandem
1039 1406 1231 1448 omnes
1262 1396 1605 1464 complexus,
1656 1401 1870 1469 rogavit
1923 1417 2047 1455 οηιι-

459 1497 578 1542 nes.
615 1488 674 1535 ut
703 1481 847 1536 irent
888 1484 943 1537 in
978 1485 1273 1541 concilium
1311 1504 1328 1543 :
1367 1490 1603 1544 malebat
1626 1493 1774 1547 enim
1807 1505 2040 1549 mortem

458 1574 643 1628 subire
688 1574 891 1644 gladio,
945 1575 1050 1631 hoc
1107 1577 1321 1632 lucrum
1369 1597 1491 1636 esse
1539 1582 1904 1649 existimans,
1945 1601 2044 1657 pro

461 1666 747 1720 communi
785 1667 1029 1721 omnium
1068 1670 1366 1725 securitate
1409 1685 1464 1728 et
1513 1674 1810 1742 salute;ct
1855 1693 2045 1734 rursus

460 1757 597 1833 dicit
636 1755 793 1813 :Vos
827 1773 1022 1815 omnes
1076 1761 1450 1818 recordamini
1500 1767 1664 1821 vitam
1719 1778 2042 1837 praesentem

2136 563 2354 633 6ἀσοι;)
2381 605 2395 629 ,
2433 563 2699 631 Εῠξασθε,
2735 566 2931 634 λέγων,
2960 560 3006 620 ὦ
3054 565 3220 620 τέκνα
3272 568 3366 621 καὶ
3415 569 3583 638 φίλοι,
3629 571 3714 622 καὶ

2139 657 2424 725 σπλάγχνα
2476 657 2546 711 τὰ
2585 658 2711 728 ἐμοὶ
2756 659 2977 712 πάντων
3026 659 3486 732 ἀντιποθούμενα,
3525 661 3620 714 καὶ
3645 659 3722 730 τῷ

2135 749 2256 819 Θεῷ
2296 748 2395 820 τὴν
2429 749 2786 820 εὐχαριστίαν
2837 750 3089 804 ἀπόδοτε’
3128 751 3317 821 μηδεὶς
3371 751 3429 807 δὲ
3481 752 3541 818 ἐξ
3572 752 3724 824 ὑμῶν

2137 844 2237 916 τῆς
2273 842 2603 915 Ἐκκλησίας
2643 843 2835 914 ὀφθείη
2894 842 3359 914 ἀνακεχωρηκώς.
3430 844 3573 913 Ἐγὼ
3619 845 3725 914 γὰρ

2138 937 2239 1008 ἤδη
2291 936 2621 1008 σπένδομαι,
2661 935 2758 989 καὶ
2801 937 2830 989 ὁ
2887 935 3081 1006 καιρὸς
3143 935 3414 1006 ἑφέστηκέ
3481 953 3585 1005 μου
3627 937 3729 1004 τῆς

2139 1026 2474 1092 ἀναλύσεως.
2528 1028 2590 1081 '0
2634 1029 2882 1090 Σατανᾶς
2925 1027 2986 1080 οὗ
3030 1027 3187 1098 φέρει
3221 1028 3346 1090 τοὺς
3392 1028 3565 1097 ἐμοὺς
3607 1027 3727 1081 κατ’

2140 1117 2305 1172 αὑτοῦ
2341 1119 2566 1186 λόγους,
2602 1118 2736 1172 ἀλλά
2783 1120 2858 1190 μὴ
2903 1118 3238 1187 ἐπιλάθησθε
3271 1136 3376 1188 μου
3425 1118 3528 1187 τῆς
3578 1120 3728 1188 ίερᾶς

2143 1211 2279 1281 πρὸς
2329 1211 2476 1281 ὑμᾶς
2526 1212 2884 1282 ἀγαπήσεως.
2939 1209 3126 1264 Ταῦτα
3180 1211 3274 1264 καὶ
3323 1210 3507 1281 πολλῷ
3557 1210 3729 1262 πλείω

2141 1303 2348 1358 τούτων
2419 1303 2667 1366 εἰπόντος
2709 1302 2783 1372 (τί
2826 1302 3100 1370 διαλέγειν
3142 1303 3250 1355 τῶν
3296 1303 3587 1374 δακρύων,
3627 1302 3730 1368 τῆς

2142 1393 2319 1465 λύπης
2351 1389 2419 1467 ἧς
2455 1392 2892 1464 ὲπληρώθησαν;
2914 1393 2956 1460 ),
2983 1394 3294 1446 τελευταῖον
3342 1393 3730 1462 ἀσπασάμενος

2145 1488 2427 1553 ἅπαντας,
2480 1487 2786 1559 παρεκάλει
2842 1487 3050 1550 πάντας
3091 1486 3502 1557 παραγενέσθαι
3541 1488 3621 1548 είς
3671 1485 3732 1536 τὸ

2148 1577 2460 1649 συνέδριον·
2509 1577 2694 1648 ᾑρεῖτο
2730 1576 2840 1648 γὰρ
2873 1576 2968 1630 καὶ
3010 1576 3102 1629 τὸν
3136 1575 3226 1629 διὰ
3265 1575 3452 1642 ξίφους
3481 1576 3731 1641 θάνατον,

2147 1670 2341 1740 κέρδος
2389 1667 2548 1722 τοῦτο
2612 1667 2952 1739 ἡγούμενος,
3009 1667 3152 1737 ὑπέρ
3201 1684 3264 1736 γε
3322 1666 3423 1736 τῆς
3475 1663 3737 1720 ἁπάντων

2147 1757 2448 1828 ἀσφαλείας
2495 1759 2587 1812 καὶ
2618 1757 2924 1829 σωτηρίας,
2965 1759 3062 1810 καὶ
3099 1755 3258 1821 αὖθις
3294 1775 3426 1828 φησι
3449 1773 3464 1788 ο
3507 1758 3736 1828 Μνημο-

461 1864 586 1904 esse
617 1848 783 1914 viam,
814 1858 870 1905 et
901 1851 1138 1908 transire
1179 1869 1302 1924 qua:
1334 1855 1387 1908 in
1418 1872 1480 1910 ea
1514 1867 1647 1912 sunt
1681 1859 1821 1913 bona
1849 1869 1902 1915 et
1932 1875 2046 1914 nio-

2166 1852 2334 1905 ιεύετε
2357 1852 2576 1906 πάντων
2606 1852 2786 1920 ὑμεῖς,
2808 1851 2836 1902 ὁ
2858 1850 3050 1921 παρὼν
3079 1850 3194 1921 βίος
3217 1851 3333 1914 ὁδός
3355 1852 3530 1913 ἐστιν,
3556 1849 3736 1918 ἔλεγε,

462 1939 768 2006 lesta;nec
821 1942 924 1997 hoc
977 1944 1176 2008 solum,
1242 1944 1337 1999 sed
1374 1954 1458 2000 est
1515 1949 1677 2002 etiam
1738 1950 2044 2006 nundinae:

463 2034 701 2090 emimus
729 2034 937 2105 itaque,
963 2037 1275 2103 vendimus,
1299 2037 1662 2096 diversamur.
1695 2041 1834 2097 Num
1855 2059 2050 2103 sumus

467 2138 570 2178 nos
593 2123 851 2180 meliores
885 2127 1230 2195 patriarchis,
1259 2130 1562 2198 prophetis,
1607 2142 1700 2186 aut
1729 2137 1997 2205 apostolis
2022 2141 2045 2194 ?

466 2213 612 2270 Dicit
633 2215 681 2270 ei
715 2217 938 2288 quidam
961 2233 1086 2272 cum
1110 2221 1314 2288 eiulatu
1344 2240 1355 2275 :
1379 2221 1484 2278 Sed
1514 2223 1778 2283 dellen'tus
1805 2239 2051 2286 nostram

471 2297 809 2373 orbitatem;
842 2326 1026 2365 rerum
1066 2312 1472 2382 confusionem,
1506 2327 1708 2374 statum
1765 2321 2049 2389 Ecclesiae,

469 2410 519 2456 ct
553 2402 693 2458 alios
730 2403 992 2468 honores,
1027 2405 1230 2475 quibus
1261 2407 1444 2463 aﬂ‘ecti
1475 2424 1696 2476 sumus,
1733 2422 1788 2468 et
1820 2414 2056 2485 ignomi-

471 2496 592 2551 nias
651 2495 854 2567 quibus
911 2496 1236 2554 aiiiciemur.
1295 2499 1402 2557 Sed
1450 2519 1521 2559 ne
1564 2514 1800 2572 vestras,
1855 2508 2054 2578 inquit,

480 2585 779 2656 relinquite
830 2588 1120 2647 ecclesias.
1169 2588 1291 2646 Non
1338 2594 1483 2648 enim
1533 2605 1618 2650 est
1649 2612 1678 2650 a
1718 2613 1804 2654 me
1853 2601 2059 2668 princi-

475 2680 664 2748 pium;
699 2695 879 2750 ueque
935 2682 1002 2736 ad
1050 2698 1136 2738 me
1179 2700 1355 2755 usque
1403 2694 1489 2741 est
1535 2688 1685 2744 finis.
1740 2689 1860 2746 Non
1909 2696 2054 2750 enim

477 2781 604 2840 post
640 2770 845 2828 Mosem
887 2777 1130 2831 surrexit
1167 2777 1369 2836 Jcsusi
1399 2779 1518 2836 Non
1571 2782 1677 2839 fuit
1719 2785 1889 2842 David
1932 2806 2060 2844 suc-

473 2877 662 2918 cessor
690 2862 961 2923 Samuelis
989 2867 1012 2921 2
1043 2868 1295 2926 Jeremiae
1333 2870 1546 2930 Baruch
1574 2877 1596 2930 ?
1627 2876 1757 2933 Elia:
1783 2880 2014 2936 Elisseus
2040 2882 2062 2936 ‘2

476 2953 605 3009 Post
643 2956 877 3012 Paulum
911 2970 1096 3017 autem
1129 2963 1300 3034 quis?
1328 2964 1446 3021 Non
1479 2966 1825 3038 Timotheus,
1874 2971 2058 3038 Titus,

475 3047 717 3116 Apollo?
744 3047 859 3104 Non
915 3051 1013 3107 alii
1059 3052 1490 3114 innumerabiles
1520 3059 1543 3114 ἲ
1572 3062 1677 3116 Sed
1707 3065 1752 3117 si
1783 3071 2061 3133 tenemus,

478 3137 611 3190 dicit
660 3138 956 3211 quispiam,
1022 3155 1242 3202 nostras
1298 3150 1584 3214 ecclesias,
1642 3155 1867 3210 omnino
1911 3172 2063 3211 coni-

480 3230 760 3286 municare
815 3247 1038 3290 necesse
1107 3245 1191 3291 cst
1239 3247 1294 3293 et
1339 3239 1704 3299 subscribere.
1737 3244 2059 3303 Communi-

479 3334 641 3390 cate,
696 3324 905 3396 inquit,
978 3336 1037 3382 ut
1087 3343 1196 3384 non
1258 3333 1611 3400 perturbetur
1663 3353 1841 3408 neque
1919 3342 2066 3396 scin-

481 3411 645 3465 datur
669 3411 911 3469 Ecclesia
943 3414 1077 3471 :sed
1099 3432 1168 3471 ne
1197 3420 1579 3477 subscribatis.
1613 3423 1898 3490 Quomodo
1959 3422 2065 3485 huic

484 3504 649 3575 jubcs
677 3505 1013 3575 ?Quoniant,
1066 3510 1268 3582 inquit,
1311 3515 1518 3572 nullius
1570 3519 1700 3574 mihi
1732 3522 1905 3591 culpae
1943 3539 2066 3579 sum

485 3600 765 3665 conscius,
798 3612 1023 3673 propter
1049 3620 1215 3676 quam
1248 3607 1515 3678 deponar.
1546 3610 1640 3669 llis
1667 3630 1882 3670 sacram
1920 3617 2066 3674 illam

485 3693 704 3747 turbam
775 3711 1010 3768 magnus
1084 3700 1232 3756 inter
1304 3705 1654 3774 patriarchas
1719 3711 2073 3769 continuavit

485 3785 943 3856 Chrysostomus.

555 3883 656 3938 ‘23.
694 3881 813 3939 Jam
851 3887 1173 3956 concilium,
1206 3890 1354 3962 quod
1385 3900 1537 3949 extra
1575 3895 1762 3951 urbem
1802 3897 1856 3953 in
1891 3898 2071 3956 llulini

490 3976 712 4045 prazdiis
741 3977 925 4034 inania
962 3981 1018 4035 in
1068 3997 1193 4038 cum
1225 3990 1516 4051 statuerat,
1542 3993 1773 4045 arcessit
1798 4007 1945 4058 eum,
1984 4010 2074 4047 re-

489 4087 823 4142 sponsurum
849 4073 917 4130 iis
945 4091 1178 4146 quorum
1213 4079 1597 4135 accusabatur.
1631 4081 1766 4149 Quae
1814 4095 1994 4142 autem
2023 4085 2074 4142 ei

491 4162 800 4234 signiﬁcata
820 4173 976 4234 'sunt,
996 4177 1157 4229 erant
1186 4169 1501 4240 hujusmodi
1534 4191 1550 4228 :
1581 4171 1786 4230 Sancta
1832 4177 2076 4249 synodus

490 4267 844 4330 congregata,
884 4257 1086 4316 .loanni
1125 4281 1140 4317 :
1176 4261 1414 4320 Libellos
1450 4276 1640 4321 contra
1666 4276 1719 4322 te
1738 4271 2074 4340 accepimus,

493 4350 685 4419 plenos
707 4350 866 4407 malis
883 4352 1404 4412 innumerabilibus.
1426 4356 1560 4413 Veni
1584 4375 1716 4432 ergo
1742 4361 1822 4417 eis
1845 4378 2071 4434 respon-

495 4445 795 4502 surusJiis
811 4445 988 4513 lectis,
1007 4447 1120 4505 haec
1132 4451 1326 4506 scribit
1340 4460 1566 4511 sanctus
1587 4452 1910 4512 :Ecclesiam
1947 4473 2077 4529 pro-

2153 1945 2247 1998 καὶ
2273 1945 2342 1998 τὰ
2370 1945 2545 2015 τούτῳ
2591 1943 2802 2016 χρηστὰ
2837 1945 2929 1998 καὶ
2972 1944 3196 2015 λυπηρά
3247 1943 3641 2013 παροδεύεται·
3673 1944 3737 1996 οὐ

2156 2038 2318 2109 μόνον
2347 2038 2428 2101 δὲ,
2477 2037 2613 2094 ἀλλά
2641 2040 2734 2092 καὶ
2762 2040 3068 2110 πανήγυρις
3090 2053 3104 2068 σ
3139 2039 3320 2091 τοίνυν
3363 2037 3737 2108 ἡγοράσαμεν,

2154 2130 2519 2202 ὲπωλήσαμεν
2542 2171 2555 2197 ,
2602 2131 2968 2201 καταλύομεν.
2999 2131 3091 2202 Μὴ
3124 2131 3383 2201 ἀμείνους
3427 2131 3594 2202 ἡμεῖς
3633 2130 3740 2183 τῶν

2157 2220 2530 2293 πατριαρχῶν,
2567 2221 2679 2274 τῶν
2708 2222 3026 2292 προφητῶν,
3064 2220 3177 2274 τῶν
3200 2219 3549 2284 ἀποστόλων;
3575 2220 3742 2287 Λέγει

2157 2333 2242 2380 τις
2279 2314 2338 2379 ἐξ
2385 2314 2570 2368 αὐτῶν
2608 2315 2743 2385 πρὸς
2775 2313 2974 2377 αὑτὸν,
3015 2310 3314 2383 ὀλοφυρμῷ
3347 2311 3740 2382 συνεχόμενοςο

2169 2405 2332 2460 Ἀλλὰ
2373 2405 2662 2476 θρηνῶμεν
2695 2404 2794 2473 τὴν
2823 2403 2980 2475 ἡμῶν
3008 2403 3308 2474 ὀρφανίαν,
3340 2402 3438 2472 τὴν
3482 2400 3745 2471 σύγχυσιν

2157 2497 2266 2552 τῶν
2301 2499 2642 2569 πραγμάτιον
2663 2539 2678 2562 ,
2706 2497 2804 2568 τὴν
2831 2497 3021 2552 στάσιν
3050 2499 3149 2567 τῆς
3185 2496 3542 2565 Ἐκκλησίας,
3576 2495 3743 2550 τάλλα

2159 2585 2241 2653 οἷς
2263 2589 2616 2660 ὲτιμώμεθα,
2649 2590 2745 2643 καὶ
2773 2585 2855 2653 οἷς
2891 2587 3404 2660 ἀτιμασθησόμεοα.
3454 2586 3618 2640 Ἀλλὰ
3649 2589 3745 2648 τὰς

2163 2683 2282 2737 καθ’
2326 2683 2470 2752 ὑμᾶς
2513 2683 2587 2752 μὴ
2620 2681 3022 2752 καταλείπητε,
3073 2680 3266 2758 φησὶν,
3303 2680 3642 2750 ἐκκλησίαςο
3685 2681 3744 2732 ού

2163 2777 2272 2848 γὰρ
2306 2777 2400 2830 ἀπ’
2429 2775 2565 2846 ἐμοῦ
2595 2778 2628 2846 ἡ
2660 2775 2828 2847 ἀρχὴ,
2856 2775 2966 2829 οὐδ’
2995 2775 3101 2838 ἕως
3134 2773 3270 2844 ἐμοῦ
3297 2773 3472 2836 τέλος.
3511 2774 3605 2842 Μὴ
3638 2771 3746 2842 γὰρ

2167 2869 2308 2939 μετά
2349 2870 2589 2937 Μωῦσῆν
2628 2870 2725 2921 οὐκ
2750 2867 2951 2937 ἀνέστη
2999 2865 3240 2938 Ἰησοῦς;
3271 2867 3331 2919 οὐ
3361 2865 3608 2934 διάδοχος
3639 2865 3743 2918 Σα-

2167 2961 2382 3033 μουὴλό
2402 2961 2637 3032 Δα6“ιδ,ἢ
2671 2960 2938 3032 Ἱερεμίου
2960 2959 3196 3032 Βαροὺχ,
3231 2957 3415 3014 Ἦλιοῦ
3447 2957 3742 3020 Ἑλισαῖος;

2169 3054 2309 3122 μετὰ
2343 3051 2550 3105 Παῦλον
2574 3051 2631 3104 δὲ
2653 3051 2771 3116 τίς;
2798 3051 2861 3104 οὐ
2897 3051 3186 3122 Τιμόθεος,
3219 3051 3398 3115 Τίτος,
3443 3047 3746 3115 Ἀπολλώςς

2167 3147 2227 3198 οὐ
2261 3147 2484 3218 μυρίοις
2525 3144 2667 3198 Ἀλλ’
2699 3148 2746 3198 εἰ
2779 3145 3114 3216 κατέχομεν,
3173 3143 3278 3214 ἔφη
3307 3160 3426 3209 τις,
3463 3145 3563 3206 τὰς
3595 3142 3748 3213 ἡμῶν

2168 3240 2499 3309 ἐκκλησὲας,
2549 3240 2646 3294 καὶ
2703 3241 3035 3310 κοινωνῆσαι
3081 3240 3177 3292 καὶ
3228 3237 3545 3309 ὑπογράψαι
3603 3238 3748 3290 πᾶσα

2167 3334 2405 3404 ἀνάγκη.
2454 3333 2836 3405 Κοινωνὴσατε
2889 3333 2979 3386 διὰ
3009 3331 3070 3386 τὸ
3111 3330 3422 3402 ἀτάραχον,
3475 3329 3582 3401 ἔφη
3606 3369 3620 3392 ,
3655 3331 3749 3398 τῆς

2185 3425 2509 3494 Ἑκκλησίας
2529 3425 2621 3480 καὶ
2646 3425 3008 3502 ᾀδιοὶσχιστον⁹
3033 3424 3109 3495 μὴ
3133 3425 3485 3494 ὑπογράερητε
3510 3423 3589 3482 δέ.
3611 3423 3748 3484 ῐιὼς,

2171 3516 2294 3572 τίνα
2339 3517 2580 3581 κελεύεις
2629 3518 2870 3588 τρόπον;
2920 3517 3079 3580 Ὅτι,
3135 3516 3274 3587 ἔφη,
3301 3515 3410 3568 τῶν
3439 3516 3520 3580 είς
3563 3516 3752 3568 καθαί-

2173 3627 2320 3683 ρεσιν
2365 3611 2708 3681 αἰτιαμάτων
2741 3610 2892 3666 οὐδὲν
2933 3607 3158 3680 ἐμαυτῷ
3202 3607 3439 3662 σύνοιδα.
3475 3607 3745 3669 Τοιούτοις

2175 3706 2268 3760 τὸν
2324 3706 2469 3779 ἱερὸν
2519 3708 2728 3761 ἐκεῖνον
2769 3706 2958 3778 ὅμιλον
2998 3708 3027 3760 ὁ
3064 3706 3236 3776 μέγας
3273 3706 3329 3759 έν
3381 3703 3750 3774 πατριάρχαις

2173 3799 2561 3872 κατοχυρώσας
2589 3802 2632 3854 Χ
2643 3801 2993 3872 ρυσὸστομος.

2249 3900 2353 3962 κγ’.
2393 3893 2530 3965 Ἤδη
2591 3894 2653 3947 τὸ
2703 3894 2978 3963 συνέδριον
3013 3890 3120 3958 ἔξω
3169 3894 3266 3964 τῆς
3307 3893 3512 3957 πόλεως
3554 3895 3614 3946 ὲν
3647 3894 3752 3953 τοῖς

2185 3983 2441 4056 Ῥυφίνου
2491 3987 2562 4040 τὰ
2613 3987 2736 4040 κατ’
2792 3988 2961 4041 αὐτοῦ
3018 3986 3154 4040 κενά
3200 3985 3752 4055 διαϐουλευσάμενον,

2179 4080 2569 4154 μετακαλεῖται
2599 4079 2788 4133 τοῦτον
2835 4080 2928 4132 τὸν
2967 4080 3157 4149 ἅγιον,
3204 4079 3754 4150 ἀπολογηθησόμενον

2176 4167 2258 4238 οἷς
2295 4172 2727 4228 ὲνδιαϐἀλλεται.
2756 4168 2866 4225 Ἦν
2889 4172 2946 4226 δὲ
2982 4171 3051 4225 τά
3091 4171 3404 4242 δηλωθέντα
3432 4170 3609 4225 τοιάδε
3633 4185 3648 4199 ’
3691 4169 3752 4223 Ὶί

2179 4265 2397 4330 σύνοδος
2422 4268 2455 4337 ἡ
2477 4266 2612 4335 ἁγία
2634 4265 2984 4337 συναχθεῖσα,
3011 4265 3091 4336 τῷ
3127 4264 3348 4337 Ἰωάννῃ
3373 4264 3499 4317 τάδε
3517 4278 3534 4294 ο
3571 4261 3752 4316 Λισέλ-

2178 4359 2304 4422 λους
2339 4358 2638 4430 ἐδεξάμεθα
2676 4358 2820 4413 κατὰ
2852 4358 2983 4424 σοῦ,
3024 4357 3250 4428 πλήρεις
3291 4355 3499 4429 μυρίων
3549 4354 3753 4410 κακῶν.

2194 4449 2344 4504 mos
2384 4451 2562 4503 τοίνυν
2608 4451 2942 4522 ἀπαντήσων
2977 4451 3112 4521 πρὸς
3147 4451 3217 4504 τά
3252 4450 3506 4503 τοιαῦτα.
3542 4449 3757 4502 Τούτων

497 4545 615 4608 pter
641 4554 806 4609 quam
831 4539 974 4599 Deus
1000 4541 1234 4599 Verbum
1256 4545 1458 4600 factum
1487 4558 1590 4614 est,
1613 4565 1680 4603 ne
1706 4550 1947 4616 scindas.
1978 4565 2061 4606 net

2179 4544 2661 4613 ἀναγνωσθέντων,
2684 4545 3080 4617 ἀντιοιοράερουσι
3111 4545 3213 4616 μὲν
3242 4535 3295 4596 οἱ
3324 4544 3454 4613 περὶ
3486 4542 3580 4595 τὸν
3605 4541 3756 4610 ἅγιον

495 4631 789 4702 dissolvas,
821 4651 1002 4705 neque
1023 4645 1176 4692 extra
1197 4639 1463 4694 terminos
1490 4640 1729 4710 judices,
1766 4659 2072 4713 repugnans

497 4727 757 4784 trecentis
807 4737 864 4784 et
922 4731 1229 4788 octodecim
1293 4734 1580 4798 Patribus,
1627 4745 1681 4790 et
1735 4752 1800 4791 ne
1826 4737 1980 4802 Abel,
2020 4749 2080 4792 ιιι

498 4817 656 4884 Cain,
689 4818 876 4875 dolose
901 4821 955 4876 in
986 4837 1176 4892 agrum
1203 4823 1477 4889 advoces;
1507 4828 1602 4880 sed
1635 4834 1691 4880 tu
1728 4830 1846 4881 veni
1873 4831 2075 4898 potius.

500 4911 858 4982 Septuaginta
883 4913 1028 4970 enim
1062 4916 1241 4986 capita
1272 4927 1460 4988 aperte
1510 4918 1817 4987 contineant,
1858 4920 1950 4992 qui
1981 4921 2080 4975 ad-

499 5021 692 5062 versus
723 5015 776 5062 te
799 5009 990 5078 scripti
1022 5018 1151 5064 sunt
1181 5009 1372 5065 libelli.
1418 5009 1623 5068 Sumus
1666 5020 1846 5067 autem
1883 5029 1983 5068 nos
2013 5029 2079 5067 ex

500 5098 734 5155 diversis
768 5109 822 5154 et
851 5102 1061 5171 plures,
1118 5103 1210 5158 Dei
1269 5103 1469 5176 gratia.
1511 5105 1663 5160 Etut
1723 5120 1845 5175 qua:
1891 5115 2081 5178 postea

501 5193 878 5263 scquebantur
930 5195 984 5249 in
1037 5212 1211 5266 pauca
1275 5199 1627 5262 contraham,
1689 5215 1814 5254 cum
1863 5199 2082 5270 sapiens

502 5286 749 5356 pontifex
784 5297 1047 5358 praeterea
1080 5290 1399 5360 scripsisset
1432 5299 1484 5346 et
1514 5291 1848 5347 ostendisset
1873 5293 2079 5346 nullam

500 5399 625 5438 csse
654 5399 844 5440 eormn
875 5400 998 5453 qua:
1053 5384 1121 5438 ab
1153 5385 1287 5456 ipsis
1333 5385 1558 5451 ﬁebant,
1609 5387 2085 5458 consequentiam,

502 5476 706 5547 optime
739 5485 795 5532 et
833 5477 1146 5547 justissime
1178 5496 1275 5537 eos
1304 5480 1602 5550 repellebat
1645 5481 2081 5550 praescriptione,

503 5581 701 5640 optans
741 5582 798 5626 ut
827 5571 880 5627 in
913 5588 973 5628 se
1018 5573 1172 5630 licret
1204 5576 1391 5646 potius
1422 5574 1766 5629 meumcnica
1812 5572 2081 5644 synodus.

508 5663 635 5720 ΙΙιειι
664 5679 789 5720 eum
835 5667 1143 5736 accepisset
1187 5677 1242 5723 et
1285 5665 1574 5722 didicisset
1611 5665 1905 5721 concilium
1954 5663 2086 5720 illud

511 5775 606 5827 per
641 5758 949 5825 lectionem,
983 5759 1202 5814 irruunt
1235 5770 1501 5830 tanquam
1535 5759 1763 5824 leones;
1817 5770 1871 5813 et
1915 5774 1979 5812 ex
2023 5758 2089 5812 iis

509 5853 604 5923 qui
639 5852 791 5910 missi
820 5853 1056 5917 fuerant,
1087 5854 1255 5909 alium
1285 5852 1508 5925 quidem
1531 5852 1874 5916 ceciderunt,
1923 5851 2087 5905 alimn

515 5939 646 6005 vero
679 5949 1235 6023 comprehenderunt,
1285 5950 1451 6009 alium
1513 5957 1695 6006 autem
1733 5947 2087 6021 coniecerunt

2181 4635 2374 4688 ταῦτα’
2410 4634 2519 4705 Τὴν
2559 4634 2907 4706 Ἐκκλησίαν,
2937 4636 3002 4689 δι’
3042 4635 3110 4705 ἣν
3136 4637 3164 4688 ὁ
3188 4633 3320 4696 Θεὸς
3342 4635 3515 4701 Λόγος
3549 4632 3760 4700 ἐγένετο

2183 4727 2340 4798 σὰρξ.
2389 4726 2463 4798 μὴ
2493 4727 2664 4797 σχίζε,
2715 4729 2851 4799 μηδὲ
2879 4727 3136 4791 κατάλυε,
3175 4728 3314 4798 μήτε
3353 4725 3460 4796 μὴν
3490 4723 3761 4796 περιόριον

2183 4823 2336 4894 κρίνε
2371 4825 2463 4877 καὶ
2497 4822 2682 4888 δίκαζε
2707 4862 2721 4886 .
2768 4821 2902 4876 δέκα
2945 4821 3040 4876 καὶ
3084 4819 3229 4874 ὀκτὼ
3269 4821 3364 4875 καὶ
3424 4819 3758 4890 τριακοσίοις

2182 4916 2463 4986 Πατρᾶσιν
2499 4914 2928 4986 ἐναντιούμενος,
2960 4914 3054 4968 καὶ
3083 4912 3159 4984 μὴ
3185 4912 3276 4966 τὸν
3317 4911 3486 4964 Ἅϐελ
3516 4927 3757 4983 προσκα-

2182 5011 2277 5066 λοῦ
2309 5011 2499 5072 δολίως
2530 5009 2610 5073 εἰς
2649 5011 2712 5063 τὸ
2755 5008 2977 5063 πεδίονσ
3019 5007 3136 5062 ἀλλ’
3175 5005 3297 5060 est
3331 5005 3534 5076 μᾶλλον
3575 5005 3758 5069 αὐτός.

2186 5105 2298 5158 Καὶ
2321 5105 2426 5174 γὰρ
2460 5101 2777 5172 κεφαλαίοις
2817 5100 3195 5171 ἑϐδομήκοντα
3234 5100 3284 5153 oi.
3311 5097 3457 5151 κατὰ
3487 5096 3583 5150 σοῦ
3627 5113 3760 5169 προ-

2183 5197 2357 5267 δὴλως
2394 5195 2886 5268 περιστοιχίζονται
2918 5191 3182 5252 λίϐελλοι,
3218 5192 3314 5244 καὶ
3348 5190 3429 5243 ἔτι
3468 5190 3532 5243 ἐκ
3575 5189 3761 5257 διαφό-

2188 5307 2298 5362 ρων
2332 5290 2514 5360 ήμεῖς,
2566 5289 2662 5341 καὶ
2706 5287 2950 5350 πλείονες
2994 5287 3092 5340 σὺν
3137 5284 3278 5355 Θεῷ.
3312 5284 3424 5338 Καὶ
3451 5283 3538 5336 ἵνα
3577 5283 3646 5336 τὰ
3672 5283 3762 5334 ἐπὶ

2186 5383 2394 5444 τούτοις
2440 5381 2712 5452 συντέμω,
2741 5381 2835 5433 καὶ
2871 5380 2899 5432 ὁ
2942 5378 3105 5448 σοφὸς
3155 5376 3450 5449 ἀρχιερεὺς
3488 5374 3571 5429 ἔτι
3608 5373 3763 5442 λογοο

2187 5477 2483 5546 γραφήσας
2503 5475 2562 5526 τὺ
2579 5471 2942 5526 ἀνακόλουθον
2959 5471 3068 5525 τῶν
3086 5470 3313 5534 ἐκείνοις
3336 5465 3763 5538 πεπραγμένων,

2190 5567 2386 5640 ἄριστά
2422 5584 2483 5621 τε
2511 5569 2606 5621 καὶ
2633 5565 2950 5620 δικαιότατα
2983 5561 3373 5636 παρεγράφετο
3397 5561 3629 5622 τούτοις,
3668 5560 3766 5628 τὴν

2191 5664 2311 5718 κατ’
2351 5661 2516 5718 αὐτοῦ
2559 5661 2776 5714 σύνοδον
2819 5657 3204 5730 οἱκουμενικὴν
3254 5655 3508 5725 γενέσθαι
3569 5653 3765 5724 μᾶλλον

2193 5757 2503 5827 εὐχόμενος.
2543 5754 2728 5808 Ταῦτα
2761 5751 3052 5823 δεξάμενον
3086 5752 3182 5804 καὶ
3210 5747 3493 5819 ἀναμαθὸν
3533 5746 3595 5800 τὸ
3640 5763 3768 5798 συν-

2195 5852 2370 5922 έδριον
2394 5851 2570 5904 ἐκεῖνο
2600 5848 2686 5900 διὰ
2721 5847 2818 5913 τῆς
2848 5842 3230 5911 ἀναγνώσεως,
3261 5840 3473 5912 ὁρμῶσι
3519 5837 3768 5908 καθάπερ

2198 5947 2428 6014 λέοντες,
2465 5942 2554 5997 καὶ
2607 5941 2713 5996 τῶν
2762 5936 3176 5994 ἀποσταλέντων
3206 5934 3264 5990 ὂν
3313 5933 3412 6006 μὲν
3445 5931 3675 6004 ἔδειραν,
3710 5929 3771 5984 ὃν
