4108 6306
301 342 396 407 ἵἶῖ
943 340 1226 402 ORATIO
1251 339 1469 402 XVIII.
1506 363 1575 376 -··
1613 339 1999 400 LAUDATIO
2035 342 2095 399 S.
2139 339 2884 401 JOANNISCHRYSDST.

3454 339 3563 406 278

300 465 350 517 δὲ
408 460 794 531 περιέσχισαν,
846 459 904 511 ὃν
955 459 1010 512 δὲ
1060 459 1400 529 ὲσιδήρωσαν
1456 459 1729 528 σιδήροις,
1784 456 1876 520 οὓς

2006 474 2036 510 n
2103 458 2316 512 vincula
2347 466 2398 511 et
2433 458 2638 512 ferreos
2670 461 2984 526 campi-des,
3009 473 3146 525 quos
3183 457 3256 511 illi
3291 456 3569 513 bacchan-

303 556 834 628 κ’,ρυῦαντιὰσαντες
874 554 954 626 τῷ
990 555 1208 626 ποιμένι
1264 555 1770 625 παρεσκευάσαντο.
1815 553 1881 606 Τί

301 651 385 704 οὖν
421 649 501 701 ἔτι
545 650 678 718 πρῦς
723 647 936 711 τούτοις
982 647 1218 718 δρῶσιν;
1265 647 1595 717 Ἀραχνείων
1621 645 1879 716 νημάτων

299 743 712 813 ἀδρανεστὲροις
769 738 1168 811 συγγράμμασι
1221 739 1776 810 καταψηφισάμενοι,
1821 737 1879 790 εν

301 836 417 888 οὒτε
445 831 614 900 εἶδον,
653 836 746 888 καὶ
783 829 844 889 οὑ
883 836 1067 904 φωνῆς
1099 834 1200 887 ούκ
1231 833 1491 903 ἤκουσαν,
1523 832 1880 906 καθαιροῦσιν

300 927 596 998 ἀρχιερέα,
646 928 741 979 καὶ
789 926 962 980 ταῦτα
1006 925 1084 995 τῷ
1137 925 1350 994 βασιλεῖ
1401 924 1759 996 ἀναφέρουσι.
1814 923 1881 977 Τί

301 1021 587 1088 λέγοντεςς
620 1019 742 1074 Ὀτι
763 1018 837 1089 μὴ
853 1018 1225 1088 τολμήσαντος
1252 1010 1418 1069 αὑτοῦ
1452 1015 1878 1086 παραγενέσθαι,

301 1117 384 1168 διὰ
436 1115 498 1167 τὸ
557 1112 956 1181 συγγινώσκειν
984 1109 1052 1163 τὰ
1082 1107 1280 1162 ἑαυτοῦ
1306 1149 1320 1172 ,
1353 1107 1413 1161 τὸ
1461 1107 1517 1162 δὲ
1545 1107 1788 1162 τοιοῦτον
1831 1109 1880 1162 οί

303 1209 454 1276 νόμοι
506 1204 855 1276 καθαιροῦσι,
910 1204 1068 1258 τοῦτο
1122 1203 1188 1276 δὴ
1234 1203 1328 1256 καί
1384 1202 1591 1273 ὑπέστη
1621 1220 1633 1234 ·
1687 1202 1782 1257 καὶ
1817 1202 1881 1274 δὴ

303 1298 550 1353 κελεύσει
600 1296 694 1350 τοῦ
732 1296 1002 1368 ὑμετέρου
1040 1295 1278 1364 κράτους
1317 1295 1410 1349 καὶ
1459 1295 1608 1348 ἀκων
1641 1293 1884 1366 ἐξοριζέ-

305 1393 450 1457 σθω,
510 1393 606 1444 καὶ
659 1391 815 1454 δίκας
873 1389 1063 1443 διδότω
1119 1390 1203 1457 ἐφ’
1249 1382 1330 1450 οἷς
1382 1387 1727 1460 λελοιδόρηκε
1782 1385 1883 1458 τὴν

303 1485 595 1554 βασιλίδα,
635 1484 808 1538 εἰπὼν
856 1483 1030 1554 αὐτὴν
1095 1482 1375 1548 Ἰεζάϐελ,
1430 1483 1526 1535 καὶ
1568 1481 1742 1551 τούτῳ
1790 1480 1881 1534 τοῦ

303 1579 531 1632 θανάτου
561 1581 674 1640 τοῖς
696 1579 982 1648 φονευταίς
1008 1575 1469 1646 ὲπισπευδομένου
1496 1574 1584 1628 διά
1606 1574 1663 1627 τὸ
1684 1574 1886 1645 δύσφη-

306 1689 424 1740 μον.
482 1669 740 1724 Πιστεύει
790 1669 971 1723 τοίνυν
1017 1669 1046 1722 ό
1083 1667 1362 1739 βασιλεὺς,
1414 1663 1609 1739 οἷάπερ
1649 1668 1884 1738 ἱερεῦσιν

302 1763 521 1826 αὐτοῖς’
571 1761 667 1816 καὶ
715 1760 1088 1826 ἀνεξετάστως
1139 1760 1536 1831 στρατιωτικῆς
1584 1760 1885 1830 ἀποστολῆς

303 1855 659 1926 βαρϐαρικῶς
714 1852 1171 1924 παραταγείσης,
1213 1852 1558 1922 ἐξορισθῆναι
1608 1853 1698 1906 τὸν
1735 1853 1887 1920 ἀγιον

307 1948 544 2002 κελεύει.
578 1948 761 2016 Ἔγνω
787 1947 880 2001 οὖν
908 1947 966 2000 τὸ
1000 1946 1191 2000 πιστὸν
1222 1945 1424 2015 πλῆθος
1449 1945 1624 1999 ταῦτα
1646 1964 1658 1977 ·
1689 1947 1782 2001 καὶ
1817 1945 1895 2018 τῷ

302 2041 479 2104 ζέοντι
541 2043 639 2094 καὶ
691 2039 939 2112 περιόντι
997 2041 1097 2109 τῆς
1153 2038 1426 2104 πίστεως,
1483 2041 1574 2092 τὸν
1616 2038 1885 2110 βασίλειον

302 2135 466 2203 φόϐον
506 2135 851 2204 νικήσαντες,
905 2133 999 2186 καὶ
1030 2131 1180 2186 κάτω
1223 2130 1442 2194 θέντες,
1495 2132 1638 2184 κατά
1689 2131 1891 2202 κράτος

300 2229 667 2297 ἀντέστησαν.
718 2223 890 2278 Τοῦτο
921 2223 1015 2277 οὖν
1049 2221 1274 2277 συνιδὼν
1303 2225 1331 2275 ό
1377 2223 1470 2277 τοῦ
1512 2223 1646 2277 Θεοῦ
1681 2225 1892 2294 ἅνθρω-

305 2335 437 2380 π’)ς,
475 2316 702 2380 καὶτὰς
743 2318 807 2370 ὲκ
861 2315 958 2370 τοῦ
1011 2316 1341 2387 πράγματος
1384 2315 1588 2385 βλάϐας
1623 2317 1716 2368 καὶ
1765 2318 1890 2379 τοὺς

302 2409 586 2473 κινδύνους
617 2410 1034 2480 ἀποσκοπήσας,
1064 2407 1318 2462 λανθάνει
1344 2409 1553 2470 πάντας
1584 2421 1600 2438 ⁸
1629 2410 1720 2462 καὶ
1755 2410 1888 2478 πρὶς

301 2503 404 2572 τὴν
434 2504 651 2574 σφαγὴν
687 2502 852 2573 (οὑτω
892 2503 999 2574 γὰρ
1033 2502 1146 2571 ἐγὼ
1184 2501 1338 2556 καλῶ
1377 2502 1478 2574 τὴν
1509 2504 1732 2556 ἐκείνων
1766 2507 1886 2572 βου-

303 2595 402 2666 λὴν
429 2595 525 2649 καὶ
555 2596 750 2667 ὁρμὴν,
789 2590 945 2666 οἶμαι
971 2597 1027 2650 δὲ
1064 2594 1157 2649 καὶ
1201 2594 1396 2666 ὑμεῖς)
1439 2596 1572 2649 ὡσεὶ
1618 2597 1890 2666 πρόϐατον

303 2686 593 2757 ἐθελοντὴς
668 2688 1056 2758 παραγίνεται.
1125 2686 1298 2740 Τοῦτο
1366 2687 1422 2741 δὲ
1502 2689 1888 2756 συλλαϐόντες,

304 2780 470 2850 μέχρι
530 2779 630 2848 τῆς
675 2779 1035 2850 Προποντίδος
1091 2780 1346 2845 Εὐξείνου
1397 2782 1534 2842 τέως
1588 2780 1889 2846 ἐξέλκουσι.

299 2873 460 2924 Μετά
506 2871 682 2926 ταῦτα
734 2871 822 2938 τίς
861 2872 1352 2941 Μεταμεληθὲντες
1401 2875 1543 2936 τινὲς
1581 2875 1638 2940 ἐξ
1675 2875 1887 2941 αὐτῶν,

302 2962 815 3035 σεσυκοφαντῆσθαι
853 2962 946 3018 τόν
993 2963 1245 3036 Ἰωάννην
1275 2967 1368 3019 καὶ
1391 2966 1681 3036 ἠδικῆσθαι
1718 2985 1890 3039 προσ-

299 3055 521 3122 ἐλεγον·
577 3058 669 3108 καὶ
719 3055 880 3109 τοῦτο
909 3057 1009 3110 οὑκ
1029 3052 1096 3128 ἦν
1126 3061 1237 3119 τοῖς
1267 3055 1483 3122 πολλοῖς
1506 3058 1592 3112 διά
1620 3060 1853 3123 πίστεως
1874 3077 1886 3091 ·

1983 560 2065 604 tes
2091 550 2297 620 pastori
2327 559 2669 621 paraverant.
2708 548 2847 616 Quid
2873 565 3002 619 ergo
3030 561 3149 618 post
3183 550 3295 606 hinc
3321 553 3522 606 faciunt
3549 551 3574 605 ἲ

1981 641 2120 696 Cum
2155 657 2479 696 aranearum
2525 641 3128 696 telisimbecillioribus
3179 644 3396 710 scriptis
3441 660 3566 696 cmn

1982 732 2516 803 dantnassent,quem
2539 748 2714 804 neque
2735 733 2978 787 viderant
2994 749 3168 802 neque
3197 735 3359 804 hujus
3382 751 3568 790 vocem

1982 828 2325 894 audiveram,
2368 827 2650 898 deponunt
2671 828 3003 897 pontiﬁcem,
3027 836 3081 882 et
3100 827 3212 882 inec
3232 828 3477 882 referunt
3501 829 3570 884 ad

1983 921 2384 991 imperatorem.
2410 921 2854 988 Quiddicentes?
2879 921 3038 988 Quod
3098 937 3224 977 cum
3266 938 3374 978 non
3400 940 3571 978 ausus

1981 1018 2421 1083 essetaccedere,
2441 1019 2585 1088 quod
2613 1030 2755 1075 esset
2778 1021 2882 1075 sibi
2902 1023 3161 1076 conscius
3183 1040 3199 1090 ;
3225 1037 3350 1077 eum
3387 1034 3568 1076 autem

1982 1109 2128 1180 leges
2154 1111 2459 1180 deponant;
2484 1112 2582 1165 hoc
2599 1112 2762 1165 etiam
2790 1113 3072 1167 sustinuit.
3119 1112 3284 1168 Jussu
3313 1131 3442 1186 ergo
3476 1131 3569 1169 ve-

1985 1209 2112 1257 strae
2160 1203 2434 1271 potentiae,
2483 1202 3048 1268 aiebant,velinvitns
3083 1205 3370 1273 relegetur,
3389 1215 3441 1259 et
3481 1209 3574 1261 det

1988 1310 2180 1366 pwnas
2210 1296 2356 1366 quod
2385 1295 2685 1350 maledictis
2713 1297 3018 1353 insectatus
3042 1299 3112 1353 sit
3159 1298 3568 1367 imperati-irem

1983 1403 2102 1443 eam
2137 1389 2325 1444 dicens
2347 1386 2584 1451 Iezabel,
2611 1391 2690 1443 vel
2721 1391 2774 1442 in
2823 1407 2889 1443 eo
2919 1400 3092 1445 morte
3117 1391 3183 1444 ab
3219 1392 3568 1445 occisoribus

1975 1480 2286 1536 accelerata
2340 1490 2563 1551 propter
2603 1483 2750 1536 verbi
2803 1485 3176 1552 asperitatem.
3236 1482 3325 1537 Eis
3389 1483 3571 1552 itaque

1985 1575 2158 1628 credit
2187 1575 2485 1644 imperator
2510 1584 2770 1644 tanquam
2830 1575 3233 1642 sacerdotibus,
3264 1584 3316 1630 et
3366 1577 3572 1645 alisque

1988 1670 2092 1725 ulla
2124 1669 2549 1731 examinatione,
2576 1669 2741 1723 missa
2769 1685 2930 1723 manu
2965 1671 3209 1735 militari,
3245 1670 3400 1739 jubet
3441 1686 3569 1723 San—

1991 1776 2137 1819 cttnn
2175 1763 2436 1834 relegari.
2478 1763 2600 1817 lla‘c
2628 1764 2885 1832 cognovit
2936 1764 3110 1817 ﬁdelis
3147 1763 3332 1832 populi
3383 1764 3571 1816 multi-

2002 1856 2154 1920 tudo,
2190 1855 2424 1925 lideique
2461 1855 2672 1910 fet‘vore
2702 1863 2756 1909 et
2788 1855 3083 1908 abundatia
3113 1856 3256 1908 victo
3281 1863 3332 1907 et
3365 1854 3575 1924 dejecto

2001 1956 2147 2003 metu
2181 1948 2548 2016 imperatoris,
2580 1948 2629 2000 vi
2657 1948 3001 2001 restiterunt.
3053 1945 3169 2000 lloc
3214 1956 3394 2000 autem
3447 1959 3575 2000 cum

2001 2041 2483 2095 animadvertisset
2510 2040 2591 2093 vir
2637 2040 2857 2094 divinus
2886 2050 2938 2095 et
2962 2054 3084 2110 qua:
3116 2054 3180 2094 ex
3218 2054 3285 2093 eo
3318 2039 3577 2094 orieban-

2001 2145 2088 2189 tur
2122 2135 2317 2188 damna
2364 2143 2418 2188 et
2447 2133 2687 2204 pericula
2719 2132 3148 2197 considerasset,
3177 2147 3368 2187 oumes
3422 2133 3572 2197 latet,

1999 2238 2053 2283 ct
2088 2227 2153 2281 ad
2197 2229 2398 2281 credent
2425 2225 2542 2295 (sic
2573 2224 2716 2279 enim
2775 2239 2877 2293 ego
2925 2240 3062 2278 voco
3119 2224 3341 2277 illorum
3381 2223 3573 2277 conci-

2009 2322 2142 2376 lium
2193 2331 2246 2376 et
2299 2322 2582 2390 impetum,
2612 2320 2868 2372 existimo
2905 2326 3087 2373 autem
3145 2332 3246 2372 vos
3305 2327 3576 2386 quoque).

1999 2429 2258 2488 tanquam
2287 2419 2404 2474 ovis
2443 2425 2637 2487 sponte
2687 2434 2782 2473 sua
2822 2416 3052 2471 accedit.
3091 2414 3225 2469 Eum
3271 2431 3400 2468 vero
3453 2430 3577 2469 eum

1998 2511 2573 2582 compreliendissent,
2616 2526 2792 2579 usque
2839 2509 2902 2564 ad
2959 2508 3155 2562 Euxini
3193 2507 3577 2578 Propontidem

1999 2614 2128 2658 tune.
2161 2605 2403 2658 trahunt.
2435 2601 2566 2657 Post
2604 2602 2719 2656 lucc
2757 2601 2935 2672 quid?
2968 2600 3200 2667 Quidam
3240 2615 3303 2655 ex
3341 2599 3409 2654 iis
3428 2600 3580 2654 ducti

2002 2695 2348 2766 poenitentia,
2377 2694 2631 2748 dicebant
2669 2696 2836 2749 fuisse
2861 2683 3129 2747 Joannem
3162 2691 3461 2762 appetitum
3487 2705 3579 2745 ea-

2005 2789 2229 2843 lumniis
2257 2799 2311 2841 et
2353 2786 2554 2856 injuria
2587 2785 2861 2841 affectum.
2893 2786 3004 2840 Nec
3035 2785 3139 2839 hoc
3183 2785 3510 2838 credebatur
3543 2802 3572 2836 a
3645 2809 3651 2815 -

2000 2879 2188 2933 multis
2231 2895 2246 2932 :
2286 2879 2446 2933 [idem
2503 2889 2684 2934 autem
2743 2894 2831 2934 res
2901 2878 3033 2946 ipsa:
3086 2876 3256 2946 magis
3312 2875 3578 2930 iecerunt.

1995 2970 2325 3036 Quomodo?
2358 2972 2435 3025 Ex
2470 2971 2678 3027 honore
2701 2981 2752 3025 et
2784 2972 3194 3034 emolumentis,
3227 2971 3426 3041 quibus
3450 2977 3582 3024 sunt

1999 3064 2176 3117 affecti
2235 3073 2608 3119 accusatores.
2680 3063 2785 3118 Sed
2849 3064 3138 3134 profanum
3195 3079 3257 3118 os
3299 3062 3585 3117 dedecoris

299 3147 505 3218 ἐκύρου
537 3148 593 3201 δὲ
618 3149 778 3204 πλέον
807 3148 904 3220 τὴν
933 3149 1118 3204 πίστιν
1143 3150 1208 3205 τὰ
1234 3151 1556 3222 πράγματα.
1593 3151 1746 3216 Πῷςς
1799 3153 1889 3207 Ἐκ

2001 3158 2365 3226 respondebat
2397 3160 2481 3212 his
2516 3158 2676 3227 nugis
2705 3159 2896 3213 dicens
2926 3177 2939 3211 :
2982 3156 3209 3212 Etiamsi
3239 3155 3372 3212 nihil
3406 3155 3582 3217 aliud,

299 3247 398 3314 τῆς
433 3243 544 3296 τῶν
592 3244 1051 3314 ἀπενηνεγμένων
1083 3245 1198 3307 τοῖς
1241 3246 1569 3316 κατηγόροις
1614 3247 1779 3315 τιμῆς
1833 3266 1890 3301 τε

299 3338 400 3395 καὶ
427 3338 730 3410 προκοπῆς.
773 3338 935 3392 ’Δλλά
962 3339 1026 3392 τὸ
1046 3340 1142 3409 τῆς
1170 3337 1432 3410 αἰσχύνης
1464 3339 1679 3409 ἀνίερον
1712 3343 1885 3411 στόμα

299 3435 571 3496 τοιούτοις
583 3434 804 3504 ἀπήντα
817 3435 927 3496 τοῖς
943 3433 1158 3502 φλυαρῆ
1168 3449 1353 3502 μασιν.
1370 3433 1431 3485 Ei
1451 3433 1544 3484 καὶ
1564 3433 1730 3505 μηδὲν
1745 3435 1894 3497 ἄλλο,

300 3530 517 3598 φάσκον
539 3529 694 3594 τέως,
726 3530 783 3582 τδ
813 3529 1131 3594 ἀλαζονικὸν
1169 3530 1418 3584 Ἰωάννου
1443 3529 1676 3601 καθῄρει
1707 3533 1891 3599 αὑτὸν,

301 3623 448 3692 κιθά
483 3623 579 3676 καὶ
608 3625 721 3686 τοίς
756 3623 1128 3694 ὑπερηφάνοις
1160 3625 1547 3680 ἀντιτάσσεται
1575 3626 1802 3698 Κύριος.

372 3719 474 3771 κδ’.
525 3717 778 3772 Ἔπειτα.
805 3718 1005 3787 γράφει
1041 3719 1068 3771 ό
1114 3716 1348 3785 διώκτης
1405 3719 1539 3790 πρὸς
1588 3722 1680 3772 τὸν
1719 3719 1892 3790 μέγαν

318 3811 691 3876 Ἰννοκέντιον,
732 3809 950 3880 Ῥώμης
981 3811 1263 3880 ἀρχιερέα,
1287 3813 1407 3881 τὴν,
1440 3812 1508 3884 ἢν
1531 3813 1692 3877 αὑτρς
1738 3812 1896 3881 ἕδρα-

307 3919 434 3966 σεν,
474 3903 558 3966 εἰς
601 3902 695 3955 τὸν
744 3901 980 3972 ποιμένα
1034 3903 1404 3974 μεταμορφῶν
1457 3906 1549 3958 καὶ
1603 3906 1894 3959 ποικίλλων

310 3993 684 4066 παρανομίαν.
731 3994 893 4048 Ἀλλά
943 3995 1199 4064 θεόφιλος
1233 3997 1433 4066 γράφει
1483 3997 1583 4067 μὲν
1607 4039 1622 4059 .
1659 4015 1893 4066 καταγι-

309 4087 580 4142 νώσκεται
610 4088 695 4154 δὲ,
729 4089 1042 4155 διαγνόντος
1083 4089 1178 4142 τοῦ
1228 4090 1386 4143 πάπα
1431 4090 1618 4159 σαφῶς
1655 4091 1722 4144 τὰ
1758 4092 1898 4145 κατά

306 4180 397 4233 τὸν
447 4181 624 4250 ἅγιον.
680 4174 781 4234 Ὧν
837 4180 899 4234 τὸ
957 4181 1232 4243 πολυειδὲς
1278 4183 1386 4236 τῶν
1435 4184 1887 4253 ἐπιτηδευμάτων

309 4276 684 4343 καταπλαγεὶς
715 4277 743 4328 ό
783 4274 1028 4347 Ῥώμης,
1077 4277 1168 4328 ἐπὶ
1212 4275 1303 4329 τὸν
1353 4275 1488 4328 Θεὸν
1544 4278 1898 4347 καταφεύγει,

307 4369 568 4423 κάκεῖθεν
613 4370 818 4436 ἐξαιτεῖ
842 4370 1072 4440 λυθῆναι
1104 4369 1216 4423 τῶν
1251 4370 1564 4425 σκανδάλων
1610 4372 1679 4425 τὰ
1716 4390 1895 4443 μηχα-

307 4464 549 4532 νήματα.
592 4463 703 4516 Καὶ
737 4463 920 4532 μέντοι
953 4463 1048 4516 καὶ
1074 4462 1343 4533 λαμϐάνει
1375 4464 1472 4535 τὴν
1502 4464 1679 4530 λύσιν,
1714 4467 1808 4518 καὶ
1840 4467 1898 4518 τὸ

309 4559 475 4627 τάχος
511 4558 700 4629 ἡλίκον
730 4557 962 4611 ἐκεῖθεν.
1023 4557 1086 4611 Ἦ
1129 4559 1326 4628 κυνικὴ
1371 4559 1633 4629 Θεοφίλου
1672 4559 1898 4630 ζήτησις

309 4652 405 4703 καὶ
459 4651 708 4704 ἀναίδεια
764 4650 905 4705 κατά
961 4651 1057 4704 τοῦ
1089 4650 1269 4706 ἀθώου
1321 4655 1400 4706 ἔτι
1457 4654 1922 4725 προσανηρεύνα.·

323 4745 602 4799 Ἐντεῦθεν
655 4746 790 4817 πρὸς
838 4746 1010 4818 ὀργὴν
1063 4747 1172 4799 τῶν
1225 4748 1432 4801 πιστῶν
1481 4748 1777 4813 ὲξανάπτει
1828 4753 1897 4805 τὰ

312 4838 491 4908 πλήθη
519 4856 532 4870 ·
564 4839 659 4892 καὶ
690 4841 906 4903 στάσεις
941 4841 1005 4893 ἐκ
1045 4840 1235 4893 τούτου
1271 4841 1484 4912 μυρίαι,
1515 4843 1611 4895 καὶ
1643 4843 1848 4913 πληγαὶ
1874 4888 1888 4909 ,

309 4932 406 5002 καὶ
453 4932 702 5004 διάφοροι
750 4933 1020 4996 κίνδυνοι,
1072 4935 1165 4987 καὶ
1216 4935 1426 5003 γίνεται
1474 4938 1587 4998 τοῖς
1633 4941 1892 5008 πονηροῖς

2001 3261 2058 3304 at
2089 3252 2400 3318 arrogantia
2422 3259 2473 3304 et
2506 3249 3002 3321 superbialoannis
3029 3264 3154 3303 eum
3176 3247 3450 3319 deposuit,
3475 3263 3588 3300 sua:

2001 3345 2222 3399 malitia:
2251 3346 2534 3414 improbus
2573 3353 2844 3399 veterator
2877 3343 3221 3413 Scripturam
3271 3342 3580 3412 applicans,

2011 3455 2204 3508 nempe
2237 3439 2380 3508 quod
2415 3439 2669 3510 superbis
2706 3440 2911 3494 resistit
2943 3437 3230 3493 Dominus.

1936 3537 2275 3608 παρενείρων
2317 3537 2415 3606 τῆς
2465 3535 2662 3598 κακίας
2697 3534 2724 3586 ό
2758 3531 3018 3602 σοφιστὴς
3053 3531 3112 3583 τὸ
3169 3530 3269 3597 τῆς
3335 3528 3584 3598 ι’ραφῆς,

2076 3720 2167 3773 ‘ii.
2205 3716 2410 3771 l'winde
2445 3715 2637 3768 scribit
2671 3719 2992 3782 persecutor
3017 3709 3081 3764 ad
3114 3709 3420 3762 Romanum
3450 3725 3585 3779 pou-

2004 3814 2204 3868 tiiieem
2257 3809 2658 3870 innocentium,
2704 3821 2868 3876 quam
2931 3807 2984 3859 in
3041 3816 3315 3874 pastorem
3383 3803 3589 3857 fecerat.

2011 3907 2354 3975 iniquitatem
2379 3903 2782 3956 transt‘ormans
2814 3909 2867 3955 et
2897 3898 3140 3953 varians.
3182 3897 3286 3952 Sed
3314 3894 3590 3965 Theophi-

2008 4003 2093 4056 lus
2125 3999 2316 4055 scribit
2347 3995 2599 4066 quidem,
2626 3994 3025 4047 condemnatur
3055 3997 3260 4053 autem,
3297 4005 3419 4043 cum
3447 4005 3583 4058 papa

2011 4101 2197 4162 aperte
2233 4106 2319 4144 res
2372 4089 2546 4143 sancti
2581 4092 2956 4156 cognosceret.
3005 4081 3249 4147 Quorum
3295 4079 3477 4134 varios
3523 4096 3586 4132 ac

2005 4185 2334 4254 multiplices
2379 4191 2610 4235 conatus
2674 4177 2882 4232 mirans
2938 4176 3223 4229 Romanus
3271 4174 3584 4243 episcopus,

2012 4278 2076 4330 ad
2120 4275 2286 4329 Deum
2319 4273 2589 4341 confugit,
2628 4280 2680 4325 et
2728 4270 2859 4339 petit
2885 4278 2943 4321 ut
2977 4269 3124 4321 idinc
3155 4267 3439 4320 solvantur
3471 4281 3588 4317 ma«

2004 4369 2350 4425 ebinationcs
2401 4364 2788 4419 oﬂensiouum.
2821 4360 3053 4414 Maxima
3093 4361 3276 4429 itaque
3305 4358 3588 4412 celeritate

2004 4463 2156 4519 illinc
2199 4461 2410 4532 accepit
2439 4460 2794 4515 solutionem.
2833 4457 3042 4511 Canina
3073 4453 3370 4524 Theophili
3410 4451 3589 4522 impu~

2007 4557 2189 4613 (lentia
2258 4556 2438 4608 adhuc
2507 4551 2823 4622 inquirebat
2888 4549 3158 4604 adversus
3209 4549 3583 4602 innocentem.

2005 4648 2143 4703 Hinc
2193 4647 2257 4701 ad
2298 4647 2433 4700 iram
2463 4647 2643 4699 irritat
2681 4644 2920 4697 lidelium
2955 4641 3386 4695 multitudinem.
3420 4640 3584 4692 lunu-

2006 4743 2294 4798 mcrabiles
2325 4759 2389 4796 ex
2438 4757 2502 4794 eo
2535 4742 2810 4794 exsistunt
2869 4737 3168 4791 seditiones
3212 4744 3266 4790 et
3317 4736 3492 4804 plagze
3534 4743 3588 4787 et

2004 4837 2216 4892 diversa
2252 4834 2490 4901 pericula
2510 4874 2522 4898 ,
2548 4846 2597 4886 et
2627 4829 3333 4898 contremiscuntimprobi.
3354 4826 3450 4880 Vir
3485 4828 3584 4879 im~

2011 4933 2134 5002 pius
2160 4930 2450 4984 celerrime
2486 4926 2621 4998 fugit
2653 4926 3062 4988 Alexandriam,
3100 4941 3221 4980 cum
3249 4925 3335 4978 vix
3371 4923 3586 4979 erasis-

308 5024 531 5094 τρόμος.
591 5025 757 5098 Ἀνὴρ
809 5025 1093 5098 δυσσεϐὴς,
1144 5027 1286 5081 κατά
1336 5029 1502 5098 τάχος
1559 5030 1778 5098 φεύγων
1813 5033 1889 5094 εἰς

2013 5037 2097 5082 set
2135 5041 2229 5080 cos
2261 5026 2352 5094 qui
2379 5025 2709 5093 quaesieram
2742 5036 2862 5076 eum
2893 5021 3030 5074 mari
3068 5020 3322 5075 obruere.
3354 5018 3445 5074 Sic
3485 5034 3585 5087 ιιιι-

323 5115 751 5187 ’.ὶλεξάνδρειαη
795 5118 946 5186 μόλις
977 5117 1198 5186 διαδρὰς
1231 5121 1356 5181 τοὺς
1387 5119 1733 5175 θαλασσὼσαι
1767 5121 1898 5175 τοὶ-

310 5226 399 5263 τον
431 5212 811 5283 ζητήσαντας,
865 5213 1052 5274 κακῶς
1081 5213 1182 5282 τῆς
1233 5213 1624 5286 βασιλευούσης
1668 5216 1896 5270 ἀποδια-

313 5306 611 5374 ττομπείται
646 5303 741 5356 σὺν
785 5303 970 5366 αὐτοῖς
1015 5304 1346 5374 κατηγόροις
1381 5305 1476 5358 καὶ
1518 5305 1894 5377 ὁμογνώμοσι.

309 5398 584 5452 Μανθάνει
611 5397 785 5450 ταῦτα
815 5398 967 5466 παρά
997 5397 1088 5450 τοῦ
1134 5397 1350 5469 Ῥώμης
1381 5401 1408 5453 ὁ
1441 5398 1692 5468 βασιλεὺς
1731 5401 1898 5455 Ὀνώ-

314 5493 572 5562 ρ.ος,.καὶ
614 5493 697 5545 ὅτι
729 5491 1078 5562 χαριζόμενοι
1114 5495 1178 5563 τῇ
1217 5493 1445 5564 Εύδοξία
1483 5497 1895 5565 σεσυκοφαντή·

312 5603 437 5640 κτσι
467 5586 556 5639 τὸν
607 5586 881 5655 Ἰωάννην.
917 5586 1024 5638 Καὶ
1068 5587 1369 5657 περίλυπος
1398 5589 1688 5659 γενόμενος
1729 5589 1890 5660 (ἔρως

313 5679 420 5750 γάρ
463 5681 723 5748 ἐγκρατεῖ
762 5678 851 5730 τὸν
903 5677 1129 5748 βασιλέα
1178 5679 1420 5749 θερμὸς,
1473 5683 1565 5733 καὶ
1622 5681 1887 5749 ἐπεθύμει

314 5773 604 5825 θῖάσασθαι
651 5771 743 5824 τὸν
794 5772 1092 5842 ἀρχιερέα)
1143 5773 1346 5840 γράφει
1384 5773 1462 5843 τῷ
1523 5774 1738 5844 ἀδελφῷ
1795 5775 1889 5827 καὶ

314 5864 518 5932 βασιλεῖ
574 5863 1145 5936 ’Δρκαδὶῳ,·νεμεσῶν
1193 5867 1285 5919 καὶ
1325 5866 1761 5938 προσονειδίζων,
1805 5870 1887 5920 ὅτι

312 5958 552 6031 Θεοφίλῳ
603 5958 788 6031 χώραν
837 5959 1126 6033 παρέσχεν,
1164 5957 1220 6012 ὃν
1252 5959 1279 6013 ύ
1295 5961 1358 6015 πο
1391 5961 1569 6015 αἰτίαν
1601 5963 1692 6016 καὶ
1735 5961 1893 6030 δίκην

2013 5129 2096 5174 ter
2122 5118 2532 5184 seandalorttm,
2590 5116 2766 5172 malus
2797 5115 2937 5170 male
2966 5130 3028 5168 ex
3065 5115 3212 5184 regia
3261 5114 3588 5170 amandatur

2009 5229 2134 5268 cum
2179 5212 2314 5282 ipsis
2346 5210 2785 5272 accusatoribus,
2819 5218 2873 5262 ct
2899 5208 2969 5262 iis
3009 5209 3100 5277 qui
3149 5217 3305 5262 erant
3339 5205 3586 5276 ejusdem

2007 5306 2316 5363 sententia.
2355 5303 2476 5358 llaec
2511 5303 2693 5356 Roma:
2738 5302 2910 5356 audiit
2940 5301 3104 5356 etiam
3137 5301 3438 5369 imperator
3477 5300 3584 5352 Ilu-

2009 5390 2225 5460 noritts,
2249 5404 2302 5451 et
2335 5394 2480 5468 quod
2515 5403 2573 5446 ut
2602 5401 2819 5462 gratum
2842 5390 3085 5447 lacerent
3113 5389 3394 5453 Eudoxiae,
3419 5388 3585 5443 Joan-

2013 5502 2137 5542 nem
2172 5493 2302 5540 sunt
2341 5483 2684 5539 calmnniati.
2715 5484 2912 5538 Dolore
2969 5497 3100 5552 ergo
3135 5480 3361 5536 allectus
3391 5482 3585 5549 (valde

2007 5582 2151 5638 enim
2183 5581 2400 5636 amabat
2441 5579 2764 5650 imperator,
2810 5587 2862 5635 et
2893 5578 3147 5648 cupiebat
3180 5577 3366 5631 videre
3409 5579 3586 5647 ponti-

2002 5677 2207 5745 ﬁcem),
2247 5675 2440 5731 scribit
2476 5676 2541 5729 ad
2581 5677 2801 5730 fratrem
2835 5675 3217 5745 imperatorem
3256 5671 3578 5735 Arcadium.

1999 5790 2122 5828 cum
2158 5787 2223 5827 eo
2252 5774 2609 5843 expostulatis
2633 5778 2686 5826 et
2713 5772 3050 5841 exprobrans
3077 5769 3220 5838 quod
3251 5767 3576 5837 Theophila,

2000 5884 2162 5936 quem
2202 5882 2352 5922 reum
2375 5867 2615 5930 tenebat,
2647 5867 2822 5920 locum
2846 5864 3058 5919 dederit
3078 5861 3381 5932 deponendi
3409 5857 3582 5916 Joan-

2000 5977 2148 6030 nem,
2185 5962 2345 6034 idque
2393 5963 2508 6020 sine
2541 5962 2826 6020 Romanis.
2864 5961 2988 6018 ll:.ce
3057 5975 3177 6017 eum
3223 5957 3580 6029 cognovisset
