4108 6306
513 318 621 385 2ἶ9

519 530 780 598 pontiﬁce
815 534 1122 588 revocando
1143 539 1416 606 rogitabat
1457 555 1470 592 :
1502 550 1554 593 et
1578 556 1705 596 ecce
1744 553 1905 598 noctu
1940 549 2088 602 venit

515 632 882 690 terrmiizotus,
928 636 981 680 et
1031 628 1177 681 cadit
1216 645 1341 699 pars
1397 631 1597 688 cubilis
1662 636 2024 704 iinpcratricis
2070 658 2082 692 :

520 712 735 784 fuitque
767 715 871 770 hoc
927 717 1098 788 (nam
1167 735 1288 790 quae
1345 721 1782 779 intercesserunt
1836 726 2088 784 lubenter

513 808 906 881 prmtermitto)
944 825 1111 865 causa
1146 816 1540 872 revocationis.
1589 817 1802 872 Rursus
1835 834 1962 891 ergo
1989 837 2086 891 pa-

511 905 629 952 stor
665 899 842 957 bonus
890 902 1132 973 (oportet
1183 907 1328 960 enim
1380 909 1570 977 paucis
1622 909 1841 982 dicere)
1893 914 2087 985 recipit

509 1006 752 1062 gregem,
813 1010 936 1048 cum
975 995 1277 1068 imperator
1328 999 1486 1071 longe
1540 1003 1883 1070 splendidius
1923 1021 2085 1076 quam

509 1085 666 1153 prius
693 1086 743 1140 ei
767 1089 1135 1157 processisset
1165 1093 1380 1149 obviam
1417 1115 1429 1149 :
1458 1104 1508 1150 et
1551 1096 1639 1151 ille
1674 1098 1896 1168 quidem
1933 1102 2086 1171 prius

510 1179 874 1236 contenderet
930 1191 987 1236 ut
1035 1196 1123 1239 res
1180 1198 1294 1241 suae
1346 1190 1792 1244 exanimarentur
1839 1210 1852 1247 :
1895 1207 2086 1250 omnes

506 1285 638 1326 vero
661 1273 819 1345 plane
849 1275 1082 1334 violenta
1110 1279 1235 1335 ﬁdei
1275 1283 1516 1337 motione
1539 1299 1667 1339 eum
1701 1285 2082 1352 adduxissent,

507 1361 562 1414 in
597 1367 724 1418 sede
751 1365 1143 1435 collocassent,
1189 1381 1242 1426 et
1278 1381 1336 1426 ut
1381 1390 1567 1442 pacem
1625 1388 1813 1445 ageret
1867 1379 2084 1436 eti‘ecis-

505 1467 647 1512 sent.
691 1455 820 1515 Haec
851 1475 1080 1517 suorum
1116 1479 1400 1521 servorum
1437 1466 1603 1531 Deus,
1638 1471 1727 1540 qui
1758 1473 1964 1526 resistit
1991 1491 2082 1527 su-

503 1549 697 1616 perbis,
741 1561 791 1605 et
823 1554 1312 1617 humilibus,reddit
1341 1560 1572 1630 gratiam
1601 1563 1667 1615 ’³.
1723 1560 1862 1618 llinc
1907 1565 2081 1630 adest,

504 1660 628 1710 qua:
647 1646 1024 1718 hospitalitate
1039 1660 1094 1706 ct
1117 1656 1484 1723 temperantia
1510 1655 1834 1725 (scientibus
1860 1656 2082 1730 loquor)

506 1735 702 1793 Saram
762 1746 821 1794 et
863 1738 1172 1799 Susaunam
1223 1746 1485 1816 exprimit
1534 1746 1836 1820 Olympias.
1883 1748 2081 1808 Paucis

1773 336 1968 397 LEON
1979 340 2047 400 IS
2096 342 2222 402 PHl
2239 347 2552 413 LOSOPHI

519 437 816 505 imperator
848 438 1137 507 Arcadius,
1174 457 1368 514 magna
1400 443 1596 501 ductus
1630 449 1971 517 poenitentia,
2021 453 2082 508 de

2192 455 2327 528 εἶχε,
2357 465 2730 537 καθῃρηκέναι
2765 473 2856 525 τὸν

2897 474 3170 548 Ἰωάννην,
3198 479 3291 533 καὶ
3315 482 3485 537 ταῦτα
3513 485 3634 556 δίχα
3663 490 3782 542 τῶν

2196 546 2305 647 ἀπὸ
2367 549 2602 647 Ῥωμης.
2657 557 2842 615 Ταῦτα
2876 546 3126 630 διαγνοὺς
3161 571 3192 621 ό
3245 569 3503 639 βασιλεὺς
3567 546 3780 647 ζλρκά-

2194 637 2325 704 διος,
2375 643 2543 700 πολλά
2594 665 2654 701 τε
2695 656 3076 722 μετεγνωκὼς,
3128 661 3478 720 διεσκέπτετο
3512 670 3641 739 περὶ
3673 673 3780 742 τῆς

2193 731 2546 830 ἀνακλήσεως
2575 741 2668 795 τοῦ
2705 745 3026 816 ἀρχιερέως.
3067 749 3176 805 Καὶ
3210 755 3318 808 ίδοὺ
3348 731 3777 830 σεισμδςοιαιτλζ

2194 820 2460 887 λαμϐάνει
2487 830 2699 898 νυκτὸς,
2727 837 2817 887 καὶ
2847 838 3031 892 πίπτει
3069 842 3233 914 μέρος
3262 848 3354 900 τοῦ
3387 849 3642 914 κοιτῶνος
3671 852 3780 922 τῆς

2197 913 2534 992 βασιλίσσης.
2595 925 2702 979 Καὶ
2753 929 2911 984 τοῦτο
2951 913 3303 1006 γίνεται(τά
3353 941 3463 1013 γὰρ
3508 945 3566 996 ἐν
3619 913 3778 1016 μέσίμ

2195 1010 2544 1103 παρέδραμον
2586 1018 2822 1090 έκὼν)ή
2864 1026 3011 1078 αἰτία
3057 1031 3155 1098 τῆς
3186 1010 3556 1103 ἀνακλήσεως.
3602 1010 3777 1091 Πάλιν

2192 1099 2285 1157 οὗν
2322 1107 2351 1158 ό
2398 1107 2602 1181 ποιμὴν
2628 1115 2656 1166 ὁ
2705 1114 2867 1179 καλὸς
2902 1118 3020 1189 (δεῖ
3065 1125 3172 1192 γὰρ
3224 1099 3507 1195 συντόμως
3553 1130 3772 1199 εἰπεῖν)

2193 1198 2566 1271 ἀπολαμϐάνει
2599 1207 2660 1259 τὸ
2708 1210 2976 1278 ποίμνιον,
3011 1214 3103 1266 τοῦ
3146 1214 3412 1285 βασιλέως
3442 1221 3590 1292 αὐτῷ
3630 1223 3774 1293 λαμ-

2194 1295 2465 1363 προτέραν
2494 1299 2592 1367 τὴν
2619 1301 2924 1373 ἀπάντησιν
2956 1306 3090 1361 πολὺ
3114 1307 3214 1377 τῆς
3242 1311 3515 1381 προτέρας
3539 1332 3774 1385 πεποιη-

2193 1381 2351 1446 κότος
2372 1401 2387 1415 ο
2424 1386 2634 1441 ἐκείνου
2671 1391 2772 1458 μὲν
2804 1393 3066 1466 πρότερον
3096 1397 3161 1451 τὰ
3199 1399 3322 1453 καθ’
3356 1401 3548 1463 ἑαυτὸν
3586 1381 3778 1469 ἐξετα-

2193 1473 2384 1544 σθῆναι
2437 1477 2940 1554 διισχυριζομένου,
2983 1489 3200 1544 πάντων
3231 1490 3286 1544 δὲ
3338 1492 3497 1564 βιαίῳ
3532 1496 3773 1562 πίστεως

2194 1566 2365 1631 ὅντως
2447 1572 2709 1643 κινήματι
2756 1581 3248 1669 προσαγαγόντωχ,
3301 1584 3772 1655 ἐνθρονισάντων,

2190 1662 2286 1715 καὶ
2349 1663 2663 1736 εἰρηνεῦσαι
2717 1671 3062 1738 ποιησάντων
3109 1662 3294 1730 αὐτόν.
3345 1677 3534 1731 Ταῦτα
3579 1682 3608 1734 ό
3656 1679 3779 1735 τῶν

2193 1751 2387 1809 ἑαυτοῦ
2429 1756 2775 1828 θεραπόντων
2801 1762 2953 1828 Θεὸς,
2987 1769 3020 1820 ό
3058 1766 3634 1840 τοῖςζύπερηφὰνοις
3659 1773 3775 1827 άν-

506 1838 686 1884 autem
725 1847 845 1887 eam
879 1848 1101 1904 quoque
1139 1836 1379 1894 declaret
1415 1842 1619 1907 oratio,
1658 1859 1779 1913 quae
1826 1847 2079 1916 volupta-

2186 1851 2598 1920 τιταττόμενος
2620 1893 2636 1918 ,
2676 1856 2710 1908 ό
2742 1855 2867 1921 τοῖς
2894 1860 3199 1926 ταπεινοῖς
3243 1836 3622 1931 ἀντιμετεριῦνῂ
3651 1865 3774 1933 τὴν

503 1929 615 1976 tem
664 1925 829 1980 simul
873 1935 927 1982 et
960 1928 1397 1986 adhortationem
1439 1933 1505 1988 ad
1559 1935 1820 1991 virtutem
1880 1941 2084 2008 praebet

502 2015 594 2079 iis,
643 2017 739 2087 qui
787 2017 1016 2075 laudant
1054 2037 1114 2077 ea
1152 2039 1274 2093 qua:
1314 2034 1445 2080 sunt
1480 2027 1734 2082 honesta.
1795 2029 2079 2102 Olympias

499 2115 644 2174 erat,
675 2125 801 2181 qua:
840 2115 1229 2183 temperantia,
1265 2116 1666 2187 hospitalitate,
1711 2121 1967 2178 doctrina
2000 2124 2085 2179 di-

502 2201 881 2271 sciplinarum,
910 2219 1020 2261 non
1057 2208 1240 2264 minus
1263 2221 1374 2264 erat
1407 2211 1579 2276 clara,
1603 2229 1765 2284 quam
1792 2215 2083 2288 splendore

501 2295 742 2365 generis,
775 2311 942 2369 opum
971 2311 1025 2355 et
1057 2302 1508 2371 pulchritudinis,
1560 2316 1781 2375 prepter
1826 2324 1946 2378 quae
1983 2323 2080 2363 an-

502 2387 784 2444 tecedebat
813 2393 1071 2449 omnibus
1127 2412 1253 2466 quae
1294 2407 1423 2453 tunc
1468 2409 1643 2460 erant.
1695 2398 1819 2456 llaec
1885 2404 2082 2458 marito

500 2481 721 2549 quidem
756 2481 862 2539 fuit
896 2485 1190 2557 conjuncta
1224 2489 1488 2561 legitime,
1525 2509 1632 2548 non
1658 2504 1742 2549 est
1771 2505 1950 2550 autem
1986 2512 2082 2551 ex-

501 2585 679 2645 perta,
710 2585 767 2632 ut
795 2595 917 2650 quae
949 2595 1076 2636 cum
1114 2599 1179 2638 eo
1209 2600 1400 2655 parum
1435 2585 1657 2644 vixerit.
1685 2586 1816 2643 Eant
1848 2590 2082 2660 impera-

501 2677 588 2723 tor
621 2673 966 2732 Theodosius
999 2675 1050 2731 vi
1079 2689 1269 2748 postea
1312 2679 1584 2746 trahebat,
1616 2689 1677 2736 ut
1705 2683 1933 2739 nuberet
1961 2684 2078 2740 cui-

498 2764 624 2818 dam
664 2775 898 2838 cognato
940 2784 1062 2838 suo,
1117 2787 1221 2828 non
1258 2773 1478 2843 quidem
1529 2773 1940 2843 dedignantem,
1984 2775 2080 2832 sed

501 2869 695 2914 contra
727 2877 790 2915 ea
835 2879 959 2934 qua:
1008 2877 1108 2935 par
1160 2876 1303 2928 erat.
1357 2867 1790 2938 signiﬁcantem.
1855 2871 2080 2926 Dicebat

500 2956 649 3009 enim
683 2975 694 3011 :
730 2954 786 3012 Si
816 2973 914 3013 rex
958 2974 1113 3015 meus
1148 2959 1402 3018 Christus
1463 2963 1732 3019 voluisset
1779 2980 1865 3020 me
1896 2965 2079 3020 vivere

500 3064 626 3103 cum
677 3051 897 3116 tnarito,
939 3050 1174 3122 primum
1209 3053 1440 3109 omnino
1490 3071 1598 3110 non
1638 3055 1978 3112 abstulisset.
2017 3057 2081 3112 Et

504 3140 637 3211 quid
665 3156 805 3213 opus
832 3153 916 3199 est
939 3145 1246 3200 orationem
1283 3148 1600 3216 extendere,
1636 3164 1762 3222 quae
1797 3153 2079 3206 contendit

499 3234 570 3290 ad
616 3250 704 3302 ea,
739 3252 864 3306 quae
896 3235 1157 3310 deinceps
1193 3250 1523 3311 sequuntur,
1576 3244 1895 3313 exponenda
1933 3245 2078 3301 ill'us

499 3325 667 3379 verba
704 3325 1010 3396 sapientia?
1046 3325 1109 3384 Ei
1149 3329 1294 3384 enim
1329 3330 1424 3403 qui
1461 3332 1626 3403 sapit,
1671 3333 1801 3388 licet
1843 3349 1906 3389 ex
1959 3334 2081 3388 ﬁm-

499 3415 640 3479 bria,
684 3425 744 3471 ut
786 3418 954 3474 estin
986 3420 1298 3490 proverbio,
1344 3421 1400 3478 id
1439 3424 1586 3495 quod
1631 3431 1716 3479 est
1765 3431 2078 3480 contextum

499 3505 831 3578 intelligere.
853 3504 1017 3566 Iussu
1033 3524 1166 3584 ergo
1189 3513 1537 3584 imperatoris
1559 3515 1884 3572 auferuntur
1912 3517 1960 3572 ei
1998 3517 2077 3571 la-

500 3599 754 3667 cultates,
783 3601 955 3672 gratia
993 3604 1279 3660 custodite.
1305 3605 1397 3662 Illa
1421 3617 1603 3664 autem
1624 3623 1691 3664 ea
1717 3625 1775 3665 re
1806 3609 1964 3664 valde
1990 3617 2083 3665 est

502 3692 704 3756 laetata,
719 3705 773 3748 et
792 3695 995 3750 dictum
1017 3700 1234 3768 protuiit
1257 3699 1571 3772 imperatori
1591 3701 1737 3772 quod
1755 3702 1978 3772 dignum
1995 3710 2084 3757 est

499 3787 645 3856 quod
662 3785 927 3843 habeatur
947 3789 1000 3843 in
1015 3789 1379 3847 admiratione
1397 3802 1453 3848 et
1477 3793 1766 3848 mandetur
1785 3795 2080 3849 memoriae.

499 3877 650 3934 Dixit
667 3883 810 3934 enim
829 3899 843 3936 :
861 3880 942 3937 Ne
953 3899 1014 3938 ea
1031 3885 1435 3954 custodiantur,
1449 3901 1483 3941 ο
1498 3885 1818 3957 imperator,
1833 3889 1927 3943 sed
1949 3887 2084 3942 den-

505 3979 594 4026 tur
613 3973 797 4042 potius
818 3977 1173 4046 pauperibus.
1194 3975 1313 4035 .lam
1333 3979 1463 4034 olim
1481 3980 1625 4035 enim
1645 3979 1934 4051 deprecor,
1962 3995 2083 4052 quae

501 4079 565 4143 ex
587 4067 688 4122 hac
709 4067 1098 4126 distributione
1121 4073 1354 4136 accedit,
1387 4089 1581 4128 vanam
1610 4073 1859 4145 gloriam.
1883 4071 2081 4128 Statim

502 4177 635 4233 ergo
657 4163 872 4220 Iactatus
900 4163 1477 4234 l‘uititnpcrator,cum
1498 4165 1611 4221 haec
1651 4166 1918 4232 audisset,
1939 4175 1994 4222 et
2030 4168 2081 4222 ei

502 4271 597 4312 sua
623 4275 814 4316 rursus
831 4260 1028 4317 reddit.
1054 4260 1147 4316 llla
1175 4271 1358 4318 autem
1388 4278 1512 4318 cum
1529 4277 1593 4318 ea
1617 4263 1941 4333 accepisset,
1964 4262 2084 4333 pul-

502 4354 775 4410 cherrime
805 4355 1024 4426 quidem
1050 4355 1476 4423 administravit,
1511 4371 1678 4428 seque
1716 4357 1872 4412 exuit
1897 4371 1961 4410 ac
1991 4372 2085 4429 pa-

503 4448 647 4501 ravit
680 4449 744 4503 ad
779 4450 1263 4515 exercitationem,
1305 4461 1358 4505 et
1422 4451 1588 4521 paulo
1615 4457 1740 4519 post
1769 4448 2003 4503 refertur
2027 4449 2082 4503 in

2183 1941 2380 2012 χάριν.
2430 1943 2711 1999 Ἐντεῦθεν
2741 1949 2774 2017 ὴ
2818 1948 2896 2020 τῷ
2948 1950 3212 2024 φιλοξένῳ
3253 1956 3347 2008 καὶ
3383 1955 3619 2028 σώφρονι
3665 1960 3774 2031 τὴν

2185 2033 2403 2106 Σάρραν
2442 2035 2536 2089 καὶ
2563 2037 2850 2095 Σωσάνναν
2896 2043 3198 2114 Ὀλυμπιὰς
3227 2047 3426 2117 (εἰδόσι
3452 2047 3594 2118 λέγω
3620 2051 3637 2118 )
3661 2068 3770 2121 χα-

2189 2126 2613 2200 ρακτηρίζουσα,
2664 2133 2982 2204 παρίστησι.
3016 2136 3268 2207 Δηλούτω
3299 2139 3355 2193 δὲ
3386 2140 3473 2194 διά
3517 2141 3771 2214 βραχέων

2185 2222 2282 2274 καὶ
2307 2222 2510 2293 ταύτην
2545 2226 2572 2277 ὁ
2596 2225 2773 2294 λόγος,
2807 2228 3000 2300 ἡδονὴν
3033 2229 3150 2300 ἅμα
3179 2231 3273 2285 καὶ
3302 2234 3651 2305 παράκλησιν
3685 2239 3771 2300 είς

2182 2317 2386 2388 ἀρετὴν
2411 2321 2521 2383 τοῖς
2548 2319 2830 2374 ἐπαινοῦσι
2856 2321 2924 2374 τὰ
2955 2323 3098 2376 καλά
3128 2326 3520 2396 παρεχόμενος.
3568 2328 3770 2400 Ὀλυμ-

2183 2408 2334 2472 πιάς,
2360 2411 2425 2480 ἢν
2458 2410 2910 2481 ὑπερωραίουσαν
2941 2415 3042 2483 τῆς
3068 2416 3446 2488 σωφροσύνης,
3487 2419 3588 2490 τῆς
3617 2421 3770 2488 φιλο-

2184 2501 2498 2569 ξενίας,κα)⁸
2530 2503 2631 2574 τῆς
2661 2505 2911 2569 παιδείας
2938 2507 3047 2559 τῶν
3085 2509 3428 2580 μαθημάτων
3465 2513 3562 2584 οὐχ
3599 2511 3771 2587 ἦττον

2182 2598 2240 2651 αἱ
2286 2597 2649 2660 πολυτέλειαι,
2686 2598 2719 2670 ἢ
2766 2599 2861 2655 τοῦ
2913 2599 3105 2669 γένους
3153 2603 3373 2659 καὶτοῦ
3411 2605 3644 2661 πλούτου
3672 2614 3769 2661 καὶ

2181 2688 2283 2758 τῆς
2326 2688 2512 2760 ὧρας,
2540 2690 2589 2744 δι
2640 2683 2716 2744 ὧν
2762 2691 3018 2746 ἀπάντων
3066 2695 3172 2750 τῶν
3207 2698 3508 2767 τηνικαῦτα
3542 2699 3769 2772 ἐκράτει

2182 2783 2251 2836 τὰ
2281 2783 2644 2855 διαφέροντα·
2683 2785 2820 2855 αῦτη
2875 2785 3210 2860 ωνεζεύχθη
3247 2791 3348 2862 μὲν
3386 2793 3634 2864 νομίμως
3666 2794 3770 2848 ἀνα

2184 2875 2290 2944 δρὶ,
2343 2877 2404 2929 οὑ
2438 2879 2770 2945 πεπείραται
2813 2880 2869 2933 δὲ
2933 2882 3133 2951 μικρὸν
3179 2881 3329 2953 αύτῷ
3380 2884 3768 2960 συμϐιώσασα.

2185 2965 2404 3036 Ταύτην
2431 2969 2460 3020 ὁ
2493 2967 2745 3038 βασιλεὺς
2777 2971 3059 3036 Θεοδόσιος
3089 2974 3183 3026 ἐπί
3209 2991 3315 3028 τινι
3343 2978 3596 3044 συγγενεῖ
3625 2977 3767 3049 μετά

2181 3059 2357 3112 ταῦτα
2407 3061 2781 3133 βεϐιασμένως
2817 3066 2953 3135 πρὸς
3001 3067 3182 3135 γάμον
3226 3062 3450 3136 εἷλκεν,
3496 3070 3599 3123 οὐκ
3656 3071 3766 3125 ἀπ-

2108 3196 2148 3252 C
2184 3153 2459 3220 αξιοῦσαν,
2499 3155 2615 3209 ἀλλ’
2647 3157 3034 3229 ἀντιδηλοῦσαν
3061 3160 3129 3212 τὰ
3163 3160 3353 3216 δέοντα
3375 3201 3392 3227 ,
3419 3162 3493 3226 ὡς
3529 3163 3702 3236 Εἴπερ
3737 3167 3768 3219 ὁ

2184 3245 2317 3316 ἐμὸς
2349 3246 2604 3316 βασιλεὺς
2633 3249 2890 3304 ἐϐούλετό
2927 3269 2994 3323 με
3024 3253 3183 3325 ἀνδρὶ
3216 3254 3515 3324 συμϐιοῦν,
3548 3258 3768 3323 πάντως

2182 3338 2283 3392 οὐκ
2327 3340 2394 3393 ἂν
2438 3341 2528 3399 τὸν
2562 3341 2782 3412 πρῶτον
2830 3344 3127 3416 ἐλάμϐανε.
3162 3347 3270 3400 Καὶ
3304 3347 3358 3401 τί
3389 3348 3470 3402 δεῖ
3517 3349 3655 3422 πρὸς
3697 3351 3769 3405 τὰ

2183 3433 2312 3504 ἑξῆς
2344 3434 2451 3488 τῶν
2481 3435 2698 3504 ἐκείνης
2729 3436 2909 3507 σοφῶν
2948 3432 3232 3509 ῥημάτων,
3264 3440 3358 3495 τοῦ
3403 3441 3565 3510 λόγου
3595 3441 3768 3498 σπεύο

2182 3529 2387 3594 δοντος,
2434 3529 2914 3600 ὲμπλατύνεσθαι;
2950 3528 3028 3604 τῷ
3068 3533 3180 3607 γὰρ
3219 3535 3447 3606 νήφοντι
3478 3540 3769 3593 κατανοεῖν

2184 3620 2331 3673 ἔστιν
2364 3621 2426 3674 ἐκ
2477 3622 2572 3675 τοῦ
2624 3621 2964 3693 κρασπέδου,
3009 3626 3153 3680 κατά
3183 3626 3282 3698 τὴν
3331 3629 3655 3700 παροιμίαν,
3705 3631 3770 3684 τὸ

2185 3708 2431 3781 ὕφασμα.
2467 3713 2857 3785 Προστάγματι
2895 3715 2992 3768 τοῦ
3024 3713 3287 3786 βασιλέως
3319 3720 3632 3790 ἀφαιρεῖται
3658 3719 3770 3772 τῶν

2185 3802 2559 3874 ὑπαρχόντων,
2589 3804 2836 3875 φυλακῆς
2867 3805 3047 3881 χάριν.
3096 3806 3160 3860 Ἦ
3189 3807 3246 3862 δὲ
3277 3806 3475 3880 μᾶλλον
3510 3809 3651 3881 ἥσθη
3689 3811 3772 3882 τῷ

2183 3898 2492 3968 πράγματι,
2525 3899 2620 3952 καὶ
2646 3899 2798 3969 δηλοῖ
2825 3899 2904 3971 τῷ
2928 3900 3142 3972 βασιλεί
3170 3903 3328 3974 ῥῆσιν
3361 3903 3640 3975 θαύματος
3672 3905 3772 3959 καὶ

2187 3990 2407 4062 μνήμης
2441 3990 2640 4057 ἀξίαν..
3273 4004 3275 4006 ’

2324 4085 2552 4140 Λείπει.

2381 4176 2558 4244 Εὐθὺς
2594 4175 2689 4235 οὗν
2737 4180 2883 4253 ἥσθη
2933 4183 2963 4235 δ
3009 4181 3286 4253 βασιλεὺς,
3335 4183 3431 4239 καὶ
3474 4182 3768 4242 ἀποδίδωσι

2185 4269 2351 4325 πάλιν
2374 4269 2442 4324 τά
2472 4271 2692 4342 ἑαυτῆς.
2743 4272 2809 4326 Ἡ
2839 4273 2897 4326 δὲ
2927 4272 3192 4338 λαϐοῦσα,
3227 4273 3401 4330 ταῦτα
3432 4273 3534 4348 μὲν
3562 4277 3771 4348 ᾠκονό-

2188 4381 2366 4436 μησεν
2389 4366 2471 4419 ὅτι
2498 4365 2754 4434 μάλιστα,
2785 4366 2881 4421 καὶ
2910 4368 3043 4438 πρὸς
3068 4367 3166 4440 τὴν
3192 4370 3429 4438 ἄσκησιν
3449 4370 3770 4438 ἀποδύεται,

2185 4459 2279 4514 καὶ
2308 4460 2425 4529 μετ’
2456 4459 2660 4529 ὀλίγον,
2690 4463 2810 4524 ταῖς
2831 4461 3103 4527 διακόνοις
3131 4466 3228 4534 τῆς
3245 4462 3576 4532 Ἑκκλησίας
3601 4468 3770 4535 ἐγκαο

503 4557 794 4597 numerum
835 4544 1277 4600 diacouissarnm
1309 4544 1585 4600 Ecclesiae.
1618 4543 1723 4598 Sed
1756 4560 1824 4598 ne
1849 4545 1930 4599 sic
1960 4544 2077 4633 qni—

2186 4550 2496 4620 ταλέγεται.
2553 4551 2698 4607 Ἀλλ’
2746 4553 2869 4608 οὐδὲ
2921 4553 3060 4625 αῦτη
3114 4555 3222 4609 τῶν
3268 4556 3530 4628 Θεοφίλου
3579 4558 3772 4616 δεινῶν

501 4633 623 4688 dem
657 4636 832 4704 potuit
855 4636 1087 4690 evadere
1113 4637 1301 4708 gravia
1343 4635 1482 4691 retia
1508 4633 1823 4706 Theophili,
1859 4652 1982 4690 cum
2012 4639 2079 4690 il-

504 4725 610 4780 lius
645 4725 1066 4796 hospitalitatem
1106 4726 1420 4798 ignominiae
1468 4728 1753 4782 materiam
1808 4728 2084 4797 acceperit

504 4819 612 4874 iste
652 4821 760 4874 Deo
792 4820 1024 4874 invisus.
1062 4820 1179 4890 ipsa
1227 4831 1350 4892 post
1405 4823 1607 4878 multos
1641 4838 1828 4878 curam
1865 4837 2086 4892 quoque

504 4914 679 4982 gessit
707 4912 972 4976 Nectarii,
1007 4923 1064 4966 ut
1108 4929 1229 4986 qua:
1267 4915 1384 4970 suis
1431 4915 1708 4979 manibus,
1752 4916 1973 4985 quando
2016 4915 2084 4968 ad

507 5005 676 5061 Deum
705 5006 963 5074 excessit,
994 5007 1118 5078 ejus
1145 5008 1281 5064 texit
1311 5010 1524 5064 oculos.
1561 5007 1681 5079 ipsa
1720 5023 1938 5080 quoque
1971 5007 2067 5061 ho-

504 5100 672 5170 spitio
702 5115 959 5172 magnum
998 5102 1301 5173 accipiebat
1327 5102 1804 5172 Chrysostomum,
1833 5101 1882 5156 ei
1915 5101 2083 5157 libum

507 5191 800 5258 exhibens,
835 5201 1121 5264 propterea
1150 5194 1297 5266 quod
1328 5210 1437 5251 non
1473 5203 1660 5268 posset
1711 5194 1872 5250 avelli
1897 5210 1928 5247 a
1964 5203 2084 5249 stu-

510 5289 656 5356 diis;
692 5290 917 5360 ipseque
944 5305 1066 5345 eam
1102 5292 1157 5344 in
1205 5293 1449 5347 secundo
1492 5308 1592 5348 suo
1631 5291 1837 5345 exsilio
1869 5289 2088 5344 duobus

506 5384 760 5454 epistolis
793 5391 876 5438 est
915 5395 1258 5454 prosecutus.
1301 5381 1406 5439 Sed
1437 5385 1550 5441 lucc
1581 5385 1800 5455 quidem
1846 5395 2033 5455 postea
2070 5401 2084 5438 :

510 5477 694 5532 veniat
729 5484 912 5539 autem
974 5474 1152 5534 oratio
1203 5478 1271 5532 ad
1338 5479 1414 5544 id,
1477 5478 1624 5550 quod
1684 5486 1768 5534 est
1828 5476 2078 5549 preposi-

512 5582 650 5630 tum.

583 5669 673 5726 25.
701 5666 832 5725 Post
847 5668 1121 5742 pontiﬁcis
1146 5664 1704 5724 secundantiusedem
1734 5681 1889 5721 suam
1920 5664 2082 5719 resti-

512 5766 797 5829 tutionem,
817 5777 941 5819 cum
969 5778 1078 5818 non
1093 5762 1320 5818 multum
1339 5759 1784 5832 przrtcrlluxisset
1806 5758 2092 5831 temporis,

587 5973 633 6006 ’⁵
663 5971 852 6032 lI’etr.
884 5989 935 6039 ν,
973 5973 1026 6029 5.

2184 4644 2406 4716 ἀρκύων
2437 4647 2740 4718 ἀμέτοχος,
2793 4648 2892 4718 τὴν
2949 4649 3165 4720 ἐκείνης
3233 4649 3573 4720 φιλοξενίαν,
3633 4653 3771 4726 ὕλην

2184 4740 2410 4809 ἀτιμίας
2458 4740 2553 4794 τοῦ
2605 4741 2895 4812 θεομισοῦς
2949 4744 3252 4815 εἰληφότος.
3307 4745 3460 4818 Αῦτη
3515 4749 3655 4817 μετά
3706 4764 3774 4818 γε

2187 4832 2417 4896 πολλοὺς
2446 4833 2741 4906 θεραπεύει
2772 4836 3076 4906 Νεκτάριον
3106 4840 3296 4908 χερσὶν
3322 4840 3573 4905 οἰκείαις.
3610 4841 3772 4910 ἡνίκα

2188 4926 2327 4996 πρὸς
2356 4925 2486 4979 Θεὸν
2520 4926 2807 4999 ἐξεδὴμει,
2849 4927 2917 4982 τά
2946 4927 3138 4983 τούτου
3183 4928 3472 4998 καλύψασα
3521 4932 3770 5002 ὄμματα.

2187 5018 2336 5091 Αὕτη
2389 5020 2483 5074 καὶ
2530 5021 2624 5074 τὸν
2682 5020 2855 5092 μέγαν
2913 5021 3110 5088 ξενίζει
3148 5024 3565 5095 Χρυσόστομον,
3622 5025 3778 5103 μάζῃ

2185 5112 2503 5183 δεξιουμένη
2551 5113 2638 5168 διά
2668 5113 2727 5166 τὸ
2758 5114 2926 5169 αὐτοῦ
2957 5116 3402 5187 ἀπερίσπαστον
3440 5118 3535 5171 καὶ
3568 5119 3780 5191 ταύτην

2186 5209 2246 5261 ἐν
2279 5211 2345 5279 τῇ
2373 5207 2600 5279 δευτέρᾳ
2646 5206 2813 5262 αύτοῦ
2848 5207 3035 5281 ἐξορία
3082 5210 3392 5272 ἐπιστολαῖς
3445 5211 3597 5264 δυσὶν
3643 5211 3775 5264 ἀντ-

2187 5298 2532 5366 εδεξιὼσατο.
2594 5298 2754 5362 Ἀλλά
2785 5297 2961 5355 ταῦτά
3008 5317 3100 5369 μοι
3155 5298 3380 5372 ὕστερον
3406 5316 3420 5330 ·
3453 5301 3482 5354 ὁ
3529 5299 3587 5353 δὲ
3616 5299 3778 5370 λόγος

2187 5393 2402 5447 είσιέτω
2433 5392 2568 5464 πρὸς
2595 5392 2655 5446 τὸ
2688 5390 3070 5465 προκείμενον.

2268 5675 2370 5724 κε’.
2402 5665 2555 5724 Μετά
2588 5665 2686 5738 τὴν
2710 5668 2790 5732 εἰς
2822 5667 2912 5721 τὸν
2951 5667 3142 5740 θρόνον
3172 5667 3432 5740 δευτέραν
3480 5665 3774 5722 ἀποκατά-

2210 5776 2398 5817 στασιν
2430 5758 2521 5815 τοῦ
2551 5760 2878 5834 ἀρχιερέως,
2927 5758 3126 5833 μικροῦ
3154 5759 3505 5832 atumem;
3529 5761 3588 5815 ἐν
3620 5759 3775 5832 μέσῳ
