4108 6306
298 347 391 414 231
931 350 1220 416 ORATIO
1259 351 1480 416 XVIII.
1513 380 1582 391 —
1607 355 1992 419 LAUDATIO
2012 358 2071 420 S.
2107 359 2355 423 IOANN
2362 362 2433 423 IS
2468 360 2885 432 CHRYSOST.

3459 379 3566 444 232

299 470 506 539 χρόνον,
543 467 864 539 συνεισῆλθέ
901 487 952 524 τι
986 469 1094 524 τῶν
1125 471 1441 541 ἀναγκαίως
1475 473 1743 544 δεομένων
1773 476 1863 547 τῆς

1979 477 2170 533 incidit
2199 479 2428 551 aliquid,
2460 483 2606 549 quod
2647 487 2961 542 necessario
3004 505 3143 561 opus
3177 494 3412 553 habebat
3447 515 3571 556 cer-

295 561 666 632 διορθώσιωςο
706 564 800 616 καί
833 563 942 617 τῶν
971 565 1187 618 οἰκείων
1222 566 1400 637 εἴχετο
1432 569 1574 622 κατὰ
1623 570 1820 640 κράτος
1845 571 1876 623 ό

296 656 398 709 τῶν
426 657 684 710 τοιούτων
708 656 1030 730 διορθωτὴς,
1061 661 1156 712 καὶ
1182 659 1340 724 αὖθις
1371 662 1403 733 ἡ
1441 661 1655 732 βασιλὶς
1685 663 1754 716 δι’
1775 663 1873 734 ὀρ-

295 750 392 819 γῆς
427 750 670 820 σφοδρᾶς
708 751 788 820 τῷ
813 752 1034 820 ποιμένι
1083 753 1402 807 καθίστατο.
1461 755 1527 808 Et
1583 773 1668 819 τις
1718 756 1872 827 ὑμῶν

293 839 396 898 οἶδε
420 843 512 898 τὸν
540 846 820 915 ἀργυροῦν
843 845 1158 918 ἀνδριάντα,
1188 847 1282 900 καὶ
1311 847 1411 912 τὰς
1440 848 1714 919 δημώδεις
1749 851 1872 904 ἐκεῖ

293 939 529 1002 παιδιὰς,
563 938 778 992 καὶτοῦ
808 939 950 993 θείου
981 941 1147 1011 δόμου
1208 943 1302 995 τὸν
1331 943 1579 1014 θόρυὸον,
1614 946 1709 998 καί⁵
1762 945 1866 1016 τὴν

292 1031 585 1101 ἀκοσμίαν,
619 1029 759 1085 οἶδεν
795 1032 823 1085 ὃ
848 1033 1014 1100 λέγω.
1056 1033 1224 1087 Πάλιν
1256 1034 1349 1088 οὖν
1378 1035 1591 1104 ἀγῶνες
1619 1035 1678 1100 ἐξ
1716 1036 1870 1105 ἀγώ-

292 1145 416 1192 νων,
458 1128 558 1180 καὶ
616 1117 1026 1183 σύνοδοι’κατὰ
1079 1128 1174 1182 τοῦ
1229 1129 1554 1202 ἀρχιερέως.
1606 1131 1870 1186 Γινώσκει

289 1220 458 1274 ταῦτα
496 1224 526 1274 ό
549 1220 902 1290 διωκόμενος,
946 1224 1041 1275 καὶ
1074 1223 1174 1294 τὴν
1214 1223 1539 1296 περιϐόητον
1589 1226 1870 1298 ἐκτίθησιν

288 1314 526 1382 ὁμιλίαν,
578 1314 776 1368 Πάλιν
813 1314 1086 1383 Ἡρωδιὰς
1113 1316 1410 1385 μαίνεται.
1459 1318 1717 1373 Ἀναπτει
1770 1319 1876 1390 τὴν

290 1409 449 1478 μῆνιν
507 1407 668 1461 τοῦτο
715 1409 814 1478 τῆς
860 1409 1167 1478 βασιλίδος·
1219 1412 1314 1465 καὶ
1370 1411 1539 1466 πάλιν
1587 1413 1872 1483 stupenda.

285 1503 395 1564 τοῖς
425 1501 772 1570 κατηγόροις.
835 1502 945 1553 Καὶ
1003 1501 1261 1569 Θεόφιλος
1315 1503 1422 1557 ἀπὸ
1478 1505 1577 1574 τῆς
1618 1505 1869 1570 Ἀλεξαν-

284 1593 473 1664 δρείας
507 1593 919 1664 παραγενέσθαι
953 1593 1210 1662 δηλοῦται
1257 1595 1378 1665 μὲν,
1426 1596 1504 1650 ἔτι
1551 1599 1608 1650 δὲ
1659 1598 1872 1652 δειλιῶν

283 1689 312 1740 ὁ
353 1687 588 1751 δείλαιος
633 1686 1017 1750 ἀναϐάλλεται.
1051 1688 1245 1759 Ὅμως
1303 1691 1606 1762 Ἀρειανῶν
1660 1693 1870 1760 κανόνι,

283 1779 539 1852 καθάπερ
601 1780 762 1849 τόξῳ,
827 1783 1219 1853 χρησάμενος,
1273 1781 1490 1854 βάλλειν
1545 1787 1869 1860 κατατολμᾷ

1975 572 2217 628 rectione
2247 590 2261 628 :
2310 583 2365 628 et
2392 591 2492 630 suo
2523 592 2628 647 pro
2668 577 2881 634 viribus
2913 580 3092 638 oﬂieio
3126 584 3350 644 functus
3388 599 3471 645 est
3500 593 3568 656 is.

1973 665 2067 734 qui
2125 674 2244 719 erat
2285 682 2466 722 rerum
2529 669 2845 739 hujusmodi
2896 686 3216 747 corrector;
3280 691 3334 736 et
3375 698 3570 741 rursus

1972 759 2293 827 imperatrix
2332 759 2434 814 fuit
2478 761 2635 817 valde
2664 765 2801 820 irata
2829 769 3060 836 pastori.
3089 770 3145 825 Si
3170 789 3294 843 quis
3321 785 3562 835 vestrum

1974 851 2081 904 scit
2127 864 2443 923 argenteam
2476 865 2736 924 statuam,
2769 871 2822 914 et
2864 863 2955 931 qui
2989 864 3100 920 illic
3149 866 3352 925 ﬂebant
3409 871 3570 930 ludos

1973 940 2262 1009 publicos,
2302 954 2357 999 et
2408 946 2651 1002 divinam
2705 950 2875 1007 aedem
2930 958 3262 1013 contumelia
3294 961 3567 1032 aﬂ‘eetam,

1974 1035 2082 1089 scit
2112 1038 2254 1105 quod
2283 1037 2430 1093 dico.
2467 1037 2680 1098 Rursus
2710 1059 2840 1115 ergo
2869 1049 3170 1104 certamina
3205 1069 3271 1107 ex
3308 1059 3567 1112 certami-

1971 1125 2156 1190 nibus,
2185 1135 2239 1181 et
2265 1129 2456 1197 synodi
2481 1130 2748 1189 adversus
2769 1137 3106 1204 pontiﬁcem.
3135 1139 3262 1198 Hzee
3281 1149 3567 1218 cognoscit

1973 1218 2022 1274 is
2063 1233 2224 1287 quem
2277 1225 2771 1297 persequebantur,
2820 1240 2882 1283 et
2919 1232 3257 1307 celebratum
3309 1238 3460 1293 illum
3511 1253 3566 1295 et

1972 1310 2242 1382 insignem
2277 1315 2443 1370 habet
2473 1334 2782 1375 sermonem
2815 1341 2828 1376 :
2867 1322 3070 1379 Rursus
3103 1327 3234 1396 [urit
3277 1329 3563 1390 "erudias.

1971 1405 2089 1458 Hoc
2118 1397 2529 1464 aceeuditiram
2567 1411 2955 1481 imperatricis,
2987 1425 3040 1471 et
3077 1433 3268 1474 rursus
3298 1423 3464 1478 libere
3501 1443 3564 1480 ac

1972 1495 2320 1552 confidenter
2364 1511 2534 1570 agunt
2595 1517 2966 1559 act-usatores.
3001 1506 3064 1561 Et
3096 1509 3406 1581 Theophila
3438 1518 3561 1585 qui-

1973 1587 2097 1642 dem
2129 1592 2492 1661 signiﬁcatur,
2529 1604 2586 1649 ut
2617 1596 2798 1651 veniat
2832 1599 3162 1655 Alexandria
3199 1621 3212 1670 ;
3251 1605 3345 1660 sed
3385 1607 3564 1663 adhuc

1975 1678 2177 1736 timens
2216 1681 2394 1737 differt
2444 1685 2656 1742 infelix.
2705 1689 2912 1744 Ariano
2962 1700 3142 1748 tamen
3186 1710 3396 1752 canone
3438 1709 3558 1754 tan-

1973 1788 2142 1842 quam
2163 1791 2291 1831 areu
2322 1793 2478 1844 usus,
2525 1781 2687 1835 audet
2724 1797 2846 1836 eum
2886 1783 3050 1840 ferire
3067 1786 3269 1856 jaculis
3297 1809 3362 1845 ex
3413 1803 3563 1848 atra-

282 1873 584 1944 τοξεύμασι
614 1877 724 1938 τοῖς
759 1877 823 1928 ὲκ
864 1876 1115 1946 μέλανος.
1159 1878 1270 1948 Τῆς
1316 1878 1372 1931 δὲ
1427 1878 1589 1949 βολῆς
1637 1880 1700 1934 τὸ
1747 1884 1863 1935 ἐκεῖ

1973 1875 2180 1920 mento.
2224 1867 2423 1924 Certus
2469 1880 2671 1939 autem,
2725 1890 2883 1943 quem
2931 1877 3262 1946 aﬂ‘erebant,
3316 1895 3434 1938 erat
3477 1888 3562 1940 hic

281 1968 514 2039 καίριον,
545 1969 626 2020 ὅτι
656 1968 778 2038 δίχα
810 1969 1028 2022 συνόδου
1071 1969 1103 2021 ὁ
1139 1971 1488 2041 καθαιρεθεὶς
1535 1976 1602 2044 τῇ
1658 1975 1862 2044 ἐκκλη-

281 2061 372 2133 σίᾳ
402 2061 778 2133 είσέῤῥευσεν.
841 2057 937 2126 Οἷς
970 2063 1207 2134 ἐντυχὼν
1246 2067 1274 2118 0'
1304 2065 1444 2130 θεῖος
1501 2058 1656 2130 οὗτος
1703 2067 1864 2140 ἀνὴρ,

279 2156 374 2206 καὶ
396 2154 836 2225 διερωτώμενος,
868 2154 1005 2210 Ὑπὸ
1032 2155 1296 2226 βασιλέως
1324 2150 1614 2229 ὲξηλάθην,
1641 2160 1868 2231 ἁπεκρί-

277 2263 427 2311 νατο,
458 2247 552 2299 ὑπ’
584 2246 751 2300 αὑτοῦ
783 2246 1048 2317 βασιλέως
1084 2249 1178 2300 καὶ
1223 2247 1558 2319 ἀνεκλήθην.
1617 2251 1683 2302 Ὃ
1738 2267 1867 2302 συνο

278 2341 457 2393 εδόκει
495 2338 595 2409 μὲν
632 2341 770 2404 τοῖς,
816 2338 933 2393 ὅσοι
984 2340 1078 2394 τοῦ
1132 2339 1294 2412 ὀρθοῦ
1340 2343 1432 2395 καὶ
1463 2343 1732 2412 κρίματος
1772 2345 1867 2397 καὶ

276 2433 631 2502 φρονήματος
653 2448 667 2461 ·
703 2430 801 2484 καὶ
830 2432 857 2482 ό
886 2430 1141 2499 βασιλεὺς
1173 2432 1546 2488 συνεπείθετο.
1586 2435 1863 2503 Ἀνταγω-

275 2524 565 2592 νιζόμενον
609 2523 691 2588 δὲ,
750 2524 1126 2592 προσενώπιον
1173 2524 1270 2576 τοῦ
1312 2524 1601 2594 βασιλέως,
1651 2527 1711 2579 τὸ
1757 2527 1865 2581 τῶν

275 2617 609 2690 κακούργων
645 2617 904 2688 κηφήνων
937 2619 1161 2670 ἐκείνων
1195 2620 1421 2687 σμῆνος,
1462 2620 1864 2693 διεμφόϐειτὴν

272 2703 480 2765 ἑαυτοῦ
511 2711 873 2780 ματαιότητα.
913 2711 1227 2782 Είσηγεῖταί
1258 2729 1339 2775 τις
1367 2713 1598 2766 ἐνταῦθα
1680 2715 1862 2767 Ἐλπί-

271 2807 382 2868 διος
412 2803 476 2857 δέ
513 2804 682 2868 ἔστιν,
713 2805 741 2856 ό
765 2803 865 2873 τῆς
901 2804 958 2856 ὲν
979 2804 1149 2876 Συρίᾳ
1170 2806 1514 2877 Λαοδικείας)
1549 2808 1862 2878 θαυμασίαν

273 2896 449 2961 δντως
483 2898 796 2966 εἰσήγησιν,
829 2897 920 2968 Μὴ
964 2896 1346 2968 θορνῦώμεθα,
1379 2899 1576 2968 λέγων,
1608 2902 1703 2953 ἐπὶ
1759 2901 1856 2955 τοῦ

274 2989 551 3060 βασιλέως
578 3006 592 3020 ο
629 2989 886 3042 ἀπαίσιον
939 2990 1085 3061 γάρ’
1127 2990 1244 3042 ἀλλ’
1279 2993 1756 3063 ὑπογραψατωσαν
1809 2990 1865 3048 oi

273 3083 583 3153 κατήγοροι
612 3082 695 3134 ὅτι
727 3081 1013 3152 ὁμόπιστοι
1045 3082 1154 3136 τῶν
1185 3084 1503 3154 ὲκθεμένων
1530 3087 1629 3140 τὸν
1657 3089 1862 3142 κανόνα

1968 1959 2136 2026 ictus,
2188 1965 2335 2032 quod
2377 1964 2586 2034 absque
2638 1971 2870 2039 sjnodo,
2920 1970 3014 2040 qui
3069 1982 3191 2027 erat
3239 1975 3557 2046 depositus.

1971 2052 2266 2124 irrupi~set
2303 2058 2354 2111 in
2390 2060 2723 2128 ecclesiam;
2757 2079 2896 2133 quos
2928 2079 3052 2119 cum
3085 2069 3436 2126 convenisset
3470 2074 3560 2128 hic

1970 2148 2057 2202 vir
2104 2150 2328 2207 divinus
2365 2162 2417 2208 et
2466 2153 2534 2208 ab
2583 2155 2663 2209 eis
2705 2156 3157 2227 interrogaretur,
3211 2164 3496 2232 respondit
3542 2185 3556 2221 :

1971 2239 2253 2312 Expulsus
2282 2243 2358 2297 iui
2389 2245 2459 2300 ab
2489 2246 2839 2318 imperatore,
2881 2249 2958 2304 fui
2981 2251 3144 2305 etiam
3172 2264 3464 2312 revocatus
3490 2259 3560 2313 ab

1970 2334 2091 2404 ipso
2148 2335 2498 2406 imperatore.
2562 2339 2718 2405 Quod
2779 2342 3036 2412 placebat
3084 2344 3308 2414 quidem
3355 2349 3422 2404 iis
3464 2351 3555 2420 qui

1969 2437 2125 2482 erant
2157 2430 2291 2484 recti
2319 2430 2510 2500 judicii
2538 2442 2590 2486 et
2620 2436 2926 2499 sententia,
2959 2444 3010 2491 et
3039 2438 3338 2508 imperator
3369 2443 3436 2498 iis
3466 2459 3560 2500 as-

1976 2519 2374 2587 sentiebatur;
2425 2537 2611 2575 eoram
2672 2524 3001 2594 imperatore
3051 2535 3234 2582 autem
3291 2530 3557 2589 adversus

1968 2626 2090 2664 eun.
2115 2611 2403 2667 decertans
2434 2614 2795 2681 malignorum
2853 2615 3103 2671 fucorum
3137 2631 3389 2687 examen,
3418 2631 3553 2679 stre-

1967 2706 2080 2775 pitu
2133 2705 2469 2760 obtundebat
2521 2707 2672 2760 illius
2707 2708 3141 2778 simplicitatem.
3181 2709 3336 2767 Tune
3371 2726 3550 2772 autem

1968 2798 2173 2866 profert
2205 2799 2425 2867 quidam
2478 2800 2546 2870 (is
2592 2815 2720 2854 vero
2761 2809 2880 2872 erat
2933 2800 3216 2873 Elpid‘ius,
3271 2803 3556 2864 Laodicea:

1967 2904 2091 2958 qua
2136 2899 2218 2945 est
2259 2891 2313 2945 in
2351 2893 2510 2962 Syria
2546 2892 2872 2962 episcopus)
2905 2898 3234 2952 sententiam
3261 2898 3420 2968 plane
3453 2905 3553 2958 ad-

1965 2983 2320 3040 mirabilem:
2357 2983 2439 3039 Ne
2467 2986 2887 3054 tumultuentur,
2931 2987 3130 3058 inquit,
3169 2991 3222 3045 in
3248 3004 3551 3065 conspectu

1966 3076 2313 3146 imperatoris
2348 3095 2364 3143 ;
2397 3077 2548 3132 nefas
2579 3089 2665 3132 est
2706 3080 2851 3132 enim
2882 3098 2896 3134 :
2937 3082 3030 3136 sed
3065 3082 3415 3140 subscribam
3455 3104 3550 3142 ae-

271 3175 652 3244 τυγχάνουσι·
686 3177 778 3226 καὶ
807 3173 991 3227 λύεται
1020 3175 1081 3227 τὸ
1111 3177 1433 3245 ἁμιρίὸολον.
1471 3179 1656 3244 Συνείς
1689 3179 1782 3234 οῦν
1830 3184 1858 3235 ὁ

1966 3179 2250 3225 eusatores
2309 3187 2372 3225 se
2425 3186 2550 3226 esse
2588 3173 2834 3241 ejusdem
2889 3175 3034 3238 fidei,
3080 3178 3240 3245 cujus
3287 3191 3414 3235 sunt
3453 3182 3549 3254 qui

274 3267 578 3339 βασιλεὺ;’
609 3267 688 3338 τῷ
721 3270 906 3341 Mssa)
955 3270 1050 3324 τοῦ
1105 3271 1492 3343 προϐληματος
1546 3275 1647 3347 τὴν
1707 3275 1861 3330 λύσιν

270 3362 368 3416 τοῦ
421 3361 856 3432 δ’γχειρήματος,
932 3361 1074 3432 μετὰ
1141 3380 1286 3428 τινος
1346 3366 1704 3438 περιχαρείας
1769 3369 1861 3420 καὶ

274 3455 678 3524 μειδιάματος,
730 3453 922 3519 Οὐδὲν,
975 3455 1103 3524 ἔφη,
1138 3454 1329 3509 τούτου
1391 3455 1855 3529 λυσιτελέστερον.

273 3550 347 3604 Τδ
386 3549 448 3604 δὲ
487 3548 887 3621 ἂμφεκρημνον
916 3547 1011 3602 τοῦ
1055 3549 1434 3622 προτεθέντος,
1487 3550 1697 3620 ίλίγγου
1746 3554 1861 3616 τοῖς

273 3643 611 3716 κατηγόροις
642 3642 862 3712 ἐγένετο
889 3642 1166 3715 πρόξενον.
1198 3644 1263 3696 Οί
1295 3643 1351 3698 δὲ
1379 3645 1616 3714 χείλεσιν
1669 3647 1860 3719 ἄκροις

275 3737 681 3808 ὑπισχνοῦνται
710 3735 830 3808 μὲν,
866 3736 1044 3804 ἐξίασι
1082 3735 1140 3790 δὲ
1180 3737 1327 3791 κενοὶ
1367 3741 1460 3793 καὶ
1489 3739 1784 3812 ἄπρακτοι.

348 3922 472 3988 κς·’.
503 3919 929 3976 Τούτωνᾶλλοτε
953 3919 1126 3984 ἄλλως
1161 3922 1572 3993 μηχανωμένων
1594 3922 1690 3976 και)⁸
1719 3923 1860 3978 κατὰ

275 4019 482 4081 κύὁσυς
519 4013 936 4082 πεττευομὲνων
967 4016 1088 4077 τοῖς
1113 4014 1462 4086 κατηγόροις,
1499 4019 1668 4087 μῆνες
1719 4034 1861 4085 παρ-

279 4112 558 4164 ίππευσαν
607 4107 760 4160 δέκα.
825 4105 882 4157 '0
924 4105 978 4158 δὲ
1013 4105 1219 4176 ποιμὴν
1251 4106 1360 4160 τῶν
1418 4107 1686 4161 είωθότων
1739 4109 1860 4162 οὐδὲ

278 4204 454 4276 βραχύ
498 4221 552 4256 τι
580 4201 1047 4272 παρελιμπάνετο,
1105 4199 1307 4271 μᾶλλον
1357 4201 1454 4271 μὲν
1475 4200 1569 4255 οῦν
1617 4201 1858 4256 ἐπεδίδου

275 4295 690 4370 περισσοτέρως·
710 4297 832 4350 ὅσαι
864 4295 1090 4366 ἡμέραι.
1118 4294 1402 4367 Φιλείγάρ
1440 4312 1560 4361 πως
1601 4297 1634 4350 ό
1665 4297 1861 4350 ἀκενόο

273 4392 430 4456 δοξος
478 4390 605 4454 νοῦς
657 4389 726 4442 ἐν
769 4390 893 4451 ταῖς
941 4387 1302 4458 περιστάσεσι
1361 4389 1716 4459 χαριέστερον
1751 4388 1862 4443 διας

275 4485 493 4538 κεῖῡθαι
531 4484 626 4536 καὶ
667 4482 1018 4552 λογιώτερον.
1060 4482 1126 4534 Oi
1167 4481 1224 4534 δὲ
1253 4482 1355 4536 οὐκ
1395 4481 1637 4537 ἐδίδοσαν
1691 4479 1858 4536 ὕπνον
1893 4533 1937 4590 D

273 4582 386 4644 τοῖς
415 4578 738 4648 ὀφθαλμοῖς,
771 4576 833 4629 οὐ
874 4574 1138 4646 κατέσχον
1193 4574 1303 4627 τῶν
1329 4574 1606 4645 μηχανῶν,
1640 4575 1857 4646 πολιορ-

278 4669 504 4735 κοῦντες
527 4667 817 4731 παντοίως,
833 4665 926 4718 τοῦ
941 4684 967 4718 τ
976 4664 1328 4734 ροτιὼσασθαι
1342 4665 1434 4719 καί
1451 4665 1854 4738 λαφυραγωγῆ-

277 4779 366 4814 σαι
387 4761 483 4814 τοῦ
501 4757 767 4830 βασιλέως
789 4760 876 4810 τὸν
896 4755 1040 4809 νοῦν.
1072 4757 1196 4808 Ὀὀὲ
1208 4757 1462 4826 βασιλεὺς
1480 4758 1740 4825 γενναίως
1759 4759 1857 4829 μὲν

275 4857 515 4925 ἀντεῖχε,
539 4852 634 4906 καὶ
663 4851 972 4903 ἁντετίθετο
1012 4850 1173 4920 μέχρι
1201 4850 1363 4913 τινός.
1398 4851 1528 4905 Ὅτε
1562 4852 1616 4904 δὲ.
1656 4856 1856 4905 πὰντο-

277 4949 371 5002 θεν
407 4950 458 5001 οἱ
491 4947 791 5016 κατήγοροι
823 4944 884 4998 τὺ
915 4945 1047 4996 ίόισν
1073 4944 1316 5013 ἀσφαλὲς
1377 4947 1853 5016 περιεποιήσαντο,

277 5045 368 5096 καὶ
398 5044 500 5097 οὐκ
531 5040 607 5093 ἔθ’
642 5034 753 5103 οἷός
801 5057 883 5103 τις
916 5035 984 5110 ἦν
1021 5037 1091 5111 [ὁ]
1124 5038 1262 5109 πρὸς
1289 5039 1388 5108 τὴν
1444 5033 1716 5110 τοσαύτην
1759 5040 1858 5092 ἐπ-

279 5138 581 5191 ανάστασιν
604 5134 699 5188 καὶ
727 5132 1177 5203 ἀντιπερίστασιν
1209 5129 1463 5203 κηρύξων
1497 5133 1528 5203 ἢ
1572 5133 1857 5204 βοηθήσων

279 5230 355 5298 τῷ
387 5229 646 5300 βασιλείῳ
679 5226 779 5292 νοτ,
824 5226 1381 5297 καταμεμαλάκισται
1421 5228 1513 5280 καὶ
1546 5227 1729 5294 αὐτὸς,
1763 5230 1858 5283 καὶ

285 5324 420 5393 πρὸς
447 5323 510 5376 τὸ
545 5320 826 5391 πολέμιον,
859 5320 1201 5390 ἀνθρώπινόν
1254 5337 1304 5373 τι
1355 5318 1567 5385 παθὼν,
1624 5321 1854 5374 ὑποκλὲυ

283 5432 476 5476 πτεται
501 5432 514 5449 ο
547 5417 643 5468 καὶ
675 5415 847 5478 ὅπως,
873 5413 1085 5485 τρανῶς
1117 5413 1449 5486 διηγήσομαι
1483 5432 1498 5446 ο
1548 5416 1612 5469 Ἦ
1643 5416 1856 5486 μεγάλη

281 5508 388 5562 τῶν
413 5507 642 5579 ἑορτῶν,
662 5509 697 5578 ἡ
725 5505 911 5578 ἡμέρα
939 5505 1031 5558 τοῦ
1058 5505 1298 5576 Χριστοῦ
1332 5507 1625 5574 γενεθλίων
1649 5510 1854 5582 παρῆν,

284 5621 377 5656 και
399 5604 434 5656 δ
468 5600 743 5672 βασιλεὺς,
775 5600 850 5664 ὡς
878 5600 1019 5665 ἔθος,
1053 5600 1115 5653 οὐ
1153 5602 1474 5672 συμπαρῆν.
1538 5603 1759 5678 Ἐδήλου
1800 5605 1856 5658 δὲ

281 5697 357 5766 τῷ
388 5696 638 5768 ἀρχιερεῖ
675 5694 750 5766 μὴ
773 5694 1039 5765 πρότερον
1091 5697 1438 5766 κοινωνῆσαι,
1475 5698 1603 5768 πρὶν
1637 5699 1668 5769 ἢ
1696 5701 1857 5753 αὑτὸν

285 5790 356 5842 τὰ.
373 5787 695 5859 ἐγκλήματα
721 5787 1117 5840 ἀποδύσασθαι.
1146 5788 1302 5841 Οὕτω
1324 5788 1506 5859 διῆλθε
1538 5791 1630 5842 καί
1656 5791 1688 5859 ὴ
1723 5790 1857 5841 Τεσ-

288 5883 596 5955 σαρσκοστή
617 5899 632 5911 ·
681 5881 774 5932 καὶ
806 5881 912 5950 πρὸ
952 5883 1081 5949 μιᾶς
1113 5881 1206 5935 τοῦ
1237 5884 1427 5952 Πάσχα
1453 5882 1614 5937 πάλιν
1645 5888 1671 5937 ό
1703 5884 1858 5954 βασι-

289 5977 427 6042 λεδὲι
461 5976 622 6045 βιαίῳ
655 5975 761 6027 τῶν
807 5975 1126 6047 κατηγόρων
1185 5977 1512 6047 ἐγκλήματι,
1579 5978 1728 6047 δηλοῖ
1783 5980 1848 6031 τὰ

1963 3262 2117 3317 illum
2165 3263 2460 3318 ediderunt
2491 3281 2780 3331 canonem,
2817 3278 2870 3322 et
2902 3269 3086 3323 soluta
3134 3280 3219 3326 est
3253 3272 3548 3335 dubitatic.

1963 3357 2099 3412 Cum
2135 3373 2264 3428 ergo
2314 3359 2677 3414 intellexisset
2719 3361 3016 3431 imperator
3051 3361 3316 3418 facilitate
3347 3382 3550 3437 prapo-

1964 3453 2183 3508 sitionis
2224 3453 2359 3507 solvi
2410 3453 2466 3508 id
2506 3453 2574 3508 de
2612 3470 2722 3526 quo
2767 3457 3048 3526 agebatur,
3087 3458 3241 3512 laetus
3284 3466 3338 3512 et
3363 3461 3549 3515 subri-

1964 3545 2101 3602 dens
2142 3547 2278 3600 dixit
2314 3565 2326 3601 :
2384 3546 2530 3601 Nihil
2559 3559 2638 3602 est
2670 3548 2773 3603 hoc
2819 3549 3036 3605 melius.
3073 3550 3127 3604 ld
3173 3559 3353 3606 autem
3401 3556 3549 3624 quod

1963 3648 2082 3692 erat
2111 3639 2479 3709 propositum,
2503 3655 2627 3694 cum
2665 3649 2809 3696 esset
2838 3657 3040 3710 anceps
3063 3685 3076 3710 ,
3109 3643 3288 3701 elfecit
3319 3654 3376 3698 ut
3411 3649 3548 3701 cali-

1963 3737 2154 3800 garent
2191 3737 2561 3786 accusatores.
2605 3730 2670 3784 Et
2698 3739 2830 3787 tunc
2861 3734 3090 3789 summis
3125 3737 3346 3805 quidem
3384 3737 3546 3794 labiis

1965 3823 2314 3894 pollicentur,
2350 3839 2413 3878 re
2434 3832 2615 3878 autem
2652 3825 2852 3879 infecta
2883 3837 3010 3882 tunc
3035 3836 3260 3882 exeunt.

2034 3916 2124 3970 26.
2155 3915 2291 3972 Cum
2323 3917 2437 3971 haec
2471 3918 2606 3973 alias
2642 3919 2801 3974 aliter
2846 3920 3300 3974 machinareutur
3325 3936 3548 3977 accusa-

1963 4017 2132 4073 tores,
2172 4017 2224 4064 et
2278 4009 2504 4064 tesseris
2551 4009 2958 4080 quodammodo
3012 4011 3284 4075 luderent,
3327 3997 3546 4070 menSes

1963 4102 2149 4158 deeem
2197 4103 2601 4174 praeterierunt.
2663 4103 2862 4159 Pastor
2902 4111 3087 4159 autem
3145 4122 3213 4161 ne
3272 4108 3542 4163 tantillum

1961 4197 2182 4269 quidem
2234 4198 2706 4268 praetermittebat
2751 4214 2819 4251 ex
2879 4199 3159 4253 consuetis
3197 4215 3213 4264 ;
3255 4201 3365 4255 imo
3419 4215 3547 4256 vero

1962 4291 2210 4360 quotidie
2240 4292 2413 4361 magis
2463 4305 2527 4345 ac
2561 4291 2732 4363 magis
2776 4292 3081 4363 augebatur
3116 4293 3237 4363 ejus
3275 4295 3544 4350 studium.

1965 4384 2113 4440 Solet
2140 4386 2285 4440 enim
2319 4386 2503 4440 nescio
2531 4399 2641 4454 quo
2671 4385 2834 4438 modo
2865 4400 3042 4450 mens,
3073 4402 3196 4456 quae
3228 4397 3380 4441 caret
3405 4403 3544 4444 vana

1961 4478 2156 4550 gloria,
2180 4478 2479 4547 jucundius
2510 4477 2668 4542 alﬁci,
2698 4485 2753 4532 et
2777 4493 2834 4532 se
2859 4480 3032 4549 magis
3060 4480 3291 4534 rationis
3318 4495 3548 4553 compo-

1965 4582 2070 4627 tem
2105 4572 2398 4626 ostendere
2433 4569 2486 4624 in
2522 4571 2744 4625 casibus
2790 4571 2880 4641 qui
2930 4572 3210 4626 accidunt.
3251 4573 3331 4627 Illi
3364 4583 3549 4628 autem

1962 4681 2070 4720 non
2108 4665 2375 4720 dederunt
2417 4681 2669 4720 somnum
2706 4665 2904 4729 oculis,
2949 4666 3117 4720 nullis
3159 4667 3547 4722 abetinuerunt

1962 4758 2463 4816 machinationibus
2488 4797 2504 4820 ,
2556 4757 2907 4827 imperatoris
2938 4766 3174 4812 mentem
3209 4758 3544 4823 obsidentes,

1962 4864 2022 4908 ut
2052 4869 2170 4910 eam
2214 4851 2508 4908 funderent
2533 4860 2586 4906 et
2612 4853 2880 4922 captivam
2914 4851 3271 4908 abducerent.
3304 4854 3546 4924 Impera.

1961 4955 2048 5002 tor
2076 4961 2208 5002 vero
2241 4945 2564 5016 aliquandiu
2618 4945 2836 4999 fortiter
2864 4944 3067 5000 restitit
3096 4953 3151 5000 et
3197 4961 3542 5020 repugnavit.

1960 5036 2189 5104 Quando
2229 5044 2409 5091 autem
2452 5037 2602 5091 omni
2635 5051 2699 5091 ex
2749 5043 2902 5107 parte
2932 5043 3046 5090 tuta
3089 5037 3314 5093 {uerunt
3360 5042 3544 5096 omnia

1961 5130 2406 5196 accusatoribus,
2447 5145 2547 5183 nec
2584 5129 2731 5184 ullus
2766 5128 2866 5184 fuit
2899 5171 2914 5196 ,
2950 5129 3042 5200 qui
3085 5131 3349 5189 adversus
3378 5133 3543 5189 talem

1960 5223 2420 5279 iusurreetionem
2459 5233 2643 5292 posset
2667 5225 2902 5294 amplius
2930 5224 3279 5294 imperatoris
3307 5234 3544 5282 mentem

1961 5317 2156 5373 fulcire
2185 5325 2238 5373 et
2277 5319 2324 5374 ei
2360 5334 2518 5388 opem
2550 5317 2714 5382 ferre,
2755 5318 2873 5388 ipse
2901 5333 3124 5389 quoque
3149 5329 3234 5374 est
3276 5321 3543 5387 mollitus,

1962 5423 2015 5470 et
2061 5415 2357 5468 humanum
2395 5415 2523 5478 quid
2572 5429 2790 5484 passus,
2830 5412 2900 5468 ab
2962 5412 3182 5469 insidiis
3222 5414 3397 5470 hostis
3460 5425 3546 5471 est

1961 5509 2390 5564 circumventus.
2417 5508 2603 5562 Dicam
2639 5516 2819 5562 autem
2851 5516 3056 5576 aperte,
3090 5510 3380 5578 quomodo.
3414 5507 3544 5562 Erat

1961 5604 2078 5660 dies
2109 5603 2403 5670 maximus,
2432 5602 2640 5658 Christi
2673 5611 2851 5657 ortus.
2891 5601 3190 5673 Imperator
3224 5610 3428 5665 autem,
3483 5611 3544 5656 ut

1963 5713 2081 5753 mos
2110 5707 2215 5759 est,
2251 5711 2358 5751 non
2407 5697 2569 5752 simul
2596 5696 2807 5760 aderat,
2837 5694 3166 5766 signiﬁcavit
3193 5707 3370 5749 autem
3404 5710 3542 5766 pon-

1961 5793 2113 5857 tilici,
2170 5807 2228 5847 se
2277 5805 2385 5844 non
2442 5793 2598 5860 prius
2640 5789 3175 5843 communicaturum
3213 5803 3377 5858 quam
3427 5790 3543 5857 ipse

1961 5886 2190 5939 erimina
2215 5884 2596 5940 diluisset.Sic
2616 5884 3054 5954 prartcriitetiam
3080 5882 3540 5953 Quadragesima;

1965 5990 2016 6033 et
2061 5977 2149 6034 die
2185 5993 2294 6031 uno
2325 5989 2445 6031 ante
2470 5976 2711 6043 Pascha,
2745 5992 2941 6032 rursus
2973 5977 3270 6046 imperator
3303 5976 3541 6032 violento
