4108 6306
420 358 537 422 283

1698 350 1976 412 LEONIS
2008 351 2105 412 PH
2119 351 2468 412 lLOSOPHI

3573 350 3692 415 28!

429 485 577 528 metu
608 476 1016 531 accusatorum,
1049 466 1239 521 eadem
1274 463 1562 536 signiﬁcat,
1589 463 1796 519 addens
1830 481 1842 516 :
1877 462 2003 516 Diue

2134 462 2274 528 ιύτὰ,
2309 462 2589 534 προσθεὶς,
2621 462 2700 517 ὅτι
2724 461 2828 516 Δύο
2856 479 2951 518 σου
2991 460 3436 532 κατεψηφίσαντο
3473 460 3682 516 σύνοδοι

429 576 481 620 te
514 565 948 619 condemnarunt
997 559 1190 631 synodi
1227 577 1238 612 :
1291 574 1399 613 non
1452 573 1672 629 possum
1717 557 1814 612 tibi
1852 573 2006 612 com-

427 659 734 713 municare.
779 654 922 721 Quid
974 669 1103 708 vero
1145 661 1330 721 pastor
1369 652 1570 713 bonus,
1596 651 1688 720 qui
1724 651 2000 721 aspiciens

428 748 688 802 advenire
745 746 969 808 bestias,
1021 759 1128 798 non
1162 742 1319 813 fugit,
1371 752 1426 796 et
1465 742 1693 797 dimittit
1724 758 1937 814 gregem
1987 743 2010 795 ?

429 841 579 907 Mihi,
609 838 809 909 inquit,
836 853 870 893 ο
907 839 1226 907 imperator,
1255 852 1283 888 a
1325 834 1436 889 Deo
1467 834 1569 889 fuit
1602 835 1806 890 credita
1829 835 2010 890 eccle—

429 936 533 998 sia,
567 948 668 988 nec
714 932 784 987 ab
811 947 873 987 ea
915 930 1186 985 recedam.
1216 928 1311 984 Sin
1340 937 1521 983 autem
1553 929 1654 982 hoc
1688 928 1784 981 tibi
1832 927 2007 982 visum

429 1031 524 1092 sit,
561 1027 612 1080 vi
649 1025 911 1095 cxpellas,
956 1039 1024 1079 ne
1055 1023 1305 1077 accusari
1343 1023 1575 1092 possim,
1613 1021 1760 1091 quod
1793 1020 2014 1076 ordines

429 1119 786 1174 deseruerim.
835 1116 992 1183 Quod
1031 1116 1237 1170 veritus
1280 1115 1598 1183 imperator,
1635 1115 1688 1168 in
1737 1129 1898 1184 quem
1933 1123 2014 1184 ty-

432 1208 718 1264 rannidem
748 1207 1032 1262 obtinebat
1069 1208 1149 1260 vis
1183 1207 1554 1269 inimicorum,
1579 1221 1701 1260 cum
1737 1220 1860 1260 eum
1890 1219 2014 1257 cum

431 1315 579 1357 metu
608 1309 917 1370 separasset
964 1299 1032 1353 ab
1059 1299 1317 1364 ecclesia,
1357 1297 1522 1368 jussit
1553 1297 1750 1368 degere
1806 1297 1862 1351 in
1902 1297 2016 1365 epi-

433 1403 662 1466 st-opatu
699 1412 712 1448 :
752 1394 886 1448 ilzud
917 1393 1166 1464 cogitans
1201 1391 1346 1461 quod
1384 1393 1430 1446 si
1479 1391 1610 1462 quid
1655 1405 1848 1445 rursus
1888 1405 2014 1444 eve-

434 1488 608 1542 nisset
657 1486 1024 1557 inopinatum,
1063 1484 1278 1539 facilius
1313 1492 1461 1540 esset
1499 1497 1626 1538 eum
1664 1483 1907 1537 invenire
1951 1480 2018 1534 ad

435 1580 605 1635 Deum
635 1579 982 1649 placandum.
1015 1577 1108 1631 Sic
1140 1592 1398 1648 magnum
1439 1576 1712 1631 luminare
1754 1574 2022 1643 prohibe—

437 1683 527 1727 tur
572 1672 756 1726 lumen
796 1672 1042 1741 praebere
1095 1669 1398 1736 Ecclesiae;
1440 1677 1650 1724 etcum
1681 1683 1874 1722 rursus
1913 1666 2016 1721 im-

436 1761 675 1832 peratori
737 1759 1093 1815 exhiberetur
1142 1758 1392 1813 molestia
1454 1757 1526 1812 ab
1564 1756 2020 1821 accusatoribus,

421 1856 555 1925 [ipse
587 1853 668 1907 eis
700 1861 872 1907 totum
909 1851 1161 1922 permisit
1191 1851 1506 1913 consilium,
1542 1859 1600 1904 ut
1627 1850 1719 1920 qui
1751 1863 2025 1904 veneran-

438 1948 568 2000 dum
599 1944 744 1999 dietn
795 1943 1024 1998 Sabbati
1055 1945 1230 1999 sancti
1260 1949 1314 1998 et
1342 1941 1621 2014 pontiﬁcis
1647 1941 1904 1996 virtutem
1936 1955 2025 1994 re-

439 2047 741 2093 vereretur.
774 2036 915 2104 Quid
947 2050 1077 2106 ergo
1107 2034 1298 2090 dit-unt
1347 2034 1406 2102 ii,
1451 2035 1652 2106 quibus
1693 2033 1871 2090 fuerat
1899 2047 2026 2102 per.

443 2132 671 2188 missum
702 2132 725 2185 Ἰ
755 2131 812 2185 ln
845 2141 1094 2186 nostrum
1123 2139 1310 2200 caput,
1342 2145 1376 2184 o
1411 2129 1728 2200 imperator,
1763 2128 1832 2184 sit
1856 2125 2025 2182 Joan-

441 2225 528 2281 nis
555 2225 873 2295 depositio;
916 2223 1091 2277 solum
1139 2222 1249 2277 cito
1287 2222 1612 2292 expellatur.
1656 2219 1871 2276 Rursus
1894 2235 2025 2290 ergo

442 2319 593 2372 nulla
636 2314 1020 2384 interrogatio,
1056 2323 1111 2370 et
1155 2330 1349 2370 rursus
1376 2313 1632 2385 suﬂ‘ragia
1667 2321 1721 2369 et
1752 2314 1873 2368 latae
1899 2327 2028 2367 scn-

442 2409 647 2464 tentiaa.
678 2405 812 2475 Quae
851 2407 1065 2479 agebat,
1101 2407 1347 2463 sciebant
1379 2421 1569 2461 omnes
1617 2423 1631 2459 :
1669 2404 2026 2461 confunditur

443 2500 737 2555 universus
768 2499 1028 2570 populus,
1061 2498 1419 2553 confunditur
1465 2498 1629 2553 etiam
1677 2498 1795 2554 dies
1830 2496 2024 2562 festus,

445 2598 625 2647 metus
676 2591 730 2644 in
786 2589 966 2661 fugam
1016 2590 1289 2658 conjicit;
1346 2597 1400 2644 et
1441 2587 1716 2662 fugientes
1760 2591 1940 2645 clerus
1973 2598 2031 2645 et

446 2681 710 2754 quidquid
746 2690 864 2738 erat
903 2682 1076 2738 ﬁdelis
1119 2682 1303 2753 populi
1341 2691 1394 2736 ct
1420 2697 1608 2738 eorum
1638 2682 1732 2753 qui
1768 2684 2031 2752 gerebant

446 2776 832 2848 magistratus.
866 2775 1112 2830 divinum
1161 2774 1372 2828 Pascha
1415 2776 1471 2830 in
1523 2775 1745 2845 publico
1788 2775 2027 2844 quodam

447 2869 668 2922 lavacro
719 2867 868 2937 quod
914 2865 1330 2921 Constantianae
1376 2866 1617 2933 dicitur,
1657 2867 2026 2932 celebrarunt,

449 2957 738 3028 vigilantes
783 2959 837 3012 in
877 2959 1026 3014 illius
1071 2961 1252 3018 noctis
1283 2959 1804 3030 gloriﬁcationibus,
1832 2968 1884 3015 et
1911 2975 2030 3027 eos,

2111 558 2205 611 καὶ
2243 555 2520 618 ἀδυνάτως
2545 554 2653 626 ἔχω
2685 550 2824 627 [τοῦ]
2857 554 3184 625 κοινωνῆσαί
3210 570 3311 606 σοι.
3343 551 3409 606 Τί
3436 553 3492 606 δὲ
3519 552 3689 608 ὁποιδ-

2115 649 2221 721 μὴν
2250 651 2276 704 6
2305 649 2489 714 καλὸς,
2526 649 2581 710 ὃς
2610 649 2707 719 τὴν
2743 648 2851 702 τῶν
2885 648 3092 719 θηρίων
3122 647 3340 701 ἒλευσιν
3377 645 3602 719 θεωρῶν
3623 647 3692 699 ού

2112 744 2305 814 φεύγει
2336 746 2431 796 καὶ
2462 742 2559 812 τὴν
2592 742 2828 813 ποίμνην
2858 743 3091 813 ἀφίησις
3137 739 3281 809 Ἐγὼ
3311 738 3518 801 θεόθεν.
3558 739 3690 812 ἔφη,

2111 832 2155 891 ῶ
2191 835 2436 908 βασιλεῦ,
2467 836 2566 907 τὴν
2602 835 2900 907 ἐκκλησίαν
2935 833 3333 903 πεπίστευμαι,
3363 835 3458 886 καὶ
3485 833 3692 904 ταύτης

2111 931 2211 984 ούκ
2244 929 2633 999 ἀπολείψομαι.
2674 928 2809 982 Είδέ
2838 945 2920 982 σοι
2955 927 3116 981 τοῦτο
3146 926 3234 980 διὰ
3263 924 3565 995 θελήσεως,
3599 925 3694 996 βία

2114 1023 2516 1094 ἑξελαθήσομαι
2546 1022 2612 1076 ἵν’
2648 1025 2760 1094 ἀπῇ
2791 1022 2913 1075 κατ’
2943 1021 3079 1090 ἐμοῦ
3108 1018 3454 1086 λειποταξίου
3476 1021 3693 1092 γραφή.

2116 1114 2180 1166 Τί
2210 1114 2266 1167 δὲ
2290 1112 2320 1164 6
2345 1112 2775 1184 τυραννούμενος
2803 1111 3099 1183 βασιλεύςς
3133 1110 3212 1182 Τῇ
3246 1109 3338 1182 βίᾳ
3387 1108 3497 1162 τῶν
3556 1127 3696 1164 κατ-

2116 1205 2356 1274 ηγόρων,
2387 1206 2526 1274 μετὰ
2577 1204 2730 1266 δέους
2755 1204 2945 1259 τοῦτον
2973 1207 3072 1275 τῆς
3100 1203 3394 1274 ἐκκλησίας
3430 1205 3698 1276 χωρίσας,

2118 1301 2174 1351 ἐν
2190 1297 2266 1365 τῷ
2290 1297 2630 1368 ὲπισκοπείῳ
2653 1297 2860 1366 διάγειν
2888 1295 3228 1352 ἐνεκελεύετο
3251 1313 3266 1328 ο
3292 1298 3463 1350 ὲκεῐνε
3483 1297 3703 1364 διανοη-

2121 1393 2378 1458 σάμενος,
2420 1387 2495 1450 ὡς
2543 1388 2596 1441 εἴ
2622 1389 2686 1456 γέ
2719 1406 2772 1441 τι
2806 1387 2968 1441 πάλιν
3000 1386 3180 1459 συμϐῇ
3236 1387 3344 1442 τῶν
3394 1387 3696 1458 ἀδοκήτων,

2119 1482 2395 1554 εὑρίσκειν
2448 1478 2640 1534 τοῦτον
2691 1482 2770 1544 είς
2821 1479 3102 1542 ἐξιλέωσιν
3165 1478 3370 1548 τάχιον.
3438 1475 3622 1540 Οὕτως
3670 1479 3702 1530 6

2123 1574 2296 1648 μέγας
2338 1573 2562 1644 φωστὴρ
2588 1572 2688 1642 τὴν
2727 1572 3053 1641 Ἐκκλησίαν
3087 1570 3354 1625 κωλύεται
3386 1569 3701 1642 δᾳδουχείνσ

2121 1667 2217 1723 καὶ
2245 1668 2311 1740 δὴ
2339 1667 2502 1721 πάλιν
2531 1665 2786 1737 παραυτά
2816 1665 2883 1719 δι’
2915 1664 3074 1736 ὄχλου
3099 1662 3384 1738 γινόμενος
3413 1662 3564 1733 παρὰ
3589 1661 3704 1714 τῶν

2123 1762 2446 1836 κατηγόρων
2480 1761 2509 1814 6
2562 1759 2840 1832 βασιλεὺς,
2895 1757 3080 1820 αὐτοῖς
3131 1753 3229 1826 τὴν
3275 1757 3456 1808 πᾶσαν
3504 1753 3706 1826 βουλὴν

2127 1853 2436 1927 ἐπιτρέπει,
2477 1853 2538 1905 τὸ
2569 1851 2794 1922 φρικτὸν
2838 1851 2939 1919 τῆς
2997 1848 3210 1920 ἡμέρας
3252 1846 3348 1902 τσῦ
3377 1846 3522 1918 ίεροῦ
3558 1847 3714 1900 Σαϐέ

2127 1949 2293 2002 ϐάτου
2331 1947 2428 2001 καὶ
2461 1945 2558 2018 τὴν
2592 1945 2793 2017 ἀρετὴν
2825 1942 2918 1997 τοῦ
2950 1943 3258 2014 ἀρχιερέως
3301 1940 3707 2012 διευλαϐούμε·

2124 2061 2236 2107 νος.
2261 2040 2327 2094 Τί
2359 2035 2452 2095 οὖν
2479 2041 2528 2093 ot
2557 2037 3020 2109 ἐπιτετραμμένοι
3045 2034 3244 2105 φασίν;
3278 2033 3402 2088 Ἐπὶ
3425 2033 3522 2106 τὴν
3545 2033 3708 2105 ἡμῶν

2125 2134 2386 2206 κεφαλὴν,
2420 2127 2465 2185 ῶ
2495 2130 2739 2202 βασιλεῦ,
2783 2131 2818 2200 ἡ
2859 2127 3178 2198 καθαίρεσις
3220 2126 3472 2181 Ἰωάννου
3497 2142 3510 2154 ·
3541 2125 3705 2196 μόνον

2125 2228 2311 2298 τάχιον
2390 2224 2704 2293 ὲξωσθήτω.
2760 2221 2931 2276 Πάλιν
2982 2216 3079 2274 οὖν
3129 2219 3358 2292 ούδεμία
3411 2219 3706 2290 ἐρώτησις,

2127 2321 2220 2374 καὶ
2267 2319 2429 2372 πάλιν
2501 2317 2673 2388 ψῆφοι
2728 2315 2822 2368 καὶ
2877 2313 3205 2384 ἀποφάσεις.
3275 2309 3715 2380 Διαγινώσκεται

2131 2413 2264 2466 πᾶσι
2289 2411 2358 2465 τά
2379 2411 2653 2483 δράματα,
2691 2409 2974 2479 συγχεῖται
3012 2408 3120 2472 πᾶς
3158 2406 3188 2459 6
3233 2405 3383 2471 λαὸς,
3415 2406 3710 2474 συγχεῖται

2128 2505 2196 2558 τά
2225 2503 2335 2558 τῶν
2367 2503 2591 2573 ἑορτῶν,
2621 2503 2649 2556 6
2677 2500 2842 2571 φόὸος
2874 2499 3052 2571 φυγὴν
3081 2499 3323 2571 ἐμποιεῖ,
3350 2498 3444 2553 καὶ
3500 2497 3711 2567 φυγόν-

2127 2615 2218 2660 τες
2244 2597 2272 2651 ὃ
2301 2613 2359 2650 τε
2389 2596 2586 2668 κλῆρος
2639 2597 2735 2649 καί
2778 2593 2841 2648 τὸ
2892 2592 3103 2648 ⁴πιστὸν
3136 2592 3282 2647 ἅπαν
3316 2591 3409 2646 τοῦ
3444 2591 3574 2646 λαοῦ
3613 2591 3711 2644 καὶ

2131 2691 2236 2746 τῶν
2255 2693 2312 2744 ἒν
2334 2688 2694 2760 άξιώμασι,τὸ
2717 2687 2858 2742 θεῖον
2881 2686 3072 2758 Πάσχα
3095 2688 3154 2740 ὲν
3167 2684 3409 2758 δημοσίῳ
3457 2686 3562 2738 τινὶ
3587 2684 3714 2736 λου-

2131 2785 2244 2856 τρῷ
2267 2783 2764 2855 (Κωνσταντιαναῖς
2781 2778 2938 2834 τοῦτό
2973 2784 3160 2850 φασιν)
3187 2779 3498 2846 ἐπετέλουν,
3529 2777 3620 2848 τῆς
3649 2794 3709 2830 τε

2133 2875 2326 2939 νυκτὸς
2345 2875 2558 2944 ἐκείνης
2578 2874 2697 2936 ταῖς
2711 2870 3562 2942 δοξολογίαιςὲπαγρυπνοῠντες,
3581 2869 3712 2934 τούς

2134 2985 2191 3021 τε
2219 2965 2625 3038 καστηχηθέντας
2679 2962 3058 3035 βαπτίζοντες,
3090 2962 3185 3018 και
3239 2961 3310 3015 τὰ
3348 2961 3578 3016 εἰωθότα
3630 2961 3713 3030 τῷ

447 3051 540 3120 qui
592 3059 750 3105 erant
797 3051 1074 3106 catechesi
1131 3051 1387 3117 instituti,
1427 3052 1794 3122 baptizantes,
1842 3061 1897 3108 et
1939 3069 2025 3119 ea,

2135 3059 2311 3130 καιρῷ
2339 3056 2798 3127 λειτουργοῦντες.
2831 3054 3320 3128 Προσαναφὲρουσι
3366 3054 3464 3108 καὶ
3527 3053 3714 3108 ταῦτα

449 3161 573 3214 qua:
613 3146 844 3215 tempori
903 3147 1256 3212 conveniunt,
1313 3162 1537 3201 munera
1584 3149 1868 3202 obeuntes.
1907 3147 2033 3202 llaec

450 3253 669 3308 quoque
697 3239 808 3293 cito
842 3237 1097 3294 deferunt
1129 3238 1197 3292 ad
1240 3239 1646 3309 imperatorem,
1675 3242 1768 3312 qui
1797 3242 1865 3297 ad
1893 3241 2034 3296 mala

450 3340 610 3385 erant
657 3329 940 3385 audaces:
995 3331 1192 3401 partim
1251 3332 1469 3402 quidem
1519 3332 1816 3399 timentes,
1870 3349 1936 3389 ne
1987 3333 2034 3390 si

454 3423 651 3496 fuisset
708 3423 996 3494 ingressus
1051 3433 1105 3479 et
1160 3423 1330 3478 solam
1389 3424 1690 3482 invenisset.
1745 3426 2035 3482 ecclesiam

454 3511 774 3586 imperator,
820 3516 1006 3587 populi
1047 3515 1266 3586 quidem
1302 3528 1660 3588 cognosceret
1704 3519 2036 3574 benevolen-

454 3607 610 3670 tiam,
665 3621 763 3662 eos
811 3615 992 3661 autem
1043 3607 1332 3661 damnaret
1366 3607 1634 3664 invidize:
1677 3611 1874 3679 partim
1909 3626 2038 3665 vero

455 3699 560 3753 hoc
592 3710 836 3770 agentes.
877 3709 1164 3766 tttomnes,
1195 3699 1289 3769 qui
1325 3699 1436 3755 illic
1462 3712 1618 3756 erant
1639 3740 1654 3767 ,
1685 3703 2041 3758 ulcisceretur

456 3793 773 3863 imperator.
809 3793 949 3847 lline
985 3805 1267 3864 assumpto
1307 3793 1500 3857 Lucio,
1534 3797 1623 3866 qui
1668 3805 1953 3852 cratsecta
1987 3804 2040 3851 et

456 3885 730 3941 sententia
781 3886 1027 3956 gentilis,
1064 3895 1120 3942 et
1152 3902 1218 3942 eo
1241 3902 1402 3958 quem
1429 3888 1532 3942 sub
1564 3903 1622 3943 se
1650 3904 1840 3944 recens
1874 3890 2038 3942 habe-

459 3978 552 4032 bat
601 3979 868 4044 exercitu,
922 3995 1116 4050 nempe
1172 3978 1480 4037 Thracibus
1537 3982 1763 4037 armatis
1819 3983 2042 4036 circiter

457 4070 895 4142 quadringentis,
929 4073 1175 4129 secunda
1211 4075 1390 4130 noctis
1429 4073 1612 4146 vigilia
1646 4075 1720 4146 (ο
1764 4091 1882 4144 quae
1927 4075 2039 4130 illic

457 4168 588 4216 sunt
614 4177 710 4232 per
737 4178 1010 4218 summam
1051 4175 1360 4240 perpetrata
1393 4168 1707 4232 audaciam,
1742 4186 1862 4240 quae
1895 4171 2041 4239 quis-

445 4248 583 4304 nam
613 4250 775 4321 digne
799 4251 966 4308 fuerit
995 4253 1328 4312 lamentatus
1352 4258 1415 4329 ?)
1449 4268 1670 4330 repente
1697 4260 2041 4330 impudenter

459 4342 801 4412 irruperunt,
831 4352 885 4398 et
915 4361 1011 4416 per
1035 4347 1247 4402 medias
1289 4351 1482 4406 turbas
1521 4352 1586 4406 ad
1621 4331 1845 4407 sanctas
1866 4370 2042 4425 usque

2133 3153 2210 3223 τῷ
2243 3150 2454 3222 βασιλεί
2475 3151 2524 3203 οἱ
2551 3148 2821 3218 τολμηταὶ
2847 3146 2956 3200 τῶν
2981 3145 3190 3213 κακῶν,
3220 3144 3379 3200 τοῦτο
3410 3144 3529 3217 μὲν,
3554 3145 3716 3199 δεδιύο

2135 3261 2222 3305 τες
2260 3244 2334 3315 μή
2373 3259 2490 3306 πως
2531 3241 2790 3297 εἰσελθὼν
2829 3241 2925 3295 καὶ
2962 3240 3132 3311 μόνην
3159 3236 3337 3310 εὑρὼν
3365 3239 3464 3311 τὴν
3510 3239 3720 3312 ἐκκλη-

2137 3338 2259 3390 σίαν
2289 3338 2317 3389 6
2356 3334 2605 3406 βασιλεὺς
2633 3333 2730 3387 τοῦ
2755 3333 2886 3387 λαοῦ
2919 3333 3018 3405 μὲν
3069 3332 3169 3404 τὴν
3215 3331 3429 3386 εὕνοιαν
3484 3334 3715 3404 διαγνῷ,

2140 3431 2239 3500 τῆς
2267 3427 2567 3499 βασκανίας
2609 3427 2666 3481 δὲ
2700 3427 2882 3481 αὐτῶν
2927 3424 3204 3496 καταγνῷ·
3252 3424 3412 3479 τοῦτο
3466 3424 3544 3485 δὲ.
3578 3425 3720 3495 πρὸς

2139 3523 2352 3594 ἄμυναν
2381 3521 2487 3574 τῶν
2513 3522 2630 3574 ἐκεῖ
2685 3520 2902 3573 πάντων
2945 3517 3199 3588 γενέσθαι
3229 3516 3319 3571 τὸν
3348 3517 3571 3588 βασιλέα
3603 3534 3719 3573 πα-

2143 3613 2592 3689 ρασκευάζοντες.
2666 3612 2946 3666 Ἐντεῦθεν
2996 3610 3256 3675 λαϐόντες
3310 3611 3401 3664 τὴν
3461 3609 3717 3676 Λούκιον,

2141 3709 2200 3773 ὃς
2230 3704 2298 3781 ἦν
2342 3707 2742 3779 Ἑλληνύφρων,
2765 3705 2858 3759 καὶ
2893 3705 2989 3776 τὴν
3015 3704 3109 3757 τοῦ
3135 3704 3225 3757 ὑπ’
3264 3704 3430 3758 αὐτὸν
3480 3706 3717 3776 στρατοῦ

2143 3802 2411 3866 νεολαίαν,
2441 3800 2659 3871 Θρᾷκας
2692 3799 2937 3870 ξιφήρεις
2971 3797 3102 3850 ὡσεὶ
3147 3797 3560 3865 τετρακοσίους,
3599 3796 3723 3850 δευ-

2143 3893 2276 3963 τέρα
2302 3890 2516 3960 φυλακῇ
2556 3891 2653 3959 τῆς
2685 3889 2882 3952 νυκτὸς
2906 3885 2974 3957 (ὦ
3016 3887 3123 3940 τῶν
3156 3888 3273 3939 ἐκεῖ
3301 3885 3719 3958 τολμηθέντων,

2141 3987 2177 4043 ἃ.
2224 3988 2306 4050 τίς
2343 3985 2611 4056 Ἱερεμίας
2663 3983 2829 4049 ἀξίως
2881 3981 3267 4055 θρηνήσειεν;)
3313 3981 3733 4050 αίφνίδιονίταε.

2145 4079 2264 4150 μῶς
2340 4077 2728 4147 εἰσεπήδησαν.
2780 4075 2892 4131 Καὶ
2936 4074 3312 4143 διασχίσαντες
3359 4073 3486 4136 τοὺς
3529 4074 3724 4145 ὄχλους

2143 4169 2414 4242 χωροῦσιν
2452 4169 2597 4224 ἔνδον
2636 4168 2746 4221 τῶν
2799 4169 2970 4235 ἁγίων
3024 4167 3256 4230 ὑδάτων,
3307 4165 3577 4220 κωλύουσι
3611 4166 3726 4220 τῶν

2147 4264 2472 4335 μυουμένων
2517 4262 2617 4331 τὴν
2644 4261 2801 4314 θείαν
2848 4262 3268 4330 μυσταγωγίαν,
3301 4261 3722 4314 ἀντιτάσσονται

2146 4359 2259 4419 τοῖς
2285 4356 2578 4419 διακόνοις,
2614 4355 2710 4408 atati.
2735 4351 2803 4426 ἦν
2837 4354 2964 4406 ἰδεῖν
2992 4353 3294 4423 ἐκχεόμενα
3322 4353 3390 4407 τὰ
3416 4352 3524 4406 τῶν
3560 4353 3722 4406 θείων

459 4446 633 4503 aquas
652 4435 980 4503 procedunt,
1001 4439 1299 4507 prohibent
1320 4441 1632 4496 divinorum
1660 4445 2031 4514 mysteriorum

2150 4448 2434 4520 συμϐόλων
2478 4448 2783 4520 μυστήριλο
2833 4447 3056 4501 παίουσι
3107 4447 3366 4519 ῥοπάλοις
3408 4446 3507 4510 τάς
3547 4446 3724 4519 κάρας

462 4526 913 4593 celebrationem,
960 4531 1133 4584 aciem
1182 4540 1401 4586 struunt
1459 4545 1648 4588 contra
1709 4537 2044 4605 ministros;

460 4615 767 4688 licebatque
831 4622 1019 4677 videre
1076 4623 1246 4678 effusa
1301 4625 1612 4682 divinorum
1671 4631 2044 4701 symbolarum

462 4712 749 4782 mysteria,
785 4713 1066 4785 clavisque
1112 4721 1429 4786 percutiunt
1461 4723 1637 4789 capita
1673 4723 2043 4790 sacerdotum,

463 4806 738 4873 sanguine
794 4809 1129 4877 pemiscent
1191 4827 1406 4866 sacram
1479 4814 1769 4884 piscinam.
1843 4815 2048 4872 Deinde

462 4896 640 4966 quid?
671 4891 906 4970 Fugiunt
925 4903 1118 4956 omnes
1153 4921 1165 4956 :
1209 4905 1520 4962 miserabile
1555 4908 1927 4977 spectaculum
1957 4909 2044 4977 iis,

462 4990 559 5060 qui
590 4992 704 5046 illic
757 5001 915 5046 erant
947 4994 1179 5050 detenti.
1229 4996 1361 5050 Nam
1406 5012 1473 5052 ex
1514 4999 1782 5056 militibus
1824 5002 2044 5070 quidem

463 5086 606 5141 alius
649 5085 915 5156 virginem
972 5088 1246 5153 trahebat,
1303 5099 1562 5161 tanquam
1609 5093 1845 5163 praedam
1905 5095 2046 5150 bello

463 5187 679 5248 captam
721 5196 732 5232 :
783 5178 922 5234 alius
971 5189 1151 5234 autem
1197 5183 1449 5247 tunicas,
1501 5184 1642 5240 alius
1689 5199 1818 5241 vero
1858 5186 2046 5242 divina

463 5272 723 5340 mysteria
747 5279 802 5326 et
841 5288 969 5329 vasa
1011 5274 1274 5344 pretiosa.
1305 5275 1634 5334 δοται-(ἔωθε
1677 5279 2057 5348 conﬁcieban-

465 5370 555 5415 tur
591 5363 645 5418 in
695 5379 978 5430 carceres,
1026 5367 1443 5438 expellebantur
1501 5371 1883 5442 magistratus,
1942 5371 2050 5429 fre-

463 5453 688 5524 quentia
714 5456 1137 5526 proferebantur
1163 5459 1366 5523 edicta,
1382 5468 1436 5516 et
1453 5462 1614 5517 minae
1637 5463 2049 5520 intentabantur

465 5547 893 5617 frequentiores,
918 5567 1039 5620 qua:
1054 5551 1322 5622 jubebant
1351 5554 1612 5626 abnegari
1645 5556 1874 5614 Joannis
1892 5573 2049 5613 com-

468 5640 808 5696 munionem.
833 5639 939 5697 Sed
970 5643 1052 5698 sic
1078 5661 1298 5716 quoque
1328 5662 1437 5701 non
1464 5649 1739 5715 cessabat,
1761 5651 1890 5707 ,imo
1915 5665 2047 5706 vero

469 5737 642 5804 magis
709 5734 1073 5792 invalescebat
1120 5748 1177 5794 et
1223 5740 1687 5797 corroborabatur
1749 5743 1881 5800 ﬁdes

543 5941 588 5973 ²⁶
619 5941 788 5997 Exod.
823 5957 858 6008 ι,
897 5942 975 5998 19..

1921 5762 1933 5798 :
1983 5754 2037 5801 et
2071 5745 2351 5816 quomodo
2390 5748 2596 5802 dictum
2641 5757 2727 5802 est
2766 5748 2820 5801 in
2877 5747 3037 5802 Exitu
3065 5745 3230 5804 Israel
3270 5766 3282 5802 :

467 5841 555 5880 eos
614 5824 938 5894 occidebant,
995 5847 1053 5885 eo
1109 5834 1276 5905 magis
1330 5837 1627 5890 crescebant
1665 5836 1731 5889 ".
1774 5836 1910 5893 llinc
1949 5854 2044 5896 cos
2083 5837 2367 5898 Joannitas
2404 5841 2755 5896 nominarunt
2785 5841 3217 5899 cacodtetnoues.

2147 4543 2254 4596 τῶν
2285 4541 2498 4612 ἱερέων,
2523 4540 2720 4609 αἵμασι
2744 4540 2972 4608 κιρνῶσι
2995 4539 3096 4611 τὴν
3138 4538 3551 4611 κολυμϐήθραν.
3589 4537 3727 4594 Εἶτα

2147 4635 2234 4699 τίς
2259 4633 2526 4702 Φεύγουσι
2555 4633 2780 4699 πάντες,
2822 4631 3056 4686 ἐλεεινὸν
3091 4631 3268 4704 θέαμα
3295 4635 3407 4696 τοῖς
3434 4633 3730 4704 καταχθείς

2152 4742 2269 4780 σινο
2307 4729 2336 4780 6
2373 4728 2477 4798 μὲν
2537 4727 2644 4780 τῶν
2705 4725 3054 4798 στρατιωτῶν
3098 4725 3368 4797 παρθένον
3399 4721 3599 4789 εἷλκεν,
3647 4724 3725 4789 ὡς

2151 4818 2396 4889 λάφυρον
2419 4835 2431 4848 ·
2464 4819 2492 4872 6
2515 4817 2571 4871 δὲ
2596 4817 2834 4888 χιτῶνας
2855 4834 2870 4848 ο
2904 4820 2932 4870 6
2957 4817 3011 4869 δὲ
3039 4817 3158 4870 θεῖα
3193 4820 3467 4888 μυστήρια
3488 4820 3583 4872 καὶ
3612 4834 3731 4871 κει-.

2156 4911 2343 4982 Wm-
2389 4911 2451 4962 οἱ
2484 4909 2774 4983 μένεερεῖς
2815 4910 3315 4980 ἐνειρκταῖς,οιδὲ
3367 4913 3424 4964 ὲν
3473 4909 3726 4981 ἀξιώμα-

2154 5021 2238 5058 σιν
2259 5001 2656 5074 ἀπηλαύνοντο.
2707 5002 3063 5072 Διατάγματα
3109 5003 3333 5073 συνεχῆ,
3386 5004 3442 5056 αί
3496 5003 3726 5056 ἀπειλαὶ

2153 5096 2565 5168 συνεχέστεραι,
2631 5097 2730 5165 τὴν
2809 5097 3057 5150 Ἰωάννου
3106 5098 3390 5151 κοινωνίαν
3438 5097 3727 5168 ἀρνεῖσθαι

2154 5189 2610 5259 προστάσσουσαι.
2685 5188 2847 5242 Ἀλλά
2885 5190 2982 5242 καὶ
3033 5189 3207 5253 οὕτως
3253 5190 3313 5242 οὐ
3363 5192 3727 5261 κατηργεῖτο,

2154 5281 2353 5352 μᾶλλον
2396 5280 2495 5350 μὲν
2536 5277 2627 5333 οὖν
2674 5280 3033 5350 ἐκραταιοῦτο
3087 5283 3183 5336 καὶ
3236 5283 3606 5351 ὲπεσφίγγετο
3656 5283 3725 5336 τά

2149 5375 2248 5444 τῆς
2273 5374 2532 5437 πίστεως,
2565 5374 2788 5428 κατὰτὸ
2817 5375 3108 5445 εἰρημένον
3156 5377 3213 5429 ἐν
3259 5379 3327 5448 τῇ
3384 5375 3580 5449 Ἐξόδῳ
3630 5377 3726 5428 τού

2165 5468 2413 5538 Ἰσραήλ⁹
2492 5470 2686 5522 Ὅσον
2739 5467 3098 5522 ἀπέκτεινον
3161 5471 3410 5534 αὐτοὺς,
3472 5469 3729 5524 τοσοῦτο

2147 5560 2400 5622 ,πλείους
2467 5559 2762 5628 ἐγίνοντο.
2827 5560 3110 5616 Ἐντεῦθεν
3177 5563 3483 5627 Ἰωαννξτας
3530 5563 3728 5626 αὐτοὺς

2147 5654 2559 5723 ὲξωνομάκασιν
2589 5655 2634 5706 οἱ
2661 5652 2982 5724 ἀλάστορες.

3370 5749 3486 5817 Quo
3551 5750 3731 5821 magis
