  <div class='ocr_page' id='page_1' title='image "/cluster/home/n/w/nwhite01/storage/ocr_20150623/107/mdp.39015028571910/186.png"; bbox 0 0 4058 6294; ppageno 0'>
   <div class='ocr_carea' id='block_1_1' title="bbox 234 290 336 355">
    <p class='ocr_par' dir='ltr' id='par_1_1' title="bbox 234 290 336 355">
     <span class='ocr_line' id='line_1_1' title="bbox 234 290 336 355; baseline -0.029 0"><span class='ocrx_word' id='word_1_1' title='bbox 234 290 336 355; x_wconf 70' lang='lat'><strong>985</strong></span> 
     </span>
    </p>
   </div>
   <div class='ocr_carea' id='block_1_2' title="bbox 866 279 1799 351">
    <p class='ocr_par' dir='ltr' id='par_1_2' title="bbox 866 287 1799 351">
     <span class='ocr_line' id='line_1_2' title="bbox 866 287 1799 351; baseline -0.006 0"><span class='ocrx_word' id='word_1_2' title='bbox 866 289 1151 351; x_wconf 55' lang='lat' dir='ltr'><strong>ORATIO</strong></span> <span class='ocrx_word' id='word_1_3' title='bbox 1191 288 1411 351; x_wconf 66' lang='lat' dir='ltr'><strong>XVIII.</strong></span> <span class='ocrx_word' id='word_1_4' title='bbox 1448 312 1513 324; x_wconf 68' lang='grc'><strong>’-</strong></span> <span class='ocrx_word' id='word_1_5' title='bbox 1555 287 1799 349; x_wconf 64' lang='grc' dir='ltr'><strong>[ΛΠΙΜ</strong></span> 
     </span>
    </p>
   </div>
   <div class='ocr_carea' id='block_1_3' title="bbox 1902 279 2846 351">
    <p class='ocr_par' dir='ltr' id='par_1_3' title="bbox 1902 279 2846 346">
     <span class='ocr_line' id='line_1_3' title="bbox 1902 279 2846 346; baseline -0.003 -1"><span class='ocrx_word' id='word_1_6' title='bbox 1902 283 1945 345; x_wconf 87' lang='lat'>0</span> <span class='ocrx_word' id='word_1_7' title='bbox 1976 284 2039 346; x_wconf 89' lang='lat' dir='ltr'><strong>S.</strong></span> <span class='ocrx_word' id='word_1_8' title='bbox 2080 281 2402 345; x_wconf 74' lang='lat' dir='ltr'><strong>JOANNIS</strong></span> <span class='ocrx_word' id='word_1_9' title='bbox 2435 279 2846 342; x_wconf 77' lang='lat' dir='ltr'><strong>CHRYSOST.</strong></span> 
     </span>
    </p>
   </div>
   <div class='ocr_carea' id='block_1_4' title="bbox 3383 275 3491 341">
    <p class='ocr_par' dir='ltr' id='par_1_4' title="bbox 3383 275 3491 341">
     <span class='ocr_line' id='line_1_4' title="bbox 3383 275 3491 341; baseline 0.028 -3"><span class='ocrx_word' id='word_1_10' title='bbox 3383 275 3491 341; x_wconf 76' lang='lat'><strong>286</strong></span> 
     </span>
    </p>
   </div>
   <div class='ocr_carea' id='block_1_5' title="bbox 305 390 1799 473">
    <p class='ocr_par' dir='ltr' id='par_1_5' title="bbox 305 399 1799 473">
     <span class='ocr_line' id='line_1_5' title="bbox 305 399 1799 473; baseline -0.004 -18"><span class='ocrx_word' id='word_1_11' title='bbox 305 402 402 464; x_wconf 77' lang='grc' dir='ltr'>κζ’.</span> <span class='ocrx_word' id='word_1_12' title='bbox 452 399 691 463; x_wconf 62' lang='lat' dir='ltr'><strong>&quot;ligarant</strong></span> <span class='ocrx_word' id='word_1_13' title='bbox 738 402 763 454; x_wconf 84' lang='grc' dir='ltr'><strong>ὁ</strong></span> <span class='ocrx_word' id='word_1_14' title='bbox 815 400 1067 472; x_wconf 73' lang='grc' dir='ltr'>βασιλεὺς</span> <span class='ocrx_word' id='word_1_15' title='bbox 1118 402 1255 473; x_wconf 81' lang='grc' dir='ltr'>μετὰ</span> <span class='ocrx_word' id='word_1_16' title='bbox 1291 400 1462 455; x_wconf 74' lang='grc' dir='ltr'>ταῦτα</span> <span class='ocrx_word' id='word_1_17' title='bbox 1510 400 1799 470; x_wconf 83' lang='grc' dir='ltr'>γυμνασίοι</span> 
     </span>
    </p>
   </div>
   <div class='ocr_carea' id='block_1_6' title="bbox 1902 390 3492 473">
    <p class='ocr_par' dir='ltr' id='par_1_6' title="bbox 1986 390 3492 465">
     <span class='ocr_line' id='line_1_6' title="bbox 1986 390 3492 465; baseline -0.001 -18"><span class='ocrx_word' id='word_1_18' title='bbox 1986 395 2077 447; x_wconf 71' lang='lat'><strong>27.</strong></span> <span class='ocrx_word' id='word_1_19' title='bbox 2128 393 2419 465; x_wconf 77' lang='lat' dir='ltr'><strong>Egreditur</strong></span> <span class='ocrx_word' id='word_1_20' title='bbox 2460 404 2579 463; x_wconf 88' lang='lat' dir='ltr'><strong>post</strong></span> <span class='ocrx_word' id='word_1_21' title='bbox 2620 393 2733 446; x_wconf 77' lang='lat' dir='ltr'><strong>luee</strong></span> <span class='ocrx_word' id='word_1_22' title='bbox 2764 392 3061 463; x_wconf 89' lang='lat' dir='ltr'><strong>imperator</strong></span> <span class='ocrx_word' id='word_1_23' title='bbox 3085 404 3119 447; x_wconf 88' lang='lat' dir='ltr'><strong>c</strong></span> <span class='ocrx_word' id='word_1_24' title='bbox 3155 390 3492 463; x_wconf 67' lang='lat' dir='ltr'><strong>regia‘causa</strong></span> 
     </span>
    </p>
   </div>
   <div class='ocr_carea' id='block_1_7' title="bbox 238 490 1808 564">
    <p class='ocr_par' dir='ltr' id='par_1_7' title="bbox 238 490 1808 564">
     <span class='ocr_line' id='line_1_7' title="bbox 238 490 1808 564; baseline -0.003 -17"><span class='ocrx_word' id='word_1_25' title='bbox 238 496 383 564; x_wconf 69' lang='grc' dir='ltr'>χάριν</span> <span class='ocrx_word' id='word_1_26' title='bbox 411 492 516 544; x_wconf 87' lang='grc' dir='ltr'><strong>τῶν</strong></span> <span class='ocrx_word' id='word_1_27' title='bbox 551 492 860 562; x_wconf 69' lang='grc' dir='ltr'>βασιλείων·</span> <span class='ocrx_word' id='word_1_28' title='bbox 896 496 989 546; x_wconf 68' lang='grc' dir='ltr'><strong>καὶ</strong></span> <span class='ocrx_word' id='word_1_29' title='bbox 1020 493 1210 564; x_wconf 77' lang='grc' dir='ltr'>βλέπει</span> <span class='ocrx_word' id='word_1_30' title='bbox 1236 493 1297 546; x_wconf 69' lang='grc' dir='ltr'>τὸ</span> <span class='ocrx_word' id='word_1_31' title='bbox 1324 492 1506 546; x_wconf 79' lang='grc' dir='ltr'>πεδίον</span> <span class='ocrx_word' id='word_1_32' title='bbox 1533 490 1808 563; x_wconf 77' lang='grc' dir='ltr'><strong>μακρόθεν</strong></span> 
     </span>
    </p>
   </div>
   <div class='ocr_carea' id='block_1_8' title="bbox 237 578 1808 653">
    <p class='ocr_par' dir='ltr' id='par_1_8' title="bbox 237 578 1808 653">
     <span class='ocr_line' id='line_1_8' title="bbox 237 578 1808 653; baseline -0.001 -19"><span class='ocrx_word' id='word_1_33' title='bbox 237 581 606 653; x_wconf 78' lang='grc' dir='ltr'>λευχειμονοῦν</span> <span class='ocrx_word' id='word_1_34' title='bbox 639 584 749 646; x_wconf 84' lang='grc' dir='ltr'>τοῖς</span> <span class='ocrx_word' id='word_1_35' title='bbox 794 584 1197 652; x_wconf 75' lang='grc' dir='ltr'>νεοφωτίστοις.</span> <span class='ocrx_word' id='word_1_36' title='bbox 1231 580 1513 653; x_wconf 76' lang='grc' dir='ltr'>Θαυμάζει</span> <span class='ocrx_word' id='word_1_37' title='bbox 1556 579 1634 652; x_wconf 77' lang='grc' dir='ltr'><strong>τῷ</strong></span> <span class='ocrx_word' id='word_1_38' title='bbox 1680 578 1808 632; x_wconf 67' lang='grc' dir='ltr'>θεάς</span> 
     </span>
    </p>
   </div>
   <div class='ocr_carea' id='block_1_9' title="bbox 238 673 1806 747">
    <p class='ocr_par' dir='ltr' id='par_1_9' title="bbox 238 673 1806 747">
     <span class='ocr_line' id='line_1_9' title="bbox 238 673 1806 747; baseline -0.002 -19"><span class='ocrx_word' id='word_1_39' title='bbox 238 693 358 745; x_wconf 84' lang='grc' dir='ltr'>ματι</span> <span class='ocrx_word' id='word_1_40' title='bbox 379 718 390 735; x_wconf 90' lang='lat'><strong>,</strong></span> <span class='ocrx_word' id='word_1_41' title='bbox 421 676 523 744; x_wconf 76' lang='grc' dir='ltr'>γῆς</span> <span class='ocrx_word' id='word_1_42' title='bbox 555 675 713 738; x_wconf 81' lang='grc' dir='ltr'>ἄνθος</span> <span class='ocrx_word' id='word_1_43' title='bbox 740 676 913 729; x_wconf 80' lang='grc' dir='ltr'>δοκῶν</span> <span class='ocrx_word' id='word_1_44' title='bbox 942 676 1002 730; x_wconf 83' lang='grc' dir='ltr'>τὸ</span> <span class='ocrx_word' id='word_1_45' title='bbox 1044 676 1341 747; x_wconf 87' lang='grc' dir='ltr'>ὁρώμενον.</span> <span class='ocrx_word' id='word_1_46' title='bbox 1382 674 1657 746; x_wconf 75' lang='grc' dir='ltr'>’Υπῆρχον</span> <span class='ocrx_word' id='word_1_47' title='bbox 1698 673 1806 744; x_wconf 75' lang='grc' dir='ltr'><strong>γὰρ</strong></span> 
     </span>
    </p>
   </div>
   <div class='ocr_carea' id='block_1_10' title="bbox 235 769 1804 842">
    <p class='ocr_par' dir='ltr' id='par_1_10' title="bbox 235 769 1804 842">
     <span class='ocr_line' id='line_1_10' title="bbox 235 769 1804 842; baseline -0.002 -19"><span class='ocrx_word' id='word_1_48' title='bbox 235 770 354 838; x_wconf 70' lang='grc' dir='ltr'>περὶ</span> <span class='ocrx_word' id='word_1_49' title='bbox 388 769 717 840; x_wconf 73' lang='grc' dir='ltr'><strong>τρισχιλίους</strong></span> <span class='ocrx_word' id='word_1_50' title='bbox 761 770 812 822; x_wconf 80' lang='grc' dir='ltr'><strong>οἱ</strong></span> <span class='ocrx_word' id='word_1_51' title='bbox 843 770 1212 840; x_wconf 79' lang='grc' dir='ltr'>νεοφώτιστοι.</span> <span class='ocrx_word' id='word_1_52' title='bbox 1246 772 1491 842; x_wconf 78' lang='grc' dir='ltr'>Διερωτᾷ</span> <span class='ocrx_word' id='word_1_53' title='bbox 1532 771 1585 823; x_wconf 83' lang='grc' dir='ltr'><strong>τί</strong></span> <span class='ocrx_word' id='word_1_54' title='bbox 1616 771 1679 825; x_wconf 85' lang='grc' dir='ltr'>ἄν</span> <span class='ocrx_word' id='word_1_55' title='bbox 1719 769 1804 839; x_wconf 82' lang='grc' dir='ltr'><strong>εἴη</strong></span> 
     </span>
    </p>
   </div>
   <div class='ocr_carea' id='block_1_11' title="bbox 234 860 1805 934">
    <p class='ocr_par' dir='ltr' id='par_1_11' title="bbox 234 860 1805 934">
     <span class='ocr_line' id='line_1_11' title="bbox 234 860 1805 934; baseline -0.001 -21"><span class='ocrx_word' id='word_1_56' title='bbox 234 860 380 913; x_wconf 76' lang='grc' dir='ltr'>τοῦτο</span> <span class='ocrx_word' id='word_1_57' title='bbox 429 860 566 927; x_wconf 78' lang='grc' dir='ltr'>(καὶ</span> <span class='ocrx_word' id='word_1_58' title='bbox 630 863 729 932; x_wconf 78' lang='grc' dir='ltr'>ὅρα</span> <span class='ocrx_word' id='word_1_59' title='bbox 771 863 836 932; x_wconf 79' lang='grc' dir='ltr'><strong>δή</strong></span> <span class='ocrx_word' id='word_1_60' title='bbox 871 880 960 931; x_wconf 90' lang='grc' dir='ltr'><strong>μοι</strong></span> <span class='ocrx_word' id='word_1_61' title='bbox 1002 862 1098 930; x_wconf 78' lang='grc' dir='ltr'>τῆς</span> <span class='ocrx_word' id='word_1_62' title='bbox 1140 864 1383 934; x_wconf 76' lang='grc' dir='ltr'>πονηρᾶς</span> <span class='ocrx_word' id='word_1_63' title='bbox 1424 862 1678 931; x_wconf 79' lang='grc' dir='ltr'><strong>γλώσσης</strong></span> <span class='ocrx_word' id='word_1_64' title='bbox 1710 861 1805 931; x_wconf 78' lang='grc' dir='ltr'><strong>τὴν</strong></span> 
     </span>
    </p>
   </div>
   <div class='ocr_carea' id='block_1_12' title="bbox 226 951 1806 1023">
    <p class='ocr_par' dir='ltr' id='par_1_12' title="bbox 226 951 1806 1023">
     <span class='ocr_line' id='line_1_12' title="bbox 226 951 1806 1023; baseline 0.001 -19"><span class='ocrx_word' id='word_1_65' title='bbox 226 951 539 1020; x_wconf 77' lang='grc' dir='ltr'>ἐξαπάτην)·</span> <span class='ocrx_word' id='word_1_66' title='bbox 559 951 679 1004; x_wconf 87' lang='grc' dir='ltr'><strong>Τῶν</strong></span> <span class='ocrx_word' id='word_1_67' title='bbox 709 953 1054 1023; x_wconf 72' lang='grc' dir='ltr'><strong>ἑτεροδόξων,</strong></span> <span class='ocrx_word' id='word_1_68' title='bbox 1083 952 1315 1022; x_wconf 77' lang='grc' dir='ltr'>ἔφησαν,</span> <span class='ocrx_word' id='word_1_69' title='bbox 1345 953 1806 1008; x_wconf 78' lang='grc' dir='ltr'>Οὐαλεντινιανῶν</span> 
     </span>
    </p>
   </div>
   <div class='ocr_carea' id='block_1_13' title="bbox 233 1045 1803 1118">
    <p class='ocr_par' dir='ltr' id='par_1_13' title="bbox 233 1045 1803 1118">
     <span class='ocr_line' id='line_1_13' title="bbox 233 1045 1803 1118; baseline 0.001 -23"><span class='ocrx_word' id='word_1_70' title='bbox 233 1048 374 1096; x_wconf 79' lang='grc' dir='ltr'>ἐστιν</span> <span class='ocrx_word' id='word_1_71' title='bbox 401 1048 430 1113; x_wconf 80' lang='grc' dir='ltr'>ἡ</span> <span class='ocrx_word' id='word_1_72' title='bbox 453 1045 682 1114; x_wconf 69' lang='grc' dir='ltr'>πληθύς.</span> <span class='ocrx_word' id='word_1_73' title='bbox 704 1046 814 1099; x_wconf 75' lang='grc' dir='ltr'><strong>Καὶ</strong></span> <span class='ocrx_word' id='word_1_74' title='bbox 842 1047 957 1116; x_wconf 73' lang='grc' dir='ltr'><strong>ἅμα</strong></span> <span class='ocrx_word' id='word_1_75' title='bbox 980 1045 1056 1117; x_wconf 80' lang='grc' dir='ltr'><strong>τῷ</strong></span> <span class='ocrx_word' id='word_1_76' title='bbox 1088 1048 1255 1118; x_wconf 78' lang='grc' dir='ltr'>λόγῳ,</span> <span class='ocrx_word' id='word_1_77' title='bbox 1277 1048 1451 1117; x_wconf 84' lang='grc' dir='ltr'>λάθρα</span> <span class='ocrx_word' id='word_1_78' title='bbox 1480 1048 1596 1097; x_wconf 83' lang='grc' dir='ltr'>κατ’</span> <span class='ocrx_word' id='word_1_79' title='bbox 1626 1045 1803 1097; x_wconf 73' lang='grc' dir='ltr'>αὐτῶν</span> 
     </span>
    </p>
   </div>
   <div class='ocr_carea' id='block_1_14' title="bbox 226 1133 1805 1208">
    <p class='ocr_par' dir='ltr' id='par_1_14' title="bbox 226 1133 1805 1208">
     <span class='ocr_line' id='line_1_14' title="bbox 226 1133 1805 1208; baseline 0.001 -22"><span class='ocrx_word' id='word_1_80' title='bbox 226 1133 463 1203; x_wconf 73' lang='grc' dir='ltr'>ὁρμῶσιν</span> <span class='ocrx_word' id='word_1_81' title='bbox 499 1135 687 1206; x_wconf 77' lang='grc' dir='ltr'>ἄνδρες</span> <span class='ocrx_word' id='word_1_82' title='bbox 724 1136 996 1208; x_wconf 63' lang='grc' dir='ltr'>ξιφήρεις.</span> <span class='ocrx_word' id='word_1_83' title='bbox 1032 1136 1141 1190; x_wconf 78' lang='grc' dir='ltr'><strong>Καὶ</strong></span> <span class='ocrx_word' id='word_1_84' title='bbox 1169 1139 1234 1191; x_wconf 77' lang='grc' dir='ltr'>τὰ</span> <span class='ocrx_word' id='word_1_85' title='bbox 1262 1138 1356 1191; x_wconf 79' lang='grc' dir='ltr'><strong>ἐττί</strong></span> <span class='ocrx_word' id='word_1_86' title='bbox 1384 1137 1595 1199; x_wconf 81' lang='grc' dir='ltr'>τούτοις</span> <span class='ocrx_word' id='word_1_87' title='bbox 1627 1138 1708 1199; x_wconf 82' lang='grc' dir='ltr'><strong>τίς</strong></span> <span class='ocrx_word' id='word_1_88' title='bbox 1739 1136 1805 1189; x_wconf 83' lang='grc' dir='ltr'><strong>ἂν</strong></span> 
     </span>
    </p>
   </div>
   <div class='ocr_carea' id='block_1_15' title="bbox 231 1226 1801 1305">
    <p class='ocr_par' dir='ltr' id='par_1_15' title="bbox 231 1226 1801 1305">
     <span class='ocr_line' id='line_1_15' title="bbox 231 1226 1801 1305; baseline 0.003 -29"><span class='ocrx_word' id='word_1_89' title='bbox 231 1226 377 1293; x_wconf 78' lang='grc' dir='ltr'>λόγος</span> <span class='ocrx_word' id='word_1_90' title='bbox 413 1228 855 1299; x_wconf 75' lang='grc' dir='ltr'>παραδηλώσειες</span> <span class='ocrx_word' id='word_1_91' title='bbox 886 1229 1046 1284; x_wconf 86' lang='grc' dir='ltr'>πάλιν</span> <span class='ocrx_word' id='word_1_92' title='bbox 1078 1229 1319 1301; x_wconf 73' lang='grc' dir='ltr'>πληγαὶ,</span> <span class='ocrx_word' id='word_1_93' title='bbox 1351 1230 1512 1283; x_wconf 74' lang='grc' dir='ltr'>πάλιν</span> <span class='ocrx_word' id='word_1_94' title='bbox 1540 1229 1801 1305; x_wconf 80' lang='grc' dir='ltr'>βάσανοι,</span> 
     </span>
    </p>
   </div>
   <div class='ocr_carea' id='block_1_16' title="bbox 227 1321 1804 1395">
    <p class='ocr_par' dir='ltr' id='par_1_16' title="bbox 227 1321 1804 1395">
     <span class='ocr_line' id='line_1_16' title="bbox 227 1321 1804 1395; baseline 0.003 -24"><span class='ocrx_word' id='word_1_95' title='bbox 227 1321 382 1373; x_wconf 78' lang='grc' dir='ltr'>πάλιν</span> <span class='ocrx_word' id='word_1_96' title='bbox 410 1321 605 1389; x_wconf 80' lang='grc' dir='ltr'>δεσμὰ,</span> <span class='ocrx_word' id='word_1_97' title='bbox 634 1324 797 1376; x_wconf 83' lang='grc' dir='ltr'>πάλιν</span> <span class='ocrx_word' id='word_1_98' title='bbox 821 1324 1078 1392; x_wconf 80' lang='grc' dir='ltr'>φυλακαί.</span> <span class='ocrx_word' id='word_1_99' title='bbox 1112 1324 1195 1377; x_wconf 84' lang='grc' dir='ltr'><strong>Τὰ</strong></span> <span class='ocrx_word' id='word_1_100' title='bbox 1217 1325 1583 1395; x_wconf 75' lang='grc' dir='ltr'><strong>δεσμωτήρια,</strong></span> <span class='ocrx_word' id='word_1_101' title='bbox 1610 1324 1804 1393; x_wconf 84' lang='grc' dir='ltr'>ἐκκλη-</span> 
     </span>
    </p>
   </div>
   <div class='ocr_carea' id='block_1_17' title="bbox 227 1410 1802 1486">
    <p class='ocr_par' dir='ltr' id='par_1_17' title="bbox 227 1410 1802 1486">
     <span class='ocr_line' id='line_1_17' title="bbox 227 1410 1802 1486; baseline 0.003 -24"><span class='ocrx_word' id='word_1_102' title='bbox 227 1410 372 1475; x_wconf 84' lang='grc' dir='ltr'>σίαι,</span> <span class='ocrx_word' id='word_1_103' title='bbox 418 1412 599 1482; x_wconf 85' lang='grc' dir='ltr'>πλήρη</span> <span class='ocrx_word' id='word_1_104' title='bbox 651 1412 837 1483; x_wconf 77' lang='grc' dir='ltr'>ὕμνων</span> <span class='ocrx_word' id='word_1_105' title='bbox 885 1417 979 1468; x_wconf 70' lang='grc' dir='ltr'><strong>καὶ</strong></span> <span class='ocrx_word' id='word_1_106' title='bbox 1026 1413 1376 1483; x_wconf 70' lang='grc' dir='ltr'>δοξολογιῶνο</span> <span class='ocrx_word' id='word_1_107' title='bbox 1410 1417 1464 1469; x_wconf 82' lang='grc' dir='ltr'>αἱ</span> <span class='ocrx_word' id='word_1_108' title='bbox 1515 1415 1802 1486; x_wconf 74' lang='grc' dir='ltr'>ἐκκλησίαι</span> 
     </span>
    </p>
   </div>
   <div class='ocr_carea' id='block_1_18' title="bbox 222 1504 1803 1577">
    <p class='ocr_par' dir='ltr' id='par_1_18' title="bbox 222 1504 1803 1577">
     <span class='ocr_line' id='line_1_18' title="bbox 222 1504 1803 1577; baseline 0.003 -23"><span class='ocrx_word' id='word_1_109' title='bbox 222 1504 434 1572; x_wconf 79' lang='grc' dir='ltr'>χείρους</span> <span class='ocrx_word' id='word_1_110' title='bbox 473 1504 885 1576; x_wconf 79' lang='grc' dir='ltr'><strong>δεσμωτηρίων,</strong></span> <span class='ocrx_word' id='word_1_111' title='bbox 921 1506 1142 1571; x_wconf 83' lang='grc' dir='ltr'>ποινῶν,</span> <span class='ocrx_word' id='word_1_112' title='bbox 1179 1506 1460 1576; x_wconf 87' lang='grc' dir='ltr'>μαστίγων</span> <span class='ocrx_word' id='word_1_113' title='bbox 1493 1505 1803 1577; x_wconf 80' lang='grc' dir='ltr'>πληρέστα-</span> 
     </span>
    </p>
   </div>
   <div class='ocr_carea' id='block_1_19' title="bbox 222 1594 1801 1670">
    <p class='ocr_par' dir='ltr' id='par_1_19' title="bbox 222 1594 1801 1670">
     <span class='ocr_line' id='line_1_19' title="bbox 222 1594 1801 1670; baseline 0.006 -25"><span class='ocrx_word' id='word_1_114' title='bbox 222 1609 326 1656; x_wconf 82' lang='grc' dir='ltr'>ται,</span> <span class='ocrx_word' id='word_1_115' title='bbox 355 1594 446 1647; x_wconf 76' lang='grc' dir='ltr'><strong>καὶ</strong></span> <span class='ocrx_word' id='word_1_116' title='bbox 478 1596 887 1667; x_wconf 80' lang='grc' dir='ltr'>στρεϐλώσεων.</span> <span class='ocrx_word' id='word_1_117' title='bbox 919 1598 1037 1651; x_wconf 87' lang='grc' dir='ltr'>Ἔτι</span> <span class='ocrx_word' id='word_1_118' title='bbox 1071 1598 1241 1669; x_wconf 73' lang='grc' dir='ltr'>μῆνες</span> <span class='ocrx_word' id='word_1_119' title='bbox 1277 1601 1334 1652; x_wconf 88' lang='grc' dir='ltr'><strong>ἐν</strong></span> <span class='ocrx_word' id='word_1_120' title='bbox 1366 1600 1518 1670; x_wconf 79' lang='grc' dir='ltr'>μέσῳ</span> <span class='ocrx_word' id='word_1_121' title='bbox 1548 1600 1642 1654; x_wconf 82' lang='grc' dir='ltr'><strong>δύο</strong></span> <span class='ocrx_word' id='word_1_122' title='bbox 1665 1644 1679 1665; x_wconf 91' lang='grc'><strong>,</strong></span> <span class='ocrx_word' id='word_1_123' title='bbox 1711 1602 1801 1654; x_wconf 70' lang='grc' dir='ltr'><strong>καὶ</strong></span> 
     </span>
    </p>
   </div>
   <div class='ocr_carea' id='block_1_20' title="bbox 218 1685 1801 1762">
    <p class='ocr_par' dir='ltr' id='par_1_20' title="bbox 218 1685 1801 1762">
     <span class='ocr_line' id='line_1_20' title="bbox 218 1685 1801 1762; baseline 0.008 -27"><span class='ocrx_word' id='word_1_124' title='bbox 218 1686 244 1735; x_wconf 81' lang='grc' dir='ltr'><strong>ό</strong></span> <span class='ocrx_word' id='word_1_125' title='bbox 280 1685 530 1754; x_wconf 75' lang='grc' dir='ltr'>βασιλεὺς</span> <span class='ocrx_word' id='word_1_126' title='bbox 562 1687 653 1760; x_wconf 78' lang='grc' dir='ltr'><strong>βίᾳ</strong></span> <span class='ocrx_word' id='word_1_127' title='bbox 682 1690 949 1755; x_wconf 72' lang='grc' dir='ltr'>πεισθεὶς,</span> <span class='ocrx_word' id='word_1_128' title='bbox 980 1690 1129 1760; x_wconf 85' lang='grc' dir='ltr'>δηλοῖ</span> <span class='ocrx_word' id='word_1_129' title='bbox 1156 1691 1231 1761; x_wconf 85' lang='grc' dir='ltr'>τῷ</span> <span class='ocrx_word' id='word_1_130' title='bbox 1260 1694 1507 1762; x_wconf 80' lang='grc' dir='ltr'>ἀρχιερεῖ</span> <span class='ocrx_word' id='word_1_131' title='bbox 1527 1708 1541 1721; x_wconf 86' lang='grc'>·</span> <span class='ocrx_word' id='word_1_132' title='bbox 1562 1693 1634 1747; x_wconf 83' lang='grc' dir='ltr'>Τὸ</span> <span class='ocrx_word' id='word_1_133' title='bbox 1662 1695 1801 1749; x_wconf 65' lang='grc' dir='ltr'>κατὰ</span> 
     </span>
    </p>
   </div>
   <div class='ocr_carea' id='block_1_21' title="bbox 219 1762 1875 1857">
    <p class='ocr_par' dir='ltr' id='par_1_21' title="bbox 219 1762 1875 1857">
     <span class='ocr_line' id='line_1_21' title="bbox 219 1762 1875 1857; baseline 0.008 -27"><span class='ocrx_word' id='word_1_134' title='bbox 219 1779 310 1831; x_wconf 70' lang='grc' dir='ltr'><strong>σοῦ</strong></span> <span class='ocrx_word' id='word_1_135' title='bbox 349 1780 455 1833; x_wconf 84' lang='grc' dir='ltr'><strong>τῶν</strong></span> <span class='ocrx_word' id='word_1_136' title='bbox 494 1783 600 1835; x_wconf 89' lang='grc' dir='ltr'><strong>σῶν</strong></span> <span class='ocrx_word' id='word_1_137' title='bbox 639 1784 960 1856; x_wconf 86' lang='grc' dir='ltr'>κατηγόρων</span> <span class='ocrx_word' id='word_1_138' title='bbox 991 1786 1025 1856; x_wconf 79' lang='grc' dir='ltr'><strong>ἡ</strong></span> <span class='ocrx_word' id='word_1_139' title='bbox 1060 1784 1271 1857; x_wconf 73' lang='grc' dir='ltr'>πληθὺς</span> <span class='ocrx_word' id='word_1_140' title='bbox 1319 1788 1405 1857; x_wconf 78' lang='grc' dir='ltr'><strong>ἐφ’</strong></span> <span class='ocrx_word' id='word_1_141' title='bbox 1447 1789 1660 1852; x_wconf 79' lang='grc' dir='ltr'>ἑαυτοῖς</span> <span class='ocrx_word' id='word_1_142' title='bbox 1704 1790 1800 1842; x_wconf 74' lang='grc' dir='ltr'>ἐττ-</span> <span class='ocrx_word' id='word_1_143' title='bbox 1834 1762 1875 1817; x_wconf 75' lang='grc' dir='ltr'><strong>Β</strong></span> 
     </span>
    </p>
   </div>
   <div class='ocr_carea' id='block_1_22' title="bbox 217 1872 1799 1947">
    <p class='ocr_par' dir='ltr' id='par_1_22' title="bbox 217 1872 1799 1947">
     <span class='ocr_line' id='line_1_22' title="bbox 217 1872 1799 1947; baseline 0.006 -22"><span class='ocrx_word' id='word_1_144' title='bbox 217 1872 519 1928; x_wconf 77' lang='grc' dir='ltr'>εσπάςαντο</span> <span class='ocrx_word' id='word_1_145' title='bbox 548 1876 742 1947; x_wconf 82' lang='grc' dir='ltr'>κρίμα.</span> <span class='ocrx_word' id='word_1_146' title='bbox 769 1877 961 1931; x_wconf 82' lang='grc' dir='ltr'>Τοίνυν</span> <span class='ocrx_word' id='word_1_147' title='bbox 993 1878 1157 1943; x_wconf 72' lang='grc' dir='ltr'>αὐτὸς</span> <span class='ocrx_word' id='word_1_148' title='bbox 1182 1879 1247 1933; x_wconf 76' lang='grc' dir='ltr'><strong>τὰ</strong></span> <span class='ocrx_word' id='word_1_149' title='bbox 1275 1880 1413 1933; x_wconf 81' lang='grc' dir='ltr'><strong>κατᾶ</strong></span> <span class='ocrx_word' id='word_1_150' title='bbox 1441 1881 1639 1935; x_wconf 84' lang='grc' dir='ltr'>σαυτὸν</span> <span class='ocrx_word' id='word_1_151' title='bbox 1667 1882 1799 1935; x_wconf 83' lang='grc' dir='ltr'>ἀνα-</span> 
     </span>
    </p>
   </div>
   <div class='ocr_carea' id='block_1_23' title="bbox 214 1965 1803 2047">
    <p class='ocr_par' dir='ltr' id='par_1_23' title="bbox 214 1965 1803 2047">
     <span class='ocr_line' id='line_1_23' title="bbox 214 1965 1803 2047; baseline 0.007 -29"><span class='ocrx_word' id='word_1_152' title='bbox 214 1965 324 2029; x_wconf 79' lang='grc' dir='ltr'>θεὶς</span> <span class='ocrx_word' id='word_1_153' title='bbox 382 1968 478 2021; x_wconf 80' lang='grc' dir='ltr'>ἐπὶ</span> <span class='ocrx_word' id='word_1_154' title='bbox 525 1968 619 2023; x_wconf 82' lang='grc' dir='ltr'><strong>τὸν</strong></span> <span class='ocrx_word' id='word_1_155' title='bbox 674 1969 843 2035; x_wconf 79' lang='grc' dir='ltr'>Θεὸν,</span> <span class='ocrx_word' id='word_1_156' title='bbox 888 1970 1070 2037; x_wconf 77' lang='grc' dir='ltr'>ἔξελθε</span> <span class='ocrx_word' id='word_1_157' title='bbox 1117 1974 1216 2045; x_wconf 84' lang='grc' dir='ltr'>τῆς</span> <span class='ocrx_word' id='word_1_158' title='bbox 1265 1974 1583 2047; x_wconf 84' lang='grc' dir='ltr'>ἐκκλησίας.</span> <span class='ocrx_word' id='word_1_159' title='bbox 1630 1977 1803 2034; x_wconf 74' lang='grc' dir='ltr'>Τοῦτο</span> 
     </span>
    </p>
   </div>
   <div class='ocr_carea' id='block_1_24' title="bbox 211 2061 1799 2141">
    <p class='ocr_par' dir='ltr' id='par_1_24' title="bbox 211 2061 1799 2141">
     <span class='ocr_line' id='line_1_24' title="bbox 211 2061 1799 2141; baseline 0.009 -31"><span class='ocrx_word' id='word_1_160' title='bbox 211 2061 423 2131; x_wconf 76' lang='grc' dir='ltr'>τρανῶς</span> <span class='ocrx_word' id='word_1_161' title='bbox 459 2066 487 2118; x_wconf 85' lang='grc' dir='ltr'>ὁ</span> <span class='ocrx_word' id='word_1_162' title='bbox 516 2063 661 2135; x_wconf 78' lang='grc' dir='ltr'>ίερδς</span> <span class='ocrx_word' id='word_1_163' title='bbox 690 2065 932 2139; x_wconf 75' lang='grc' dir='ltr'>ἀθλητὴς</span> <span class='ocrx_word' id='word_1_164' title='bbox 957 2066 1196 2138; x_wconf 76' lang='grc' dir='ltr'>δηλωθέν</span> <span class='ocrx_word' id='word_1_165' title='bbox 1230 2069 1501 2137; x_wconf 79' lang='grc' dir='ltr'>διαγνοὺς,</span> <span class='ocrx_word' id='word_1_166' title='bbox 1534 2072 1799 2141; x_wconf 84' lang='grc' dir='ltr'>παραινέ-</span> 
     </span>
    </p>
   </div>
   <div class='ocr_carea' id='block_1_25' title="bbox 213 2157 1798 2236">
    <p class='ocr_par' dir='ltr' id='par_1_25' title="bbox 213 2157 1798 2236">
     <span class='ocr_line' id='line_1_25' title="bbox 213 2157 1798 2236; baseline 0.008 -31"><span class='ocrx_word' id='word_1_167' title='bbox 213 2171 329 2219; x_wconf 88' lang='grc' dir='ltr'>σας,</span> <span class='ocrx_word' id='word_1_168' title='bbox 364 2157 663 2228; x_wconf 78' lang='grc' dir='ltr'>στηρίξας,</span> <span class='ocrx_word' id='word_1_169' title='bbox 693 2159 1077 2231; x_wconf 77' lang='grc' dir='ltr'>οἰκοδομήσας,</span> <span class='ocrx_word' id='word_1_170' title='bbox 1110 2164 1178 2214; x_wconf 80' lang='grc' dir='ltr'>τὰ</span> <span class='ocrx_word' id='word_1_171' title='bbox 1202 2161 1466 2216; x_wconf 83' lang='grc' dir='ltr'>κάλλιστα</span> <span class='ocrx_word' id='word_1_172' title='bbox 1498 2166 1631 2218; x_wconf 76' lang='grc' dir='ltr'>πᾶσι</span> <span class='ocrx_word' id='word_1_173' title='bbox 1664 2182 1798 2236; x_wconf 78' lang='grc' dir='ltr'>συμο</span> 
     </span>
    </p>
   </div>
   <div class='ocr_carea' id='block_1_26' title="bbox 209 2246 1801 2327">
    <p class='ocr_par' dir='ltr' id='par_1_26' title="bbox 209 2246 1801 2327">
     <span class='ocr_line' id='line_1_26' title="bbox 209 2246 1801 2327; baseline 0.006 -28"><span class='ocrx_word' id='word_1_174' title='bbox 209 2246 661 2318; x_wconf 78' lang='grc' dir='ltr'>ϐουλευσάμενος,</span> <span class='ocrx_word' id='word_1_175' title='bbox 689 2251 895 2315; x_wconf 79' lang='grc' dir='ltr'>πάντας</span> <span class='ocrx_word' id='word_1_176' title='bbox 911 2255 1409 2325; x_wconf 78' lang='grc' dir='ltr'>κατασπασάμενος</span> <span class='ocrx_word' id='word_1_177' title='bbox 1435 2254 1512 2325; x_wconf 82' lang='grc' dir='ltr'>τῷ</span> <span class='ocrx_word' id='word_1_178' title='bbox 1537 2257 1678 2327; x_wconf 77' lang='grc' dir='ltr'>ἁγίῳ</span> <span class='ocrx_word' id='word_1_179' title='bbox 1708 2258 1801 2310; x_wconf 71' lang='grc' dir='ltr'><strong>καὶ</strong></span> 
     </span>
    </p>
   </div>
   <div class='ocr_carea' id='block_1_27' title="bbox 208 2340 1799 2418">
    <p class='ocr_par' dir='ltr' id='par_1_27' title="bbox 208 2340 1799 2418">
     <span class='ocr_line' id='line_1_27' title="bbox 208 2340 1799 2418; baseline 0.008 -27"><span class='ocrx_word' id='word_1_180' title='bbox 208 2340 507 2413; x_wconf 80' lang='grc' dir='ltr'>τελευταίῳ</span> <span class='ocrx_word' id='word_1_181' title='bbox 539 2343 843 2414; x_wconf 82' lang='grc' dir='ltr'>φιλήματι,</span> <span class='ocrx_word' id='word_1_182' title='bbox 874 2345 967 2398; x_wconf 82' lang='grc' dir='ltr'><strong>τὸν</strong></span> <span class='ocrx_word' id='word_1_183' title='bbox 1002 2349 1399 2418; x_wconf 84' lang='grc' dir='ltr'>συντακτήριον</span> <span class='ocrx_word' id='word_1_184' title='bbox 1433 2347 1799 2404; x_wconf 74' lang='grc' dir='ltr'>ἀποδέδωκεν.</span> 
     </span>
    </p>
   </div>
   <div class='ocr_carea' id='block_1_28' title="bbox 212 2432 1800 2513">
    <p class='ocr_par' dir='ltr' id='par_1_28' title="bbox 212 2432 1800 2513">
     <span class='ocr_line' id='line_1_28' title="bbox 212 2432 1800 2513; baseline 0.007 -28"><span class='ocrx_word' id='word_1_185' title='bbox 212 2432 327 2487; x_wconf 83' lang='grc' dir='ltr'><strong>Ἔτι</strong></span> <span class='ocrx_word' id='word_1_186' title='bbox 357 2433 413 2490; x_wconf 79' lang='grc' dir='ltr'>δὲ</span> <span class='ocrx_word' id='word_1_187' title='bbox 465 2434 736 2508; x_wconf 85' lang='grc' dir='ltr'>παραθεὶς</span> <span class='ocrx_word' id='word_1_188' title='bbox 779 2437 877 2502; x_wconf 75' lang='grc' dir='ltr'>τὰς</span> <span class='ocrx_word' id='word_1_189' title='bbox 910 2441 1041 2510; x_wconf 71' lang='grc' dir='ltr'>περὶ</span> <span class='ocrx_word' id='word_1_190' title='bbox 1088 2438 1187 2512; x_wconf 73' lang='grc' dir='ltr'>τὴν</span> <span class='ocrx_word' id='word_1_191' title='bbox 1234 2439 1545 2511; x_wconf 81' lang='grc' dir='ltr'>θαυμασίαν</span> <span class='ocrx_word' id='word_1_192' title='bbox 1600 2442 1800 2513; x_wconf 81' lang='grc' dir='ltr'>Ὀλυμ-</span> 
     </span>
    </p>
   </div>
   <div class='ocr_carea' id='block_1_29' title="bbox 206 2525 1797 2604">
    <p class='ocr_par' dir='ltr' id='par_1_29' title="bbox 206 2525 1797 2604">
     <span class='ocr_line' id='line_1_29' title="bbox 206 2525 1797 2604; baseline 0.007 -28"><span class='ocrx_word' id='word_1_193' title='bbox 206 2525 368 2579; x_wconf 77' lang='grc' dir='ltr'>πιάδα</span> <span class='ocrx_word' id='word_1_194' title='bbox 389 2526 675 2592; x_wconf 77' lang='grc' dir='ltr'>διακόνους</span> <span class='ocrx_word' id='word_1_195' title='bbox 694 2529 803 2584; x_wconf 83' lang='grc' dir='ltr'><strong>τῶν</strong></span> <span class='ocrx_word' id='word_1_196' title='bbox 824 2531 1235 2586; x_wconf 72' lang='grc' dir='ltr'>εὗλαϐεστάτων</span> <span class='ocrx_word' id='word_1_197' title='bbox 1260 2532 1649 2604; x_wconf 76' lang='grc' dir='ltr'>πρεσϐυτέρων</span> <span class='ocrx_word' id='word_1_198' title='bbox 1668 2537 1797 2599; x_wconf 71' lang='grc' dir='ltr'>τινὶ,</span> 
     </span>
    </p>
   </div>
   <div class='ocr_carea' id='block_1_30' title="bbox 204 2618 1794 2699">
    <p class='ocr_par' dir='ltr' id='par_1_30' title="bbox 204 2618 1794 2699">
     <span class='ocr_line' id='line_1_30' title="bbox 204 2618 1794 2699; baseline 0.007 -29"><span class='ocrx_word' id='word_1_199' title='bbox 204 2618 301 2689; x_wconf 71' lang='grc' dir='ltr'>τῆς</span> <span class='ocrx_word' id='word_1_200' title='bbox 326 2620 630 2692; x_wconf 77' lang='grc' dir='ltr'>ἐκκλησίας</span> <span class='ocrx_word' id='word_1_201' title='bbox 656 2623 937 2693; x_wconf 77' lang='grc' dir='ltr'>ἐξέρχεται</span> <span class='ocrx_word' id='word_1_202' title='bbox 961 2664 976 2689; x_wconf 96' lang='grc'><strong>,</strong></span> <span class='ocrx_word' id='word_1_203' title='bbox 1013 2625 1362 2689; x_wconf 86' lang='grc' dir='ltr'>συνελθόντος</span> <span class='ocrx_word' id='word_1_204' title='bbox 1398 2627 1547 2699; x_wconf 76' lang='grc' dir='ltr'>αὐτῷ</span> <span class='ocrx_word' id='word_1_205' title='bbox 1581 2630 1674 2681; x_wconf 72' lang='grc' dir='ltr'>καὶ</span> <span class='ocrx_word' id='word_1_206' title='bbox 1700 2629 1794 2681; x_wconf 77' lang='grc' dir='ltr'>τοῦ</span> 
     </span>
    </p>
   </div>
   <div class='ocr_carea' id='block_1_31' title="bbox 205 2712 1797 2792">
    <p class='ocr_par' dir='ltr' id='par_1_31' title="bbox 205 2712 1797 2792">
     <span class='ocr_line' id='line_1_31' title="bbox 205 2712 1797 2792; baseline 0.009 -32"><span class='ocrx_word' id='word_1_207' title='bbox 205 2712 575 2778; x_wconf 72' lang='grc' dir='ltr'>φυλάσσοντος</span> <span class='ocrx_word' id='word_1_208' title='bbox 623 2715 856 2783; x_wconf 81' lang='grc' dir='ltr'>ἀγγέλου</span> <span class='ocrx_word' id='word_1_209' title='bbox 905 2716 1001 2787; x_wconf 78' lang='grc' dir='ltr'><strong>τήν</strong></span> <span class='ocrx_word' id='word_1_210' title='bbox 1040 2718 1337 2789; x_wconf 75' lang='grc' dir='ltr'>ἐκκλησίαν</span> <span class='ocrx_word' id='word_1_211' title='bbox 1364 2759 1379 2786; x_wconf 94' lang='grc'><strong>,</strong></span> <span class='ocrx_word' id='word_1_212' title='bbox 1425 2720 1499 2791; x_wconf 81' lang='grc' dir='ltr'>μὴ</span> <span class='ocrx_word' id='word_1_213' title='bbox 1539 2722 1797 2792; x_wconf 82' lang='grc' dir='ltr'>φέροντος</span> 
     </span>
    </p>
   </div>
   <div class='ocr_carea' id='block_1_32' title="bbox 203 2803 1793 2887">
    <p class='ocr_par' dir='ltr' id='par_1_32' title="bbox 203 2803 1793 2887">
     <span class='ocr_line' id='line_1_32' title="bbox 203 2803 1793 2887; baseline 0.01 -34"><span class='ocrx_word' id='word_1_214' title='bbox 203 2803 405 2875; x_wconf 81' lang='grc' dir='ltr'>ταύτης</span> <span class='ocrx_word' id='word_1_215' title='bbox 453 2807 592 2877; x_wconf 71' lang='grc' dir='ltr'>όρᾷν</span> <span class='ocrx_word' id='word_1_216' title='bbox 628 2808 727 2879; x_wconf 78' lang='grc' dir='ltr'><strong>τὴν</strong></span> <span class='ocrx_word' id='word_1_217' title='bbox 762 2810 1017 2881; x_wconf 84' lang='grc' dir='ltr'>ἐρημίαν.</span> <span class='ocrx_word' id='word_1_218' title='bbox 1065 2807 1173 2865; x_wconf 86' lang='grc' dir='ltr'>Ἦν</span> <span class='ocrx_word' id='word_1_219' title='bbox 1215 2812 1323 2885; x_wconf 72' lang='grc' dir='ltr'>γὰρ</span> <span class='ocrx_word' id='word_1_220' title='bbox 1370 2814 1521 2867; x_wconf 80' lang='grc' dir='ltr'>οὐδὲν</span> <span class='ocrx_word' id='word_1_221' title='bbox 1571 2815 1793 2887; x_wconf 81' lang='grc' dir='ltr'>ἄμεινον</span> 
     </span>
    </p>
   </div>
   <div class='ocr_carea' id='block_1_33' title="bbox 203 2897 1794 2985">
    <p class='ocr_par' dir='ltr' id='par_1_33' title="bbox 203 2897 1794 2985">
     <span class='ocr_line' id='line_1_33' title="bbox 203 2897 1794 2985; baseline 0.009 -38"><span class='ocrx_word' id='word_1_222' title='bbox 203 2897 318 2950; x_wconf 79' lang='grc' dir='ltr'>τότε</span> <span class='ocrx_word' id='word_1_223' title='bbox 349 2898 587 2973; x_wconf 81' lang='grc' dir='ltr'>θεάτρου</span> <span class='ocrx_word' id='word_1_224' title='bbox 621 2902 942 2973; x_wconf 72' lang='grc' dir='ltr'>διακειμένη</span> <span class='ocrx_word' id='word_1_225' title='bbox 966 2947 980 2967; x_wconf 90' lang='grc'><strong>,</strong></span> <span class='ocrx_word' id='word_1_226' title='bbox 1010 2903 1388 2977; x_wconf 79' lang='grc' dir='ltr'>κλωθωμένων</span> <span class='ocrx_word' id='word_1_227' title='bbox 1407 2950 1422 2974; x_wconf 92' lang='grc'><strong>,</strong></span> <span class='ocrx_word' id='word_1_228' title='bbox 1455 2908 1756 2985; x_wconf 79' lang='grc' dir='ltr'>τρεχόντων</span> <span class='ocrx_word' id='word_1_229' title='bbox 1776 2948 1794 2976; x_wconf 86' lang='grc'><strong>,</strong></span> 
     </span>
    </p>
   </div>
   <div class='ocr_carea' id='block_1_34' title="bbox 203 2990 1796 3072">
    <p class='ocr_par' dir='ltr' id='par_1_34' title="bbox 203 2990 1796 3072">
     <span class='ocr_line' id='line_1_34' title="bbox 203 2990 1796 3072; baseline 0.01 -31"><span class='ocrx_word' id='word_1_230' title='bbox 203 2990 563 3056; x_wconf 79' lang='grc' dir='ltr'>ροιζούντων,</span> <span class='ocrx_word' id='word_1_231' title='bbox 587 2997 1106 3067; x_wconf 80' lang='grc' dir='ltr'>καταμωκωμένων,</span> <span class='ocrx_word' id='word_1_232' title='bbox 1127 2999 1493 3070; x_wconf 72' lang='grc' dir='ltr'>διασυρὸντων</span> <span class='ocrx_word' id='word_1_233' title='bbox 1513 3002 1603 3055; x_wconf 85' lang='grc' dir='ltr'><strong>τὸν</strong></span> <span class='ocrx_word' id='word_1_234' title='bbox 1621 3002 1796 3072; x_wconf 71' lang='grc' dir='ltr'>ἅγιον.</span> 
     </span>
    </p>
   </div>
   <div class='ocr_carea' id='block_1_35' title="bbox 200 3081 1802 3163">
    <p class='ocr_par' dir='ltr' id='par_1_35' title="bbox 200 3081 1802 3163">
     <span class='ocr_line' id='line_1_35' title="bbox 200 3081 1802 3163; baseline 0.009 -30"><span class='ocrx_word' id='word_1_235' title='bbox 200 3081 406 3152; x_wconf 77' lang='grc' dir='ltr'>Φρικτὰ</span> <span class='ocrx_word' id='word_1_236' title='bbox 436 3086 639 3153; x_wconf 70' lang='grc' dir='ltr'>ταῦτα,</span> <span class='ocrx_word' id='word_1_237' title='bbox 672 3091 765 3141; x_wconf 70' lang='grc' dir='ltr'><strong>καὶ</strong></span> <span class='ocrx_word' id='word_1_238' title='bbox 791 3087 1005 3161; x_wconf 84' lang='grc' dir='ltr'>θρήνων</span> <span class='ocrx_word' id='word_1_239' title='bbox 1041 3090 1275 3156; x_wconf 69' lang='grc' dir='ltr'><strong>ἐπάξια⁹</strong></span> <span class='ocrx_word' id='word_1_240' title='bbox 1309 3094 1398 3163; x_wconf 75' lang='grc' dir='ltr'><strong>ὑφ’</strong></span> <span class='ocrx_word' id='word_1_241' title='bbox 1430 3085 1504 3148; x_wconf 82' lang='grc' dir='ltr'>ὧν</span> <span class='ocrx_word' id='word_1_242' title='bbox 1540 3094 1631 3146; x_wconf 80' lang='grc' dir='ltr'>καὶ</span> <span class='ocrx_word' id='word_1_243' title='bbox 1665 3097 1692 3149; x_wconf 83' lang='grc' dir='ltr'><strong>ὀ</strong></span> <span class='ocrx_word' id='word_1_244' title='bbox 1715 3094 1802 3148; x_wconf 81' lang='grc' dir='ltr'>λό-</span> 
     </span>
    </p>
   </div>
   <div class='ocr_carea' id='block_1_36' title="bbox 200 3181 1786 3259">
    <p class='ocr_par' dir='ltr' id='par_1_36' title="bbox 200 3181 1786 3259">
     <span class='ocr_line' id='line_1_36' title="bbox 200 3181 1786 3259; baseline 0.009 -32"><span class='ocrx_word' id='word_1_245' title='bbox 200 3192 292 3243; x_wconf 85' lang='grc' dir='ltr'><strong>γος</strong></span> <span class='ocrx_word' id='word_1_246' title='bbox 325 3181 673 3250; x_wconf 83' lang='grc' dir='ltr'>συμπάσχει,</span> <span class='ocrx_word' id='word_1_247' title='bbox 718 3184 1078 3254; x_wconf 75' lang='grc' dir='ltr'>κομματικῶς</span> <span class='ocrx_word' id='word_1_248' title='bbox 1110 3185 1208 3257; x_wconf 81' lang='grc' dir='ltr'>τὴν</span> <span class='ocrx_word' id='word_1_249' title='bbox 1243 3187 1464 3256; x_wconf 86' lang='grc' dir='ltr'>μνήμην</span> <span class='ocrx_word' id='word_1_250' title='bbox 1496 3187 1786 3259; x_wconf 71' lang='grc' dir='ltr'>προϐαλλόι</span> 
     </span>
    </p>
   </div>
   <div class='ocr_carea' id='block_1_37' title="bbox 202 3272 1801 3352">
    <p class='ocr_par' dir='ltr' id='par_1_37' title="bbox 202 3272 1801 3352">
     <span class='ocr_line' id='line_1_37' title="bbox 202 3272 1801 3352; baseline 0.01 -32"><span class='ocrx_word' id='word_1_251' title='bbox 202 3285 382 3334; x_wconf 84' lang='grc' dir='ltr'>μενος.</span> <span class='ocrx_word' id='word_1_252' title='bbox 418 3272 501 3325; x_wconf 74' lang='grc' dir='ltr'>Τὰ</span> <span class='ocrx_word' id='word_1_253' title='bbox 536 3273 790 3326; x_wconf 77' lang='grc' dir='ltr'>ἐντεῦθεν</span> <span class='ocrx_word' id='word_1_254' title='bbox 822 3276 1175 3347; x_wconf 80' lang='grc' dir='ltr'>φρικτότερα.</span> <span class='ocrx_word' id='word_1_255' title='bbox 1221 3279 1309 3330; x_wconf 85' lang='grc' dir='ltr'><strong>Ἐν</strong></span> <span class='ocrx_word' id='word_1_256' title='bbox 1348 3280 1485 3350; x_wconf 77' lang='grc' dir='ltr'>αὐτῇ</span> <span class='ocrx_word' id='word_1_257' title='bbox 1515 3283 1581 3351; x_wconf 84' lang='grc' dir='ltr'>τῇ</span> <span class='ocrx_word' id='word_1_258' title='bbox 1619 3281 1801 3352; x_wconf 72' lang='grc' dir='ltr'>ἡμέρᾳ</span> 
     </span>
    </p>
   </div>
   <div class='ocr_carea' id='block_1_38' title="bbox 197 3363 1799 3440">
    <p class='ocr_par' dir='ltr' id='par_1_38' title="bbox 197 3363 1799 3440">
     <span class='ocr_line' id='line_1_38' title="bbox 197 3363 1799 3440; baseline 0.006 -23"><span class='ocrx_word' id='word_1_259' title='bbox 197 3363 293 3431; x_wconf 78' lang='grc' dir='ltr'>τῆς</span> <span class='ocrx_word' id='word_1_260' title='bbox 322 3364 418 3418; x_wconf 79' lang='grc' dir='ltr'>τοῦ</span> <span class='ocrx_word' id='word_1_261' title='bbox 446 3368 739 3439; x_wconf 76' lang='grc' dir='ltr'>φωστήρος</span> <span class='ocrx_word' id='word_1_262' title='bbox 764 3367 999 3434; x_wconf 76' lang='grc' dir='ltr'>διώξεως</span> <span class='ocrx_word' id='word_1_263' title='bbox 1028 3370 1061 3440; x_wconf 81' lang='grc' dir='ltr'>ἢ</span> <span class='ocrx_word' id='word_1_264' title='bbox 1094 3372 1441 3437; x_wconf 76' lang='grc' dir='ltr'>καταδύσεως</span> <span class='ocrx_word' id='word_1_265' title='bbox 1475 3373 1717 3427; x_wconf 83' lang='grc' dir='ltr'>τοιοῦτόν</span> <span class='ocrx_word' id='word_1_266' title='bbox 1746 3392 1799 3427; x_wconf 89' lang='grc' dir='ltr'><strong>τι</strong></span> 
     </span>
    </p>
   </div>
   <div class='ocr_carea' id='block_1_39' title="bbox 198 3457 1798 3535">
    <p class='ocr_par' dir='ltr' id='par_1_39' title="bbox 198 3457 1798 3535">
     <span class='ocr_line' id='line_1_39' title="bbox 198 3457 1798 3535; baseline 0.008 -28"><span class='ocrx_word' id='word_1_267' title='bbox 198 3457 647 3524; x_wconf 73' lang='grc' dir='ltr'>φρικωδέστατον</span> <span class='ocrx_word' id='word_1_268' title='bbox 665 3459 871 3527; x_wconf 83' lang='grc' dir='ltr'>γίνεται</span> <span class='ocrx_word' id='word_1_269' title='bbox 894 3478 906 3490; x_wconf 92' lang='grc'><strong>·</strong></span> <span class='ocrx_word' id='word_1_270' title='bbox 941 3461 1298 3534; x_wconf 81' lang='grc' dir='ltr'>Φοϐερωτάτη</span> <span class='ocrx_word' id='word_1_271' title='bbox 1321 3466 1553 3533; x_wconf 76' lang='grc' dir='ltr'>φανεῖσα</span> <span class='ocrx_word' id='word_1_272' title='bbox 1579 3464 1709 3535; x_wconf 71' lang='grc' dir='ltr'>φλὸξ</span> <span class='ocrx_word' id='word_1_273' title='bbox 1734 3468 1798 3520; x_wconf 88' lang='grc' dir='ltr'><strong>ἐκ</strong></span> 
     </span>
    </p>
   </div>
   <div class='ocr_carea' id='block_1_40' title="bbox 195 3547 1799 3629">
    <p class='ocr_par' dir='ltr' id='par_1_40' title="bbox 195 3547 1799 3629">
     <span class='ocr_line' id='line_1_40' title="bbox 195 3547 1799 3629; baseline 0.009 -30"><span class='ocrx_word' id='word_1_274' title='bbox 195 3548 363 3615; x_wconf 79' lang='grc' dir='ltr'>μέσον</span> <span class='ocrx_word' id='word_1_275' title='bbox 396 3552 495 3604; x_wconf 65' lang='grc' dir='ltr'>τοὶ</span> <span class='ocrx_word' id='word_1_276' title='bbox 529 3551 722 3622; x_wconf 76' lang='grc' dir='ltr'>θρόνου</span> <span class='ocrx_word' id='word_1_277' title='bbox 746 3594 762 3618; x_wconf 93' lang='grc'><strong>,</strong></span> <span class='ocrx_word' id='word_1_278' title='bbox 811 3556 866 3607; x_wconf 77' lang='grc' dir='ltr'><strong>ἐν</strong></span> <span class='ocrx_word' id='word_1_279' title='bbox 894 3547 937 3622; x_wconf 78' lang='grc' dir='ltr'>ᾧ</span> <span class='ocrx_word' id='word_1_280' title='bbox 964 3555 1073 3609; x_wconf 84' lang='grc' dir='ltr'><strong>τῶν</strong></span> <span class='ocrx_word' id='word_1_281' title='bbox 1102 3555 1276 3624; x_wconf 78' lang='grc' dir='ltr'>λόγων</span> <span class='ocrx_word' id='word_1_282' title='bbox 1316 3561 1345 3611; x_wconf 83' lang='grc' dir='ltr'><strong>ὀ</strong></span> <span class='ocrx_word' id='word_1_283' title='bbox 1384 3559 1671 3629; x_wconf 75' lang='grc' dir='ltr'>ὑποφήτης</span> <span class='ocrx_word' id='word_1_284' title='bbox 1705 3560 1799 3613; x_wconf 78' lang='grc' dir='ltr'>τοῦ</span> 
     </span>
    </p>
   </div>
   <div class='ocr_carea' id='block_1_41' title="bbox 194 3644 1803 3724">
    <p class='ocr_par' dir='ltr' id='par_1_41' title="bbox 194 3644 1803 3724">
     <span class='ocr_line' id='line_1_41' title="bbox 194 3644 1803 3724; baseline 0.007 -29"><span class='ocrx_word' id='word_1_285' title='bbox 194 3644 352 3714; x_wconf 70' lang='grc' dir='ltr'>λόγου</span> <span class='ocrx_word' id='word_1_286' title='bbox 385 3648 486 3712; x_wconf 71' lang='grc' dir='ltr'><strong>τὰς</strong></span> <span class='ocrx_word' id='word_1_287' title='bbox 519 3648 814 3719; x_wconf 74' lang='grc' dir='ltr'>ἐξηγήσεις</span> <span class='ocrx_word' id='word_1_288' title='bbox 849 3651 1031 3705; x_wconf 78' lang='grc' dir='ltr'>εἰώθει</span> <span class='ocrx_word' id='word_1_289' title='bbox 1062 3654 1265 3719; x_wconf 84' lang='grc' dir='ltr'>ποιεῖν,</span> <span class='ocrx_word' id='word_1_290' title='bbox 1295 3652 1561 3723; x_wconf 82' lang='grc' dir='ltr'>διαχεῖται</span> <span class='ocrx_word' id='word_1_291' title='bbox 1588 3655 1687 3724; x_wconf 79' lang='grc' dir='ltr'><strong>τῆς</strong></span> <span class='ocrx_word' id='word_1_292' title='bbox 1712 3655 1803 3707; x_wconf 84' lang='grc' dir='ltr'>ἐκ-</span> 
     </span>
    </p>
   </div>
   <div class='ocr_carea' id='block_1_42' title="bbox 193 3738 1798 3815">
    <p class='ocr_par' dir='ltr' id='par_1_42' title="bbox 193 3738 1798 3815">
     <span class='ocr_line' id='line_1_42' title="bbox 193 3738 1798 3815; baseline 0.007 -25"><span class='ocrx_word' id='word_1_293' title='bbox 193 3738 424 3809; x_wconf 82' lang='grc' dir='ltr'>κλησίας</span> <span class='ocrx_word' id='word_1_294' title='bbox 464 3742 723 3812; x_wconf 79' lang='grc' dir='ltr'>ἁπάσης,</span> <span class='ocrx_word' id='word_1_295' title='bbox 753 3743 1174 3815; x_wconf 78' lang='grc' dir='ltr'>ἁποδενδροῦται</span> <span class='ocrx_word' id='word_1_296' title='bbox 1225 3745 1363 3815; x_wconf 77' lang='grc' dir='ltr'>πρὸς</span> <span class='ocrx_word' id='word_1_297' title='bbox 1409 3744 1540 3815; x_wconf 67' lang='grc' dir='ltr'>ὕψος</span> <span class='ocrx_word' id='word_1_298' title='bbox 1570 3745 1658 3800; x_wconf 82' lang='grc' dir='ltr'>διὰ</span> <span class='ocrx_word' id='word_1_299' title='bbox 1690 3748 1798 3801; x_wconf 82' lang='grc' dir='ltr'><strong>τῶν</strong></span> 
     </span>
    </p>
   </div>
   <div class='ocr_carea' id='block_1_43' title="bbox 190 3833 1801 3909">
    <p class='ocr_par' dir='ltr' id='par_1_43' title="bbox 190 3833 1801 3909">
     <span class='ocr_line' id='line_1_43' title="bbox 190 3833 1801 3909; baseline 0.004 -24"><span class='ocrx_word' id='word_1_300' title='bbox 190 3833 442 3889; x_wconf 72' lang='grc' dir='ltr'>ἁλύσεων</span> <span class='ocrx_word' id='word_1_301' title='bbox 476 3836 615 3907; x_wconf 80' lang='grc' dir='ltr'>ἄχρι</span> <span class='ocrx_word' id='word_1_302' title='bbox 660 3835 759 3905; x_wconf 78' lang='grc' dir='ltr'><strong>τῆς</strong></span> <span class='ocrx_word' id='word_1_303' title='bbox 792 3838 995 3908; x_wconf 79' lang='grc' dir='ltr'>ὀροφῆς</span> <span class='ocrx_word' id='word_1_304' title='bbox 1030 3838 1124 3891; x_wconf 82' lang='grc' dir='ltr'>τοῦ</span> <span class='ocrx_word' id='word_1_305' title='bbox 1160 3839 1358 3893; x_wconf 80' lang='grc' dir='ltr'>κώνου·</span> <span class='ocrx_word' id='word_1_306' title='bbox 1389 3840 1511 3904; x_wconf 77' lang='grc' dir='ltr'>καὶ,</span> <span class='ocrx_word' id='word_1_307' title='bbox 1548 3840 1801 3909; x_wconf 81' lang='grc' dir='ltr'>καθάπερ</span> 
     </span>
    </p>
   </div>
   <div class='ocr_carea' id='block_1_44' title="bbox 192 3924 1799 4003">
    <p class='ocr_par' dir='ltr' id='par_1_44' title="bbox 192 3924 1799 4003">
     <span class='ocr_line' id='line_1_44' title="bbox 192 3924 1799 4003; baseline 0.006 -26"><span class='ocrx_word' id='word_1_308' title='bbox 192 3924 307 3995; x_wconf 73' lang='grc' dir='ltr'>ἔχις</span> <span class='ocrx_word' id='word_1_309' title='bbox 338 3929 594 4000; x_wconf 78' lang='grc' dir='ltr'>γαστέρα</span> <span class='ocrx_word' id='word_1_310' title='bbox 623 3928 892 3999; x_wconf 70' lang='grc' dir='ltr'>φαγοῦσα,</span> <span class='ocrx_word' id='word_1_311' title='bbox 924 3931 1022 4001; x_wconf 69' lang='grc' dir='ltr'>τῆς</span> <span class='ocrx_word' id='word_1_312' title='bbox 1045 3931 1340 4003; x_wconf 77' lang='grc' dir='ltr'>ἐκκλησίας</span> <span class='ocrx_word' id='word_1_313' title='bbox 1367 3932 1459 3985; x_wconf 74' lang='grc' dir='ltr'>ἐπὶ</span> <span class='ocrx_word' id='word_1_314' title='bbox 1480 3932 1648 3987; x_wconf 82' lang='grc' dir='ltr'>νῶτον</span> <span class='ocrx_word' id='word_1_315' title='bbox 1671 3934 1799 4003; x_wconf 79' lang='grc' dir='ltr'><strong>ἐφέ-</strong></span> 
     </span>
    </p>
   </div>
   <div class='ocr_carea' id='block_1_45' title="bbox 193 4020 1800 4094">
    <p class='ocr_par' dir='ltr' id='par_1_45' title="bbox 193 4020 1800 4094">
     <span class='ocr_line' id='line_1_45' title="bbox 193 4020 1800 4094; baseline 0.006 -25"><span class='ocrx_word' id='word_1_316' title='bbox 193 4034 316 4086; x_wconf 81' lang='grc' dir='ltr'>ρετο</span> <span class='ocrx_word' id='word_1_317' title='bbox 342 4059 358 4083; x_wconf 91' lang='grc'><strong>,</strong></span> <span class='ocrx_word' id='word_1_318' title='bbox 390 4020 817 4093; x_wconf 70' lang='grc' dir='ltr'>σωφρονίζουσα</span> <span class='ocrx_word' id='word_1_319' title='bbox 840 4063 854 4087; x_wconf 95' lang='grc'><strong>,</strong></span> <span class='ocrx_word' id='word_1_320' title='bbox 909 4022 1365 4094; x_wconf 82' lang='grc' dir='ltr'>καταπλήττουσα</span> <span class='ocrx_word' id='word_1_321' title='bbox 1406 4023 1614 4089; x_wconf 79' lang='grc' dir='ltr'>πάντας</span> <span class='ocrx_word' id='word_1_322' title='bbox 1634 4067 1648 4091; x_wconf 91' lang='grc'><strong>,</strong></span> <span class='ocrx_word' id='word_1_323' title='bbox 1691 4025 1800 4078; x_wconf 89' lang='grc' dir='ltr'><strong>τῶν</strong></span> 
     </span>
    </p>
   </div>
   <div class='ocr_carea' id='block_1_46' title="bbox 190 4113 1799 4188">
    <p class='ocr_par' dir='ltr' id='par_1_46' title="bbox 190 4113 1799 4188">
     <span class='ocr_line' id='line_1_46' title="bbox 190 4113 1799 4188; baseline 0.006 -25"><span class='ocrx_word' id='word_1_324' title='bbox 190 4113 486 4184; x_wconf 83' lang='grc' dir='ltr'>τολμητῶν</span> <span class='ocrx_word' id='word_1_325' title='bbox 519 4114 881 4184; x_wconf 77' lang='grc' dir='ltr'>θεατρίζουσα</span> <span class='ocrx_word' id='word_1_326' title='bbox 910 4116 979 4171; x_wconf 72' lang='grc' dir='ltr'><strong>τὰ</strong></span> <span class='ocrx_word' id='word_1_327' title='bbox 1006 4116 1354 4188; x_wconf 77' lang='grc' dir='ltr'>τολμήματα.</span> <span class='ocrx_word' id='word_1_328' title='bbox 1400 4118 1509 4173; x_wconf 79' lang='grc' dir='ltr'>Καὶ</span> <span class='ocrx_word' id='word_1_329' title='bbox 1537 4118 1590 4171; x_wconf 87' lang='grc' dir='ltr'><strong>τί</strong></span> <span class='ocrx_word' id='word_1_330' title='bbox 1622 4119 1682 4172; x_wconf 84' lang='grc' dir='ltr'><strong>τὸ</strong></span> <span class='ocrx_word' id='word_1_331' title='bbox 1712 4122 1799 4173; x_wconf 85' lang='grc' dir='ltr'>ἐν-</span> 
     </span>
    </p>
   </div>
   <div class='ocr_carea' id='block_1_47' title="bbox 184 4204 1796 4283">
    <p class='ocr_par' dir='ltr' id='par_1_47' title="bbox 184 4204 1796 4283">
     <span class='ocr_line' id='line_1_47' title="bbox 184 4204 1796 4283; baseline 0.007 -28"><span class='ocrx_word' id='word_1_332' title='bbox 184 4204 416 4272; x_wconf 76' lang='grc' dir='ltr'>τεῦθενς</span> <span class='ocrx_word' id='word_1_333' title='bbox 452 4207 801 4277; x_wconf 84' lang='grc' dir='ltr'>Ἀπηλιώτου</span> <span class='ocrx_word' id='word_1_334' title='bbox 842 4209 1189 4265; x_wconf 84' lang='grc' dir='ltr'>ἐπεισϐάλλει</span> <span class='ocrx_word' id='word_1_335' title='bbox 1219 4211 1375 4282; x_wconf 74' lang='grc' dir='ltr'>πνοὴ,</span> <span class='ocrx_word' id='word_1_336' title='bbox 1412 4212 1503 4264; x_wconf 72' lang='grc' dir='ltr'><strong>καὶ</strong></span> <span class='ocrx_word' id='word_1_337' title='bbox 1537 4210 1730 4266; x_wconf 79' lang='grc' dir='ltr'>θᾶττον</span> <span class='ocrx_word' id='word_1_338' title='bbox 1764 4213 1796 4283; x_wconf 83' lang='grc' dir='ltr'><strong>ἧ</strong></span> 
     </span>
    </p>
   </div>
   <div class='ocr_carea' id='block_1_48' title="bbox 185 4294 1793 4374">
    <p class='ocr_par' dir='ltr' id='par_1_48' title="bbox 185 4294 1793 4374">
     <span class='ocr_line' id='line_1_48' title="bbox 185 4294 1793 4374; baseline 0.009 -27"><span class='ocrx_word' id='word_1_339' title='bbox 185 4294 367 4365; x_wconf 79' lang='grc' dir='ltr'>λόγος,</span> <span class='ocrx_word' id='word_1_340' title='bbox 403 4300 498 4353; x_wconf 82' lang='grc' dir='ltr'><strong>τὸν</strong></span> <span class='ocrx_word' id='word_1_341' title='bbox 520 4302 622 4371; x_wconf 83' lang='grc' dir='ltr'><strong>τῆς</strong></span> <span class='ocrx_word' id='word_1_342' title='bbox 643 4301 949 4374; x_wconf 81' lang='grc' dir='ltr'>συγκλήτου</span> <span class='ocrx_word' id='word_1_343' title='bbox 974 4304 1168 4374; x_wconf 73' lang='grc' dir='ltr'>βουλῆς</span> <span class='ocrx_word' id='word_1_344' title='bbox 1197 4306 1600 4360; x_wconf 83' lang='grc' dir='ltr'>καταϐόσκεται</span> <span class='ocrx_word' id='word_1_345' title='bbox 1623 4302 1793 4361; x_wconf 75' lang='grc' dir='ltr'>οἷκον.</span> 
     </span>
    </p>
   </div>
   <div class='ocr_carea' id='block_1_49' title="bbox 183 4382 1798 4470">
    <p class='ocr_par' dir='ltr' id='par_1_49' title="bbox 183 4382 1798 4470">
     <span class='ocr_line' id='line_1_49' title="bbox 183 4382 1798 4470; baseline 0.009 -31"><span class='ocrx_word' id='word_1_346' title='bbox 183 4382 320 4441; x_wconf 66' lang='grc' dir='ltr'>Εἶτα</span> <span class='ocrx_word' id='word_1_347' title='bbox 338 4391 590 4463; x_wconf 82' lang='grc' dir='ltr'>διαπερᾷ</span> <span class='ocrx_word' id='word_1_348' title='bbox 612 4392 864 4460; x_wconf 83' lang='grc' dir='ltr'>λογικῶς,</span> <span class='ocrx_word' id='word_1_349' title='bbox 885 4389 971 4448; x_wconf 76' lang='grc' dir='ltr'>οἶα</span> <span class='ocrx_word' id='word_1_350' title='bbox 994 4396 1053 4448; x_wconf 77' lang='grc' dir='ltr'>τὸ</span> <span class='ocrx_word' id='word_1_351' title='bbox 1074 4396 1207 4467; x_wconf 72' lang='grc' dir='ltr'>πῦρ,</span> <span class='ocrx_word' id='word_1_352' title='bbox 1233 4398 1325 4450; x_wconf 74' lang='grc' dir='ltr'>ἐπὶ</span> <span class='ocrx_word' id='word_1_353' title='bbox 1358 4400 1455 4462; x_wconf 77' lang='grc' dir='ltr'>τὰς</span> <span class='ocrx_word' id='word_1_354' title='bbox 1490 4398 1798 4470; x_wconf 75' lang='grc' dir='ltr'>βασιλείους</span> 
     </span>
    </p>
   </div>
   <div class='ocr_carea' id='block_1_50' title="bbox 185 4481 1797 4561">
    <p class='ocr_par' dir='ltr' id='par_1_50' title="bbox 185 4481 1797 4561">
     <span class='ocr_line' id='line_1_50' title="bbox 185 4481 1797 4561; baseline 0.01 -30"><span class='ocrx_word' id='word_1_355' title='bbox 185 4482 357 4547; x_wconf 75' lang='grc' dir='ltr'>αὐλάς</span> <span class='ocrx_word' id='word_1_356' title='bbox 386 4500 400 4514; x_wconf 90' lang='grc'><strong>·</strong></span> <span class='ocrx_word' id='word_1_357' title='bbox 450 4484 703 4555; x_wconf 86' lang='grc' dir='ltr'>θάμϐους</span> <span class='ocrx_word' id='word_1_358' title='bbox 761 4481 829 4558; x_wconf 74' lang='grc' dir='ltr'>ἢν</span> <span class='ocrx_word' id='word_1_359' title='bbox 877 4488 1146 4554; x_wconf 83' lang='grc' dir='ltr'>κατιδεῖν,</span> <span class='ocrx_word' id='word_1_360' title='bbox 1182 4491 1423 4561; x_wconf 78' lang='grc' dir='ltr'>ὡσπερεὶ</span> <span class='ocrx_word' id='word_1_361' title='bbox 1458 4490 1666 4561; x_wconf 79' lang='grc' dir='ltr'>μεταξὺ</span> <span class='ocrx_word' id='word_1_362' title='bbox 1703 4493 1797 4547; x_wconf 74' lang='grc' dir='ltr'><strong>δύο</strong></span> 
     </span>
    </p>
   </div>
   <div class='ocr_carea' id='block_1_51' title="bbox 184 4578 1796 4655">
    <p class='ocr_par' dir='ltr' id='par_1_51' title="bbox 184 4578 1796 4655">
     <span class='ocr_line' id='line_1_51' title="bbox 184 4578 1796 4655; baseline 0.009 -29"><span class='ocrx_word' id='word_1_363' title='bbox 184 4578 437 4643; x_wconf 83' lang='grc' dir='ltr'>πυρίνων</span> <span class='ocrx_word' id='word_1_364' title='bbox 466 4578 676 4649; x_wconf 82' lang='grc' dir='ltr'>ὀρέων,</span> <span class='ocrx_word' id='word_1_365' title='bbox 709 4579 800 4633; x_wconf 82' lang='grc' dir='ltr'><strong>τὸν</strong></span> <span class='ocrx_word' id='word_1_366' title='bbox 847 4580 947 4650; x_wconf 84' lang='grc' dir='ltr'>μὲν</span> <span class='ocrx_word' id='word_1_367' title='bbox 976 4581 1121 4634; x_wconf 78' lang='grc' dir='ltr'>ἔνδον</span> <span class='ocrx_word' id='word_1_368' title='bbox 1168 4582 1292 4636; x_wconf 80' lang='grc' dir='ltr'>λαὸν</span> <span class='ocrx_word' id='word_1_369' title='bbox 1324 4582 1398 4655; x_wconf 76' lang='grc' dir='ltr'>μὴ</span> <span class='ocrx_word' id='word_1_370' title='bbox 1430 4584 1755 4655; x_wconf 79' lang='grc' dir='ltr'>λωϐώμενον</span> <span class='ocrx_word' id='word_1_371' title='bbox 1780 4601 1796 4617; x_wconf 73' lang='grc'>⁸</span> 
     </span>
    </p>
   </div>
   <div class='ocr_carea' id='block_1_52' title="bbox 182 4669 1793 4749">
    <p class='ocr_par' dir='ltr' id='par_1_52' title="bbox 182 4669 1793 4749">
     <span class='ocr_line' id='line_1_52' title="bbox 182 4669 1793 4749; baseline 0.008 -30"><span class='ocrx_word' id='word_1_372' title='bbox 182 4669 251 4720; x_wconf 73' lang='grc' dir='ltr'><strong>τά</strong></span> <span class='ocrx_word' id='word_1_373' title='bbox 269 4669 326 4720; x_wconf 82' lang='grc' dir='ltr'><strong>δέ</strong></span> <span class='ocrx_word' id='word_1_374' title='bbox 358 4670 550 4723; x_wconf 77' lang='grc' dir='ltr'>ἐκεῖσε</span> <span class='ocrx_word' id='word_1_375' title='bbox 580 4669 805 4740; x_wconf 84' lang='grc' dir='ltr'>δώματα</span> <span class='ocrx_word' id='word_1_376' title='bbox 837 4674 1366 4744; x_wconf 73' lang='grc' dir='ltr'>καταδαπανώμενα·</span> <span class='ocrx_word' id='word_1_377' title='bbox 1400 4676 1509 4729; x_wconf 87' lang='grc' dir='ltr'><strong>τῶν</strong></span> <span class='ocrx_word' id='word_1_378' title='bbox 1547 4678 1592 4732; x_wconf 90' lang='grc' dir='ltr'>θ’</span> <span class='ocrx_word' id='word_1_379' title='bbox 1633 4679 1793 4749; x_wconf 76' lang='grc' dir='ltr'>ἱερῶν</span> 
     </span>
    </p>
   </div>
   <div class='ocr_carea' id='block_1_53' title="bbox 181 4761 1792 4840">
    <p class='ocr_par' dir='ltr' id='par_1_53' title="bbox 181 4761 1792 4840">
     <span class='ocr_line' id='line_1_53' title="bbox 181 4761 1792 4840; baseline 0.007 -29"><span class='ocrx_word' id='word_1_380' title='bbox 181 4761 498 4831; x_wconf 82' lang='grc' dir='ltr'>κειμηλίων</span> <span class='ocrx_word' id='word_1_381' title='bbox 531 4762 597 4815; x_wconf 82' lang='grc' dir='ltr'><strong>τὸ</strong></span> <span class='ocrx_word' id='word_1_382' title='bbox 628 4761 739 4832; x_wconf 83' lang='grc' dir='ltr'>πῦρ</span> <span class='ocrx_word' id='word_1_383' title='bbox 770 4764 846 4836; x_wconf 84' lang='grc' dir='ltr'>μὴ</span> <span class='ocrx_word' id='word_1_384' title='bbox 875 4765 1083 4834; x_wconf 76' lang='grc' dir='ltr'>ψαῦσαι</span> <span class='ocrx_word' id='word_1_385' title='bbox 1118 4766 1495 4838; x_wconf 82' lang='grc' dir='ltr'>κατατολμῶν,</span> <span class='ocrx_word' id='word_1_386' title='bbox 1537 4770 1632 4822; x_wconf 75' lang='grc' dir='ltr'>καὶ</span> <span class='ocrx_word' id='word_1_387' title='bbox 1660 4786 1792 4840; x_wconf 85' lang='grc' dir='ltr'>στη-</span> 
     </span>
    </p>
   </div>
   <div class='ocr_carea' id='block_1_54' title="bbox 182 4850 1788 4929">
    <p class='ocr_par' dir='ltr' id='par_1_54' title="bbox 182 4850 1788 4929">
     <span class='ocr_line' id='line_1_54' title="bbox 182 4850 1788 4929; baseline 0.009 -29"><span class='ocrx_word' id='word_1_388' title='bbox 182 4850 399 4905; x_wconf 78' lang='grc' dir='ltr'>λιτεῦον</span> <span class='ocrx_word' id='word_1_389' title='bbox 450 4853 555 4922; x_wconf 76' lang='grc' dir='ltr'><strong>τὴν</strong></span> <span class='ocrx_word' id='word_1_390' title='bbox 600 4854 765 4926; x_wconf 78' lang='grc' dir='ltr'>ἄλλην</span> <span class='ocrx_word' id='word_1_391' title='bbox 817 4855 925 4908; x_wconf 87' lang='grc' dir='ltr'><strong>τῶν</strong></span> <span class='ocrx_word' id='word_1_392' title='bbox 962 4856 1316 4925; x_wconf 84' lang='grc' dir='ltr'>συκοφαντῶν</span> <span class='ocrx_word' id='word_1_393' title='bbox 1354 4858 1675 4929; x_wconf 80' lang='grc' dir='ltr'>τολμηρίαν,</span> <span class='ocrx_word' id='word_1_394' title='bbox 1735 4862 1788 4915; x_wconf 81' lang='grc' dir='ltr'><strong>τί</strong></span> 
     </span>
    </p>
   </div>
   <div class='ocr_carea' id='block_1_55' title="bbox 180 4945 1790 5025">
    <p class='ocr_par' dir='ltr' id='par_1_55' title="bbox 180 4945 1790 5025">
     <span class='ocr_line' id='line_1_55' title="bbox 180 4945 1790 5025; baseline 0.007 -29"><span class='ocrx_word' id='word_1_395' title='bbox 180 4945 593 5018; x_wconf 83' lang='grc' dir='ltr'>τολμησάντων</span> <span class='ocrx_word' id='word_1_396' title='bbox 642 4948 852 5015; x_wconf 79' lang='grc' dir='ltr'>είπεῐνς</span> <span class='ocrx_word' id='word_1_397' title='bbox 895 4948 1014 5002; x_wconf 86' lang='grc' dir='ltr'>Ὅτι</span> <span class='ocrx_word' id='word_1_398' title='bbox 1042 4949 1109 5003; x_wconf 81' lang='grc' dir='ltr'>δι’</span> <span class='ocrx_word' id='word_1_399' title='bbox 1142 4950 1432 5022; x_wconf 78' lang='grc' dir='ltr'>ἀφαίρεσιν</span> <span class='ocrx_word' id='word_1_400' title='bbox 1459 4952 1566 5006; x_wconf 88' lang='grc' dir='ltr'><strong>τῶν</strong></span> <span class='ocrx_word' id='word_1_401' title='bbox 1596 4953 1790 5025; x_wconf 87' lang='grc' dir='ltr'>τιμίων</span> 
     </span>
    </p>
   </div>
   <div class='ocr_carea' id='block_1_56' title="bbox 181 5039 1785 5117">
    <p class='ocr_par' dir='ltr' id='par_1_56' title="bbox 181 5039 1785 5117">
     <span class='ocr_line' id='line_1_56' title="bbox 181 5039 1785 5117; baseline 0.006 -26"><span class='ocrx_word' id='word_1_402' title='bbox 181 5039 362 5104; x_wconf 77' lang='grc' dir='ltr'>ὑλῶν,</span> <span class='ocrx_word' id='word_1_403' title='bbox 405 5040 523 5093; x_wconf 86' lang='grc' dir='ltr'><strong>τῶν</strong></span> <span class='ocrx_word' id='word_1_404' title='bbox 563 5041 727 5112; x_wconf 72' lang='grc' dir='ltr'>ἱερῶν</span> <span class='ocrx_word' id='word_1_405' title='bbox 775 5042 1076 5112; x_wconf 82' lang='grc' dir='ltr'>κειμηλίων</span> <span class='ocrx_word' id='word_1_406' title='bbox 1121 5047 1149 5097; x_wconf 87' lang='grc' dir='ltr'>ὁ</span> <span class='ocrx_word' id='word_1_407' title='bbox 1199 5045 1377 5115; x_wconf 75' lang='grc' dir='ltr'>ἱερεὺς</span> <span class='ocrx_word' id='word_1_408' title='bbox 1425 5047 1785 5117; x_wconf 84' lang='grc' dir='ltr'>ἀπελήλαται.</span> 
     </span>
    </p>
   </div>
   <div class='ocr_carea' id='block_1_57' title="bbox 180 5130 1789 5206">
    <p class='ocr_par' dir='ltr' id='par_1_57' title="bbox 180 5130 1789 5206">
     <span class='ocr_line' id='line_1_57' title="bbox 180 5130 1789 5206; baseline 0.004 -21"><span class='ocrx_word' id='word_1_409' title='bbox 180 5132 294 5185; x_wconf 71' lang='grc' dir='ltr'><strong>Καὶ</strong></span> <span class='ocrx_word' id='word_1_410' title='bbox 339 5133 402 5185; x_wconf 82' lang='grc' dir='ltr'>οὐ</span> <span class='ocrx_word' id='word_1_411' title='bbox 431 5130 603 5185; x_wconf 83' lang='grc' dir='ltr'>τοῦτο</span> <span class='ocrx_word' id='word_1_412' title='bbox 646 5133 804 5202; x_wconf 86' lang='grc' dir='ltr'>μόνον</span> <span class='ocrx_word' id='word_1_413' title='bbox 852 5133 871 5202; x_wconf 91' lang='grc'>(</span> <span class='ocrx_word' id='word_1_414' title='bbox 893 5132 938 5185; x_wconf 85' lang='grc' dir='ltr'><strong>ῶ</strong></span> <span class='ocrx_word' id='word_1_415' title='bbox 994 5134 1200 5204; x_wconf 86' lang='grc' dir='ltr'>τόλμης</span> <span class='ocrx_word' id='word_1_416' title='bbox 1246 5134 1545 5206; x_wconf 77' lang='grc' dir='ltr'>ἀνθρώπων</span> <span class='ocrx_word' id='word_1_417' title='bbox 1578 5139 1591 5191; x_wconf 90' lang='lat' dir='ltr'><strong>l</strong></span> <span class='ocrx_word' id='word_1_418' title='bbox 1619 5137 1663 5189; x_wconf 83' lang='grc' dir='ltr'>ὦ</span> <span class='ocrx_word' id='word_1_419' title='bbox 1695 5137 1789 5191; x_wconf 85' lang='grc' dir='ltr'><strong>τοῦ</strong></span> 
     </span>
    </p>
   </div>
   <div class='ocr_carea' id='block_1_58' title="bbox 180 5220 1788 5297">
    <p class='ocr_par' dir='ltr' id='par_1_58' title="bbox 180 5220 1788 5297">
     <span class='ocr_line' id='line_1_58' title="bbox 180 5220 1788 5297; baseline 0.007 -27"><span class='ocrx_word' id='word_1_420' title='bbox 180 5222 503 5289; x_wconf 84' lang='grc' dir='ltr'>κρείττονος</span> <span class='ocrx_word' id='word_1_421' title='bbox 540 5220 769 5291; x_wconf 76' lang='grc' dir='ltr'>ἀνοχῆςῐ</span> <span class='ocrx_word' id='word_1_422' title='bbox 798 5222 842 5291; x_wconf 89' lang='grc'>),</span> <span class='ocrx_word' id='word_1_423' title='bbox 875 5222 989 5276; x_wconf 82' lang='grc' dir='ltr'>ἀλλ’</span> <span class='ocrx_word' id='word_1_424' title='bbox 1035 5224 1117 5276; x_wconf 80' lang='grc' dir='ltr'><strong>ἐτι</strong></span> <span class='ocrx_word' id='word_1_425' title='bbox 1162 5226 1415 5297; x_wconf 80' lang='grc' dir='ltr'>πονηρῶς</span> <span class='ocrx_word' id='word_1_426' title='bbox 1463 5228 1558 5280; x_wconf 75' lang='grc' dir='ltr'><strong>καὶ</strong></span> <span class='ocrx_word' id='word_1_427' title='bbox 1614 5226 1788 5291; x_wconf 79' lang='grc' dir='ltr'>ἀθέως</span> 
     </span>
    </p>
   </div>
   <div class='ocr_carea' id='block_1_59' title="bbox 178 5313 1793 5393">
    <p class='ocr_par' dir='ltr' id='par_1_59' title="bbox 178 5313 1793 5393">
     <span class='ocr_line' id='line_1_59' title="bbox 178 5313 1793 5393; baseline 0.006 -28"><span class='ocrx_word' id='word_1_428' title='bbox 178 5317 294 5375; x_wconf 63' lang='lat' dir='ltr'><strong>cui;</strong></span> <span class='ocrx_word' id='word_1_429' title='bbox 320 5313 667 5385; x_wconf 84' lang='grc' dir='ltr'>κατηγόροις</span> <span class='ocrx_word' id='word_1_430' title='bbox 692 5316 1145 5387; x_wconf 83' lang='grc' dir='ltr'>διαπεφήμισται,</span> <span class='ocrx_word' id='word_1_431' title='bbox 1170 5319 1251 5372; x_wconf 79' lang='grc' dir='ltr'>ὅτι</span> <span class='ocrx_word' id='word_1_432' title='bbox 1294 5320 1545 5393; x_wconf 86' lang='grc' dir='ltr'>Ἰωάννην</span> <span class='ocrx_word' id='word_1_433' title='bbox 1576 5323 1625 5375; x_wconf 72' lang='lat' dir='ltr'><strong>oi</strong></span> <span class='ocrx_word' id='word_1_434' title='bbox 1656 5325 1793 5391; x_wconf 83' lang='grc' dir='ltr'>ἀγα-</span> 
     </span>
    </p>
   </div>
   <div class='ocr_carea' id='block_1_60' title="bbox 180 5407 1790 5487">
    <p class='ocr_par' dir='ltr' id='par_1_60' title="bbox 180 5407 1790 5487">
     <span class='ocr_line' id='line_1_60' title="bbox 180 5407 1790 5487; baseline 0.007 -30"><span class='ocrx_word' id='word_1_435' title='bbox 180 5407 398 5471; x_wconf 79' lang='grc' dir='ltr'>πῶντες</span> <span class='ocrx_word' id='word_1_436' title='bbox 419 5452 434 5475; x_wconf 91' lang='grc'><strong>,</strong></span> <span class='ocrx_word' id='word_1_437' title='bbox 470 5408 575 5479; x_wconf 78' lang='grc' dir='ltr'>τὴν</span> <span class='ocrx_word' id='word_1_438' title='bbox 609 5408 907 5479; x_wconf 75' lang='grc' dir='ltr'>ἐκκλησίαν</span> <span class='ocrx_word' id='word_1_439' title='bbox 935 5410 1267 5483; x_wconf 79' lang='grc' dir='ltr'>ἐνέπρησαν.</span> <span class='ocrx_word' id='word_1_440' title='bbox 1298 5414 1480 5484; x_wconf 82' lang='grc' dir='ltr'>Τάφος</span> <span class='ocrx_word' id='word_1_441' title='bbox 1506 5417 1790 5487; x_wconf 81' lang='grc' dir='ltr'>ἀνεῳγμέ-</span> 
     </span>
    </p>
   </div>
   <div class='ocr_carea' id='block_1_61' title="bbox 180 5499 1008 5569">
    <p class='ocr_par' dir='ltr' id='par_1_61' title="bbox 180 5499 1008 5569">
     <span class='ocr_line' id='line_1_61' title="bbox 180 5499 1008 5569; baseline 0.01 -20"><span class='ocrx_word' id='word_1_442' title='bbox 180 5516 270 5561; x_wconf 66' lang='grc' dir='ltr'><strong>νις</strong></span> <span class='ocrx_word' id='word_1_443' title='bbox 296 5499 472 5563; x_wconf 82' lang='grc' dir='ltr'>ὅντως</span> <span class='ocrx_word' id='word_1_444' title='bbox 506 5502 537 5552; x_wconf 84' lang='grc' dir='ltr'>ὁ</span> <span class='ocrx_word' id='word_1_445' title='bbox 568 5499 776 5569; x_wconf 76' lang='grc' dir='ltr'>λάρυγξ</span> <span class='ocrx_word' id='word_1_446' title='bbox 805 5500 1008 5558; x_wconf 79' lang='grc' dir='ltr'>αὐτῶν.</span> 
     </span>
    </p>
   </div>
   <div class='ocr_carea' id='block_1_62' title="bbox 1910 486 3490 556">
    <p class='ocr_par' dir='ltr' id='par_1_62' title="bbox 1910 486 3490 556">
     <span class='ocr_line' id='line_1_62' title="bbox 1910 486 3490 556; baseline -0.001 -15"><span class='ocrx_word' id='word_1_447' title='bbox 1910 489 2341 550; x_wconf 80' lang='lat' dir='ltr'><strong>exercitationis,</strong></span> <span class='ocrx_word' id='word_1_448' title='bbox 2369 498 2423 541; x_wconf 91' lang='lat' dir='ltr'><strong>et</strong></span> <span class='ocrx_word' id='word_1_449' title='bbox 2446 486 2591 541; x_wconf 83' lang='lat' dir='ltr'><strong>videt</strong></span> <span class='ocrx_word' id='word_1_450' title='bbox 2621 486 2809 555; x_wconf 81' lang='lat' dir='ltr'><strong>procul</strong></span> <span class='ocrx_word' id='word_1_451' title='bbox 2833 500 3085 556; x_wconf 80' lang='lat' dir='ltr'><strong>campum</strong></span> <span class='ocrx_word' id='word_1_452' title='bbox 3126 486 3490 541; x_wconf 82' lang='lat' dir='ltr'><strong>albescentem</strong></span> 
     </span>
    </p>
   </div>
   <div class='ocr_carea' id='block_1_63' title="bbox 1910 580 3493 649">
    <p class='ocr_par' dir='ltr' id='par_1_63' title="bbox 1910 580 3493 649">
     <span class='ocr_line' id='line_1_63' title="bbox 1910 580 3493 649; baseline -0.001 -14"><span class='ocrx_word' id='word_1_453' title='bbox 1910 580 2161 635; x_wconf 82' lang='lat' dir='ltr'><strong>candidis</strong></span> <span class='ocrx_word' id='word_1_454' title='bbox 2197 582 2438 637; x_wconf 85' lang='lat' dir='ltr'><strong>vestibus</strong></span> <span class='ocrx_word' id='word_1_455' title='bbox 2484 595 2699 641; x_wconf 87' lang='lat' dir='ltr'><strong>eorum.</strong></span> <span class='ocrx_word' id='word_1_456' title='bbox 2748 581 2839 649; x_wconf 88' lang='lat' dir='ltr'><strong>qui</strong></span> <span class='ocrx_word' id='word_1_457' title='bbox 2873 594 3067 634; x_wconf 83' lang='lat' dir='ltr'><strong>recens</strong></span> <span class='ocrx_word' id='word_1_458' title='bbox 3097 586 3256 635; x_wconf 87' lang='lat' dir='ltr'><strong>erant</strong></span> <span class='ocrx_word' id='word_1_459' title='bbox 3287 580 3493 634; x_wconf 79' lang='lat' dir='ltr'><strong>illumi-</strong></span> 
     </span>
    </p>
   </div>
   <div class='ocr_carea' id='block_1_64' title="bbox 1910 671 3493 743">
    <p class='ocr_par' dir='ltr' id='par_1_64' title="bbox 1910 671 3493 743">
     <span class='ocr_line' id='line_1_64' title="bbox 1910 671 3493 743; baseline 0 -15"><span class='ocrx_word' id='word_1_460' title='bbox 1910 675 2045 728; x_wconf 85' lang='lat' dir='ltr'><strong>nati.</strong></span> <span class='ocrx_word' id='word_1_461' title='bbox 2074 672 2151 727; x_wconf 87' lang='lat' dir='ltr'><strong>Eo</strong></span> <span class='ocrx_word' id='word_1_462' title='bbox 2190 685 2371 728; x_wconf 87' lang='lat' dir='ltr'><strong>autem</strong></span> <span class='ocrx_word' id='word_1_463' title='bbox 2400 673 2721 743; x_wconf 86' lang='lat' dir='ltr'><strong>spectaculo</strong></span> <span class='ocrx_word' id='word_1_464' title='bbox 2750 671 2983 727; x_wconf 80' lang='lat' dir='ltr'><strong>adicitur</strong></span> <span class='ocrx_word' id='word_1_465' title='bbox 3014 673 3395 738; x_wconf 82' lang='lat' dir='ltr'><strong>admiratione,</strong></span> <span class='ocrx_word' id='word_1_466' title='bbox 3433 682 3493 728; x_wconf 92' lang='lat' dir='ltr'><strong>ut</strong></span> 
     </span>
    </p>
   </div>
   <div class='ocr_carea' id='block_1_65' title="bbox 1910 765 3491 837">
    <p class='ocr_par' dir='ltr' id='par_1_65' title="bbox 1910 765 3491 837">
     <span class='ocr_line' id='line_1_65' title="bbox 1910 765 3491 837; baseline 0.002 -17"><span class='ocrx_word' id='word_1_467' title='bbox 1910 766 2002 837; x_wconf 89' lang='lat' dir='ltr'><strong>qui</strong></span> <span class='ocrx_word' id='word_1_468' title='bbox 2036 776 2195 821; x_wconf 79' lang='lat' dir='ltr'><strong>terra:</strong></span> <span class='ocrx_word' id='word_1_469' title='bbox 2226 765 2414 820; x_wconf 83' lang='lat' dir='ltr'><strong>ﬂorem</strong></span> <span class='ocrx_word' id='word_1_470' title='bbox 2462 773 2680 836; x_wconf 85' lang='lat' dir='ltr'><strong>putaret</strong></span> <span class='ocrx_word' id='word_1_471' title='bbox 2710 780 2833 821; x_wconf 90' lang='lat' dir='ltr'><strong>esse</strong></span> <span class='ocrx_word' id='word_1_472' title='bbox 2872 766 2926 821; x_wconf 90' lang='lat' dir='ltr'><strong>id</strong></span> <span class='ocrx_word' id='word_1_473' title='bbox 2961 767 3107 837; x_wconf 91' lang='lat' dir='ltr'><strong>quod</strong></span> <span class='ocrx_word' id='word_1_474' title='bbox 3141 768 3491 823; x_wconf 88' lang='lat' dir='ltr'><strong>cernebatur.</strong></span> 
     </span>
    </p>
   </div>
   <div class='ocr_carea' id='block_1_66' title="bbox 1911 854 3496 915">
    <p class='ocr_par' dir='ltr' id='par_1_66' title="bbox 1911 854 3496 915">
     <span class='ocr_line' id='line_1_66' title="bbox 1911 854 3496 915; baseline 0 -2"><span class='ocrx_word' id='word_1_475' title='bbox 1911 860 2080 914; x_wconf 83' lang='lat' dir='ltr'><strong>Eram</strong></span> <span class='ocrx_word' id='word_1_476' title='bbox 2112 860 2256 915; x_wconf 88' lang='lat' dir='ltr'><strong>enim</strong></span> <span class='ocrx_word' id='word_1_477' title='bbox 2305 874 2497 914; x_wconf 84' lang='lat' dir='ltr'><strong>recens</strong></span> <span class='ocrx_word' id='word_1_478' title='bbox 2523 858 2957 915; x_wconf 87' lang='lat' dir='ltr'><strong>illuminatorum</strong></span> <span class='ocrx_word' id='word_1_479' title='bbox 2998 858 3101 913; x_wconf 86' lang='lat' dir='ltr'><strong>tria</strong></span> <span class='ocrx_word' id='word_1_480' title='bbox 3129 858 3298 914; x_wconf 85' lang='lat' dir='ltr'><strong>millia</strong></span> <span class='ocrx_word' id='word_1_481' title='bbox 3332 854 3496 914; x_wconf 81' lang='lat' dir='ltr'><strong>cir&#39;ci-</strong></span> 
     </span>
    </p>
   </div>
   <div class='ocr_carea' id='block_1_67' title="bbox 1910 953 3494 1024">
    <p class='ocr_par' dir='ltr' id='par_1_67' title="bbox 1910 953 3494 1024">
     <span class='ocr_line' id='line_1_67' title="bbox 1910 953 3494 1024; baseline 0.001 -17"><span class='ocrx_word' id='word_1_482' title='bbox 1910 963 1991 1007; x_wconf 90' lang='lat' dir='ltr'><strong>ter</strong></span> <span class='ocrx_word' id='word_1_483' title='bbox 2030 972 2043 1007; x_wconf 88' lang='lat'><strong>:</strong></span> <span class='ocrx_word' id='word_1_484' title='bbox 2076 963 2290 1024; x_wconf 32' lang='lat' dir='ltr'><strong>,rogat,</strong></span> <span class='ocrx_word' id='word_1_485' title='bbox 2336 954 2597 1023; x_wconf 80' lang='lat' dir='ltr'><strong>quidnam</strong></span> <span class='ocrx_word' id='word_1_486' title='bbox 2645 953 2749 1008; x_wconf 92' lang='lat' dir='ltr'><strong>hoc</strong></span> <span class='ocrx_word' id='word_1_487' title='bbox 2798 954 2889 1009; x_wconf 89' lang='lat' dir='ltr'><strong>sit.</strong></span> <span class='ocrx_word' id='word_1_488' title='bbox 2930 953 3065 1009; x_wconf 85' lang='lat' dir='ltr'><strong>Vide</strong></span> <span class='ocrx_word' id='word_1_489' title='bbox 3105 964 3287 1009; x_wconf 87' lang='lat' dir='ltr'><strong>autem</strong></span> <span class='ocrx_word' id='word_1_490' title='bbox 3338 954 3494 1009; x_wconf 64' lang='lat' dir='ltr'><strong>malae</strong></span> 
     </span>
    </p>
   </div>
   <div class='ocr_carea' id='block_1_68' title="bbox 1908 1046 3490 1118">
    <p class='ocr_par' dir='ltr' id='par_1_68' title="bbox 1908 1046 3490 1118">
     <span class='ocr_line' id='line_1_68' title="bbox 1908 1046 3490 1118; baseline 0.003 -19"><span class='ocrx_word' id='word_1_491' title='bbox 1908 1048 2105 1115; x_wconf 76' lang='lat' dir='ltr'><strong>lingua:</strong></span> <span class='ocrx_word' id='word_1_492' title='bbox 2133 1047 2534 1117; x_wconf 44' lang='lat' dir='ltr'><strong>deeriptionem.</strong></span> <span class='ocrx_word' id='word_1_493' title='bbox 2574 1046 2690 1111; x_wconf 82' lang='lat' dir='ltr'><strong>Est,</strong></span> <span class='ocrx_word' id='word_1_494' title='bbox 2716 1048 2994 1118; x_wconf 83' lang='lat' dir='ltr'><strong>inquiunt,</strong></span> <span class='ocrx_word' id='word_1_495' title='bbox 3034 1048 3490 1104; x_wconf 82' lang='lat' dir='ltr'><strong>heterodoxorum</strong></span> 
     </span>
    </p>
   </div>
   <div class='ocr_carea' id='block_1_69' title="bbox 1907 1138 3493 1212">
    <p class='ocr_par' dir='ltr' id='par_1_69' title="bbox 1907 1138 3493 1212">
     <span class='ocr_line' id='line_1_69' title="bbox 1907 1138 3493 1212; baseline 0.004 -21"><span class='ocrx_word' id='word_1_496' title='bbox 1907 1138 2203 1193; x_wconf 87' lang='lat' dir='ltr'><strong>multitudo</strong></span> <span class='ocrx_word' id='word_1_497' title='bbox 2223 1139 2926 1207; x_wconf 77' lang='lat' dir='ltr'><strong>Valentinianorum.Quod</strong></span> <span class='ocrx_word' id='word_1_498' title='bbox 2948 1142 3111 1196; x_wconf 88' lang='lat' dir='ltr'><strong>simul</strong></span> <span class='ocrx_word' id='word_1_499' title='bbox 3137 1153 3297 1212; x_wconf 85' lang='lat' dir='ltr'><strong>atque</strong></span> <span class='ocrx_word' id='word_1_500' title='bbox 3318 1143 3493 1198; x_wconf 73' lang='lat' dir='ltr'><strong>dixis-</strong></span> 
     </span>
    </p>
   </div>
   <div class='ocr_carea' id='block_1_70' title="bbox 1906 1230 3489 1304">
    <p class='ocr_par' dir='ltr' id='par_1_70' title="bbox 1906 1230 3489 1304">
     <span class='ocr_line' id='line_1_70' title="bbox 1906 1230 3489 1304; baseline 0.004 -18"><span class='ocrx_word' id='word_1_501' title='bbox 1906 1240 2048 1296; x_wconf 85' lang='lat' dir='ltr'><strong>sent,</strong></span> <span class='ocrx_word' id='word_1_502' title='bbox 2071 1246 2137 1285; x_wconf 80' lang='lat' dir='ltr'><strong>ex</strong></span> <span class='ocrx_word' id='word_1_503' title='bbox 2169 1230 2386 1287; x_wconf 87' lang='lat' dir='ltr'><strong>insidiis</strong></span> <span class='ocrx_word' id='word_1_504' title='bbox 2416 1232 2468 1286; x_wconf 90' lang='lat' dir='ltr'><strong>in</strong></span> <span class='ocrx_word' id='word_1_505' title='bbox 2495 1248 2590 1287; x_wconf 91' lang='lat' dir='ltr'><strong>eos</strong></span> <span class='ocrx_word' id='word_1_506' title='bbox 2614 1233 2877 1304; x_wconf 92' lang='lat' dir='ltr'><strong>impetum</strong></span> <span class='ocrx_word' id='word_1_507' title='bbox 2905 1232 3115 1289; x_wconf 76' lang='lat' dir='ltr'><strong>faciunt</strong></span> <span class='ocrx_word' id='word_1_508' title='bbox 3137 1235 3236 1289; x_wconf 89' lang='lat' dir='ltr'><strong>viri</strong></span> <span class='ocrx_word' id='word_1_509' title='bbox 3270 1238 3489 1292; x_wconf 82' lang='lat' dir='ltr'><strong>armati.</strong></span> 
     </span>
    </p>
   </div>
   <div class='ocr_carea' id='block_1_71' title="bbox 1906 1322 3492 1397">
    <p class='ocr_par' dir='ltr' id='par_1_71' title="bbox 1906 1322 3492 1397">
     <span class='ocr_line' id='line_1_71' title="bbox 1906 1322 3492 1397; baseline 0.004 -20"><span class='ocrx_word' id='word_1_510' title='bbox 1906 1322 2038 1390; x_wconf 74' lang='lat' dir='ltr'><strong>Qua:</strong></span> <span class='ocrx_word' id='word_1_511' title='bbox 2069 1340 2198 1380; x_wconf 90' lang='lat' dir='ltr'><strong>vero</strong></span> <span class='ocrx_word' id='word_1_512' title='bbox 2231 1325 2472 1395; x_wconf 74' lang='lat' dir='ltr'><strong>postluec</strong></span> <span class='ocrx_word' id='word_1_513' title='bbox 2506 1332 2636 1379; x_wconf 87' lang='lat' dir='ltr'><strong>sunt</strong></span> <span class='ocrx_word' id='word_1_514' title='bbox 2658 1334 2977 1391; x_wconf 89' lang='lat' dir='ltr'><strong>consecuta,</strong></span> <span class='ocrx_word' id='word_1_515' title='bbox 3017 1342 3264 1397; x_wconf 78' lang='lat' dir='ltr'><strong>quamam</strong></span> <span class='ocrx_word' id='word_1_516' title='bbox 3303 1340 3492 1385; x_wconf 56' lang='lat' dir='ltr'><strong>esten-</strong></span> 
     </span>
    </p>
   </div>
   <div class='ocr_carea' id='block_1_72' title="bbox 1905 1415 3492 1489">
    <p class='ocr_par' dir='ltr' id='par_1_72' title="bbox 1905 1415 3492 1489">
     <span class='ocr_line' id='line_1_72' title="bbox 1905 1415 3492 1489; baseline 0.002 -17"><span class='ocrx_word' id='word_1_517' title='bbox 1905 1417 2047 1472; x_wconf 88' lang='lat' dir='ltr'><strong>derit</strong></span> <span class='ocrx_word' id='word_1_518' title='bbox 2072 1419 2250 1473; x_wconf 80' lang='lat' dir='ltr'><strong>oratio</strong></span> <span class='ocrx_word' id='word_1_519' title='bbox 2289 1418 2313 1471; x_wconf 72' lang='grc' dir='ltr'><strong>’ἔ</strong></span> <span class='ocrx_word' id='word_1_520' title='bbox 2346 1415 2556 1474; x_wconf 78' lang='lat' dir='ltr'><strong>Rursus</strong></span> <span class='ocrx_word' id='word_1_521' title='bbox 2593 1419 2783 1489; x_wconf 63' lang='lat' dir='ltr'><strong>plaga),</strong></span> <span class='ocrx_word' id='word_1_522' title='bbox 2812 1434 3004 1474; x_wconf 79' lang='lat' dir='ltr'><strong>rursus</strong></span> <span class='ocrx_word' id='word_1_523' title='bbox 3046 1428 3340 1485; x_wconf 87' lang='lat' dir='ltr'><strong>tormenta,</strong></span> <span class='ocrx_word' id='word_1_524' title='bbox 3369 1420 3492 1476; x_wconf 84' lang='lat' dir='ltr'><strong>r&#39;ur-</strong></span> 
     </span>
    </p>
   </div>
   <div class='ocr_carea' id='block_1_73' title="bbox 1907 1510 3494 1573">
    <p class='ocr_par' dir='ltr' id='par_1_73' title="bbox 1907 1510 3494 1573">
     <span class='ocr_line' id='line_1_73' title="bbox 1907 1510 3494 1573; baseline 0.004 -10"><span class='ocrx_word' id='word_1_525' title='bbox 1907 1525 2000 1563; x_wconf 85' lang='lat' dir='ltr'><strong>sus</strong></span> <span class='ocrx_word' id='word_1_526' title='bbox 2042 1510 2297 1573; x_wconf 76' lang='lat' dir='ltr'><strong>riucnla,</strong></span> <span class='ocrx_word' id='word_1_527' title='bbox 2337 1526 2531 1566; x_wconf 85' lang='lat' dir='ltr'><strong>rursus</strong></span> <span class='ocrx_word' id='word_1_528' title='bbox 2571 1511 2859 1565; x_wconf 66' lang='lat' dir='ltr'><strong>custodiae.</strong></span> <span class='ocrx_word' id='word_1_529' title='bbox 2906 1511 3167 1568; x_wconf 84' lang='lat' dir='ltr'><strong>Carceres</strong></span> <span class='ocrx_word' id='word_1_530' title='bbox 3200 1523 3357 1569; x_wconf 85' lang='lat' dir='ltr'><strong>erant</strong></span> <span class='ocrx_word' id='word_1_531' title='bbox 3398 1530 3494 1570; x_wconf 89' lang='lat' dir='ltr'><strong>ec-</strong></span> 
     </span>
    </p>
   </div>
   <div class='ocr_carea' id='block_1_74' title="bbox 1906 1603 3494 1675">
    <p class='ocr_par' dir='ltr' id='par_1_74' title="bbox 1906 1603 3494 1675">
     <span class='ocr_line' id='line_1_74' title="bbox 1906 1603 3494 1675; baseline 0.006 -20"><span class='ocrx_word' id='word_1_532' title='bbox 1906 1603 2089 1659; x_wconf 81' lang='lat' dir='ltr'><strong>clesiae</strong></span> <span class='ocrx_word' id='word_1_533' title='bbox 2120 1604 2292 1673; x_wconf 77' lang='lat' dir='ltr'><strong>plenae</strong></span> <span class='ocrx_word' id='word_1_534' title='bbox 2335 1603 2551 1675; x_wconf 82' lang='lat' dir='ltr'><strong>hymnis</strong></span> <span class='ocrx_word' id='word_1_535' title='bbox 2584 1614 2636 1657; x_wconf 90' lang='lat' dir='ltr'><strong>et</strong></span> <span class='ocrx_word' id='word_1_536' title='bbox 2670 1603 3202 1674; x_wconf 80' lang='lat' dir='ltr'><strong>gloriﬁcationibus:</strong></span> <span class='ocrx_word' id='word_1_537' title='bbox 3246 1606 3494 1664; x_wconf 85' lang='lat' dir='ltr'><strong>ecclesiae</strong></span> 
     </span>
    </p>
   </div>
   <div class='ocr_carea' id='block_1_75' title="bbox 1906 1693 3494 1768">
    <p class='ocr_par' dir='ltr' id='par_1_75' title="bbox 1906 1693 3494 1768">
     <span class='ocr_line' id='line_1_75' title="bbox 1906 1693 3494 1768; baseline 0.005 -23"><span class='ocrx_word' id='word_1_538' title='bbox 1906 1707 2036 1746; x_wconf 88' lang='lat' dir='ltr'><strong>vero</strong></span> <span class='ocrx_word' id='word_1_539' title='bbox 2085 1693 2389 1749; x_wconf 73' lang='lat' dir='ltr'><strong>deteriores</strong></span> <span class='ocrx_word' id='word_1_540' title='bbox 2448 1695 2785 1761; x_wconf 81' lang='lat' dir='ltr'><strong>carceribus,</strong></span> <span class='ocrx_word' id='word_1_541' title='bbox 2849 1697 3051 1767; x_wconf 69' lang='lat' dir='ltr'><strong>poenis,</strong></span> <span class='ocrx_word' id='word_1_542' title='bbox 3118 1695 3382 1768; x_wconf 77' lang='lat' dir='ltr'><strong>ﬂagellis,</strong></span> <span class='ocrx_word' id='word_1_543' title='bbox 3438 1710 3494 1755; x_wconf 89' lang='lat' dir='ltr'><strong>et</strong></span> 
     </span>
    </p>
   </div>
   <div class='ocr_carea' id='block_1_76' title="bbox 1906 1786 3491 1856">
    <p class='ocr_par' dir='ltr' id='par_1_76' title="bbox 1906 1786 3491 1856">
     <span class='ocr_line' id='line_1_76' title="bbox 1906 1786 3491 1856; baseline 0.006 -17"><span class='ocrx_word' id='word_1_544' title='bbox 1906 1786 2193 1839; x_wconf 71' lang='lat' dir='ltr'><strong>tormentis</strong></span> <span class='ocrx_word' id='word_1_545' title='bbox 2225 1786 2575 1856; x_wconf 77' lang='lat' dir='ltr'><strong>plenissimae.</strong></span> <span class='ocrx_word' id='word_1_546' title='bbox 2612 1787 2731 1843; x_wconf 88' lang='lat' dir='ltr'><strong>Duo</strong></span> <span class='ocrx_word' id='word_1_547' title='bbox 2751 1789 2933 1845; x_wconf 88' lang='lat' dir='ltr'><strong>adhuc</strong></span> <span class='ocrx_word' id='word_1_548' title='bbox 2970 1804 3188 1846; x_wconf 88' lang='lat' dir='ltr'><strong>menses</strong></span> <span class='ocrx_word' id='word_1_549' title='bbox 3224 1790 3491 1848; x_wconf 88' lang='lat' dir='ltr'><strong>interces-</strong></span> 
     </span>
    </p>
   </div>
   <div class='ocr_carea' id='block_1_77' title="bbox 1904 1879 3492 1957">
    <p class='ocr_par' dir='ltr' id='par_1_77' title="bbox 1904 1879 3492 1957">
     <span class='ocr_line' id='line_1_77' title="bbox 1904 1879 3492 1957; baseline 0.005 -25"><span class='ocrx_word' id='word_1_550' title='bbox 1904 1888 2133 1941; x_wconf 88' lang='lat' dir='ltr'><strong>serunt,</strong></span> <span class='ocrx_word' id='word_1_551' title='bbox 2167 1889 2221 1933; x_wconf 89' lang='lat' dir='ltr'><strong>et</strong></span> <span class='ocrx_word' id='word_1_552' title='bbox 2254 1879 2553 1947; x_wconf 82' lang='lat' dir='ltr'><strong>imperator</strong></span> <span class='ocrx_word' id='word_1_553' title='bbox 2584 1881 2633 1935; x_wconf 88' lang='lat' dir='ltr'><strong>vi</strong></span> <span class='ocrx_word' id='word_1_554' title='bbox 2678 1897 3001 1953; x_wconf 81' lang='lat' dir='ltr'><strong>persuasus,</strong></span> <span class='ocrx_word' id='word_1_555' title='bbox 3040 1883 3317 1955; x_wconf 79' lang='lat' dir='ltr'><strong>signiﬁcat</strong></span> <span class='ocrx_word' id='word_1_556' title='bbox 3352 1900 3492 1957; x_wconf 91' lang='lat' dir='ltr'><strong>pon-</strong></span> 
     </span>
    </p>
   </div>
   <div class='ocr_carea' id='block_1_78' title="bbox 1908 1970 3493 2037">
    <p class='ocr_par' dir='ltr' id='par_1_78' title="bbox 1908 1970 3493 2037">
     <span class='ocr_line' id='line_1_78' title="bbox 1908 1970 3493 2037; baseline 0.006 -13"><span class='ocrx_word' id='word_1_557' title='bbox 1908 1970 2059 2037; x_wconf 77' lang='lat' dir='ltr'><strong>lilici,</strong></span> <span class='ocrx_word' id='word_1_558' title='bbox 2102 1971 2293 2028; x_wconf 85' lang='lat' dir='ltr'><strong>dicens</strong></span> <span class='ocrx_word' id='word_1_559' title='bbox 2325 1992 2338 2027; x_wconf 90' lang='lat'>:</span> <span class='ocrx_word' id='word_1_560' title='bbox 2369 1971 2661 2028; x_wconf 83' lang='lat' dir='ltr'><strong>Multitudo</strong></span> <span class='ocrx_word' id='word_1_561' title='bbox 2707 1983 2926 2031; x_wconf 89' lang='lat' dir='ltr'><strong>tuorum</strong></span> <span class='ocrx_word' id='word_1_562' title='bbox 2957 1978 3401 2033; x_wconf 72' lang='lat' dir='ltr'><strong>adversariorum</strong></span> <span class='ocrx_word' id='word_1_563' title='bbox 3439 1982 3493 2033; x_wconf 89' lang='lat' dir='ltr'><strong>in</strong></span> 
     </span>
    </p>
   </div>
   <div class='ocr_carea' id='block_1_79' title="bbox 1906 2065 3490 2140">
    <p class='ocr_par' dir='ltr' id='par_1_79' title="bbox 1906 2065 3490 2140">
     <span class='ocr_line' id='line_1_79' title="bbox 1906 2065 3490 2140; baseline 0.005 -20"><span class='ocrx_word' id='word_1_564' title='bbox 1906 2080 1963 2120; x_wconf 86' lang='lat' dir='ltr'><strong>se</strong></span> <span class='ocrx_word' id='word_1_565' title='bbox 1997 2065 2220 2120; x_wconf 81' lang='lat' dir='ltr'><strong>attraxit</strong></span> <span class='ocrx_word' id='word_1_566' title='bbox 2249 2066 2298 2121; x_wconf 90' lang='lat' dir='ltr'><strong>id</strong></span> <span class='ocrx_word' id='word_1_567' title='bbox 2325 2067 2468 2137; x_wconf 87' lang='lat' dir='ltr'><strong>quod</strong></span> <span class='ocrx_word' id='word_1_568' title='bbox 2492 2068 2544 2121; x_wconf 89' lang='lat' dir='ltr'><strong>in</strong></span> <span class='ocrx_word' id='word_1_569' title='bbox 2582 2076 2635 2123; x_wconf 88' lang='lat' dir='ltr'><strong>te</strong></span> <span class='ocrx_word' id='word_1_570' title='bbox 2664 2066 2765 2121; x_wconf 75' lang='lat' dir='ltr'><strong>fuit</strong></span> <span class='ocrx_word' id='word_1_571' title='bbox 2797 2070 3157 2124; x_wconf 86' lang='lat' dir='ltr'><strong>constitutum</strong></span> <span class='ocrx_word' id='word_1_572' title='bbox 3198 2070 3490 2140; x_wconf 85' lang='lat' dir='ltr'><strong>judicium.</strong></span> 
     </span>
    </p>
   </div>
   <div class='ocr_carea' id='block_1_80' title="bbox 1906 2156 3489 2235">
    <p class='ocr_par' dir='ltr' id='par_1_80' title="bbox 1906 2156 3489 2235">
     <span class='ocr_line' id='line_1_80' title="bbox 1906 2156 3489 2235; baseline 0.004 -24"><span class='ocrx_word' id='word_1_573' title='bbox 1906 2156 1986 2212; x_wconf 83' lang='lat' dir='ltr'><strong>Tu</strong></span> <span class='ocrx_word' id='word_1_574' title='bbox 2026 2174 2156 2231; x_wconf 82' lang='lat' dir='ltr'><strong>ergo</strong></span> <span class='ocrx_word' id='word_1_575' title='bbox 2196 2175 2283 2215; x_wconf 89' lang='lat' dir='ltr'><strong>res</strong></span> <span class='ocrx_word' id='word_1_576' title='bbox 2331 2170 2452 2215; x_wconf 76' lang='lat' dir='ltr'><strong>tuas</strong></span> <span class='ocrx_word' id='word_1_577' title='bbox 2494 2159 2604 2214; x_wconf 74' lang='lat' dir='ltr'><strong>Deo</strong></span> <span class='ocrx_word' id='word_1_578' title='bbox 2654 2161 3004 2217; x_wconf 86' lang='lat' dir='ltr'><strong>committens</strong></span> <span class='ocrx_word' id='word_1_579' title='bbox 3033 2201 3050 2226; x_wconf 86' lang='lat'><strong>,</strong></span> <span class='ocrx_word' id='word_1_580' title='bbox 3105 2165 3365 2235; x_wconf 78' lang='lat' dir='ltr'><strong>egredere</strong></span> <span class='ocrx_word' id='word_1_581' title='bbox 3427 2181 3489 2218; x_wconf 77' lang='lat' dir='ltr'><strong>ex</strong></span> 
     </span>
    </p>
   </div>
   <div class='ocr_carea' id='block_1_81' title="bbox 1902 2251 3492 2327">
    <p class='ocr_par' dir='ltr' id='par_1_81' title="bbox 1902 2251 3492 2327">
     <span class='ocr_line' id='line_1_81' title="bbox 1902 2251 3492 2327; baseline 0.003 -20"><span class='ocrx_word' id='word_1_582' title='bbox 1902 2251 2157 2308; x_wconf 83' lang='lat' dir='ltr'><strong>ecclesia.</strong></span> <span class='ocrx_word' id='word_1_583' title='bbox 2205 2251 2321 2309; x_wconf 78' lang='lat' dir='ltr'><strong>Hoc</strong></span> <span class='ocrx_word' id='word_1_584' title='bbox 2368 2269 2492 2309; x_wconf 90' lang='lat' dir='ltr'><strong>cum</strong></span> <span class='ocrx_word' id='word_1_585' title='bbox 2534 2268 2719 2324; x_wconf 85' lang='lat' dir='ltr'><strong>aperte</strong></span> <span class='ocrx_word' id='word_1_586' title='bbox 2756 2253 2858 2309; x_wconf 88' lang='lat' dir='ltr'><strong>sibi</strong></span> <span class='ocrx_word' id='word_1_587' title='bbox 2900 2255 3267 2327; x_wconf 75' lang='lat' dir='ltr'><strong>signiﬁcatum</strong></span> <span class='ocrx_word' id='word_1_588' title='bbox 3302 2270 3492 2311; x_wconf 83' lang='lat' dir='ltr'><strong>sacro-</strong></span> 
     </span>
    </p>
   </div>
   <div class='ocr_carea' id='block_1_82' title="bbox 1903 2346 3491 2420">
    <p class='ocr_par' dir='ltr' id='par_1_82' title="bbox 1903 2346 3491 2420">
     <span class='ocr_line' id='line_1_82' title="bbox 1903 2346 3491 2420; baseline 0.003 -20"><span class='ocrx_word' id='word_1_589' title='bbox 1903 2353 2129 2402; x_wconf 86' lang='lat' dir='ltr'><strong>sanctus</strong></span> <span class='ocrx_word' id='word_1_590' title='bbox 2177 2346 2541 2404; x_wconf 73' lang='lat' dir='ltr'><strong>intellexisset</strong></span> <span class='ocrx_word' id='word_1_591' title='bbox 2587 2349 2812 2414; x_wconf 82' lang='lat' dir='ltr'><strong>athleta,</strong></span> <span class='ocrx_word' id='word_1_592' title='bbox 2847 2360 3135 2420; x_wconf 80' lang='lat' dir='ltr'><strong>postquam</strong></span> <span class='ocrx_word' id='word_1_593' title='bbox 3185 2350 3491 2417; x_wconf 86' lang='lat' dir='ltr'><strong>admonuit,</strong></span> 
     </span>
    </p>
   </div>
   <div class='ocr_carea' id='block_1_83' title="bbox 1901 2438 3491 2516">
    <p class='ocr_par' dir='ltr' id='par_1_83' title="bbox 1901 2438 3491 2516">
     <span class='ocr_line' id='line_1_83' title="bbox 1901 2438 3491 2516; baseline 0.004 -24"><span class='ocrx_word' id='word_1_594' title='bbox 1901 2438 2251 2494; x_wconf 87' lang='lat' dir='ltr'><strong>conlirmavit</strong></span> <span class='ocrx_word' id='word_1_595' title='bbox 2273 2479 2290 2506; x_wconf 94' lang='lat'><strong>,</strong></span> <span class='ocrx_word' id='word_1_596' title='bbox 2323 2439 2632 2505; x_wconf 74' lang='lat' dir='ltr'><strong>rcdiiicavit,</strong></span> <span class='ocrx_word' id='word_1_597' title='bbox 2675 2442 2933 2498; x_wconf 88' lang='lat' dir='ltr'><strong>omnibus</strong></span> <span class='ocrx_word' id='word_1_598' title='bbox 2962 2458 3086 2514; x_wconf 71' lang='lat' dir='ltr'><strong>quae</strong></span> <span class='ocrx_word' id='word_1_599' title='bbox 3126 2453 3255 2499; x_wconf 90' lang='lat' dir='ltr'><strong>sunt</strong></span> <span class='ocrx_word' id='word_1_600' title='bbox 3287 2447 3491 2516; x_wconf 85' lang='lat' dir='ltr'><strong>optima</strong></span> 
     </span>
    </p>
   </div>
   <div class='ocr_carea' id='block_1_84' title="bbox 1902 2532 3493 2605">
    <p class='ocr_par' dir='ltr' id='par_1_84' title="bbox 1902 2532 3493 2605">
     <span class='ocr_line' id='line_1_84' title="bbox 1902 2532 3493 2605; baseline 0.004 -19"><span class='ocrx_word' id='word_1_601' title='bbox 1902 2532 2201 2600; x_wconf 80' lang='lat' dir='ltr'><strong>consuluit,</strong></span> <span class='ocrx_word' id='word_1_602' title='bbox 2222 2548 2527 2605; x_wconf 84' lang='lat' dir='ltr'><strong>omnesque</strong></span> <span class='ocrx_word' id='word_1_603' title='bbox 2557 2545 2643 2591; x_wconf 87' lang='lat' dir='ltr'><strong>cst</strong></span> <span class='ocrx_word' id='word_1_604' title='bbox 2672 2537 2957 2592; x_wconf 85' lang='lat' dir='ltr'><strong>osculatus</strong></span> <span class='ocrx_word' id='word_1_605' title='bbox 2990 2546 3182 2593; x_wconf 86' lang='lat' dir='ltr'><strong>sancto</strong></span> <span class='ocrx_word' id='word_1_606' title='bbox 3212 2547 3268 2592; x_wconf 91' lang='lat' dir='ltr'><strong>et</strong></span> <span class='ocrx_word' id='word_1_607' title='bbox 3297 2540 3493 2592; x_wconf 82' lang='lat' dir='ltr'><strong>ultimo</strong></span> 
     </span>
    </p>
   </div>
   <div class='ocr_carea' id='block_1_85' title="bbox 1901 2624 3464 2695">
    <p class='ocr_par' dir='ltr' id='par_1_85' title="bbox 1901 2624 3464 2695">
     <span class='ocr_line' id='line_1_85' title="bbox 1901 2624 3464 2695; baseline 0.004 -18"><span class='ocrx_word' id='word_1_608' title='bbox 1901 2624 2113 2687; x_wconf 85' lang='lat' dir='ltr'><strong>osculo,</strong></span> <span class='ocrx_word' id='word_1_609' title='bbox 2158 2640 2253 2680; x_wconf 88' lang='lat' dir='ltr'><strong>eos</strong></span> <span class='ocrx_word' id='word_1_610' title='bbox 2298 2625 2481 2681; x_wconf 84' lang='lat' dir='ltr'><strong>valere</strong></span> <span class='ocrx_word' id='word_1_611' title='bbox 2517 2626 2707 2695; x_wconf 86' lang='lat' dir='ltr'><strong>jussit.</strong></span> <span class='ocrx_word' id='word_1_612' title='bbox 2764 2624 3038 2681; x_wconf 84' lang='lat' dir='ltr'><strong>Praeterea</strong></span> <span class='ocrx_word' id='word_1_613' title='bbox 3083 2634 3291 2692; x_wconf 79' lang='lat' dir='ltr'><strong>autent,</strong></span> <span class='ocrx_word' id='word_1_614' title='bbox 3341 2644 3464 2683; x_wconf 90' lang='lat' dir='ltr'><strong>cum</strong></span> 
     </span>
    </p>
   </div>
   <div class='ocr_carea' id='block_1_86' title="bbox 1902 2716 3492 2789">
    <p class='ocr_par' dir='ltr' id='par_1_86' title="bbox 1902 2716 3492 2789">
     <span class='ocr_line' id='line_1_86' title="bbox 1902 2716 3492 2789; baseline 0.005 -20"><span class='ocrx_word' id='word_1_615' title='bbox 1902 2730 2023 2786; x_wconf 64' lang='lat' dir='ltr'><strong>quae</strong></span> <span class='ocrx_word' id='word_1_616' title='bbox 2054 2732 2177 2771; x_wconf 88' lang='lat' dir='ltr'><strong>cum</strong></span> <span class='ocrx_word' id='word_1_617' title='bbox 2213 2716 2523 2771; x_wconf 82' lang='lat' dir='ltr'><strong>admirabili</strong></span> <span class='ocrx_word' id='word_1_618' title='bbox 2557 2716 2875 2789; x_wconf 85' lang='lat' dir='ltr'><strong>Olympiade</strong></span> <span class='ocrx_word' id='word_1_619' title='bbox 2918 2727 3111 2784; x_wconf 85' lang='lat' dir='ltr'><strong>erant,</strong></span> <span class='ocrx_word' id='word_1_620' title='bbox 3147 2720 3492 2777; x_wconf 80' lang='lat' dir='ltr'><strong>diaconissas</strong></span> 
     </span>
    </p>
   </div>
   <div class='ocr_carea' id='block_1_87' title="bbox 1901 2809 3491 2883">
    <p class='ocr_par' dir='ltr' id='par_1_87' title="bbox 1901 2809 3491 2883">
     <span class='ocr_line' id='line_1_87' title="bbox 1901 2809 3491 2883; baseline 0.002 -18"><span class='ocrx_word' id='word_1_621' title='bbox 1901 2810 2120 2865; x_wconf 85' lang='lat' dir='ltr'><strong>cuidam</strong></span> <span class='ocrx_word' id='word_1_622' title='bbox 2156 2809 2312 2866; x_wconf 80' lang='lat' dir='ltr'><strong>valde</strong></span> <span class='ocrx_word' id='word_1_623' title='bbox 2339 2810 2429 2881; x_wconf 91' lang='lat' dir='ltr'><strong>pio</strong></span> <span class='ocrx_word' id='word_1_624' title='bbox 2464 2826 2528 2866; x_wconf 90' lang='lat' dir='ltr'><strong>ac</strong></span> <span class='ocrx_word' id='word_1_625' title='bbox 2562 2811 2822 2883; x_wconf 83' lang='lat' dir='ltr'><strong>religioso</strong></span> <span class='ocrx_word' id='word_1_626' title='bbox 2865 2812 3183 2883; x_wconf 81' lang='lat' dir='ltr'><strong>presbytero</strong></span> <span class='ocrx_word' id='word_1_627' title='bbox 3207 2828 3491 2868; x_wconf 87' lang='lat' dir='ltr'><strong>commen-</strong></span> 
     </span>
    </p>
   </div>
   <div class='ocr_carea' id='block_1_88' title="bbox 1901 2903 3491 2981">
    <p class='ocr_par' dir='ltr' id='par_1_88' title="bbox 1901 2903 3491 2981">
     <span class='ocr_line' id='line_1_88' title="bbox 1901 2903 3491 2981; baseline 0.001 -23"><span class='ocrx_word' id='word_1_628' title='bbox 1901 2903 2109 2971; x_wconf 88' lang='lat' dir='ltr'><strong>dasset,</strong></span> <span class='ocrx_word' id='word_1_629' title='bbox 2146 2903 2427 2975; x_wconf 80' lang='lat' dir='ltr'><strong>egreditur</strong></span> <span class='ocrx_word' id='word_1_630' title='bbox 2451 2919 2517 2959; x_wconf 77' lang='grc' dir='ltr'>ει</span> <span class='ocrx_word' id='word_1_631' title='bbox 2543 2906 2805 2981; x_wconf 64' lang='lat' dir='ltr'><strong>ecclesia,</strong></span> <span class='ocrx_word' id='word_1_632' title='bbox 2848 2906 3011 2960; x_wconf 84' lang='lat' dir='ltr'><strong>simul</strong></span> <span class='ocrx_word' id='word_1_633' title='bbox 3040 2922 3165 2961; x_wconf 91' lang='lat' dir='ltr'><strong>cum</strong></span> <span class='ocrx_word' id='word_1_634' title='bbox 3199 2907 3318 2978; x_wconf 92' lang='lat' dir='ltr'><strong>ipso</strong></span> <span class='ocrx_word' id='word_1_635' title='bbox 3350 2922 3491 2977; x_wconf 84' lang='lat' dir='ltr'><strong>quo-</strong></span> 
     </span>
    </p>
   </div>
   <div class='ocr_carea' id='block_1_89' title="bbox 1825 2980 3491 3067">
    <p class='ocr_par' dir='ltr' id='par_1_89' title="bbox 1825 2980 3491 3067">
     <span class='ocr_line' id='line_1_89' title="bbox 1825 2980 3491 3067; baseline 0.006 -24"><span class='ocrx_word' id='word_1_636' title='bbox 1825 2980 1869 3043; x_wconf 92' lang='lat' dir='ltr'><strong>C</strong></span> <span class='ocrx_word' id='word_1_637' title='bbox 1904 3010 2008 3064; x_wconf 81' lang='lat' dir='ltr'><strong>que</strong></span> <span class='ocrx_word' id='word_1_638' title='bbox 2039 3010 2267 3065; x_wconf 78' lang='lat' dir='ltr'><strong>egresso</strong></span> <span class='ocrx_word' id='word_1_639' title='bbox 2302 2996 2522 3067; x_wconf 80' lang='lat' dir='ltr'><strong>angelo,</strong></span> <span class='ocrx_word' id='word_1_640' title='bbox 2555 2996 2648 3065; x_wconf 87' lang='lat' dir='ltr'><strong>qui</strong></span> <span class='ocrx_word' id='word_1_641' title='bbox 2682 2996 3032 3052; x_wconf 82' lang='lat' dir='ltr'><strong>custodiebat</strong></span> <span class='ocrx_word' id='word_1_642' title='bbox 3076 2998 3392 3064; x_wconf 81' lang='lat' dir='ltr'><strong>ecclesiam,</strong></span> <span class='ocrx_word' id='word_1_643' title='bbox 3431 3009 3491 3053; x_wconf 90' lang='lat' dir='ltr'><strong>ut</strong></span> 
     </span>
    </p>
   </div>
   <div class='ocr_carea' id='block_1_90' title="bbox 1901 3088 3488 3158">
    <p class='ocr_par' dir='ltr' id='par_1_90' title="bbox 1901 3088 3488 3158">
     <span class='ocr_line' id='line_1_90' title="bbox 1901 3088 3488 3158; baseline 0.003 -17"><span class='ocrx_word' id='word_1_644' title='bbox 1901 3091 1997 3158; x_wconf 89' lang='lat' dir='ltr'><strong>qui</strong></span> <span class='ocrx_word' id='word_1_645' title='bbox 2029 3104 2137 3143; x_wconf 90' lang='lat' dir='ltr'><strong>non</strong></span> <span class='ocrx_word' id='word_1_646' title='bbox 2169 3088 2331 3145; x_wconf 76' lang='lat' dir='ltr'><strong>ferret</strong></span> <span class='ocrx_word' id='word_1_647' title='bbox 2353 3090 2494 3146; x_wconf 89' lang='lat' dir='ltr'><strong>hanc</strong></span> <span class='ocrx_word' id='word_1_648' title='bbox 2521 3089 2707 3146; x_wconf 84' lang='lat' dir='ltr'><strong>videre</strong></span> <span class='ocrx_word' id='word_1_649' title='bbox 2737 3091 3111 3147; x_wconf 83' lang='lat' dir='ltr'><strong>solitudinem.</strong></span> <span class='ocrx_word' id='word_1_650' title='bbox 3142 3089 3325 3146; x_wconf 83' lang='lat' dir='ltr'><strong>Nihilo</strong></span> <span class='ocrx_word' id='word_1_651' title='bbox 3342 3092 3488 3146; x_wconf 89' lang='lat' dir='ltr'><strong>enim</strong></span> 
     </span>
    </p>
   </div>
   <div class='ocr_carea' id='block_1_91' title="bbox 1905 3174 3489 3252">
    <p class='ocr_par' dir='ltr' id='par_1_91' title="bbox 1905 3174 3489 3252">
     <span class='ocr_line' id='line_1_91' title="bbox 1905 3174 3489 3252; baseline 0.003 -19"><span class='ocrx_word' id='word_1_652' title='bbox 1905 3180 2101 3235; x_wconf 70' lang='lat' dir='ltr'><strong>melius</strong></span> <span class='ocrx_word' id='word_1_653' title='bbox 2124 3192 2241 3235; x_wconf 88' lang='lat' dir='ltr'><strong>erat</strong></span> <span class='ocrx_word' id='word_1_654' title='bbox 2275 3192 2405 3235; x_wconf 87' lang='lat' dir='ltr'><strong>tunc</strong></span> <span class='ocrx_word' id='word_1_655' title='bbox 2429 3180 2642 3247; x_wconf 70' lang='lat' dir='ltr'><strong>affecta,</strong></span> <span class='ocrx_word' id='word_1_656' title='bbox 2676 3187 2839 3252; x_wconf 86' lang='lat' dir='ltr'><strong>quam</strong></span> <span class='ocrx_word' id='word_1_657' title='bbox 2880 3174 3180 3250; x_wconf 79' lang='lat' dir='ltr'><strong>theatrum,</strong></span> <span class='ocrx_word' id='word_1_658' title='bbox 3212 3197 3337 3236; x_wconf 88' lang='lat' dir='ltr'><strong>cum</strong></span> <span class='ocrx_word' id='word_1_659' title='bbox 3370 3181 3489 3238; x_wconf 90' lang='lat' dir='ltr'><strong>dis-</strong></span> 
     </span>
    </p>
   </div>
   <div class='ocr_carea' id='block_1_92' title="bbox 1904 3274 3488 3342">
    <p class='ocr_par' dir='ltr' id='par_1_92' title="bbox 1904 3274 3488 3342">
     <span class='ocr_line' id='line_1_92' title="bbox 1904 3274 3488 3342; baseline 0 -15"><span class='ocrx_word' id='word_1_660' title='bbox 1904 3285 2210 3336; x_wconf 82' lang='lat' dir='ltr'><strong>currerent,</strong></span> <span class='ocrx_word' id='word_1_661' title='bbox 2259 3274 2749 3340; x_wconf 88' lang='lat' dir='ltr'><strong>tumultuarentur,</strong></span> <span class='ocrx_word' id='word_1_662' title='bbox 2770 3275 3153 3341; x_wconf 79' lang='lat' dir='ltr'><strong>exsibilarcnt,</strong></span> <span class='ocrx_word' id='word_1_663' title='bbox 3172 3275 3488 3342; x_wconf 87' lang='lat' dir='ltr'><strong>irriderent,</strong></span> 
     </span>
    </p>
   </div>
   <div class='ocr_carea' id='block_1_93' title="bbox 1904 3366 3490 3435">
    <p class='ocr_par' dir='ltr' id='par_1_93' title="bbox 1904 3366 3490 3435">
     <span class='ocr_line' id='line_1_93' title="bbox 1904 3366 3490 3435; baseline 0.002 -15"><span class='ocrx_word' id='word_1_664' title='bbox 1904 3367 2325 3435; x_wconf 84' lang='lat' dir='ltr'><strong>maledictisque</strong></span> <span class='ocrx_word' id='word_1_665' title='bbox 2348 3375 2601 3423; x_wconf 86' lang='lat' dir='ltr'><strong>sanctum</strong></span> <span class='ocrx_word' id='word_1_666' title='bbox 2635 3368 2997 3425; x_wconf 88' lang='lat' dir='ltr'><strong>incesserent.</strong></span> <span class='ocrx_word' id='word_1_667' title='bbox 3032 3366 3173 3424; x_wconf 91' lang='lat' dir='ltr'><strong>Sunt</strong></span> <span class='ocrx_word' id='word_1_668' title='bbox 3201 3369 3316 3424; x_wconf 67' lang='lat' dir='ltr'><strong>haec</strong></span> <span class='ocrx_word' id='word_1_669' title='bbox 3357 3369 3490 3425; x_wconf 88' lang='lat' dir='ltr'><strong>hor-</strong></span> 
     </span>
    </p>
   </div>
   <div class='ocr_carea' id='block_1_94' title="bbox 1904 3459 3487 3534">
    <p class='ocr_par' dir='ltr' id='par_1_94' title="bbox 1904 3459 3487 3534">
     <span class='ocr_line' id='line_1_94' title="bbox 1904 3459 3487 3534; baseline 0.003 -21"><span class='ocrx_word' id='word_1_670' title='bbox 1904 3459 2073 3513; x_wconf 88' lang='lat' dir='ltr'><strong>renda</strong></span> <span class='ocrx_word' id='word_1_671' title='bbox 2112 3468 2166 3513; x_wconf 91' lang='lat' dir='ltr'><strong>ct</strong></span> <span class='ocrx_word' id='word_1_672' title='bbox 2202 3460 2367 3531; x_wconf 83' lang='lat' dir='ltr'><strong>digna</strong></span> <span class='ocrx_word' id='word_1_673' title='bbox 2420 3460 2950 3529; x_wconf 81' lang='lat' dir='ltr'><strong>lamentationibus,</strong></span> <span class='ocrx_word' id='word_1_674' title='bbox 2996 3477 3027 3516; x_wconf 87' lang='lat' dir='ltr'><strong>a</strong></span> <span class='ocrx_word' id='word_1_675' title='bbox 3072 3463 3271 3534; x_wconf 89' lang='lat' dir='ltr'><strong>quibus</strong></span> <span class='ocrx_word' id='word_1_676' title='bbox 3321 3463 3487 3520; x_wconf 90' lang='lat' dir='ltr'><strong>simul</strong></span> 
     </span>
    </p>
   </div>
   <div class='ocr_carea' id='block_1_95' title="bbox 1903 3550 3491 3627">
    <p class='ocr_par' dir='ltr' id='par_1_95' title="bbox 1903 3550 3491 3627">
     <span class='ocr_line' id='line_1_95' title="bbox 1903 3550 3491 3627; baseline 0.004 -22"><span class='ocrx_word' id='word_1_677' title='bbox 1903 3550 2068 3605; x_wconf 88' lang='lat' dir='ltr'><strong>etiam</strong></span> <span class='ocrx_word' id='word_1_678' title='bbox 2107 3550 2343 3606; x_wconf 74' lang='lat' dir='ltr'><strong>afﬁcitur</strong></span> <span class='ocrx_word' id='word_1_679' title='bbox 2372 3553 2571 3617; x_wconf 87' lang='lat' dir='ltr'><strong>oratio,</strong></span> <span class='ocrx_word' id='word_1_680' title='bbox 2612 3568 2735 3623; x_wconf 67' lang='lat' dir='ltr'><strong>qua:</strong></span> <span class='ocrx_word' id='word_1_681' title='bbox 2763 3570 2953 3609; x_wconf 87' lang='lat' dir='ltr'><strong>eorum</strong></span> <span class='ocrx_word' id='word_1_682' title='bbox 2986 3556 3236 3611; x_wconf 87' lang='lat' dir='ltr'><strong>meminit</strong></span> <span class='ocrx_word' id='word_1_683' title='bbox 3275 3571 3371 3627; x_wconf 90' lang='lat' dir='ltr'><strong>per</strong></span> <span class='ocrx_word' id='word_1_684' title='bbox 3398 3557 3491 3611; x_wconf 79' lang='lat' dir='ltr'><strong>in-</strong></span> 
     </span>
    </p>
   </div>
   <div class='ocr_carea' id='block_1_96' title="bbox 1901 3643 3489 3718">
    <p class='ocr_par' dir='ltr' id='par_1_96' title="bbox 1901 3643 3489 3718">
     <span class='ocr_line' id='line_1_96' title="bbox 1901 3643 3489 3718; baseline 0.003 -21"><span class='ocrx_word' id='word_1_685' title='bbox 1901 3644 2036 3699; x_wconf 87' lang='lat' dir='ltr'><strong>cisa.</strong></span> <span class='ocrx_word' id='word_1_686' title='bbox 2064 3643 2197 3711; x_wconf 72' lang='lat' dir='ltr'><strong>Quae</strong></span> <span class='ocrx_word' id='word_1_687' title='bbox 2228 3643 2490 3715; x_wconf 88' lang='lat' dir='ltr'><strong>deinceps</strong></span> <span class='ocrx_word' id='word_1_688' title='bbox 2519 3654 2959 3715; x_wconf 89' lang='lat' dir='ltr'><strong>consequuntur,</strong></span> <span class='ocrx_word' id='word_1_689' title='bbox 2989 3655 3119 3703; x_wconf 89' lang='lat' dir='ltr'><strong>sunt</strong></span> <span class='ocrx_word' id='word_1_690' title='bbox 3155 3648 3330 3718; x_wconf 80' lang='lat' dir='ltr'><strong>magis</strong></span> <span class='ocrx_word' id='word_1_691' title='bbox 3359 3649 3489 3703; x_wconf 88' lang='lat' dir='ltr'><strong>hor-</strong></span> 
     </span>
    </p>
   </div>
   <div class='ocr_carea' id='block_1_97' title="bbox 1906 3735 3491 3809">
    <p class='ocr_par' dir='ltr' id='par_1_97' title="bbox 1906 3735 3491 3809">
     <span class='ocr_line' id='line_1_97' title="bbox 1906 3735 3491 3809; baseline 0.003 -20"><span class='ocrx_word' id='word_1_692' title='bbox 1906 3735 2108 3791; x_wconf 87' lang='lat' dir='ltr'><strong>ribilia.</strong></span> <span class='ocrx_word' id='word_1_693' title='bbox 2142 3738 2220 3791; x_wconf 82' lang='lat' dir='ltr'><strong>Eo</strong></span> <span class='ocrx_word' id='word_1_694' title='bbox 2272 3737 2393 3807; x_wconf 87' lang='lat' dir='ltr'><strong>ipso</strong></span> <span class='ocrx_word' id='word_1_695' title='bbox 2435 3737 2526 3793; x_wconf 87' lang='lat' dir='ltr'><strong>die</strong></span> <span class='ocrx_word' id='word_1_696' title='bbox 2568 3739 2969 3809; x_wconf 86' lang='lat' dir='ltr'><strong>persecutionis</strong></span> <span class='ocrx_word' id='word_1_697' title='bbox 3001 3739 3116 3793; x_wconf 81' lang='lat' dir='ltr'><strong>sive</strong></span> <span class='ocrx_word' id='word_1_698' title='bbox 3142 3755 3376 3796; x_wconf 85' lang='lat' dir='ltr'><strong>occasus</strong></span> <span class='ocrx_word' id='word_1_699' title='bbox 3401 3741 3491 3795; x_wconf 46' lang='lat' dir='ltr'><strong>In-</strong></span> 
     </span>
    </p>
   </div>
   <div class='ocr_carea' id='block_1_98' title="bbox 1903 3829 3491 3900">
    <p class='ocr_par' dir='ltr' id='par_1_98' title="bbox 1903 3829 3491 3900">
     <span class='ocr_line' id='line_1_98' title="bbox 1903 3829 3491 3900; baseline 0.001 -17"><span class='ocrx_word' id='word_1_700' title='bbox 1903 3830 2153 3897; x_wconf 87' lang='lat' dir='ltr'><strong>minaris,</strong></span> <span class='ocrx_word' id='word_1_701' title='bbox 2190 3832 2241 3885; x_wconf 83' lang='lat' dir='ltr'><strong>lit</strong></span> <span class='ocrx_word' id='word_1_702' title='bbox 2276 3831 2383 3885; x_wconf 82' lang='lat' dir='ltr'><strong>tale</strong></span> <span class='ocrx_word' id='word_1_703' title='bbox 2411 3829 2544 3900; x_wconf 88' lang='lat' dir='ltr'><strong>quid</strong></span> <span class='ocrx_word' id='word_1_704' title='bbox 2577 3831 2813 3885; x_wconf 77' lang='lat' dir='ltr'><strong>maxime</strong></span> <span class='ocrx_word' id='word_1_705' title='bbox 2846 3831 3131 3885; x_wconf 86' lang='lat' dir='ltr'><strong>horribile.</strong></span> <span class='ocrx_word' id='word_1_706' title='bbox 3171 3830 3491 3887; x_wconf 79' lang='lat' dir='ltr'><strong>Terribilis-</strong></span> 
     </span>
    </p>
   </div>
   <div class='ocr_carea' id='block_1_99' title="bbox 1904 3922 3488 3997">
    <p class='ocr_par' dir='ltr' id='par_1_99' title="bbox 1904 3922 3488 3997">
     <span class='ocr_line' id='line_1_99' title="bbox 1904 3922 3488 3997; baseline 0.001 -18"><span class='ocrx_word' id='word_1_707' title='bbox 1904 3924 2045 3979; x_wconf 86' lang='lat' dir='ltr'><strong>sima</strong></span> <span class='ocrx_word' id='word_1_708' title='bbox 2102 3938 2371 3994; x_wconf 85' lang='lat' dir='ltr'><strong>apparens</strong></span> <span class='ocrx_word' id='word_1_709' title='bbox 2407 3922 2621 3976; x_wconf 77' lang='lat' dir='ltr'><strong>ﬂamma</strong></span> <span class='ocrx_word' id='word_1_710' title='bbox 2673 3939 2739 3977; x_wconf 86' lang='lat' dir='ltr'><strong>ex</strong></span> <span class='ocrx_word' id='word_1_711' title='bbox 2797 3924 2979 3979; x_wconf 90' lang='lat' dir='ltr'><strong>medio</strong></span> <span class='ocrx_word' id='word_1_712' title='bbox 3026 3924 3247 3993; x_wconf 88' lang='lat' dir='ltr'><strong>throno,</strong></span> <span class='ocrx_word' id='word_1_713' title='bbox 3282 3926 3335 3981; x_wconf 91' lang='lat' dir='ltr'><strong>in</strong></span> <span class='ocrx_word' id='word_1_714' title='bbox 3376 3942 3488 3997; x_wconf 86' lang='lat' dir='ltr'><strong>quo</strong></span> 
     </span>
    </p>
   </div>
   <div class='ocr_carea' id='block_1_100' title="bbox 1903 4014 3485 4089">
    <p class='ocr_par' dir='ltr' id='par_1_100' title="bbox 1903 4014 3485 4089">
     <span class='ocr_line' id='line_1_100' title="bbox 1903 4014 3485 4089; baseline 0.001 -18"><span class='ocrx_word' id='word_1_715' title='bbox 1903 4015 2058 4073; x_wconf 80' lang='lat' dir='ltr'><strong>verbi</strong></span> <span class='ocrx_word' id='word_1_716' title='bbox 2094 4016 2366 4087; x_wconf 79' lang='lat' dir='ltr'><strong>interpres</strong></span> <span class='ocrx_word' id='word_1_717' title='bbox 2396 4016 2609 4071; x_wconf 84' lang='lat' dir='ltr'><strong>solebat</strong></span> <span class='ocrx_word' id='word_1_718' title='bbox 2639 4016 2987 4085; x_wconf 89' lang='lat' dir='ltr'><strong>interpretari</strong></span> <span class='ocrx_word' id='word_1_719' title='bbox 3020 4014 3365 4089; x_wconf 83' lang='lat' dir='ltr'><strong>Scripturas,</strong></span> <span class='ocrx_word' id='word_1_720' title='bbox 3392 4035 3485 4089; x_wconf 72' lang='lat' dir='ltr'><strong>per</strong></span> 
     </span>
    </p>
   </div>
   <div class='ocr_carea' id='block_1_101' title="bbox 1904 4108 3486 4175">
    <p class='ocr_par' dir='ltr' id='par_1_101' title="bbox 1904 4108 3486 4175">
     <span class='ocr_line' id='line_1_101' title="bbox 1904 4108 3486 4175; baseline -0.001 -12"><span class='ocrx_word' id='word_1_721' title='bbox 1904 4110 2217 4165; x_wconf 85' lang='lat' dir='ltr'><strong>universam</strong></span> <span class='ocrx_word' id='word_1_722' title='bbox 2288 4108 2618 4163; x_wconf 80' lang='lat' dir='ltr'><strong>diffunditur</strong></span> <span class='ocrx_word' id='word_1_723' title='bbox 2674 4108 3005 4175; x_wconf 87' lang='lat' dir='ltr'><strong>ecclesiam,</strong></span> <span class='ocrx_word' id='word_1_724' title='bbox 3067 4117 3121 4165; x_wconf 88' lang='lat' dir='ltr'><strong>et</strong></span> <span class='ocrx_word' id='word_1_725' title='bbox 3190 4111 3486 4166; x_wconf 87' lang='lat' dir='ltr'><strong>catenatim</strong></span> 
     </span>
    </p>
   </div>
   <div class='ocr_carea' id='block_1_102' title="bbox 1903 4200 3484 4274">
    <p class='ocr_par' dir='ltr' id='par_1_102' title="bbox 1903 4200 3484 4274">
     <span class='ocr_line' id='line_1_102' title="bbox 1903 4200 3484 4274; baseline 0 -17"><span class='ocrx_word' id='word_1_726' title='bbox 1903 4204 2146 4273; x_wconf 83' lang='lat' dir='ltr'><strong>assurgit</strong></span> <span class='ocrx_word' id='word_1_727' title='bbox 2172 4202 2223 4255; x_wconf 90' lang='lat' dir='ltr'><strong>iu</strong></span> <span class='ocrx_word' id='word_1_728' title='bbox 2265 4202 2612 4256; x_wconf 78' lang='lat' dir='ltr'><strong>altitudinem</strong></span> <span class='ocrx_word' id='word_1_729' title='bbox 2648 4215 2821 4270; x_wconf 82' lang='lat' dir='ltr'><strong>usque</strong></span> <span class='ocrx_word' id='word_1_730' title='bbox 2854 4200 2922 4255; x_wconf 89' lang='lat' dir='ltr'><strong>ad</strong></span> <span class='ocrx_word' id='word_1_731' title='bbox 2950 4210 3153 4257; x_wconf 90' lang='lat' dir='ltr'><strong>tectum</strong></span> <span class='ocrx_word' id='word_1_732' title='bbox 3179 4211 3233 4259; x_wconf 89' lang='lat' dir='ltr'><strong>et</strong></span> <span class='ocrx_word' id='word_1_733' title='bbox 3260 4202 3484 4274; x_wconf 84' lang='lat' dir='ltr'><strong>perinde</strong></span> 
     </span>
    </p>
   </div>
   <div class='ocr_carea' id='block_1_103' title="bbox 1903 4295 3481 4367">
    <p class='ocr_par' dir='ltr' id='par_1_103' title="bbox 1903 4295 3481 4367">
     <span class='ocr_line' id='line_1_103' title="bbox 1903 4295 3481 4367; baseline 0.002 -16"><span class='ocrx_word' id='word_1_734' title='bbox 1903 4312 1967 4353; x_wconf 88' lang='lat' dir='ltr'><strong>ac</strong></span> <span class='ocrx_word' id='word_1_735' title='bbox 1997 4297 2209 4367; x_wconf 83' lang='lat' dir='ltr'><strong>vipera,</strong></span> <span class='ocrx_word' id='word_1_736' title='bbox 2238 4310 2359 4366; x_wconf 68' lang='lat' dir='ltr'><strong>quae</strong></span> <span class='ocrx_word' id='word_1_737' title='bbox 2382 4295 2565 4351; x_wconf 79' lang='lat' dir='ltr'><strong>exedit</strong></span> <span class='ocrx_word' id='word_1_738' title='bbox 2597 4302 2837 4363; x_wconf 89' lang='lat' dir='ltr'><strong>uterum,</strong></span> <span class='ocrx_word' id='word_1_739' title='bbox 2873 4296 3048 4351; x_wconf 85' lang='lat' dir='ltr'><strong>fertur</strong></span> <span class='ocrx_word' id='word_1_740' title='bbox 3069 4312 3229 4365; x_wconf 89' lang='lat' dir='ltr'><strong>super</strong></span> <span class='ocrx_word' id='word_1_741' title='bbox 3266 4306 3481 4366; x_wconf 82' lang='lat' dir='ltr'><strong>tergum</strong></span> 
     </span>
    </p>
   </div>
   <div class='ocr_carea' id='block_1_104' title="bbox 1902 4385 3485 4457">
    <p class='ocr_par' dir='ltr' id='par_1_104' title="bbox 1902 4385 3485 4457">
     <span class='ocr_line' id='line_1_104' title="bbox 1902 4385 3485 4457; baseline 0.001 -13"><span class='ocrx_word' id='word_1_742' title='bbox 1902 4388 2172 4451; x_wconf 75' lang='lat' dir='ltr'><strong>ecclesiae,</strong></span> <span class='ocrx_word' id='word_1_743' title='bbox 2205 4388 2504 4457; x_wconf 84' lang='lat' dir='ltr'><strong>castigans,</strong></span> <span class='ocrx_word' id='word_1_744' title='bbox 2558 4385 2886 4455; x_wconf 88' lang='lat' dir='ltr'><strong>admonens,</strong></span> <span class='ocrx_word' id='word_1_745' title='bbox 2925 4396 2979 4443; x_wconf 88' lang='lat' dir='ltr'><strong>et</strong></span> <span class='ocrx_word' id='word_1_746' title='bbox 3009 4404 3202 4444; x_wconf 88' lang='lat' dir='ltr'><strong>omnes</strong></span> <span class='ocrx_word' id='word_1_747' title='bbox 3245 4400 3485 4457; x_wconf 87' lang='lat' dir='ltr'><strong>terrens,</strong></span> 
     </span>
    </p>
   </div>
   <div class='ocr_carea' id='block_1_105' title="bbox 1901 4479 3486 4555">
    <p class='ocr_par' dir='ltr' id='par_1_105' title="bbox 1901 4479 3486 4555">
     <span class='ocr_line' id='line_1_105' title="bbox 1901 4479 3486 4555; baseline 0.003 -20"><span class='ocrx_word' id='word_1_748' title='bbox 1901 4481 2081 4552; x_wconf 88' lang='lat' dir='ltr'><strong>palam</strong></span> <span class='ocrx_word' id='word_1_749' title='bbox 2110 4488 2395 4537; x_wconf 89' lang='lat' dir='ltr'><strong>ostentans</strong></span> <span class='ocrx_word' id='word_1_750' title='bbox 2428 4479 2665 4533; x_wconf 85' lang='lat' dir='ltr'><strong>audaces</strong></span> <span class='ocrx_word' id='word_1_751' title='bbox 2712 4479 2965 4536; x_wconf 89' lang='lat' dir='ltr'><strong>homines</strong></span> <span class='ocrx_word' id='word_1_752' title='bbox 2998 4496 3061 4537; x_wconf 86' lang='lat' dir='ltr'><strong>ea</strong></span> <span class='ocrx_word' id='word_1_753' title='bbox 3107 4497 3273 4538; x_wconf 85' lang='lat' dir='ltr'><strong>ausos</strong></span> <span class='ocrx_word' id='word_1_754' title='bbox 3299 4525 3313 4550; x_wconf 94' lang='lat'><strong>,</strong></span> <span class='ocrx_word' id='word_1_755' title='bbox 3366 4501 3486 4555; x_wconf 72' lang='lat' dir='ltr'><strong>qua:</strong></span> 
     </span>
    </p>
   </div>
   <div class='ocr_carea' id='block_1_106' title="bbox 1901 4572 3482 4643">
    <p class='ocr_par' dir='ltr' id='par_1_106' title="bbox 1901 4572 3482 4643">
     <span class='ocr_line' id='line_1_106' title="bbox 1901 4572 3482 4643; baseline 0.001 -12"><span class='ocrx_word' id='word_1_756' title='bbox 1901 4592 2009 4631; x_wconf 87' lang='lat' dir='ltr'><strong>non</strong></span> <span class='ocrx_word' id='word_1_757' title='bbox 2063 4576 2356 4631; x_wconf 73' lang='lat' dir='ltr'><strong>debebant.</strong></span> <span class='ocrx_word' id='word_1_758' title='bbox 2408 4572 2549 4639; x_wconf 85' lang='lat' dir='ltr'><strong>Quid</strong></span> <span class='ocrx_word' id='word_1_759' title='bbox 2599 4572 2861 4643; x_wconf 87' lang='lat' dir='ltr'><strong>deinceps</strong></span> <span class='ocrx_word' id='word_1_760' title='bbox 2919 4582 3003 4629; x_wconf 89' lang='lat' dir='ltr'><strong>est</strong></span> <span class='ocrx_word' id='word_1_761' title='bbox 3046 4586 3407 4632; x_wconf 91' lang='lat' dir='ltr'><strong>consecutum</strong></span> <span class='ocrx_word' id='word_1_762' title='bbox 3459 4579 3482 4632; x_wconf 88' lang='lat'><strong>?</strong></span> 
     </span>
    </p>
   </div>
   <div class='ocr_carea' id='block_1_107' title="bbox 1908 4665 3485 4741">
    <p class='ocr_par' dir='ltr' id='par_1_107' title="bbox 1908 4665 3485 4741">
     <span class='ocr_line' id='line_1_107' title="bbox 1908 4665 3485 4741; baseline 0.002 -17"><span class='ocrx_word' id='word_1_763' title='bbox 1908 4670 2172 4725; x_wconf 76' lang='lat' dir='ltr'><strong>Exoritur</strong></span> <span class='ocrx_word' id='word_1_764' title='bbox 2189 4676 2386 4723; x_wconf 88' lang='lat' dir='ltr'><strong>ventus</strong></span> <span class='ocrx_word' id='word_1_765' title='bbox 2414 4665 2769 4731; x_wconf 83' lang='lat' dir='ltr'><strong>subsolanus,</strong></span> <span class='ocrx_word' id='word_1_766' title='bbox 2794 4675 2847 4721; x_wconf 90' lang='lat' dir='ltr'><strong>et</strong></span> <span class='ocrx_word' id='word_1_767' title='bbox 2870 4667 3020 4721; x_wconf 88' lang='lat' dir='ltr'><strong>dicto</strong></span> <span class='ocrx_word' id='word_1_768' title='bbox 3053 4667 3217 4724; x_wconf 87' lang='lat' dir='ltr'><strong>citius</strong></span> <span class='ocrx_word' id='word_1_769' title='bbox 3236 4668 3485 4741; x_wconf 86' lang='lat' dir='ltr'><strong>depascit</strong></span> 
     </span>
    </p>
   </div>
   <div class='ocr_carea' id='block_1_108' title="bbox 1899 4759 3483 4831">
    <p class='ocr_par' dir='ltr' id='par_1_108' title="bbox 1899 4759 3483 4831">
     <span class='ocr_line' id='line_1_108' title="bbox 1899 4759 3483 4831; baseline 0.002 -15"><span class='ocrx_word' id='word_1_770' title='bbox 1899 4762 2129 4816; x_wconf 87' lang='lat' dir='ltr'><strong>curiam.</strong></span> <span class='ocrx_word' id='word_1_771' title='bbox 2178 4759 2385 4816; x_wconf 85' lang='lat' dir='ltr'><strong>Deinde</strong></span> <span class='ocrx_word' id='word_1_772' title='bbox 2429 4760 2589 4831; x_wconf 83' lang='lat' dir='ltr'><strong>ignis,</strong></span> <span class='ocrx_word' id='word_1_773' title='bbox 2628 4760 2858 4830; x_wconf 88' lang='lat' dir='ltr'><strong>perinde</strong></span> <span class='ocrx_word' id='word_1_774' title='bbox 2891 4776 2955 4815; x_wconf 88' lang='lat' dir='ltr'><strong>ac</strong></span> <span class='ocrx_word' id='word_1_775' title='bbox 2993 4761 3038 4815; x_wconf 89' lang='lat' dir='ltr'><strong>si</strong></span> <span class='ocrx_word' id='word_1_776' title='bbox 3082 4772 3228 4818; x_wconf 90' lang='lat' dir='ltr'><strong>esset</strong></span> <span class='ocrx_word' id='word_1_777' title='bbox 3272 4765 3483 4819; x_wconf 86' lang='lat' dir='ltr'><strong>ratione</strong></span> 
     </span>
    </p>
   </div>
   <div class='ocr_carea' id='block_1_109' title="bbox 1899 4852 3484 4927">
    <p class='ocr_par' dir='ltr' id='par_1_109' title="bbox 1899 4852 3484 4927">
     <span class='ocr_line' id='line_1_109' title="bbox 1899 4852 3484 4927; baseline 0.004 -21"><span class='ocrx_word' id='word_1_778' title='bbox 1899 4854 2185 4926; x_wconf 67' lang='lat' dir='ltr'><strong>prazditus,</strong></span> <span class='ocrx_word' id='word_1_779' title='bbox 2234 4855 2434 4909; x_wconf 84' lang='lat' dir='ltr'><strong>transit</strong></span> <span class='ocrx_word' id='word_1_780' title='bbox 2485 4853 2553 4908; x_wconf 87' lang='lat' dir='ltr'><strong>ad</strong></span> <span class='ocrx_word' id='word_1_781' title='bbox 2608 4852 2789 4907; x_wconf 83' lang='lat' dir='ltr'><strong>aulam</strong></span> <span class='ocrx_word' id='word_1_782' title='bbox 2848 4854 3054 4924; x_wconf 83' lang='lat' dir='ltr'><strong>regiam</strong></span> <span class='ocrx_word' id='word_1_783' title='bbox 3101 4871 3116 4918; x_wconf 88' lang='lat'><strong>;</strong></span> <span class='ocrx_word' id='word_1_784' title='bbox 3176 4855 3484 4927; x_wconf 87' lang='lat' dir='ltr'><strong>liccbatqne</strong></span> 
     </span>
    </p>
   </div>
   <div class='ocr_carea' id='block_1_110' title="bbox 1897 4947 3484 5011">
    <p class='ocr_par' dir='ltr' id='par_1_110' title="bbox 1897 4947 3484 5011">
     <span class='ocr_line' id='line_1_110' title="bbox 1897 4947 3484 5011; baseline 0.004 -13"><span class='ocrx_word' id='word_1_785' title='bbox 1897 4948 2087 5002; x_wconf 82' lang='lat' dir='ltr'><strong>videre</strong></span> <span class='ocrx_word' id='word_1_786' title='bbox 2139 4948 2439 5001; x_wconf 75' lang='lat' dir='ltr'><strong>maximum</strong></span> <span class='ocrx_word' id='word_1_787' title='bbox 2506 4947 2876 5011; x_wconf 88' lang='lat' dir='ltr'><strong>miraculum,</strong></span> <span class='ocrx_word' id='word_1_788' title='bbox 2934 4948 3100 5002; x_wconf 88' lang='lat' dir='ltr'><strong>veluti</strong></span> <span class='ocrx_word' id='word_1_789' title='bbox 3152 4948 3294 5003; x_wconf 92' lang='lat' dir='ltr'><strong>inter</strong></span> <span class='ocrx_word' id='word_1_790' title='bbox 3344 4949 3484 5004; x_wconf 83' lang='lat' dir='ltr'><strong>duos</strong></span> 
     </span>
    </p>
   </div>
   <div class='ocr_carea' id='block_1_111' title="bbox 1902 5039 3480 5111">
    <p class='ocr_par' dir='ltr' id='par_1_111' title="bbox 1902 5039 3480 5111">
     <span class='ocr_line' id='line_1_111' title="bbox 1902 5039 3480 5111; baseline 0.001 -18"><span class='ocrx_word' id='word_1_791' title='bbox 1902 5041 2092 5111; x_wconf 87' lang='lat' dir='ltr'><strong>igneos</strong></span> <span class='ocrx_word' id='word_1_792' title='bbox 2123 5049 2359 5105; x_wconf 87' lang='lat' dir='ltr'><strong>montes,</strong></span> <span class='ocrx_word' id='word_1_793' title='bbox 2385 5040 2645 5109; x_wconf 84' lang='lat' dir='ltr'><strong>populum</strong></span> <span class='ocrx_word' id='word_1_794' title='bbox 2667 5039 2888 5109; x_wconf 86' lang='lat' dir='ltr'><strong>quidem</strong></span> <span class='ocrx_word' id='word_1_795' title='bbox 2921 5040 3015 5109; x_wconf 88' lang='lat' dir='ltr'><strong>qui</strong></span> <span class='ocrx_word' id='word_1_796' title='bbox 3043 5046 3163 5095; x_wconf 86' lang='lat' dir='ltr'><strong>erat</strong></span> <span class='ocrx_word' id='word_1_797' title='bbox 3190 5041 3340 5097; x_wconf 89' lang='lat' dir='ltr'><strong>intus</strong></span> <span class='ocrx_word' id='word_1_798' title='bbox 3370 5056 3480 5095; x_wconf 89' lang='lat' dir='ltr'><strong>non</strong></span> 
     </span>
    </p>
   </div>
   <div class='ocr_carea' id='block_1_112' title="bbox 1904 5131 3483 5201">
    <p class='ocr_par' dir='ltr' id='par_1_112' title="bbox 1904 5131 3483 5201">
     <span class='ocr_line' id='line_1_112' title="bbox 1904 5131 3483 5201; baseline 0 -15"><span class='ocrx_word' id='word_1_799' title='bbox 1904 5133 2021 5187; x_wconf 59' lang='lat' dir='ltr'><strong>Iindi</strong></span> <span class='ocrx_word' id='word_1_800' title='bbox 2059 5151 2074 5199; x_wconf 89' lang='lat'><strong>;</strong></span> <span class='ocrx_word' id='word_1_801' title='bbox 2125 5132 2318 5187; x_wconf 88' lang='lat' dir='ltr'><strong>domos</strong></span> <span class='ocrx_word' id='word_1_802' title='bbox 2354 5144 2537 5186; x_wconf 87' lang='lat' dir='ltr'><strong>autem</strong></span> <span class='ocrx_word' id='word_1_803' title='bbox 2569 5146 2690 5201; x_wconf 80' lang='lat' dir='ltr'><strong>quae</strong></span> <span class='ocrx_word' id='word_1_804' title='bbox 2729 5131 2839 5185; x_wconf 90' lang='lat' dir='ltr'><strong>illic</strong></span> <span class='ocrx_word' id='word_1_805' title='bbox 2887 5140 3045 5187; x_wconf 88' lang='lat' dir='ltr'><strong>erant</strong></span> <span class='ocrx_word' id='word_1_806' title='bbox 3084 5134 3332 5187; x_wconf 87' lang='lat' dir='ltr'><strong>consumi</strong></span> <span class='ocrx_word' id='word_1_807' title='bbox 3374 5151 3388 5200; x_wconf 90' lang='lat'><strong>;</strong></span> <span class='ocrx_word' id='word_1_808' title='bbox 3428 5141 3483 5189; x_wconf 84' lang='lat' dir='ltr'><strong>et</strong></span> 
     </span>
    </p>
   </div>
   <div class='ocr_carea' id='block_1_113' title="bbox 1900 5224 3480 5297">
    <p class='ocr_par' dir='ltr' id='par_1_113' title="bbox 1900 5224 3480 5297">
     <span class='ocr_line' id='line_1_113' title="bbox 1900 5224 3480 5297; baseline 0.001 -16"><span class='ocrx_word' id='word_1_809' title='bbox 1900 5227 2081 5297; x_wconf 81' lang='lat' dir='ltr'><strong>ignem</strong></span> <span class='ocrx_word' id='word_1_810' title='bbox 2106 5242 2216 5280; x_wconf 88' lang='lat' dir='ltr'><strong>non</strong></span> <span class='ocrx_word' id='word_1_811' title='bbox 2254 5224 2459 5279; x_wconf 87' lang='lat' dir='ltr'><strong>audere</strong></span> <span class='ocrx_word' id='word_1_812' title='bbox 2494 5240 2623 5279; x_wconf 86' lang='lat' dir='ltr'><strong>vasa</strong></span> <span class='ocrx_word' id='word_1_813' title='bbox 2654 5239 2814 5281; x_wconf 87' lang='lat' dir='ltr'><strong>sacra</strong></span> <span class='ocrx_word' id='word_1_814' title='bbox 2846 5235 3091 5295; x_wconf 82' lang='lat' dir='ltr'><strong>tangere,</strong></span> <span class='ocrx_word' id='word_1_815' title='bbox 3126 5235 3179 5281; x_wconf 91' lang='lat' dir='ltr'><strong>et</strong></span> <span class='ocrx_word' id='word_1_816' title='bbox 3204 5226 3388 5282; x_wconf 81' lang='lat' dir='ltr'><strong>invehi</strong></span> <span class='ocrx_word' id='word_1_817' title='bbox 3422 5228 3480 5282; x_wconf 90' lang='lat' dir='ltr'><strong>in</strong></span> 
     </span>
    </p>
   </div>
   <div class='ocr_carea' id='block_1_114' title="bbox 1894 5318 3480 5391">
    <p class='ocr_par' dir='ltr' id='par_1_114' title="bbox 1894 5318 3480 5391">
     <span class='ocr_line' id='line_1_114' title="bbox 1894 5318 3480 5391; baseline 0.001 -18"><span class='ocrx_word' id='word_1_818' title='bbox 1894 5322 2057 5375; x_wconf 84' lang='lat' dir='ltr'><strong>aliam</strong></span> <span class='ocrx_word' id='word_1_819' title='bbox 2094 5320 2559 5391; x_wconf 86' lang='lat' dir='ltr'><strong>sycophantarum</strong></span> <span class='ocrx_word' id='word_1_820' title='bbox 2597 5318 2885 5373; x_wconf 70' lang='lat' dir='ltr'><strong>audaciam</strong></span> <span class='ocrx_word' id='word_1_821' title='bbox 2919 5335 2935 5385; x_wconf 90' lang='lat'><strong>;</strong></span> <span class='ocrx_word' id='word_1_822' title='bbox 2981 5318 3111 5390; x_wconf 90' lang='lat' dir='ltr'><strong>quid</strong></span> <span class='ocrx_word' id='word_1_823' title='bbox 3154 5322 3273 5373; x_wconf 85' lang='lat' dir='ltr'><strong>ausi</strong></span> <span class='ocrx_word' id='word_1_824' title='bbox 3322 5330 3480 5374; x_wconf 87' lang='lat' dir='ltr'><strong>erant</strong></span> 
     </span>
    </p>
   </div>
   <div class='ocr_carea' id='block_1_115' title="bbox 1892 5412 3481 5483">
    <p class='ocr_par' dir='ltr' id='par_1_115' title="bbox 1892 5412 3481 5483">
     <span class='ocr_line' id='line_1_115' title="bbox 1892 5412 3481 5483; baseline 0 -14"><span class='ocrx_word' id='word_1_825' title='bbox 1892 5414 2079 5471; x_wconf 79' lang='lat' dir='ltr'><strong>dicere</strong></span> <span class='ocrx_word' id='word_1_826' title='bbox 2114 5414 2137 5466; x_wconf 82' lang='lat'><strong>?</strong></span> <span class='ocrx_word' id='word_1_827' title='bbox 2191 5412 2349 5480; x_wconf 80' lang='lat' dir='ltr'><strong>Quod</strong></span> <span class='ocrx_word' id='word_1_828' title='bbox 2397 5420 2620 5483; x_wconf 83' lang='lat' dir='ltr'><strong>prOpter</strong></span> <span class='ocrx_word' id='word_1_829' title='bbox 2667 5412 2879 5468; x_wconf 87' lang='lat' dir='ltr'><strong>ablatas</strong></span> <span class='ocrx_word' id='word_1_830' title='bbox 2911 5413 3182 5483; x_wconf 85' lang='lat' dir='ltr'><strong>pretiosas</strong></span> <span class='ocrx_word' id='word_1_831' title='bbox 3221 5413 3481 5469; x_wconf 81' lang='lat' dir='ltr'><strong>materias</strong></span> 
     </span>
    </p>
   </div>
   <div class='ocr_carea' id='block_1_116' title="bbox 1894 5502 3477 5586">
    <p class='ocr_par' dir='ltr' id='par_1_116' title="bbox 1894 5502 3477 5586">
     <span class='ocr_line' id='line_1_116' title="bbox 1894 5502 3477 5586; baseline -0.001 -24"><span class='ocrx_word' id='word_1_832' title='bbox 1894 5516 1949 5562; x_wconf 91' lang='lat' dir='ltr'><strong>et</strong></span> <span class='ocrx_word' id='word_1_833' title='bbox 1985 5522 2114 5561; x_wconf 85' lang='lat' dir='ltr'><strong>vasa</strong></span> <span class='ocrx_word' id='word_1_834' title='bbox 2146 5521 2307 5563; x_wconf 84' lang='lat' dir='ltr'><strong>sacra</strong></span> <span class='ocrx_word' id='word_1_835' title='bbox 2336 5506 2549 5575; x_wconf 84' lang='lat' dir='ltr'><strong>ejectus</strong></span> <span class='ocrx_word' id='word_1_836' title='bbox 2586 5502 2764 5560; x_wconf 76' lang='lat' dir='ltr'><strong>fuerat</strong></span> <span class='ocrx_word' id='word_1_837' title='bbox 2801 5502 3070 5586; x_wconf 50' lang='lat' dir='ltr'><strong>pontifex,</strong></span> <span class='ocrx_word' id='word_1_838' title='bbox 3096 5503 3209 5560; x_wconf 83' lang='lat' dir='ltr'><strong>Nec</strong></span> <span class='ocrx_word' id='word_1_839' title='bbox 3238 5504 3354 5559; x_wconf 68' lang='lat' dir='ltr'><strong>haec</strong></span> <span class='ocrx_word' id='word_1_840' title='bbox 3387 5520 3477 5561; x_wconf 87' lang='lat' dir='ltr'><strong>so.</strong></span> 
     </span>
    </p>
   </div>
   <div class='ocr_carea' id='block_1_117' title="bbox 184 5594 3471 5672">
    <p class='ocr_par' dir='ltr' id='par_1_117' title="bbox 184 5594 3471 5672">
     <span class='ocr_line' id='line_1_117' title="bbox 184 5594 3471 5672; baseline 0.003 -28"><span class='ocrx_word' id='word_1_841' title='bbox 184 5595 320 5660; x_wconf 85' lang='lat' dir='ltr'><strong>lum,</strong></span> <span class='ocrx_word' id='word_1_842' title='bbox 344 5594 417 5665; x_wconf 90' lang='lat' dir='ltr'><strong>.(o</strong></span> <span class='ocrx_word' id='word_1_843' title='bbox 462 5594 750 5649; x_wconf 87' lang='lat' dir='ltr'><strong>hominum</strong></span> <span class='ocrx_word' id='word_1_844' title='bbox 794 5598 1117 5653; x_wconf 87' lang='lat' dir='ltr'><strong>audaciam!</strong></span> <span class='ocrx_word' id='word_1_845' title='bbox 1156 5615 1188 5655; x_wconf 94' lang='lat' dir='ltr'><strong>o</strong></span> <span class='ocrx_word' id='word_1_846' title='bbox 1224 5602 1620 5672; x_wconf 88' lang='lat' dir='ltr'><strong>omnipotentis</strong></span> <span class='ocrx_word' id='word_1_847' title='bbox 1670 5602 2055 5659; x_wconf 79' lang='lat' dir='ltr'><strong>tolerantiam!</strong></span> <span class='ocrx_word' id='word_1_848' title='bbox 2094 5602 2112 5672; x_wconf 96' lang='lat'><strong>)</strong></span> <span class='ocrx_word' id='word_1_849' title='bbox 2179 5600 2275 5656; x_wconf 86' lang='lat' dir='ltr'><strong>sed</strong></span> <span class='ocrx_word' id='word_1_850' title='bbox 2311 5599 2491 5654; x_wconf 88' lang='lat' dir='ltr'><strong>adhuc</strong></span> <span class='ocrx_word' id='word_1_851' title='bbox 2527 5598 2774 5667; x_wconf 88' lang='lat' dir='ltr'><strong>improbe</strong></span> <span class='ocrx_word' id='word_1_852' title='bbox 2836 5607 2891 5653; x_wconf 90' lang='lat' dir='ltr'><strong>et</strong></span> <span class='ocrx_word' id='word_1_853' title='bbox 2930 5597 3095 5667; x_wconf 84' lang='lat' dir='ltr'><strong>impie</strong></span> <span class='ocrx_word' id='word_1_854' title='bbox 3154 5611 3187 5650; x_wconf 71' lang='grc' dir='ltr'><strong>α</strong></span> <span class='ocrx_word' id='word_1_855' title='bbox 3223 5597 3471 5668; x_wconf 76' lang='lat' dir='ltr'><strong>malignis</strong></span> 
     </span>
    </p>
   </div>
   <div class='ocr_carea' id='block_1_118' title="bbox 184 5686 3471 5763">
    <p class='ocr_par' dir='ltr' id='par_1_118' title="bbox 184 5686 3471 5763">
     <span class='ocr_line' id='line_1_118' title="bbox 184 5686 3471 5763; baseline -0.001 -19"><span class='ocrx_word' id='word_1_856' title='bbox 184 5702 375 5756; x_wconf 70' lang='lat' dir='ltr'><strong>sparsa</strong></span> <span class='ocrx_word' id='word_1_857' title='bbox 394 5697 483 5744; x_wconf 83' lang='lat' dir='ltr'><strong>est</strong></span> <span class='ocrx_word' id='word_1_858' title='bbox 512 5686 681 5754; x_wconf 80' lang='lat' dir='ltr'><strong>fama,</strong></span> <span class='ocrx_word' id='word_1_859' title='bbox 705 5690 849 5758; x_wconf 90' lang='lat' dir='ltr'><strong>quod</strong></span> <span class='ocrx_word' id='word_1_860' title='bbox 874 5690 1245 5761; x_wconf 76' lang='lat' dir='ltr'><strong>quiJoannem</strong></span> <span class='ocrx_word' id='word_1_861' title='bbox 1273 5697 1550 5760; x_wconf 87' lang='lat' dir='ltr'><strong>amabant,</strong></span> <span class='ocrx_word' id='word_1_862' title='bbox 1580 5706 1905 5753; x_wconf 80' lang='lat' dir='ltr'><strong>exusserant</strong></span> <span class='ocrx_word' id='word_1_863' title='bbox 1937 5696 2253 5752; x_wconf 83' lang='lat' dir='ltr'><strong>ecclesiam.</strong></span> <span class='ocrx_word' id='word_1_864' title='bbox 2279 5693 2607 5763; x_wconf 85' lang='lat' dir='ltr'><strong>Sepulcrum</strong></span> <span class='ocrx_word' id='word_1_865' title='bbox 2636 5707 2819 5747; x_wconf 87' lang='lat' dir='ltr'><strong>revera</strong></span> <span class='ocrx_word' id='word_1_866' title='bbox 2844 5700 3037 5762; x_wconf 82' lang='lat' dir='ltr'><strong>patens</strong></span> <span class='ocrx_word' id='word_1_867' title='bbox 3053 5700 3239 5761; x_wconf 77' lang='lat' dir='ltr'><strong>guttur</strong></span> <span class='ocrx_word' id='word_1_868' title='bbox 3256 5704 3471 5745; x_wconf 86' lang='lat' dir='ltr'><strong>eorum.</strong></span> 
     </span>
    </p>
   </div>
   <div class='ocr_carea' id='block_1_119' title="bbox 253 5782 1789 5865">
    <p class='ocr_par' dir='ltr' id='par_1_119' title="bbox 253 5782 1789 5865">
     <span class='ocr_line' id='line_1_119' title="bbox 253 5782 1789 5865; baseline 0.007 -28"><span class='ocrx_word' id='word_1_869' title='bbox 253 5792 364 5856; x_wconf 79' lang='grc' dir='ltr'>κη’.</span> <span class='ocrx_word' id='word_1_870' title='bbox 407 5782 704 5838; x_wconf 68' lang='grc' dir='ltr'>Ἀκούεται</span> <span class='ocrx_word' id='word_1_871' title='bbox 737 5786 912 5839; x_wconf 72' lang='grc' dir='ltr'>ταῦτα</span> <span class='ocrx_word' id='word_1_872' title='bbox 944 5790 1037 5842; x_wconf 74' lang='grc' dir='ltr'><strong>καὶ</strong></span> <span class='ocrx_word' id='word_1_873' title='bbox 1061 5790 1136 5861; x_wconf 78' lang='grc' dir='ltr'><strong>τῷ</strong></span> <span class='ocrx_word' id='word_1_874' title='bbox 1163 5792 1413 5863; x_wconf 63' lang='grc' dir='ltr'>ὑπάρχῳ.</span> <span class='ocrx_word' id='word_1_875' title='bbox 1458 5794 1514 5845; x_wconf 85' lang='grc' dir='ltr'><em>Ὀ</em></span> <span class='ocrx_word' id='word_1_876' title='bbox 1546 5792 1623 5859; x_wconf 88' lang='grc' dir='ltr'><strong>δέ,</strong></span> <span class='ocrx_word' id='word_1_877' title='bbox 1658 5812 1789 5865; x_wconf 78' lang='grc' dir='ltr'>φρο-</span> 
     </span>
    </p>
   </div>
   <div class='ocr_carea' id='block_1_120' title="bbox 184 5876 1790 5958">
    <p class='ocr_par' dir='ltr' id='par_1_120' title="bbox 184 5876 1790 5958">
     <span class='ocr_line' id='line_1_120' title="bbox 184 5876 1790 5958; baseline 0.007 -26"><span class='ocrx_word' id='word_1_878' title='bbox 184 5878 290 5932; x_wconf 72' lang='grc' dir='ltr'><strong>νῶν</strong></span> <span class='ocrx_word' id='word_1_879' title='bbox 323 5880 388 5932; x_wconf 74' lang='grc' dir='ltr'><strong>τὰ</strong></span> <span class='ocrx_word' id='word_1_880' title='bbox 434 5876 711 5948; x_wconf 72' lang='grc' dir='ltr'>Ἑλλήνων</span> <span class='ocrx_word' id='word_1_881' title='bbox 735 5920 749 5947; x_wconf 85' lang='grc'><strong>,</strong></span> <span class='ocrx_word' id='word_1_882' title='bbox 788 5880 957 5952; x_wconf 75' lang='grc' dir='ltr'>ταύτῃ</span> <span class='ocrx_word' id='word_1_883' title='bbox 991 5884 1215 5950; x_wconf 71' lang='grc' dir='ltr'>πολλοὺς</span> <span class='ocrx_word' id='word_1_884' title='bbox 1249 5889 1346 5955; x_wconf 77' lang='grc' dir='ltr'><strong>μὲν</strong></span> <span class='ocrx_word' id='word_1_885' title='bbox 1383 5888 1489 5941; x_wconf 84' lang='grc' dir='ltr'><strong>τῶν</strong></span> <span class='ocrx_word' id='word_1_886' title='bbox 1523 5905 1790 5958; x_wconf 56' lang='grc' dir='ltr'>προσανα-</span> 
     </span>
    </p>
   </div>
   <div class='ocr_carea' id='block_1_121' title="bbox 1976 5785 3476 5859">
    <p class='ocr_par' dir='ltr' id='par_1_121' title="bbox 1976 5785 3476 5859">
     <span class='ocr_line' id='line_1_121' title="bbox 1976 5785 3476 5859; baseline -0.003 -12"><span class='ocrx_word' id='word_1_887' title='bbox 1976 5792 2066 5848; x_wconf 79' lang='lat'><strong>‘28.</strong></span> <span class='ocrx_word' id='word_1_888' title='bbox 2128 5790 2441 5846; x_wconf 75' lang='lat' dir='ltr'><strong>Audiuntnr</strong></span> <span class='ocrx_word' id='word_1_889' title='bbox 2524 5792 2637 5843; x_wconf 76' lang='lat' dir='ltr'><strong>haec</strong></span> <span class='ocrx_word' id='word_1_890' title='bbox 2698 5804 2917 5859; x_wconf 82' lang='lat' dir='ltr'><strong>quoque</strong></span> <span class='ocrx_word' id='word_1_891' title='bbox 2964 5804 2992 5841; x_wconf 88' lang='lat' dir='ltr'><strong>a</strong></span> <span class='ocrx_word' id='word_1_892' title='bbox 3056 5787 3332 5858; x_wconf 71' lang='lat' dir='ltr'><strong>pra-tecto.</strong></span> <span class='ocrx_word' id='word_1_893' title='bbox 3382 5785 3476 5843; x_wconf 81' lang='lat' dir='ltr'><strong>Ille</strong></span> 
     </span>
    </p>
   </div>
   <div class='ocr_carea' id='block_1_122' title="bbox 1899 5883 3479 5958">
    <p class='ocr_par' dir='ltr' id='par_1_122' title="bbox 1899 5883 3479 5958">
     <span class='ocr_line' id='line_1_122' title="bbox 1899 5883 3479 5958; baseline -0.004 -13"><span class='ocrx_word' id='word_1_894' title='bbox 1899 5898 2106 5951; x_wconf 85' lang='lat' dir='ltr'><strong>autem,</strong></span> <span class='ocrx_word' id='word_1_895' title='bbox 2156 5887 2331 5958; x_wconf 83' lang='lat' dir='ltr'><strong>utqui</strong></span> <span class='ocrx_word' id='word_1_896' title='bbox 2364 5897 2510 5943; x_wconf 82' lang='lat' dir='ltr'><strong>secta</strong></span> <span class='ocrx_word' id='word_1_897' title='bbox 2551 5896 2691 5941; x_wconf 77' lang='lat' dir='ltr'><strong>(SSCl</strong></span> <span class='ocrx_word' id='word_1_898' title='bbox 2732 5895 2783 5939; x_wconf 87' lang='lat' dir='ltr'><strong>et</strong></span> <span class='ocrx_word' id='word_1_899' title='bbox 2813 5885 3082 5941; x_wconf 83' lang='lat' dir='ltr'><strong>sententia</strong></span> <span class='ocrx_word' id='word_1_900' title='bbox 3124 5883 3364 5956; x_wconf 77' lang='lat' dir='ltr'><strong>gentilis,</strong></span> <span class='ocrx_word' id='word_1_901' title='bbox 3408 5896 3479 5939; x_wconf 78' lang='lat' dir='ltr'><strong>ea</strong></span> 
     </span>
    </p>
   </div>
  </div>
