4108 6306
260 419 370 485 ‘289

914 421 1196 483 ORATIO
1232 421 1455 486 xvm.
1480 447 1549 457 —
1589 421 1973 485 LAUDATIO
1996 422 2058 485 s.
2091 423 2411 487 JOANNIS
2449 427 2862 494 cnarsosr.
2908 383 2915 391 ’

3431 423 3536 498 Em

278 531 548 604 κληθῆναι
565 531 658 585 τὸν
679 531 852 600 ἅγιον.
877 531 992 586 Οὐκ
1013 531 1167 587 ἔλαθε
1185 533 1240 586 δὲ
1261 534 1434 588 ταῦτα
1449 532 1546 604 τὴν
1567 533 1822 599 Εὐδοξίαν
1846 554 1858 566 ·

1972 545 2207 591 sanctus.
2240 535 2357 592 Non
2384 538 2660 595 latuerunt
2684 541 2797 596 haec
2829 539 3150 610 Eudox’am,
3179 560 3301 616 qum
3333 562 3408 602 or.
3429 551 3540 608 ti.)-

281 626 317 694 ἢ
361 625 439 696 τῷ
489 626 853 698 πιθανωτέρῳ
893 626 1212 699 χρησαμένη
1261 626 1371 682 τῶν
1418 628 1864 699 ἐπιτηδευμάτων

281 718 452 788 (δεινὴ
475 719 587 790 γὰρ
610 715 677 790 ἦν
701 720 766 773 τὰ
789 717 1037 788 τοιαῦτα)
1063 720 1238 773 πείθει
1260 720 1593 791 τὸνβασιλέα
1614 723 1738 784 τοὺς
1759 720 1866 774 ἀπὸ

291 813 516 884 Ῥώμης
540 813 905 883 ἀναμείναντα
927 856 939 878 ,
965 814 1050 866 διὰ
1079 815 1140 866 τὸ
1164 813 1270 866 τῶν
1293 815 1635 886 πραγμάτων
1660 815 1863 885 ἀτάρα-

283 927 378 978 χον
403 908 469 978 (ὅ)
500 908 830 978 προφάσεως
862 907 1084 970 ἀνοσίας
1112 909 1151 977 !)
1195 909 1331 970 τέως
1356 907 1447 962 τὸν
1493 909 1750 980 πρόεδρον
1789 911 1884 985 μ.ὴά

282 1001 747 1056 ἀνακαλέσασθαι·
801 1001 1269 1072 μεταστειλαμένη
1318 1001 1373 1055 δὲ
1413 1001 1585 1072 λάθρα
1642 1004 1859 1074 κατέχει

281 1097 412 1160 τοὺς
445 1097 565 1150 τότε
594 1094 840 1165 λιμένας,
894 1095 989 1147 καὶ
1026 1094 1278 1161 Ἀϐυδον,
1325 1095 1416 1148 καὶ
1457 1097 1636 1150 πᾶσαν
1677 1097 1867 1151 διαϐα-

285 1205 396 1254 σιν,
448 1188 578 1251 τοὺς
625 1186 722 1257 μὲν
773 1186 1020 1249 ἀνιόντας
1060 1185 1367 1256 Ῥωμαίους
1419 1187 1861 1260 ἐγκελευσαμένη

281 1281 609 1351 κακουχίαις
648 1279 745 1334 καὶ
775 1277 998 1350 ὕϐρεσιν
1021 1277 1478 1349 ἀποπέμψαντας,
1513 1278 1608 1342 τὰς
1641 1279 1696 1332 δὲ
1740 1278 1863 1332 τού-

283 1393 395 1430 ¹των
450 1372 740 1436 ἐπιστολὰς
775 1371 1018 1442 ἁρπάξαι
1072 1371 1164 1426 καὶ
1220 1371 1469 1440 ἀγαγεῖν.
1526 1372 1676 1444 ᾜδει
1732 1371 1861 1443 γὰρ,

285 1463 404 1534 ᾔδει
440 1465 471 1534 ἡ
518 1461 655 1532 σοφὴ
704 1460 797 1514 τοῦ
833 1461 1165 1526 κακοῦντος,
1201 1460 1276 1524 ὡς
1317 1461 1721 1530 ἐξεταζομένων
1757 1461 1864 1516 τῶν

287 1554 633 1626 πραγμάτων
675 1550 1115 1623 ἀνακληθήσεται
1147 1554 1173 1607 ὁ
1212 1553 1522 1624 ἀρχιερεύς.
1557 1553 1742 1607 Ταῦτα
1772 1557 1865 1609 καὶ

286 1647 672 1717 μεμηχάνηται
735 1647 801 1716 τῇ
873 1643 1125 1715 βασιλίδι,
1181 1647 1276 1699 καὶ
1339 1647 1511 1717 πέρας
1567 1647 1860 1718 ἐλάμϐανε.

283 1741 624 1808 Κατέχονται
654 1737 760 1807 γὰρ
790 1738 837 1788 οξ
862 1735 969 1789 ἀπὺ
1003 1735 1223 1807 Ῥώμης
1253 1738 1372 1790 ἐκεῖ
1402 1738 1862 1809 παραγεγονὸτες,

282 1829 697 1903 φρουροῦνται,
747 1829 841 1882 καὶ
901 1827 1326 1899 κακουχοῦνται,
1385 1830 1744 1884 ἀπαιτοῦνται
1795 1833 1864 1884 τὰ

284 1926 614 1995 γράμματα,
655 1922 1007 1975 ἀνθίστανται
1042 1924 1313 1988 γενναῖον·
1347 1925 1379 1983 ἡ
1433 1923 1751 1988 ἀντίστασις
1786 1926 1864 1989 είς

282 2019 532 2073 κίνδυνον
560 2020 820 2089 καταντᾷ.
878 2016 988 2069 Καὶ
1039 2017 1144 2087 γάρ
1203 2034 1286 2081 τις
1325 2016 1530 2081 κλάσας
1573 2018 1664 2070 τὸν
1711 2017 1862 2072 ἀντί-

281 2130 445 2184 χειρα
482 2111 576 2168 τοῦ
614 2113 938 2176 ἐπισκόπου,
983 2111 1223 2183 ἁρπάζει
1267 2111 1362 2164 σὺν
1413 2115 1524 2175 τοῖς
1571 2111 1864 2185 γράμμασι

285 2206 380 2257 καὶ
415 2203 450 2257 ἃ
488 2204 840 2274 ἐπεφέροντο.
892 2197 1026 2257 Εἶτα
1065 2201 1383 2257 κολακεύειν
1425 2201 1621 2265 αὐτοὺς
1660 2204 1708 2256 οἱ
1743 2201 1865 2257 τολ-

285 2295 459 2365 μηταλ
486 2292 887 2358 ἀναιδεύυνται,
919 2292 1108 2364 χρυσῷ
1154 2291 1438 2362 διακλέψαι
1493 2293 1550 2346 τὸ
1584 2293 1865 2364 συμπαθὲς

284 2387 791 2459 μηχανορῤαφοῦσι·
825 2388 919 2442 καὶ
966 2388 1146 2442 πάντα
1175 2385 1324 2440 δόλον
1357 2387 1616 2440 πλέκουσι
1652 2388 1772 2458 μὲν,
1804 2390 1864 2442 οὐ

282 2481 534 2536 πείθουσι
559 2481 637 2536 δέ.
669 2481 814 2546 Πῶς,
849 2481 943 2534 καὶ
959 2479 1078 2535 τίνα
1105 2481 1346 2552 τρόπον;
1389 2479 1555 2534 καλὸν
1582 2481 1678 2534 καὶ
1709 2480 1866 2563 τοῦτο

282 2576 481 2629 εἰπεῖν.
516 2573 728 2637 Παῦλος
781 2573 808 2625 ὁ
853 2573 995 2636 θεῖος
1045 2573 1366 2636 ἀπόστολος,
1423 2572 1633 2637 τούτοις
1692 2591 1863 2645 προσ-

279 2667 516 2731 επιστὰς
542 2667 623 2720 ἔτι
661 2666 804 2720 κατὰ
862 2666 958 2737 τὴν
1006 2666 1146 2720 ὁδόνο
1205 2666 1507 2730 Βλέπετε,
1570 2666 1865 2738 προῠλεγε,

278 2761 410 2829 πῶς
447 2759 841 2832 περιπατεῖτε,
873 2759 953 2827 ὡς
991 2758 1192 2830 σοφοί,
1220 2759 1306 2828 μὴ
1335 2757 1415 2826 ὡς
1444 2758 1685 2829 ἄσοφοι,
1717 2759 1868 2814 ειδό-

279 2875 379 2924 τες
406 2856 497 2909 ὅτι
541 2857 600 2909 at
647 2853 860 2924 ἡμέραι
892 2855 1151 2922 πονηραί
1177 2857 1317 2907 είονι.
1353 2854 1450 2907 Διὰ
1490 2854 1599 2907 τῶν
1643 2853 1764 2908 τότε
1796 2853 1866 2909 τὰ

278 2951 374 3003 νῦν
423 2947 808 3019 αἰνιξάμενος·
862 2943 906 3017 ᾧ
955 2947 1380 3019 στηριζόμενοι,
1415 2948 1476 3001 τὸ
1514 2948 1868 3020 ἐπικείμενον

289 3043 360 3113 τῷ
399 3041 588 3114 χαλκῷ
631 3041 741 3095 τῶν
802 3041 1088 3113 ἁγρευτῶν
1120 3041 1220 3112 τῆς
1278 3041 1532 3106 Εὺδοξίας
1587 3043 1646 3094 οὐ
1699 3060 1869 3113 προσῇ

279 3139 485 3208 ἠκαντο
533 3134 746 3206 δέλεαρ.
821 3134 1200 3205 Ὑπέστρεψαν
1258 3128 1349 3187 οὖν
1408 3134 1544 3202 μετὰ
1576 3133 1735 3188 ἕκτον
1765 3152 1867 3187 που

1969 627 2052 681 nis
2079 637 2237 684 utens
2277 631 2658 697 probabilitate
2692 633 2831 704 (erat
2858 637 3002 689 enim
3036 637 3088 692 in
3141 640 3301 696 rebus
3347 641 3541 712 hujus-

1969 719 2110 772 modi
2169 720 2446 790 ingeniosa
2501 724 2696 779 artifex
2727 725 2744 795 )
2774 730 3063 796 persuadet
3097 730 3438 804 imp-ratori,
3481 747 3540 791 ut

1968 808 2070 876 iis,
2121 811 2212 881 qui
2269 811 2453 868 Romae
2516 825 2695 877 erant.
2730 823 3083 888 exspectatis,
3126 832 3181 878 ut
3225 841 3310 880 res
3355 839 3543 886 essent

1969 914 2151 954 vacuae
2187 900 2331 955 omni
2362 905 2845 976 perturbatione(o
2878 909 3126 980 iniquum
3158 919 3540 988 praetextum!)

1969 997 2097 1046 tunc
2137 1008 2246 1047 non
2276 1005 2554 1053 revocaret
2590 1001 2915 1055 antistitem.
2951 1002 3102 1059 Clam
3179 1017 3360 1062 autem
3414 1010 3542 1064 mit-

1974 1093 2112 1152 tens,
2149 1096 2382 1157 occupat
2429 1090 2519 1161 qui
2561 1101 2690 1145 tunc
2722 1103 2880 1148 erant
2929 1108 3140 1165 portus,
3181 1099 3542 1172 Abydumque

1966 1182 2020 1229 et
2062 1191 2279 1231 omnem
2324 1182 2639 1246 transitum,
2685 1182 2884 1253 jubens
2922 1187 3281 1244 ascendentes
3317 1191 3536 1258 quidem

1968 1266 2246 1323 [inmanes
2293 1270 2430 1326 male
2473 1274 2734 1329 multatos
2809 1285 2862 1330 et
2917 1278 3268 1334 contumeliis
3318 1281 3541 1337 ali‘t'ctos

1965 1359 2304 1427 amandare;
2355 1377 2541 1417 eorum
2598 1376 2776 1420 autem
2841 1367 3100 1436 epistolas
3172 1376 3254 1428 eis
3325 1383 3541 1443 ereptas

1968 1451 2205 1510 auferre.
2264 1451 2482 1511 Sciebat
2523 1458 2669 1512 enim
2720 1473 2926 1530 aperte,
2990 1463 3198 1517 sriebat
3237 1465 3432 1521 callida
3485 1466 3540 1520 in

1968 1544 2126 1601 malis
2155 1545 2372 1613 mulier,
2406 1549 2549 1617 quod
2584 1550 2628 1604 si
2669 1566 2752 1605 res
2780 1553 3251 1622 examinzu'entur,
3283 1565 3428 1612 esset
3455 1574 3540 1611 re-

1966 1639 2249 1696 vocandus
2286 1643 2552 1713 pontifex.
2583 1643 2704 1700 ilmc
2737 1655 2790 1700 et
2821 1649 3134 1701 machinata
3165 1658 3249 1704 est
3302 1651 3540 1721 impera-

1967 1732 2095 1795 trix,
2175 1749 2348 1804 eaque
2423 1735 2579 1791 linem
2619 1750 2968 1810 acceperunt.
3021 1741 3337 1799 Detinentur
3373 1746 3540 1809 enim,

1966 1829 2058 1897 qui
2090 1825 2259 1881 Roma
2311 1830 2442 1884 illuc
2479 1842 2774 1900 venerant;
2813 1835 3189 1904 conjiciuntur
3239 1839 3291 1892 in
3351 1853 3542 1895 custo-

1969 1920 2139 1996 diam,
2193 1924 2332 1976 male
2387 1923 2708 1990 multantur,
2764 1927 2957 1982 littera:
2993 1928 3064 1983 ab
3124 1933 3203 1985 eis
3253 1941 3537 2001 petuntur.

1971 2015 2046 2069 Illi
2080 2014 2293 2071 fortiter
2327 2019 2591 2072 resistunt
2625 2037 2638 2086 ;
2670 2023 2978 2076 resistentia
3028 2035 3207 2080 autem
3249 2025 3450 2082 desinit
3487 2029 3542 2082 in

1969 2109 2294 2178 periculum.
2346 2110 2480 2164 Nam
2533 2129 2656 2166 cum
2711 2115 2962 2186 fregisset
3016 2118 3240 2187 quidam
3292 2121 3541 2191 pollicem

1969 2199 2235 2269 episcopi,
2284 2215 2406 2254 cum
2440 2202 2639 2259 litteris
2673 2207 2815 2275 rapit
2874 2207 3035 2261 etiam
3076 2223 3138 2262 ea
3174 2225 3296 2279 qua:
3351 2209 3546 2266 affere-

1971 2291 2121 2346 banl.
2165 2293 2370 2348 Deinde
2402 2297 2606 2350 audent
2639 2297 2987 2368 impudentes
3023 2310 3075 2356 et
3101 2302 3335 2358 audaces
3363 2303 3538 2358 homi-

1970 2401 2067 2441 nes
2089 2402 2183 2442 eos
2209 2388 2467 2455 blandiri,
2501 2407 2638 2446 auro
2659 2393 3090 2450 misericordiam
3119 2397 3420 2452 moliuntur
3443 2398 3546 2453 sibi

1971 2495 2292 2550 comparare
2327 2500 2340 2537 :
2386 2493 2439 2537 et
2471 2501 2686 2540 onmem
2719 2488 2938 2557 quidem
2985 2489 3170 2544 dolmn
3215 2500 3538 2557 contexunt,

1971 2588 2079 2627 non
2108 2583 2287 2628 autem
2333 2577 2679 2646 persuadent.
2734 2577 3022 2646 Quomodo
3064 2591 3118 2639 et
3169 2598 3408 2654 quanam
3461 2603 3548 2640 ra-

1971 2667 2118 2723 tione
2147 2669 2170 2722 ?
2214 2668 2508 2726 Pulchrum
2537 2683 2618 2729 est
2673 2674 2775 2730 hoc
2829 2692 3048 2748 quolue
3081 2680 3282 2736 dicere.
3315 2681 3538 2745 Paulus,

1970 2758 2192 2814 divinus
2243 2760 2560 2831 Apostolus,
2618 2765 2684 2819 ad
2728 2781 2821 2823 eos
2880 2769 3170 2837 accedens,
3232 2772 3532 2842 praedixit:

1982 2852 2160 2909 Videte
2181 2857 2438 2926 quomodo
2475 2866 2626 2911 cauta
2661 2858 2966 2925 ambulctis,
3009 2871 3264 2930 tanquam
3315 2865 3533 2933 sapien-

1974 2955 2070 3012 tes,
2130 2959 2544 3020 nontanquuam
2596 2951 2927 3020 insipientes,
2974 2954 3196 3009 scientes
3241 2956 3379 3024 quod
3422 2957 3538 3011 dies

1973 3041 2103 3094 mali
2131 3051 2253 3094 sunt
2287 3041 2331 3073 ¹⁷
2364 3061 2377 3096 :
2414 3057 2510 3113 per
2562 3057 2625 3098 ea
2668 3060 2790 3114 qua:
2843 3044 3046 3100 fiebant
3103 3056 3255 3113 tunc,
3313 3063 3377 3102 ea
3425 3065 3546 3119 qua:

1975 3150 2119 3188 nunc
2154 3134 2292 3189 fiunt
2320 3135 2484 3190 tacite
2514 3135 2771 3192 innuens.
2803 3138 2921 3202 Quo
2946 3138 3179 3209 quidem-
3218 3143 3552 3209 confirmati,

282 3230 435 3299 μῆνα
469 3228 605 3300 πρὶς
635 3226 701 3279 τὰ
732 3227 926 3291 οἰκεῖα,
961 3222 1303 3295 δηλώσαντες
1339 3224 1573 3278 ἅπαντα.
1608 3224 1715 3276 Καὶ
1739 3223 1864 3276 ταῦ-

1981 3243 2088 3280 non
2131 3228 2473 3282 admiserunt
2499 3244 2702 3294 escam,
2749 3245 2869 3299 quae
2901 3233 2981 3285 ori
3017 3242 3335 3287 venatorum
3368 3237 3551 3290 Eudo-

279 3334 355 3371 τα
391 3318 490 3390 μὲν
511 3318 615 3380 ἕως
642 3311 767 3378 ὧδε,
801 3317 896 3367 καὶ
936 3313 1109 3376 οὕτως
1154 3312 1370 3383 ἔχοντα.

1988 3321 2088 3373 aia:
2114 3328 2230 3372 ctat
2259 3319 2533 3390 imposita.
2580 3319 2708 3375 Post
2751 3332 2963 3376 sextum
2999 3339 3128 3394 ergo
3180 3340 3423 3381 mensem
3477 3325 3547 3380 ad

274 3430 416 3468 suos
452 3413 678 3478 reversi,
716 3409 1097 3479 significarunt
1143 3409 1347 3463 omnia.
1385 3409 1449 3464 Et
1495 3408 1607 3462 hau:
1639 3408 1856 3477 quidem
1901 3411 2206 3483 hucusque,
2235 3423 2288 3468 et
2321 3415 2392 3467 ita
2416 3432 2472 3470 se
2502 3415 2722 3470 habent.

357 3508 421 3563 λ’.
459 3507 600 3579 Πρὸς
624 3507 691 3559 τὰ
727 3504 852 3576 ἑξῆς
893 3505 948 3559 δὲ
989 3503 1183 3575 χωρῶν
1223 3505 1250 3556 ὀ
1286 3503 1464 3571 λόγος,
1498 3503 1607 3555 τῶν
1636 3519 1852 3574 προκει⁸

281 3603 466 3674 μένων
496 3599 724 3670 ἐχέσθω.
770 3600 931 3670 ’Ἄρτι
978 3596 1072 3651 τοῦ
1103 3595 1424 3668 φερωνύμου
1455 3596 1551 3664 τῆς
1582 3596 1732 3660 θείας
1763 3596 1862 3666 χά-

283 3711 433 3766 ριτος
487 3690 719 3763 ἐνιαυτῷ
763 3689 926 3744 παντὶ
981 3689 1118 3760 πρὸς
1169 3690 1238 3760 τῇ
1299 3687 1528 3759 πολίχνῃ
1565 3688 1863 3757 Κουκουσῷ

277 3785 708 3857 διαπρέψαντος,
739 3783 1018 3838 κάνταῦθα
1044 3785 1172 3846 τοὺς
1197 3781 1342 3854 λιμῷ
1367 3783 1460 3836 καλ⁵
1485 3781 1626 3852 δίψει
1658 3783 1862 3852 Κυρίου

280 3879 462 3946 λόγων
503 3878 850 3948 λιμώξαντας
900 3876 1313 3949 διαθρέψαντος,
1367 3874 1521 3946 λιμὸς
1553 3873 1719 3944 ἄρτου
1774 3876 1866 3928 καὶ

279 3974 396 4027 τῶν
433 3971 746 4040 ἀναγκαίων
804 3969 1040 4041 κατέσχε
1083 3969 1180 4042 τὴν
1239 3970 1343 4041 γῆν
1405 3970 1499 4023 καὶ
1557 3969 1656 4038 τὴν
1714 3967 1867 4040 βασι-

281 4066 567 4120 λεύουσαν.
616 4063 834 4136 Ταύτην
879 4063 1235 4118 ἐκλείπουσαν
1275 4062 1523 4129 διαγνοὺς
1547 4063 1575 4116 ὁ
1610 4061 1815 4133 ποιμὴν
1841 4063 1870 4116 ὁ

282 4160 472 4223 καλὸς,
501 4157 804 4213 ἐπιστολῶν
848 4159 1162 4228 παρηγορεῖ
1195 4158 1288 4210 καὶ
1317 4156 1492 4226 λόγων
1521 4159 1633 4219 τοῖς
1661 4156 1867 4228 βοηθῇ-

286 4269 445 4322 μασι.
478 4251 587 4305 Καὶ
608 4251 824 4322 πρῶτον
861 4250 960 4322 μὲν
991 4250 1082 4304 τὸν
1124 4249 1190 4303 δι’
1228 4250 1518 4321 ἐπιστολῆς
1543 4250 1701 4319 λόγον
1736 4251 1869 4304 θαυι-

284 4345 500 4417 μασίως
549 4347 821 4416 τρέφοντα
865 4345 964 4409 τὰς
1014 4344 1191 4415 ψυχὰς
1239 4344 1348 4398 τῶν
1401 4345 1792 4415 ἀκροωμένων,
1845 4344 1872 4396 ὁ

278 4439 374 4492 τοῦ
411 4439 567 4507 λόγου
610 4439 887 4509 σιτοδότης
922 4438 1201 4503 σιτοδοτεῖ,
1240 4442 1296 4491 ἐν
1334 4437 1652 4507 κεφαλαίοις
1687 4441 1861 4491 εἴκοσι

281 4530 381 4582 καὶ
407 4528 700 4600 τέτταρσιν
728 4528 1162 4600 ἀριθμούμενον·
1202 4529 1337 4600 πρὸς
1367 4530 1494 4593 τοὺς
1527 4530 1864 4595 σκανὸαλιζο-

285 4623 487 4693 μένους
519 4625 575 4676 ἐν
612 4624 730 4685 ταῖς
778 4621 871 4675 τοῦ
903 4620 1020 4693 βίου
1075 4621 1448 4694 παρανομίαις
1483 4623 1512 4676 ὁ
1547 4621 1701 4692 λόγος
1736 4622 1873 4692 ἔχων

281 4715 566 4770 ὑπόθεσιν.
609 4715 780 4785 Ἀρχὴ
819 4715 873 4767 δὲ
902 4713 979 4784 τῷ
1014 4715 1158 4785 λόγῳ
1192 4715 1309 4782 τίς;
1355 4714 1578 4786 ’ἰατρῶν
1626 4714 1745 4786 μὲν,
1777 4714 1870 4768 καὶ

2035 3507 2126 3562 50.
2164 3507 2242 3561 Ad
2274 3522 2336 3563 ea
2389 3517 2594 3570 autem,
2641 3527 2761 3580 qua:
2799 3511 3056 3581 deinceps
3103 3524 3546 3585 consequuntur,

1968 3600 2267 3669 procedens
2305 3602 2482 3656 oratio
2518 3614 2881 3675 persequatur
2910 3623 2972 3660 ea
3011 3622 3130 3677 qua:
3160 3618 3290 3662 sunt
3349 3624 3553 3681 propo-

1962 3693 2090 3748 sita.
2125 3693 2258 3747 Cum
2307 3694 2418 3764 jam
2470 3696 2560 3766 qui
2595 3712 2623 3750 α
2655 3696 2834 3752 divina
2879 3700 3051 3769 gratia
3099 3708 3184 3755 est
3237 3702 3555 3758 denomina-

1969 3793 2077 3848 lus,
2112 3793 2225 3840 toto
2269 3803 2413 3839 :muo
2441 3789 2493 3840 in
2529 3789 2785 3858 oppidulo
2817 3789 3031 3846 Cucuso
3063 3807 3122 3847 se
3156 3795 3415 3864 prazclare
3435 3813 3560 3868 ges.

1978 3881 2162 3939 sisset.
2197 3892 2246 3934 et
2276 3882 2507 3936 aluisset
2535 3897 2651 3950 eos,
2690 3886 2783 3954 qui
2829 3885 2969 3940 fame
3002 3895 3057 3940 et
3101 3887 3188 3941 siti
3227 3889 3553 3946 laborabant

1970 3971 2256 4025 verborum
2289 3971 2524 4037 Domini,
2569 3975 2740 4029 fames
2763 3976 2938 4046 panis.
2981 3987 3036 4032 et
3080 3995 3260 4034 rerum
3293 3997 3557 4039 necessa-

1973 4061 2172 4115 riarum
2208 4072 2408 4117 terram
2440 4062 2642 4118 invasit
2674 4083 2687 4119 :
2718 4076 2922 4122 etcum
2953 4067 3096 4124 hanc
3123 4072 3315 4127 urbem
3347 4065 3553 4146 regiam

1970 4151 2203 4208 deiicere
2235 4156 2585 4225 cognovisset
2623 4165 2812 4226 pastor
2841 4159 2934 4214 ille
2961 4161 3157 4228 bonus,
3185 4177 3303 4218 eam
3340 4167 3549 4235 episto-

1971 4245 2146 4300 larum
2177 4255 2230 4302 et
2259 4247 2564 4301 orationum
2593 4251 2916 4305 consolatur
2947 4254 3187 4310 auxiliis.
3222 4254 3285 4310 Et
3312 4259 3551 4327 primum

1975 4340 2191 4408 quidem
2249 4356 2392 4407 eam,
2448 4358 2568 4412 qua:
2598 4353 2681 4397 est
2731 4361 2828 4414 per
2873 4346 3182 4415 epistolam,
3226 4352 3555 4417 orationem,

1974 4429 2284 4484 auditorum
2323 4421 2536 4488 animas
2580 4435 2914 4491 nutrientem
2963 4438 3384 4509 admirabiliter,
3421 4459 3555 4514 sup—

1980 4522 2184 4589 peditat
2249 4520 2504 4578 frumenti
2583 4527 2873 4581 verborum
2943 4533 3367 4601 suppeditatur;
3429 4553 3553 4608 quae

1976 4614 2220 4668 coiitinct
2271 4614 2458 4684 viginti
2486 4629 2720 4684 quatuor
2751 4620 2950 4689 capita.
2981 4622 3063 4677 Ad
3094 4639 3192 4679 eos
3225 4636 3429 4694 autem,
3463 4634 3555 4700 qui

1977 4708 2099 4761 vita:
2133 4707 2484 4764 oll'enduntur
2519 4712 2927 4783 iniquitatibus,
2967 4716 3131 4774 habet
3158 4733 3546 4792 argumentum

275 4808 351 4862 τὰ
401 4809 546 4876 ἑξῆς.
583 4808 705 4861 Ἔτι
735 4808 790 4860 δὲ
813 4808 946 4878 πρὸς
971 4808 1247 4878 Κυριακὸν
1277 4806 1390 4872 δύο,
1427 4807 1677 4876 καὶπρὸς
1716 4808 1865 4860 Κωνε

1980 4806 2176 4860 oratio.
2208 4807 2492 4873 Quodnam
2521 4819 2605 4865 est
2639 4822 2820 4866 autem
2857 4815 3183 4887 principium
3231 4823 3503 4877 orationis
3532 4827 3552 4876 Υ

281 4899 568 4950 σταντῖνον
602 4896 974 4969 πρεσϐύτερον
1010 4897 1227 4970 γραφὰς
1257 4897 1572 4966 διαφόρους,
1608 4899 1702 4951 καὶ
1737 4897 1871 4968 πρὸς

279 4989 453 5060 αὐτὴν
482 4989 581 5060 τὴν
609 4989 919 5060 θαυμασίαν
955 4989 1316 5059 Ὀλυμπιάδα.
1355 4990 1496 5045 Ἀλλ’
1533 4991 1630 5042 οὐκ
1663 4990 1871 5062 ὰςῆκεν

280 5082 454 5146 οὕτως
491 5085 517 5135 ὸ
539 5081 732 5152 φθόνος
759 5081 1088 5150 αὑτόν.”ίῐδη
1123 5083 1228 5153 γὰρ
1259 5081 1600 5152 κακουχίαις,
1628 5084 1861 5147 αἰκίαις,

277 5177 381 5227 οὐκ
410 5175 557 5229 ἔστιν
598 5174 748 5239 ὅσαις
794 5178 990 5241 εἰπεῖν,
1044 5177 1176 5246 πρὸς
1218 5175 1552 5246 ’Λραϐυσσὸν
1582 5177 1866 5246 μεταπέμ·

281 5286 464 5324 πεται.
500 5270 611 5323 Καὶ
655 5270 822 5326 πάλιν
861 5273 918 5324 ἐν
946 5270 1119 5344 ταύτῃ
1158 5271 1257 5340 τῆς
1295 5270 1460 5340 ἄλλης
1512 5269 1767 5339 πολίχνης
1801 5271 1866 5323 τὰ

282 5364 447 5432 ὃμοια
475 5364 505 5416 ὁ
534 5362 882 5436 θεραπευτὴς
904 5363 1471 5437 διαπραγματεὺεται.
1507 5363 1617 5417 Καὶ
1651 5362 1813 5415 πάλιν
1841 5363 1868 5415 ὁ

284 5457 475 5523 φθόνος
502 5456 610 5510 τῶν
639 5459 963 5530 κατηγόρων
1010 5457 1089 5529 τῷ
1133 5457 1282 5527 φόϐῳ
1342 5457 1689 5528 μαιοιὶμενος,
1734 5456 1868 5529 πρὸς

289 5548 483 5614 ὠδῖνας
523 5553 685 5619 φόνου
738 5552 833 5604 καὶ
875 5551 1067 5615 τόκους
1100 5550 1298 5614 αὐτοὺς
1330 5551 1554 5603 συνωθεῖ
1582 5551 1675 5604 καὶ
1703 5551 1870 5604 διανι-

284 5640 404 5710 me,
445 5641 537 5693 καὶ
563 5639 838 5706 τοσοῦτον,
869 5639 1011 5694 ὥστε
1046 5641 1222 5696 εἰπεῖν
1244 5657 1367 5694 τινα
1393 5643 1502 5704 τοῖς
1540 5639 1867 5712 κατηγόροις

286 5731 544 5786 τοιοῦτον·
571 5733 739 5786 Ἴδετε
773 5732 963 5803 νεκρὸν
991 5732 1328 5806 φοϐεροῦντα
1359 5735 1483 5796 τοὺς
1523 5733 1750 5798 ζῶντας,
1778 5739 1872 5789 καὶ

231 5886 242 5891 _
283 5825 620 5898 κρατοῦντας
669 5827 1023 5882 διαπτοοῦντα
1047 5869 1062 5896 ,
1093 5828 1342 5899 καθάπερ
1389 5828 1513 5890 τοὺς
1561 5826 1753 5891 παῖδας
1785 5828 1855 5881 τὰ

351 5943 396 5973 ’⁷
429 5940 632 6012 Ephes.
659 5957 716 6008 ν,
741 5943 828 6009 l5,
857 5943 944 6000 16.

486 6043 761 6104 Ρηιιοι.
810 6041 930 6105 Ge.
976 6045 1159 6107 CVII.

1974 4899 2164 4954 Medici
2195 4901 2437 4969 quidem,
2471 4912 2522 4956 et
2554 4919 2673 4973 qme
2692 4904 2888 4962 deinde
2916 4918 3244 4976 sequuntur.
3277 4911 3546 4970 Praeterea

1969 5001 2150 5047 autem
2202 4993 2340 5049 duas
2392 4996 2455 5047 ad
2526 4995 2839 5068 Cyr-incum,
2889 5011 2940 5055 ct
2998 5002 3065 5056 ad
3118 5004 3537 5063 Constantinum

1970 5085 2343 5155 presbyterum
2366 5089 2516 5141 varia
2548 5090 2778 5160 scripta,
2802 5100 2855 5146 ct
2879 5094 2943 5148 ad
2972 5094 3142 5165 ipsam
3169 5100 3545 5157 admirabilem

1968 5175 2366 5250 Oiympiadem.
2404 5179 2506 5236 Sed
2541 5197 2648 5236 non
2684 5185 2763 5237 sic
2795 5202 2917 5240 eum
2942 5189 3397 5250 dimisitimidia.
3431 5194 3551 5251 Jam

1975 5273 2118 5323 enim
2167 5274 2507 5337 vexationes,
2541 5276 2792 5344 injurias,
2822 5279 3138 5339 aiilictiones
3182 5288 3366 5342 nescio
3393 5304 3554 5360 quam

1981 5365 2181 5418 multas
2239 5382 2559 5437 perpessus,
2627 5373 3022 5430 transmittitur
3071 5378 3432 5452 Arahyssum.
3499 5385 3565 5439 Iit

1987 5474 2178 5512 rursus
2210 5460 2264 5514 in
2311 5475 2374 5513 eo
2420 5462 2608 5517 eadem
2656 5463 2807 5531 facit,
2860 5484 2980 5539 qua:
3029 5470 3083 5525 in
3125 5472 3232 5526 alio
3275 5475 3558 5546 oppidulo.

1981 5548 2198 5606 ltursus
2244 5562 2427 5607 autem
2473 5555 2675 5610 invidia
2709 5573 2767 5614 se
2799 5560 3416 5635 ebsletricemprtebens
3471 5587 3560 5624 ac~

1981 5654 2295 5699 cusaterum
2328 5649 2518 5711 metui,
2560 5665 2655 5705 eos
2682 5651 2910 5720 impellit
2938 5665 2991 5712 et
3024 5656 3215 5712 incitat
3245 5663 3310 5714 ad
3338 5664 3556 5731 parien-

1986 5740 2108 5792 dam
2133 5739 2358 5806 etedem,
2385 5741 2520 5796 adeo
2558 5752 2614 5798 ut
2633 5759 2696 5799 ex
2723 5752 3143 5808 accusatoribus
3160 5754 3380 5824 quidam
3403 5756 3560 5811 dixe-

1969 5833 2038 5887 rit
2063 5832 2179 5889 suis
2209 5833 2376 5892 sociis
2404 5834 2628 5895 :Vidcte
2651 5851 2925 5900 mortuum
2952 5848 3252 5905 terribilem
3282 5851 3376 5921 qui
3408 5852 3559 5909 viros

3082 6059 3152 6121 10
