4108 6306
577 475 644 535 (2⁸.)
656 475 676 537 1

1825 444 2102 510 LEONIS
2133 442 2588 507 PHILOSOPHI

3721 426 3836 494 292

584 591 752 640 terret
773 589 827 638 et
849 592 1028 634 rerum
1059 575 1322 646 patientes
1343 583 1566 638 Stuporc
1598 565 1862 637 percellit,
1882 560 2154 632 quomodo

2260 559 2652 632 μορμολύκεια.
2694 554 2789 621 Τίς
2829 552 3032 622 nica;
3072 553 3100 607 ὀ
3142 549 3410 622 ἀσθενὴς,
3458 549 3487 604 ό
3533 546 3830 620 ἐξόριστος,

589 680 750 730 larva:
794 685 1012 742 pueros.
1033 665 1168 732 Quis
1200 665 1312 719 haec
1367 660 1640 716 facit?llle
1685 656 2011 719 imbecillus,
2063 654 2153 709 ille

581 770 873 838 relegatus,
890 764 983 835 qui
1008 777 1115 817 non
1144 757 1305 833 habet
1322 757 1412 827 qui
1431 769 1556 810 eum
1581 749 1944 808 defendat.llli
1969 756 2149 802 autem

581 861 853 933 serpentis
881 857 1117 914 insidias
1156 853 1210 909 in
1245 868 1303 908 se
1334 851 1513 906 adhuc
1558 852 1924 908 ostentantes,
1972 841 2154 910 jusse-

576 965 704 1012 runt
731 969 853 1012 eum
877 952 985 1024 jaci
1009 954 1060 1005 in
1089 947 1376 1020 quemdam
1406 946 1582 999 locum
1613 940 1856 998 omnium
1901 935 2156 992 desertis-
2182 1009 2188 1018 Ι

575 1052 771 1106 simum
833 1066 846 1104 :
901 1046 1202 1103 scientibus
1266 1042 1409 1105 dico,
1463 1040 1793 1111 Pityuntem,
1856 1023 2160 1088 iinitimum'

574 1141 771 1198 accolis
800 1127 1167 1194 TzaunOrum.
1203 1137 1396 1191 Adhuc
1444 1145 1626 1186 autem
1674 1140 1973 1198 antequam
2021 1137 2151 1196 per-

577 1236 783 1291 veniret
829 1244 1052 1289 sanctus
1087 1233 1139 1286 in
1170 1232 1273 1285 loci
1306 1226 1654 1284 solitudinem
1716 1225 1843 1295 (hoc
1883 1221 2024 1277 enim
2055 1233 2155 1290 ego

575 1326 810 1386 narrabo
846 1322 1121 1392 paululum
1149 1316 1539 1387 intersistens),
1569 1315 1635 1370 ab
1661 1329 1726 1369 eo
1756 1327 1944 1369 rursus
1971 1311 2156 1366 viden-

585 1428 694 1483 tur,
733 1418 876 1473 sicut
905 1413 1220 1477 Antiochiae,
1254 1408 1424 1467 divini
1454 1406 1703 1480 Apostoli
1746 1421 1759 1459 :
1803 1403 1930 1474 quid
1958 1402 2148 1459 dieen-‘

577 1507 698 1578 tes?
733 1506 977 1560 Divinam
1015 1502 1248 1574 gratiam
1295 1499 1607 1560 aiierentes,
1671 1492 2068 1551 conﬁrmantes
2099 1501 2155 1548 et

589 1599 1033 1661 corroborantes,
1091 1600 1377 1664 tingentes,
1409 1587 1695 1643 laudantes
1749 1598 1873 1641 eum
1926 1589 2156 1655 prapter

579 1691 869 1759 puritatem
941 1685 1334 1750 conscientiae,
1417 1690 1693 1752 postremo
1764 1676 2155 1732 annuntiantes

576 1781 696 1853 ejus
715 1780 782 1836 ad
807 1777 974 1835 Deum
1026 1789 1336 1836 excessum,
1378 1773 1602 1841 foreque
1624 1777 1683 1824 ut
1711 1768 1776 1824 ad
1804 1781 1996 1824 eorum
2029 1779 2155 1836 per-

579 1874 783 1928 veniret
811 1871 1073 1925 honorem
1109 1877 1162 1922 et
1196 1865 1461 1936 gloriam;
1498 1862 1757 1918 Eudoxize
1811 1858 2060 1914 ftetidam
2098 1867 2156 1913 et

2257 647 2303 723 ᾧ
2346 654 2421 724 μή
2445 655 2558 706 ἐστι
2585 651 2904 723 συνήγορος.
2938 649 3002 702 Ol
3030 647 3088 701 δέ
3136 645 3200 700 τὸ
3247 642 3599 699 ἐπιϐουλεῦον
3624 641 3706 695 ἔτι
3734 639 3836 694 τοῦ

2259 747 2435 817 δφεως
2470 746 2528 800 ἐν
2556 745 2770 807 ἑαυτοῖς
2803 741 3201 812 θεατρίζοντες,
3232 738 3311 802 είς
3345 735 3522 808 χῶρόν
3563 751 3688 789 τινα
3733 750 3840 802 με·

2263 837 2608 912 ταρριφῆναι
2663 834 2852 890 τοῦτον
2916 831 3328 888 διακελεύονται
3383 828 3652 883 πάντοθεν
3703 826 3844 897 ἐρη-

2261 933 2517 1005 μότατον,
2597 929 2762 985 εἰδόσι
2823 928 2988 998 λέγω,
3061 927 3154 980 τὸν
3239 917 3542 979 Πιτυοῦντα
3607 922 3840 990 λεγόμε-

2260 1041 2373 1093 νον,
2435 1023 2546 1079 τῶν
2605 1021 2926 1096 περιχώρων
2977 1018 3198 1086 Τζάνων
3255 1016 3346 1070 τὸν
3418 1017 3638 1087 ὅμορον.
3710 1013 3842 1067 Ἔτι

2259 1114 2317 1171 δὲ
2379 1115 2486 1188 πρὸ
2544 1113 2640 1169 τοῦ
2702 1129 2766 1184 γε
2847 1111 3052 1182 φθάσαι
3118 1108 3216 1181 τὴν
3261 1105 3500 1179 ἐρημίαν
3537 1106 3630 1158 τὸν
3676 1105 3842 1172 ἅγιον

2261 1208 2439 1283 (τοῦτο
2471 1208 2578 1280 γὰρ
2613 1205 2724 1277 ἐγὼ
2778 1205 3111 1277 διηγήσομαι
3143 1201 3336 1273 μικρὸν
3370 1197 3632 1270 ἐπισχὼν)
3660 1197 3841 1251 ὀπτά-

2259 1320 2440 1359 νονται
2466 1299 2615 1372 αὑτῷ
2659 1298 2840 1364 πάλιν,
2891 1296 3144 1366 καθάπερ
3175 1297 3231 1348 ἐν
3269 1292 3593 1365 Ἀντιοχείᾳ,
3618 1294 3667 1346 oi
3699 1291 3844 1346 θεῖοι

2260 1395 2568 1451 ἀπόστολοι.
2605 1392 2670 1446 Τί
2733 1390 3016 1460 λέγοντες;
3052 1388 3165 1460 Τὴν
3225 1387 3376 1442 θείαν
3411 1385 3586 1458 χαρὰν
3638 1385 3841 1454 ἐπιφὲο
3937 1456 3940 1458 γ

2263 1505 2470 1561 ροντες,
2498 1485 2858 1558 ἐνισχύοντες,
2893 1481 3279 1551 ἐπαλείφοντες
3303 1482 3370 1552 τῇ
3401 1479 3495 1533 τοῦ
3535 1478 3844 1542 συνειδότος

2261 1580 2424 1637 αὐτὸν
2457 1579 2814 1651 καθαρότητιδ
2862 1575 2956 1630 ἐπὶ
3001 1577 3169 1630 πᾶσιν
3218 1571 3706 1645 ἀναγγελιζόμενοι
3733 1572 3844 1644 τὴν

2262 1674 2400 1747 πρὸς
2446 1673 2581 1727 Θεὸν
2628 1672 2937 1743 ἐκδημίαν,
2982 1671 3044 1725 τὸ
3099 1669 3459 1741 συντετάχθαι
3505 1670 3570 1742 τῇ
3627 1667 3844 1726 ἑαυτῶν

2261 1769 2394 1839 τιμῇ
2436 1784 2495 1820 τε
2521 1767 2613 1820 καὶ
2645 1763 2796 1836 δόξᾳ,
2831 1765 2920 1819 τὸν
2947 1763 3003 1819 δὲ
3033 1761 3134 1835 τῆς
3173 1762 3428 1828 Εὐδοξίας
3469 1760 3700 1814 ὀδωδότα
3741 1759 3847 1814 καὶ

2259 1861 2736 1932 ἀτιμονθάνατον,
2766 1860 2864 1930 τήν
2889 1859 2945 1912 δὲ
2977 1858 3083 1930 πρὸ
3103 1856 3194 1911 τοῦ
3224 1856 3453 1912 θανάτου
3480 1854 3680 1926 πολλὴν
3701 1854 3842 1924 παρ’

575 1966 831 2022 infamem
851 1970 1103 2026 mortem,
1131 1974 1364 2031 eantque
1388 1969 1513 2013 ante
1543 1967 1770 2011 mortem
1800 1968 1976 2024 ipsum
2002 1965 2143 2022 saepe

2259 1954 2430 2025 αὐτῆς
2485 1953 2830 2025 ἐπιζήτησιν,
2878 1951 3034 2006 οὐδὲν
3086 1951 3166 2004 ὅτι
3216 1949 3292 2020 μὴ
3349 1946 3841 2020 παραλιμπάνουσι

579 2073 608 2113 a
627 2072 686 2114 se
716 2052 1052 2126 requisiisse.
1080 2049 1222 2106 Nihil
1247 2049 1668 2122 praetermittunt
1696 2045 1840 2118 quod
1868 2043 2069 2100 faceret
2088 2041 2155 2096 ad

579 2165 702 2206 eum
728 2146 1055 2204 docendum.
1080 2142 1368 2201 Postremo
1404 2149 1529 2198 eum
1578 2146 1811 2210 pascunt
1846 2135 2154 2199 ambrosia,

591 2242 837 2298 dicentes
874 2255 890 2294 :
927 2236 1039 2293 liac
1073 2235 1172 2292 tibi
1210 2249 1365 2307 opem
1419 2232 1648 2296 ferente,
1679 2231 1833 2285 nullo
1865 2228 1973 2283 alio
2012 2231 2152 2298 opus

573 2333 802 2388 habebis
853 2330 1214 2386 nutrimento.
1273 2326 1451 2393 Quam
1503 2339 1628 2379 cum
1695 2321 2011 2392 accepisset,
2060 2333 2154 2373 co-

587 2425 753 2480 medit
782 2437 966 2479 coram
997 2420 1234 2482 duobus,
1275 2417 1368 2487 qui
1409 2424 1535 2472 eum
1585 2413 1816 2490 ﬁdeliter
1847 2409 2155 2482 sequeban-

589 2523 708 2571 tur.
763 2511 867 2581 Qui
898 2513 1061 2568 etiam
1109 2510 1254 2579 digni
1285 2507 1457 2563 habiti
1488 2514 1618 2562 sunt
1661 2518 1910 2560 sermone
1936 2510 1990 2556 et
2024 2512 2154 2555 cou-

580 2607 937 2679 templatione
987 2603 1080 2661 Dei
1132 2615 1462 2675 prmconum,
1497 2599 1821 2669 implerique
1867 2594 2067 2666 gaudio
2104 2599 2158 2648 et

578 2700 968 2765 exsultatione,
1012 2712 1135 2768 quae
1184 2695 1335 2751 illinc
1389 2692 1781 2762 proﬁciscitur.
1833 2688 1971 2743 Tres
2023 2696 2153 2755 ergo

581 2804 709 2866 post
761 2792 876 2854 haec
919 2805 1137 2847 menses
1192 2789 1637 2851 intercesserunt,
1695 2791 1748 2839 et
1811 2781 2153 2852 augebantur

590 2886 735 2939 mala
768 2882 973 2954 quibus
1006 2895 1130 2938 eum
1170 2879 1477 2936 adiciebant
1529 2877 1771 2942 milites;
1804 2873 1949 2944 quod
1979 2873 2154 2942 ipsum

578 2990 799 3047 quoque
835 2973 1157 3031 meditatum
1184 2969 1326 3027 etde
1357 2967 1623 3024 industrii
1650 2973 1999 3037 procuratum
2033 2963 2150 3017 fue-

583 3076 727 3123 rata
766 3063 1235 3137 persecutoribus.
1279 3060 1412 3130 Quae
1443 3068 1620 3114 autem
1664 3058 1732 3112 ab
1773 3057 1854 3112 eis
1898 3054 2156 3136 meditata

589 3161 831 3228 fuerant,
863 3158 970 3215 Deo
1006 3172 1115 3213 non
1147 3157 1515 3228 permittente,
1545 3153 1655 3209 cito
1687 3151 1991 3218 interrupta
2026 3145 2147 3203 fue-

584 3260 712 3306 runt
749 3259 806 3305 et
864 3247 1122 3304 rescissa.
1180 3245 1441 3312 Quisnam
1494 3250 1673 3297 autem
1727 3238 1970 3295 modus?
2024 3236 2153 3291 Data

2183 3302 2226 3361 (Ξ

2258 2048 2367 2105 τῶν
2398 2049 2641 2122 ὑστέρων
2669 2050 2750 2113 είς
2787 2046 3116 2114 ἀναδίδαξιν.
3144 2045 3307 2108 Τέλος
3343 2041 3621 2114 ἀμϐροσίᾳ
3648 2039 3844 2096 τοῦτον

2261 2145 2544 2212 σιτίζουσι,
2585 2145 2874 2216 φήσαντες,
2941 2140 3032 2206 Ὧς
3082 2137 3434 2211 ἐπαρκούσης
3479 2153 3563 2192 σοι
3608 2133 3838 2207 ταύτης,

2259 2240 2456 2312 ἑτέρας
2486 2238 2546 2291 οὐ
2579 2234 2816 2308 δεηθήσῃ
2850 2233 3077 2306 τροφῆς.
3119 2231 3230 2286 Καὶ
3271 2229 3473 2296 λαδὼν,
3508 2227 3703 2312 ἔφαγε,
3728 2228 3837 2282 τῶν

2259 2331 2360 2385 σὺν
2405 2327 2554 2400 αὒτῷ
2592 2327 2686 2382 δύο
2739 2325 2948 2390 πιστῶς
3003 2320 3518 2377 ἐπακολουθούντων
3578 2308 3835 2372 ἐνώπιον·

2258 2421 2308 2478 οἳ
2335 2423 2392 2479 δὲ
2437 2421 2778 2494 κατηξίωντο
2804 2407 2904 2491 τῆς
2931 2415 3150 2489 ὁμιλίας
3187 2415 3297 2470 τῶν
3330 2412 3706 2486 θεοκηρύκων,
3740 2412 3842 2466 καὶ

2258 2518 2357 2588 τῆς
2401 2514 2615 2570 ἐκεῖθεν
2667 2513 2844 2584 χαρᾶς
2894 2507 3255 2581 ἐμφορεῖσθαι
3285 2508 3379 2563 καὶ
3417 2510 3516 2579 τῆς
3568 2505 3838 2576 ἀγαλλιά-

2260 2627 2417 2674 σεως.
2447 2607 2608 2680 Τρεῖς
2649 2600 2743 2660 οὖν
2777 2604 2915 2678 μετά
2942 2600 3117 2659 ταῦτα
3141 2603 3308 2674 μῆνες
3348 2603 3406 2656 ἐν
3430 2602 3600 2673 μέσῳ,
3644 2601 3741 2656 καὶ
3766 2600 3842 2654 τὰ

2258 2703 2406 2756 δεινὰ
2453 2699 2607 2770 παρὰ.
2643 2698 2751 2754 τῶν
2783 2696 3131 2768 στρατιωτῶν
3163 2696 3494 2760 ἐπετείνετο,
3538 2695 3706 2750 πάλαι
3737 2695 3844 2764 μὲν

2259 2793 2353 2848 καὶ
2380 2792 2540 2848 τοῦτο
2575 2790 2870 2864 μελετηθὲν
2890 2789 2984 2844 καὶ
3004 2787 3394 2843 διασκευασθὲν
3415 2789 3528 2852 τοῖς
3550 2786 3838 2851 διώκταις.

2257 2885 2375 2957 Θεῷ
2419 2885 2475 2940 δὲ
2506 2886 2601 2939 καὶ
2636 2885 2707 2939 τὰ
2731 2885 2830 2956 τῆς
2885 2882 3115 2955 μελέτης
3178 2882 3254 2953 μὴ
3299 2878 3723 2952 συγχωρούμενα
3758 2880 3842 2933 δι-

2256 2979 2462 3033 εσπᾶτο
2495 2978 2689 3033 θᾶττον
2739 2977 2833 3032 καὶ
2877 2975 3230 3030 ἀνεκόπτετο.
3287 2975 3382 3036 Τίς
3432 2973 3492 3028 δὲ
3537 2975 3566 3027 ὁ
3593 2972 3830 3044 τρόποςς

2257 3070 2482 3127 διδόσθω
2514 3071 2609 3125 καὶ
2635 3069 2796 3123 τοῦτο
2829 3066 3223 3139 κορυφουμένῳ
3253 3064 3490 3137 θαύματι
3528 3065 3834 3120 τελευταῖον

2257 3167 2524 3237 διήγημα.
2569 3161 2736 3218 Οὔπω
2790 3164 2856 3234 τῇ
2898 3160 3128 3235 Κομάνῃ
3176 3159 3546 3232 προσήγγιζον
3598 3160 3648 3213 οί
3697 3158 3831 3229 περὶ

2260 3259 2351 3314 τὸν
2383 3259 2560 3329 ἅγιον,
2595 3258 2692 3312 καὶ
2748 3257 2859 3312 ἰδοὺ
2915 3254 3063 3327 αύτῷ
3112 3256 3304 3319 νυκτὸς
3358 3254 3683 3317 Βασιλίσκος
3734 3255 3832 3308 καὶ

583 3344 726 3400 enim
767 3343 848 3398 sic
905 3343 1020 3396 haec
1055 3353 1276 3410 quoque
1329 3343 1602 3408 postrema
1651 3332 1892 3386 narratio
1941 3346 2154 3387 summo

2262 3360 2560 3422 Aouxrav’z;
2587 3359 2637 3412 οἱ
2665 3358 2942 3429 μάρτυρες
2971 3353 3273 3425 φαίνονται,
3308 3351 3530 3425 Θάρσει,
3556 3353 3836 3422 λέγοντες,

593 3437 878 3492 miraculo.
903 3432 1152 3489 Nondum
1174 3429 1472 3485 Comanam
1514 3428 1989 3498 appropinquant
2025 3413 2155 3480 san-

586 3541 729 3592 rtus,
764 3540 891 3585 ecce
917 3539 1098 3582 autem
1168 3530 1335 3596 noctu
1362 3517 1411 3576 ei
1444 3526 1708 3592 apparent
1755 3517 2053 3574 Basiliscus
2097 3523 2152 3572 et

588 3620 860 3677 Lucianus
905 3626 1202 3688 martyres,
1251 3611 1500 3668 dicentes
1540 3609 1734 3666 :Bono
1785 3621 1906 3665 esto
1949 3607 2173 3680 animo,

582 3727 634 3771 et
675 3709 872 3785 gaudio
899 3708 1112 3766 exsulta
1154 3703 1435 3766 ineil'abili,
1472 3703 1641 3757 frater
1691 3699 1952 3755 Joannes.
2003 3698 2141 3753 Cras

583 3810 728 3862 enim
762 3804 924 3862 sitnul
975 3798 1203 3857 erimus.
1246 3796 1362 3849 Hoc
1409 3794 1588 3864 ipsum
1637 3806 1855 3863 quoque
1899 3790 2157 3845 dixerunt

584 3902 670 3953 sui
701 3895 887 3967 templi
920 3894 1262 3965 presbytero,
1305 3898 1363 3942 ιιι
1395 3902 1456 3942 se
1505 3893 1724 3956 pararet
1774 3884 1838 3938 ad
1875 3883 2021 3952 justa
2071 3880 2151 3936 fa-

583 3993 773 4047 cienda
799 4001 854 4046 et
875 3989 1088 4044 dubitas
1119 3983 1422 4054 exsequias
1447 3979 1641 4034 divino
1682 3976 1948 4050 pontiﬁci.
1998 3973 2157 4030 Venit

580 4100 712 4158 ergo
763 4084 828 4139 ad
893 4084 1068 4136 locum
1123 4078 1283 4132 divus
1353 4071 1639 4146 pontifex;
1687 4070 1880 4142 quaerit
1953 4078 2156 4124 vestem

587 4177 950 4250 splendidam,
983 4187 1103 4244 qua:
1130 4171 1362 4242 tempori
1409 4176 1464 4223 et
1511 4165 1760 4238 dignitati
1818 4162 2154 4218 conveniat:

588 4277 759 4326 mutat
785 4279 962 4324 autem
993 4283 1056 4323 ea
1083 4279 1205 4336 qua:
1250 4262 1518 4333 gestabat,
1554 4260 1717 4315 etilla
1767 4255 2047 4312 distribuit
2087 4255 2155 4310 iis

592 4366 956 4436 quiaderant.
1001 4357 1204 4413 Deinde
1245 4370 1462 4412 sacrum
1517 4353 1758 4408 celebrat
1818 4349 2139 4421 mysterium

587 4456 957 4514 communicat
1015 4457 1366 4508 sacramento
1420 4447 1629 4520 gratiae,
1686 4444 1865 4499 fundit
1931 4443 2152 4498 ultimas

588 4561 799 4618 preces.
825 4542 1029 4599 Deinde
1052 4540 1193 4596 cum
1223 4540 1288 4595 de
1331 4553 1483 4595 more
1511 4537 1732 4593 dixisset
1755 4536 1844 4590 hic
1887 4536 2026 4589 inter
2062 4549 2158 4602 pa-

2258 3456 2434 3527 χαρᾶς
2484 3452 2838 3523 ἀνεκλαλήτῳ
2888 3449 3291 3522 ἀγαλλιάματι,
3331 3448 3527 3520 ἀδελφέ
3584 3447 3832 3519 Ἰωάννη.

2257 3549 2455 3623 Αῠριον
2480 3549 2589 3619 γὰρ
2627 3548 2744 3618 ἃμα
2776 3545 3035 3618 ἐσόμεθα.
3071 3545 3145 3599 Τὸ
3187 3544 3243 3599 δέ
3276 3542 3406 3598 αὐτὸ
3434 3544 3530 3598 καὶ
3585 3542 3665 3616 τῷ
3696 3559 3837 3614 πρε-

2261 3646 2509 3717 σϐυτέρῳ
2552 3644 2814 3715 προεῖπον
2839 3637 2934 3696 τοῦ
2979 3635 3189 3694 ἑαυτῶν
3231 3635 3654 3709 τεμενίσματος,
3690 3635 3839 3691 ἐτοι-

2262 3739 2663 3812 μασθησομὲνῳ
2711 3735 2847 3806 πρὸς
2905 3735 3084 3788 πᾶσαν
3157 3731 3256 3801 τὴν
3319 3727 3664 3800 λειτουργίαν
3729 3728 3836 3798 τῆς

2260 3830 2646 3906 προσηκούσης
2681 3827 2834 3893 ὁσίας
2865 3826 2944 3901 τῷ
2973 3824 3102 3896 θείῳ
3135 3824 3401 3897 ἀρχιερεῖ.
3424 3819 3622 3877 Φθόινει
3647 3819 3834 3876 τοίνυν

2257 3928 2349 3981 τὸν
2381 3925 2544 3978 τόπον
2565 3925 2593 3978 ὁ
2619 3923 2762 3987 θεῖος
2796 3917 3105 3993 ἀρχιερεύς·
3133 3916 3384 3988 ἐπιζητεί
3419 3915 3497 3987 τῷ
3526 3915 3702 3986 καιρῷ
3736 3917 3854 3968 καὶ.

2258 4023 2324 4093 τῇ
2360 4019 2488 4092 ἀξίᾳ
2515 4017 2616 4090 τήν
2671 4014 2902 4080 ἐπαξίαν
2954 4011 3149 4084 στολήν
3191 4010 3283 4064 καὶ
3331 4009 3630 4083 λαμπράνο
3669 4007 3836 4074 ἐξαλο

2258 4111 2448 4167 λάσσει
2477 4128 2537 4165 τε
2565 4110 2630 4164 τὰ
2659 4106 2994 4180 φορούμενα,
3026 4104 3094 4158 τὰ
3121 4103 3179 4158 δὲ
3207 4104 3317 4167 τοῖς
3360 4101 3595 4174 παροῦσι
3632 4101 3831 4172 διαμε-

2261 4204 2420 4278 ρίζει.
2459 4197 2595 4257 Εἶτα
2622 4198 3089 4272 μυσταγωγεῖται,
3123 4194 3373 4248 κοινωνεῖ
3401 4191 3496 4245 τοῦ
3529 4190 3833 4259 μυστηρίου

2258 4299 2356 4371 τῆς
2386 4297 2629 4369 χάριτος,
2665 4295 2898 4347 ποιεῖται
2926 4291 3024 4362 τὴν
3046 4287 3364 4342 τελευταίαν
3392 4284 3579 4359 εὐχήν.
3601 4282 3838 4338 Ἔπειτα

2258 4394 2320 4449 τὸ
2373 4390 2434 4456 ἐξ
2464 4389 2619 4454 ἔθους
2647 4385 2818 4443 εἰπὼν
2846 4387 2873 4439 ό
2909 4384 3211 4455 θαυμάσιος
3256 4373 3412 4444 οὗτος
3441 4381 3497 4432 ἐν
3561 4377 3841 4450 πατριάρ-

2259 4503 2404 4558 χαις,
2437 4479 2535 4538 καὶ
2585 4483 2758 4555 μέγας
2787 4479 2956 4542 ὅντως
2979 4475 3362 4546 Χρυσόστομος
3389 4489 3402 4503 ·
3429 4471 3566 4540 Δόξα
3601 4471 3679 4540 τῷ
3706 4468 3835 4540 Θεῷ

2262 4579 2478 4632 πάντων
2505 4575 2710 4639 ἕνεκεν,
2744 4569 3283 4641 ἐπισφραγισάμενος
3314 4562 3492 4633 ἐαυτῷ
3532 4563 3594 4616 τδ
3635 4561 3830 4633 Ἀμὴν,

587 4641 858 4695 triarchas
884 4637 1103 4693 divinus
1125 4645 1180 4690 et
1208 4648 1394 4689 revera
1422 4648 1648 4702 magnus
1681 4630 2108 4702 Chrysostomus
2138 4644 2154 4681 :-

2263 4630 2356 4728 καὶ
2389 4630 2722 4733 ἀνακλιθεὶς,
2756 4630 3138 4721 ἀναπέπαυται
3186 4661 3249 4731 τῇ
3294 4630 3836 4730 τεσσαρακαιδεκάτῃ

2111 4719 2122 4730 ι
2189 4707 2227 4719 ν
2263 4707 2356 4728 Λυιι
2389 4707 2722 4733 μνωΙ-ηδνῠὶὶθ
2756 4707 3137 4721 *σκιασυσ-υ-ν--ν
3196 4707 3249 4731 νυ
3307 4707 3816 4730 --ννν-Ι......ε...η,.ε⁵

588 4735 773 4790 Gloria
809 4729 918 4786 Deo
952 4740 1178 4800 pr0pter
1207 4726 1413 4791 omnia,
1464 4733 1519 4781 et
1565 4723 1711 4778 facto
1762 4725 1931 4794 signo
1975 4723 2157 4776 crucis

586 4828 977 4898 snhjumisset,
1014 4824 1228 4888 Amen;
1257 4831 1310 4878 et
1340 4821 1702 4884 recubuisset,
1752 4817 2018 4887 requievit
2063 4815 2159 4870 de-

585 4925 729 4978 eitno
790 4929 989 4991 quarto
1043 4917 1250 4972 mensis
1288 4912 1654 4985 Septembris.
1710 4909 1930 4965 Licebat
1976 4917 2157 4963 autem

586 4998 770 5080 videre
794 5022 913 5085 post
948 5012 1081 5076 haec,
1119 5020 1376 5079 tamptam
1399 5006 1556 5077 signo
1589 5005 1739 5069 dato,
1765 5010 2157 5059 concurrentes

581 5125 646 5164 es
691 5109 872 5175 Syria,
901 5103 1116 5168 Cilicia,
1169 5100 1345 5156 Ponto
1374 5107 1429 5153 ct
1479 5097 1738 5152 Armenia
1787 5110 1950 5150 omne
1985 5108 2157 5164 genus

583 5205 870 5258 hominum
928 5205 982 5257 et
1028 5212 1251 5254 omnem
1300 5201 1539 5261 aetatem,
1595 5198 1817 5263 propter
1867 5188 2156 5242 utilitatem

583 5311 936 5355 communem
976 5301 1029 5351 et
1070 5294 1303 5348 salutem
1343 5309 1357 5346 :
1399 5295 1453 5344 et
1480 5286 1560 5344 sic
1599 5285 1889 5356 deponitur
1929 5281 2158 5352 patien-

585 5394 861 5448 lissimunt
895 5399 950 5446 et
984 5385 1398 5444 sanctissimum
1441 5381 1574 5436 illud
1617 5393 1820 5448 corpus
1861 5391 1981 5430 t-um
2018 5388 2155 5428 mar-

579 5499 759 5560 tyrutn
796 5485 887 5558 qui
933 5482 1048 5543 illic
1086 5489 1238 5537 sunt.
1277 5476 1604 5549 corporibus
1648 5490 1660 5527 :
1705 5471 2022 5527 beatissima
2052 5482 2148 5521 au-

579 5590 687 5637 tem
743 5587 797 5634 et
840 5575 1182 5633 divinissima
1241 5571 1422 5625 anima
1478 5566 1750 5636 excipitur
1803 5561 2144 5617 intemeratis

579 5674 828 5730 manibus
858 5667 1184 5725 immortalis
1213 5664 1455 5719 omnium
1492 5659 1674 5730 Regis,
1713 5656 1924 5711 Domini
1956 5663 2011 5709 et
2052 5654 2146 5707 Dei

574 5767 749 5824 nostri
779 5773 831 5820 et
865 5761 1168 5817 Salvatoris
1193 5758 1320 5819 Jcsn
1365 5754 1589 5816 Christi,
1635 5766 1793 5821 quem
1820 5763 1943 5804 cum
1987 5746 2150 5802 Patre

569 5872 618 5916 et
651 5867 844 5917 sancto
881 5854 1085 5928 Spiritu
1138 5854 1294 5909 decet
1331 5849 1513 5907 omnis
1552 5845 1742 5917 gloria,
1796 5843 1991 5906 honor,
2053 5854 2151 5909 po-

574 5956 768 6020 tentia,
809 5953 1065 6018 majestas
1107 5957 1159 6004 ct
1201 5943 1627 6018 magniﬁcentia,
1671 5953 1815 5993 nunc
1856 5945 1905 5991 ct
1952 5936 2005 5989 in
2048 5949 2146 5988 sae-

571 6051 689 6104 cula
727 6050 1072 6101 Stccttlurum.
1114 6045 1304 6097 Amen.

2259 4767 2354 4822 τοῦ
2388 4762 2765 4836 Σεπτεμϐρίου
2799 4758 2989 4833 μηνός.
3026 4753 3137 4812 Ἦν
3166 4749 3259 4808 οὖν
3310 4751 3439 4805 ἰδεῖν
3481 4749 3616 4822 μετά
3656 4748 3837 4803 ταῦτα

2263 4857 2617 4930 συρρέοντας,
2654 4854 2841 4925 ὥσπερ
2877 4849 2986 4904 ἀπὸ
3015 4847 3378 4917 συνθήματος,
3416 4844 3478 4896 ἐκ
3519 4859 3578 4896 τε
3609 4839 3833 4913 Συρίας,

2258 4953 2532 5018 Κιλικίας,
2566 4952 2768 5005 Πόντου
2803 4949 2897 5001 καὶ
2943 4943 3255 5017 Ἀρμενίας,
3285 4941 3392 4993 πᾶν
3429 4938 3582 5006 γένος
3613 4932 3832 5006 ἀνθρώ-

2261 5063 2400 5114 πων,
2442 5046 2623 5098 πᾶσαν
2657 5041 2893 5112 ἠλικίαν,
2934 5037 3034 5108 τῆς
3085 5033 3275 5103 κοινῆς
3326 5031 3512 5086 ἕνεκεν
3559 5025 3833 5097 ὠφελείας

2259 5141 2352 5194 καὶ
2386 5135 2681 5208 σωτηρίας.
2715 5136 2826 5189 Καὶ
2851 5132 2992 5186 οὓτω
3030 5125 3447 5184 συναποτίθεται
3480 5123 3577 5194 μὲν
3606 5119 3666 5174 τὸ
3695 5135 3832 5190 καρ⁸

2258 5232 2623 5306 τερικὼτατον
2657 5228 2832 5283 ἐκεῖνο
2867 5227 2959 5280 καὶ
2989 5224 3144 5293 ἅγιον
3192 5221 3349 5291 σῶμα
3383 5220 3498 5282 τοῖς
3525 5215 3635 5271 τῶν
3683 5230 3831 5284 μαρ-

2257 5329 2440 5400 τύρων
2472 5323 2706 5383 ἐνταῦθα
2738 5322 3012 5393 σώμασιν·
3055 5320 3090 5390 ή
3122 5316 3177 5371 δὲ
3209 5312 3456 5386 μακαρία
3479 5311 3573 5365 καὶ
3594 5306 3830 5363 θεοειδεσ

2257 5399 2426 5494 στάτη
2469 5421 2614 5492 ψυχὴ
2669 5419 2788 5480 ταῖς
2839 5413 3129 5487 ἀκράντοις
3180 5409 3338 5482 χερσὶ
3406 5399 3519 5459 τοῦ
3555 5401 3829 5459 ἀθανάτου

2255 5517 2474 5572 πάντων
2501 5513 2793 5576 Βασιλέως,
2819 5509 2912 5562 τοῦ
2943 5504 3147 5576 Κυρίου
3176 5503 3271 5557 καὶ
3299 5499 3435 5555 Θεοῦ
3457 5501 3549 5556 καὶ
3577 5495 3830 5568 Σωτῆρος

2255 5611 2411 5683 ήμῶν
2460 5607 2636 5680 Ἰησοῦ
2687 5602 2946 5679 Χριστοῦ·
2985 5599 3101 5674 μεθ’
3135 5592 3195 5653 οὗ
3253 5595 3330 5666 τῷ
3364 5593 3562 5662 Πατρὶ,
3605 5591 3722 5663 ἅμα
3747 5588 3833 5662 τῷ

2256 5703 2396 5775 ἀγίῳ
2424 5700 2721 5772 Πνεύματι,
2765 5696 2889 5764 δόξα
2918 5694 3139 5769 πρέπει,
3171 5690 3305 5761 τιμὴ
3338 5688 3428 5743 καὶ
3460 5686 3686 5757 κράτος,
3733 5699 3829 5754 μεο

2258 5795 2549 5868 γαλωσύνη
2582 5812 2641 5848 τε
2671 5792 2768 5848 καὶ
2809 5789 3259 5863 μεγαλοπρέπεια
3280 5824 3296 5852 ,
3338 5784 3418 5845 είς
3464 5781 3589 5844 τοὺς
3624 5776 3827 5840 αἰῶνας

2260 5890 2368 5946 τῶν
2400 5888 2630 5944 αἰώνων.
2680 5886 2873 5957 Ἀμήν.
