4058 6294
437 379 540 441 293

3590 364 3609 409 ί

1118 383 1400 448 omne
1429 388 1587 449 XIX.
1622 410 1689 423 -
1728 380 2221 449 HORTATORIA
2256 386 2356 448 AD
2392 382 2648 447 omnes
2672 358 3021 445 ‘FIDELES.
3590 364 3709 454 29i-

1823 516 2101 582 ORATIO
2126 522 2245 579 xnt
2272 523 2369 595 (l).

437 636 646 705 Leonis,
686 637 742 692 in
783 636 993 697 Christo
1039 643 1356 718 sempiterno
1382 640 1555 718 Rege
1585 638 2152 718 imperator-istorum
2193 637 2277 718 vel
2314 636 2538 718 epistola
2568 635 2894 718 permetior:
2941 632 3223 718 catholica,
3255 633 3328 685 ad
3357 644 3692 704 quoscunque

1005 704 1241 768 uidelicet
1263 711 1464 770 Christi
1478 704 1904 782 ﬁdeles'scripta,
1930 704 2241 765 Vltortatoria
2269 708 2338 763 ad
2367 706 2493 763 bene
2520 716 2798 778 sancteque
2829 704 3122 761 vivendum.

1533 829 1762 892 (Banomt
1794 824 1972 880 Annal.
2083 839 2264 878 annum
2283 825 2398 883 912.
2418 838 2471 876 n.
2490 822 2578 887 γ.)

502 930 831 990 Benedictus
867 932 1012 992 Deus
1041 932 1225 1001 Pater,
1260 936 1360 1007 qui
1387 952 1487 1009 per
1512 935 1773 993 dilectum
1811 935 2009 992 Filium
2028 908 2089 998 ΔΑ
2115 934 2339 1003 faceret,
2372 935 2468 993 sed
2505 948 2627 1006 qum
2663 933 2996 1006 sempiterno
3027 940 3275 1004 tempore
3310 942 3545 989 mortem
3582 947 3714 997 una.

431 1040 591 1082 suum
626 1024 917 1083 Dominum
939 1035 1189 1084 nostrum
1216 1026 1400 1086 Jesum
1423 1027 1706 1084 Christum
1756 1027 2011 1085 liberavit

432 1134 532 1175 nos
565 1136 597 1176 a
636 1118 843 1175 diaboli
882 1122 1172 1186 servitute,
1207 1129 1261 1178 et
1300 1122 1358 1177 in
1390 1124 1643 1194 portione
1684 1132 2009 1181 sanctorum

431 1228 655 1269 suorum
686 1229 787 1270 nos
816 1214 1274 1281 c'olloeavit,cum
1311 1217 1451 1273 ﬁlios
1492 1224 1547 1274 et
1584 1218 1832 1276 heredes
1865 1219 2009 1289 invi-

376 1298 379 1301 i
430 1307 607 1363 sibilis
625 1307 811 1379 gloriae.
838 1321 952 1363 suae
980 1323 1084 1364 nos
1121 1309 1491 1376 constituerit,
1518 1319 1571 1366 et
1601 1324 1632 1365 a
1664 1301 2010 1383 turpitudine

428 1398 748 1470 passionum
771 1414 872 1457 nos
890 1401 1285 1472 segregaverit,
1306 1408 1362 1458 et
1397 1400 1663 1475 integram
1695 1404 1856 1461 nobis
1887 1407 2006 1461 eam

431 1494 891 1564 pulchritudinem
933 1497 1343 1564 instauraverit,
1387 1499 1440 1554 in
1476 1516 1583 1572 qua
1624 1488 1781 1557 initio
1837 1501 2005 1559 creati

428 1587 652 1647 fuimus.
684 1587 769 1642 vel
810 1589 994 1659 potius
1030 1604 1092 1643 ea
1130 1590 1287 1661 longe
1323 1592 1605 1649 meliorem
1646 1593 1807 1650 nobis
1836 1593 2006 1667 largi-

429 1691 518 1739 tus
563 1696 708 1737 nunc
756 1681 941 1738 fuerit.
994 1683 1111 1740 Non
1160 1685 1329 1755 enim,
1380 1686 1836 1758 quemadmodum
1877 1696 2007 1747 tunc

425 1774 710 1845 temporis,
744 1776 921 1832 malus
961 1776 1048 1832 ille
1073 1776 1310 1843 darmon,
1353 1778 1446 1850 qui
1488 1787 1691 1836 terram
1727 1781 2003 1847 comedit,

426 1866 501 1921 ita
527 1881 678 1922 nunc
712 1866 880 1923 libere
905 1877 1085 1938 potest
1114 1870 1180 1925 ad
1215 1886 1317 1928 nos
1350 1872 1651 1940 accedere,
1700 1876 2003 1945 praesertim

425 1974 551 2014 cum
580 1974 687 2015 non
714 1958 886 2015 valeat
910 1960 1224 2020 lixisoculis
1250 1964 1450 2021 intueri
1476 1980 1667 2021 eorum
1688 1966 1881 2023 faciem
1909 1968 2003 2040 qui

427 2049 628 2104 t-mlum
675 2047 854 2121 ipsum
885 2066 984 2121 pro
1019 2070 1116 2109 sua
1153 2056 1329 2127 patria
1374 2066 1503 2113 sunt
1536 2059 1799 2114 assecuti.
1833 2058 2004 2116 Bene-

422 2142 628 2207 dictus,
669 2142 915 2219 iuquam,
965 2146 1125 2201 etiam
1157 2147 1300 2204 Deus
1326 2146 1518 2215 Filius,
1548 2150 1642 2220 qui
1682 2152 2003 2210 novissimis

420 2232 616 2291 diebus
635 2234 685 2290 in
707 2235 1121 2296 similitudinem
1144 2240 1427 2297 hominum
1456 2241 1633 2299 factus
1654 2260 1721 2300 ex
1750 2245 2000 2313 muliere,

420 2339 476 2383 et
530 2331 585 2383 in
637 2336 884 2400 tempore
917 2347 1041 2388 cum
1093 2337 1411 2407 apparuerit
1453 2337 1546 2394 ille
1587 2338 1679 2410 qui
1724 2355 1829 2394 una
1871 2356 1996 2397 cum

425 2419 586 2477 Patre
615 2424 834 2479 creavit
870 2427 1095 2495 satcula,
1129 2439 1187 2484 ut
1216 2428 1651 2487 eacodaemonem
1698 2432 1874 2503 ipsum
1901 2433 1997 2490 de-

417 2520 748 2572 structorem
786 2518 933 2575 vasis
982 2520 1188 2589 ﬁctilis,
1221 2531 1431 2579 natura:
1477 2525 1687 2581 scilicet
1721 2526 1995 2593 humanae,

420 2606 472 2660 in
498 2606 663 2663 simili
710 2608 880 2682 figura
917 2626 1227 2683 apparens,
1265 2624 1593 2686 contereret,
1625 2627 1678 2675 et
1722 2620 1995 2678 hominem

415 2694 530 2767 jam
563 2698 837 2769 perditura
874 2701 927 2757 in
963 2717 1165 2759 novum
1210 2705 1485 2762 hominem
1514 2715 1569 2763 et
1602 2708 1997 2781 incorruptibi-

419 2788 523 2843 lcm
576 2791 925 2860 rcformaret,
957 2808 1010 2851 et
1057 2812 1152 2868 per
1188 2808 1416 2855 mortem
1468 2815 1624 2857 suam
1676 2813 1995 2875 perpetuam

422 2881 569 2938 illam
597 2886 790 2943 mortis
818 2886 1187 2946 incursionem
1222 2901 1274 2947 et
1323 2892 1609 2963 imperium
1648 2894 1899 2963 sisteret,
1931 2912 1996 2953 ac

421 2976 472 3032 in
514 2979 782 3051 sanguine
827 2984 1139 3039 testamenti
1188 2985 1274 3041 sui
1322 2984 1591 3042 {irnmtam
1633 3003 1822 3061 pacem
1856 2993 1996 3048 seri-

416 3069 590 3137 heret,
621 3081 675 3128 ct
704 3076 1056 3132 concordiam
1111 3077 1171 3133 in
1220 3077 1362 3133 caelo
1391 3088 1444 3135 et
1466 3079 1521 3134 iu
1559 3087 1701 3135 terra
1734 3081 1992 3152 firmaret,

416 3175 697 3238 assumpta
731 3168 981 3225 videlicet
999 3180 1187 3225 nostra
1213 3170 1446 3227 humana
1467 3181 1664 3229 natura
1698 3174 1753 3230 in
1788 3184 1990 3233 sortem

415 3260 569 3329 regni
591 3260 697 3327 sui,
716 3260 831 3333 qui,
852 3261 980 3316 dum
1000 3262 1103 3318 sibi
1136 3264 1318 3320 carnis
1348 3265 1757 3322 tabernaculum
1789 3268 1994 3324 forma-

414 3351 513 3417 vit,
550 3367 652 3408 nos
678 3368 743 3409 ex
774 3354 1117 3425 corruptibili
1165 3358 1520 3413 tabernaculo
1563 3360 1629 3415 ad
1669 3359 1995 3435 incorrupti-

414 3442 575 3498 hilem
625 3448 963 3502 mansionem
1019 3447 1072 3502 iu
1120 3448 1277 3505 coelis
1335 3452 1787 3520 transformavit,
1839 3462 1894 3511 et
1934 3456 1991 3511 in

413 3536 600 3591 divino
629 3537 832 3593 lumine
865 3537 1121 3595 ﬁduciam
1154 3539 1300 3596 illam
1336 3544 1499 3601 nobis
1530 3545 1793 3610 restituit,
1822 3562 1989 3618 quam

2112 1044 2238 1093 cum
2275 1030 2542 1086 servitute
2596 1028 2964 1093 conculcaret.
3007 1025 3123 1082 Hoc
3156 1027 3301 1084 enim
3326 1036 3445 1084 erat
3488 1038 3691 1084 nostra:

2110 1105 2392 1180 servitutis
2450 1124 2776 1189 obsonium,
2830 1130 2884 1178 et
2924 1122 3041 1176 ltac‘
3065 1120 3135 1177 de
3187 1134 3355 1177 causa
3405 1135 3469 1175 eo
3517 1122 3690 1191 magis

2111 1224 2353 1297 nostram
2381 1215 2687 1272 libertatem
2708 1212 3154 1277 tueridebemus,
3185 1226 3247 1268 ea
3282 1211 3337 1266 in
3368 1211 3712 1266 memoriam

2083 1295 2453 1372 "revocantes,
2480 1319 2624 1377 quae,
2656 1303 2784 1359 dum
2808 1301 2953 1359 servi
2970 1316 3243 1369 essemus,
3266 1300 3418 1372 passi
3442 1312 3636 1357 sumus
3668 1316 3684 1366 ;

2110 1398 2244 1455 illud
2290 1398 2567 1471 praecipue
2597 1396 2949 1460 meditantes,
2996 1393 3257 1464 quidnam
3294 1393 3366 1449 sit
3406 1392 3553 1477 quod
3588 1406 3687 1463 pro

2109 1492 2268 1551 nobis
2290 1492 2477 1548 datum
2499 1499 2583 1548 est
2607 1491 2842 1563 pretium
2871 1505 2888 1557 ;
2920 1504 3029 1544 non
3056 1500 3252 1543 aurum
3277 1483 3551 1551 videlicet,
3576 1498 3686 1539 non

2108 1597 2423 1659 argentum,
2473 1586 2568 1643 sed
2601 1585 2786 1641 dilecti
2827 1582 2949 1640 Filii
2994 1579 3089 1639 Dei
3121 1581 3395 1652 pretiosus
3432 1577 3680 1652 sanguis.

2110 1697 2270 1753 quem
2295 1679 2455 1736 Pater
2488 1680 2606 1751 ipse
2635 1677 2775 1733 Deus
2800 1691 2902 1747 pro
2929 1675 3089 1732 nobis
3118 1674 3343 1731 tradidit
3376 1673 3562 1741 morti,
3583 1688 3685 1728 nec

2108 1774 2187 1831 illi
2219 1773 2462 1845 pepercit
2494 1779 2719 1844 propter
2754 1783 3006 1843 magnam
3045 1767 3372 1824 cbaritatem
3419 1780 3529 1838 qua
3582 1778 3684 1821 nos

2107 1848 2320 1922 dilexit.
2363 1864 2440 1922 Ne
2470 1865 2654 1936 itaque
2674 1865 2810 1919 tanti
2838 1863 2962 1920 doni
3003 1860 3510 1927 immmensitatem,
3535 1860 3682 1930 quod

2109 1959 2265 2016 nobis
2286 1958 2514 2029 largitus
2553 1965 2639 2014 est
2671 1957 2839 2023 Deus,
2869 1964 3312 2015 contemnamus.
3346 1968 3448 2008 nos
3483 1952 3680 2008 iterum

2108 2066 2299 2108 servos
2341 2060 2646 2107 statuentes
2689 2068 2702 2104 :
2752 2064 2861 2104 non
2892 2050 3040 2104 enim
3094 2046 3330 2118 amplius
3376 2045 3681 2101 libertatem

2109 2143 2420 2215 huiusmodi
2455 2144 2653 2199 iterum
2685 2156 3067 2212 assequemur,
3106 2154 3230 2196 cum
3251 2139 3421 2195 semel
3444 2138 3681 2194 dilectus

2109 2234 2200 2291 Dei
2229 2234 2406 2292 Filius
2441 2236 2725 2307 proprium
2768 2232 3097 2305 sanguinem
3144 2230 3370 2296 fuderit,
3402 2238 3461 2285 ut
3510 2245 3611 2288 nos
3648 2248 3679 2286 a

2033 2303 2076 2360 Β
2106 2328 2346 2401 peccatis
2374 2303 2531 2384 liberi
2548 2303 2777 2399 ﬁjustilia
2824 2303 3163 2398 repleamur.

2170 2420 2383 2495 Repleti
2418 2422 2589 2493 igitur
2613 2421 2909 2479 sanctitate
2939 2420 3113 2486 illius,
3146 2422 3240 2493 qui
3264 2422 3448 2478 omnia
3481 2421 3677 2494 replet,

2102 2516 2423 2573 thesaurum
2477 2525 2730 2572 nostrqu
2780 2514 2943 2571 nobis
2981 2515 3233 2587 largitum
3283 2517 3553 2587 integrum
3579 2530 3677 2571 cu-

2100 2610 2429 2676 stodiamus,
2459 2624 2557 2665 nec
2587 2609 2739 2665 illum
2770 2608 2929 2665 nobis
2948 2623 2977 2662 a
2998 2624 3274 2680 quoquam
3305 2610 3516 2681 subripi
3548 2625 3679 2679 pere

2102 2706 2405 2772 mittamus,
2431 2718 2538 2760 non
2557 2703 2703 2759 enim
2726 2703 2965 2773 amplius
2987 2705 3090 2759 erit
3108 2704 3478 2760 excusationis
3498 2706 3673 2760 locus.

2100 2797 2255 2853 Tunc
2314 2797 2553 2865 etenim,
2625 2797 2751 2852 licet
2797 2797 3002 2867 absque
3072 2796 3180 2852 ulla
3237 2799 3495 2864 utilitate,
3575 2800 3679 2856 fuit

2101 2899 2281 2945 tamen
2329 2891 2518 2946 relicta
2571 2890 2752 2963 aliqua
2797 2892 3125 2947 excusatio:
3182 2908 3330 2949 nunc
3364 2910 3493 2950 vero
3524 2912 3677 2968 quae-

2100 2999 2224 3039 nam
2255 2999 2379 3041 esse
2415 2985 2637 3055 poterit,
2657 2999 2781 3040 cum
2814 2985 2963 3039 nulla
2988 2986 3058 3041 sit
3088 2985 3319 3043 daamoni
3349 2987 3579 3045 facultas
3605 2993 3674 3046 ad

2100 3093 2200 3134 nos
2248 3078 2567 3146 accedendi,
2621 3076 2715 3134 sed
2751 3078 2935 3148 potius
2992 3078 3084 3135 ille
3132 3095 3231 3136 nos
3283 3081 3476 3153 fugiat,
3528 3090 3589 3139 ut
3644 3100 3676 3139 a

2096 3179 2399 3243 conspectu
2424 3171 2588 3243 ignis,
2613 3181 2665 3227 et
2694 3171 2739 3228 si
2770 3172 2847 3226 illi
2875 3171 3090 3227 obviam
3120 3174 3460 3241 steterimus,
3500 3174 3675 3249 fugiet

2098 3282 2199 3323 nos
2231 3264 2419 3338 procul
2464 3264 2680 3332 dubio;
2726 3264 2813 3322 sin
2854 3274 3035 3322 autem
3085 3268 3411 3335 accesserit,
3460 3272 3677 3327 eveniet

2099 3368 2155 3415 ut
2185 3358 2542 3415 conculcetur
2563 3359 2667 3414 sub
2698 3357 2929 3429 pedibus
2960 3360 3170 3415 nostris
3204 3370 3465 3433 tanquam
3502 3363 3549 3420 is
3576 3368 3670 3440 qui

2098 3450 2344 3523 rapinam
2382 3458 2466 3507 est
2506 3458 2769 3521 operatus
2800 3450 2823 3505 i
2858 3451 3208 3508 Conﬁdentes
3244 3453 3345 3509 hac
3376 3454 3443 3510 de
3473 3470 3668 3524 causa,

2097 3558 2207 3598 non
2244 3542 2407 3599 nobis
2446 3542 2581 3614 ipsis
2606 3583 2620 3610 ,
2683 3541 2794 3597 imo
2831 3541 2907 3597 illi
2939 3542 3124 3614 potius
3158 3544 3250 3613 qui
3300 3544 3478 3615 ipsum
3508 3548 3672 3604 nobis

412 3629 752 3702 perdidimus
785 3632 935 3688 illius
970 3632 1161 3701 livore,
1195 3636 1289 3707 qui
1321 3636 1376 3691 in
1421 3638 1625 3695 lumine
1669 3655 1990 3711 permanere
2017 3657 2059 3715 ο
2095 3635 2530 3692 couculcandum
2564 3633 2805 3691 reddidit
2830 3636 3070 3705 potentia
3100 3636 3495 3706 magnitudinis
3530 3654 3665 3705 suae,

412 3726 605 3791 noluit,
629 3726 893 3799 principis
914 3728 1264 3785 tenebrarum
1293 3746 1307 3796 ;
1340 3730 1391 3786 in
1414 3746 1523 3803 quo
1542 3733 1707 3788 etiam
1732 3749 1834 3790 nos
1857 3733 1988 3790 dum

410 3834 662 3877 essemus
689 3821 1004 3877 mortiticati
1040 3821 1096 3877 iu
1131 3823 1336 3881 erroris
1374 3825 1709 3894 corruptela,
1743 3842 1889 3881 nunc
1920 3826 1987 3883 ad

412 3913 577 3967 vitam
625 3927 818 3969 sumus
855 3914 1051 3969 iterum
1086 3916 1349 3980 revocati,
1376 3917 1635 3986 absorpta
1665 3918 1753 3972 illa
1789 3929 1990 3976 morta-

410 4002 564 4058 litate
593 4020 687 4074 per
726 4005 899 4077 ipsius
923 4007 1146 4064 luminis
1169 4009 1463 4064 ellicaciam
1486 4019 1541 4066 et
1565 4010 1842 4080 virtutem,
1873 4028 1989 4068 ma-

405 4096 586 4169 jorem
625 4100 835 4156 scilicet
884 4101 1359 4171 participationem
1418 4113 1474 4159 et
1543 4107 1984 4163 communionem

646 4192 797 4250 illius
818 4192 995 4267 hrgiti
1035 4195 1196 4253 nobis
1224 4196 1448 4253 luminis
1484 4197 1693 4268 adepti,
1734 4198 1790 4254 in
1816 4200 1986 4272 gloria

409 4286 805 4358 magnitudinis
830 4287 978 4357 eius.
998 4288 1324 4348 Benedictus
1351 4291 1513 4346 etiam
1555 4292 1717 4360 Deus,
1745 4295 1985 4364 Spiritus

408 4374 658 4431 videlicet
701 4374 815 4442 Dei,
869 4376 960 4448 qui
998 4378 1173 4450 replet
1212 4380 1418 4444 omnia,
1449 4386 1504 4437 et
1542 4379 1595 4436 in
1627 4396 1737 4453 quo
1775 4383 1983 4439 cmlcsti

404 4467 579 4537 gratia
628 4467 779 4539 digni
816 4468 941 4525 facti
980 4485 1196 4533 sumus,
1227 4481 1279 4527 et
1307 4471 1633 4529 delictorum
1669 4484 1981 4530 nostrorum

404 4562 786 4619 remissionem
807 4579 996 4629 sumus
1013 4566 1316 4627 consecuti.
1339 4566 1517 4622 soluta
1540 4566 1596 4622 in
1613 4566 1703 4623 die
1724 4567 1983 4625 condem-
2026 4590 2031 4596 ·

400 4655 646 4711 nationis
688 4664 745 4711 et
787 4655 1065 4715 destructa
1114 4660 1326 4731 peccati
1397 4659 1573 4731 ipsius
1607 4660 1980 4720 damnatione.

473 4746 656 4805 Liberi
692 4747 876 4819 itaque
910 4764 941 4804 a
984 4750 1265 4807 servitutis
1298 4751 1452 4823 jugo,
1482 4768 1592 4825 quo
1636 4754 1978 4823 tenebamur,

404 4840 469 4895 inv
489 4840 740 4896 libertate
761 4843 1125 4911 ambulemus,
1162 4858 1265 4897 nec
1294 4844 1489 4900 iterum
1519 4845 1688 4915 priori
1731 4847 1978 4903 servituti

402 4950 503 4990 nos
550 4935 936 5007 subjiciamus.
968 4933 1028 4989 Si
1070 4934 1240 5000 enim,
1269 4936 1366 5007 qui
1408 4937 1759 5009 temporalem
1797 4940 1975 5011 adepti

2093 3730 2271 3786 securi
2297 3730 2567 3794 vivamus,
2592 3744 2702 3785 non
2732 3730 2929 3785 iterum
2949 3730 3116 3785 stulte
3143 3740 3459 3801 appetentes
3480 3728 3664 3788 cibum

2091 3822 2426 3894 cognitionis
2458 3821 2588 3878 boui
2614 3830 2668 3877 et
2708 3820 2862 3885 mali,
2899 3820 2996 3876 sed
3029 3822 3347 3892 angelorum
3378 3823 3502 3879 cibo
3540 3839 3666 3880 cou-

2090 3917 2225 3974 teuti
2269 3918 2465 3983 simus,
2503 3930 2667 3986 quem
2714 3914 2807 3986 qui
2859 3915 3169 3983 degustant,
3216 3930 3495 3987 nunquam
3539 3918 3699 3986 illos

2092 4009 2360 4081 poenitere
2406 4008 2695 4079 contingit.
2746 4007 3011 4073 Quisnam
3064 4020 3193 4061 vero
3245 4006 3427 4063 cibum
3469 4019 3665 4067 nactus

2088 4104 2156 4157 ad
2185 4101 2501 4156 fruitiouem
2540 4099 2664 4153 vitae
2702 4106 2755 4153 et
2781 4096 3363 4165 suavitatisidoneum,
3391 4102 3660 4157 amaritu~

2086 4195 2231 4251 diuis
2264 4205 2319 4249 et
2360 4192 2555 4248 mortis
2595 4192 2776 4245 cibum
2819 4197 3044 4262 gustare
3092 4204 3333 4259 unquam
3377 4193 3662 4249 voluerit?

2086 4286 2356 4344 Praeterea
2386 4289 2430 4343 si
2461 4286 2513 4340 in
2545 4285 2683 4339 cibis
2715 4282 3167 4356 corruptibilibus
3199 4283 3379 4340 nullus
3406 4286 3661 4357 coinqui-

2086 4380 2205 4437 nari
2252 4381 2423 4450 cupit,
2463 4392 2701 4451 quonam
2749 4384 2910 4448 pacto
2947 4375 3060 4431 ﬁeri
3104 4376 3299 4446 poterit
3328 4386 3386 4432 ut
3424 4393 3527 4434 nos
3556 4381 3655 4451 qui

2085 4466 2422 4545 sempiterna
2470 4471 2705 4525 fruimur
2753 4469 3060 4536 suavitate,
3092 4470 3231 4525 cibis
3272 4471 3658 4527 amaritudinis

2083 4565 2444 4637 cupiditatum
2465 4562 2646 4619 carnis
2660 4562 3005 4632 coinquinari
3028 4563 3447 4633 permittamus?
3464 4564 3659 4621 Nullus

2085 4660 2552 4733 seipsum,quaeso
2572 4672 2691 4720 vos,
2722 4655 2970 4713 seducat.
2996 4656 3188 4713 Omnis
3215 4658 3431 4727 quidem
3463 4673 3660 4746 conon:

2082 4752 2350 4825 piscentia
2380 4751 2562 4806 carnis
2594 4764 2718 4805 esca
2750 4756 2852 4814 est,
2877 4756 2931 4804 et
2978 4749 3312 4805 incentivum
3353 4751 3653 4822 quoddam,

2082 4846 2351 4902 modicam
2368 4846 2597 4902 aﬂ‘erens
2610 4844 2955 4909 suavitatem,
2971 4842 3169 4902 deinde
3184 4859 3309 4900 vero
3333 4846 3397 4900 ad
3427 4855 3654 4901 mortem

2082 4955 2184 4995 nos
2216 4939 2525 5011 prmeipites
2549 4937 2721 4992 ducit.

402 5038 532 5081 sunt
562 5027 889 5095 libertatem,
912 5025 1057 5083 ferre
1089 5027 1241 5083 nullo
1269 5036 1427 5099 pacto
1446 5039 1775 5101 possuutut,
1813 5009 1979 5089 libers
2004 5009 2057 5070 Ῑ)
2158 5009 2294 5087 (ium
2320 5009 2485 5103 igitur
2514 5030 2693 5086 cibum
2726 5028 3020 5084 habeamus
3047 5036 3263 5083 aeterna:
3287 5028 3428 5092 vitae,
3457 5043 3653 5083 cavea-

404 5127 512 5173 tate
538 5119 805 5190 neglecta,
839 5120 1036 5175 iterum
1062 5118 1130 5175 ad
1164 5121 1447 5179 servitutis
1478 5122 1665 5195 jugum
1703 5137 1980 5182 revertan-

399 5222 512 5277 tur,
558 5221 767 5285 quanto
811 5213 984 5284 magis
1032 5227 1157 5276 nos.
1203 5216 1295 5286 qui
1347 5216 1741 5286 sempiternam
1787 5234 1979 5276 sumus

400 5307 640 5364 assecuti
670 5308 981 5365 libertatem
1007 5348 1022 5374 ,
1058 5308 1236 5379 ipsius
1271 5309 1542 5367 libertatis
1574 5310 1803 5382 gloriam
1845 5328 1979 5372 eou-

402 5420 622 5462 servare
648 5405 931 5473 debemus,
981 5421 1083 5461 nec
1126 5405 1326 5463 iterum
1363 5408 1646 5465 servitutis
1678 5409 1979 5480 ignominia
2008 5394 2009 5397 η

397 5498 537 5555 aliici
566 5500 803 5571 ;quiquc
829 5514 937 5555 non
958 5515 1157 5555 vanum
1186 5501 1459 5558 libertatis
1480 5503 1751 5574 quoddam
1778 5509 1974 5560 nomen

395 5591 577 5664 adepti
622 5607 834 5660 sumus,
879 5607 1001 5664 quae
1032 5593 1086 5648 in
1118 5592 1222 5650 hac
1257 5595 1365 5650 vita
1402 5603 1612 5651 tantum
1644 5613 1745 5653 nos
1778 5598 1976 5654 liberos

476 5731 492 5760 '
533 5728 574 5783 ll
600 5728 729 5785 Cor.
760 5745 813 5793 v,
845 5727 937 5784 2|.

2089 5140 2211 5179 mus
2261 5140 2348 5191 ne,
2382 5122 2584 5178 diaboli
2630 5137 2881 5179 escarum
2932 5106 3295 5178 delectatione
3339 5120 3548 5188 allecti,
3581 5122 3647 5175 ad

2086 5226 2316 5273 mortem
2352 5216 2700 5287 prolabuntur
2732 5232 2746 5282 ;
2778 5216 2872 5271 sed
2905 5213 3213 5271 sanctitatis
3249 5212 3392 5268 illius
3425 5215 3514 5284 qui
3548 5230 3649 5270 nos

2086 5310 2154 5364 ab
2185 5309 2441 5363 omnibus
2474 5306 2898 5379 inquinamentis
2939 5305 3143 5361 nostris
3179 5304 3448 5381 purgavit,
3479 5308 3649 5375 parti-

2087 5408 2235 5479 cipes
2267 5406 2415 5473 iacti,
2462 5406 2634 5462 sancti
2667 5404 2988 5461 efﬁciamur.
3031 5401 3142 5458 "ac
3178 5401 3323 5457 enim
3372 5400 3441 5456 de
3479 5416 3648 5458 causa

2088 5505 2263 5560 factus
2296 5510 2380 5560 est
2409 5518 2509 5574 pro
2537 5502 2694 5559 nobis
2726 5502 2842 5573 ipse
2878 5508 3182 5572 peccatum,
3218 5515 3286 5555 ne
3324 5498 3561 5570 amplius
3592 5504 3646 5552 in

2084 5597 2242 5652 nobis
2278 5603 2464 5668 regnet
2492 5603 2773 5667 peccatum
2806 5595 2821 5626 ¹
2859 5612 2873 5665 ;
2912 5600 3160 5651 mortuus
3189 5592 3352 5649 etiam
3384 5599 3471 5649 est
3507 5592 3646 5664 ipse,

1905 5802 2138 5861 NOTAE.

468 5896 547 5962 (1)
575 5894 699 5953 llaec
722 5897 900 5953 oratio
928 5898 1117 5955 (inscr
1151 5898 1420 5969 impressa
1448 5912 1556 5952 nou
1586 5906 1782 5954 exstat.
