  <div class='ocr_page' id='page_1' title='image "/cluster/home/n/w/nwhite01/storage/ocr_20150623/107/mdp.39015028571910/191.png"; bbox 0 0 4058 6294; ppageno 0'>
   <div class='ocr_carea' id='block_1_1' title="bbox 397 355 505 422">
    <p class='ocr_par' dir='ltr' id='par_1_1' title="bbox 397 355 505 422">
     <span class='ocr_line' id='line_1_1' title="bbox 397 355 505 422; baseline -0.019 0"><span class='ocrx_word' id='word_1_1' title='bbox 397 355 505 422; x_wconf 81' lang='lat'><strong>295</strong></span> 
     </span>
    </p>
   </div>
   <div class='ocr_carea' id='block_1_2' title="bbox 1625 353 2409 418">
    <p class='ocr_par' dir='ltr' id='par_1_2' title="bbox 1625 353 2409 418">
     <span class='ocr_line' id='line_1_2' title="bbox 1625 353 2409 418; baseline -0.001 -2"><span class='ocrx_word' id='word_1_2' title='bbox 1625 353 1904 416; x_wconf 78' lang='lat' dir='ltr'><strong>LEONIS</strong></span> <span class='ocrx_word' id='word_1_3' title='bbox 1943 353 2409 418; x_wconf 81' lang='lat' dir='ltr'><strong>PHILOSOPHI</strong></span> 
     </span>
    </p>
   </div>
   <div class='ocr_carea' id='block_1_3' title="bbox 3564 352 3669 418">
    <p class='ocr_par' dir='ltr' id='par_1_3' title="bbox 3564 352 3669 418">
     <span class='ocr_line' id='line_1_3' title="bbox 3564 352 3669 418; baseline 0.019 -2"><span class='ocrx_word' id='word_1_4' title='bbox 3564 352 3669 418; x_wconf 67' lang='lat'><strong>295</strong></span> 
     </span>
    </p>
   </div>
   <div class='ocr_carea' id='block_1_4' title="bbox 405 441 3669 550">
    <p class='ocr_par' dir='ltr' id='par_1_4' title="bbox 405 441 3669 550">
     <span class='ocr_line' id='line_1_4' title="bbox 405 441 3669 550; baseline -0.002 -26"><span class='ocrx_word' id='word_1_5' title='bbox 405 485 474 526; x_wconf 86' lang='lat' dir='ltr'><strong>ne</strong></span> <span class='ocrx_word' id='word_1_6' title='bbox 504 441 713 540; x_wconf 83' lang='lat' dir='ltr'><strong>peccati</strong></span> <span class='ocrx_word' id='word_1_7' title='bbox 734 479 898 550; x_wconf 81' lang='lat' dir='ltr'><strong>opera</strong></span> <span class='ocrx_word' id='word_1_8' title='bbox 928 463 1166 538; x_wconf 83' lang='lat' dir='ltr'><strong>amplius</strong></span> <span class='ocrx_word' id='word_1_9' title='bbox 1194 462 1408 531; x_wconf 84' lang='lat' dir='ltr'><strong>vivant,</strong></span> <span class='ocrx_word' id='word_1_10' title='bbox 1437 463 1566 519; x_wconf 90' lang='lat' dir='ltr'><strong>dum</strong></span> <span class='ocrx_word' id='word_1_11' title='bbox 1607 463 1663 519; x_wconf 89' lang='lat' dir='ltr'><strong>in</strong></span> <span class='ocrx_word' id='word_1_12' title='bbox 1698 463 1857 521; x_wconf 87' lang='lat' dir='ltr'><strong>nobis</strong></span> <span class='ocrx_word' id='word_1_13' title='bbox 1885 464 1980 536; x_wconf 86' lang='lat' dir='ltr'><strong>ju-</strong></span> <span class='ocrx_word' id='word_1_14' title='bbox 2010 472 2057 532; x_wconf 73' lang='grc' dir='ltr'>Α</span> <span class='ocrx_word' id='word_1_15' title='bbox 2085 465 2427 539; x_wconf 82' lang='lat' dir='ltr'><strong>comparavit</strong></span> <span class='ocrx_word' id='word_1_16' title='bbox 2453 508 2467 534; x_wconf 89' lang='lat'><strong>,</strong></span> <span class='ocrx_word' id='word_1_17' title='bbox 2520 465 2595 522; x_wconf 88' lang='lat' dir='ltr'><strong>ita</strong></span> <span class='ocrx_word' id='word_1_18' title='bbox 2643 465 2810 522; x_wconf 87' lang='lat' dir='ltr'><strong>etiam</strong></span> <span class='ocrx_word' id='word_1_19' title='bbox 2858 480 2958 524; x_wconf 89' lang='lat' dir='ltr'><strong>nos</strong></span> <span class='ocrx_word' id='word_1_20' title='bbox 3005 478 3163 537; x_wconf 84' lang='lat' dir='ltr'><strong>aequo</strong></span> <span class='ocrx_word' id='word_1_21' title='bbox 3214 463 3452 522; x_wconf 90' lang='lat' dir='ltr'><strong>ferentes</strong></span> <span class='ocrx_word' id='word_1_22' title='bbox 3483 479 3669 520; x_wconf 80' lang='lat' dir='ltr'><strong>animo</strong></span> 
     </span>
    </p>
   </div>
   <div class='ocr_carea' id='block_1_5' title="bbox 403 555 1986 630">
    <p class='ocr_par' dir='ltr' id='par_1_5' title="bbox 403 555 1986 630">
     <span class='ocr_line' id='line_1_5' title="bbox 403 555 1986 630; baseline -0.001 -14"><span class='ocrx_word' id='word_1_23' title='bbox 403 559 568 616; x_wconf 68' lang='lat' dir='ltr'><strong>stitia</strong></span> <span class='ocrx_word' id='word_1_24' title='bbox 617 559 851 615; x_wconf 73' lang='lat' dir='ltr'><strong>vixerint</strong></span> <span class='ocrx_word' id='word_1_25' title='bbox 890 572 1077 630; x_wconf 84' lang='lat' dir='ltr'><strong>opera.</strong></span> <span class='ocrx_word' id='word_1_26' title='bbox 1127 555 1601 625; x_wconf 76' lang='lat' dir='ltr'><strong>Misericordiam,</strong></span> <span class='ocrx_word' id='word_1_27' title='bbox 1654 555 1883 624; x_wconf 85' lang='lat' dir='ltr'><strong>fratres,</strong></span> <span class='ocrx_word' id='word_1_28' title='bbox 1933 565 1986 623; x_wconf 86' lang='lat' dir='ltr'><strong>et</strong></span> 
     </span>
    </p>
   </div>
   <div class='ocr_carea' id='block_1_6' title="bbox 406 649 1989 724">
    <p class='ocr_par' dir='ltr' id='par_1_6' title="bbox 406 649 1989 724">
     <span class='ocr_line' id='line_1_6' title="bbox 406 649 1989 724; baseline 0 -16"><span class='ocrx_word' id='word_1_29' title='bbox 406 652 801 710; x_wconf 92' lang='lat' dir='ltr'><strong>humanitatem</strong></span> <span class='ocrx_word' id='word_1_30' title='bbox 828 650 1146 724; x_wconf 76' lang='lat' dir='ltr'><strong>diligamus,</strong></span> <span class='ocrx_word' id='word_1_31' title='bbox 1173 650 1288 707; x_wconf 63' lang='lat' dir='ltr'><strong>haec</strong></span> <span class='ocrx_word' id='word_1_32' title='bbox 1313 650 1458 707; x_wconf 92' lang='lat' dir='ltr'><strong>enim</strong></span> <span class='ocrx_word' id='word_1_33' title='bbox 1480 659 1566 706; x_wconf 91' lang='lat' dir='ltr'><strong>est</strong></span> <span class='ocrx_word' id='word_1_34' title='bbox 1593 649 1719 708; x_wconf 74' lang='lat' dir='ltr'><strong>vita:</strong></span> <span class='ocrx_word' id='word_1_35' title='bbox 1742 650 1989 709; x_wconf 81' lang='lat' dir='ltr'><strong>ctelestis</strong></span> 
     </span>
    </p>
   </div>
   <div class='ocr_carea' id='block_1_7' title="bbox 407 742 1990 820">
    <p class='ocr_par' dir='ltr' id='par_1_7' title="bbox 407 742 1990 820">
     <span class='ocr_line' id='line_1_7' title="bbox 407 742 1990 820; baseline -0.001 -19"><span class='ocrx_word' id='word_1_36' title='bbox 407 746 745 820; x_wconf 86' lang='lat' dir='ltr'><strong>aggregatio,</strong></span> <span class='ocrx_word' id='word_1_37' title='bbox 774 753 831 800; x_wconf 92' lang='lat' dir='ltr'><strong>et</strong></span> <span class='ocrx_word' id='word_1_38' title='bbox 858 758 954 802; x_wconf 89' lang='lat' dir='ltr'><strong>eos</strong></span> <span class='ocrx_word' id='word_1_39' title='bbox 993 744 1088 816; x_wconf 91' lang='lat' dir='ltr'><strong>qui</strong></span> <span class='ocrx_word' id='word_1_40' title='bbox 1113 745 1290 816; x_wconf 80' lang='lat' dir='ltr'><strong>ipsam</strong></span> <span class='ocrx_word' id='word_1_41' title='bbox 1324 742 1586 816; x_wconf 89' lang='lat' dir='ltr'><strong>diligunt,</strong></span> <span class='ocrx_word' id='word_1_42' title='bbox 1627 745 1755 803; x_wconf 88' lang='lat' dir='ltr'><strong>licet</strong></span> <span class='ocrx_word' id='word_1_43' title='bbox 1786 746 1898 803; x_wconf 89' lang='lat' dir='ltr'><strong>sint</strong></span> <span class='ocrx_word' id='word_1_44' title='bbox 1933 745 1990 800; x_wconf 92' lang='lat' dir='ltr'><strong>in</strong></span> 
     </span>
    </p>
   </div>
   <div class='ocr_carea' id='block_1_8' title="bbox 402 836 1991 914">
    <p class='ocr_par' dir='ltr' id='par_1_8' title="bbox 402 836 1991 914">
     <span class='ocr_line' id='line_1_8' title="bbox 402 836 1991 914; baseline -0.001 -18"><span class='ocrx_word' id='word_1_45' title='bbox 402 853 593 914; x_wconf 83' lang='lat' dir='ltr'><strong>carne,</strong></span> <span class='ocrx_word' id='word_1_46' title='bbox 620 838 876 895; x_wconf 77' lang='lat' dir='ltr'><strong>ctelestes</strong></span> <span class='ocrx_word' id='word_1_47' title='bbox 906 836 1074 894; x_wconf 84' lang='lat' dir='ltr'><strong>eflicit</strong></span> <span class='ocrx_word' id='word_1_48' title='bbox 1098 855 1113 892; x_wconf 91' lang='lat'><strong>:</strong></span> <span class='ocrx_word' id='word_1_49' title='bbox 1137 836 1581 910; x_wconf 86' lang='lat' dir='ltr'><strong>quandoquidem</strong></span> <span class='ocrx_word' id='word_1_50' title='bbox 1612 838 1778 893; x_wconf 90' lang='lat' dir='ltr'><strong>etiam</strong></span> <span class='ocrx_word' id='word_1_51' title='bbox 1809 838 1991 910; x_wconf 91' lang='lat' dir='ltr'><strong>ipsum</strong></span> 
     </span>
    </p>
   </div>
   <div class='ocr_carea' id='block_1_9' title="bbox 404 923 1993 1001">
    <p class='ocr_par' dir='ltr' id='par_1_9' title="bbox 404 923 1993 1001">
     <span class='ocr_line' id='line_1_9' title="bbox 404 923 1993 1001; baseline 0.001 -16"><span class='ocrx_word' id='word_1_52' title='bbox 404 923 689 990; x_wconf 72' lang='lat' dir='ltr'><strong>rmlestem</strong></span> <span class='ocrx_word' id='word_1_53' title='bbox 707 929 877 987; x_wconf 90' lang='lat' dir='ltr'><strong>Deum</strong></span> <span class='ocrx_word' id='word_1_54' title='bbox 903 933 959 986; x_wconf 91' lang='lat' dir='ltr'><strong>in</strong></span> <span class='ocrx_word' id='word_1_55' title='bbox 980 945 1149 987; x_wconf 91' lang='lat' dir='ltr'><strong>carne</strong></span> <span class='ocrx_word' id='word_1_56' title='bbox 1175 928 1291 986; x_wconf 85' lang='lat' dir='ltr'><strong>fieri</strong></span> <span class='ocrx_word' id='word_1_57' title='bbox 1324 931 1441 1001; x_wconf 90' lang='lat' dir='ltr'><strong>ipsa</strong></span> <span class='ocrx_word' id='word_1_58' title='bbox 1465 927 1666 996; x_wconf 86' lang='lat' dir='ltr'><strong>effecit,</strong></span> <span class='ocrx_word' id='word_1_59' title='bbox 1694 939 1745 986; x_wconf 89' lang='lat' dir='ltr'><strong>et</strong></span> <span class='ocrx_word' id='word_1_60' title='bbox 1771 945 1834 986; x_wconf 90' lang='lat' dir='ltr'><strong>ea</strong></span> <span class='ocrx_word' id='word_1_61' title='bbox 1868 943 1993 1001; x_wconf 69' lang='lat' dir='ltr'><strong>quat</strong></span> 
     </span>
    </p>
   </div>
   <div class='ocr_carea' id='block_1_10' title="bbox 406 1021 1993 1095">
    <p class='ocr_par' dir='ltr' id='par_1_10' title="bbox 406 1021 1993 1095">
     <span class='ocr_line' id='line_1_10' title="bbox 406 1021 1993 1095; baseline -0.001 -16"><span class='ocrx_word' id='word_1_62' title='bbox 406 1025 550 1087; x_wconf 86' lang='lat' dir='ltr'><strong>inter</strong></span> <span class='ocrx_word' id='word_1_63' title='bbox 579 1038 642 1082; x_wconf 86' lang='lat' dir='ltr'><strong>se</strong></span> <span class='ocrx_word' id='word_1_64' title='bbox 674 1025 946 1080; x_wconf 87' lang='lat' dir='ltr'><strong>immenso</strong></span> <span class='ocrx_word' id='word_1_65' title='bbox 971 1021 1182 1080; x_wconf 75' lang='lat' dir='ltr'><strong>distant</strong></span> <span class='ocrx_word' id='word_1_66' title='bbox 1220 1025 1425 1095; x_wconf 89' lang='lat' dir='ltr'><strong>spatio,</strong></span> <span class='ocrx_word' id='word_1_67' title='bbox 1460 1022 1514 1078; x_wconf 89' lang='lat' dir='ltr'><strong>in</strong></span> <span class='ocrx_word' id='word_1_68' title='bbox 1548 1037 1719 1077; x_wconf 92' lang='lat' dir='ltr'><strong>unum</strong></span> <span class='ocrx_word' id='word_1_69' title='bbox 1756 1021 1993 1094; x_wconf 81' lang='lat' dir='ltr'><strong>conjun-</strong></span> 
     </span>
    </p>
   </div>
   <div class='ocr_carea' id='block_1_11' title="bbox 405 1113 1992 1186">
    <p class='ocr_par' dir='ltr' id='par_1_11' title="bbox 405 1113 1992 1186">
     <span class='ocr_line' id='line_1_11' title="bbox 405 1113 1992 1186; baseline -0.001 -14"><span class='ocrx_word' id='word_1_70' title='bbox 405 1117 508 1172; x_wconf 77' lang='lat' dir='ltr'><strong>xit.</strong></span> <span class='ocrx_word' id='word_1_71' title='bbox 541 1113 868 1174; x_wconf 76' lang='lat' dir='ltr'><strong>Volntemus</strong></span> <span class='ocrx_word' id='word_1_72' title='bbox 899 1116 1084 1172; x_wconf 90' lang='lat' dir='ltr'><strong>animo</strong></span> <span class='ocrx_word' id='word_1_73' title='bbox 1113 1125 1382 1186; x_wconf 89' lang='lat' dir='ltr'><strong>quantum</strong></span> <span class='ocrx_word' id='word_1_74' title='bbox 1439 1115 1660 1171; x_wconf 82' lang='lat' dir='ltr'><strong>intersit</strong></span> <span class='ocrx_word' id='word_1_75' title='bbox 1718 1115 1861 1171; x_wconf 86' lang='lat' dir='ltr'><strong>inter</strong></span> <span class='ocrx_word' id='word_1_76' title='bbox 1892 1115 1992 1170; x_wconf 91' lang='lat' dir='ltr'><strong>luti</strong></span> 
     </span>
    </p>
   </div>
   <div class='ocr_carea' id='block_1_12' title="bbox 408 1202 1995 1279">
    <p class='ocr_par' dir='ltr' id='par_1_12' title="bbox 408 1202 1995 1279">
     <span class='ocr_line' id='line_1_12' title="bbox 408 1202 1995 1279; baseline -0.004 -13"><span class='ocrx_word' id='word_1_77' title='bbox 408 1221 652 1266; x_wconf 83' lang='lat' dir='ltr'><strong>massam</strong></span> <span class='ocrx_word' id='word_1_78' title='bbox 685 1215 746 1264; x_wconf 85' lang='lat' dir='ltr'><strong>et</strong></span> <span class='ocrx_word' id='word_1_79' title='bbox 772 1207 1019 1279; x_wconf 78' lang='lat' dir='ltr'><strong>ﬁgulum.</strong></span> <span class='ocrx_word' id='word_1_80' title='bbox 1065 1204 1207 1273; x_wconf 91' lang='lat' dir='ltr'><strong>Quid</strong></span> <span class='ocrx_word' id='word_1_81' title='bbox 1243 1205 1412 1278; x_wconf 86' lang='lat' dir='ltr'><strong>igitur</strong></span> <span class='ocrx_word' id='word_1_82' title='bbox 1461 1203 1680 1277; x_wconf 87' lang='lat' dir='ltr'><strong>figulus,</strong></span> <span class='ocrx_word' id='word_1_83' title='bbox 1726 1212 1785 1260; x_wconf 93' lang='lat' dir='ltr'><strong>ut</strong></span> <span class='ocrx_word' id='word_1_84' title='bbox 1830 1202 1995 1259; x_wconf 77' lang='lat' dir='ltr'><strong>faciat</strong></span> 
     </span>
    </p>
   </div>
   <div class='ocr_carea' id='block_1_13' title="bbox 407 1297 1995 1372">
    <p class='ocr_par' dir='ltr' id='par_1_13' title="bbox 407 1297 1995 1372">
     <span class='ocr_line' id='line_1_13' title="bbox 407 1297 1995 1372; baseline -0.003 -14"><span class='ocrx_word' id='word_1_85' title='bbox 407 1316 508 1359; x_wconf 84' lang='lat' dir='ltr'><strong>vas</strong></span> <span class='ocrx_word' id='word_1_86' title='bbox 531 1301 664 1358; x_wconf 82' lang='lat' dir='ltr'><strong>utile</strong></span> <span class='ocrx_word' id='word_1_87' title='bbox 691 1301 758 1356; x_wconf 90' lang='lat' dir='ltr'><strong>ad</strong></span> <span class='ocrx_word' id='word_1_88' title='bbox 778 1298 999 1372; x_wconf 85' lang='lat' dir='ltr'><strong>aliquod</strong></span> <span class='ocrx_word' id='word_1_89' title='bbox 1026 1298 1416 1365; x_wconf 86' lang='lat' dir='ltr'><strong>ministerium,</strong></span> <span class='ocrx_word' id='word_1_90' title='bbox 1454 1299 1690 1370; x_wconf 86' lang='lat' dir='ltr'><strong>suscipit</strong></span> <span class='ocrx_word' id='word_1_91' title='bbox 1721 1297 1821 1354; x_wconf 80' lang='lat' dir='ltr'><strong>ltiti</strong></span> <span class='ocrx_word' id='word_1_92' title='bbox 1848 1311 1995 1354; x_wconf 56' lang='lat' dir='ltr'><strong>mass</strong></span> 
     </span>
    </p>
   </div>
   <div class='ocr_carea' id='block_1_14' title="bbox 409 1374 1996 1462">
    <p class='ocr_par' dir='ltr' id='par_1_14' title="bbox 409 1374 1996 1462">
     <span class='ocr_line' id='line_1_14' title="bbox 409 1374 1996 1462; baseline -0.003 -12"><span class='ocrx_word' id='word_1_93' title='bbox 409 1407 553 1461; x_wconf 84' lang='lat' dir='ltr'><strong>sam,</strong></span> <span class='ocrx_word' id='word_1_94' title='bbox 579 1400 632 1449; x_wconf 92' lang='lat' dir='ltr'><strong>et</strong></span> <span class='ocrx_word' id='word_1_95' title='bbox 653 1393 828 1448; x_wconf 89' lang='lat' dir='ltr'><strong>lutum</strong></span> <span class='ocrx_word' id='word_1_96' title='bbox 857 1391 1039 1462; x_wconf 91' lang='lat' dir='ltr'><strong>ipsum</strong></span> <span class='ocrx_word' id='word_1_97' title='bbox 1071 1405 1181 1446; x_wconf 91' lang='lat' dir='ltr'><strong>non</strong></span> <span class='ocrx_word' id='word_1_98' title='bbox 1214 1389 1479 1460; x_wconf 81' lang='lat' dir='ltr'><strong>suscipiet</strong></span> <span class='ocrx_word' id='word_1_99' title='bbox 1508 1389 1770 1462; x_wconf 81' lang='lat' dir='ltr'><strong>seipsum,</strong></span> <span class='ocrx_word' id='word_1_100' title='bbox 1805 1396 1860 1446; x_wconf 90' lang='lat' dir='ltr'><strong>et</strong></span> <span class='ocrx_word' id='word_1_101' title='bbox 1907 1374 1996 1445; x_wconf 73' lang='lat' dir='ltr'><strong>se-</strong></span> 
     </span>
    </p>
   </div>
   <div class='ocr_carea' id='block_1_15' title="bbox 407 1477 2000 1558">
    <p class='ocr_par' dir='ltr' id='par_1_15' title="bbox 407 1477 2000 1558">
     <span class='ocr_line' id='line_1_15' title="bbox 407 1477 2000 1558; baseline -0.004 -17"><span class='ocrx_word' id='word_1_102' title='bbox 407 1487 591 1558; x_wconf 85' lang='lat' dir='ltr'><strong>ipsum</strong></span> <span class='ocrx_word' id='word_1_103' title='bbox 624 1483 918 1556; x_wconf 88' lang='lat' dir='ltr'><strong>ahnegabit</strong></span> <span class='ocrx_word' id='word_1_104' title='bbox 949 1481 974 1536; x_wconf 71' lang='lat' dir='ltr'><strong>‘I</strong></span> <span class='ocrx_word' id='word_1_105' title='bbox 1003 1481 1072 1536; x_wconf 84' lang='lat' dir='ltr'><strong>At</strong></span> <span class='ocrx_word' id='word_1_106' title='bbox 1111 1481 1390 1552; x_wconf 90' lang='lat' dir='ltr'><strong>quomodo</strong></span> <span class='ocrx_word' id='word_1_107' title='bbox 1437 1479 1552 1536; x_wconf 88' lang='lat' dir='ltr'><strong>fieri</strong></span> <span class='ocrx_word' id='word_1_108' title='bbox 1594 1494 1756 1536; x_wconf 88' lang='lat' dir='ltr'><strong>secus</strong></span> <span class='ocrx_word' id='word_1_109' title='bbox 1800 1477 2000 1552; x_wconf 89' lang='lat' dir='ltr'><strong>poterit</strong></span> 
     </span>
    </p>
   </div>
   <div class='ocr_carea' id='block_1_16' title="bbox 412 1576 1998 1652">
    <p class='ocr_par' dir='ltr' id='par_1_16' title="bbox 412 1576 1998 1652">
     <span class='ocr_line' id='line_1_16' title="bbox 412 1576 1998 1652; baseline -0.005 -14"><span class='ocrx_word' id='word_1_110' title='bbox 412 1597 512 1640; x_wconf 87' lang='lat' dir='ltr'><strong>vas</strong></span> <span class='ocrx_word' id='word_1_111' title='bbox 552 1594 857 1652; x_wconf 82' lang='lat' dir='ltr'><strong>congruum</strong></span> <span class='ocrx_word' id='word_1_112' title='bbox 920 1578 987 1634; x_wconf 89' lang='lat' dir='ltr'><strong>ad</strong></span> <span class='ocrx_word' id='word_1_113' title='bbox 1037 1576 1259 1649; x_wconf 87' lang='lat' dir='ltr'><strong>aliquod</strong></span> <span class='ocrx_word' id='word_1_114' title='bbox 1313 1576 1704 1640; x_wconf 87' lang='lat' dir='ltr'><strong>ministerium,</strong></span> <span class='ocrx_word' id='word_1_115' title='bbox 1741 1576 1848 1634; x_wconf 84' lang='lat' dir='ltr'><strong>nisi</strong></span> <span class='ocrx_word' id='word_1_116' title='bbox 1903 1590 1998 1647; x_wconf 87' lang='lat' dir='ltr'><strong>per</strong></span> 
     </span>
    </p>
   </div>
   <div class='ocr_carea' id='block_1_17' title="bbox 414 1668 1995 1745">
    <p class='ocr_par' dir='ltr' id='par_1_17' title="bbox 414 1668 1995 1745">
     <span class='ocr_line' id='line_1_17' title="bbox 414 1668 1995 1745; baseline -0.004 -14"><span class='ocrx_word' id='word_1_117' title='bbox 414 1690 614 1731; x_wconf 85' lang='lat' dir='ltr'><strong>manus</strong></span> <span class='ocrx_word' id='word_1_118' title='bbox 640 1673 794 1745; x_wconf 82' lang='lat' dir='ltr'><strong>figuli</strong></span> <span class='ocrx_word' id='word_1_119' title='bbox 829 1672 1071 1744; x_wconf 87' lang='lat' dir='ltr'><strong>accipiat</strong></span> <span class='ocrx_word' id='word_1_120' title='bbox 1109 1670 1550 1728; x_wconf 81' lang='lat' dir='ltr'><strong>benedictionem</strong></span> <span class='ocrx_word' id='word_1_121' title='bbox 1585 1669 1608 1724; x_wconf 92' lang='lat'><strong>?</strong></span> <span class='ocrx_word' id='word_1_122' title='bbox 1642 1668 1796 1725; x_wconf 88' lang='lat' dir='ltr'><strong>Tunc</strong></span> <span class='ocrx_word' id='word_1_123' title='bbox 1827 1671 1995 1737; x_wconf 89' lang='lat' dir='ltr'><strong>enim,</strong></span> 
     </span>
    </p>
   </div>
   <div class='ocr_carea' id='block_1_18' title="bbox 410 1759 1997 1837">
    <p class='ocr_par' dir='ltr' id='par_1_18' title="bbox 410 1759 1997 1837">
     <span class='ocr_line' id='line_1_18' title="bbox 410 1759 1997 1837; baseline -0.006 -12"><span class='ocrx_word' id='word_1_124' title='bbox 410 1779 478 1826; x_wconf 84' lang='lat' dir='ltr'><strong>ut</strong></span> <span class='ocrx_word' id='word_1_125' title='bbox 505 1783 571 1824; x_wconf 79' lang='lat' dir='ltr'><strong>ex</strong></span> <span class='ocrx_word' id='word_1_126' title='bbox 613 1780 680 1823; x_wconf 90' lang='lat' dir='ltr'><strong>eo</strong></span> <span class='ocrx_word' id='word_1_127' title='bbox 713 1765 918 1837; x_wconf 87' lang='lat' dir='ltr'><strong>aliquid</strong></span> <span class='ocrx_word' id='word_1_128' title='bbox 955 1762 1227 1820; x_wconf 73' lang='lat' dir='ltr'><strong>formetur</strong></span> <span class='ocrx_word' id='word_1_129' title='bbox 1252 1763 1386 1818; x_wconf 89' lang='lat' dir='ltr'><strong>utile</strong></span> <span class='ocrx_word' id='word_1_130' title='bbox 1419 1769 1505 1818; x_wconf 90' lang='lat' dir='ltr'><strong>est</strong></span> <span class='ocrx_word' id='word_1_131' title='bbox 1547 1764 1748 1826; x_wconf 90' lang='lat' dir='ltr'><strong>lutum,</strong></span> <span class='ocrx_word' id='word_1_132' title='bbox 1777 1759 1997 1830; x_wconf 86' lang='lat' dir='ltr'><strong>quando</strong></span> 
     </span>
    </p>
   </div>
   <div class='ocr_carea' id='block_1_19' title="bbox 2095 552 3671 630">
    <p class='ocr_par' dir='ltr' id='par_1_19' title="bbox 2095 552 3671 630">
     <span class='ocr_line' id='line_1_19' title="bbox 2095 552 3671 630; baseline -0.002 -16"><span class='ocrx_word' id='word_1_133' title='bbox 2095 557 2404 615; x_wconf 89' lang='lat' dir='ltr'><strong>adinvicem</strong></span> <span class='ocrx_word' id='word_1_134' title='bbox 2443 557 2739 630; x_wconf 90' lang='lat' dir='ltr'><strong>opprobria</strong></span> <span class='ocrx_word' id='word_1_135' title='bbox 2765 568 2820 616; x_wconf 87' lang='lat' dir='ltr'><strong>et</strong></span> <span class='ocrx_word' id='word_1_136' title='bbox 2853 559 3231 625; x_wconf 89' lang='lat' dir='ltr'><strong>contumelias,</strong></span> <span class='ocrx_word' id='word_1_137' title='bbox 3258 557 3487 628; x_wconf 80' lang='lat' dir='ltr'><strong>gloriam</strong></span> <span class='ocrx_word' id='word_1_138' title='bbox 3514 552 3671 612; x_wconf 77' lang='lat' dir='ltr'><strong>nobis</strong></span> 
     </span>
    </p>
   </div>
   <div class='ocr_carea' id='block_1_20' title="bbox 2088 643 3673 724">
    <p class='ocr_par' dir='ltr' id='par_1_20' title="bbox 2088 643 3673 724">
     <span class='ocr_line' id='line_1_20' title="bbox 2088 643 3673 724; baseline -0.004 -15"><span class='ocrx_word' id='word_1_139' title='bbox 2088 666 2498 724; x_wconf 85' lang='lat' dir='ltr'><strong>comparemus,</strong></span> <span class='ocrx_word' id='word_1_140' title='bbox 2551 651 2788 709; x_wconf 88' lang='lat' dir='ltr'><strong>salutem</strong></span> <span class='ocrx_word' id='word_1_141' title='bbox 2838 651 3146 709; x_wconf 86' lang='lat' dir='ltr'><strong>consecuti.</strong></span> <span class='ocrx_word' id='word_1_142' title='bbox 3182 643 3398 722; x_wconf 81' lang='lat' dir='ltr'><strong>Typum</strong></span> <span class='ocrx_word' id='word_1_143' title='bbox 3431 650 3577 706; x_wconf 90' lang='lat' dir='ltr'><strong>enim</strong></span> <span class='ocrx_word' id='word_1_144' title='bbox 3619 655 3673 704; x_wconf 83' lang='lat' dir='ltr'><strong>et</strong></span> 
     </span>
    </p>
   </div>
   <div class='ocr_carea' id='block_1_21' title="bbox 2069 741 3673 825">
    <p class='ocr_par' dir='ltr' id='par_1_21' title="bbox 2069 741 3673 825">
     <span class='ocr_line' id='line_1_21' title="bbox 2069 741 3673 825; baseline -0.003 -24"><span class='ocrx_word' id='word_1_145' title='bbox 2069 743 2374 817; x_wconf 82' lang='lat' dir='ltr'><strong>exemplar</strong></span> <span class='ocrx_word' id='word_1_146' title='bbox 2429 742 2674 825; x_wconf 82' lang='lat' dir='ltr'><strong>seipsum</strong></span> <span class='ocrx_word' id='word_1_147' title='bbox 2733 742 2895 802; x_wconf 90' lang='lat' dir='ltr'><strong>nobis</strong></span> <span class='ocrx_word' id='word_1_148' title='bbox 2947 743 3039 799; x_wconf 91' lang='lat' dir='ltr'><strong>ille</strong></span> <span class='ocrx_word' id='word_1_149' title='bbox 3078 741 3344 808; x_wconf 88' lang='lat' dir='ltr'><strong>tradidit,</strong></span> <span class='ocrx_word' id='word_1_150' title='bbox 3394 741 3673 813; x_wconf 90' lang='lat' dir='ltr'><strong>quomodo</strong></span> 
     </span>
    </p>
   </div>
   <div class='ocr_carea' id='block_1_22' title="bbox 2091 836 3674 914">
    <p class='ocr_par' dir='ltr' id='par_1_22' title="bbox 2091 836 3674 914">
     <span class='ocr_line' id='line_1_22' title="bbox 2091 836 3674 914; baseline -0.003 -18"><span class='ocrx_word' id='word_1_151' title='bbox 2091 847 2348 912; x_wconf 84' lang='lat' dir='ltr'><strong>oporteat</strong></span> <span class='ocrx_word' id='word_1_152' title='bbox 2372 856 2532 913; x_wconf 89' lang='lat' dir='ltr'><strong>opem</strong></span> <span class='ocrx_word' id='word_1_153' title='bbox 2561 841 2705 899; x_wconf 88' lang='lat' dir='ltr'><strong>ferre</strong></span> <span class='ocrx_word' id='word_1_154' title='bbox 2730 849 2786 900; x_wconf 83' lang='lat' dir='ltr'><strong>et</strong></span> <span class='ocrx_word' id='word_1_155' title='bbox 2815 842 3098 914; x_wconf 83' lang='lat' dir='ltr'><strong>suscipere</strong></span> <span class='ocrx_word' id='word_1_156' title='bbox 3122 840 3449 906; x_wconf 88' lang='lat' dir='ltr'><strong>imbecillos,</strong></span> <span class='ocrx_word' id='word_1_157' title='bbox 3482 839 3575 911; x_wconf 92' lang='lat' dir='ltr'><strong>qui</strong></span> <span class='ocrx_word' id='word_1_158' title='bbox 3605 836 3674 893; x_wconf 86' lang='lat' dir='ltr'><strong>ad</strong></span> 
     </span>
    </p>
   </div>
   <div class='ocr_carea' id='block_1_23' title="bbox 2091 929 3672 994">
    <p class='ocr_par' dir='ltr' id='par_1_23' title="bbox 2091 929 3672 994">
     <span class='ocr_line' id='line_1_23' title="bbox 2091 929 3672 994; baseline -0.003 -6"><span class='ocrx_word' id='word_1_159' title='bbox 2091 931 2280 988; x_wconf 85' lang='lat' dir='ltr'><strong>infima</strong></span> <span class='ocrx_word' id='word_1_160' title='bbox 2331 941 2538 989; x_wconf 69' lang='lat' dir='ltr'><strong>nostra:</strong></span> <span class='ocrx_word' id='word_1_161' title='bbox 2595 932 2993 989; x_wconf 86' lang='lat' dir='ltr'><strong>imbecillitatis</strong></span> <span class='ocrx_word' id='word_1_162' title='bbox 3047 946 3173 988; x_wconf 91' lang='lat' dir='ltr'><strong>cum</strong></span> <span class='ocrx_word' id='word_1_163' title='bbox 3235 929 3672 994; x_wconf 86' lang='lat' dir='ltr'><strong>descendisset,</strong></span> 
     </span>
    </p>
   </div>
   <div class='ocr_carea' id='block_1_24' title="bbox 2091 1021 3679 1098">
    <p class='ocr_par' dir='ltr' id='par_1_24' title="bbox 2091 1021 3679 1098">
     <span class='ocr_line' id='line_1_24' title="bbox 2091 1021 3679 1098; baseline -0.003 -18"><span class='ocrx_word' id='word_1_164' title='bbox 2091 1025 2188 1096; x_wconf 89' lang='lat' dir='ltr'><strong>qui</strong></span> <span class='ocrx_word' id='word_1_165' title='bbox 2216 1036 2300 1082; x_wconf 87' lang='lat' dir='ltr'><strong>est</strong></span> <span class='ocrx_word' id='word_1_166' title='bbox 2318 1041 2497 1098; x_wconf 80' lang='lat' dir='ltr'><strong>supra</strong></span> <span class='ocrx_word' id='word_1_167' title='bbox 2517 1041 2709 1084; x_wconf 90' lang='lat' dir='ltr'><strong>omnes</strong></span> <span class='ocrx_word' id='word_1_168' title='bbox 2737 1024 3004 1083; x_wconf 84' lang='lat' dir='ltr'><strong>caelorum</strong></span> <span class='ocrx_word' id='word_1_169' title='bbox 3035 1025 3288 1090; x_wconf 89' lang='lat' dir='ltr'><strong>virtutes,</strong></span> <span class='ocrx_word' id='word_1_170' title='bbox 3309 1022 3467 1078; x_wconf 81' lang='lat' dir='ltr'><strong>nihili</strong></span> <span class='ocrx_word' id='word_1_171' title='bbox 3491 1021 3679 1093; x_wconf 81' lang='lat' dir='ltr'><strong>pendit</strong></span> 
     </span>
    </p>
   </div>
   <div class='ocr_carea' id='block_1_25' title="bbox 2094 1116 3678 1191">
    <p class='ocr_par' dir='ltr' id='par_1_25' title="bbox 2094 1116 3678 1191">
     <span class='ocr_line' id='line_1_25' title="bbox 2094 1116 3678 1191; baseline -0.002 -18"><span class='ocrx_word' id='word_1_172' title='bbox 2094 1117 2278 1174; x_wconf 85' lang='lat' dir='ltr'><strong>omnia</strong></span> <span class='ocrx_word' id='word_1_173' title='bbox 2322 1118 2697 1187; x_wconf 87' lang='lat' dir='ltr'><strong>incommoda,</strong></span> <span class='ocrx_word' id='word_1_174' title='bbox 2741 1135 2868 1176; x_wconf 89' lang='lat' dir='ltr'><strong>cum</strong></span> <span class='ocrx_word' id='word_1_175' title='bbox 2903 1120 3056 1176; x_wconf 91' lang='lat' dir='ltr'><strong>nullo</strong></span> <span class='ocrx_word' id='word_1_176' title='bbox 3088 1128 3250 1191; x_wconf 89' lang='lat' dir='ltr'><strong>pacto</strong></span> <span class='ocrx_word' id='word_1_177' title='bbox 3284 1119 3440 1175; x_wconf 84' lang='lat' dir='ltr'><strong>aliter</strong></span> <span class='ocrx_word' id='word_1_178' title='bbox 3465 1131 3564 1172; x_wconf 88' lang='lat' dir='ltr'><strong>nos</strong></span> <span class='ocrx_word' id='word_1_179' title='bbox 3593 1116 3678 1171; x_wconf 84' lang='lat' dir='ltr'><strong>in-</strong></span> 
     </span>
    </p>
   </div>
   <div class='ocr_carea' id='block_1_26' title="bbox 2095 1207 3678 1268">
    <p class='ocr_par' dir='ltr' id='par_1_26' title="bbox 2095 1207 3678 1268">
     <span class='ocr_line' id='line_1_26' title="bbox 2095 1207 3678 1268; baseline -0.001 -3"><span class='ocrx_word' id='word_1_180' title='bbox 2095 1209 2284 1268; x_wconf 86' lang='lat' dir='ltr'><strong>firmos</strong></span> <span class='ocrx_word' id='word_1_181' title='bbox 2314 1212 2499 1268; x_wconf 89' lang='lat' dir='ltr'><strong>sanari</strong></span> <span class='ocrx_word' id='word_1_182' title='bbox 2529 1212 2798 1268; x_wconf 88' lang='lat' dir='ltr'><strong>licuisset.</strong></span> <span class='ocrx_word' id='word_1_183' title='bbox 2828 1210 2922 1266; x_wconf 89' lang='lat' dir='ltr'><strong>Illa</strong></span> <span class='ocrx_word' id='word_1_184' title='bbox 2955 1221 3230 1268; x_wconf 85' lang='lat' dir='ltr'><strong>sectemur</strong></span> <span class='ocrx_word' id='word_1_185' title='bbox 3257 1209 3478 1267; x_wconf 88' lang='lat' dir='ltr'><strong>Domini</strong></span> <span class='ocrx_word' id='word_1_186' title='bbox 3504 1207 3678 1264; x_wconf 68' lang='lat' dir='ltr'><strong>vesti-2</strong></span> 
     </span>
    </p>
   </div>
   <div class='ocr_carea' id='block_1_27' title="bbox 2095 1299 3683 1375">
    <p class='ocr_par' dir='ltr' id='par_1_27' title="bbox 2095 1299 3683 1375">
     <span class='ocr_line' id='line_1_27' title="bbox 2095 1299 3683 1375; baseline -0.001 -18"><span class='ocrx_word' id='word_1_187' title='bbox 2095 1303 2207 1374; x_wconf 89' lang='lat' dir='ltr'><strong>gia,</strong></span> <span class='ocrx_word' id='word_1_188' title='bbox 2247 1318 2342 1374; x_wconf 90' lang='lat' dir='ltr'><strong>per</strong></span> <span class='ocrx_word' id='word_1_189' title='bbox 2375 1303 2844 1375; x_wconf 87' lang='lat' dir='ltr'><strong>longanimitatem</strong></span> <span class='ocrx_word' id='word_1_190' title='bbox 2871 1317 2973 1360; x_wconf 92' lang='lat' dir='ltr'><strong>nos</strong></span> <span class='ocrx_word' id='word_1_191' title='bbox 3004 1304 3156 1373; x_wconf 87' lang='lat' dir='ltr'><strong>ipsos</strong></span> <span class='ocrx_word' id='word_1_192' title='bbox 3190 1303 3424 1358; x_wconf 83' lang='lat' dir='ltr'><strong>humiles</strong></span> <span class='ocrx_word' id='word_1_193' title='bbox 3449 1299 3683 1356; x_wconf 86' lang='lat' dir='ltr'><strong>redden-</strong></span> 
     </span>
    </p>
   </div>
   <div class='ocr_carea' id='block_1_28' title="bbox 2092 1394 3682 1463">
    <p class='ocr_par' dir='ltr' id='par_1_28' title="bbox 2092 1394 3682 1463">
     <span class='ocr_line' id='line_1_28' title="bbox 2092 1394 3682 1463; baseline -0.002 -12"><span class='ocrx_word' id='word_1_194' title='bbox 2092 1404 2206 1462; x_wconf 87' lang='lat' dir='ltr'><strong>tes,</strong></span> <span class='ocrx_word' id='word_1_195' title='bbox 2241 1405 2296 1453; x_wconf 92' lang='lat' dir='ltr'><strong>et</strong></span> <span class='ocrx_word' id='word_1_196' title='bbox 2327 1396 2559 1452; x_wconf 88' lang='lat' dir='ltr'><strong>aliorum</strong></span> <span class='ocrx_word' id='word_1_197' title='bbox 2592 1394 2838 1453; x_wconf 86' lang='lat' dir='ltr'><strong>defectus</strong></span> <span class='ocrx_word' id='word_1_198' title='bbox 2861 1396 2917 1451; x_wconf 92' lang='lat' dir='ltr'><strong>in</strong></span> <span class='ocrx_word' id='word_1_199' title='bbox 2952 1395 3242 1452; x_wconf 84' lang='lat' dir='ltr'><strong>cltaritatis</strong></span> <span class='ocrx_word' id='word_1_200' title='bbox 3269 1395 3497 1450; x_wconf 76' lang='lat' dir='ltr'><strong>victoria</strong></span> <span class='ocrx_word' id='word_1_201' title='bbox 3523 1407 3682 1463; x_wconf 66' lang='lat' dir='ltr'><strong>requo</strong></span> 
     </span>
    </p>
   </div>
   <div class='ocr_carea' id='block_1_29' title="bbox 2099 1486 3683 1559">
    <p class='ocr_par' dir='ltr' id='par_1_29' title="bbox 2099 1486 3683 1559">
     <span class='ocr_line' id='line_1_29' title="bbox 2099 1486 3683 1559; baseline -0.003 -13"><span class='ocrx_word' id='word_1_202' title='bbox 2099 1489 2343 1547; x_wconf 82' lang='lat' dir='ltr'><strong>ferentes</strong></span> <span class='ocrx_word' id='word_1_203' title='bbox 2371 1489 2583 1557; x_wconf 88' lang='lat' dir='ltr'><strong>animo;</strong></span> <span class='ocrx_word' id='word_1_204' title='bbox 2607 1504 2718 1546; x_wconf 92' lang='lat' dir='ltr'><strong>non</strong></span> <span class='ocrx_word' id='word_1_205' title='bbox 2749 1491 3073 1557; x_wconf 84' lang='lat' dir='ltr'><strong>irascentes,</strong></span> <span class='ocrx_word' id='word_1_206' title='bbox 3103 1489 3194 1544; x_wconf 89' lang='lat' dir='ltr'><strong>sed</strong></span> <span class='ocrx_word' id='word_1_207' title='bbox 3227 1488 3408 1559; x_wconf 87' lang='lat' dir='ltr'><strong>potius</strong></span> <span class='ocrx_word' id='word_1_208' title='bbox 3445 1501 3544 1559; x_wconf 90' lang='lat' dir='ltr'><strong>pro</strong></span> <span class='ocrx_word' id='word_1_209' title='bbox 3573 1486 3683 1542; x_wconf 88' lang='lat' dir='ltr'><strong>illis</strong></span> 
     </span>
    </p>
   </div>
   <div class='ocr_carea' id='block_1_30' title="bbox 2103 1579 3681 1656">
    <p class='ocr_par' dir='ltr' id='par_1_30' title="bbox 2103 1579 3681 1656">
     <span class='ocr_line' id='line_1_30' title="bbox 2103 1579 3681 1656; baseline -0.004 -15"><span class='ocrx_word' id='word_1_210' title='bbox 2103 1594 2372 1641; x_wconf 86' lang='lat' dir='ltr'><strong>orantes:</strong></span> <span class='ocrx_word' id='word_1_211' title='bbox 2410 1585 2876 1656; x_wconf 79' lang='lat' dir='ltr'><strong>quandoquidem</strong></span> <span class='ocrx_word' id='word_1_212' title='bbox 2918 1584 3083 1640; x_wconf 87' lang='lat' dir='ltr'><strong>etiam</strong></span> <span class='ocrx_word' id='word_1_213' title='bbox 3127 1581 3382 1637; x_wconf 83' lang='lat' dir='ltr'><strong>Christus</strong></span> <span class='ocrx_word' id='word_1_214' title='bbox 3430 1595 3529 1650; x_wconf 90' lang='lat' dir='ltr'><strong>pro</strong></span> <span class='ocrx_word' id='word_1_215' title='bbox 3574 1579 3681 1634; x_wconf 91' lang='lat' dir='ltr'><strong>illis</strong></span> 
     </span>
    </p>
   </div>
   <div class='ocr_carea' id='block_1_31' title="bbox 2103 1672 3685 1748">
    <p class='ocr_par' dir='ltr' id='par_1_31' title="bbox 2103 1672 3685 1748">
     <span class='ocr_line' id='line_1_31' title="bbox 2103 1672 3685 1748; baseline -0.004 -15"><span class='ocrx_word' id='word_1_216' title='bbox 2103 1677 2300 1733; x_wconf 85' lang='lat' dir='ltr'><strong>orabat</strong></span> <span class='ocrx_word' id='word_1_217' title='bbox 2334 1676 2427 1746; x_wconf 89' lang='lat' dir='ltr'><strong>qui</strong></span> <span class='ocrx_word' id='word_1_218' title='bbox 2454 1692 2580 1734; x_wconf 89' lang='lat' dir='ltr'><strong>eum</strong></span> <span class='ocrx_word' id='word_1_219' title='bbox 2615 1678 2672 1733; x_wconf 89' lang='lat' dir='ltr'><strong>in</strong></span> <span class='ocrx_word' id='word_1_220' title='bbox 2705 1692 2873 1734; x_wconf 84' lang='lat' dir='ltr'><strong>cruce</strong></span> <span class='ocrx_word' id='word_1_221' title='bbox 2899 1691 2998 1748; x_wconf 90' lang='lat' dir='ltr'><strong>pro</strong></span> <span class='ocrx_word' id='word_1_222' title='bbox 3023 1691 3125 1730; x_wconf 87' lang='lat' dir='ltr'><strong>sua</strong></span> <span class='ocrx_word' id='word_1_223' title='bbox 3158 1673 3451 1746; x_wconf 78' lang='lat' dir='ltr'><strong>fragilitate</strong></span> <span class='ocrx_word' id='word_1_224' title='bbox 3480 1672 3685 1727; x_wconf 83' lang='lat' dir='ltr'><strong>allicie-</strong></span> 
     </span>
    </p>
   </div>
   <div class='ocr_carea' id='block_1_32' title="bbox 2104 1762 3685 1840">
    <p class='ocr_par' dir='ltr' id='par_1_32' title="bbox 2104 1762 3685 1840">
     <span class='ocr_line' id='line_1_32' title="bbox 2104 1762 3685 1840; baseline -0.004 -19"><span class='ocrx_word' id='word_1_225' title='bbox 2104 1766 2238 1822; x_wconf 86' lang='lat' dir='ltr'><strong>bant</strong></span> <span class='ocrx_word' id='word_1_226' title='bbox 2277 1767 2480 1839; x_wconf 75' lang='lat' dir='ltr'><strong>injuria</strong></span> <span class='ocrx_word' id='word_1_227' title='bbox 2524 1786 2538 1822; x_wconf 89' lang='lat'><strong>:</strong></span> <span class='ocrx_word' id='word_1_228' title='bbox 2576 1782 2685 1824; x_wconf 90' lang='lat' dir='ltr'><strong>non</strong></span> <span class='ocrx_word' id='word_1_229' title='bbox 2717 1768 2861 1825; x_wconf 88' lang='lat' dir='ltr'><strong>euitn</strong></span> <span class='ocrx_word' id='word_1_230' title='bbox 2894 1765 3306 1840; x_wconf 77' lang='lat' dir='ltr'><strong>cognoscebant</strong></span> <span class='ocrx_word' id='word_1_231' title='bbox 3345 1778 3521 1836; x_wconf 88' lang='lat' dir='ltr'><strong>neque</strong></span> <span class='ocrx_word' id='word_1_232' title='bbox 3552 1762 3685 1835; x_wconf 87' lang='lat' dir='ltr'><strong>quid</strong></span> 
     </span>
    </p>
   </div>
   <div class='ocr_carea' id='block_1_33' title="bbox 413 1833 3688 1935">
    <p class='ocr_par' dir='ltr' id='par_1_33' title="bbox 413 1833 3688 1935">
     <span class='ocr_line' id='line_1_33' title="bbox 413 1833 3688 1935; baseline -0.002 -17"><span class='ocrx_word' id='word_1_233' title='bbox 413 1869 504 1918; x_wconf 85' lang='lat' dir='ltr'><strong>est</strong></span> <span class='ocrx_word' id='word_1_234' title='bbox 537 1859 684 1935; x_wconf 80' lang='lat' dir='ltr'><strong>bene</strong></span> <span class='ocrx_word' id='word_1_235' title='bbox 704 1833 1036 1929; x_wconf 81' lang='lat' dir='ltr'><strong>dispositum</strong></span> <span class='ocrx_word' id='word_1_236' title='bbox 1079 1855 1148 1911; x_wconf 91' lang='lat' dir='ltr'><strong>ad</strong></span> <span class='ocrx_word' id='word_1_237' title='bbox 1178 1855 1330 1928; x_wconf 80' lang='lat' dir='ltr'><strong>tlguli</strong></span> <span class='ocrx_word' id='word_1_238' title='bbox 1375 1853 1732 1910; x_wconf 88' lang='lat' dir='ltr'><strong>voluntatem.</strong></span> <span class='ocrx_word' id='word_1_239' title='bbox 1789 1847 2001 1907; x_wconf 77' lang='lat' dir='ltr'><strong>Efﬁcia-</strong></span> <span class='ocrx_word' id='word_1_240' title='bbox 2030 1833 2072 1888; x_wconf 73' lang='grc' dir='ltr'><strong>Β</strong></span> <span class='ocrx_word' id='word_1_241' title='bbox 2105 1833 2350 1915; x_wconf 79' lang='lat' dir='ltr'><strong>facerent</strong></span> <span class='ocrx_word' id='word_1_242' title='bbox 2397 1859 2796 1931; x_wconf 84' lang='lat' dir='ltr'><strong>intelligebant,</strong></span> <span class='ocrx_word' id='word_1_243' title='bbox 2830 1868 2885 1914; x_wconf 89' lang='lat' dir='ltr'><strong>et</strong></span> <span class='ocrx_word' id='word_1_244' title='bbox 2931 1833 3035 1916; x_wconf 76' lang='lat' dir='ltr'><strong>hac</strong></span> <span class='ocrx_word' id='word_1_245' title='bbox 3085 1859 3152 1914; x_wconf 90' lang='lat' dir='ltr'><strong>de</strong></span> <span class='ocrx_word' id='word_1_246' title='bbox 3177 1869 3340 1915; x_wconf 86' lang='lat' dir='ltr'><strong>causa</strong></span> <span class='ocrx_word' id='word_1_247' title='bbox 3386 1833 3511 1914; x_wconf 81' lang='lat' dir='ltr'><strong>eum</strong></span> <span class='ocrx_word' id='word_1_248' title='bbox 3556 1833 3688 1914; x_wconf 81' lang='lat' dir='ltr'><strong>con-</strong></span> 
     </span>
    </p>
   </div>
   <div class='ocr_carea' id='block_1_34' title="bbox 415 1941 2002 2020">
    <p class='ocr_par' dir='ltr' id='par_1_34' title="bbox 415 1941 2002 2020">
     <span class='ocr_line' id='line_1_34' title="bbox 415 1941 2002 2020; baseline -0.006 -14"><span class='ocrx_word' id='word_1_249' title='bbox 415 1965 543 2007; x_wconf 87' lang='lat' dir='ltr'><strong>mur</strong></span> <span class='ocrx_word' id='word_1_250' title='bbox 583 1949 772 2020; x_wconf 87' lang='lat' dir='ltr'><strong>itaque</strong></span> <span class='ocrx_word' id='word_1_251' title='bbox 797 1948 963 2004; x_wconf 88' lang='lat' dir='ltr'><strong>etiam</strong></span> <span class='ocrx_word' id='word_1_252' title='bbox 996 1961 1098 2002; x_wconf 90' lang='lat' dir='ltr'><strong>nos</strong></span> <span class='ocrx_word' id='word_1_253' title='bbox 1126 1945 1263 2002; x_wconf 88' lang='lat' dir='ltr'><strong>bene</strong></span> <span class='ocrx_word' id='word_1_254' title='bbox 1295 1943 1577 2016; x_wconf 83' lang='lat' dir='ltr'><strong>dispositi,</strong></span> <span class='ocrx_word' id='word_1_255' title='bbox 1614 1954 1810 1998; x_wconf 77' lang='lat' dir='ltr'><strong>exacta</strong></span> <span class='ocrx_word' id='word_1_256' title='bbox 1849 1941 2002 1998; x_wconf 88' lang='lat' dir='ltr'><strong>vide-</strong></span> 
     </span>
    </p>
   </div>
   <div class='ocr_carea' id='block_1_35' title="bbox 415 2035 2002 2114">
    <p class='ocr_par' dir='ltr' id='par_1_35' title="bbox 415 2035 2002 2114">
     <span class='ocr_line' id='line_1_35' title="bbox 415 2035 2002 2114; baseline -0.005 -14"><span class='ocrx_word' id='word_1_257' title='bbox 415 2045 546 2100; x_wconf 82' lang='lat' dir='ltr'><strong>licet</strong></span> <span class='ocrx_word' id='word_1_258' title='bbox 596 2051 652 2100; x_wconf 85' lang='lat' dir='ltr'><strong>et</strong></span> <span class='ocrx_word' id='word_1_259' title='bbox 700 2040 948 2114; x_wconf 82' lang='lat' dir='ltr'><strong>perfecta</strong></span> <span class='ocrx_word' id='word_1_260' title='bbox 999 2055 1124 2096; x_wconf 90' lang='lat' dir='ltr'><strong>cum</strong></span> <span class='ocrx_word' id='word_1_261' title='bbox 1183 2039 1349 2111; x_wconf 82' lang='lat' dir='ltr'><strong>ﬁgulo</strong></span> <span class='ocrx_word' id='word_1_262' title='bbox 1377 2037 1604 2104; x_wconf 89' lang='lat' dir='ltr'><strong>unione,</strong></span> <span class='ocrx_word' id='word_1_263' title='bbox 1636 2044 1690 2092; x_wconf 90' lang='lat' dir='ltr'><strong>et</strong></span> <span class='ocrx_word' id='word_1_264' title='bbox 1735 2051 1802 2093; x_wconf 81' lang='lat' dir='ltr'><strong>ex</strong></span> <span class='ocrx_word' id='word_1_265' title='bbox 1855 2035 2002 2092; x_wconf 88' lang='lat' dir='ltr'><strong>bono</strong></span> 
     </span>
    </p>
   </div>
   <div class='ocr_carea' id='block_1_36' title="bbox 417 2127 2002 2198">
    <p class='ocr_par' dir='ltr' id='par_1_36' title="bbox 417 2127 2002 2198">
     <span class='ocr_line' id='line_1_36' title="bbox 417 2127 2002 2198; baseline -0.006 -5"><span class='ocrx_word' id='word_1_266' title='bbox 417 2137 630 2194; x_wconf 87' lang='lat' dir='ltr'><strong>semine</strong></span> <span class='ocrx_word' id='word_1_267' title='bbox 670 2137 873 2191; x_wconf 85' lang='lat' dir='ltr'><strong>bonum</strong></span> <span class='ocrx_word' id='word_1_268' title='bbox 913 2132 1160 2188; x_wconf 74' lang='lat' dir='ltr'><strong>fructum</strong></span> <span class='ocrx_word' id='word_1_269' title='bbox 1204 2128 1518 2198; x_wconf 78' lang='lat' dir='ltr'><strong>efferamus,</strong></span> <span class='ocrx_word' id='word_1_270' title='bbox 1562 2127 2002 2185; x_wconf 88' lang='lat' dir='ltr'><strong>misericordiam</strong></span> 
     </span>
    </p>
   </div>
   <div class='ocr_carea' id='block_1_37' title="bbox 416 2221 2000 2293">
    <p class='ocr_par' dir='ltr' id='par_1_37' title="bbox 416 2221 2000 2293">
     <span class='ocr_line' id='line_1_37' title="bbox 416 2221 2000 2293; baseline -0.003 -9"><span class='ocrx_word' id='word_1_271' title='bbox 416 2228 672 2286; x_wconf 78' lang='lat' dir='ltr'><strong>videlicet</strong></span> <span class='ocrx_word' id='word_1_272' title='bbox 702 2235 758 2285; x_wconf 92' lang='lat' dir='ltr'><strong>et</strong></span> <span class='ocrx_word' id='word_1_273' title='bbox 785 2225 1135 2283; x_wconf 89' lang='lat' dir='ltr'><strong>clementiam</strong></span> <span class='ocrx_word' id='word_1_274' title='bbox 1165 2240 1182 2293; x_wconf 89' lang='lat'><strong>;</strong></span> <span class='ocrx_word' id='word_1_275' title='bbox 1213 2238 1316 2281; x_wconf 82' lang='lat' dir='ltr'><strong>nec</strong></span> <span class='ocrx_word' id='word_1_276' title='bbox 1341 2239 1371 2279; x_wconf 91' lang='lat' dir='ltr'><strong>a</strong></span> <span class='ocrx_word' id='word_1_277' title='bbox 1399 2224 1548 2280; x_wconf 87' lang='lat' dir='ltr'><strong>bono</strong></span> <span class='ocrx_word' id='word_1_278' title='bbox 1579 2221 1795 2279; x_wconf 88' lang='lat' dir='ltr'><strong>semine</strong></span> <span class='ocrx_word' id='word_1_279' title='bbox 1822 2221 2000 2280; x_wconf 85' lang='lat' dir='ltr'><strong>malus</strong></span> 
     </span>
    </p>
   </div>
   <div class='ocr_carea' id='block_1_38' title="bbox 419 2315 2002 2387">
    <p class='ocr_par' dir='ltr' id='par_1_38' title="bbox 419 2315 2002 2387">
     <span class='ocr_line' id='line_1_38' title="bbox 419 2315 2002 2387; baseline -0.005 -9"><span class='ocrx_word' id='word_1_280' title='bbox 419 2324 636 2380; x_wconf 86' lang='lat' dir='ltr'><strong>fructus</strong></span> <span class='ocrx_word' id='word_1_281' title='bbox 691 2321 925 2386; x_wconf 86' lang='lat' dir='ltr'><strong>oriatur,</strong></span> <span class='ocrx_word' id='word_1_282' title='bbox 979 2327 1037 2376; x_wconf 87' lang='lat' dir='ltr'><strong>et</strong></span> <span class='ocrx_word' id='word_1_283' title='bbox 1082 2317 1212 2374; x_wconf 82' lang='lat' dir='ltr'><strong>vitis</strong></span> <span class='ocrx_word' id='word_1_284' title='bbox 1256 2315 1326 2372; x_wconf 91' lang='lat' dir='ltr'><strong>ad</strong></span> <span class='ocrx_word' id='word_1_285' title='bbox 1359 2316 1620 2373; x_wconf 65' lang='lat' dir='ltr'><strong>laetitiam</strong></span> <span class='ocrx_word' id='word_1_286' title='bbox 1650 2315 1899 2387; x_wconf 88' lang='lat' dir='ltr'><strong>plantata</strong></span> <span class='ocrx_word' id='word_1_287' title='bbox 1945 2315 2002 2371; x_wconf 92' lang='lat' dir='ltr'><strong>in</strong></span> 
     </span>
    </p>
   </div>
   <div class='ocr_carea' id='block_1_39' title="bbox 421 2410 2005 2478">
    <p class='ocr_par' dir='ltr' id='par_1_39' title="bbox 421 2410 2005 2478">
     <span class='ocr_line' id='line_1_39' title="bbox 421 2410 2005 2478; baseline -0.005 -4"><span class='ocrx_word' id='word_1_288' title='bbox 421 2415 849 2474; x_wconf 88' lang='lat' dir='ltr'><strong>amaritudinem</strong></span> <span class='ocrx_word' id='word_1_289' title='bbox 888 2419 1271 2478; x_wconf 85' lang='lat' dir='ltr'><strong>convertatur,</strong></span> <span class='ocrx_word' id='word_1_290' title='bbox 1315 2424 1442 2468; x_wconf 90' lang='lat' dir='ltr'><strong>cum</strong></span> <span class='ocrx_word' id='word_1_291' title='bbox 1492 2420 1640 2468; x_wconf 91' lang='lat' dir='ltr'><strong>recte</strong></span> <span class='ocrx_word' id='word_1_292' title='bbox 1687 2410 2005 2468; x_wconf 86' lang='lat' dir='ltr'><strong>noverimus</strong></span> 
     </span>
    </p>
   </div>
   <div class='ocr_carea' id='block_1_40' title="bbox 419 2503 2008 2585">
    <p class='ocr_par' dir='ltr' id='par_1_40' title="bbox 419 2503 2008 2585">
     <span class='ocr_line' id='line_1_40' title="bbox 419 2503 2008 2585; baseline -0.005 -18"><span class='ocrx_word' id='word_1_293' title='bbox 419 2511 568 2585; x_wconf 91' lang='lat' dir='ltr'><strong>quod</strong></span> <span class='ocrx_word' id='word_1_294' title='bbox 613 2508 828 2566; x_wconf 86' lang='lat' dir='ltr'><strong>fructus</strong></span> <span class='ocrx_word' id='word_1_295' title='bbox 869 2507 961 2564; x_wconf 84' lang='lat' dir='ltr'><strong>ille</strong></span> <span class='ocrx_word' id='word_1_296' title='bbox 983 2505 1076 2579; x_wconf 86' lang='lat' dir='ltr'><strong>qui</strong></span> <span class='ocrx_word' id='word_1_297' title='bbox 1115 2521 1230 2564; x_wconf 87' lang='lat' dir='ltr'><strong>non</strong></span> <span class='ocrx_word' id='word_1_298' title='bbox 1260 2512 1357 2580; x_wconf 24' lang='lat' dir='ltr'><strong>est.</strong></span> <span class='ocrx_word' id='word_1_299' title='bbox 1382 2503 1591 2577; x_wconf 82' lang='lat' dir='ltr'><strong>proprii</strong></span> <span class='ocrx_word' id='word_1_300' title='bbox 1632 2504 1860 2561; x_wconf 88' lang='lat' dir='ltr'><strong>seminis</strong></span> <span class='ocrx_word' id='word_1_301' title='bbox 1890 2518 2008 2576; x_wconf 84' lang='lat' dir='ltr'><strong>ger-</strong></span> 
     </span>
    </p>
   </div>
   <div class='ocr_carea' id='block_1_41' title="bbox 421 2595 2007 2672">
    <p class='ocr_par' dir='ltr' id='par_1_41' title="bbox 421 2595 2007 2672">
     <span class='ocr_line' id='line_1_41' title="bbox 421 2595 2007 2672; baseline -0.007 -10"><span class='ocrx_word' id='word_1_302' title='bbox 421 2619 641 2672; x_wconf 86' lang='lat' dir='ltr'><strong>manus,</strong></span> <span class='ocrx_word' id='word_1_303' title='bbox 675 2600 1112 2658; x_wconf 87' lang='lat' dir='ltr'><strong>benedictionem</strong></span> <span class='ocrx_word' id='word_1_304' title='bbox 1145 2613 1252 2655; x_wconf 91' lang='lat' dir='ltr'><strong>non</strong></span> <span class='ocrx_word' id='word_1_305' title='bbox 1281 2599 1513 2667; x_wconf 89' lang='lat' dir='ltr'><strong>obtinet,</strong></span> <span class='ocrx_word' id='word_1_306' title='bbox 1542 2597 1637 2656; x_wconf 89' lang='lat' dir='ltr'><strong>sed</strong></span> <span class='ocrx_word' id='word_1_307' title='bbox 1664 2595 2007 2654; x_wconf 83' lang='lat' dir='ltr'><strong>maledictio-</strong></span> 
     </span>
    </p>
   </div>
   <div class='ocr_carea' id='block_1_42' title="bbox 424 2687 2006 2764">
    <p class='ocr_par' dir='ltr' id='par_1_42' title="bbox 424 2687 2006 2764">
     <span class='ocr_line' id='line_1_42' title="bbox 424 2687 2006 2764; baseline -0.004 -14"><span class='ocrx_word' id='word_1_308' title='bbox 424 2711 570 2761; x_wconf 90' lang='lat' dir='ltr'><strong>nem,</strong></span> <span class='ocrx_word' id='word_1_309' title='bbox 602 2701 658 2750; x_wconf 91' lang='lat' dir='ltr'><strong>et</strong></span> <span class='ocrx_word' id='word_1_310' title='bbox 700 2692 942 2749; x_wconf 86' lang='lat' dir='ltr'><strong>laborem</strong></span> <span class='ocrx_word' id='word_1_311' title='bbox 973 2690 1228 2764; x_wconf 85' lang='lat' dir='ltr'><strong>agricolae</strong></span> <span class='ocrx_word' id='word_1_312' title='bbox 1256 2689 1508 2747; x_wconf 86' lang='lat' dir='ltr'><strong>inutilem</strong></span> <span class='ocrx_word' id='word_1_313' title='bbox 1536 2687 1734 2756; x_wconf 88' lang='lat' dir='ltr'><strong>reddit,</strong></span> <span class='ocrx_word' id='word_1_314' title='bbox 1769 2697 1823 2743; x_wconf 90' lang='lat' dir='ltr'><strong>et</strong></span> <span class='ocrx_word' id='word_1_315' title='bbox 1853 2702 2006 2759; x_wconf 85' lang='lat' dir='ltr'><strong>spem</strong></span> 
     </span>
    </p>
   </div>
   <div class='ocr_carea' id='block_1_43' title="bbox 423 2779 2007 2852">
    <p class='ocr_par' dir='ltr' id='par_1_43' title="bbox 423 2779 2007 2852">
     <span class='ocr_line' id='line_1_43' title="bbox 423 2779 2007 2852; baseline -0.004 -10"><span class='ocrx_word' id='word_1_316' title='bbox 423 2786 628 2845; x_wconf 71' lang='lat' dir='ltr'><strong>laetitia:</strong></span> <span class='ocrx_word' id='word_1_317' title='bbox 659 2785 714 2843; x_wconf 92' lang='lat' dir='ltr'><strong>in</strong></span> <span class='ocrx_word' id='word_1_318' title='bbox 759 2783 1076 2840; x_wconf 88' lang='lat' dir='ltr'><strong>moestitiam</strong></span> <span class='ocrx_word' id='word_1_319' title='bbox 1106 2783 1188 2839; x_wconf 92' lang='lat' dir='ltr'><strong>illi</strong></span> <span class='ocrx_word' id='word_1_320' title='bbox 1224 2782 1516 2840; x_wconf 85' lang='lat' dir='ltr'><strong>convertit.</strong></span> <span class='ocrx_word' id='word_1_321' title='bbox 1552 2782 1631 2837; x_wconf 76' lang='lat' dir='ltr'><strong>Ex</strong></span> <span class='ocrx_word' id='word_1_322' title='bbox 1661 2780 1808 2838; x_wconf 88' lang='lat' dir='ltr'><strong>bono</strong></span> <span class='ocrx_word' id='word_1_323' title='bbox 1837 2779 2007 2852; x_wconf 88' lang='lat' dir='ltr'><strong>igitur</strong></span> 
     </span>
    </p>
   </div>
   <div class='ocr_carea' id='block_1_44' title="bbox 422 2870 2006 2938">
    <p class='ocr_par' dir='ltr' id='par_1_44' title="bbox 422 2870 2006 2938">
     <span class='ocr_line' id='line_1_44' title="bbox 422 2870 2006 2938; baseline -0.008 -1"><span class='ocrx_word' id='word_1_324' title='bbox 422 2879 633 2938; x_wconf 88' lang='lat' dir='ltr'><strong>semine</strong></span> <span class='ocrx_word' id='word_1_325' title='bbox 685 2878 925 2934; x_wconf 87' lang='lat' dir='ltr'><strong>fructum</strong></span> <span class='ocrx_word' id='word_1_326' title='bbox 967 2873 1263 2932; x_wconf 83' lang='lat' dir='ltr'><strong>diversum</strong></span> <span class='ocrx_word' id='word_1_327' title='bbox 1290 2882 1346 2932; x_wconf 90' lang='lat' dir='ltr'><strong>et</strong></span> <span class='ocrx_word' id='word_1_328' title='bbox 1377 2873 1615 2930; x_wconf 91' lang='lat' dir='ltr'><strong>alienum</strong></span> <span class='ocrx_word' id='word_1_329' title='bbox 1663 2887 1773 2929; x_wconf 90' lang='lat' dir='ltr'><strong>non</strong></span> <span class='ocrx_word' id='word_1_330' title='bbox 1807 2870 2006 2926; x_wconf 63' lang='lat' dir='ltr'><strong>adera-</strong></span> 
     </span>
    </p>
   </div>
   <div class='ocr_carea' id='block_1_45' title="bbox 423 2964 2008 3042">
    <p class='ocr_par' dir='ltr' id='par_1_45' title="bbox 423 2964 2008 3042">
     <span class='ocr_line' id='line_1_45' title="bbox 423 2964 2008 3042; baseline -0.006 -12"><span class='ocrx_word' id='word_1_331' title='bbox 423 2988 570 3039; x_wconf 89' lang='lat' dir='ltr'><strong>mus,</strong></span> <span class='ocrx_word' id='word_1_332' title='bbox 600 2987 670 3030; x_wconf 92' lang='lat' dir='ltr'><strong>ne</strong></span> <span class='ocrx_word' id='word_1_333' title='bbox 714 2969 1034 3027; x_wconf 78' lang='lat' dir='ltr'><strong>mmstitiam</strong></span> <span class='ocrx_word' id='word_1_334' title='bbox 1072 2967 1329 3042; x_wconf 80' lang='lat' dir='ltr'><strong>agricolae</strong></span> <span class='ocrx_word' id='word_1_335' title='bbox 1368 2967 1736 3040; x_wconf 73' lang='lat' dir='ltr'><strong>praebeamus,</strong></span> <span class='ocrx_word' id='word_1_336' title='bbox 1763 2974 1817 3021; x_wconf 90' lang='lat' dir='ltr'><strong>et</strong></span> <span class='ocrx_word' id='word_1_337' title='bbox 1847 2964 2008 3020; x_wconf 83' lang='lat' dir='ltr'><strong>male-</strong></span> 
     </span>
    </p>
   </div>
   <div class='ocr_carea' id='block_1_46' title="bbox 427 3058 2005 3124">
    <p class='ocr_par' dir='ltr' id='par_1_46' title="bbox 427 3058 2005 3124">
     <span class='ocr_line' id='line_1_46' title="bbox 427 3058 2005 3124; baseline -0.007 -1"><span class='ocrx_word' id='word_1_338' title='bbox 427 3062 685 3124; x_wconf 84' lang='lat' dir='ltr'><strong>dictiOnis</strong></span> <span class='ocrx_word' id='word_1_339' title='bbox 761 3061 1088 3120; x_wconf 88' lang='lat' dir='ltr'><strong>sententiam</strong></span> <span class='ocrx_word' id='word_1_340' title='bbox 1158 3060 1554 3117; x_wconf 39' lang='lat' dir='ltr'><strong>incurramusr</strong></span> <span class='ocrx_word' id='word_1_341' title='bbox 1611 3058 1722 3115; x_wconf 87' lang='lat' dir='ltr'><strong>Sed</strong></span> <span class='ocrx_word' id='word_1_342' title='bbox 1803 3059 2005 3115; x_wconf 89' lang='lat' dir='ltr'><strong>bonum</strong></span> 
     </span>
    </p>
   </div>
   <div class='ocr_carea' id='block_1_47' title="bbox 422 3152 2078 3244">
    <p class='ocr_par' dir='ltr' id='par_1_47' title="bbox 422 3152 2078 3244">
     <span class='ocr_line' id='line_1_47' title="bbox 422 3152 2078 3244; baseline -0.005 -27"><span class='ocrx_word' id='word_1_343' title='bbox 422 3172 744 3231; x_wconf 78' lang='lat' dir='ltr'><strong>operemur,</strong></span> <span class='ocrx_word' id='word_1_344' title='bbox 786 3157 990 3214; x_wconf 88' lang='lat' dir='ltr'><strong>bonmn</strong></span> <span class='ocrx_word' id='word_1_345' title='bbox 1027 3153 1472 3244; x_wconf 73' lang='lat' dir='ltr'><strong>agricolamprae</strong></span> <span class='ocrx_word' id='word_1_346' title='bbox 1502 3152 1680 3209; x_wconf 91' lang='lat' dir='ltr'><strong>oculis</strong></span> <span class='ocrx_word' id='word_1_347' title='bbox 1721 3152 2005 3244; x_wconf 80' lang='lat' dir='ltr'><strong>habentes,</strong></span> <span class='ocrx_word' id='word_1_348' title='bbox 2032 3180 2078 3244; x_wconf 66' lang='grc' dir='ltr'>Ο</span> 
     </span>
    </p>
   </div>
   <div class='ocr_carea' id='block_1_48' title="bbox 426 3237 2005 3323">
    <p class='ocr_par' dir='ltr' id='par_1_48' title="bbox 426 3237 2005 3323">
     <span class='ocr_line' id='line_1_48' title="bbox 426 3237 2005 3323; baseline -0.009 -16"><span class='ocrx_word' id='word_1_349' title='bbox 426 3251 608 3323; x_wconf 79' lang='lat' dir='ltr'><strong>neque</strong></span> <span class='ocrx_word' id='word_1_350' title='bbox 652 3249 856 3304; x_wconf 88' lang='lat' dir='ltr'><strong>malum</strong></span> <span class='ocrx_word' id='word_1_351' title='bbox 901 3247 954 3300; x_wconf 84' lang='lat' dir='ltr'><strong>in</strong></span> <span class='ocrx_word' id='word_1_352' title='bbox 1009 3244 1155 3301; x_wconf 88' lang='lat' dir='ltr'><strong>bono</strong></span> <span class='ocrx_word' id='word_1_353' title='bbox 1201 3241 1656 3308; x_wconf 88' lang='lat' dir='ltr'><strong>admisceamus;</strong></span> <span class='ocrx_word' id='word_1_354' title='bbox 1710 3254 1818 3294; x_wconf 87' lang='lat' dir='ltr'><strong>non</strong></span> <span class='ocrx_word' id='word_1_355' title='bbox 1860 3237 2005 3294; x_wconf 90' lang='lat' dir='ltr'><strong>enim</strong></span> 
     </span>
    </p>
   </div>
   <div class='ocr_carea' id='block_1_49' title="bbox 424 3331 2016 3406">
    <p class='ocr_par' dir='ltr' id='par_1_49' title="bbox 424 3331 2016 3406">
     <span class='ocr_line' id='line_1_49' title="bbox 424 3331 2016 3406; baseline -0.009 -6"><span class='ocrx_word' id='word_1_356' title='bbox 424 3349 527 3400; x_wconf 80' lang='lat' dir='ltr'><strong>est</strong></span> <span class='ocrx_word' id='word_1_357' title='bbox 555 3338 918 3404; x_wconf 89' lang='lat' dir='ltr'><strong>credendum,</strong></span> <span class='ocrx_word' id='word_1_358' title='bbox 948 3336 1076 3393; x_wconf 90' lang='lat' dir='ltr'><strong>dum</strong></span> <span class='ocrx_word' id='word_1_359' title='bbox 1110 3350 1208 3392; x_wconf 82' lang='lat' dir='ltr'><strong>rex</strong></span> <span class='ocrx_word' id='word_1_360' title='bbox 1251 3331 1512 3406; x_wconf 81' lang='lat' dir='ltr'><strong>quiescit,</strong></span> <span class='ocrx_word' id='word_1_361' title='bbox 1549 3332 1818 3388; x_wconf 84' lang='lat' dir='ltr'><strong>latronem</strong></span> <span class='ocrx_word' id='word_1_362' title='bbox 1852 3345 2016 3386; x_wconf 89' lang='lat' dir='ltr'><strong>arma-</strong></span> 
     </span>
    </p>
   </div>
   <div class='ocr_carea' id='block_1_50' title="bbox 427 3423 2010 3507">
    <p class='ocr_par' dir='ltr' id='par_1_50' title="bbox 427 3423 2010 3507">
     <span class='ocr_line' id='line_1_50' title="bbox 427 3423 2010 3507; baseline -0.009 -14"><span class='ocrx_word' id='word_1_363' title='bbox 427 3433 830 3507; x_wconf 72' lang='lat' dir='ltr'><strong>depositurum.</strong></span> <span class='ocrx_word' id='word_1_364' title='bbox 860 3429 974 3486; x_wconf 83' lang='lat' dir='ltr'><strong>liae</strong></span> <span class='ocrx_word' id='word_1_365' title='bbox 999 3428 1167 3501; x_wconf 89' lang='lat' dir='ltr'><strong>igitur</strong></span> <span class='ocrx_word' id='word_1_366' title='bbox 1192 3427 1264 3484; x_wconf 92' lang='lat' dir='ltr'><strong>de</strong></span> <span class='ocrx_word' id='word_1_367' title='bbox 1288 3441 1454 3483; x_wconf 88' lang='lat' dir='ltr'><strong>causa</strong></span> <span class='ocrx_word' id='word_1_368' title='bbox 1484 3426 1553 3482; x_wconf 90' lang='lat' dir='ltr'><strong>ad</strong></span> <span class='ocrx_word' id='word_1_369' title='bbox 1579 3425 1818 3481; x_wconf 85' lang='lat' dir='ltr'><strong>nobilem</strong></span> <span class='ocrx_word' id='word_1_370' title='bbox 1841 3423 2010 3494; x_wconf 80' lang='lat' dir='ltr'><strong>Regis</strong></span> 
     </span>
    </p>
   </div>
   <div class='ocr_carea' id='block_1_51' title="bbox 429 3517 2012 3596">
    <p class='ocr_par' dir='ltr' id='par_1_51' title="bbox 429 3517 2012 3596">
     <span class='ocr_line' id='line_1_51' title="bbox 429 3517 2012 3596; baseline -0.008 -12"><span class='ocrx_word' id='word_1_371' title='bbox 429 3529 676 3588; x_wconf 82' lang='lat' dir='ltr'><strong>domum,</strong></span> <span class='ocrx_word' id='word_1_372' title='bbox 708 3538 831 3596; x_wconf 64' lang='lat' dir='ltr'><strong>quae</strong></span> <span class='ocrx_word' id='word_1_373' title='bbox 861 3536 964 3579; x_wconf 90' lang='lat' dir='ltr'><strong>nos</strong></span> <span class='ocrx_word' id='word_1_374' title='bbox 991 3522 1098 3595; x_wconf 87' lang='lat' dir='ltr'><strong>ipsi</strong></span> <span class='ocrx_word' id='word_1_375' title='bbox 1129 3535 1345 3588; x_wconf 88' lang='lat' dir='ltr'><strong>sumus,</strong></span> <span class='ocrx_word' id='word_1_376' title='bbox 1396 3534 1552 3575; x_wconf 86' lang='lat' dir='ltr'><strong>arma</strong></span> <span class='ocrx_word' id='word_1_377' title='bbox 1590 3517 1878 3575; x_wconf 67' lang='lat' dir='ltr'><strong>homicida:</strong></span> <span class='ocrx_word' id='word_1_378' title='bbox 1920 3532 2012 3573; x_wconf 88' lang='lat' dir='ltr'><strong>ca-</strong></span> 
     </span>
    </p>
   </div>
   <div class='ocr_carea' id='block_1_52' title="bbox 435 3611 2010 3689">
    <p class='ocr_par' dir='ltr' id='par_1_52' title="bbox 435 3611 2010 3689">
     <span class='ocr_line' id='line_1_52' title="bbox 435 3611 2010 3689; baseline -0.008 -12"><span class='ocrx_word' id='word_1_379' title='bbox 435 3620 774 3678; x_wconf 70' lang='lat' dir='ltr'><strong>codmmonis</strong></span> <span class='ocrx_word' id='word_1_380' title='bbox 803 3618 1113 3689; x_wconf 87' lang='lat' dir='ltr'><strong>irrumpere</strong></span> <span class='ocrx_word' id='word_1_381' title='bbox 1156 3630 1226 3672; x_wconf 93' lang='lat' dir='ltr'><strong>ne</strong></span> <span class='ocrx_word' id='word_1_382' title='bbox 1263 3613 1665 3687; x_wconf 86' lang='lat' dir='ltr'><strong>permittamus.</strong></span> <span class='ocrx_word' id='word_1_383' title='bbox 1699 3611 1841 3669; x_wconf 81' lang='lat' dir='ltr'><strong>Dicit</strong></span> <span class='ocrx_word' id='word_1_384' title='bbox 1866 3612 2010 3667; x_wconf 90' lang='lat' dir='ltr'><strong>enim</strong></span> 
     </span>
    </p>
   </div>
   <div class='ocr_carea' id='block_1_53' title="bbox 431 3703 2014 3780">
    <p class='ocr_par' dir='ltr' id='par_1_53' title="bbox 431 3703 2014 3780">
     <span class='ocr_line' id='line_1_53' title="bbox 431 3703 2014 3780; baseline -0.008 -9"><span class='ocrx_word' id='word_1_385' title='bbox 431 3714 577 3771; x_wconf 84' lang='lat' dir='ltr'><strong>Deus</strong></span> <span class='ocrx_word' id='word_1_386' title='bbox 613 3730 628 3768; x_wconf 90' lang='lat'><strong>:</strong></span> <span class='ocrx_word' id='word_1_387' title='bbox 659 3709 994 3767; x_wconf 73' lang='lat' dir='ltr'><strong>inhabitabo</strong></span> <span class='ocrx_word' id='word_1_388' title='bbox 1030 3708 1174 3764; x_wconf 92' lang='lat' dir='ltr'><strong>inter</strong></span> <span class='ocrx_word' id='word_1_389' title='bbox 1214 3708 1362 3780; x_wconf 89' lang='lat' dir='ltr'><strong>ipsos</strong></span> <span class='ocrx_word' id='word_1_390' title='bbox 1407 3715 1463 3762; x_wconf 91' lang='lat' dir='ltr'><strong>et</strong></span> <span class='ocrx_word' id='word_1_391' title='bbox 1491 3706 1870 3763; x_wconf 82' lang='lat' dir='ltr'><strong>deatnhuiaho.</strong></span> <span class='ocrx_word' id='word_1_392' title='bbox 1902 3703 2014 3759; x_wconf 79' lang='lat' dir='ltr'><strong>Ma-</strong></span> 
     </span>
    </p>
   </div>
   <div class='ocr_carea' id='block_1_54' title="bbox 433 3795 2012 3863">
    <p class='ocr_par' dir='ltr' id='par_1_54' title="bbox 433 3795 2012 3863">
     <span class='ocr_line' id='line_1_54' title="bbox 433 3795 2012 3863; baseline -0.007 -2"><span class='ocrx_word' id='word_1_393' title='bbox 433 3806 520 3863; x_wconf 90' lang='lat' dir='ltr'><strong>lus</strong></span> <span class='ocrx_word' id='word_1_394' title='bbox 553 3818 692 3862; x_wconf 81' lang='lat' dir='ltr'><strong>vero</strong></span> <span class='ocrx_word' id='word_1_395' title='bbox 728 3802 940 3858; x_wconf 60' lang='lat' dir='ltr'><strong>daemon</strong></span> <span class='ocrx_word' id='word_1_396' title='bbox 974 3809 1028 3856; x_wconf 89' lang='lat' dir='ltr'><strong>et</strong></span> <span class='ocrx_word' id='word_1_397' title='bbox 1075 3797 1346 3855; x_wconf 88' lang='lat' dir='ltr'><strong>homicida</strong></span> <span class='ocrx_word' id='word_1_398' title='bbox 1388 3797 1458 3854; x_wconf 91' lang='lat' dir='ltr'><strong>ah</strong></span> <span class='ocrx_word' id='word_1_399' title='bbox 1507 3795 1671 3852; x_wconf 88' lang='lat' dir='ltr'><strong>initio</strong></span> <span class='ocrx_word' id='word_1_400' title='bbox 1731 3797 2012 3853; x_wconf 86' lang='lat' dir='ltr'><strong>hominem</strong></span> 
     </span>
    </p>
   </div>
   <div class='ocr_carea' id='block_1_55' title="bbox 433 3888 2011 3964">
    <p class='ocr_par' dir='ltr' id='par_1_55' title="bbox 433 3888 2011 3964">
     <span class='ocr_line' id='line_1_55' title="bbox 433 3888 2011 3964; baseline -0.008 -7"><span class='ocrx_word' id='word_1_401' title='bbox 433 3900 562 3957; x_wconf 92' lang='lat' dir='ltr'><strong>odio</strong></span> <span class='ocrx_word' id='word_1_402' title='bbox 621 3897 838 3961; x_wconf 88' lang='lat' dir='ltr'><strong>habuit,</strong></span> <span class='ocrx_word' id='word_1_403' title='bbox 883 3910 1008 3951; x_wconf 90' lang='lat' dir='ltr'><strong>cum</strong></span> <span class='ocrx_word' id='word_1_404' title='bbox 1044 3892 1316 3964; x_wconf 86' lang='lat' dir='ltr'><strong>superbus</strong></span> <span class='ocrx_word' id='word_1_405' title='bbox 1361 3892 1434 3949; x_wconf 89' lang='lat' dir='ltr'><strong>sit</strong></span> <span class='ocrx_word' id='word_1_406' title='bbox 1472 3901 1524 3946; x_wconf 90' lang='lat' dir='ltr'><strong>et</strong></span> <span class='ocrx_word' id='word_1_407' title='bbox 1581 3888 2011 3962; x_wconf 84' lang='lat' dir='ltr'><strong>supplantator;</strong></span> 
     </span>
    </p>
   </div>
   <div class='ocr_carea' id='block_1_56' title="bbox 432 3981 2012 4065">
    <p class='ocr_par' dir='ltr' id='par_1_56' title="bbox 432 3981 2012 4065">
     <span class='ocr_line' id='line_1_56' title="bbox 432 3981 2012 4065; baseline -0.008 -17"><span class='ocrx_word' id='word_1_408' title='bbox 432 4005 487 4048; x_wconf 88' lang='lat' dir='ltr'><strong>ct</strong></span> <span class='ocrx_word' id='word_1_409' title='bbox 527 4007 622 4065; x_wconf 85' lang='lat' dir='ltr'><strong>per</strong></span> <span class='ocrx_word' id='word_1_410' title='bbox 655 4006 778 4047; x_wconf 85' lang='lat' dir='ltr'><strong>eunt</strong></span> <span class='ocrx_word' id='word_1_411' title='bbox 815 3986 1017 4044; x_wconf 88' lang='lat' dir='ltr'><strong>invitlia</strong></span> <span class='ocrx_word' id='word_1_412' title='bbox 1048 3995 1232 4042; x_wconf 88' lang='lat' dir='ltr'><strong>ortum</strong></span> <span class='ocrx_word' id='word_1_413' title='bbox 1265 3985 1480 4050; x_wconf 86' lang='lat' dir='ltr'><strong>habuit,</strong></span> <span class='ocrx_word' id='word_1_414' title='bbox 1527 3991 1582 4040; x_wconf 90' lang='lat' dir='ltr'><strong>et</strong></span> <span class='ocrx_word' id='word_1_415' title='bbox 1617 3999 1714 4055; x_wconf 88' lang='lat' dir='ltr'><strong>per</strong></span> <span class='ocrx_word' id='word_1_416' title='bbox 1751 3981 2012 4038; x_wconf 88' lang='lat' dir='ltr'><strong>invidiam</strong></span> 
     </span>
    </p>
   </div>
   <div class='ocr_carea' id='block_1_57' title="bbox 441 4078 2014 4154">
    <p class='ocr_par' dir='ltr' id='par_1_57' title="bbox 441 4078 2014 4154">
     <span class='ocr_line' id='line_1_57' title="bbox 441 4078 2014 4154; baseline -0.01 -11"><span class='ocrx_word' id='word_1_417' title='bbox 441 4101 594 4144; x_wconf 87' lang='lat' dir='ltr'><strong>mors</strong></span> <span class='ocrx_word' id='word_1_418' title='bbox 647 4081 906 4154; x_wconf 76' lang='lat' dir='ltr'><strong>regnavit</strong></span> <span class='ocrx_word' id='word_1_419' title='bbox 963 4081 1019 4136; x_wconf 90' lang='lat' dir='ltr'><strong>in</strong></span> <span class='ocrx_word' id='word_1_420' title='bbox 1075 4080 1258 4136; x_wconf 83' lang='lat' dir='ltr'><strong>nobis.</strong></span> <span class='ocrx_word' id='word_1_421' title='bbox 1333 4078 1589 4135; x_wconf 86' lang='lat' dir='ltr'><strong>Christus</strong></span> <span class='ocrx_word' id='word_1_422' title='bbox 1644 4085 1823 4132; x_wconf 91' lang='lat' dir='ltr'><strong>autem</strong></span> <span class='ocrx_word' id='word_1_423' title='bbox 1886 4088 2014 4129; x_wconf 85' lang='lat' dir='ltr'><strong>cum</strong></span> 
     </span>
    </p>
   </div>
   <div class='ocr_carea' id='block_1_58' title="bbox 434 4158 2016 4250">
    <p class='ocr_par' dir='ltr' id='par_1_58' title="bbox 434 4158 2016 4250">
     <span class='ocr_line' id='line_1_58' title="bbox 434 4158 2016 4250; baseline -0.012 -12"><span class='ocrx_word' id='word_1_424' title='bbox 434 4180 674 4240; x_wconf 85' lang='lat' dir='ltr'><strong>venisset</strong></span> <span class='ocrx_word' id='word_1_425' title='bbox 728 4158 1022 4250; x_wconf 77' lang='lat' dir='ltr'><strong>tyrannum</strong></span> <span class='ocrx_word' id='word_1_426' title='bbox 1069 4173 1253 4244; x_wconf 71' lang='lat' dir='ltr'><strong>eiecit,</strong></span> <span class='ocrx_word' id='word_1_427' title='bbox 1288 4188 1398 4243; x_wconf 90' lang='lat' dir='ltr'><strong>quo</strong></span> <span class='ocrx_word' id='word_1_428' title='bbox 1433 4174 1608 4242; x_wconf 71' lang='lat' dir='ltr'><strong>eiecto</strong></span> <span class='ocrx_word' id='word_1_429' title='bbox 1649 4169 1786 4226; x_wconf 88' lang='lat' dir='ltr'><strong>nihil</strong></span> <span class='ocrx_word' id='word_1_430' title='bbox 1824 4182 2016 4224; x_wconf 87' lang='lat' dir='ltr'><strong>eorum</strong></span> 
     </span>
    </p>
   </div>
   <div class='ocr_carea' id='block_1_59' title="bbox 437 4265 1944 4349">
    <p class='ocr_par' dir='ltr' id='par_1_59' title="bbox 437 4265 1944 4349">
     <span class='ocr_line' id='line_1_59' title="bbox 437 4265 1944 4349; baseline -0.012 -15"><span class='ocrx_word' id='word_1_431' title='bbox 437 4275 673 4349; x_wconf 88' lang='lat' dir='ltr'><strong>amplius</strong></span> <span class='ocrx_word' id='word_1_432' title='bbox 700 4279 964 4344; x_wconf 88' lang='lat' dir='ltr'><strong>operatur</strong></span> <span class='ocrx_word' id='word_1_433' title='bbox 991 4283 1114 4340; x_wconf 82' lang='lat' dir='ltr'><strong>quae</strong></span> <span class='ocrx_word' id='word_1_434' title='bbox 1145 4276 1306 4324; x_wconf 84' lang='lat' dir='ltr'><strong>antea</strong></span> <span class='ocrx_word' id='word_1_435' title='bbox 1331 4267 1384 4322; x_wconf 88' lang='lat' dir='ltr'><strong>in</strong></span> <span class='ocrx_word' id='word_1_436' title='bbox 1411 4268 1530 4338; x_wconf 84' lang='lat' dir='ltr'><strong>ipso</strong></span> <span class='ocrx_word' id='word_1_437' title='bbox 1553 4265 1944 4336; x_wconf 87' lang='lat' dir='ltr'><strong>operabantur.</strong></span> 
     </span>
    </p>
   </div>
   <div class='ocr_carea' id='block_1_60' title="bbox 508 4359 2018 4438">
    <p class='ocr_par' dir='ltr' id='par_1_60' title="bbox 508 4359 2018 4438">
     <span class='ocr_line' id='line_1_60' title="bbox 508 4359 2018 4438; baseline -0.013 -10"><span class='ocrx_word' id='word_1_438' title='bbox 508 4367 797 4438; x_wconf 83' lang='lat' dir='ltr'><strong>Quomodo</strong></span> <span class='ocrx_word' id='word_1_439' title='bbox 839 4367 1006 4438; x_wconf 81' lang='lat' dir='ltr'><strong>igitur</strong></span> <span class='ocrx_word' id='word_1_440' title='bbox 1031 4364 1408 4435; x_wconf 85' lang='lat' dir='ltr'><strong>opcrahuntur</strong></span> <span class='ocrx_word' id='word_1_441' title='bbox 1433 4359 1642 4432; x_wconf 87' lang='lat' dir='ltr'><strong>aliquid</strong></span> <span class='ocrx_word' id='word_1_442' title='bbox 1673 4370 2018 4428; x_wconf 55' lang='lat' dir='ltr'><strong>quacunque</strong></span> 
     </span>
    </p>
   </div>
   <div class='ocr_carea' id='block_1_61' title="bbox 439 4447 2022 4535">
    <p class='ocr_par' dir='ltr' id='par_1_61' title="bbox 439 4447 2022 4535">
     <span class='ocr_line' id='line_1_61' title="bbox 439 4447 2022 4535; baseline -0.013 -16"><span class='ocrx_word' id='word_1_443' title='bbox 439 4469 764 4535; x_wconf 84' lang='lat' dir='ltr'><strong>potestatem</strong></span> <span class='ocrx_word' id='word_1_444' title='bbox 793 4456 1065 4514; x_wconf 78' lang='lat' dir='ltr'><strong>habebant</strong></span> <span class='ocrx_word' id='word_1_445' title='bbox 1089 4464 1379 4525; x_wconf 84' lang='lat' dir='ltr'><strong>antequam</strong></span> <span class='ocrx_word' id='word_1_446' title='bbox 1399 4461 1670 4524; x_wconf 78' lang='lat' dir='ltr'><strong>tyrannus</strong></span> <span class='ocrx_word' id='word_1_447' title='bbox 1691 4447 2022 4522; x_wconf 83' lang='lat' dir='ltr'><strong>ejiceretur?</strong></span> 
     </span>
    </p>
   </div>
   <div class='ocr_carea' id='block_1_62' title="bbox 2105 1950 3688 2022">
    <p class='ocr_par' dir='ltr' id='par_1_62' title="bbox 2105 1950 3688 2022">
     <span class='ocr_line' id='line_1_62' title="bbox 2105 1950 3688 2022; baseline -0.001 -16"><span class='ocrx_word' id='word_1_448' title='bbox 2105 1958 2400 2009; x_wconf 90' lang='lat' dir='ltr'><strong>cusserunt</strong></span> <span class='ocrx_word' id='word_1_449' title='bbox 2431 1952 2524 2022; x_wconf 90' lang='lat' dir='ltr'><strong>qui</strong></span> <span class='ocrx_word' id='word_1_450' title='bbox 2576 1959 2740 2008; x_wconf 84' lang='lat' dir='ltr'><strong>teme</strong></span> <span class='ocrx_word' id='word_1_451' title='bbox 2787 1951 3145 2008; x_wconf 86' lang='lat' dir='ltr'><strong>fundamenta</strong></span> <span class='ocrx_word' id='word_1_452' title='bbox 3188 1958 3488 2007; x_wconf 89' lang='lat' dir='ltr'><strong>concutere</strong></span> <span class='ocrx_word' id='word_1_453' title='bbox 3525 1950 3688 2006; x_wconf 86' lang='lat' dir='ltr'><strong>solet.</strong></span> 
     </span>
    </p>
   </div>
   <div class='ocr_carea' id='block_1_63' title="bbox 2103 2043 3688 2116">
    <p class='ocr_par' dir='ltr' id='par_1_63' title="bbox 2103 2043 3688 2116">
     <span class='ocr_line' id='line_1_63' title="bbox 2103 2043 3688 2116; baseline 0 -16"><span class='ocrx_word' id='word_1_454' title='bbox 2103 2043 2161 2100; x_wconf 65' lang='grc' dir='ltr'><strong>ιιι</strong></span> <span class='ocrx_word' id='word_1_455' title='bbox 2210 2045 2374 2101; x_wconf 87' lang='lat' dir='ltr'><strong>etiam</strong></span> <span class='ocrx_word' id='word_1_456' title='bbox 2409 2045 2567 2103; x_wconf 86' lang='lat' dir='ltr'><strong>nobis</strong></span> <span class='ocrx_word' id='word_1_457' title='bbox 2599 2045 2921 2110; x_wconf 85' lang='lat' dir='ltr'><strong>declaravit,</strong></span> <span class='ocrx_word' id='word_1_458' title='bbox 2959 2062 3068 2101; x_wconf 87' lang='lat' dir='ltr'><strong>nett</strong></span> <span class='ocrx_word' id='word_1_459' title='bbox 3098 2046 3276 2102; x_wconf 88' lang='lat' dir='ltr'><strong>solum</strong></span> <span class='ocrx_word' id='word_1_460' title='bbox 3317 2061 3379 2101; x_wconf 84' lang='lat' dir='ltr'><strong>ea</strong></span> <span class='ocrx_word' id='word_1_461' title='bbox 3432 2045 3688 2116; x_wconf 78' lang='lat' dir='ltr'><strong>longani-</strong></span> 
     </span>
    </p>
   </div>
   <div class='ocr_carea' id='block_1_64' title="bbox 2103 2138 3687 2212">
    <p class='ocr_par' dir='ltr' id='par_1_64' title="bbox 2103 2138 3687 2212">
     <span class='ocr_line' id='line_1_64' title="bbox 2103 2138 3687 2212; baseline 0 -17"><span class='ocrx_word' id='word_1_462' title='bbox 2103 2139 2292 2195; x_wconf 88' lang='lat' dir='ltr'><strong>mitate</strong></span> <span class='ocrx_word' id='word_1_463' title='bbox 2349 2153 2458 2210; x_wconf 90' lang='lat' dir='ltr'><strong>qua</strong></span> <span class='ocrx_word' id='word_1_464' title='bbox 2506 2138 2816 2212; x_wconf 81' lang='lat' dir='ltr'><strong>perferebat</strong></span> <span class='ocrx_word' id='word_1_465' title='bbox 2865 2139 3124 2210; x_wconf 78' lang='lat' dir='ltr'><strong>injurias,</strong></span> <span class='ocrx_word' id='word_1_466' title='bbox 3166 2155 3356 2195; x_wconf 88' lang='lat' dir='ltr'><strong>verum</strong></span> <span class='ocrx_word' id='word_1_467' title='bbox 3401 2140 3566 2195; x_wconf 87' lang='lat' dir='ltr'><strong>etiam</strong></span> <span class='ocrx_word' id='word_1_468' title='bbox 3618 2154 3687 2195; x_wconf 74' lang='lat' dir='ltr'><strong>ex</strong></span> 
     </span>
    </p>
   </div>
   <div class='ocr_carea' id='block_1_65' title="bbox 2105 2232 3509 2305">
    <p class='ocr_par' dir='ltr' id='par_1_65' title="bbox 2105 2232 3509 2305">
     <span class='ocr_line' id='line_1_65' title="bbox 2105 2232 3509 2305; baseline 0 -17"><span class='ocrx_word' id='word_1_469' title='bbox 2105 2241 2298 2290; x_wconf 89' lang='lat' dir='ltr'><strong>nostra</strong></span> <span class='ocrx_word' id='word_1_470' title='bbox 2326 2232 2383 2288; x_wconf 92' lang='lat' dir='ltr'><strong>in</strong></span> <span class='ocrx_word' id='word_1_471' title='bbox 2411 2245 2597 2296; x_wconf 88' lang='lat' dir='ltr'><strong>carne,</strong></span> <span class='ocrx_word' id='word_1_472' title='bbox 2631 2247 2795 2305; x_wconf 88' lang='lat' dir='ltr'><strong>quam</strong></span> <span class='ocrx_word' id='word_1_473' title='bbox 2829 2234 3148 2304; x_wconf 87' lang='lat' dir='ltr'><strong>assumpsit,</strong></span> <span class='ocrx_word' id='word_1_474' title='bbox 3182 2232 3509 2290; x_wconf 89' lang='lat' dir='ltr'><strong>humilitate.</strong></span> 
     </span>
    </p>
   </div>
   <div class='ocr_carea' id='block_1_66' title="bbox 2177 2321 3691 2395">
    <p class='ocr_par' dir='ltr' id='par_1_66' title="bbox 2177 2321 3691 2395">
     <span class='ocr_line' id='line_1_66' title="bbox 2177 2321 3691 2395; baseline 0.001 -18"><span class='ocrx_word' id='word_1_475' title='bbox 2177 2321 2320 2391; x_wconf 88' lang='lat' dir='ltr'><strong>Quid</strong></span> <span class='ocrx_word' id='word_1_476' title='bbox 2362 2323 2508 2380; x_wconf 90' lang='lat' dir='ltr'><strong>enim</strong></span> <span class='ocrx_word' id='word_1_477' title='bbox 2557 2323 2722 2379; x_wconf 86' lang='lat' dir='ltr'><strong>vilius</strong></span> <span class='ocrx_word' id='word_1_478' title='bbox 2777 2324 3158 2394; x_wconf 88' lang='lat' dir='ltr'><strong>corruptione,</strong></span> <span class='ocrx_word' id='word_1_479' title='bbox 3203 2339 3370 2395; x_wconf 90' lang='lat' dir='ltr'><strong>quam</strong></span> <span class='ocrx_word' id='word_1_480' title='bbox 3413 2338 3546 2380; x_wconf 89' lang='lat' dir='ltr'><strong>caro</strong></span> <span class='ocrx_word' id='word_1_481' title='bbox 3573 2323 3691 2394; x_wconf 77' lang='lat' dir='ltr'><strong>ipsa</strong></span> 
     </span>
    </p>
   </div>
   <div class='ocr_carea' id='block_1_67' title="bbox 2110 2414 3695 2473">
    <p class='ocr_par' dir='ltr' id='par_1_67' title="bbox 2110 2414 3695 2473">
     <span class='ocr_line' id='line_1_67' title="bbox 2110 2414 3695 2473; baseline -0.004 -2"><span class='ocrx_word' id='word_1_482' title='bbox 2110 2415 2447 2473; x_wconf 66' lang='lat' dir='ltr'><strong>hatreditatis</strong></span> <span class='ocrx_word' id='word_1_483' title='bbox 2491 2415 2614 2472; x_wconf 91' lang='lat' dir='ltr'><strong>loco</strong></span> <span class='ocrx_word' id='word_1_484' title='bbox 2669 2415 2924 2471; x_wconf 90' lang='lat' dir='ltr'><strong>obtinet?</strong></span> <span class='ocrx_word' id='word_1_485' title='bbox 2956 2414 3322 2472; x_wconf 82' lang='lat' dir='ltr'><strong>Nihilominus</strong></span> <span class='ocrx_word' id='word_1_486' title='bbox 3358 2415 3558 2471; x_wconf 85' lang='lat' dir='ltr'><strong>nullus</strong></span> <span class='ocrx_word' id='word_1_487' title='bbox 3583 2416 3695 2470; x_wconf 81' lang='lat' dir='ltr'><strong>ira-</strong></span> 
     </span>
    </p>
   </div>
   <div class='ocr_carea' id='block_1_68' title="bbox 2106 2507 3694 2578">
    <p class='ocr_par' dir='ltr' id='par_1_68' title="bbox 2106 2507 3694 2578">
     <span class='ocr_line' id='line_1_68' title="bbox 2106 2507 3694 2578; baseline -0.001 -15"><span class='ocrx_word' id='word_1_488' title='bbox 2106 2509 2282 2564; x_wconf 89' lang='lat' dir='ltr'><strong>scitur</strong></span> <span class='ocrx_word' id='word_1_489' title='bbox 2327 2507 2598 2564; x_wconf 84' lang='lat' dir='ltr'><strong>imbecilli</strong></span> <span class='ocrx_word' id='word_1_490' title='bbox 2652 2507 2791 2578; x_wconf 86' lang='lat' dir='ltr'><strong>parti</strong></span> <span class='ocrx_word' id='word_1_491' title='bbox 2855 2510 3146 2578; x_wconf 89' lang='lat' dir='ltr'><strong>corporis,</strong></span> <span class='ocrx_word' id='word_1_492' title='bbox 3212 2507 3308 2565; x_wconf 88' lang='lat' dir='ltr'><strong>sed</strong></span> <span class='ocrx_word' id='word_1_493' title='bbox 3360 2508 3694 2578; x_wconf 65' lang='lat' dir='ltr'><strong>compatitur</strong></span> 
     </span>
    </p>
   </div>
   <div class='ocr_carea' id='block_1_69' title="bbox 2109 2596 3693 2672">
    <p class='ocr_par' dir='ltr' id='par_1_69' title="bbox 2109 2596 3693 2672">
     <span class='ocr_line' id='line_1_69' title="bbox 2109 2596 3693 2672; baseline -0.002 -17"><span class='ocrx_word' id='word_1_494' title='bbox 2109 2599 2290 2672; x_wconf 86' lang='lat' dir='ltr'><strong>potius</strong></span> <span class='ocrx_word' id='word_1_495' title='bbox 2320 2599 2418 2663; x_wconf 92' lang='lat' dir='ltr'><strong>illi,</strong></span> <span class='ocrx_word' id='word_1_496' title='bbox 2449 2598 2594 2654; x_wconf 87' lang='lat' dir='ltr'><strong>fovet</strong></span> <span class='ocrx_word' id='word_1_497' title='bbox 2631 2598 2778 2654; x_wconf 84' lang='lat' dir='ltr'><strong>illam</strong></span> <span class='ocrx_word' id='word_1_498' title='bbox 2816 2605 2870 2655; x_wconf 87' lang='lat' dir='ltr'><strong>et</strong></span> <span class='ocrx_word' id='word_1_499' title='bbox 2905 2599 2954 2654; x_wconf 90' lang='lat' dir='ltr'><strong>ei</strong></span> <span class='ocrx_word' id='word_1_500' title='bbox 2983 2596 3090 2654; x_wconf 87' lang='lat' dir='ltr'><strong>fert</strong></span> <span class='ocrx_word' id='word_1_501' title='bbox 3120 2613 3302 2670; x_wconf 90' lang='lat' dir='ltr'><strong>opem.</strong></span> <span class='ocrx_word' id='word_1_502' title='bbox 3341 2597 3397 2652; x_wconf 91' lang='lat' dir='ltr'><strong>Si</strong></span> <span class='ocrx_word' id='word_1_503' title='bbox 3441 2599 3605 2671; x_wconf 82' lang='lat' dir='ltr'><strong>igitur</strong></span> <span class='ocrx_word' id='word_1_504' title='bbox 3635 2599 3693 2653; x_wconf 90' lang='lat' dir='ltr'><strong>in</strong></span> 
     </span>
    </p>
   </div>
   <div class='ocr_carea' id='block_1_70' title="bbox 2109 2691 3690 2765">
    <p class='ocr_par' dir='ltr' id='par_1_70' title="bbox 2109 2691 3690 2765">
     <span class='ocr_line' id='line_1_70' title="bbox 2109 2691 3690 2765; baseline -0.001 -17"><span class='ocrx_word' id='word_1_505' title='bbox 2109 2695 2276 2748; x_wconf 88' lang='lat' dir='ltr'><strong>rebus</strong></span> <span class='ocrx_word' id='word_1_506' title='bbox 2302 2707 2425 2765; x_wconf 70' lang='lat' dir='ltr'><strong>quae</strong></span> <span class='ocrx_word' id='word_1_507' title='bbox 2450 2703 2579 2748; x_wconf 85' lang='lat' dir='ltr'><strong>sunt</strong></span> <span class='ocrx_word' id='word_1_508' title='bbox 2606 2691 2861 2748; x_wconf 68' lang='lat' dir='ltr'><strong>obnoxiae</strong></span> <span class='ocrx_word' id='word_1_509' title='bbox 2893 2692 3234 2764; x_wconf 90' lang='lat' dir='ltr'><strong>corruptioni</strong></span> <span class='ocrx_word' id='word_1_510' title='bbox 3275 2692 3350 2747; x_wconf 85' lang='lat' dir='ltr'><strong>ita</strong></span> <span class='ocrx_word' id='word_1_511' title='bbox 3383 2693 3499 2748; x_wconf 77' lang='lat' dir='ltr'><strong>fleri</strong></span> <span class='ocrx_word' id='word_1_512' title='bbox 3526 2692 3690 2758; x_wconf 87' lang='lat' dir='ltr'><strong>solet,</strong></span> 
     </span>
    </p>
   </div>
   <div class='ocr_carea' id='block_1_71' title="bbox 2109 2781 3686 2855">
    <p class='ocr_par' dir='ltr' id='par_1_71' title="bbox 2109 2781 3686 2855">
     <span class='ocr_line' id='line_1_71' title="bbox 2109 2781 3686 2855; baseline 0.001 -18"><span class='ocrx_word' id='word_1_513' title='bbox 2109 2791 2316 2853; x_wconf 89' lang='lat' dir='ltr'><strong>quanto</strong></span> <span class='ocrx_word' id='word_1_514' title='bbox 2346 2784 2520 2855; x_wconf 88' lang='lat' dir='ltr'><strong>magis</strong></span> <span class='ocrx_word' id='word_1_515' title='bbox 2547 2783 2600 2838; x_wconf 85' lang='lat' dir='ltr'><strong>in</strong></span> <span class='ocrx_word' id='word_1_516' title='bbox 2633 2781 2718 2839; x_wconf 88' lang='lat' dir='ltr'><strong>his</strong></span> <span class='ocrx_word' id='word_1_517' title='bbox 2750 2783 2913 2839; x_wconf 88' lang='lat' dir='ltr'><strong>rebus</strong></span> <span class='ocrx_word' id='word_1_518' title='bbox 2937 2799 3059 2855; x_wconf 84' lang='lat' dir='ltr'><strong>quae</strong></span> <span class='ocrx_word' id='word_1_519' title='bbox 3083 2784 3437 2855; x_wconf 86' lang='lat' dir='ltr'><strong>corruptione</strong></span> <span class='ocrx_word' id='word_1_520' title='bbox 3461 2782 3686 2838; x_wconf 84' lang='lat' dir='ltr'><strong>carenti</strong></span> 
     </span>
    </p>
   </div>
   <div class='ocr_carea' id='block_1_72' title="bbox 2109 2872 3692 2948">
    <p class='ocr_par' dir='ltr' id='par_1_72' title="bbox 2109 2872 3692 2948">
     <span class='ocr_line' id='line_1_72' title="bbox 2109 2872 3692 2948; baseline -0.001 -18"><span class='ocrx_word' id='word_1_521' title='bbox 2109 2872 2187 2931; x_wconf 87' lang='lat' dir='ltr'><strong>Ne</strong></span> <span class='ocrx_word' id='word_1_522' title='bbox 2219 2884 2444 2948; x_wconf 83' lang='lat' dir='ltr'><strong>propter</strong></span> <span class='ocrx_word' id='word_1_523' title='bbox 2467 2875 2810 2946; x_wconf 84' lang='lat' dir='ltr'><strong>iniquitatem</strong></span> <span class='ocrx_word' id='word_1_524' title='bbox 2839 2875 3009 2948; x_wconf 89' lang='lat' dir='ltr'><strong>iniqui</strong></span> <span class='ocrx_word' id='word_1_525' title='bbox 3035 2875 3252 2944; x_wconf 89' lang='lat' dir='ltr'><strong>fiamus,</strong></span> <span class='ocrx_word' id='word_1_526' title='bbox 3285 2875 3379 2932; x_wconf 88' lang='lat' dir='ltr'><strong>sed</strong></span> <span class='ocrx_word' id='word_1_527' title='bbox 3411 2877 3692 2931; x_wconf 85' lang='lat' dir='ltr'><strong>vincamus</strong></span> 
     </span>
    </p>
   </div>
   <div class='ocr_carea' id='block_1_73' title="bbox 2111 2966 3698 3036">
    <p class='ocr_par' dir='ltr' id='par_1_73' title="bbox 2111 2966 3698 3036">
     <span class='ocr_line' id='line_1_73' title="bbox 2111 2966 3698 3036; baseline 0.001 -13"><span class='ocrx_word' id='word_1_528' title='bbox 2111 2967 2165 3034; x_wconf 87' lang='lat' dir='ltr'><strong>in</strong></span> <span class='ocrx_word' id='word_1_529' title='bbox 2206 2966 2607 3030; x_wconf 83' lang='lat' dir='ltr'><strong>misericordia,</strong></span> <span class='ocrx_word' id='word_1_530' title='bbox 2657 2978 2716 3024; x_wconf 85' lang='lat' dir='ltr'><strong>ut</strong></span> <span class='ocrx_word' id='word_1_531' title='bbox 2755 2967 2868 3025; x_wconf 91' lang='lat' dir='ltr'><strong>Deo</strong></span> <span class='ocrx_word' id='word_1_532' title='bbox 2912 2967 3041 3024; x_wconf 86' lang='lat' dir='ltr'><strong>facti</strong></span> <span class='ocrx_word' id='word_1_533' title='bbox 3085 2970 3235 3036; x_wconf 87' lang='lat' dir='ltr'><strong>boni,</strong></span> <span class='ocrx_word' id='word_1_534' title='bbox 3285 2969 3450 3026; x_wconf 88' lang='lat' dir='ltr'><strong>etiam</strong></span> <span class='ocrx_word' id='word_1_535' title='bbox 3485 2983 3587 3024; x_wconf 93' lang='lat' dir='ltr'><strong>nos</strong></span> <span class='ocrx_word' id='word_1_536' title='bbox 3626 2971 3698 3025; x_wconf 87' lang='lat' dir='ltr'><strong>ab</strong></span> 
     </span>
    </p>
   </div>
   <div class='ocr_carea' id='block_1_74' title="bbox 2110 3055 3695 3131">
    <p class='ocr_par' dir='ltr' id='par_1_74' title="bbox 2110 3055 3695 3131">
     <span class='ocr_line' id='line_1_74' title="bbox 2110 3055 3695 3131; baseline 0.001 -17"><span class='ocrx_word' id='word_1_537' title='bbox 2110 3072 2176 3114; x_wconf 86' lang='lat' dir='ltr'><strong>eo</strong></span> <span class='ocrx_word' id='word_1_538' title='bbox 2205 3055 2523 3129; x_wconf 88' lang='lat' dir='ltr'><strong>diligamur.</strong></span> <span class='ocrx_word' id='word_1_539' title='bbox 2553 3057 2741 3130; x_wconf 86' lang='lat' dir='ltr'><strong>Neque</strong></span> <span class='ocrx_word' id='word_1_540' title='bbox 2774 3069 3003 3131; x_wconf 83' lang='lat' dir='ltr'><strong>propter</strong></span> <span class='ocrx_word' id='word_1_541' title='bbox 3047 3060 3282 3116; x_wconf 88' lang='lat' dir='ltr'><strong>aliorum</strong></span> <span class='ocrx_word' id='word_1_542' title='bbox 3319 3060 3695 3116; x_wconf 86' lang='lat' dir='ltr'><strong>infirmitatem</strong></span> 
     </span>
    </p>
   </div>
   <div class='ocr_carea' id='block_1_75' title="bbox 2111 3149 3697 3225">
    <p class='ocr_par' dir='ltr' id='par_1_75' title="bbox 2111 3149 3697 3225">
     <span class='ocr_line' id='line_1_75' title="bbox 2111 3149 3697 3225; baseline 0.002 -19"><span class='ocrx_word' id='word_1_543' title='bbox 2111 3149 2276 3206; x_wconf 85' lang='lat' dir='ltr'><strong>etiam</strong></span> <span class='ocrx_word' id='word_1_544' title='bbox 2305 3165 2410 3208; x_wconf 89' lang='lat' dir='ltr'><strong>nos</strong></span> <span class='ocrx_word' id='word_1_545' title='bbox 2436 3151 2634 3208; x_wconf 86' lang='lat' dir='ltr'><strong>infirmi</strong></span> <span class='ocrx_word' id='word_1_546' title='bbox 2660 3151 2981 3223; x_wconf 83' lang='lat' dir='ltr'><strong>reddamur,</strong></span> <span class='ocrx_word' id='word_1_547' title='bbox 3007 3153 3103 3209; x_wconf 87' lang='lat' dir='ltr'><strong>sed</strong></span> <span class='ocrx_word' id='word_1_548' title='bbox 3127 3154 3333 3225; x_wconf 90' lang='lat' dir='ltr'><strong>potius,</strong></span> <span class='ocrx_word' id='word_1_549' title='bbox 3374 3154 3420 3210; x_wconf 90' lang='lat' dir='ltr'><strong>si</strong></span> <span class='ocrx_word' id='word_1_550' title='bbox 3453 3153 3567 3209; x_wconf 81' lang='lat' dir='ltr'><strong>fieri</strong></span> <span class='ocrx_word' id='word_1_551' title='bbox 3602 3168 3697 3225; x_wconf 88' lang='lat' dir='ltr'><strong>po-</strong></span> 
     </span>
    </p>
   </div>
   <div class='ocr_carea' id='block_1_76' title="bbox 2111 3246 3696 3318">
    <p class='ocr_par' dir='ltr' id='par_1_76' title="bbox 2111 3246 3696 3318">
     <span class='ocr_line' id='line_1_76' title="bbox 2111 3246 3696 3318; baseline 0.001 -17"><span class='ocrx_word' id='word_1_552' title='bbox 2111 3253 2253 3310; x_wconf 85' lang='lat' dir='ltr'><strong>test,</strong></span> <span class='ocrx_word' id='word_1_553' title='bbox 2296 3258 2363 3301; x_wconf 77' lang='lat' dir='ltr'><strong>ex</strong></span> <span class='ocrx_word' id='word_1_554' title='bbox 2411 3255 2599 3302; x_wconf 85' lang='lat' dir='ltr'><strong>nostra</strong></span> <span class='ocrx_word' id='word_1_555' title='bbox 2633 3246 2788 3301; x_wconf 90' lang='lat' dir='ltr'><strong>firma</strong></span> <span class='ocrx_word' id='word_1_556' title='bbox 2828 3247 3144 3303; x_wconf 85' lang='lat' dir='ltr'><strong>valetudine</strong></span> <span class='ocrx_word' id='word_1_557' title='bbox 3190 3246 3397 3318; x_wconf 88' lang='lat' dir='ltr'><strong>aliquid</strong></span> <span class='ocrx_word' id='word_1_558' title='bbox 3459 3246 3696 3303; x_wconf 87' lang='lat' dir='ltr'><strong>infirmis</strong></span> 
     </span>
    </p>
   </div>
   <div class='ocr_carea' id='block_1_77' title="bbox 2111 3337 3697 3411">
    <p class='ocr_par' dir='ltr' id='par_1_77' title="bbox 2111 3337 3697 3411">
     <span class='ocr_line' id='line_1_77' title="bbox 2111 3337 3697 3411; baseline 0 -17"><span class='ocrx_word' id='word_1_559' title='bbox 2111 3337 2431 3411; x_wconf 89' lang='lat' dir='ltr'><strong>largiamur,</strong></span> <span class='ocrx_word' id='word_1_560' title='bbox 2474 3352 2533 3394; x_wconf 89' lang='lat' dir='ltr'><strong>ut</strong></span> <span class='ocrx_word' id='word_1_561' title='bbox 2569 3339 2648 3394; x_wconf 89' lang='lat' dir='ltr'><strong>illi</strong></span> <span class='ocrx_word' id='word_1_562' title='bbox 2681 3346 2970 3406; x_wconf 89' lang='lat' dir='ltr'><strong>sanentur,</strong></span> <span class='ocrx_word' id='word_1_563' title='bbox 3017 3352 3118 3395; x_wconf 90' lang='lat' dir='ltr'><strong>nec</strong></span> <span class='ocrx_word' id='word_1_564' title='bbox 3161 3339 3396 3409; x_wconf 83' lang='lat' dir='ltr'><strong>amplius</strong></span> <span class='ocrx_word' id='word_1_565' title='bbox 3425 3337 3697 3394; x_wconf 85' lang='lat' dir='ltr'><strong>claudicet</strong></span> 
     </span>
    </p>
   </div>
   <div class='ocr_carea' id='block_1_78' title="bbox 2113 3431 3699 3507">
    <p class='ocr_par' dir='ltr' id='par_1_78' title="bbox 2113 3431 3699 3507">
     <span class='ocr_line' id='line_1_78' title="bbox 2113 3431 3699 3507; baseline 0.002 -19"><span class='ocrx_word' id='word_1_566' title='bbox 2113 3432 2206 3504; x_wconf 90' lang='lat' dir='ltr'><strong>qui</strong></span> <span class='ocrx_word' id='word_1_567' title='bbox 2239 3431 2470 3489; x_wconf 88' lang='lat' dir='ltr'><strong>claudus</strong></span> <span class='ocrx_word' id='word_1_568' title='bbox 2495 3442 2603 3499; x_wconf 89' lang='lat' dir='ltr'><strong>est,</strong></span> <span class='ocrx_word' id='word_1_569' title='bbox 2642 3441 2699 3489; x_wconf 91' lang='lat' dir='ltr'><strong>et</strong></span> <span class='ocrx_word' id='word_1_570' title='bbox 2722 3432 2934 3490; x_wconf 90' lang='lat' dir='ltr'><strong>festuca</strong></span> <span class='ocrx_word' id='word_1_571' title='bbox 2965 3435 3035 3492; x_wconf 89' lang='lat' dir='ltr'><strong>ab</strong></span> <span class='ocrx_word' id='word_1_572' title='bbox 3058 3435 3180 3507; x_wconf 89' lang='lat' dir='ltr'><strong>ejus</strong></span> <span class='ocrx_word' id='word_1_573' title='bbox 3207 3434 3382 3489; x_wconf 88' lang='lat' dir='ltr'><strong>oculis</strong></span> <span class='ocrx_word' id='word_1_574' title='bbox 3413 3449 3699 3490; x_wconf 88' lang='lat' dir='ltr'><strong>removea-</strong></span> 
     </span>
    </p>
   </div>
   <div class='ocr_carea' id='block_1_79' title="bbox 2117 3523 3690 3601">
    <p class='ocr_par' dir='ltr' id='par_1_79' title="bbox 2117 3523 3690 3601">
     <span class='ocr_line' id='line_1_79' title="bbox 2117 3523 3690 3601; baseline 0.004 -24"><span class='ocrx_word' id='word_1_575' title='bbox 2117 3534 2225 3592; x_wconf 88' lang='lat' dir='ltr'><strong>tur,</strong></span> <span class='ocrx_word' id='word_1_576' title='bbox 2263 3533 2318 3581; x_wconf 90' lang='lat' dir='ltr'><strong>et</strong></span> <span class='ocrx_word' id='word_1_577' title='bbox 2339 3524 2519 3580; x_wconf 90' lang='lat' dir='ltr'><strong>videat</strong></span> <span class='ocrx_word' id='word_1_578' title='bbox 2555 3523 2720 3582; x_wconf 87' lang='lat' dir='ltr'><strong>frater</strong></span> <span class='ocrx_word' id='word_1_579' title='bbox 2749 3541 2938 3584; x_wconf 74' lang='lat' dir='ltr'><strong>noswr</strong></span> <span class='ocrx_word' id='word_1_580' title='bbox 2958 3544 3082 3601; x_wconf 81' lang='lat' dir='ltr'><strong>qua:</strong></span> <span class='ocrx_word' id='word_1_581' title='bbox 3104 3527 3247 3585; x_wconf 88' lang='lat' dir='ltr'><strong>bona</strong></span> <span class='ocrx_word' id='word_1_582' title='bbox 3270 3535 3402 3584; x_wconf 88' lang='lat' dir='ltr'><strong>sunt</strong></span> <span class='ocrx_word' id='word_1_583' title='bbox 3429 3535 3489 3583; x_wconf 90' lang='lat' dir='ltr'><strong>et</strong></span> <span class='ocrx_word' id='word_1_584' title='bbox 3517 3537 3690 3598; x_wconf 77' lang='lat' dir='ltr'><strong>recta,</strong></span> 
     </span>
    </p>
   </div>
   <div class='ocr_carea' id='block_1_80' title="bbox 2115 3617 3698 3695">
    <p class='ocr_par' dir='ltr' id='par_1_80' title="bbox 2115 3617 3698 3695">
     <span class='ocr_line' id='line_1_80' title="bbox 2115 3617 3698 3695; baseline 0.006 -23"><span class='ocrx_word' id='word_1_585' title='bbox 2115 3617 2588 3687; x_wconf 85' lang='lat' dir='ltr'><strong>Quemadmodum</strong></span> <span class='ocrx_word' id='word_1_586' title='bbox 2627 3622 2773 3675; x_wconf 88' lang='lat' dir='ltr'><strong>enim</strong></span> <span class='ocrx_word' id='word_1_587' title='bbox 2810 3638 2906 3695; x_wconf 83' lang='lat' dir='ltr'><strong>pes</strong></span> <span class='ocrx_word' id='word_1_588' title='bbox 2937 3637 3108 3681; x_wconf 88' lang='lat' dir='ltr'><strong>sanus</strong></span> <span class='ocrx_word' id='word_1_589' title='bbox 3145 3639 3256 3680; x_wconf 90' lang='lat' dir='ltr'><strong>non</strong></span> <span class='ocrx_word' id='word_1_590' title='bbox 3292 3623 3590 3688; x_wconf 90' lang='lat' dir='ltr'><strong>claudicat,</strong></span> <span class='ocrx_word' id='word_1_591' title='bbox 3623 3625 3698 3681; x_wconf 91' lang='lat' dir='ltr'><strong>ita</strong></span> 
     </span>
    </p>
   </div>
   <div class='ocr_carea' id='block_1_81' title="bbox 2116 3712 3699 3774">
    <p class='ocr_par' dir='ltr' id='par_1_81' title="bbox 2116 3712 3699 3774">
     <span class='ocr_line' id='line_1_81' title="bbox 2116 3712 3699 3774; baseline 0.003 -6"><span class='ocrx_word' id='word_1_592' title='bbox 2116 3714 2313 3770; x_wconf 87' lang='lat' dir='ltr'><strong>oculus</strong></span> <span class='ocrx_word' id='word_1_593' title='bbox 2340 3729 2445 3770; x_wconf 91' lang='lat' dir='ltr'><strong>non</strong></span> <span class='ocrx_word' id='word_1_594' title='bbox 2466 3712 2798 3770; x_wconf 87' lang='lat' dir='ltr'><strong>allucinatns</strong></span> <span class='ocrx_word' id='word_1_595' title='bbox 2817 3714 3018 3770; x_wconf 89' lang='lat' dir='ltr'><strong>videbit</strong></span> <span class='ocrx_word' id='word_1_596' title='bbox 3042 3724 3210 3771; x_wconf 89' lang='lat' dir='ltr'><strong>recta.</strong></span> <span class='ocrx_word' id='word_1_597' title='bbox 3233 3714 3329 3770; x_wconf 75' lang='lat' dir='ltr'><strong>frte</strong></span> <span class='ocrx_word' id='word_1_598' title='bbox 3345 3714 3507 3771; x_wconf 85' lang='lat' dir='ltr'><strong>etiam</strong></span> <span class='ocrx_word' id='word_1_599' title='bbox 3521 3718 3699 3774; x_wconf 88' lang='lat' dir='ltr'><strong>omnis</strong></span> 
     </span>
    </p>
   </div>
   <div class='ocr_carea' id='block_1_82' title="bbox 2116 3807 3694 3878">
    <p class='ocr_par' dir='ltr' id='par_1_82' title="bbox 2116 3807 3694 3878">
     <span class='ocr_line' id='line_1_82' title="bbox 2116 3807 3694 3878; baseline 0 -16"><span class='ocrx_word' id='word_1_600' title='bbox 2116 3807 2461 3863; x_wconf 69' lang='lat' dir='ltr'><strong>exacerbatio</strong></span> <span class='ocrx_word' id='word_1_601' title='bbox 2491 3809 2667 3864; x_wconf 90' lang='lat' dir='ltr'><strong>oritur</strong></span> <span class='ocrx_word' id='word_1_602' title='bbox 2689 3823 2755 3863; x_wconf 74' lang='lat' dir='ltr'><strong>es</strong></span> <span class='ocrx_word' id='word_1_603' title='bbox 2790 3807 3132 3864; x_wconf 89' lang='lat' dir='ltr'><strong>infirmitate.</strong></span> <span class='ocrx_word' id='word_1_604' title='bbox 3172 3807 3227 3863; x_wconf 89' lang='lat' dir='ltr'><strong>Si</strong></span> <span class='ocrx_word' id='word_1_605' title='bbox 3263 3823 3390 3863; x_wconf 86' lang='lat' dir='ltr'><strong>vero</strong></span> <span class='ocrx_word' id='word_1_606' title='bbox 3439 3808 3694 3878; x_wconf 87' lang='lat' dir='ltr'><strong>corporis</strong></span> 
     </span>
    </p>
   </div>
   <div class='ocr_carea' id='block_1_83' title="bbox 2120 3898 3698 3971">
    <p class='ocr_par' dir='ltr' id='par_1_83' title="bbox 2120 3898 3698 3971">
     <span class='ocr_line' id='line_1_83' title="bbox 2120 3898 3698 3971; baseline -0.001 -17"><span class='ocrx_word' id='word_1_607' title='bbox 2120 3900 2362 3956; x_wconf 87' lang='lat' dir='ltr'><strong>membra</strong></span> <span class='ocrx_word' id='word_1_608' title='bbox 2407 3916 2514 3956; x_wconf 91' lang='lat' dir='ltr'><strong>non</strong></span> <span class='ocrx_word' id='word_1_609' title='bbox 2558 3900 2955 3971; x_wconf 83' lang='lat' dir='ltr'><strong>percutiemus,</strong></span> <span class='ocrx_word' id='word_1_610' title='bbox 2999 3899 3095 3956; x_wconf 90' lang='lat' dir='ltr'><strong>sed</strong></span> <span class='ocrx_word' id='word_1_611' title='bbox 3146 3900 3328 3971; x_wconf 88' lang='lat' dir='ltr'><strong>potius</strong></span> <span class='ocrx_word' id='word_1_612' title='bbox 3375 3898 3698 3966; x_wconf 85' lang='lat' dir='ltr'><strong>fovebimus,</strong></span> 
     </span>
    </p>
   </div>
   <div class='ocr_carea' id='block_1_84' title="bbox 2120 3993 3701 4065">
    <p class='ocr_par' dir='ltr' id='par_1_84' title="bbox 2120 3993 3701 4065">
     <span class='ocr_line' id='line_1_84' title="bbox 2120 3993 3701 4065; baseline -0.001 -16"><span class='ocrx_word' id='word_1_613' title='bbox 2120 4008 2222 4049; x_wconf 87' lang='lat' dir='ltr'><strong>cur</strong></span> <span class='ocrx_word' id='word_1_614' title='bbox 2257 4008 2382 4049; x_wconf 89' lang='lat' dir='ltr'><strong>eum</strong></span> <span class='ocrx_word' id='word_1_615' title='bbox 2413 3993 2506 4064; x_wconf 86' lang='lat' dir='ltr'><strong>qui</strong></span> <span class='ocrx_word' id='word_1_616' title='bbox 2540 3995 2838 4050; x_wconf 89' lang='lat' dir='ltr'><strong>secundum</strong></span> <span class='ocrx_word' id='word_1_617' title='bbox 2873 3993 3130 4065; x_wconf 86' lang='lat' dir='ltr'><strong>spiritum</strong></span> <span class='ocrx_word' id='word_1_618' title='bbox 3173 3993 3427 4049; x_wconf 83' lang='lat' dir='ltr'><strong>infirmus</strong></span> <span class='ocrx_word' id='word_1_619' title='bbox 3454 4001 3557 4060; x_wconf 87' lang='lat' dir='ltr'><strong>est,</strong></span> <span class='ocrx_word' id='word_1_620' title='bbox 3591 4008 3701 4049; x_wconf 89' lang='lat' dir='ltr'><strong>non</strong></span> 
     </span>
    </p>
   </div>
   <div class='ocr_carea' id='block_1_85' title="bbox 2120 4086 3702 4159">
    <p class='ocr_par' dir='ltr' id='par_1_85' title="bbox 2120 4086 3702 4159">
     <span class='ocr_line' id='line_1_85' title="bbox 2120 4086 3702 4159; baseline 0.003 -18"><span class='ocrx_word' id='word_1_621' title='bbox 2120 4086 2530 4155; x_wconf 82' lang='lat' dir='ltr'><strong>miscrahimur,</strong></span> <span class='ocrx_word' id='word_1_622' title='bbox 2585 4087 2681 4144; x_wconf 88' lang='lat' dir='ltr'><strong>sed</strong></span> <span class='ocrx_word' id='word_1_623' title='bbox 2739 4089 2966 4144; x_wconf 87' lang='lat' dir='ltr'><strong>vulnera</strong></span> <span class='ocrx_word' id='word_1_624' title='bbox 3008 4088 3192 4159; x_wconf 87' lang='lat' dir='ltr'><strong>potius</strong></span> <span class='ocrx_word' id='word_1_625' title='bbox 3230 4087 3558 4158; x_wconf 78' lang='lat' dir='ltr'><strong>indigemus,</strong></span> <span class='ocrx_word' id='word_1_626' title='bbox 3598 4103 3702 4146; x_wconf 59' lang='lat' dir='ltr'><strong>no.-</strong></span> 
     </span>
    </p>
   </div>
   <div class='ocr_carea' id='block_1_86' title="bbox 2122 4178 3699 4250">
    <p class='ocr_par' dir='ltr' id='par_1_86' title="bbox 2122 4178 3699 4250">
     <span class='ocr_line' id='line_1_86' title="bbox 2122 4178 3699 4250; baseline -0.001 -16"><span class='ocrx_word' id='word_1_627' title='bbox 2122 4186 2293 4234; x_wconf 89' lang='lat' dir='ltr'><strong>stram</strong></span> <span class='ocrx_word' id='word_1_628' title='bbox 2319 4180 2714 4236; x_wconf 85' lang='lat' dir='ltr'><strong>conscientiam</strong></span> <span class='ocrx_word' id='word_1_629' title='bbox 2751 4181 2956 4250; x_wconf 88' lang='lat' dir='ltr'><strong>pariter</strong></span> <span class='ocrx_word' id='word_1_630' title='bbox 2993 4181 3395 4236; x_wconf 78' lang='lat' dir='ltr'><strong>vulnerantes?</strong></span> <span class='ocrx_word' id='word_1_631' title='bbox 3429 4178 3539 4236; x_wconf 88' lang='lat' dir='ltr'><strong>Sed</strong></span> <span class='ocrx_word' id='word_1_632' title='bbox 3568 4179 3699 4234; x_wconf 83' lang='lat' dir='ltr'><strong>talia</strong></span> 
     </span>
    </p>
   </div>
   <div class='ocr_carea' id='block_1_87' title="bbox 2122 4269 3702 4343">
    <p class='ocr_par' dir='ltr' id='par_1_87' title="bbox 2122 4269 3702 4343">
     <span class='ocr_line' id='line_1_87' title="bbox 2122 4269 3702 4343; baseline -0.001 -18"><span class='ocrx_word' id='word_1_633' title='bbox 2122 4269 2304 4328; x_wconf 86' lang='lat' dir='ltr'><strong>facere</strong></span> <span class='ocrx_word' id='word_1_634' title='bbox 2330 4288 2439 4327; x_wconf 93' lang='lat' dir='ltr'><strong>non</strong></span> <span class='ocrx_word' id='word_1_635' title='bbox 2469 4278 2558 4328; x_wconf 88' lang='lat' dir='ltr'><strong>est</strong></span> <span class='ocrx_word' id='word_1_636' title='bbox 2588 4272 2740 4327; x_wconf 90' lang='lat' dir='ltr'><strong>illum</strong></span> <span class='ocrx_word' id='word_1_637' title='bbox 2772 4271 3001 4336; x_wconf 89' lang='lat' dir='ltr'><strong>imitari,</strong></span> <span class='ocrx_word' id='word_1_638' title='bbox 3035 4272 3126 4343; x_wconf 88' lang='lat' dir='ltr'><strong>qui</strong></span> <span class='ocrx_word' id='word_1_639' title='bbox 3163 4288 3256 4341; x_wconf 87' lang='lat' dir='ltr'><strong>per</strong></span> <span class='ocrx_word' id='word_1_640' title='bbox 3289 4271 3515 4328; x_wconf 74' lang='lat' dir='ltr'><strong>vulnera</strong></span> <span class='ocrx_word' id='word_1_641' title='bbox 3547 4271 3702 4326; x_wconf 78' lang='lat' dir='ltr'><strong>devi-</strong></span> 
     </span>
    </p>
   </div>
   <div class='ocr_carea' id='block_1_88' title="bbox 2121 4363 3698 4437">
    <p class='ocr_par' dir='ltr' id='par_1_88' title="bbox 2121 4363 3698 4437">
     <span class='ocr_line' id='line_1_88' title="bbox 2121 4363 3698 4437; baseline -0.004 -15"><span class='ocrx_word' id='word_1_642' title='bbox 2121 4363 2196 4422; x_wconf 73' lang='lat' dir='ltr'><strong>Cit</strong></span> <span class='ocrx_word' id='word_1_643' title='bbox 2237 4363 2431 4421; x_wconf 87' lang='lat' dir='ltr'><strong>fortem</strong></span> <span class='ocrx_word' id='word_1_644' title='bbox 2474 4364 2700 4421; x_wconf 89' lang='lat' dir='ltr'><strong>humani</strong></span> <span class='ocrx_word' id='word_1_645' title='bbox 2739 4366 2956 4437; x_wconf 89' lang='lat' dir='ltr'><strong>generis</strong></span> <span class='ocrx_word' id='word_1_646' title='bbox 3003 4366 3239 4429; x_wconf 88' lang='lat' dir='ltr'><strong>hostem,</strong></span> <span class='ocrx_word' id='word_1_647' title='bbox 3279 4374 3334 4419; x_wconf 92' lang='lat' dir='ltr'><strong>et</strong></span> <span class='ocrx_word' id='word_1_648' title='bbox 3363 4363 3458 4436; x_wconf 87' lang='lat' dir='ltr'><strong>qui</strong></span> <span class='ocrx_word' id='word_1_649' title='bbox 3501 4363 3698 4420; x_wconf 85' lang='lat' dir='ltr'><strong>debilia</strong></span> 
     </span>
    </p>
   </div>
   <div class='ocr_carea' id='block_1_89' title="bbox 2122 4456 3702 4515">
    <p class='ocr_par' dir='ltr' id='par_1_89' title="bbox 2122 4456 3702 4515">
     <span class='ocr_line' id='line_1_89' title="bbox 2122 4456 3702 4515; baseline -0.003 -2"><span class='ocrx_word' id='word_1_650' title='bbox 2122 4458 2486 4514; x_wconf 86' lang='lat' dir='ltr'><strong>confirmavit.</strong></span> <span class='ocrx_word' id='word_1_651' title='bbox 2517 4456 2722 4515; x_wconf 75' lang='lat' dir='ltr'><strong>Sumus</strong></span> <span class='ocrx_word' id='word_1_652' title='bbox 2745 4458 2978 4514; x_wconf 88' lang='lat' dir='ltr'><strong>invicem</strong></span> <span class='ocrx_word' id='word_1_653' title='bbox 3006 4457 3250 4514; x_wconf 91' lang='lat' dir='ltr'><strong>membra</strong></span> <span class='ocrx_word' id='word_1_654' title='bbox 3280 4475 3295 4512; x_wconf 91' lang='lat'><strong>:</strong></span> <span class='ocrx_word' id='word_1_655' title='bbox 3324 4456 3702 4513; x_wconf 86' lang='lat' dir='ltr'><strong>custodiamus</strong></span> 
     </span>
    </p>
   </div>
   <div class='ocr_carea' id='block_1_90' title="bbox 440 4544 3700 4625">
    <p class='ocr_par' dir='ltr' id='par_1_90' title="bbox 440 4544 3700 4625">
     <span class='ocr_line' id='line_1_90' title="bbox 440 4544 3700 4625; baseline -0.008 -9"><span class='ocrx_word' id='word_1_656' title='bbox 440 4559 500 4616; x_wconf 78' lang='lat' dir='ltr'><strong>Si</strong></span> <span class='ocrx_word' id='word_1_657' title='bbox 543 4556 796 4615; x_wconf 87' lang='lat' dir='ltr'><strong>videlicet</strong></span> <span class='ocrx_word' id='word_1_658' title='bbox 836 4552 1048 4608; x_wconf 80' lang='lat' dir='ltr'><strong>Domini</strong></span> <span class='ocrx_word' id='word_1_659' title='bbox 1097 4550 1380 4607; x_wconf 75' lang='lat' dir='ltr'><strong>victoriam</strong></span> <span class='ocrx_word' id='word_1_660' title='bbox 1429 4547 1643 4604; x_wconf 89' lang='lat' dir='ltr'><strong>irritam</strong></span> <span class='ocrx_word' id='word_1_661' title='bbox 1699 4544 2018 4610; x_wconf 74' lang='lat' dir='ltr'><strong>reddamus,</strong></span> <span class='ocrx_word' id='word_1_662' title='bbox 2048 4551 2102 4612; x_wconf 86' lang='lat' dir='ltr'><strong>D</strong></span> <span class='ocrx_word' id='word_1_663' title='bbox 2129 4559 2416 4625; x_wconf 73' lang='lat' dir='ltr'><strong>propterea</strong></span> <span class='ocrx_word' id='word_1_664' title='bbox 2445 4551 2663 4623; x_wconf 74' lang='lat' dir='ltr'><strong>mystici</strong></span> <span class='ocrx_word' id='word_1_665' title='bbox 2687 4551 2937 4622; x_wconf 77' lang='lat' dir='ltr'><strong>corporis</strong></span> <span class='ocrx_word' id='word_1_666' title='bbox 2979 4551 3371 4622; x_wconf 59' lang='lat' dir='ltr'><strong>integritatem,</strong></span> <span class='ocrx_word' id='word_1_667' title='bbox 3408 4565 3476 4604; x_wconf 76' lang='lat' dir='ltr'><strong>ne</strong></span> <span class='ocrx_word' id='word_1_668' title='bbox 3502 4548 3700 4620; x_wconf 61' lang='lat' dir='ltr'><strong>pel-da.</strong></span> 
     </span>
    </p>
   </div>
   <div class='ocr_carea' id='block_1_91' title="bbox 442 4636 2021 4724">
    <p class='ocr_par' dir='ltr' id='par_1_91' title="bbox 442 4636 2021 4724">
     <span class='ocr_line' id='line_1_91' title="bbox 442 4636 2021 4724; baseline -0.013 -14"><span class='ocrx_word' id='word_1_669' title='bbox 442 4662 498 4710; x_wconf 86' lang='lat' dir='ltr'><strong>et</strong></span> <span class='ocrx_word' id='word_1_670' title='bbox 536 4659 828 4724; x_wconf 79' lang='lat' dir='ltr'><strong>tyrannum</strong></span> <span class='ocrx_word' id='word_1_671' title='bbox 860 4647 1094 4716; x_wconf 86' lang='lat' dir='ltr'><strong>ejectum</strong></span> <span class='ocrx_word' id='word_1_672' title='bbox 1117 4644 1275 4716; x_wconf 88' lang='lat' dir='ltr'><strong>quasi</strong></span> <span class='ocrx_word' id='word_1_673' title='bbox 1307 4643 1485 4699; x_wconf 88' lang='lat' dir='ltr'><strong>adlntc</strong></span> <span class='ocrx_word' id='word_1_674' title='bbox 1506 4645 1836 4713; x_wconf 77' lang='lat' dir='ltr'><strong>regnantem</strong></span> <span class='ocrx_word' id='word_1_675' title='bbox 1873 4636 2021 4694; x_wconf 88' lang='lat' dir='ltr'><strong>cola-</strong></span> 
     </span>
    </p>
   </div>
   <div class='ocr_carea' id='block_1_92' title="bbox 436 4732 2019 4808">
    <p class='ocr_par' dir='ltr' id='par_1_92' title="bbox 436 4732 2019 4808">
     <span class='ocr_line' id='line_1_92' title="bbox 436 4732 2019 4808; baseline -0.013 -5"><span class='ocrx_word' id='word_1_676' title='bbox 436 4762 568 4803; x_wconf 81' lang='lat' dir='ltr'><strong>mus</strong></span> <span class='ocrx_word' id='word_1_677' title='bbox 602 4754 657 4802; x_wconf 86' lang='lat' dir='ltr'><strong>et</strong></span> <span class='ocrx_word' id='word_1_678' title='bbox 688 4755 1035 4802; x_wconf 84' lang='lat' dir='ltr'><strong>veneremur.</strong></span> <span class='ocrx_word' id='word_1_679' title='bbox 1064 4738 1282 4808; x_wconf 82' lang='lat' dir='ltr'><strong>Cuique</strong></span> <span class='ocrx_word' id='word_1_680' title='bbox 1310 4745 1490 4791; x_wconf 89' lang='lat' dir='ltr'><strong>autem</strong></span> <span class='ocrx_word' id='word_1_681' title='bbox 1521 4732 1655 4790; x_wconf 88' lang='lat' dir='ltr'><strong>satis</strong></span> <span class='ocrx_word' id='word_1_682' title='bbox 1687 4737 1832 4804; x_wconf 87' lang='lat' dir='ltr'><strong>patet</strong></span> <span class='ocrx_word' id='word_1_683' title='bbox 1859 4744 2019 4800; x_wconf 84' lang='lat' dir='ltr'><strong>quam</strong></span> 
     </span>
    </p>
   </div>
   <div class='ocr_carea' id='block_1_93' title="bbox 444 4823 2022 4898">
    <p class='ocr_par' dir='ltr' id='par_1_93' title="bbox 444 4823 2022 4898">
     <span class='ocr_line' id='line_1_93' title="bbox 444 4823 2022 4898; baseline -0.014 0"><span class='ocrx_word' id='word_1_684' title='bbox 444 4841 518 4898; x_wconf 94' lang='lat' dir='ltr'><strong>sit</strong></span> <span class='ocrx_word' id='word_1_685' title='bbox 570 4841 674 4896; x_wconf 85' lang='lat' dir='ltr'><strong>hoc</strong></span> <span class='ocrx_word' id='word_1_686' title='bbox 715 4833 1048 4893; x_wconf 87' lang='lat' dir='ltr'><strong>damnabile.</strong></span> <span class='ocrx_word' id='word_1_687' title='bbox 1092 4829 1495 4886; x_wconf 85' lang='lat' dir='ltr'><strong>Convertamus</strong></span> <span class='ocrx_word' id='word_1_688' title='bbox 1543 4824 1711 4896; x_wconf 79' lang='lat' dir='ltr'><strong>igitur</strong></span> <span class='ocrx_word' id='word_1_689' title='bbox 1755 4823 2022 4878; x_wconf 87' lang='lat' dir='ltr'><strong>adversus</strong></span> 
     </span>
    </p>
   </div>
   <div class='ocr_carea' id='block_1_94' title="bbox 444 4913 2024 4997">
    <p class='ocr_par' dir='ltr' id='par_1_94' title="bbox 444 4913 2024 4997">
     <span class='ocr_line' id='line_1_94' title="bbox 444 4913 2024 4997; baseline -0.013 -10"><span class='ocrx_word' id='word_1_690' title='bbox 444 4946 569 4986; x_wconf 89' lang='lat' dir='ltr'><strong>eum</strong></span> <span class='ocrx_word' id='word_1_691' title='bbox 600 4943 751 4985; x_wconf 89' lang='lat' dir='ltr'><strong>arma</strong></span> <span class='ocrx_word' id='word_1_692' title='bbox 780 4941 902 4997; x_wconf 70' lang='lat' dir='ltr'><strong>qua:</strong></span> <span class='ocrx_word' id='word_1_693' title='bbox 936 4923 1054 4996; x_wconf 89' lang='lat' dir='ltr'><strong>ipse</strong></span> <span class='ocrx_word' id='word_1_694' title='bbox 1093 4924 1235 4976; x_wconf 85' lang='lat' dir='ltr'><strong>male</strong></span> <span class='ocrx_word' id='word_1_695' title='bbox 1269 4919 1322 4975; x_wconf 91' lang='lat' dir='ltr'><strong>in</strong></span> <span class='ocrx_word' id='word_1_696' title='bbox 1359 4917 1566 4974; x_wconf 86' lang='lat' dir='ltr'><strong>malitia</strong></span> <span class='ocrx_word' id='word_1_697' title='bbox 1598 4929 1697 4972; x_wconf 84' lang='lat' dir='ltr'><strong>sua</strong></span> <span class='ocrx_word' id='word_1_698' title='bbox 1727 4913 1831 4970; x_wconf 88' lang='lat' dir='ltr'><strong>sibi</strong></span> <span class='ocrx_word' id='word_1_699' title='bbox 1864 4927 2024 4984; x_wconf 83' lang='lat' dir='ltr'><strong>para-</strong></span> 
     </span>
    </p>
   </div>
   <div class='ocr_carea' id='block_1_95' title="bbox 445 5003 2024 5088">
    <p class='ocr_par' dir='ltr' id='par_1_95' title="bbox 445 5003 2024 5088">
     <span class='ocr_line' id='line_1_95' title="bbox 445 5003 2024 5088; baseline -0.013 -10"><span class='ocrx_word' id='word_1_700' title='bbox 445 5023 546 5088; x_wconf 91' lang='lat' dir='ltr'><strong>vit,</strong></span> <span class='ocrx_word' id='word_1_701' title='bbox 587 5037 709 5078; x_wconf 86' lang='lat' dir='ltr'><strong>eum</strong></span> <span class='ocrx_word' id='word_1_702' title='bbox 744 5016 1002 5073; x_wconf 87' lang='lat' dir='ltr'><strong>videlicet</strong></span> <span class='ocrx_word' id='word_1_703' title='bbox 1034 5013 1162 5068; x_wconf 83' lang='lat' dir='ltr'><strong>odio</strong></span> <span class='ocrx_word' id='word_1_704' title='bbox 1201 5017 1617 5083; x_wconf 86' lang='lat' dir='ltr'><strong>prosequentes,</strong></span> <span class='ocrx_word' id='word_1_705' title='bbox 1664 5013 1720 5063; x_wconf 92' lang='lat' dir='ltr'><strong>et</strong></span> <span class='ocrx_word' id='word_1_706' title='bbox 1761 5003 2024 5060; x_wconf 82' lang='lat' dir='ltr'><strong>invidiam</strong></span> 
     </span>
    </p>
   </div>
   <div class='ocr_carea' id='block_1_96' title="bbox 447 5096 2023 5180">
    <p class='ocr_par' dir='ltr' id='par_1_96' title="bbox 447 5096 2023 5180">
     <span class='ocr_line' id='line_1_96' title="bbox 447 5096 2023 5180; baseline -0.016 -8"><span class='ocrx_word' id='word_1_707' title='bbox 447 5121 636 5172; x_wconf 87' lang='lat' dir='ltr'><strong>contra</strong></span> <span class='ocrx_word' id='word_1_708' title='bbox 669 5111 850 5180; x_wconf 85' lang='lat' dir='ltr'><strong>ipsum</strong></span> <span class='ocrx_word' id='word_1_709' title='bbox 883 5114 1254 5170; x_wconf 79' lang='lat' dir='ltr'><strong>nssumentes,</strong></span> <span class='ocrx_word' id='word_1_710' title='bbox 1295 5102 1736 5173; x_wconf 88' lang='lat' dir='ltr'><strong>quandocunqne</strong></span> <span class='ocrx_word' id='word_1_711' title='bbox 1767 5098 1884 5170; x_wconf 86' lang='lat' dir='ltr'><strong>ipse</strong></span> <span class='ocrx_word' id='word_1_712' title='bbox 1911 5096 2023 5168; x_wconf 86' lang='lat' dir='ltr'><strong>jam</strong></span> 
     </span>
    </p>
   </div>
   <div class='ocr_carea' id='block_1_97' title="bbox 452 5191 2032 5266">
    <p class='ocr_par' dir='ltr' id='par_1_97' title="bbox 452 5191 2032 5266">
     <span class='ocr_line' id='line_1_97' title="bbox 452 5191 2032 5266; baseline -0.013 0"><span class='ocrx_word' id='word_1_713' title='bbox 452 5209 616 5266; x_wconf 87' lang='lat' dir='ltr'><strong>morti</strong></span> <span class='ocrx_word' id='word_1_714' title='bbox 663 5204 970 5262; x_wconf 90' lang='lat' dir='ltr'><strong>destinatus</strong></span> <span class='ocrx_word' id='word_1_715' title='bbox 1011 5214 1236 5256; x_wconf 76' lang='lat' dir='ltr'><strong>suarum</strong></span> <span class='ocrx_word' id='word_1_716' title='bbox 1269 5196 1469 5253; x_wconf 84' lang='lat' dir='ltr'><strong>virium</strong></span> <span class='ocrx_word' id='word_1_717' title='bbox 1504 5194 1806 5266; x_wconf 85' lang='lat' dir='ltr'><strong>periculum</strong></span> <span class='ocrx_word' id='word_1_718' title='bbox 1848 5191 2032 5246; x_wconf 86' lang='lat' dir='ltr'><strong>facere</strong></span> 
     </span>
    </p>
   </div>
   <div class='ocr_carea' id='block_1_98' title="bbox 451 5285 2031 5361">
    <p class='ocr_par' dir='ltr' id='par_1_98' title="bbox 451 5285 2031 5361">
     <span class='ocr_line' id='line_1_98' title="bbox 451 5285 2031 5361; baseline -0.015 0"><span class='ocrx_word' id='word_1_719' title='bbox 451 5311 645 5361; x_wconf 88' lang='lat' dir='ltr'><strong>contra</strong></span> <span class='ocrx_word' id='word_1_720' title='bbox 691 5313 793 5355; x_wconf 87' lang='lat' dir='ltr'><strong>nos</strong></span> <span class='ocrx_word' id='word_1_721' title='bbox 845 5293 1085 5350; x_wconf 84' lang='lat' dir='ltr'><strong>voluerit</strong></span> <span class='ocrx_word' id='word_1_722' title='bbox 1137 5306 1200 5346; x_wconf 89' lang='lat' dir='ltr'><strong>ac</strong></span> <span class='ocrx_word' id='word_1_723' title='bbox 1255 5289 1300 5346; x_wconf 90' lang='lat' dir='ltr'><strong>si</strong></span> <span class='ocrx_word' id='word_1_724' title='bbox 1339 5288 1518 5344; x_wconf 83' lang='lat' dir='ltr'><strong>adhuc</strong></span> <span class='ocrx_word' id='word_1_725' title='bbox 1555 5287 1782 5341; x_wconf 85' lang='lat' dir='ltr'><strong>viveret.</strong></span> <span class='ocrx_word' id='word_1_726' title='bbox 1821 5285 2031 5338; x_wconf 82' lang='lat' dir='ltr'><strong>Bonum</strong></span> 
     </span>
    </p>
   </div>
   <div class='ocr_carea' id='block_1_99' title="bbox 457 5379 2033 5451">
    <p class='ocr_par' dir='ltr' id='par_1_99' title="bbox 457 5379 2033 5451">
     <span class='ocr_line' id='line_1_99' title="bbox 457 5379 2033 5451; baseline -0.013 -2"><span class='ocrx_word' id='word_1_727' title='bbox 457 5410 588 5451; x_wconf 82' lang='lat' dir='ltr'><strong>vero</strong></span> <span class='ocrx_word' id='word_1_728' title='bbox 616 5387 906 5448; x_wconf 80' lang='lat' dir='ltr'><strong>charita‘tis</strong></span> <span class='ocrx_word' id='word_1_729' title='bbox 944 5384 1222 5442; x_wconf 87' lang='lat' dir='ltr'><strong>vinculum</strong></span> <span class='ocrx_word' id='word_1_730' title='bbox 1259 5382 1400 5437; x_wconf 88' lang='lat' dir='ltr'><strong>inter</strong></span> <span class='ocrx_word' id='word_1_731' title='bbox 1429 5393 1524 5435; x_wconf 83' lang='lat' dir='ltr'><strong>nos</strong></span> <span class='ocrx_word' id='word_1_732' title='bbox 1562 5379 1864 5434; x_wconf 81' lang='lat' dir='ltr'><strong>adinvicetn</strong></span> <span class='ocrx_word' id='word_1_733' title='bbox 1914 5379 2033 5432; x_wconf 87' lang='lat' dir='ltr'><strong>sine</strong></span> 
     </span>
    </p>
   </div>
   <div class='ocr_carea' id='block_1_100' title="bbox 455 5471 2034 5561">
    <p class='ocr_par' dir='ltr' id='par_1_100' title="bbox 455 5471 2034 5561">
     <span class='ocr_line' id='line_1_100' title="bbox 455 5471 2034 5561; baseline -0.015 -16"><span class='ocrx_word' id='word_1_734' title='bbox 455 5487 682 5561; x_wconf 90' lang='lat' dir='ltr'><strong>querela</strong></span> <span class='ocrx_word' id='word_1_735' title='bbox 717 5494 1132 5543; x_wconf 86' lang='lat' dir='ltr'><strong>conservemus,</strong></span> <span class='ocrx_word' id='word_1_736' title='bbox 1166 5478 1320 5531; x_wconf 90' lang='lat' dir='ltr'><strong>illutn</strong></span> <span class='ocrx_word' id='word_1_737' title='bbox 1356 5475 1658 5537; x_wconf 82' lang='lat' dir='ltr'><strong>imitantes,</strong></span> <span class='ocrx_word' id='word_1_738' title='bbox 1690 5472 1781 5542; x_wconf 91' lang='lat' dir='ltr'><strong>qui</strong></span> <span class='ocrx_word' id='word_1_739' title='bbox 1818 5487 1919 5527; x_wconf 86' lang='lat' dir='ltr'><strong>nos</strong></span> <span class='ocrx_word' id='word_1_740' title='bbox 1947 5471 2034 5524; x_wconf 87' lang='lat' dir='ltr'><strong>di-</strong></span> 
     </span>
    </p>
   </div>
   <div class='ocr_carea' id='block_1_101' title="bbox 456 5564 2037 5648">
    <p class='ocr_par' dir='ltr' id='par_1_101' title="bbox 456 5564 2037 5648">
     <span class='ocr_line' id='line_1_101' title="bbox 456 5564 2037 5648; baseline -0.015 -8"><span class='ocrx_word' id='word_1_741' title='bbox 456 5584 613 5648; x_wconf 78' lang='lat' dir='ltr'><strong>lexit,</strong></span> <span class='ocrx_word' id='word_1_742' title='bbox 652 5578 968 5636; x_wconf 70' lang='lat' dir='ltr'><strong>Dominum,</strong></span> <span class='ocrx_word' id='word_1_743' title='bbox 999 5585 1186 5630; x_wconf 87' lang='lat' dir='ltr'><strong>etnon</strong></span> <span class='ocrx_word' id='word_1_744' title='bbox 1219 5585 1366 5632; x_wconf 92' lang='lat' dir='ltr'><strong>cum,</strong></span> <span class='ocrx_word' id='word_1_745' title='bbox 1399 5569 1489 5639; x_wconf 88' lang='lat' dir='ltr'><strong>qui</strong></span> <span class='ocrx_word' id='word_1_746' title='bbox 1521 5584 1621 5623; x_wconf 88' lang='lat' dir='ltr'><strong>nos</strong></span> <span class='ocrx_word' id='word_1_747' title='bbox 1651 5574 1734 5621; x_wconf 90' lang='lat' dir='ltr'><strong>cst</strong></span> <span class='ocrx_word' id='word_1_748' title='bbox 1760 5564 1888 5621; x_wconf 85' lang='lat' dir='ltr'><strong>odio</strong></span> <span class='ocrx_word' id='word_1_749' title='bbox 1918 5580 2037 5634; x_wconf 63' lang='lat' dir='ltr'><strong>pro.</strong></span> 
     </span>
    </p>
   </div>
   <div class='ocr_carea' id='block_1_102' title="bbox 458 5654 2037 5738">
    <p class='ocr_par' dir='ltr' id='par_1_102' title="bbox 458 5654 2037 5738">
     <span class='ocr_line' id='line_1_102' title="bbox 458 5654 2037 5738; baseline -0.014 -6"><span class='ocrx_word' id='word_1_750' title='bbox 458 5683 708 5738; x_wconf 88' lang='lat' dir='ltr'><strong>secutus,</strong></span> <span class='ocrx_word' id='word_1_751' title='bbox 768 5667 1074 5724; x_wconf 68' lang='lat' dir='ltr'><strong>dmmonem</strong></span> <span class='ocrx_word' id='word_1_752' title='bbox 1113 5679 1128 5729; x_wconf 84' lang='lat'><strong>;</strong></span> <span class='ocrx_word' id='word_1_753' title='bbox 1181 5670 1234 5716; x_wconf 90' lang='lat' dir='ltr'><strong>et</strong></span> <span class='ocrx_word' id='word_1_754' title='bbox 1273 5660 1418 5717; x_wconf 86' lang='lat' dir='ltr'><strong>sicut</strong></span> <span class='ocrx_word' id='word_1_755' title='bbox 1465 5658 1718 5713; x_wconf 78' lang='lat' dir='ltr'><strong>Christus</strong></span> <span class='ocrx_word' id='word_1_756' title='bbox 1770 5654 2037 5710; x_wconf 89' lang='lat' dir='ltr'><strong>Dominus</strong></span> 
     </span>
    </p>
   </div>
   <div class='ocr_carea' id='block_1_103' title="bbox 461 5747 2042 5839">
    <p class='ocr_par' dir='ltr' id='par_1_103' title="bbox 461 5747 2042 5839">
     <span class='ocr_line' id='line_1_103' title="bbox 461 5747 2042 5839; baseline -0.012 -15"><span class='ocrx_word' id='word_1_757' title='bbox 461 5766 782 5839; x_wconf 81' lang='lat' dir='ltr'><strong>iniquitates</strong></span> <span class='ocrx_word' id='word_1_758' title='bbox 807 5769 1026 5816; x_wconf 86' lang='lat' dir='ltr'><strong>nostras</strong></span> <span class='ocrx_word' id='word_1_759' title='bbox 1049 5756 1165 5828; x_wconf 88' lang='lat' dir='ltr'><strong>ipse</strong></span> <span class='ocrx_word' id='word_1_760' title='bbox 1195 5754 1456 5825; x_wconf 85' lang='lat' dir='ltr'><strong>portavit,</strong></span> <span class='ocrx_word' id='word_1_761' title='bbox 1479 5760 1555 5820; x_wconf 89' lang='lat' dir='ltr'><strong>et,</strong></span> <span class='ocrx_word' id='word_1_762' title='bbox 1582 5749 1711 5806; x_wconf 92' lang='lat' dir='ltr'><strong>dum</strong></span> <span class='ocrx_word' id='word_1_763' title='bbox 1735 5747 1926 5805; x_wconf 81' lang='lat' dir='ltr'><strong>dilexit</strong></span> <span class='ocrx_word' id='word_1_764' title='bbox 1943 5763 2042 5805; x_wconf 83' lang='lat' dir='ltr'><strong>nos</strong></span> 
     </span>
    </p>
   </div>
   <div class='ocr_carea' id='block_1_104' title="bbox 457 5841 2041 5933">
    <p class='ocr_par' dir='ltr' id='par_1_104' title="bbox 457 5841 2041 5933">
     <span class='ocr_line' id='line_1_104' title="bbox 457 5841 2041 5933; baseline -0.013 -15"><span class='ocrx_word' id='word_1_765' title='bbox 457 5861 712 5933; x_wconf 84' lang='lat' dir='ltr'><strong>indignos</strong></span> <span class='ocrx_word' id='word_1_766' title='bbox 759 5857 882 5912; x_wconf 85' lang='lat' dir='ltr'><strong>licet</strong></span> <span class='ocrx_word' id='word_1_767' title='bbox 913 5851 1096 5923; x_wconf 84' lang='lat' dir='ltr'><strong>aliquo</strong></span> <span class='ocrx_word' id='word_1_768' title='bbox 1122 5849 1351 5917; x_wconf 72' lang='lat' dir='ltr'><strong>honore,</strong></span> <span class='ocrx_word' id='word_1_769' title='bbox 1389 5858 1659 5905; x_wconf 82' lang='lat' dir='ltr'><strong>summam</strong></span> <span class='ocrx_word' id='word_1_770' title='bbox 1687 5843 1788 5900; x_wconf 90' lang='lat' dir='ltr'><strong>sibi</strong></span> <span class='ocrx_word' id='word_1_771' title='bbox 1814 5841 2041 5913; x_wconf 77' lang='lat' dir='ltr'><strong>gloriam</strong></span> 
     </span>
    </p>
   </div>
   <div class='ocr_carea' id='block_1_105' title="bbox 2124 4641 3705 4716">
    <p class='ocr_par' dir='ltr' id='par_1_105' title="bbox 2124 4641 3705 4716">
     <span class='ocr_line' id='line_1_105' title="bbox 2124 4641 3705 4716; baseline -0.003 -17"><span class='ocrx_word' id='word_1_772' title='bbox 2124 4659 2248 4701; x_wconf 85' lang='lat' dir='ltr'><strong>mus</strong></span> <span class='ocrx_word' id='word_1_773' title='bbox 2278 4643 2682 4716; x_wconf 86' lang='lat' dir='ltr'><strong>nosmetipsos:</strong></span> <span class='ocrx_word' id='word_1_774' title='bbox 2712 4645 2896 4700; x_wconf 89' lang='lat' dir='ltr'><strong>nullus</strong></span> <span class='ocrx_word' id='word_1_775' title='bbox 2915 4643 3062 4700; x_wconf 81' lang='lat' dir='ltr'><strong>enim</strong></span> <span class='ocrx_word' id='word_1_776' title='bbox 3095 4652 3308 4699; x_wconf 89' lang='lat' dir='ltr'><strong>suamet</strong></span> <span class='ocrx_word' id='word_1_777' title='bbox 3329 4641 3505 4712; x_wconf 89' lang='lat' dir='ltr'><strong>perdit</strong></span> <span class='ocrx_word' id='word_1_778' title='bbox 3531 4656 3705 4696; x_wconf 82' lang='lat' dir='ltr'><strong>mem-</strong></span> 
     </span>
    </p>
   </div>
   <div class='ocr_carea' id='block_1_106' title="bbox 2128 4734 3703 4808">
    <p class='ocr_par' dir='ltr' id='par_1_106' title="bbox 2128 4734 3703 4808">
     <span class='ocr_line' id='line_1_106' title="bbox 2128 4734 3703 4808; baseline -0.002 -17"><span class='ocrx_word' id='word_1_779' title='bbox 2128 4737 2243 4793; x_wconf 90' lang='lat' dir='ltr'><strong>hra.</strong></span> <span class='ocrx_word' id='word_1_780' title='bbox 2291 4735 2348 4792; x_wconf 88' lang='lat' dir='ltr'><strong>Si</strong></span> <span class='ocrx_word' id='word_1_781' title='bbox 2385 4752 2513 4794; x_wconf 90' lang='lat' dir='ltr'><strong>vero</strong></span> <span class='ocrx_word' id='word_1_782' title='bbox 2545 4736 2752 4808; x_wconf 89' lang='lat' dir='ltr'><strong>aliquid</strong></span> <span class='ocrx_word' id='word_1_783' title='bbox 2786 4738 3012 4804; x_wconf 88' lang='lat' dir='ltr'><strong>amittit,</strong></span> <span class='ocrx_word' id='word_1_784' title='bbox 3063 4739 3168 4794; x_wconf 90' lang='lat' dir='ltr'><strong>hoc</strong></span> <span class='ocrx_word' id='word_1_785' title='bbox 3206 4736 3428 4808; x_wconf 89' lang='lat' dir='ltr'><strong>quidem</strong></span> <span class='ocrx_word' id='word_1_786' title='bbox 3482 4734 3703 4790; x_wconf 81' lang='lat' dir='ltr'><strong>defectu</strong></span> 
     </span>
    </p>
   </div>
   <div class='ocr_carea' id='block_1_107' title="bbox 2129 4828 3663 4904">
    <p class='ocr_par' dir='ltr' id='par_1_107' title="bbox 2129 4828 3663 4904">
     <span class='ocr_line' id='line_1_107' title="bbox 2129 4828 3663 4904; baseline 0.004 -27"><span class='ocrx_word' id='word_1_787' title='bbox 2129 4828 2313 4896; x_wconf 82' lang='lat' dir='ltr'><strong>potius</strong></span> <span class='ocrx_word' id='word_1_788' title='bbox 2335 4828 2558 4884; x_wconf 90' lang='lat' dir='ltr'><strong>evenire</strong></span> <span class='ocrx_word' id='word_1_789' title='bbox 2594 4828 2753 4894; x_wconf 90' lang='lat' dir='ltr'><strong>solet,</strong></span> <span class='ocrx_word' id='word_1_790' title='bbox 2781 4843 2891 4885; x_wconf 91' lang='lat' dir='ltr'><strong>non</strong></span> <span class='ocrx_word' id='word_1_791' title='bbox 2926 4837 3109 4885; x_wconf 88' lang='lat' dir='ltr'><strong>autem</strong></span> <span class='ocrx_word' id='word_1_792' title='bbox 3136 4843 3389 4886; x_wconf 79' lang='lat' dir='ltr'><strong>excessu.</strong></span> <span class='ocrx_word' id='word_1_793' title='bbox 3461 4859 3463 4861; x_wconf 62' lang='grc' dir='ltr'><strong><em>ι</em></strong></span> <span class='ocrx_word' id='word_1_794' title='bbox 3655 4892 3663 4904; x_wconf 34' lang='grc'><strong><em>⁸</em></strong></span> 
     </span>
    </p>
   </div>
   <div class='ocr_carea' id='block_1_108' title="bbox 2199 4917 3710 4992">
    <p class='ocr_par' dir='ltr' id='par_1_108' title="bbox 2199 4917 3710 4992">
     <span class='ocr_line' id='line_1_108' title="bbox 2199 4917 3710 4992; baseline 0.002 -21"><span class='ocrx_word' id='word_1_795' title='bbox 2199 4917 2484 4985; x_wconf 82' lang='lat' dir='ltr'><strong>Quomodo</strong></span> <span class='ocrx_word' id='word_1_796' title='bbox 2507 4919 2671 4991; x_wconf 82' lang='lat' dir='ltr'><strong>igitur</strong></span> <span class='ocrx_word' id='word_1_797' title='bbox 2696 4936 2798 4978; x_wconf 91' lang='lat' dir='ltr'><strong>nos</strong></span> <span class='ocrx_word' id='word_1_798' title='bbox 2817 4921 3075 4979; x_wconf 90' lang='lat' dir='ltr'><strong>virtutem</strong></span> <span class='ocrx_word' id='word_1_799' title='bbox 3093 4920 3299 4992; x_wconf 86' lang='lat' dir='ltr'><strong>adepti,</strong></span> <span class='ocrx_word' id='word_1_800' title='bbox 3319 4936 3426 4991; x_wconf 89' lang='lat' dir='ltr'><strong>qua</strong></span> <span class='ocrx_word' id='word_1_801' title='bbox 3447 4919 3710 4977; x_wconf 82' lang='lat' dir='ltr'><strong>excedere</strong></span> 
     </span>
    </p>
   </div>
   <div class='ocr_carea' id='block_1_109' title="bbox 2134 5013 3709 5085">
    <p class='ocr_par' dir='ltr' id='par_1_109' title="bbox 2134 5013 3709 5085">
     <span class='ocr_line' id='line_1_109' title="bbox 2134 5013 3709 5085; baseline 0 -19"><span class='ocrx_word' id='word_1_802' title='bbox 2134 5013 2431 5081; x_wconf 86' lang='lat' dir='ltr'><strong>possimus,</strong></span> <span class='ocrx_word' id='word_1_803' title='bbox 2463 5023 2684 5085; x_wconf 83' lang='lat' dir='ltr'><strong>preptcr</strong></span> <span class='ocrx_word' id='word_1_804' title='bbox 2711 5013 2858 5070; x_wconf 90' lang='lat' dir='ltr'><strong>illius</strong></span> <span class='ocrx_word' id='word_1_805' title='bbox 2891 5028 3183 5071; x_wconf 75' lang='lat' dir='ltr'><strong>excessum</strong></span> <span class='ocrx_word' id='word_1_806' title='bbox 3214 5013 3455 5080; x_wconf 90' lang='lat' dir='ltr'><strong>virtutis,</strong></span> <span class='ocrx_word' id='word_1_807' title='bbox 3481 5013 3574 5084; x_wconf 89' lang='lat' dir='ltr'><strong>qui</strong></span> <span class='ocrx_word' id='word_1_808' title='bbox 3607 5026 3709 5067; x_wconf 92' lang='lat' dir='ltr'><strong>nos</strong></span> 
     </span>
    </p>
   </div>
   <div class='ocr_carea' id='block_1_110' title="bbox 2094 5103 3712 5175">
    <p class='ocr_par' dir='ltr' id='par_1_110' title="bbox 2094 5103 3712 5175">
     <span class='ocr_line' id='line_1_110' title="bbox 2094 5103 3712 5175; baseline 0.001 -14"><span class='ocrx_word' id='word_1_809' title='bbox 2094 5103 2098 5108; x_wconf 64' lang='grc'><strong>⁷</strong></span> <span class='ocrx_word' id='word_1_810' title='bbox 2135 5108 2331 5166; x_wconf 85' lang='lat' dir='ltr'><strong>divites</strong></span> <span class='ocrx_word' id='word_1_811' title='bbox 2365 5109 2623 5174; x_wconf 81' lang='lat' dir='ltr'><strong>reddidit,</strong></span> <span class='ocrx_word' id='word_1_812' title='bbox 2655 5109 2854 5164; x_wconf 89' lang='lat' dir='ltr'><strong>iterum</strong></span> <span class='ocrx_word' id='word_1_813' title='bbox 2882 5111 2937 5166; x_wconf 89' lang='lat' dir='ltr'><strong>in</strong></span> <span class='ocrx_word' id='word_1_814' title='bbox 2961 5109 3183 5166; x_wconf 90' lang='lat' dir='ltr'><strong>defectu</strong></span> <span class='ocrx_word' id='word_1_815' title='bbox 3211 5108 3580 5175; x_wconf 87' lang='lat' dir='ltr'><strong>ambulamus,</strong></span> <span class='ocrx_word' id='word_1_816' title='bbox 3601 5122 3712 5163; x_wconf 89' lang='lat' dir='ltr'><strong>non</strong></span> 
     </span>
    </p>
   </div>
   <div class='ocr_carea' id='block_1_111' title="bbox 2139 5201 3714 5274">
    <p class='ocr_par' dir='ltr' id='par_1_111' title="bbox 2139 5201 3714 5274">
     <span class='ocr_line' id='line_1_111' title="bbox 2139 5201 3714 5274; baseline 0 -19"><span class='ocrx_word' id='word_1_817' title='bbox 2139 5209 2502 5274; x_wconf 83' lang='lat' dir='ltr'><strong>agnoscentes</strong></span> <span class='ocrx_word' id='word_1_818' title='bbox 2546 5202 2770 5259; x_wconf 71' lang='lat' dir='ltr'><strong>divitias</strong></span> <span class='ocrx_word' id='word_1_819' title='bbox 2806 5203 3028 5259; x_wconf 86' lang='lat' dir='ltr'><strong>virtutis</strong></span> <span class='ocrx_word' id='word_1_820' title='bbox 3074 5213 3278 5259; x_wconf 81' lang='lat' dir='ltr'><strong>nostrae</strong></span> <span class='ocrx_word' id='word_1_821' title='bbox 3307 5203 3329 5257; x_wconf 90' lang='lat'><strong>?</strong></span> <span class='ocrx_word' id='word_1_822' title='bbox 3359 5201 3714 5258; x_wconf 83' lang='lat' dir='ltr'><strong>Perfiriamus</strong></span> 
     </span>
    </p>
   </div>
   <div class='ocr_carea' id='block_1_112' title="bbox 2140 5294 3711 5365">
    <p class='ocr_par' dir='ltr' id='par_1_112' title="bbox 2140 5294 3711 5365">
     <span class='ocr_line' id='line_1_112' title="bbox 2140 5294 3711 5365; baseline 0.001 -19"><span class='ocrx_word' id='word_1_823' title='bbox 2140 5296 2204 5348; x_wconf 82' lang='lat' dir='ltr'><strong>ad</strong></span> <span class='ocrx_word' id='word_1_824' title='bbox 2248 5296 2478 5350; x_wconf 83' lang='lat' dir='ltr'><strong>invicem</strong></span> <span class='ocrx_word' id='word_1_825' title='bbox 2519 5312 2640 5365; x_wconf 74' lang='lat' dir='ltr'><strong>quae</strong></span> <span class='ocrx_word' id='word_1_826' title='bbox 2672 5297 2830 5351; x_wconf 81' lang='lat' dir='ltr'><strong>nobis</strong></span> <span class='ocrx_word' id='word_1_827' title='bbox 2873 5295 3072 5352; x_wconf 83' lang='lat' dir='ltr'><strong>desunt</strong></span> <span class='ocrx_word' id='word_1_828' title='bbox 3117 5296 3170 5350; x_wconf 90' lang='lat' dir='ltr'><strong>in</strong></span> <span class='ocrx_word' id='word_1_829' title='bbox 3224 5294 3711 5350; x_wconf 81' lang='lat' dir='ltr'><strong>miserationibus:</strong></span> 
     </span>
    </p>
   </div>
   <div class='ocr_carea' id='block_1_113' title="bbox 2141 5387 3714 5458">
    <p class='ocr_par' dir='ltr' id='par_1_113' title="bbox 2141 5387 3714 5458">
     <span class='ocr_line' id='line_1_113' title="bbox 2141 5387 3714 5458; baseline 0.001 -18"><span class='ocrx_word' id='word_1_830' title='bbox 2141 5388 2519 5443; x_wconf 85' lang='lat' dir='ltr'><strong>custodiamus</strong></span> <span class='ocrx_word' id='word_1_831' title='bbox 2556 5390 2898 5443; x_wconf 85' lang='lat' dir='ltr'><strong>harmoniam</strong></span> <span class='ocrx_word' id='word_1_832' title='bbox 2928 5389 3102 5455; x_wconf 80' lang='lat' dir='ltr'><strong>illam,</strong></span> <span class='ocrx_word' id='word_1_833' title='bbox 3133 5388 3185 5442; x_wconf 88' lang='lat' dir='ltr'><strong>in</strong></span> <span class='ocrx_word' id='word_1_834' title='bbox 3221 5403 3328 5458; x_wconf 88' lang='lat' dir='ltr'><strong>qua</strong></span> <span class='ocrx_word' id='word_1_835' title='bbox 3358 5402 3456 5443; x_wconf 88' lang='lat' dir='ltr'><strong>nos</strong></span> <span class='ocrx_word' id='word_1_836' title='bbox 3477 5387 3714 5457; x_wconf 84' lang='lat' dir='ltr'><strong>Spiritus</strong></span> 
     </span>
    </p>
   </div>
   <div class='ocr_carea' id='block_1_114' title="bbox 2143 5468 3719 5550">
    <p class='ocr_par' dir='ltr' id='par_1_114' title="bbox 2143 5468 3719 5550">
     <span class='ocr_line' id='line_1_114' title="bbox 2143 5468 3719 5550; baseline -0.001 -16"><span class='ocrx_word' id='word_1_837' title='bbox 2143 5488 2369 5534; x_wconf 85' lang='lat' dir='ltr'><strong>sanctus</strong></span> <span class='ocrx_word' id='word_1_838' title='bbox 2385 5477 2476 5534; x_wconf 87' lang='lat' dir='ltr'><strong>Dei</strong></span> <span class='ocrx_word' id='word_1_839' title='bbox 2499 5480 2782 5536; x_wconf 73' lang='lat' dir='ltr'><strong>cousdtuit</strong></span> <span class='ocrx_word' id='word_1_840' title='bbox 2808 5498 2823 5534; x_wconf 86' lang='lat'><strong>:</strong></span> <span class='ocrx_word' id='word_1_841' title='bbox 2855 5478 3052 5550; x_wconf 84' lang='lat' dir='ltr'><strong>singuli</strong></span> <span class='ocrx_word' id='word_1_842' title='bbox 3075 5479 3138 5533; x_wconf 90' lang='lat' dir='ltr'><strong>ad</strong></span> <span class='ocrx_word' id='word_1_843' title='bbox 3159 5468 3388 5549; x_wconf 80' lang='lat' dir='ltr'><strong>invicem</strong></span> <span class='ocrx_word' id='word_1_844' title='bbox 3412 5478 3719 5532; x_wconf 83' lang='lat' dir='ltr'><strong>communi-</strong></span> 
     </span>
    </p>
   </div>
   <div class='ocr_carea' id='block_1_115' title="bbox 2144 5571 3719 5642">
    <p class='ocr_par' dir='ltr' id='par_1_115' title="bbox 2144 5571 3719 5642">
     <span class='ocr_line' id='line_1_115' title="bbox 2144 5571 3719 5642; baseline -0.003 -16"><span class='ocrx_word' id='word_1_845' title='bbox 2144 5581 2331 5626; x_wconf 88' lang='lat' dir='ltr'><strong>cantes</strong></span> <span class='ocrx_word' id='word_1_846' title='bbox 2359 5587 2519 5640; x_wconf 80' lang='lat' dir='ltr'><strong>quant</strong></span> <span class='ocrx_word' id='word_1_847' title='bbox 2553 5572 2620 5626; x_wconf 89' lang='lat' dir='ltr'><strong>ab</strong></span> <span class='ocrx_word' id='word_1_848' title='bbox 2649 5572 2767 5642; x_wconf 80' lang='lat' dir='ltr'><strong>ipso</strong></span> <span class='ocrx_word' id='word_1_849' title='bbox 2795 5571 3079 5628; x_wconf 86' lang='lat' dir='ltr'><strong>consecuti</strong></span> <span class='ocrx_word' id='word_1_850' title='bbox 3120 5572 3314 5627; x_wconf 78' lang='lat' dir='ltr'><strong>sumus</strong></span> <span class='ocrx_word' id='word_1_851' title='bbox 3353 5571 3630 5632; x_wconf 85' lang='lat' dir='ltr'><strong>virtutem,</strong></span> <span class='ocrx_word' id='word_1_852' title='bbox 3661 5580 3719 5623; x_wconf 90' lang='lat' dir='ltr'><strong>et</strong></span> 
     </span>
    </p>
   </div>
   <div class='ocr_carea' id='block_1_116' title="bbox 2143 5661 3716 5734">
    <p class='ocr_par' dir='ltr' id='par_1_116' title="bbox 2143 5661 3716 5734">
     <span class='ocr_line' id='line_1_116' title="bbox 2143 5661 3716 5734; baseline -0.003 -16"><span class='ocrx_word' id='word_1_853' title='bbox 2143 5677 2306 5733; x_wconf 89' lang='lat' dir='ltr'><strong>quam</strong></span> <span class='ocrx_word' id='word_1_854' title='bbox 2335 5663 2478 5734; x_wconf 90' lang='lat' dir='ltr'><strong>apud</strong></span> <span class='ocrx_word' id='word_1_855' title='bbox 2509 5677 2611 5719; x_wconf 91' lang='lat' dir='ltr'><strong>nos</strong></span> <span class='ocrx_word' id='word_1_856' title='bbox 2643 5662 2768 5718; x_wconf 82' lang='lat' dir='ltr'><strong>licet</strong></span> <span class='ocrx_word' id='word_1_857' title='bbox 2791 5663 3110 5728; x_wconf 83' lang='lat' dir='ltr'><strong>habeamus,</strong></span> <span class='ocrx_word' id='word_1_858' title='bbox 3130 5662 3220 5717; x_wconf 92' lang='lat' dir='ltr'><strong>illa</strong></span> <span class='ocrx_word' id='word_1_859' title='bbox 3245 5669 3427 5718; x_wconf 87' lang='lat' dir='ltr'><strong>tamen</strong></span> <span class='ocrx_word' id='word_1_860' title='bbox 3461 5661 3564 5730; x_wconf 90' lang='lat' dir='ltr'><strong>ipsi</strong></span> <span class='ocrx_word' id='word_1_861' title='bbox 3584 5675 3716 5731; x_wconf 52' lang='grc' dir='ltr'><strong>(θερί</strong></span> 
     </span>
    </p>
   </div>
   <div class='ocr_carea' id='block_1_117' title="bbox 2142 5753 3720 5830">
    <p class='ocr_par' dir='ltr' id='par_1_117' title="bbox 2142 5753 3720 5830">
     <span class='ocr_line' id='line_1_117' title="bbox 2142 5753 3720 5830; baseline -0.004 -16"><span class='ocrx_word' id='word_1_862' title='bbox 2142 5774 2309 5826; x_wconf 87' lang='lat' dir='ltr'><strong>mus;</strong></span> <span class='ocrx_word' id='word_1_863' title='bbox 2346 5767 2401 5814; x_wconf 89' lang='lat' dir='ltr'><strong>et</strong></span> <span class='ocrx_word' id='word_1_864' title='bbox 2432 5773 2529 5830; x_wconf 86' lang='lat' dir='ltr'><strong>per</strong></span> <span class='ocrx_word' id='word_1_865' title='bbox 2549 5759 2732 5814; x_wconf 87' lang='lat' dir='ltr'><strong>omnia</strong></span> <span class='ocrx_word' id='word_1_866' title='bbox 2758 5757 3094 5830; x_wconf 74' lang='lat' dir='ltr'><strong>glorificatur</strong></span> <span class='ocrx_word' id='word_1_867' title='bbox 3113 5755 3532 5828; x_wconf 89' lang='lat' dir='ltr'><strong>eaputonmium</strong></span> <span class='ocrx_word' id='word_1_868' title='bbox 3561 5753 3720 5811; x_wconf 87' lang='lat' dir='ltr'><strong>Chri-</strong></span> 
     </span>
    </p>
   </div>
   <div class='ocr_carea' id='block_1_118' title="bbox 2150 5848 3720 5922">
    <p class='ocr_par' dir='ltr' id='par_1_118' title="bbox 2150 5848 3720 5922">
     <span class='ocr_line' id='line_1_118' title="bbox 2150 5848 3720 5922; baseline -0.001 -16"><span class='ocrx_word' id='word_1_869' title='bbox 2150 5859 2287 5907; x_wconf 87' lang='lat' dir='ltr'><strong>stus.</strong></span> <span class='ocrx_word' id='word_1_870' title='bbox 2312 5848 2390 5906; x_wconf 79' lang='lat' dir='ltr'><strong>Ne</strong></span> <span class='ocrx_word' id='word_1_871' title='bbox 2419 5851 2618 5922; x_wconf 89' lang='lat' dir='ltr'><strong>singuli</strong></span> <span class='ocrx_word' id='word_1_872' title='bbox 2651 5850 2919 5908; x_wconf 84' lang='lat' dir='ltr'><strong>nobismet</strong></span> <span class='ocrx_word' id='word_1_873' title='bbox 2943 5849 3075 5921; x_wconf 89' lang='lat' dir='ltr'><strong>ipsis</strong></span> <span class='ocrx_word' id='word_1_874' title='bbox 3107 5849 3243 5906; x_wconf 87' lang='lat' dir='ltr'><strong>satis</strong></span> <span class='ocrx_word' id='word_1_875' title='bbox 3270 5863 3391 5906; x_wconf 87' lang='lat' dir='ltr'><strong>esse</strong></span> <span class='ocrx_word' id='word_1_876' title='bbox 3420 5854 3676 5920; x_wconf 87' lang='lat' dir='ltr'><strong>putemus</strong></span> <span class='ocrx_word' id='word_1_877' title='bbox 3705 5862 3720 5914; x_wconf 88' lang='lat'><strong>;</strong></span> 
     </span>
    </p>
   </div>
  </div>
