4058 6294
392 403 496 464 297

1078 405 1359 466 ORATIO
1393 406 1623 466 XlX.-
1659 402 2153 464 HORTATORIA
2188 403 2290 463 AD
2326 401 2582 464 ΟΜΝΕὸ
2614 401 2952 468 FIDELES.

3515 398 3626 463 298

392 515 572 571 mullus
596 514 742 571 enim
776 517 878 572 sibi
905 517 1008 589 ipsi
1041 519 1312 574 sufficiens
1341 529 1459 574 est:
1497 517 1592 573 sed
1633 515 1958 575 suliieientia
1989 519 2037 578 Α
2065 516 2130 572 ad
2148 531 2266 573 eam
2290 531 2413 588 quae
2438 531 2714 588 nunquam
2739 515 2940 581 deﬁcit,
2963 511 3411 584 tranquillitatem
3444 521 3634 573 ttanso

393 617 583 663 nostra
614 624 679 663 ex
719 608 828 666 Deo
858 611 924 665 ad
952 611 1135 666 omnia
1170 610 1440 682 prtebetur
1467 609 1682 666 abunde
1719 625 1811 680 per
1845 612 1950 663 lar.

388 702 647 772 gitionem
700 702 1026 773 beneplaeiti
1071 703 1178 771 sui,
1216 718 1324 774 qua
1369 701 1541 772 replet
1582 701 1788 757 omnia.
1845 701 1954 756 Nos

391 795 561 848 etiam
609 795 923 866 aperiamus
963 796 1172 851 viscera
1217 803 1423 858 nostra,
1466 805 1520 849 et
1572 795 1955 865 compatientia

389 896 576 942 nostra
607 887 840 941 fratrum
879 897 1193 944 nostrorum
1235 886 1481 942 flammas
1519 887 1954 956 exstinguamus,

389 989 447 1032 ut
506 979 579 1033 ita
626 987 872 1036 nostrum
938 981 1104 1036 etiam
1169 981 1550 1052 exstinguatur
1616 978 1954 1035 incendium.

387 1070 764 1143 Eleemosynis
813 1073 956 1127 enim
986 1071 1282 1126 remittitur
1314 1081 1621 1142 peccatum,
1662 1079 1715 1126 et
1760 1070 1814 1124 in
1852 1068 1956 1123 mi-

387 1162 754 1218 serationibus
805 1177 1109 1234 pauperum
1165 1162 1507 1233 dissipantur
1551 1161 1756 1217 divitiae
1818 1160 1958 1218 male

385 1263 580 1322 partae,
609 1268 704 1324 per
732 1269 855 1309 eum
891 1254 982 1323 qui
1026 1254 1076 1308 in
1111 1262 1433 1324 paupertate
1465 1253 1532 1308 ad
1576 1253 1829 1308 cmlestes
1872 1252 1959 1308 di-

382 1345 543 1400 vitias
564 1359 692 1400 suas
714 1360 814 1401 nos
835 1344 1068 1400 vocavit.
1102 1346 1454 1403 Ambulemus
1491 1347 1543 1400 in
1581 1344 1952 1416 simplicitate,

380 1445 437 1488 et
466 1449 574 1489 non
617 1435 672 1490 in
716 1436 843 1491 dolo
878 1443 933 1489 et
969 1436 1257 1505 iniquitate
1291 1436 1413 1492 aliis
1456 1437 1782 1500 invidentes,
1811 1436 1959 1507 quod

382 1529 488 1580 fuit
518 1526 762 1582 omnium
801 1528 1070 1584 malorum
1119 1528 1274 1583 radix
1313 1537 1366 1584 et
1410 1528 1589 1598 origo,
1632 1544 1810 1600 neque
1859 1529 1960 1584 iter

381 1629 673 1676 teneamus
703 1619 838 1675 illud
883 1635 978 1690 per
1021 1619 1170 1690 quod
1216 1619 1419 1675 malum
1472 1635 1632 1676 orline
1677 1620 1733 1674 in
1773 1621 1968 1675 orbem

384 1712 651 1767 introivit.
701 1710 759 1766 Si
791 1712 937 1767 cnim
969 1721 1252 1781 peccatum
1290 1728 1396 1767 non
1433 1711 1774 1783 deliquisset,
1808 1711 1960 1766 nullo

382 1814 549 1874 pacto
588 1805 726 1859 mala
773 1815 1254 1877 cognoscerentur.
1280 1803 1392 1861 Hae
1418 1805 1484 1860 de
1513 1819 1680 1860 causa
1705 1804 1888 1858 dolum
1908 1810 1962 1858 et

381 1898 729 1970 iniquitatem
760 1899 1100 1963 omittamus,
1129 1899 1390 1970 quoniam
1426 1899 1703 1969 simplices
1727 1908 1780 1953 et
1819 1895 1964 1953 recti

374 1994 683 2064 jungentur
713 1993 845 2048 Deo.
879 1994 944 2048 Et
985 1994 1108 2063 quis
1143 2009 1381 2063 unquam
1411 1994 1610 2063 poterit
1641 1993 1792 2047 ilium
1829 2006 1953 2061 per-

380 2096 621 2151 vertere,
647 2087 741 2157 qui
773 2084 1018 2140 omnium
1046 2070 1281 2154 superati
1300 2082 1720 2139 rectitudinem?
1754 2080 1958 2138 Trans-

378 2193 580 2233 eamus
617 2178 781 2233 etiam
826 2180 882 2231 in
922 2176 1150 2246 spiritus
1181 2175 1533 2246 simplicitate
1571 2173 1841 2230 dremonis-
1876 2173 1958 2227 la-

379 2283 585 2338 queos,
621 2283 723 2325 nec
751 2269 804 2323 in
838 2269 963 2323 illos
1012 2267 1398 2338 impingamus,
1452 2283 1519 2323 ne
1563 2283 1672 2339 quo
1699 2277 1855 2338 pacto
1891 2265 1959 2322 ad

382 2362 664 2434 propriam
709 2378 898 2418 necent
927 2377 1229 2418 serventur.
1265 2360 1324 2417 Si
1360 2361 1485 2431 quis
1519 2361 1663 2415 enim
1711 2358 1960 2432 proximo

381 2470 487 2510 suo
518 2454 864 2510 machinatur
896 2455 1060 2519 mala,
1097 2455 1334 2523 seipsum
1371 2453 1467 2508 alit
1495 2452 1566 2509 ad
1597 2452 1745 2508 diem
1789 2452 1961 2508 inter-

382 2550 521 2616 itus,
544 2558 600 2602 et
633 2547 900 2610 carbones
938 2554 1228 2601 coacervat
1261 2546 1329 2600 ad
1360 2544 1596 2614 seipsum
1631 2545 1959 2599 comburen-

376 2641 538 2702 dum,
560 2647 613 2692 et
634 2637 853 2695 sibimet
884 2638 1070 2707 spinas
1098 2636 1330 2692 seminat
1350 2635 1483 2689 utin
1503 2634 1616 2691 illis
1638 2634 1958 2689 su‘ll‘ocetur.

379 2732 462 2788 Ne
501 2731 690 2803 itaque
731 2732 928 2801 spinas
947 2729 1105 2785 nobis
1136 2728 1273 2799 ipsis
1305 2742 1573 2795 seramus,
1610 2742 1673 2781 ea
1713 2726 1965 2782 videlicet

377 2826 656 2881 facientes
682 2823 805 2878 aliis
837 2839 957 2893 qua:
991 2822 1149 2878 nobis
1181 2821 1297 2876 fieri
1330 2820 1608 2877 nolumus.

442 2913 602 2982 Quid
641 2925 820 2969 autem
858 2914 901 2967 si
938 2924 992 2967 tu
1024 2913 1190 2967 alium
1235 2911 1546 2983 conspicias
1585 2912 1638 2966 in
1683 2918 1830 2966 terra
1863 2925 1964 2968 sua

373 3008 532 3064 bona
571 3009 781 3064 semina
824 3016 1096 3063 serentem
1140 3005 1303 3069 mala,
1349 3016 1567 3076 propter
1596 3021 1718 3059 eum
1761 3012 1962 3060 terram

369 3104 486 3159 eti:
503 3118 553 3157 nt
581 3109 731 3157 tuam
780 3101 898 3171 ipse
939 3098 1180 3172 perdes?
1208 3096 1405 3153 Nullus
1440 3098 1494 3152 in
1530 3097 1797 3153 fructibus
1845 3095 1966 3151 istis

2059 623 2270 676 eamus,
2324 617 2380 665 et
2422 624 2520 680 per
2559 609 2846 680 penuriam
2891 607 3090 663 divites
3128 605 3448 671 efﬁciamur,
3483 615 3537 663 et
3569 607 3635 663 irt-

2057 705 2244 761 labere
2280 703 2632 774 quiescamus
2679 717 2695 757 :
2749 701 3207 774 quemadmodum
3253 701 3497 758 Lazarus
3535 702 3628 758 ille

2057 797 2401 870 evangelicus
2431 798 2452 828 ⁸
2495 812 2591 868 per
2617 797 2838 853 labores
2871 796 3108 867 quietem
3158 794 3395 865 adeptus
3431 803 3538 861 est,
3573 803 3629 851 et

2059 906 2155 963 per
2198 889 2384 946 ulcera
2421 891 2478 946 in
2521 891 2644 946 sinu
2683 888 2916 946 Abrahae
2957 887 3125 943 foveri
3153 887 3370 942 meruit.
3413 884 3469 941 Si
3505 887 3627 955 quis

2057 991 2190 1033 vero
2229 992 2375 1033 nunc
2414 977 2635 1050 quidem
2676 974 2973 1032 infeliciter
3023 977 3155 1047 agit,
3191 976 3434 1030 futuram
3474 991 3626 1030 suam

2058 1070 2302 1127 laetitiam
2348 1070 2642 1142 iniquitate
2685 1069 2872 1140 aliqua
2913 1085 3019 1124 non
3070 1069 3304 1124 maculet
3337 1084 3352 1134 ;
3390 1067 3626 1125 inveniet

2058 1163 2205 1222 enim
2230 1163 2304 1219 ita
2322 1179 2421 1236 pro
2445 1163 2598 1223 brevi
2623 1164 2810 1219 labore
2831 1175 2884 1218 et
2905 1163 3213 1219 calamitate
3239 1163 3627 1233 sempiternum

2059 1253 2314 1325 gaudium
2338 1263 2391 1310 et
2415 1255 2654 1310 laetitiam
2676 1272 2690 1322 ;
2711 1254 2835 1327 igne
2865 1269 3098 1324 namque
3121 1261 3385 1326 purgatur
3410 1268 3631 1319 aurum,

2060 1358 2114 1402 et
2161 1347 2341 1402 anima
2383 1348 2730 1405 miseriarum
2792 1346 3008 1402 flamma
3074 1363 3234 1403 suum
3286 1347 3631 1420 splendorem

2062 1438 2405 1509 adipiscitur.
2442 1439 2577 1495 Cum
2622 1439 2924 1510 gratiarum
2982 1440 3198 1495 actione
3249 1455 3530 1510 speremus
3573 1439 3628 1493 in

2061 1545 2184 1586 eum
2215 1531 2307 1602 qui
2339 1531 2447 1588 sibi
2491 1532 2844 1604 complacuit,
2871 1543 2930 1587 ut
2961 1548 3056 1603 per
3095 1531 3528 1587 combustionem
3575 1530 3631 1586 in

2062 1640 2229 1682 carne
2267 1624 2564 1697 largiretur
2597 1625 2757 1680 nobis
2800 1625 3209 1696 probationem.
3238 1623 3356 1680 Non
3398 1623 3633 1681 tardabit

2063 1718 2156 1772 diu
2189 1732 2314 1789 spes
2344 1718 2472 1784 ista,
2505 1727 2560 1773 et
2580 1717 2831 1773 adveniet
2865 1718 3291 1788 exspectationis
3320 1725 3560 1789 tempus,
3578 1725 3633 1773 et

2066 1819 2197 1866 tunc
2217 1809 2656 1866 manifestabitur
2672 1825 2858 1866 eorum
2878 1810 3155 1866 beatitudo
3175 1809 3266 1880 qui
3293 1809 3348 1864 in
3374 1808 3630 1880 patientia

2067 1915 2322 1974 tanquam
2346 1903 2472 1976 igne
2500 1909 2629 1959 sunt
2661 1903 2899 1972 probati:
2930 1918 3030 1958 nec
3059 1903 3163 1958 erit
3192 1901 3425 1972 amplius
3457 1901 3629 1964 labor,

2060 2008 2240 2064 neque
2284 1993 2463 2060 dolor,
2499 1994 2584 2050 vel
2617 1991 2791 2049 fames
2846 1992 2928 2048 vel
2976 1993 3173 2064 frigus,
3217 1993 3310 2049 sed
3340 1991 3548 2056 laetitia,
3577 1999 3633 2046 et

2059 2086 2216 2143 cibus
2245 2086 2512 2151 caelestis,
2533 2093 2588 2142 et
2613 2088 2858 2142 suavitas
2893 2085 3245 2156 sempiterna.

2127 2179 2453 2252 Quicunque
2510 2194 2644 2235 vero
2686 2194 2807 2234 cum
2863 2178 3143 2245 temporali
3184 2178 3361 2249 aliqua
3405 2176 3634 2233 delecta-

2061 2277 2211 2331 tione
2252 2273 2534 2330 meliorem
2585 2273 2749 2327 vitam
2792 2271 2935 2326 nacti
2986 2286 3176 2325 sumus
3203 2285 3365 2341 quam
3408 2279 3467 2323 ut
3509 2269 3634 2338 igne

2063 2365 2379 2440 probemur,
2412 2379 2520 2420 non
2555 2372 2842 2436 propterea
2871 2363 2938 2418 ab
2972 2363 3089 2433 ipsa
3127 2361 3493 2418 delectatione
3533 2375 3633 2417 nos

2064 2459 2206 2515 vinci
2251 2457 2522 2523 sinamus,
2544 2462 2600 2511 et
2626 2471 2744 2526 quae
2786 2455 2944 2510 nobis
2969 2455 3095 2509 data
3126 2461 3253 2510 sunt
3286 2453 3353 2510 ad
3377 2453 3632 2524 salutem,

2061 2549 2326 2606 faciamus
2343 2555 2399 2602 ut
2418 2547 2650 2604 miseriae
2673 2547 2782 2603 sint
2809 2546 2966 2601 nobis
2989 2546 3220 2602 occasio
3238 2546 3589 2618 sempiterna
3613 2561 3630 2610 ;

2062 2641 2158 2699 sed
2201 2642 2361 2714 quasi
2408 2640 2594 2697 fideles
2655 2641 2930 2712 praepositi
2977 2632 3220 2707 domus,
3277 2640 3633 2698 villicationis

2064 2743 2266 2794 nostrae
2292 2732 2556 2788 rationem
2597 2732 2980 2802 inculpabiiem
3007 2731 3234 2788 reddere
3257 2747 3353 2788 nos
3375 2747 3633 2804 paremus

2064 2828 2144 2884 illi
2179 2828 2273 2899 qui
2299 2836 2422 2882 eam
2452 2825 2613 2880 nobis
2641 2824 3067 2890 commendavit,
3092 2838 3193 2881 nec
3214 2823 3632 2881 comessationi-

2064 2920 2187 2986 bus,
2233 2919 2615 2984 ebrietatibus,
2665 2926 2718 2972 et
2762 2917 3126 2974 immunditiis
3163 2917 3503 2989 voluptatum
3530 2933 3632 2974 nos

2065 3011 2214 3083 ipsos
2257 3009 2551 3066 reddamus
2604 3009 2873 3064 obnoxios
2920 3027 2933 3076 ;
2996 3009 3090 3065 sed
3136 3007 3317 3081 potius
3369 3020 3634 3083 praesente

2066 3102 2326 3159 felicitate
2371 3111 2589 3158 utamur
2625 3102 2690 3156 ad
2724 3101 3029 3172 gratiarum
3067 3095 3335 3158 actionem
3365 3101 3510 3160 illius
3539 3103 3632 3174 qui

361 3196 464 3266 qui
524 3201 992 3263 corrumpuntur,
1042 3191 1243 3247 malum
1281 3191 1575 3265 agricolam
1621 3191 1870 3245 imitatur
1903 3188 2032 3288 inc
2067 3209 2165 3251 nos
2195 3193 2455 3250 discrevit
2491 3194 2546 3250 in
2587 3194 2873 3250 altitudine
2911 3193 3224 3250 divitiarum
3263 3210 3510 3261 suarum,
3556 3201 3631 3262 et,

371 3290 440 3342 iis
472 3300 608 3356 quze
646 3284 919 3339 deteriora
956 3289 1124 3348 sunt;
1171 3282 1266 3338 sed
1313 3281 1497 3353 potius
1535 3279 1823 3352 diligenter
1871 3279 1958 3335 in-

365 3380 597 3436 cumbit
644 3387 703 3433 ut
754 3378 864 3431 Deo
926 3378 1203 3431 fructuum
1258 3377 1502 3447 largitori
1546 3377 1601 3431 in
1635 3377 1820 3431 laetitia
1862 3393 1962 3449 pro

371 3471 632 3544 acceptis
668 3469 939 3524 fructibus
972 3468 1202 3540 gratiam
1243 3467 1464 3522 referat.
1514 3466 1705 3524 Omnis
1749 3468 1960 3525 fructus

372 3581 478 3636 pro
512 3580 626 3636 quo
649 3581 756 3621 non
787 3565 1100 3620 referuntur
1121 3565 1329 3636 gratize,
1353 3579 1460 3619 non
1479 3574 1560 3620 est
1581 3565 1648 3620 ab
1672 3565 1791 3635 ipso
1813 3565 1961 3636 agri-

369 3659 504 3712 cola
531 3655 666 3722 Deo,
700 3671 801 3712 nec
827 3666 1009 3711 ortum
1033 3657 1195 3713 habet
1224 3673 1251 3711 a
1280 3657 1645 3713 seminatione
1686 3657 1738 3710 in
1771 3656 1961 3712 divino

373 3747 598 3802 lumine
613 3745 780 3811 facta,
799 3746 894 3801 sed
916 3746 1098 3817 potius
1123 3746 1190 3801 ab
1209 3746 1421 3801 occulta
1443 3745 1601 3801 nobis
1623 3746 1959 3803 zizaniorum

371 3837 923 3910 superseminatione
947 3855 959 3892 :
984 3846 1036 3893 et
1069 3838 1172 3892 hac
1199 3837 1265 3893 de
1290 3852 1456 3894 causa
1489 3848 1733 3910 tempore
1763 3841 1962 3897 meSsis

369 3928 603 3985 fructus
636 3928 726 3983 ille
764 3928 1168 3986 comburendus
1219 3930 1473 3986 traditur.
1507 3930 1665 3998 Quis,
1711 3931 1958 4003 inquam,

369 4021 610 4078 sibimet
646 4020 823 4092 ignem
862 4021 1112 4077 accendit
1140 4022 1161 4076 ?
1203 4023 1330 4094 quis
1362 4037 1500 4094 opus
1524 4039 1681 4079 suum
1712 4022 1778 4078 ad
1809 4024 1962 4078 dolo-

369 4129 500 4170 rem
532 4112 640 4170 sibi
664 4120 839 4184 parat,
862 4123 916 4168 et
949 4129 1061 4169 non
1083 4113 1150 4168 ad
1178 4115 1628 4186 tranquillitatem
1659 4115 1682 4169 ?
1714 4115 1796 4171 vel
1816 4116 1959 4186 quis,

367 4208 516 4262 dum
566 4219 660 4260 rex
700 4205 901 4275 aliquis
944 4205 1120 4275 ipsum
1170 4205 1236 4259 ad
1279 4207 1518 4276 quietem
1572 4216 1625 4262 et
1673 4207 1959 4277 imperium

368 4298 607 4363 invitat,
635 4297 871 4352 miseria:
889 4311 1052 4366 opera
1069 4305 1274 4368 quaeret
1298 4297 1321 4349 ?
1350 4295 1640 4370 Fugiamus
1659 4299 1960 4365 miseriam,

364 4403 508 4460 qua:
541 4395 624 4443 est
654 4387 708 4441 in
744 4388 848 4442 hoc
880 4395 1073 4442 nostro
1102 4387 1316 4441 mortali
1348 4404 1598 4458 corpore,
1637 4389 1763 4443 dum
1789 4388 1961 4461 Spiri-

372 4494 496 4547 tus,
527 4481 630 4551 qui
661 4489 870 4551 regnat,
911 4494 1012 4533 nos
1042 4480 1233 4535 invitat
1265 4478 1331 4534 ad
1363 4496 1609 4552 regnum.

2063 3303 2185 3367 cum
2219 3303 2466 3345 essemus
2507 3304 2574 3343 ex
2621 3287 2809 3344 eadem
2849 3287 2950 3343 luti
2982 3303 3185 3355 massa,
3214 3301 3316 3346 nos
3354 3303 3466 3362 prae
3508 3289 3631 3345 aliis

2060 3378 2384 3444 honoravit,
2422 3376 2627 3433 fratres
2665 3387 2887 3435 nostros
2923 3378 3081 3436 nobis
3125 3378 3503 3448 subiiciendo,
3559 3380 3634 3435 ita

2064 3476 2247 3522 tamen
2276 3476 2336 3522 ut
2374 3475 2429 3523 et
2457 3482 2556 3522 nos
2597 3465 2958 3537 subjiciamur
3006 3469 3059 3523 in
3091 3477 3280 3525 sancta
3321 3468 3632 3526 humilitate

2062 3569 2116 3614 et
2156 3556 2518 3628 subiectione,
2551 3572 2660 3613 non
2707 3558 2998 3629 imperiose
3039 3568 3327 3634 regnantes
3369 3558 3423 3614 in
3465 3556 3629 3612 animi

2053 3650 2405 3706 'elationeet
2461 3649 2796 3721 arrogantia,
2852 3651 2947 3706 sed
3001 3667 3124 3705 eum
3172 3647 3553 3707 misericordia
3574 3648 3630 3702 in

2061 3741 2368 3798 visceribus
2393 3741 2772 3812 spiritualibus
2797 3742 2920 3798 aliis
2944 3753 3200 3812 tanquam
3232 3741 3358 3797 filiis
3388 3735 3633 3797 imbecil-

2061 3833 2291 3890 lioribus
2319 3842 2578 3905 tanquam
2618 3842 2888 3906 potentes,
2921 3843 2975 3890 et
3004 3849 3192 3890 omnes
3223 3849 3347 3890 eum
3377 3831 3634 3904 omnibus

2064 3925 2493 3982 misericordiam
2529 3934 2876 3992 exercentes,
2922 3935 2979 3982 ut
3012 3927 3114 3982 hoc
3143 3933 3304 3996 pacto
3344 3939 3446 3980 nos
3482 3924 3630 3996 ipsos

2062 4016 2358 4082 lucremur,
2393 4029 2496 4071 nec
2538 4014 2688 4071 illum
2734 4025 2957 4088 propter
2991 4015 3261 4070 mundum
3296 4014 3630 4078 amittamus.

2060 4109 2151 4179 qui
2182 4109 2311 4164 vicit
2341 4109 2604 4164 mundum
2627 4151 2644 4176 ,
2679 4118 2734 4166 et
2763 4109 3009 4165 beneficii
3044 4102 3165 4165 loco
3187 4108 3336 4182 digni
3366 4107 3494 4164 odio
3534 4106 3631 4163 Ita-

2063 4205 2309 4270 beamur,
2346 4203 2442 4260 sed
2489 4203 2782 4278 diligamur
2809 4205 3010 4277 potius,
3054 4215 3263 4260 etcum
3299 4203 3390 4260 ille
3422 4204 3630 4260 venerit

2061 4296 2151 4368 qui
2189 4312 2287 4352 nos
2313 4297 2523 4359 dilexit,
2564 4296 2843 4354 lucremur
2878 4307 3137 4368 pranerea
3172 4312 3272 4369 pro
3308 4296 3393 4352 his
3425 4296 3631 4351 nostris

2066 4389 2248 4452 rebus.
2299 4404 2421 4461 qua:
2463 4387 2600 4444 nihil
2642 4398 2792 4456 sunt,
2833 4391 3136 4445 mercedem
3187 4390 3243 4445 in
3297 4388 3466 4462 gloria
3515 4387 3629 4454 Dei,

2063 4482 2150 4537 cui
2185 4483 2301 4537 laus
2333 4490 2388 4536 et
2411 4483 2588 4536 honor
2619 4482 2674 4536 in
2703 4480 2902 4536 smcula
2939 4481 3286 4537 sneculorum.
3314 4482 3509 4536 Amen.

451 4573 520 4629 Si
558 4589 687 4630 vero
724 4572 886 4629 etiam
923 4573 1203 4629 molestias
1246 4575 1504 4644 patimur,
1556 4577 1659 4632 hoc
1692 4578 1794 4632 erit
1838 4593 1962 4648 pro-
2000 4593 2042 4646 ι)
2134 4572 2320 4629 Valete
2352 4574 2406 4628 in
2439 4573 2675 4645 Spriritu
2725 4583 2942 4640 sancto,
2979 4572 3350 4645 corruptionis
3396 4574 3631 4633 imbecil-

368 4680 603 4744 pterea,
633 4677 689 4720 ιιι
722 4682 1032 4736 regnemus,
1061 4682 1168 4721 non
1205 4677 1262 4721 ut
1291 4668 1598 4724 universam
1633 4671 1793 4724 vitam
1825 4679 1955 4742 aga-

366 4779 509 4821 mus
547 4763 604 4818 in
641 4761 848 4827 dolore,
876 4761 971 4817 sed
1007 4772 1061 4816 ut
1090 4776 1184 4833 per
1221 4761 1588 4819 transitoriam
1621 4763 1950 4837 angustiam,

435 4999 459 5030 ⁸
503 4991 641 5048 Luc.
673 5004 776 5048 xvi.

2062 4666 2265 4721 litatem
2310 4665 2572 4737 patientia
2620 4675 2964 4737 superantes,
3004 4665 3203 4723 virtute
3238 4664 3626 4745 iucorruptibl~

2059 4761 2227 4818 litatis
2254 4759 2561 4818 continuati
2585 4768 2639 4818 et
2665 4759 2929 4819 roborati.

1801 5336 2282 5361 m-‘Oh
