4108 6306
602 306 710 371 303

1096 421 1579 493 Exaposteilarium
1610 429 1665 485 5.

672 506 791 563 Vita
842 518 897 567 et
942 511 1028 567 via
1063 513 1341 581 Christus,
1375 533 1500 573 cum
1532 524 1881 587 sui-rexisset.
1910 525 2162 600 Cleophaa

603 596 877 671 Lucaeque
901 603 1003 659 iter
1022 603 1269 663 faciendo
1289 624 1471 666 eomes
1495 611 1617 677 fuit,
1650 617 1790 671 etab
1812 618 1916 675 illis
1951 596 2169 691 agnitus

606 701 686 746 est
717 693 771 747 in
806 692 1029 750 Emmao
1086 712 1281 769 panem
1334 700 1613 775 frangens.
1659 707 1879 764 Illorum
1916 713 2080 768 corda
2115 728 2167 771 et

595 793 802 841 mentes
853 788 1138 857 ardebant,
1185 790 1314 848 dum
1357 796 1437 851 eis
1486 796 1819 868 lnqueretur,
1860 802 2164 876 Seripturis

594 876 741 947 quod
774 877 976 936 factum
1038 882 1215 939 fuerat
1259 888 1569 959 explicans.
1601 891 1738 948 Cum
1773 895 1854 953 eis
1902 898 2164 956 clamabi-

590 984 713 1025 mus
749 987 765 1026 :
806 969 1074 1039 Surrexit,
1106 985 1160 1031 et
1198 992 1226 1031 a
1259 976 1420 1035 Petro
1459 985 1613 1040 visus
1648 992 1756 1043 est.

657 1061 927 1121 Immensa
959 1074 1048 1120 tua
1083 1067 1246 1124 laudo
1281 1086 1528 1141 munera,
1565 1090 1598 1131 o
1633 1078 1949 1137 misericors
1981 1082 2153 1139 Crea-

588 1162 677 1207 tor
736 1170 914 1223 mens,
941 1160 1088 1229 quod
1121 1168 1173 1216 te
1202 1165 1380 1234 ipsum
1406 1168 1785 1239 exiuanivisti,
1814 1183 1873 1227 ιιι
1907 1185 2159 1246 portares

593 1244 948 1317 salvaresque
977 1250 1244 1320 perditam
1282 1254 1563 1313 hominum
1599 1272 1875 1326 naturam,
1902 1244 1979 1332 et,
2033 1266 2159 1322 licet

587 1333 759 1403 Deus,
789 1352 856 1394 ex
912 1349 1104 1396 sancta
1161 1340 1254 1398 Dei
1307 1345 1583 1404 Genitrice
1617 1353 1766 1409 nasci
1815 1365 2037 1427 propter
2073 1373 2160 1413 me

583 1426 845 1494 voluisti,
881 1441 936 1488 et
992 1432 1327 1493 descendere
1377 1454 1550 1511 usque
1622 1443 1690 1499 ad
1743 1426 2019 1503 internum
2087 1448 2155 1504 ad

583 1518 901 1577 salvandum
954 1539 1068 1590 me,
1123 1525 1371 1598 Virginis
1399 1548 1519 1603 quae
1556 1543 1609 1592 te
1654 1538 1843 1608 genuit
1875 1541 2159 1610 precibus,

583 1626 617 1669 ο
642 1628 856 1673 summe
887 1618 1205 1679 misericors
1242 1622 1488 1682 Domine.

883 1729 1213 1791 Matutinum
1245 1738 1298 1803 5,
1332 1748 1488 1796 tonus
1531 1742 1768 1816 obliquus
1797 1745 1847 1801 Ι.

652 1821 698 1875 Ο
723 1838 883 1893 quam
910 1827 1178 1897 sapientia
1204 1839 1293 1885 tua
1313 1831 1538 1902 judicia,
1568 1807 1791 1895 Domine
1818 1839 1831 1893 ι
1872 1839 2156 1908 Quomodo
2192 1807 2235 1864 Β

582 1911 801 1981 quidem
846 1913 1008 1973 Petro
1058 1920 1191 1975 solis
1224 1922 1464 1980 linteolis
1496 1926 1699 1985 dedisti
1733 1936 1885 1985 tuam
1928 1948 2155 1991 noscere

579 2005 1098 2063 resurrectionem?
1146 2009 1306 2068 Lucae
1368 2024 1549 2071 autem
1604 2025 1659 2073 et
1714 2017 1978 2091 Cleoplue
2045 2022 2154 2078 iter

580 2089 789 2151 faciens
856 2095 1117 2167 loqueris,
1150 2113 1201 2156 et
1238 2102 1467 2173 loquens
1513 2121 1620 2162 non
1669 2089 1941 2166 statim—te
1977 2112 2154 2167 mani-

581 2182 776 2249 festas.
811 2189 956 2246 unde
988 2200 1039 2246 et
1073 2194 1528 2263 vituperationem
1589 2198 1827 2259 incurris
1882 2211 1942 2259 ut
1997 2204 2153 2263 solus

578 2288 870 2337 extraneus
900 2282 952 2338 in
973 2283 1294 2353 Jerusalem,
1319 2289 1690 2364 ignoransque
1713 2296 2137 2365 magistratuum

580 2370 727 2428 illius
761 2376 1106 2433 sententiam.
1142 2379 1247 2435 Sed
1282 2392 1335 2435 tu
1380 2383 1563 2439 omnia
1596 2385 1663 2441 ad
1694 2387 1989 2444 utilitatem
2019 2405 2151 2459 ονο-

575 2461 656 2548 ris
715 2468 1156 2533 accommodans,
1231 2474 1544 2545 prophetiae
1612 2479 1680 2535 ad
1733 2489 1788 2537 te
1840 2490 2153 2553 spectantes

577 2541 885 2624 explicanti,
908 2568 960 2614 et
986 2559 1040 2614 in
1074 2541 1457 2621 benedictione
1493 2570 1652 2639 panis
1705 2541 1927 2643 agnitus
1970 2590 2030 2631 es
2080 2578 2146 2629 ah

577 2644 686 2702 illis
710 2656 939 2719 quorum
970 2650 1079 2720 iam
1113 2663 1271 2711 antea
1299 2660 1465 2715 corda
1501 2661 1567 2717 ad
1610 2664 1687 2718 tui
1722 2665 2151 2738 recognitionem

577 2750 737 2796 erant
785 2744 1137 2804 inflammata.
1172 2749 1235 2805 lii
1266 2762 1444 2809 autem
1487 2756 1774 2829 discipulis
1806 2766 2152 2835 congregatis

571 2826 686 2899 iam
752 2830 923 2892 effuse
993 2838 1387 2899 nuntiaverunt
1445 2826 2177 2922 tuam'resurreetiouem,

576 2922 741 2994 cujus
782 2941 947 2985 causa
978 2931 1240 2990 miserere
1269 2939 1464 2994 nostri.

1069 3042 1555 3117 Exaposteilarium
1581 3056 1634 3111 6.

1850 326 2120 391 LEONIS
2138 332 2239 394 PH
2249 332 2592 398 [LOSOPHI

3743 340 3847 405 σοι

2736 447 3300 519 Ἐξαποστειλάριον
3336 457 3393 506 e‘.

2375 538 2439 595 ἸΙ
2471 540 2583 612 ζωὴ
2613 542 2704 595 καὶ
2733 540 2850 606 ὁδὸς
2878 542 3109 613 Χριστὸς
3149 545 3213 596 ἐκ
3249 546 3460 615 νεκρῶν
3511 545 3589 618 τῷ
3620 548 3849 621 Κλεόπα

2272 636 2367 689 καὶ
2407 634 2484 704 τῷ
2510 634 2693 706 Λουκᾷ
2735 634 3087 702 συνώδευσεν,
3126 630 3321 708 οἷσπερ
3377 637 3471 692 καὶ
3498 639 3848 711 ἐπεγνώσθη,

2268 728 2349 791 εἰς
2390 725 2668 799 Ἐμμαοῦς
2696 727 2839 781 κλῶν
2863 726 2953 781 τὸν
2973 728 3155 800 ἄρτον,
3204 722 3279 783 ὧν
3306 728 3473 800 ψυχαὶ
3502 733 3600 784 καὶ
3627 733 3850 804 καρδίαι

2275 818 2561 888 καιόμεναι
2590 818 2902 890 ἐτύγχανον,
2956 819 3046 875 ὅτε
3080 820 3290 886 τούτοις
3341 822 3519 875 ἐλάλει
3547 825 3603 876 έν
3630 828 3695 896 τῇ
3717 826 3846 895 ὀδῷ,

2265 911 2357 964 καὶ
2378 911 2617 982 Γραφαῖς
2636 911 2978 982 ἡρμήνευσεν
3001 912 3036 965 ἃ
3054 911 3284 983 ὑπέστη,
3308 912 3425 983 μεθ’
3450 904 3545 981 ὧν,
3579 914 3848 986 Ἠγέρθη,

2264 1001 2576 1072 κράξωμεν,
2602 1000 2761 1073 ῶφθη
2788 1018 2846 1055 τε
2875 1000 2969 1056 καὶ
2997 1001 3073 1074 τῷ
3099 1002 3311 1075 Πέτρῳ.

2345 1094 2535 1165 ’Υμνῶ
2577 1111 2671 1148 σου
2704 1094 2763 1148 τὸ
2792 1093 3098 1166 ἀμέτρητον
3135 1095 3304 1159 ἔλεος,
3361 1095 3559 1167 ποιητά
3600 1113 3722 1166 μου,
3757 1095 3847 1150 ὅτι

2264 1188 2459 1241 σαυτὸν
2508 1186 2815 1253 ἐκένωσας,
2879 1186 2973 1240 τοῦ
3025 1186 3252 1259 φορέσαι
3317 1188 3410 1241 καὶ
3463 1188 3632 1242 σῶσαι
3676 1186 3843 1256 φύσιν

2263 1279 2472 1352 βροτῶν
2515 1278 2881 1345 κακωθεῖσαν,
2932 1280 3025 1333 καὶ
3071 1279 3204 1345 Θεὸς
3233 1270 3565 1354 ὣνήνέσχου
3595 1324 3610 1349 ,
3642 1282 3705 1338 ἐκ
3736 1284 3842 1353 τῆς

2259 1373 2431 1443 ἁγνῆς
2455 1371 2762 1438 Θεόπαιδος,
2821 1372 2942 1426 κατ’
2976 1373 3077 1444 ἐμὲ
3111 1373 3205 1427 τοῦ
3253 1374 3505 1442 γενέσθαι
3530 1417 3544 1441 ,
3576 1376 3667 1430 καὶ
3701 1392 3840 1429 κατ-

2261 1463 2440 1519 ελθεῖν
2462 1465 2653 1538 μέχρις
2676 1463 2827 1536 ᾅδου,
2857 1465 3023 1519 θέλων
3049 1482 3115 1536 με
3140 1466 3234 1521 τοῦ
3253 1468 3490 1537 σωθῆναι
3521 1467 3843 1541 πρεσϐείαις

2260 1555 2359 1628 τῆς
2380 1556 2648 1630 τεκούσης
2682 1572 2765 1623 σε,
2797 1556 3044 1611 Δέσποτα
3074 1559 3485 1630 πανοικτίρμον.

2585 1754 2860 1810 Ἐωθινόν
2896 1759 2960 1819 ε’,
2998 1749 3150 1825 ἦχος
3186 1753 3442 1824 πλάγιος
3477 1753 3549 1809 a’.

2334 1847 2399 1900 Ὢ
2421 1847 2530 1901 τῶν
2564 1845 2741 1916 σοφῶν
2775 1864 2868 1900 σου
2903 1846 3208 1919 χριμάτων,
3243 1844 3467 1916 Χριστέ.
3497 1845 3620 1908 Πῶς
3642 1843 3841 1917 Πέτρῳ

2257 1939 2356 2010 μὲν
2387 1937 2498 2003 τοῖς
2530 1936 2756 2002 ὀθονίοις
2808 1939 2985 2010 μόνοις
3047 1937 3254 2001 ῐδωκας
3302 1936 3551 2009 ἐννοῆσαί
3600 1954 3693 1993 σου
3731 1938 3839 2009 τὴν

2253 2030 2569 2097 ἀνάστασιν,
2615 2033 2795 2105 Δουκᾷ
2842 2032 2897 2087 δὲ
2942 2033 3036 2087 καὶ
3092 2031 3312 2104 Κλεόπᾳ
3357 2032 3840 2104 συμπορευόμενος

2252 2124 2498 2197 ώμίλεις,
2529 2126 2623 2181 καὶ
2666 2126 2872 2198 ὁμιλῶν
2902 2127 3002 2181 οὐκ
3074 2124 3275 2188 εὐθέως
3318 2124 3510 2180 ἑαυτὸν
3543 2126 3835 2196 φανεροῖς;

2252 2219 2336 2274 διδ
2386 2220 2480 2274 καὶ
2538 2218 2793 2291 ὀνειδίζῃ,
2818 2219 2896 2284 ὡς
2948 2217 3108 2290 μόνος
3151 2217 3437 2290 παροικῶν
3466 2218 3525 2272 ὲν
3560 2215 3839 2288 Ἰερουσα-

2255 2308 2391 2383 λὴμ,
2415 2310 2510 2365 καὶ
2539 2310 2613 2382 μὴ
2646 2309 2888 2382 μετέχων
2912 2310 3020 2364 τῶν
3050 2310 3107 2364 ὲν
3141 2309 3284 2365 τέλει
3318 2308 3702 2381 βουλευμάτων
3732 2309 3837 2363 αύ-

2254 2401 2376 2473 τῆς.
2396 2400 2537 2455 Ἀλλ’
2561 2402 2589 2456 ὁ
2611 2400 2788 2455 πάντα
2821 2401 2956 2473 πρὸς
2985 2401 3045 2456 τὸ
3073 2402 3167 2457 τοῦ
3200 2402 3517 2473 πλάσματος
3552 2401 3838 2473 συμφέρον

2253 2493 2573 2565 οἰκονομῶν,
2595 2492 2691 2547 καὶ
2716 2492 2813 2559 τὰς
2849 2492 2979 2567 περὶ
3008 2495 3103 2549 σού
3134 2494 3472 2567 προφητείας
3502 2493 3833 2559 ἁνέπτυξας,

2255 2583 2350 2640 καὶ
2377 2584 2436 2637 ιν
2469 2584 2547 2658 τῷ
2583 2584 2827 2655 εὐλογεῖν
2870 2584 2962 2640 τὸν
3009 2584 3174 2656 ἄρτον
3207 2584 3485 2655 ὲγνώσθης
3517 2584 3722 2648 αὐτοῖς,
3754 2575 3836 2637 ὧν

2253 2677 2349 2733 καὶ
2400 2677 2505 2750 πρὸ
2554 2676 2748 2732 τούτου
2801 2678 2857 2733 αί
2890 2678 3107 2751 καρδίαι
3150 2677 3286 2746 πρὸς
3339 2677 3540 2747 γνῶσίν
3594 2692 3686 2730 σου
3730 2675 3833 2729 ἁν-

2257 2770 2568 2840 εφλέγοντο,
2626 2770 2675 2823 οἳ
2717 2770 2815 2824 καὶ
2858 2771 2972 2833 τοῖς
3023 2768 3292 2840 μαθηταῖς
3346 2766 3828 2840 συνηθροισμένοις

2252 2863 2351 2933 ἤδη
2398 2862 2608 2932 τρανῶς
2655 2862 2950 2933 ἐκήρυττᾶν
3003 2878 3096 2915 σου
3146 2860 3245 2932 τὴν
3295 2860 3591 2916 ἀνάστασιν
3617 2875 3633 2894 ·
3673 2855 3833 2932 δι’ἦς

2256 2952 2479 3023 ἐλέησον
2510 2954 2678 3023 ἡμᾶς.

2700 3067 3269 3137 Ἐξαποστειλάριον
3308 3065 3381 3133 ς’.

647 3126 693 3183 Ο
725 3126 994 3201 Salvator,
1018 3136 1110 3207 qui
1146 3144 1219 3199 te,
1247 3141 1520 3199 hominem
1559 3155 1754 3204 natura
1815 3164 1942 3209 esse
1987 3169 2143 3209 mon-

2320 3159 2586 3215 Δεικνύων
2604 3160 2684 3215 ὅτι
2723 3161 3029 3233 ἄνθρωπος,
3062 3162 3269 3234 Σῶτερ,
3299 3155 3353 3215 εἷ
3379 3161 3500 3216 κατ’
3530 3160 3733 3223 οὐσίαν,
3762 3159 3822 3213 ιν

574 3221 844 3291 stravisti,
867 3232 922 3279 et
944 3233 1101 3284 stans
1129 3230 1273 3287 inter
1303 3234 1606 3306 discipulos
1635 3248 1758 3309 post
1779 3244 2145 3307 resurrectio.-

573 3325 698 3367 nem
716 3312 967 3382 docuisti,
1001 3332 1128 3374 cum
1169 3320 1249 3377 eis
1284 3340 1531 3390 VCSCellS,
1571 3345 1603 3381 o
1659 3330 1928 3401 baptisma
1971 3336 2144 3405 potni-

571 3404 780 3473 tentia',
806 3408 898 3478 qui
930 3410 996 3465 ad
1025 3412 1300 3470 ccelestem
1329 3417 1541 3475 Patrem
1578 3433 1897 3495 assumptus
1951 3404 2020 3483 ab
2054 3429 2146 3483 illo

504 3536 505 3539 η
573 3488 902 3557 mittendum
950 3503 1289 3564 Parach‘tum
1339 3515 1625 3570 nuntiasti.
1674 3488 1956 3581 Excellens
2004 3520 2145 3577 Deus

573 3590 762 3661 homo,
788 3595 957 3666 gloria
994 3608 1099 3655 ture
1134 3607 1521 3661 resurrectioui
1555 3609 1567 3662 ξ

646 3682 831 3742 Mundi
871 3685 1089 3745 creator
1125 3703 1181 3749 et
1206 3697 1448 3752 omnium
1482 3714 1663 3756 rerum
1702 3702 1991 3773 Dominus,
2020 3719 2144 3761 car-

575 3791 700 3831 nem
733 3778 999 3838 viventem
1056 3783 1286 3843 induens
1319 3805 1383 3845 ex
1434 3807 1569 3861 puro
1618 3800 1710 3850 tuo
1768 3797 2057 3867 sanguine,
2112 3812 2146 3856 o

575 3873 925 3930 sanctissima
958 3874 1144 3949 Virgo,
1173 3891 1487 3952 corruptam
1518 3895 1770 3942 naturam
1800 3877 1976 3944 meam
2016 3889 2146 3945 fun-

575 3964 727 4021 ditus
756 3969 1062 4035 renovavit,
1112 3987 1329 4039 rursus,
1363 3982 1580 4033 ut‘ante
1623 3980 1988 4046 nativitatem,
2023 3992 2147 4057 post

573 4057 914 4115 nativitatem
939 4064 1240 4134 deponens.
1286 4064 1442 4121 Unde
1477 4067 1706 4126 ﬁdenter
1731 4087 1924 4128 omnes
1962 4084 2013 4129 te
2053 4075 2147 4132 be—

572 4148 877 4209 nedicimus
907 4140 1247 4213 clamantes:
1280 4157 1487 4227 Gaude,
1533 4161 1871 4223 Dominatrix
1914 4170 2141 4237 mundi!

880 4266 1209 4335 Matutinum
1249 4271 1303 4337 θ,
1341 4282 1494 4330 tonus
1514 4276 1757 4349 obliquus
1779 4277 1835 4345 2.

644 4356 727 4415 Tu
759 4374 890 4416 vere
917 4375 1000 4426 es,
1030 4360 1271 4427 Christe,
1321 4381 1423 4437 pax
1454 4365 1545 4423 Dei
1577 4385 1707 4441 erga
1742 4372 2015 4438 homines,
2047 4389 2145 4444 pa-

572 4466 696 4507 cem
726 4458 876 4507 tuam
911 4461 1033 4525 post
1082 4460 1543 4516 resurrectionem
1582 4460 1873 4534 discipulis
1918 4467 2139 4535 dedisti,

572 4543 809 4614 illosque
850 4546 1139 4615 ostendisti
1194 4550 1438 4619 territos,
1485 4560 1739 4624 putantes
1777 4574 1837 4613 se
1886 4559 2139 4628 spiritum

572 4633 783 4694 videre.
815 4636 921 4695 Sed
947 4656 1011 4695 ex
1039 4640 1259 4698 illorum
1291 4645 1565 4703 mentibus
1593 4656 1853 4705 terrorem
1890 4650 2145 4722 depuliszi

573 4730 741 4802 pedes
758 4741 812 4788 et
833 4748 1027 4801 manus
1050 4738 1377 4804 ostendens;
1399 4748 1770 4812 praetereaque
1800 4742 2041 4798 nondum
2080 4745 2144 4799 tl-

572 4822 854 4891 dentibus,
878 4842 1018 4895 esca!
1050 4829 1476 4904 participatione
1492 4831 1869 4906 doctrinaeque
1892 4838 2147 4904 recorda-

573 4914 723 4972 tione
753 4926 968 4985 mentes~
983 4920 1048 4975 ad
1080 4920 1491 4994 intelligendum
1518 4923 1833 4995 Seripturas
1860 4917 2142 4999 aperuisti.

575 5006 865 5080 Postquam
893 5020 1070 5067 autem
1104 5012 1367 5083 Spiritum
1400 5029 1431 5069 a
1460 5014 1622 5073 Patre
1656 5017 1981 5076 mittendum
2018 5009 2148 5093 pro-

575 5100 846 5167 misisses,
893 5101 1000 5160 illis
1057 5104 1383 5171 benedixisti
1428 5115 1483 5163 et
1526 5108 1591 5163 ad
1635 5111 1833 5167 coelum
1887 5114 2144 5185 abreptus

573 5207 655 5247 es.
688 5192 821 5255 ldeo
848 5210 974 5252 cum
1006 5197 1114 5265 illis
1153 5198 1448 5255 adoramus
1486 5210 1572 5269 te;
1609 5203 1785 5283 gloria
1821 5207 1942 5276 tibi,
1987 5207 2146 5263 Chri-

575 5293 658 5342 ste
677 5287 692 5341 ι

1093 5408 1571 5477 Ea‘aposteilarinm
1605 5413 1652 5468 7.

644 5496 782 5565 Quia
811 5495 1100 5557 Dominum
1124 5504 1442 5575 diligebant,
1469 5524 1532 5561 cx
1561 5508 1718 5565 dictis
1745 5508 1925 5566 Maria:
1956 5515 2021 5577 ad
2051 5527 2140 5576 se-

575 5592 828 5664 pulcrum
855 5607 1219 5653 cueurrerunt
1256 5597 1445 5654 Simon
1485 5599 1677 5657 Petrus
1707 5610 1763 5658 et
1801 5604 1945 5661 alius
1975 5622 2137 5676 quem

576 5681 793 5739 amabat
821 5682 1075 5742 Christus
1106 5688 1434 5759 discipulus.
1479 5690 1759 5749 Venerunt
1790 5696 2116 5753 invenerunt

579 5789 686 5844 quo
761 5777 1104 5837 solummodo
1172 5780 1387 5838 linteola
1450 5782 1598 5841 intus
1672 5800 1889 5858 sparsa:
1945 5789 2141 5861 capitis

2252 3252 2401 3325 μέσῳ
2447 3251 2578 3318 στὰς
2622 3252 2922 3315 ἐδίδασκες,
2960 3250 3197 3315 ἀναστὰς
3242 3252 3307 3306 ὲκ
3351 3249 3446 3306 τοῦ
3490 3251 3699 3320 τάφου,
3728 3250 3821 3304 καὶ

2251 3344 2505 3417 βρώσεως
2560 3332 2959 3417 συμμετεσχες,
2991 3342 3275 3415 βάπτισμα
3312 3343 3601 3411 μετανοίας
3624 3357 3638 3372 ·
3666 3340 3823 3404 εὐθὺς

2246 3435 2303 3501 δὲ
2335 3434 2470 3507 πρὸς
2498 3433 2747 3505 οὐράνιον
2773 3434 3082 3504 άνελήφθης
3139 3433 3377 3506 Πατέρα,
3429 3434 3524 3488 καὶ
3556 3433 3823 3505 μαθηταῖς

2249 3530 2488 3599 πέμπεις
2530 3529 2621 3581 τὸν
2670 3526 3026 3596 Παράκλητον
3092 3524 3152 3580 δν
3202 3525 3550 3598 ὲπηγγείλω*
3591 3523 3829 3596 ύπέρϐεε

2248 3618 2585 3691 θεάνθρωπε,
2610 3618 2736 3684 δόξα
2763 3620 2830 3691 τῇ
2866 3620 2931 3690 σῇ
2964 3617 3201 3689 ὲγέρσει.

2329 3710 2389 3767 '0
2418 3710 2649 3784 ποιητὴς
2676 3710 2775 3781 τῆς
2811 3709 3041 3776 κτίσεως
3059 3752 3075 3775 ,
3112 3710 3206 3763 καὶ
3232 3710 3363 3774 Θεδς
3408 3709 3517 3764 τῶν
3546 3707 3825 3774 ἁπάντων,

2250 3802 2431 3878 σάρκα
2466 3803 2712 3876 βροτείαν
2749 3803 2941 3866 ἐλαϐεν
2985 3801 3047 3868 ἒξ
3095 3802 3380 3875 ἀχράντων
3413 3800 3662 3873 αἱμάτων
3707 3818 3829 3868 σου,

2246 3898 2485 3968 παναγία
2519 3896 2783 3971 Παρθένε,
2812 3896 2906 3958 καὶ
2942 3893 3239 3968 φθαρεῦσάν
3302 3912 3402 3967 μου
3443 3894 3569 3966 ὃλην
3599 3892 3696 3965 τὴν
3726 3891 3833 3963 φύ-

2248 4009 2332 4047 σιν
2360 3990 2756 4063 ὲκαινούργησε
2818 3988 2982 4055 πάλιν
3008 3988 3085 4054 ὡς
3114 3988 3222 4061 πρὸ
3249 3988 3342 4043 τοῦ
3373 3989 3534 4044 τόκου
3558 4031 3573 4056 ,
3605 3986 3835 4042 καταλι-

2248 4085 2368 4141 πὼν
2398 4084 2537 4156 μετὰ
2564 4084 2744 4150 τόκον,
2768 4082 2890 4139 ὅθεν
2916 4082 3127 4148 πιστῶς
3150 4099 3210 4137 σε
3232 4083 3432 4147 πάντες
3483 4079 3831 4157 ἀνευφημοῦ-

2250 4192 2349 4247 μεν
2375 4174 2687 4247 κράζοντεςο
2708 4175 2902 4247 Χαῖρε,
2933 4172 3203 4228 Δέσποινα
3233 4173 3464 4245 κόσμου.

2533 4286 2812 4341 Ἔωθινὸν
2862 4283 2941 4350 ς’,
2981 4279 3134 4355 ἦχος
3172 4282 3427 4353 πλάγιος
3458 4283 3505 4347 ,Β
3526 4323 3540 4337 .

2330 4378 2395 4432 Ἦ
2443 4378 2611 4442 ὅντως
2659 4377 2851 4451 εἰρήνη
2898 4376 2997 4443 σὺ,
3041 4377 3278 4449 Χριστὲ,
3329 4375 3465 4447 πρὸς
3505 4374 3827 4447 ἀνθρώπους

2174 4515 2218 4573 D
2248 4471 2405 4536 Θεοῦ,
2435 4472 2657 4544 εἰρήνην
2688 4471 2783 4543 τὴν
2816 4469 3134 4573 σὴν-διδοὺς,
3168 4468 3428 4573 {facit}?
3462 4468 3680 4539 ἔγερσιν
3710 4486 3826 4573 μα-

2250 4565 2440 4638 θηταῖς
2495 4565 2767 4636 ὲμφόβους
2797 4562 3004 4629 ἔδειξας
3046 4562 3265 4628 αὐτοὺς,
3297 4560 3557 4629 δόξαντας
3606 4561 3826 4633 πνεῦμα

2244 4659 2397 4731 όρᾷψ
2427 4658 2562 4712 ἀλλὰ
2592 4656 2942 4722 κατέστειλας
2997 4655 3090 4709 τδν
3118 4653 3358 4725 τάραχον
3384 4653 3563 4708 αὐτῶν
3590 4652 3692 4724 τῆς
3719 4652 3827 4723 ψυ-

2246 4752 2366 4823 χῆς.
2391 4750 2567 4818 δείξας
2595 4750 2692 4816 τὰς
2708 4752 2891 4823 χεῖρας
2917 4748 3011 4804 καὶ
3038 4749 3166 4815 τοὺς
3194 4749 3361 4812 πόδας
3391 4763 3505 4802 σοιν
3532 4747 3672 4821 πλίςν
3690 4747 3823 4801 άπι-

2248 4842 2514 4899 στούντων
2546 4843 2648 4910 ἔτι,
2680 4845 2744 4915 τῇ
2780 4846 2877 4914 τῆς
2931 4842 3136 4914 τροφῆς
3181 4840 3477 4913 μεταλήψει
3533 4841 3628 4908 καὶ
3676 4839 3822 4895 διδα-

2245 4934 2358 5014 χῶν
2399 4935 2699 5007 ἀναμνήσει
2731 4932 2998 5003 διήνοιξας
3047 4933 3229 4987 αὐτῶν
3254 4932 3344 4987 τὸν
3370 4931 3494 4987 νοῦν
3514 4930 3609 4986 τοῦ
3640 4931 3819 4985 συνιέ-

2244 5045 2331 5084 ναι
2357 5028 2456 5093 τὰς
2486 5026 2727 5102 Γραφάς,
2753 5023 2834 5094 οἷς
2881 5029 2975 5082 καὶ
3024 5028 3124 5098 τὴν
3160 5025 3441 5099 Πατρικὴν
3486 5022 3820 5095 ἐπαγγελίαν

2246 5120 2744 5192 καθυποσχόμενος,
2766 5120 2861 5175 καὶ
2883 5119 3182 5191 εὐλογήσας
3205 5117 3423 5184 αὐτοὺς,
3442 5118 3658 5189 διέστης
3683 5117 3819 5190 πρὸς

2243 5215 2496 5288 ούρανὸνο
2542 5214 2622 5269 διδ
2667 5216 2765 5269 σὺν
2816 5215 2998 5278 αὐτοῖς
3043 5209 3459 5286 προσκυνοῦμέν
3491 5227 3584 5276 σε,
3622 5210 3813 5283 Κύριε,

2246 5303 2370 5378 δόξα
2416 5324 2519 5363 σοι.

2699 5420 3267 5491 Ἔξαποστειλάριον
3308 5421 3379 5484 ζ’.

2268 5540 2271 5545 ·
2318 5515 2439 5572 Ὀτι
2468 5511 2609 5588 ἦραν
2636 5516 2728 5570 τὸν
2761 5515 2984 5587 Κύριον,
3022 5516 3120 5587 τῆς
3152 5514 3370 5586 Μαρίας
3399 5515 3695 5585 ειπούσης,
3724 5515 3817 5569 ἐπὶ

2245 5611 2334 5664 τὸν
2365 5613 2532 5681 τάφον
2566 5611 2799 5682 ἔδραμον
2823 5611 3004 5679 Σίμων
3031 5610 3236 5679 Πέτρος
3266 5608 3360 5663 καὶ
3414 5608 3570 5674 duo;
3601 5610 3813 5680 μύστης

2244 5686 2478 5773 Χριστοῦ
2500 5701 2558 5755 ὂν
2600 5702 2790 5772 ἠγάπα
2822 5717 2836 5733 ο
2866 5701 3084 5773 ἔτρεχον
3111 5700 3169 5754 δὲ
3198 5700 3246 5753 οἱ
3273 5698 3398 5761 δύο,
3430 5700 3525 5753 καὶ
3559 5694 3715 5770 εὖρον
3746 5703 3811 5751 τὰ

2245 5792 2443 5862 ὀθόνια,
2476 5793 2622 5849 ἔνδον
2667 5790 2890 5865 κείμενα
2924 5791 3081 5863 μόνα,
3112 5790 3207 5847 καὶ
3250 5788 3491 5869 κεφαλῆς
3545 5785 3615 5863 ἦν
3656 5788 3714 5857 δὲ
3752 5789 3811 5843 τὸ
