4058 6294
447 350 552 416 305

1649 345 1927 409 PRECES
1967 347 2396 410 LITURGICAZ

3602 351 3706 414 306

453 465 734 536 σουδάριον
774 461 945 535 χωρὶς
989 458 1229 527 τούτων,
1281 457 1361 512 διὸ
1407 457 1567 512 πάλιν
1597 455 1900 529 ἡσύχασαν,
1931 456 2021 511 τὸν

2145 461 2267 514 enim
2294 459 2574 516 sudarium
2609 461 2768 531 longe
2822 471 2940 518 erat
2989 471 3281 519 semotum.
3359 461 3706 534 Quapropter

454 556 689 628 Χριστὸν
723 555 829 618 ἕως
865 551 1022 607 εἶδον.

522 646 755 718 Μεγάλα
778 646 875 702 καὶ
921 641 1201 715 παράδοξα
1245 641 1312 696 δι’
1346 640 1444 712 ἐμὲ
1475 640 1846 712 κατειργάσω,
1889 641 2025 710 Χρι-

2127 550 2182 606 in
2218 567 2378 621 prece
2402 565 2718 610 manserunt
2748 554 2922 612 donec
2949 555 3225 612 Christmu
3260 555 3531 612 viderent.

2198 642 2390 717 Magna
2418 655 2472 701 et
2512 647 2854 704 incredibilia
2901 657 3124 720 pr0pter
3159 665 3245 705 me
3277 657 3537 720 operatus
3565 663 3647 708 es.
3671 664 3705 699 (ι

455 741 547 796 στὲ
577 758 678 812 μου
713 737 968 794 πολυέλεε
993 753 1005 766 ·
1039 738 1102 789 ὲκ
1129 734 1405 806 Παρθένου
1434 734 1543 803 γάρ
1603 733 1771 804 κόρης
1804 731 2027 802 ὲτέχθης

2145 734 2380 792 Zbristel
2421 739 2516 809 qui
2544 755 2629 796 me
2683 757 3011 812 magnopere
3042 743 3335 798 miseratus
3355 757 3430 798 es.
3465 741 3541 796 Ex
3569 757 3704 812 pura

455 829 872 903 ἀνερμηνεύτως
897 869 911 890 ,
941 827 1036 880 καὶ
1071 823 1299 897 σταυρὸν
1337 821 1627 888 κατεδὲξω,
1661 821 1756 875 καὶ
1802 821 2030 874 θάνατον

459 921 790 993 ὑπομείνας,
815 918 1107 986 ὲξανέστης
1145 917 1202 968 ὲν
1235 913 1380 987 δόξῃ,
1412 913 1509 966 καὶ
1531 914 1629 981 τὴν
1656 912 1812 983 ἡμῶν
1867 911 2030 981 φύσιν

457 1013 835 1086 ἠλευθέρωσας
883 1008 976 1064 τοῦ
1032 1007 1303 1063 θανάτου⁶
1335 1004 1485 1073 δόξαν
1513 1003 1737 1075 Χριστὶν
1787 1005 1854 1075 τῇ
1903 1003 2031 1076 δόξῃ

460 1125 575 1173 σου,
611 1105 739 1173 δόξα
763 1105 830 1176 τῇ
857 1106 922 1175 σῇ
953 1101 1204 1173 δυνάμει.

822 1193 1109 1249 Ἐωθινόν
1146 1190 1221 1259 ζ’,
1261 1187 1413 1262 ἦχος
1464 1189 1680 1259 βαρύς.

527 1290 658 1345 Ἰδοὺ
691 1288 880 1343 σκοτία
909 1286 1004 1340 καὶ
1053 1283 1218 1356 πρωϊ,
1263 1284 1358 1337 καὶ
1404 1283 1457 1335 τί
1484 1281 1619 1353 πρὸς
1653 1281 1716 1334 τὸ
1750 1282 2035 1352 μνημεῖον,

462 1381 670 1449 Μαρία,
719 1379 980 1448 ἕστηκας,
1017 1374 1150 1428 πολὺ
1208 1372 1395 1434 σκότος
1421 1370 1620 1441 ἔχουσα
1653 1370 1770 1430 ταῖς
1822 1366 2032 1438 φρεσὶν,

463 1474 550 1544 ὑφ’
577 1468 639 1528 οῦ
667 1471 770 1526 ποῦ
803 1470 1037 1524 τέθειται
1065 1466 1247 1536 ζητεῖς
1279 1465 1308 1516 ὁ
1336 1458 1542 1525 Ἰησοῦς
1567 1478 1582 1528 ;
1610 1459 1750 1514 Ἀλλ’
1781 1460 1883 1531 ὅρα
1911 1457 2038 1522 τοὺς

462 1564 853 1636 συντρέχοντας
903 1559 1172 1632 μαθητὰς,
1226 1555 1343 1619 πῶς
1392 1556 1506 1617 τοῖς
1553 1552 1777 1617 ὀθονίοις
1824 1553 1917 1604 καὶ
1959 1547 2038 1618 τῷ

461 1655 736 1727 σουδαρίῳ
786 1652 885 1722 τὴν
911 1651 1208 1705 ἀνάστασιν
1238 1645 1635 1716 ὲτεκμήραντο,
1665 1642 1765 1727 καὶ
1798 1641 2034 1727 ἀνεμνη-

2131 829 2281 885 enim
2313 829 2537 902 Virgine
2593 833 2850 888 ineffabili
2895 836 3146 906 prodigio
3199 836 3438 906 genitus,
3485 850 3705 890 crucem

2131 921 2413 992 accepisti,
2446 931 2676 978 mortem
2714 925 2931 980 subiisti
2988 938 3041 982 et
3070 928 3124 982 in
3177 928 3352 1000 gloria
3391 926 3700 989 surrexisti

2133 1020 2384 1068 naturam
2443 1015 2745 1073 redimens.
2793 1017 3002 1089 Gloria,
3053 1019 3295 1088 Christe,
3329 1021 3519 1092 gloriae
3554 1021 3704 1076 tuae!

2133 1104 2391 1174 potestati
2424 1111 2530 1159 tua:
2555 1105 2722 1176 gloria
2749 1109 2761 1160 !

2509 1196 2834 1251 Matutinum
2863 1198 2916 1263 7,
2951 1207 3103 1254 tonus
3128 1201 3328 1270 gravis.

2207 1283 2346 1342 Ecce
2369 1289 2607 1343 nondum
2636 1290 2932 1345 diluculum
2963 1308 2977 1345 :
3013 1305 3131 1354 Cur,
3161 1291 3351 1355 Maria,
3380 1292 3708 1348 teuebrasin

2135 1380 2301 1434 corde
2333 1394 2547 1451 gerens,
2579 1389 2695 1437 stas
2757 1383 2825 1437 ad
2871 1393 3308 1449 monumentum,
3340 1391 3394 1439 et
3424 1385 3626 1451 quaeris
3654 1385 3708 1438 iu

2138 1485 2245 1541 qua
2277 1481 2428 1541 parte
2458 1472 2620 1528 Jesus
2647 1473 3153 1544 fueritdepositus?
3191 1475 3295 1530 Sed
3324 1476 3446 1530 vide
3472 1491 3712 1531 concur-

2139 1567 2324 1618 rentes
2354 1561 2676 1632 discipulos,
2707 1563 2982 1633 quomodo
3021 1580 3089 1618 ex
3135 1565 3377 1620 linteolis
3406 1573 3460 1620 et
3490 1565 3712 1620 sudario

2141 1653 2600 1709 resurrectionem
2637 1654 2996 1724 conjccerint,
3028 1653 3438 1726 Scripturarum
3467 1657 3535 1712 ad
3559 1658 3709 1712 illum

462 1723 670 1816 σθησανν
697 1723 797 1813 τῆς
828 1740 954 1814 περὶ
982 1740 1171 1794 τούτου
1202 1735 1443 1808 Γραφῆς·
1486 1734 1603 1805 μεθ’
1650 1726 1724 1786 ὧν
1750 1732 1844 1786 καὶ
1873 1731 1939 1785 δι’
1963 1723 2039 1784 ὧν

2145 1745 2506 1814 Spectantium
2539 1746 2916 1803 recordantes.
2949 1747 3086 1802 Cum
3130 1748 3240 1804 illis
3265 1760 3317 1804 et
3345 1764 3442 1819 per
3464 1749 3586 1804 illos
3614 1765 3715 1803 nos

461 1806 736 1910 καῖήμεῖς
755 1806 1156 1898 πιστεύσαντες
1185 1806 1530 1900 ἀν-υμνοῦμέν
1557 1842 1615 1880 σε
1652 1826 1742 1880 τὸν
1770 1822 2035 1894 ζωοδότην

2145 1851 2357 1908 quoque
2380 1852 2504 1893 cum
2533 1837 2633 1893 (ide
2669 1847 2721 1893 te
2747 1839 3094 1897 celebramus
3138 1841 3372 1898 canticis
3401 1842 3528 1898 vitae
3555 1840 3715 1897 Chri-

461 1929 716 2004 Χριστόν.

921 2018 1488 2086 Ἐξαποστειλάριον
1524 2021 1598 2084 η’.

530 2116 636 2171 Δύο
683 2115 945 2186 ἀγγέλους
992 2114 1238 2187 βλέψασα
1298 2111 1507 2167 ἔνδοθεν
1585 2109 1681 2164 τοῦ
1767 2109 2036 2182 μνημείου

461 2210 652 2283 Μαρία
669 2209 1044 2281 ἐξεπλήττετο,
1063 2208 1156 2263 καὶ
1178 2205 1410 2278 Χριστὸν
1428 2203 1715 2274 ἀγνοοῦσα,
1735 2203 1808 2269 ὡς
1825 2222 2037 2278 κηπουο

469 2303 560 2376 ρδν
589 2300 848 2375 ἐπηρώτα
869 2316 882 2331 ·
934 2299 1128 2370 Κύριε,
1165 2298 1267 2351 ποῦ
1298 2296 1358 2350 τδ
1387 2296 1543 2366 σῶμα
1590 2294 1684 2348 τοῦ
1729 2294 1904 2366 Ἰησοῦ
1936 2311 2040 2367 μου

471 2395 760 2460 τέθεικαςς
794 2393 1000 2464 Κλήσει
1026 2391 1081 2445 δὲ
1131 2388 1317 2445 τοῦτον
1348 2387 1549 2457 γνοῦσα
1586 2382 1723 2442 εἶναι
1766 2387 1926 2442 αὐτὸν
1948 2386 2040 2443 τδν

471 2485 720 2558 Σωτῆρα,
747 2486 948 2556 ἢκουσε
983 2500 998 2515 ·
1038 2484 1130 2545 Μή
1167 2501 1270 2554 μου
1304 2481 1499 2547 ἀπτου,
1531 2479 1666 2552 πρὸς
1694 2479 1788 2535 τὸν
1819 2481 2042 2554 Πατέρα

465 2579 684 2649 ἄπειμι,
718 2578 837 2633 εἰπὲ
865 2579 978 2642 τοῖς
1003 2576 1251 2647 ἀδελφοῖς
1286 2593 1413 2648 μου.

534 2672 785 2744 Τριάδος,
805 2671 977 2744 Κόρη,
993 2671 1217 2734 τέτοκας
1235 2671 1559 2745 ἀπορρήτως
1574 2671 1664 2726 τὸν
1686 2670 1800 2735 ἕνα,
1821 2666 2042 2724 διπλοῦν

463 2767 531 2838 τῇ
567 2765 727 2837 φύσει
754 2764 1003 2829 πέλοντα,
1037 2765 1130 2818 καὶ
1156 2762 1376 2818 διπλοῦν
1401 2763 1650 2837 ἐνεργείᾳ
1668 2805 1684 2830 ,
1719 2763 1815 2817 καὶ
1847 2762 1942 2818 ἕνα
1971 2764 2037 2836 τῇ

465 2858 786 2914 ὑποστάσει·
823 2856 1011 2911 τοῦτον
1039 2852 1132 2912 οῦν
1163 2855 1468 2911 ὲκδυσώπει
1505 2856 1593 2910 ἀεὶ
1644 2855 1783 2927 ὑπὲρ
1811 2853 1920 2908 τῶν
1952 2853 2042 2908 πί-

467 2967 585 3006 στει
657 2949 1142 3018 προσκυνούντων,
1204 2949 1270 3003 ἑκ
1326 2949 1508 3019 πάσης
1590 2948 1883 3019 ἐπιϐουλῆς
1946 2948 2040 3003 τοῦ

466 3043 664 3116 ὶχθροῦ
696 3042 1114 3116 λυτρώσασθαι·
1144 3042 1224 3097 ὅτι
1252 3042 1451 3107 πάντες
1482 3042 1618 3114 πρός
1656 3042 1715 3096 σὲ
1745 3041 1840 3096 νῦν
1869 3059 2039 3098 κατα-

468 3136 760 3209 φεύγομεν,
795 3135 1060 3190 Δέσποινα
1087 3135 1337 3190 Θεοτόκε.

755 3231 1043 3285 Ἐωθινὸν
1077 3229 1152 3297 η’,
1190 3226 1342 3300 ἦχος
1401 3229 1656 3298 πλάγιος
1685 3228 1754 3300 γ’.

538 3321 621 3376 Τά
649 3321 746 3392 τῆς
775 3320 994 3392 Μαρίας
1023 3320 1228 3390 δάκρυα
1265 3319 1326 3372 οὑ
1380 3319 1555 3391 μάτην
1577 3321 1753 3390 χεῖται
1781 3316 1997 3392 θερμῶς
2019 3333 2036 3350 ·

472 3417 583 3472 ῑδοὺ
618 3415 727 3487 γὰρ
760 3413 1115 3484 κατηξίωται,
1139 3414 1235 3467 καὶ
1268 3413 1626 3468 διδασκόντων
1657 3412 1920 3483 ἀγγέλων,
1943 3412 2041 3483 τῆς

467 3509 642 3578 ὅψεως
687 3506 851 3561 αὑτοῦ
900 3505 994 3558 τοῦ
1030 3505 1228 3574 Ἰησοῦ·
1255 3504 1367 3559 ἀλλ’
1396 3504 1474 3558 ἔτι
1526 3505 1790 3575 πρόσγεια
1833 3506 2039 3574 φρονεῖ,

467 3596 560 3656 οἷα
602 3598 740 3671 γυνὴ
785 3596 1034 3667 ἀσθενὴς,
1069 3595 1148 3650 διὸ
1177 3598 1272 3650 καὶ
1304 3595 1696 3667 ἀποπέμπεται
1746 3595 1819 3665 μὴ
1875 3611 2042 3664 προσ-

469 3691 677 3764 ψαῦσαι
705 3691 945 3763 Χριστῷ,
979 3690 1094 3744 ἀλλ’
1117 3691 1264 3762 ὅμως
1287 3689 1464 3762 κῆρυξ
1489 3689 1765 3759 πέμπεται
1793 3690 1907 3752 τοῖς
1933 3689 2044 3752 σοῖς

474 3786 763 3857 μαθηταῖς.
797 3779 894 3848 Οἷς
936 3784 1233 3852 εὐαγγέλια
1269 3781 1438 3852 ἔφησε
1461 3821 1476 3845 ,
1521 3781 1620 3851 τὴν
1651 3781 1788 3851 πρὸς
1821 3779 1912 3833 τὸν
1941 3797 2047 3833 πα-

468 3878 646 3950 τρῷον
673 3877 872 3949 κλῆρον
890 3877 1072 3932 ἄνοδον
1098 3875 1536 3946 ἀπαγγέλλουσα,
1563 3873 1682 3945 μεθ’
1715 3868 1783 3946 ἦς
1813 3871 2045 3939 ἀξίωσον

473 3970 567 4024 καὶ
600 3970 744 4041 ἡμᾶς
771 3968 870 4040 τῆς
900 3967 1196 4039 ἐμφανείας
1235 3983 1348 4032 σου,
1378 3967 1621 4018 Δέσποτα
1651 3962 1842 4034 Κύριε,

923 4057 1492 4126 Ἔξαποστειλὰριον
1530 4056 1599 4113 θ’.

545 4153 1083 4224 Συγκεκλεισμένων,
1109 4151 1374 4209 Δέσποτα,
1394 4148 1501 4202 τῶν
1537 4147 1718 4220 θυρῶν
1751 4149 1824 4214 ὡς
1866 4148 2048 4219 εἰσῆλ-

475 4247 586 4312 θες,
609 4249 734 4310 τοὺς
764 4245 1089 4305 ἀποστόλους
1128 4241 1368 4313 ἐπλησας
1410 4241 1724 4312 Πνεὺματος
1756 4241 2046 4311 παναγίου,

473 4338 766 4412 εἰρηνικῶς
798 4337 1136 4408 ὲμφυσήσας.
1174 4328 1270 4398 Οἷς
1302 4334 1519 4405 δεσμεῖν
1552 4350 1613 4387 τε
1642 4332 1738 4387 καὶ
1763 4333 1910 4388 λύειν
1950 4333 2050 4397 τὰς

473 4434 746 4505 ἁμαρτίας
780 4432 1040 4502 εἴρηκας,
1084 4432 1175 4482 καὶ
1221 4427 1363 4481 ὀκτὼ
1405 4426 1522 4498 μεθ’
1555 4427 1766 4499 ἡμέρας
1818 4427 1921 4498 τὴν
1953 4427 2050 4497 σὴν

2137 1937 2283 1986 stum
2313 1930 2656 1988 douatorem.

2648 2019 3135 2091 Exaposteilarium
3169 2024 3222 2080 8.

2208 2115 2428 2172 Duobus
2471 2116 2680 2187 angelis
2725 2117 2870 2173 intra
2909 2129 3321 2176 monumentum
3382 2120 3714 2191 conspectis,

2138 2208 2312 2263 Maria
2343 2208 2535 2263 territa
2563 2219 2668 2275 est,
2728 2209 3122 2284 Christumque
3168 2227 3279 2269 non
3311 2229 3618 2286 agnoscens
3647 2214 3716 2268 il-

2141 2301 2249 2358 lum
2280 2303 2634 2359 hortulanum
2665 2311 2867 2376 putans
2889 2305 3244 2378 interrogavit
3275 2323 3291 2362 :
3322 2307 3426 2364 Ubi
3455 2308 3559 2364 mei
3585 2306 3712 2364 Jesu

2139 2409 2344 2466 corpus
2373 2393 2728 2466 deposuisti?
2775 2395 3155 2466 Appellatione
3210 2413 3346 2454 vero
3406 2413 3715 2472 agnoscens

2140 2487 2479 2542 Salvatorem
2531 2485 2707 2542 audiit
2742 2486 3061 2560 (dicentem)
3093 2506 3108 2544 :
3139 2487 3262 2545 Noli
3309 2505 3397 2546 me
3445 2498 3714 2565 tangere;

2140 2578 2275 2634 abeo
2301 2577 2369 2634 ad
2401 2576 2616 2633 Patrem
2646 2595 2662 2634 :
2695 2576 2956 2635 fratribus
2978 2579 3114 2636 meis
3143 2582 3434 2636 annuntia.

2212 2668 2389 2726 Unam
2447 2667 2763 2735 Trinitatis,
2820 2687 2852 2725 ο
2902 2670 3092 2744 Virgo,
3148 2673 3404 2744 prodigio
3455 2672 3714 2729 ineffabili

2143 2778 2435 2836 personam
2462 2763 2725 2834 genuisti,
2772 2773 2968 2820 natura
2999 2764 3221 2836 quidem
3256 2774 3312 2821 et
3368 2764 3570 2823 virtute
3613 2765 3714 2821 du-

2142 2857 2363 2927 plicem,
2399 2857 2681 2928 hypostasi
2712 2865 2894 2913 autem
2919 2872 3103 2912 unam.
3144 2856 3299 2913 Illum
3334 2874 3464 2929 ergo
3499 2875 3714 2930 semper

2141 2963 2246 3020 pro
2269 2947 2524 3004 omnibus
2554 2948 2914 3004 adorantibus
2942 2949 2996 3004 in
3033 2947 3138 3005 lide
3164 2962 3412 3020 precare,
3446 2960 3504 3004 ut
3531 2965 3624 3006 eos
3651 2949 3721 3006 ab

2141 3042 2397 3098 omnibus
2426 3041 2632 3098 inimici
2663 3041 2881 3098 insidiis
2903 3041 3118 3098 liberet.
3145 3039 3334 3102 Itaque
3385 3043 3452 3099 ad
3485 3053 3539 3098 te
3573 3059 3720 3100 nunc

2063 3158 2106 3218 ο
2143 3133 2508 3207 confugimus,
2536 3133 2761 3190 Domina
2792 3133 2884 3192 Dei
2914 3134 3188 3192 Genitrix.

2455 3227 2778 3283 Matutinum
2810 3225 2865 3293 8,
2901 3236 3052 3284 tonus
3080 3229 3320 3300 obliquus
3346 3231 3398 3286 ’5.

2209 3319 2328 3377 Νοιι
2358 3319 2566 3378 frustra
2610 3319 2779 3376 Maria
2834 3321 3094 3378 ardentes
3145 3322 3422 3394 lacrymas
3444 3319 3720 3378 effundit:

2140 3429 2268 3470 ecce
2297 3414 2441 3474 enim
2478 3412 2640 3486 digna
2673 3414 2924 3480 emcitur,
2973 3413 3296 3469 docentibus
3339 3414 3569 3484 angelis,
3601 3430 3724 3484 qua:

2141 3505 2332 3562 Jesum
2392 3505 2573 3577 ipsum
2621 3505 2824 3561 videat.
2871 3505 3073 3562 Verum
3122 3505 3373 3570 humilia,
3420 3507 3604 3576 qualia
3640 3507 3723 3560 in.

2145 3599 2301 3654 firma
2334 3598 2548 3665 mulier,
2579 3597 2746 3654 sentit
2777 3613 2842 3654 ex
2891 3613 2958 3654 eo
3005 3599 3152 3669 quod
3191 3615 3258 3655 ne
3283 3598 3562 3655 Christum
3599 3605 3721 3651 tan-

2143 3701 2234 3766 gat
2275 3704 2579 3749 amovetur.
2617 3692 2724 3748 Sed
2797 3691 2962 3747 simul
3031 3690 3222 3747 nuntia
3273 3690 3559 3760 discipulis
3614 3691 3724 3748 tuis

2145 3783 2398 3837 mittitur.
2475 3781 2687 3848 Quibus
2739 3781 2916 3837 fausta
2973 3796 3108 3838 voce
3159 3782 3300 3836 viam
3335 3781 3402 3837 ad
3439 3791 3722 3854 paternam

2145 3875 2526 3931 haareditatem
2559 3873 2858 3945 prmdicat-
2878 3874 3014 3930 Cum
3048 3889 3157 3946 qua
3185 3884 3239 3930 et
3272 3888 3375 3930 nos
3403 3873 3725 3930 manifesta-

2147 3970 2299 4025 tione
2331 3977 2423 4024 tua
2455 3967 2652 4038 dignos
2683 3966 2908 4033 habeas,
2935 3966 3163 4022 Domine
3190 3967 3204 4021 !

2634 4056 3122 4127 Exaposleilarium
3149 4058 3204 4114 9.

2218 4150 2515 4214 Clausis.o
2561 4147 2811 4213 Domine,
2866 4147 3042 4217 portis
3087 4147 3370 4218 ingressus
3441 4148 3724 4217 apostolos

2151 4244 2351 4316 spiritu
2408 4242 2593 4299 omnis
2643 4239 2957 4297 sanctitatis
2989 4237 3292 4308 replevisti,
3335 4237 3561 4309 paritice
3608 4239 3724 4293 sufc

2151 4338 2290 4395 flans
2317 4338 2414 4406 (ιι).
2457 4335 2565 4392 Eos
2596 4335 2763 4406 ligare
2795 4341 2849 4388 et
2879 4332 3092 4388 solvere
3121 4341 3344 4399 peccata
3381 4329 3594 4400 jussiin
3622 4348 3637 4394 ;
3667 4340 3722 4387 et

2156 4441 2279 4502 post
2312 4440 2437 4485 octo
2469 4429 2589 4484 dies
2619 4428 2761 4482 latus
2813 4438 3115 4494 manusque
3155 4422 3378 4478 Thomae
3413 4422 3727 4478 ostendisti.

475 4526 716 4597 πλευρὰν
765 4523 842 4594 τῷ
871 4523 1038 4594 Θωμᾷ
1063 4521 1348 4587 ὑπέδειξας
1372 4521 1464 4574 καὶ
1479 4520 1574 4583 τὰς
1596 4523 1783 4591 χεῖρας
1802 4535 1815 4548 ·
1851 4519 1970 4590 μεθ’
1991 4515 2042 4574 οἶ

2172 4523 2417 4591 Quocum
2448 4521 2751 4577 clmuamus
2785 4534 2799 4572 :
2853 4515 2932 4571 Tu
2961 4515 3226 4572 Dominus
3256 4521 3311 4572 et
3341 4514 3483 4571 Deus
3513 4530 3595 4570 es.

475 4614 714 4688 βοῶμεν·
759 4612 960 4687 Κύριος
985 4613 1080 4666 καὶ
1107 4613 1239 4675 Θεὸς
1275 4613 1337 4666 σὺ
1375 4612 1663 4684 ὑπάρχεις.

547 4708 652 4761 Τὸν
697 4707 789 4760 σὺν
835 4706 949 4760 υἱὸν
989 4705 1065 4769 ὡς
1136 4705 1364 4775 ἔϐλεψας
1416 4703 1720 4758 ἀναστάντα
1772 4705 1834 4757 ἐκ
1878 4704 2048 4773 τάφου

475 4802 794 4872 τριήμερον,
816 4799 1116 4871 Θεόνυμφε,
1139 4798 1378 4865 παναγία
1409 4795 1670 4865 Παρθένε,
1697 4797 1915 4851 ἃπασαν
1939 4795 2051 4849 θλί·

476 4895 568 4966 ψιν
615 4893 858 4961 ἀπέθου,
885 4895 953 4967 ην
1001 4892 1240 4963 ὑπέστης
1285 4891 1361 4956 ὡς
1417 4893 1630 4964 μήτηρ,
1670 4891 1758 4944 ὅτε
1811 4889 2053 4953 κατεῖδες

479 4990 772 5060 πάσχοντα,
810 4988 904 5043 καὶ
939 4988 1114 5061 χαρᾶς
1143 4984 1538 5058 ἐμπλησθεῖσαι,
1597 4985 1695 5039 σὺν
1727 4987 1840 5050 τοῖς
1886 4982 2051 5038 αὑτοῦ

482 5083 750 5156 μαθηταῖς
781 5082 1113 5155 γεραίρουσα
1142 5081 1328 5135 τοῦτον
1385 5079 1575 5152 ῦμνεις
1596 5095 1610 5108 ·
1651 5079 1732 5132 διὸ
1763 5079 1887 5143 τοὺς
1921 5078 2050 5132 Θεο-

477 5178 632 5234 τόκον
663 5194 720 5231 σε
747 5175 841 5231 νῦν
867 5176 1236 5248 κηρύττοντας
1273 5173 1442 5237 σῶζε.

805 5269 1086 5324 Ἔωθινὸν
1111 5268 1178 5334 θ’,
1201 5264 1348 5339 ἦχος
1374 5266 1626 5337 πλάγιος
1647 5263 1715 5319 δ’.

564 5366 651 5430 Ὠς
679 5366 764 5424 ἐπ’
786 5365 1030 5436 ἐσχάτων
1058 5363 1166 5417 τῶν
1195 5361 1424 5434 χρόνων,
1457 5359 1624 5431 οὔσης
1649 5358 1806 5428 ὀψίας
1834 5356 2047 5411 £1666:-

481 5476 609 5528 των,
647 5460 933 5531 ὲφίστασαι
976 5458 1088 5521 τοῖς
1138 5455 1350 5524 φίλοις,
1382 5452 1615 5527 Χριστὲ,
1650 5452 1743 5506 καὶ
1815 5449 2053 5521 θαύματι

485 5555 668 5627 θαῦμα
704 5555 964 5626 βεϐαιοῖς,
1022 5555 1087 5624 τῇ
1118 5548 1483 5620 κεκλεισμένῃ
1518 5546 1704 5600 εἰσόδω
1737 5545 1841 5598 τῶν
1875 5545 2056 5616 θυρῶν

483 5651 580 5724 τὴν
612 5651 676 5706 ἐκ
713 5648 920 5720 νεκρῶν
967 5665 1060 5702 σου
1109 5644 1420 5700 ἀνάστασιν·
1454 5638 1567 5696 ἀλλ’
1597 5637 1839 5710 ἕπλησας
1878 5637 2052 5708 χαρᾶς

2227 4706 2422 4762 Filium
2462 4715 2614 4761 tuum
2664 4705 2854 4760 videns
2902 4719 2933 4760 e
2979 4703 3232 4775 sepulcro
3285 4713 3407 4774 post
3453 4710 3563 4756 tres
3612 4702 3730 4756 dies

2155 4798 2478 4860 redivivum,
2545 4811 2576 4849 ο
2623 4793 2718 4850 Dei
2754 4795 2987 4865 Sponsa,
3021 4792 3365 4848 sattctissima
3392 4791 3577 4862 Virga,
3614 4808 3730 4848 om-

2157 4904 2281 4944 nem
2340 4888 2550 4958 dcpoue
2600 4885 2949 4941 aﬂlictionem
3020 4901 3143 4957 qua:
3215 4894 3266 4941 te
3326 4885 3547 4947 invasit,
3603 4902 3724 4940 cum

2159 4980 2435 5053 passionis
2468 4978 2624 5034 testis
2664 4977 2838 5044 fuisti,
2868 4985 2924 5035 et
2955 4978 3137 5050 gratia
3181 4979 3385 5048 repleta
3420 4978 3724 5034 mercedem

2160 5091 2287 5133 cum
2317 5075 2605 5146 discipulis
2636 5073 2914 5144 accipiens
2967 5072 3129 5128 lauda
3168 5085 3318 5127 eum.
3381 5069 3726 5144 Quapmpter

2159 5168 2306 5226 salva
2341 5167 2434 5240 qui
2466 5174 2518 5222 te
2551 5165 2833 5236 Deiparam
2867 5164 3182 5236 pradicant.

2496 5257 2820 5314 Matutinum
2848 5257 2901 5324 9,
2922 5267 3076 5313 tonus
3109 5257 3349 5328 obliquus
3372 5259 3428 5312 4.

2232 5354 2290 5410 ln
2327 5353 2534 5409 ultimis
2561 5352 2782 5416 diebus,
2824 5365 3051 5421 vespere
3102 5349 3327 5406 Sabbati
3359 5359 3485 5406 ante
3517 5349 3725 5406 amicos

2159 5457 2296 5514 stas,
2352 5461 2386 5501 o
2432 5445 2670 5514 Christe,
2728 5443 3101 5516 miraculoque
3159 5441 3481 5498 miraculum
3531 5443 3730 5497 contir-

2163 5555 2302 5606 mas,
2334 5537 2547 5594 scilicet
2577 5547 2855 5607 portarum
2885 5536 3197 5591 clausarum
3223 5536 3506 5593 invasione
3538 5550 3728 5592 resur-

2160 5633 2482 5689 rectionem.
2539 5630 2796 5699 Quiuimo
2855 5628 3028 5701 gratia
3071 5627 3372 5701 discipulos
3422 5627 3726 5701 replevisti,

1997 5749 2224 5808 NOTAE.

559 5851 636 5917 (1)
668 5852 942 5910 Sumando
975 5853 1160 5910 dicens
1198 5871 1208 5907 :
1254 5852 1370 5908 Pax
1390 5853 1548 5908 vobis.
