4058 6294
447 305 556 371 367

1708 329 1986 393 LEONIS
2016 332 2118 394 PH
2125 335 2481 405 ILOSOPHI

3589 367 3695 430 308

444 426 735 515 sanctique
789 430 1021 504 spiritus
1072 438 1366 510 participes
1396 441 1646 511 eﬂ‘ecisti,
1685 455 1990 517 potestaten

444 519 750 545 .l:...:..-_.ls
805 536 1014 545 __--_.4
1116 532 1127 544 ι
1217 542 1229 545 -
1271 533 1305 545 η
1367 535 1380 545 .
1442 536 1454 545 .
1628 536 1690 545 __

2092 499 2093 506 η
2121 456 2249 518 τοὺς
2285 459 2556 530 μαθητὰς,
2585 463 2680 518 καὶ
2729 465 3045 537 Πνεύματος
3074 469 3229 540 ἁγίου
3259 472 3569 545 μετέδωκας
3593 479 3690 532 αύ-

441 513 750 579 dimittendi
805 536 1026 596 peccata
1079 532 1161 586 eis
1214 533 1479 604 tribuisti,
1514 547 1570 593 et
1628 513 1896 597 Thomam
1948 558 2017 601 ne

441 610 611 670 ﬂuctu
652 615 1058 678 incredulitatis
1103 623 1551 699 submergeretur
1591 632 1844 690 servasti.
1888 634 2016 692 ldeo

441 717 626 758 veram
675 707 963 765 scientiam
1021 712 1177 776 nobis
1227 717 1500 774 concedas
1553 731 2014 796 peccatorumque

438 796 844 868 remissionem,
883 816 917 857 o
948 802 1179 877 benigne
1211 808 1532 867 misericors
1569 810 1818 872 Domine.

932 893 1418 966 Exapostet'lart'um
1449 903 1537 959 10.

508 979 820 1044 Tiberiadis
858 1002 1007 1046 mare
1052 1006 1179 1047 cum
1232 993 1358 1051 ﬁliis
1408 996 1676 1065 Zebedaei,
1708 997 2009 1059 Nathanael
2080 1030 2085 1034 -

436 1070 706 1146 Petroque
751 1086 806 1134 et
841 1079 1058 1139 duobus
1087 1084 1211 1141 aliis
1260 1083 1526 1143 Thomam
1560 1088 1756 1146 habuit
1796 1092 2011 1162 piscan-

434 1174 563 1230 tcm,
620 1167 736 1238 qui,
783 1168 1011 1240 jubente
1063 1173 1303 1244 Christo,
1352 1178 1708 1238 dextrorsum
1781 1183 2007 1255 (retia)

432 1254 809 1328 demittentes,
849 1265 1052 1322 multos
1081 1268 1260 1338 pisces
1287 1269 1604 1327 eliciebant.
1642 1254 2008 1331 CumPetrus

431 1350 736 1420 agnoscens
783 1356 1118 1428 adnatabat,
1161 1362 1272 1421 illis
1325 1369 1548 1422 tertium
1597 1383 1866 1440 apparens
1913 1387 2008 1440 pa-

427 1454 552 1495 nem
585 1442 903 1518 piscemque
947 1456 1284 1514 carbonibus
1327 1469 1573 1518 assatum
1627 1465 2000 1523 manducavit.

504 1529 610 1597 Qui
645 1547 676 1590 e
695 1538 948 1606 sepulcro
972 1552 1094 1611 post
1120 1553 1230 1602 tres
1253 1548 1370 1604 dies
1397 1552 1661 1619 excessit,
1687 1552 2003 1624 Dominum,

424 1637 460 1676 o
491 1622 874 1696 Virgo,«exora
918 1646 1019 1702 pro
1059 1635 1170 1692 illis
1203 1646 1303 1709 qut
1341 1647 1392 1695 te
1424 1642 1708 1699 celebrant
1752 1622 2002 1717 votisque

425 1712 638 1770 beatam
663 1719 924 1779 salutant.
951 1722 1026 1780 Te
1048 1727 1192 1781 enim
1218 1744 1408 1786 omnes
1429 1733 1724 1806 refugium,
1747 1712 2001 1805 salutem,

422 1809 909 1887 mediatricemque
942 1819 1086 1889 apud
1131 1821 1283 1876 illum
1323 1823 1628 1891 habemus;
1669 1843 1771 1884 nos

420 1901 567 1959 ditas
597 1912 689 1960 tua
718 1915 774 1962 ct
807 1910 955 1966 servi
985 1913 1087 1977 tui.
1129 1929 1162 1969 ο
1191 1913 1453 1988 Deipara,
1487 1918 1554 1973 ad
1590 1926 1743 1976 tuum
1805 1923 1994 1993 suspio

420 1996 596 2053 cimus
620 2000 911 2057 auxilium.

694 2090 1026 2150 Matutinus
1059 2097 1144 2164 lO,
1170 2107 1326 2156 tonus
1360 2091 1602 2174 obliquus
1641 2103 1697 2160 2.

488 2177 787 2253 Postquam
819 2185 873 2242 in
904 2185 1182 2244 infernum
1227 2189 1634 2260 descendisses,
1665 2205 1720 2251 et
1752 2211 1816 2252 ex
1846 2211 1997 2252 mor-

419 2273 531 2330 tuis
562 2277 929 2347 surrexisses,
958 2279 1220 2353 discipuli
1250 2291 1342 2338 tua
1375 2284 1750 2355 abscessionc,
1803 2296 1862 2344 ut
1895 2305 1996 2360 par

417 2377 560 2434 erat,
608 2372 868 2442 prostrati
910 2371 981 2428 ad
1021 2375 1399 2445 operationem
1444 2379 1697 2435 conversi
1742 2390 1890 2445 sunt,
1941 2389 1996 2438 et

418 2473 613 2515 rursus
663 2463 732 2516 ad
779 2463 996 2535 navigia
1042 2475 1098 2521 et
1127 2467 1288 2532 retia,
1338 2468 1433 2523 sed
1488 2456 1994 2544 nusquampisces

415 2551 725 2620 capiebant.
781 2553 863 2611 Tu
927 2571 1082 2627 vero,
1146 2556 1423 2624 Salvator,
1496 2549 1740 2618 omnium
1807 2579 1991 2621 rerum

415 2644 666 2711 Domine,
697 2648 1045 2706 dextrorsum
1076 2651 1215 2708 retia
1248 2652 1476 2724 injicere
1503 2655 1667 2727 jubes
1697 2676 1711 2726 ;
1765 2665 1821 2714 et
1865 2675 1994 2716 vere

413 2739 666 2809 Operatio
723 2751 876 2796 tuum
925 2743 1155 2799 verbum
1212 2745 1334 2802 fuit.
1373 2747 1780 2806 Multittulinent
1841 2754 1988 2809 enim

413 2831 645 2900 piscium
695 2845 980 2905 ceperunt.
1029 2837 1140 2894 Nos
1187 2847 1371 2895 autem
1416 2840 1681 2914 hospitali
1713 2845 1990 2912 convivio,

410 2923 468 2977 itt
499 2935 640 2980 terra
675 2939 887 2997 parato,
914 2928 1073 2998 cujus
1102 2939 1279 2988 tecum
1307 2933 1563 3007 discipuli
1612 2934 1768 2993 fuere
1819 2940 1990 3010 parti-

409 3017 582 3088 cipcs,
635 3018 996 3089 spiritualiter
1044 3022 1274 3096 dignare
1324 3026 1612 3097 delectari,
1642 3043 1676 3085 ο
1707 3029 1988 3088 hominum

408 3125 627 3169 amator
675 3113 906 3172 Domine
933 3117 947 3171 ί

477 3335 480 3338 .
572 3336 580 3353 ,
907 3295 1394 3369 Exaposteilarium
1423 3303 1509 3360 ll.

479 3382 614 3442 Post
648 3385 888 3442 divina’m
935 3393 1424 3459 resurrectionem,
1475 3403 1559 3453 ter
1606 3395 1827 3452 Petrum
1881 3397 1985 3454 Do-

406 3477 590 3534 minus
614 3468 931 3537 sciscitatus
981 3501 997 3539 :
1039 3482 1231 3540 Utrum
1291 3503 1377 3544 me
1423 3490 1622 3545 amas?
1652 3505 1874 3546 suarum
1932 3493 1981 3548 ei

405 3570 590 3626 ovium
633 3574 1036 3644 pascendarum
1065 3579 1401 3651 praecipuum
1425 3582 1719 3638 committit
1742 3600 1981 3653 munus;

403 3663 498 3736 qui
549 3665 882 3737 discipulum
925 3665 1056 3725 Jesu
1103 3672 1334 3726 charum
1392 3673 1585 3735 videns
1630 3687 1978 3749 sequentem,

404 3754 696 3814 Dominum
738 3759 1098 3834 interrogavit
1133 3781 1148 3818 :
1185 3762 1249 3818 Et
1296 3764 1389 3820 ille
1433 3766 1567 3837 quid
1615 3766 1639 3821 ί
1675 3766 1732 3822 Si
1779 3770 1971 3834 velim,

402 3847 690 3921 respondit
729 3849 1019 3923 Dentibus,
1067 3855 1220 3912 illum
1284 3857 1459 3940 donec
1515 3861 1713 3916 iterum
1762 3861 1976 3917 veniam

401 3958 646 4018 manere,
675 3946 806 4017 quid
841 3947 907 4002 ad
929 3956 1003 4012 te,
1030 3947 1103 4003 mi
1137 3947 1300 4023 Petre
1330 3950 1355 4007 2
1384 3945 1391 3956 ’

471 4036 517 4094 0
549 4039 896 4097 tremendum
945 4043 1270 4121 mysterium
1304 4045 1318 4099 l
1349 4043 1393 4102 0
1435 4045 1760 4106 incredibile
1803 4050 1975 4104 mira-

400 4132 588 4188 culum
620 4133 634 4188 ί
671 4143 848 4190 morte
885 4149 1036 4192 mors
1060 4137 1287 4194 omnino
1316 4137 1502 4209 fugata
1532 4147 1638 4198 est.
1685 4139 1822 4209 Quis
1865 4157 1975 4198 non

401 4224 642 4281 celebret
698 4225 998 4297 adoretquc
1049 4234 1234 4296 tuam,
1296 4243 1331 4285 ο
1377 4227 1656 4300 Verbum,
1726 4248 1975 4290 resurre-

347 4350 352 4355 -
397 4317 658 4386 ctionent,
706 4327 760 4374 et
813 4334 935 4390 qua:
971 4327 1024 4375 te
1071 4320 1417 4378 immaculate
1474 4324 1530 4380 in
1578 4340 1744 4383 carne
1788 4329 1976 4398 genuit

403 4409 688 4481 Deiparam
718 4409 956 4484 Y‘Cujus
987 4412 1385 4473 intercessione
1423 4432 1616 4476 omnes
1649 4417 1719 4475 ab
1755 4421 1973 4476 inferno

398 4503 588 4559 salva!
689 4539 694 4544 -

666 4594 993 4654 Matutinutn
1026 4598 1114 4665 Η,
1147 4608 1299 4654 tonus
1329 4601 1570 4672 obliquus
1607 4603 1661 4658 4.

469 4688 832 4749 Ilanilcstans
898 4704 949 4749 te
1002 4695 1182 4765 ipsum
1241 4695 1548 4766 discipulis,
1602 4711 1635 4751 o
1688 4695 1966 4766 Salvator,

396 4790 520 4856 pust
550 4785 1034 4855 resurrectionem,
1063 4785 1274 4844 Simoni
1306 4797 1524 4844 tuarum
1549 4789 1750 4847 dedisti
1781 4793 1966 4850 ovium

395 4892 611 4943 curam,
645 4877 700 4934 in
727 4879 933 4936 amoris
961 4885 1391 4948 successionem,
1443 4881 1815 4955 pascendique
1842 4884 1967 4943 olli-

393 4971 540 5026 cium
587 4987 602 5035 ;
656 4969 888 5042 ideoque
942 4972 1098 5029 illum
1152 4973 1502 5046 interrogasti
1548 4993 1561 5029 :
1614 4975 1809 5033 Utrum
1881 4995 1969 5036 me

393 5080 569 5130 amas,
604 5054 812 5121 Petrei
843 5064 1013 5122 Pasce
1036 5082 1207 5138 agnos
1234 5082 1406 5133 meos,
1434 5084 1598 5140 pasce
1620 5087 1752 5126 oves
1784 5087 1960 5129 meas.

392 5158 493 5226 Qui
534 5159 648 5215 cito
674 5160 1001 5217 charitatem
1039 5171 1327 5221 ostentans
1356 5163 1426 5220 de
1465 5165 1640 5220 altera
1689 5164 1966 5238 discipulo

393 5252 713 5312 sciscitatus
741 5263 846 5312 est.
882 5256 1103 5313 Illorum
1134 5258 1408 5329 precibus,
1460 5273 1493 5312 ο
1525 5259 1764 5329 Christe,
1831 5280 1964 5336 gre-

392 5361 513 5416 gem
546 5355 702 5404 tuum
733 5347 912 5421 ipsum
943 5349 1012 5406 ab
1045 5348 1264 5409 infestis
1296 5351 1439 5424 lupis
1463 5354 1679 5410 custodi
1717 5355 1729 5408 ί

2003 4554 2054 4614 D

2118 549 2253 613 τοῖς,
2281 550 2379 606 καὶ
2426 553 2676 619 ἐξουσίαν
2721 557 2943 630 ενειμας
2989 562 3236 630 ἀφέσεως
3265 566 3573 637 ἁμαρτιῶν,
3601 572 3693 625 καὶ

2115 640 2207 694 τὸν
2234 642 2438 715 Θωμᾶν
2467 648 2529 702 ού
2558 650 2867 718 κατέλιπες,
2891 653 2968 726 τῷ
2995 656 3095 727 τῆς
3122 659 3385 723 ἀπιστίας
3444 662 3689 717 καταδα-

2117 734 2405 801 πτίζεσθαι
2438 740 2668 798 κλύδωνι
2688 761 2701 775 ·
2732 744 2814 800 διὸ
2844 748 3128 821 παράσχου
3179 752 3274 805 καὶ
3320 755 3452 828 ἡμῖν
3493 755 3693 824 γνῶσιν

2082 894 2083 897 η
2114 827 2311 902 ἀληθῆ,
2343 833 2439 890 καὶ
2461 831 2656 908 ἄφεσιν
2687 841 3066 910 πταισμάτων,
3097 841 3439 916 εῦσπλαγχνε
3463 848 3656 922 Κύριε.

2261 975 2264 977 Α
2575 927 3153 1006 Ἐξαποστειλάριον
3187 942 3224 990 ι’

2185 1014 2503 1088 Τιϐεριάδος
2533 1019 2800 1090 θάλασσα,
2849 1026 2947 1080 σὺν
2982 1026 3141 1081 παισὶ
3167 1028 3477 1096 Ζεϐεδαίου,
3503 1029 3689 1085 Ναθαο

2110 1107 2247 1179 ναὴλ
2270 1108 2348 1182 τῷ
2375 1111 2570 1185 Πέτρῳ
2598 1131 2678 1181 τε,
2716 1116 2815 1170 σὺν
2843 1115 2996 1172 δυσὶν
3024 1119 3206 1183 ἀλλοις
3236 1120 3426 1189 πάλαι,
3450 1123 3548 1176 καὶ
3575 1123 3688 1177 8w-

2113 1203 2220 1272 μᾶν
2249 1197 2361 1274 εἶχε
2395 1205 2532 1275 πρὸς
2563 1205 2762 1280 ἄγραν·
2818 1210 2868 1263 οἳ
2911 1212 3151 1281 Χριστοῦ
3194 1217 3260 1284 τῇ
3314 1217 3604 1286 προστάξει
3632 1222 3687 1274 έν

2106 1292 2301 1359 δεξιοῖς
2325 1297 2683 1367 χαλάσαντες,
2744 1302 2948 1374 πλῆθος
2968 1299 3149 1361 εἷλκον
3169 1307 3388 1379 ίχθύων,
3404 1309 3462 1363 ὃν
3487 1310 3688 1383 Πέτρος

2106 1385 2288 1455 γνοὺς,
2309 1387 2448 1459 πρὸς
2470 1390 2634 1446 αύτὺν
2662 1393 2914 1464 ένήξατο,
2942 1392 3024 1462 οἷς
3053 1398 3114 1452 τὸ
3139 1400 3321 1472 τρίτον
3349 1402 3564 1472 φανεὶς,
3594 1405 3686 1458 καὶ

2106 1481 2271 1552 ᾶρτον
2304 1480 2472 1548 ἔδειξε
2504 1484 2595 1538 καὶ
2627 1485 2780 1558 ἰχθὺν
2810 1488 2900 1542 ἐπ’
2925 1487 3234 1563 ἀνθράκων.

2177 1573 2280 1627 Τὸν
2315 1576 2622 1631 ἀναστάντα
2653 1577 2856 1651 Κύριον
2888 1584 3190 1654 τριήμερον
3233 1587 3297 1640 έκ
3342 1585 3434 1640 τοῦ
3481 1587 3676 1656 τάφου,

2105 1665 2372 1737 Παρθένε,
2408 1668 2728 1726 καθικέτευε
2791 1673 2932 1746 ὑπὲρ
2975 1676 3084 1730 τῶν
3123 1693 3181 1731 σε
3231 1679 3543 1750 ὑμνούντων
3590 1683 3683 1735 καὶ

2104 1759 2256 1834 πόθῳ
2292 1762 2742 1833 μακαριζόντων·
2784 1767 2844 1821 σὲ
2889 1768 2999 1840 γάρ
3045 1768 3243 1841 ἔχομεν
3291 1771 3488 1840 πάντες
3516 1791 3682 1830 καταο

1827 1829 2002 1934 κεῖθ’
2032 1836 2075 1892 Β
2105 1829 2602 1926 φυγῆννσωτηριον,
2640 1856 2737 1910 καὶ
2781 1829 3008 1932 μεσίτην
3221 1862 3408 1918 τοῦτον
3438 1829 3681 1946 ’.κλῆρος

2099 1942 2206 2016 γάρ
2239 1944 2329 2008 σὸς
2375 1945 2470 1999 καὶ
2493 1944 2702 2002 οἰκέται
2734 1947 2994 2020 πέλομεν,
3022 1950 3274 2020 Θεοτόκε,
3308 1955 3558 2028 καὶπρὸς
3582 1942 3684 2028 τὴν

2090 2034 2200 2108 ,σὴν
2228 2035 2513 2108 ἀντίληψιν
2539 2037 2778 2104 ἅπαντες
2804 2039 3118 2114 ἀφορῶμεν.

2394 2129 2676 2185 Ἐωθινὸν
2714 2135 2768 2198 ι’,
2807 2129 2959 2202 ἦχος
2997 2133 3250 2204 πλάγιος
3281 2134 3364 2201 β’.
3598 2197 3636 2207 μ,

2168 2222 2323 2278 Μετά
2370 2224 2470 2296 τὴν
2513 2226 2593 2289 εἰς
2625 2223 2753 2297 ᾅδου
2784 2227 3043 2294 κάθοδον,
3075 2228 3171 2283 καὶ
3208 2229 3307 2303 τὴν
3357 2231 3421 2285 έκ
3469 2232 3685 2303 νεκρῶν

2094 2316 2411 2380 ἀνάστασιν,
2442 2317 2798 2387 ἀθυμοῦντες,
2831 2318 2907 2380 ὡς
2954 2320 3121 2387 εἰκὸς,
3159 2323 3251 2378 ἐπὶ
3281 2321 3362 2394 τῷ
3410 2325 3678 2396 χωρισμῷ

2097 2425 2214 2478 σου¹
2241 2407 2464 2482 Χριστὲ,
2516 2411 2565 2464 οἱ
2598 2411 2839 2482 μαθηταὶ
2874 2413 3012 2485 πρὸς
3041 2415 3303 2487 ἐργασίαν
3336 2416 3674 2487 ἐτράπησαν.

2095 2503 2191 2558 καὶ
2218 2502 2381 2557 πάλιν
2408 2503 2570 2558 πλοῖα
2599 2506 2693 2560 καὶ
2717 2506 2930 2572 δίκτυα,
2961 2507 3056 2561 καὶ
3083 2507 3229 2581 ἄγρα
3252 2509 3514 2581 οὐδαμοῦ·
3540 2512 3676 2564 ἀλλὰ

2095 2594 2182 2658 σὺ,
2220 2593 2425 2666 Σῶτερ,
2451 2594 2808 2666 ἐμφανισθεὶς
2837 2595 2913 2662 ῶς
2933 2598 3211 2668 Δεσπότης
3229 2599 3466 2665 πάντων,
3481 2600 3674 2666 δεξιοῖς

2092 2687 2160 2742 τά
2190 2687 2380 2742 δίκτυα
2410 2687 2651 2752 κελεύεις
2685 2688 2868 2759 βαλεῖν
2888 2729 2903 2757 ,
2936 2689 3031 2743 καὶ
3055 2686 3123 2763 ἦν
3146 2693 3175 2744 ὁ
3207 2691 3364 2761 λόγος
3393 2693 3552 2767 ἔργον
3581 2693 3672 2748 εύ-

2094 2779 2213 2845 θὺς,
2244 2780 2342 2836 καὶ
2364 2780 2570 2851 πλῆθος
2590 2781 2699 2834 τῶν
2726 2781 2924 2853 ἰχθύων
2952 2782 3109 2850 πολὺ,
3135 2788 3229 2839 καὶ
3253 2785 3468 2840 δεῖπνον
3498 2784 3672 2852 ξένον,

2093 2870 2308 2942 ἕτοιμον
2337 2871 2396 2927 ἐν
2429 2873 2522 2944 γῇ,
2556 2872 2616 2925 οὐ
2655 2874 3035 2947 μετασχόντων
3063 2874 3184 2929 τότε
3217 2893 3310 2929 σου
3340 2876 3449 2930 τῶν
3492 2877 3670 2949 μαθη-

2090 2964 2228 3018 τῶν·
2271 2963 2365 3021 καὶ
2395 2965 2544 3037 ἡμᾶς
2582 2964 2677 3019 νῦν
2709 2965 2915 3037 νοητῶς
2948 2965 3286 3034 καταξίωτον
3312 2969 3671 3041 ἐντρυφῆσαι,

2094 3056 2448 3130 φιλάνθρωπα
2480 3059 2678 3130 Κύριε.
3605 3052 3607 3054 ’

2536 3301 3105 3374 Ἐξαποστειλάριον
3141 3322 3198 3359 ια
3218 3345 3233 3360 .

2163 3391 2320 3449 Μετά
2338 3391 2436 3465 τὴν
2460 3393 2620 3449 θείαν
2631 3395 2870 3468 ἔγερσιν,
2889 3398 3008 3468 τρὶς
3035 3397 3113 3467 τῷ
3140 3398 3348 3469 Πέτρῳ,
3367 3396 3542 3462 Φιλεῖς
3560 3414 3626 3468 με
3645 3414 3666 3463 ;

2096 3486 2394 3558 πυθόμενος
2428 3489 2456 3541 ὁ
2485 3487 2709 3560 Κύριος,
2739 3489 2845 3543 τῶν
2883 3489 3028 3543 ἰδίων
3087 3489 3374 3563 προδάτων
3423 3490 3632 3562 προδάλ

2089 3582 2239 3636 λεται
2265 3583 2670 3652 ποιμενάρχην·
2704 3582 2762 3646 ὃς
2788 3581 2910 3637 ἰδὼν
2940 3583 2998 3636 ὃν
3029 3584 3215 3654 ἠγάπα
3248 3583 3274 3636 ὁ
3296 3583 3503 3653 Ἰησοῦς
3532 3583 3659 3637 ἑπό-

2092 3692 2272 3744 μενον,
2315 3676 2478 3746 ἤρετο
2508 3677 2600 3729 τὸν
2622 3677 2918 3748 Δισπότην·
2942 3671 3110 3742 Οὗτος
3142 3676 3200 3730 δὲ
3230 3679 3317 3744 τίς
3342 3676 3468 3731 Ἐάν
3498 3676 3656 3741 θέλω,

2089 3768 2280 3840 ἔφησε,
2313 3769 2494 3839 μένειν
2509 3767 2718 3835 τοῦτον,
2745 3767 2849 3833 ἕως
2876 3769 2967 3822 καὶ
2992 3768 3151 3822 πάλιν
3183 3769 3433 3843 ἔρχομαι,
3455 3770 3504 3823 τί
3530 3770 3660 3841 πρὸς

2090 3861 2169 3926 σὲ,
2206 3860 2324 3930 φίλε
2364 3859 2535 3930 Πέτρε
2551 3877 2566 3926 ;

2159 4047 2222 4099 Ὦ
2257 4043 2486 4116 φοῦερὸν
2532 4043 2828 4115 μυστήριον
2858 4043 2871 4098 l
2901 4041 2948 4096 ὣ
2989 4041 3290 4114 παράδοξον
3319 4041 3544 4114 θαῦμαί
3574 4041 3656 4096 διὰ

2087 4137 2318 4194 θανάτου
2369 4135 2598 4200 θάνατος
2651 4134 2928 4200 παντελῶς
2981 4135 3284 4206 ἠφανίσθη·
3317 4135 3401 4200 τίς
3447 4129 3541 4189 οὖν
3584 4137 3657 4206 μὴ

2084 4229 2405 4302 ἀνυμνήσει,
2437 4228 2530 4282 καὶ
2561 4228 2644 4291 τίς
2695 4226 2770 4300 μὴ
2795 4228 3162 4301 προσκυνήσει
3193 4245 3284 4281 σου
3306 4226 3404 4299 τὴν
3425 4227 3657 4283 ἀνάστα-

2085 4339 2191 4386 σιν,
2221 4321 2398 4391 Λὸγε,
2450 4322 2544 4375 καὶ
2590 4321 2691 4392 τὴν
2736 4322 2916 4391 ἁγνῶς
2957 4325 3014 4376 ὲν
3070 4321 3234 4394 σαρκὶ
3283 4320 3549 4378 τεκοῦσάν
3598 4339 3654 4376 σε

2081 4415 2373 4481 Θεοτύκον;
2422 4410 2492 4487 ἧς
2543 4417 2663 4479 ταῖς
2724 4416 3044 4488 πρεσϐείαις
3088 4417 3335 4480 ἅπαντας
3380 4414 3653 4487 λύτρωσαι

2081 4510 2178 4580 τῆς
2207 4507 2452 4579 γεέννης.

2376 4604 2659 4661 Ἐωθινὸν
2696 4604 2788 4671 ta',
2815 4601 2965 4676 ἦχος
3009 4605 3264 4678 πλάγιος
3299 4605 3369 4664 δ’.

2146 4699 2400 4773 Φανερῶν
2428 4701 2620 4755 ἑαυτὸν
2648 4701 2766 4763 τοῖς
2822 4699 3090 4771 μαθηταῖς
3123 4718 3238 4765 σου,
3271 4701 3479 4773 Σῶτερ,
3513 4698 3651 4772 μετά

2075 4794 2178 4864 τὴν
2219 4796 2537 4857 ἀνάστασιν,
2582 4793 2786 4865 Σίμωνι
2821 4793 3059 4858 δέδωκας
3090 4794 3190 4866 τὴν
3219 4793 3328 4847 τῶν
3363 4791 3644 4866 προδάτωι

2077 4885 2267 4959 νομὴν,
2298 4887 2377 4951 είς
2424 4886 2645 4958 ἀγάπης
2689 4885 3020 4953 ἀντέκτισιν,
3060 4886 3160 4954 τὴν
3197 4886 3291 4941 τοῦ
3342 4888 3648 4959 ποιμαίνειν

2079 4977 2334 5050 φροντίδα
2380 4976 2544 5034 αἰτῶν
2568 4994 2582 5008 ·
2613 4976 2694 5031 διὸ
2743 4976 2838 5032 καὶ
2867 4976 3082 5046 ἔλεγες·
3110 4978 3173 5032 Εἰ
3217 4976 3413 5047 φιλεῖς,
3453 4980 3646 5052 Πέτρε,

2075 5071 2332 5143 ποίμαινε
2358 5070 2428 5125 τά
2457 5070 2618 5142 ἀρνία
2644 5088 2768 5142 μου,
2797 5069 3048 5142 ποίμαινε
3082 5070 3150 5124 τά
3176 5071 3424 5140 πρόϐατὰ
3446 5091 3568 5145 μου.
3589 5071 3646 5126 ’0

2070 5163 2127 5217 δὲ
2174 5163 2376 5227 εὐθέως
2424 5162 2831 5234 ἐνδεικνύμενος
2877 5163 2939 5216 τὸ
2997 5163 3365 5234 φιλόστοργον,
3396 5163 3526 5235 περὶ
3552 5165 3645 5218 τοῦ

2068 5258 2230 5314 ἄλλου
2279 5258 2523 5331 μαθητοῦ
2568 5258 2943 5314 ἐπυνθάνετο·
2999 5251 3075 5313 ὧν
3128 5260 3246 5322 ταῖς
3301 5258 3640 5329 πρεσϐείαις,

2073 5353 2297 5425 Χριστὲ,
2330 5353 2428 5425 τὴν
2456 5353 2690 5425 ποίμνην
2733 5370 2827 5407 σου
2875 5351 3198 5424 διαφύλαττε
3231 5353 3295 5407 ὲκ
3335 5350 3514 5406 λύκων
3547 5351 3634 5406 λυ-

2078 5444 2417 5516 μαινομένων
2454 5445 2644 5517 αὑτήν.

1639 5744 2418 5786 w
