4058 6294
923 503 1141 574 θάμϐος
1166 506 1294 562 ίδείν
1326 509 1468 582 ὑπὲρ
1497 512 1696 580 πάντα,

745 589 814 645 50
851 592 961 648 Καὶ
976 597 1176 668 τρόμος
1214 601 1553 675 ἀναπολῆσαι

849 685 954 741 Τὸν
987 693 1231 764 ποταμὸν
1257 696 1351 750 τοῦ
1383 700 1687 770 παμφάγου

845 778 1042 850 Πυρὸς,
1070 785 1205 854 ὁμοῦ
1239 805 1297 841 τε
1329 788 1425 842 καὶ
1453 791 1650 865 λίμνην

851 870 1249 942 Παφλάζουσαν
1283 881 1375 935 καὶ
1406 881 1695 954 βριμῶσαν

852 959 1107 1029 Ἐνδίκως
1131 986 1197 1037 με
1225 973 1592 1047 πυρπολῆσαι.

735 1051 809 1106 55
917 1055 1227 1131 Θεοκυῆτορ
1253 1063 1465 1130 Μαρία,

839 1145 961 1199 Τῶν
987 1151 1236 1217 γηγενῶν
1259 1156 1548 1228 εὐκληρία,

837 1237 1182 1306 Χριστιανῶν
1215 1251 1544 1315 προστασία,

853 1326 1221 1403 ’Λμαρτωλῶν
1247 1338 1403 1403 ἐλπὶς
1431 1343 1570 1414 μόνη

833 1421 944 1475 Kal.
979 1428 1217 1499 κοσμικὴ
1250 1430 1507 1505 θυμηδία,

727 1510 798 1564 60
848 1512 1036 1570 Ῥὖσαι
1068 1521 1238 1590 πυρὸς
1261 1522 1490 1596 ἀπειλῆς
1517 1545 1604 1597 με.

919 1610 1071 1678 Ἰδοὺ,
1094 1611 1239 1683 ψυχὴ
1270 1619 1565 1684 παναθλία.

834 1700 1131 1775 Βλεφάροις
1152 1706 1254 1775 τῆς
1284 1707 1536 1775 διανοίας.

844 1793 1129 1866 Ἱστόρησά
1167 1814 1248 1851 σοι
1271 1800 1367 1863 τὰς
1398 1800 1626 1868 θλίψεις,

829 1885 940 1938 Kal
965 1886 1064 1950 τὰς
1094 1890 1285 1955 ποινὰς
1321 1893 1424 1963 πρὸ
1456 1894 1554 1960 τῆ’
1575 1897 1728 1968 δίκης
1753 1916 1768 1928 ’

727 1973 794 2025 63
831 1973 984 2045 Νῆφε
1015 1977 1234 2050 θερμῶς
1255 1983 1526 2040 ποτνιῶσα

829 2064 939 2136 Τῆς
974 2070 1168 2142 πείρας
1199 2074 1399 2128 τούτων
1419 2079 1704 2148 ρυσθῆναι.

895 2159 1105 2231 Κριτής
1144 2181 1227 2218 σοι
1259 2166 1539 2238 πόρρωθεν
1576 2171 1697 2242 ἥξει

829 2248 1199 2322 Θρονούμενος
1229 2259 1286 2310 ὲν
1309 2260 1584 2329 νεφέλαις,

725 2339 790 2394 70
829 2343 939 2415 Τὴν
968 2345 1146 2401 κτίσιν
1178 2349 1558 2407 ἁναίτινάσσων

823 2434 1113 2508 Νερτέρων
1141 2439 1204 2494 ἐκ
1235 2442 1342 2495 τῶν
1377 2443 1675 2516 Θεμέθλων,

823 2528 1121 2600 Κυμαίνων
1152 2533 1244 2586 καὶ
1273 2535 1366 2588 τὸν
1393 2537 1530 2609 ἀέρα

825 2619 1245 2697 Παναλκεστάτῃ
1276 2627 1524 2700 δυνάμει.

886 2710 1099 2784 Δαίλαψ
1131 2715 1391 2788 λικμήσει
1429 2721 1496 2775 τὰ
1528 2723 1651 2795 ὅρη,

711 2801 782 2858 75
816 2801 926 2856 Καὶ
962 2805 1272 2874 ἀφαντὼσει
1304 2811 1405 2875 τὰς
1431 2814 1628 2883 νάπας,

817 2895 927 2949 Καὶ
949 2897 1006 2950 ὲν
1036 2898 1171 2970 πυρὶ
1197 2902 1478 2977 ἀκαμάτῳ

829 2989 1339 3070 Ἐκτεφρωθήσεται
1372 2998 1570 3070 χέρσος

825 3069 920 3137 Ἐέι
958 3083 1247 3156 προσώπου
1276 3089 1370 3143 τοῦ
1407 3092 1612 3165 Κυρίου

811 3174 1009 3244 Κρίναι
1038 3177 1137 3248 τὴν
1162 3178 1266 3248 γῆν
1300 3182 1616 3253 ἐρχομένου.

703 3261 773 3316 80
880 3264 1260 3337 Μαρμαρυγαὶ
1290 3270 1384 3324 νῦν
1419 3275 1723 3348 φωστήρων

809 3352 1210 3426 Σῦεσθήσονται
1240 3364 1581 3433 παραυτίκα,

811 3446 920 3502 Καὶ
950 3448 1060 3502 τῶν
1095 3450 1344 3524 ἀστέρων
1369 3454 1438 3508 τὰ
1468 3457 1648 3531 πλήθη

807 3533 976 3592 Οἵάπε
989 3557 1018 3611 ρ
1085 3540 1258 3611 φύλλα
1294 3547 1582 3605 πεσοῦνται
1605 3568 1618 3582 ’

807 3631 879 3684 Σὺ
904 3629 982 3698 δὲ,
1013 3631 1182 3706 ψυχὴ,
1209 3636 1327 3702 πῶς
1365 3637 1610 3706 ὑποίσεις

703 3723 772 3777 85
811 3724 924 3796 Τὴν
950 3725 1158 3781 ἐλευσιν
1182 3729 1276 3783 τοῦ
1306 3731 1576 3788 Δεσπότου
1596 3754 1608 3765 ·

595 3953 802 4027 Stupor
826 3965 882 4013 et
909 3966 1114 4014 tremor
1137 3961 1240 4015 erit
1274 3961 1455 4022 videre
1489 3969 1672 4025 omnia
1705 3971 1927 4030 ﬂumine
1954 3977 2096 4046 ignis
2205 3991 2312 4042 tua:
2341 3996 2396 4044 et
2421 3987 2839 4065 intelligibilium
2871 3997 3239 4069 exercituum,

524 4047 796 4103 omnivori
833 4047 1061 4118 involvi,

522 4243 652 4288 tein.

595 4345 793 4414 Maria,
826 4347 1000 4406 Mater
1033 4349 1149 4418 Dei,
1201 4351 1344 4410 inter
1378 4365 1662 4418 creaturas
1707 4362 1901 4431 electa,
1939 4366 2099 4423 Chri-

1800 402 1991 464 LEON
2003 407 2022 466 Ι
2035 406 2074 466 S
2115 408 2579 476 PHILOSOPHI

2179 526 2224 584 Α

2139 3240 2183 3296 C

2607 535 2657 587 Μ
2665 533 2783 590 ἐδον
2811 536 3086 611 ὐψίθρονε,
3119 545 3299 612 φεῖσαι

2566 627 2637 691 Ως
2669 628 3054 699 εὖδιάλλακτος
3084 636 3265 705 φύσει,

2533 720 2666 784 Ταῖς
2697 721 2786 790 τῆς
2815 724 3040 796 Μητρός
3066 746 3165 782 σου
3201 729 3538 800 πρεσϐείαις.

2533 811 2655 866 Τῶν
2683 816 2884 884 νοερῶν
2908 822 3355 890 στρατευμάτων,

2425 898 2495 953 90
2535 901 2757 956 Πάντων
2776 905 2910 976 ὁμοῦ
2945 907 3056 962 τῶν
3079 910 3270 978 ἁγίων,

2531 995 2637 1050 Τοῦ
2666 997 2984 1069 πλάσματος
3009 1003 3120 1057 τῶν
3149 1006 3347 1077 χειρῶν
3374 1025 3488 1062 σου.

2594 1086 2870 1157 Ναμάτων
2905 1091 3150 1147 θάλασσα
3187 1095 3388 1150 σπάνιν

2539 1178 2760 1248 ’Υφέξει
2788 1183 3191 1258 δειματουμένη

2526 1271 2635 1324 Καὶ
2667 1276 2903 1345 ποταμοὶ
2932 1278 3226 1333 κονισθῶσι

2423 1365 2491 1418 93
2534 1365 2878 1433 Πηγάζοντες
2907 1369 3147 1436 ἀεννάως
3170 1389 3184 1402 ·

2531 1455 2602 1507 Σὺ
2626 1454 2703 1519 δὲ,
2737 1457 2904 1527 ψυχὴ,
2935 1460 2988 1512 τί
3019 1464 3293 1533 ποιήσεις,

2527 1545 2744 1602 Τούτων
2774 1553 3019 1621 φρικτῶς
3057 1556 3432 1626 τελουμένων;

2589 1637 2750 1693 Ξένον
2779 1642 2985 1699 ἰδέσθαι
3025 1646 3090 1700 τὰ
3123 1649 3325 1719 πάντα,

2523 1728 2595 1782 Τὸ
2625 1731 2880 1804 περιέχον
2914 1739 3176 1808 στοιχεῖον

2388 1819 2483 1873 100
2525 1823 2804 1893 Πυρκαῖᾶς
2838 1827 3074 1901 ἀφανείᾳ

2513 1915 2797 1985 Διδόμενον
2823 1918 2960 1991 ὕλης
2992 1922 3178 1995 δίκην,

2508 2008 2618 2061 Καὶ
2640 2009 3007 2082 εἱλισσόμενον
3039 2014 3196 2082 αὖθις

2524 2099 2609 2162 Ὡς
2642 2101 2848 2157 κώδικα
2881 2123 2950 2176 με
2957 2107 3270 2183 μόρανὼδη.

2573 2194 2732 2266 Οίμοι
2759 2197 2771 2251 l
2807 2197 2923 2263 πῶς
2937 2201 3131 2270 ταῦτα,
3162 2206 3350 2275 μελέα,

2370 2282 2470 2338 105
2507 2283 2598 2338 Ἐν
2635 2286 2732 2359 νῷ,
2756 2287 2920 2362 ψυχὴ,
2947 2293 3008 2346 οὐ
3033 2295 3333 2368 λαμϐάνεις
3365 2319 3380 2368 ;

2502 2377 2644 2433 Ἀλλ’
2667 2382 2805 2454 ὑπὲρ
2824 2383 3050 2456 ψάμμον
3089 2389 3363 2466 θαλάσσης

2519 2471 2878 2544 Ἀμνημονεῖς
2905 2470 3213 2550 ψαρτῶσα
3235 2499 3250 2513 ⁵

2510 2562 2758 2630 Ἀδείλως
2781 2567 2901 2623 ὅθεν
2922 2570 2981 2624 τὸ
3001 2571 3180 2644 τέρμα

2505 2654 2646 2721 Ἤδη
2667 2655 2851 2710 λοιπόν
2875 2677 2957 2714 σοι
2990 2663 3355 2736 προσψαύσει.

2370 2744 2466 2798 HO
2570 2748 2694 2812 Πῶς
2721 2749 2974 2822 λυγηρῶς
3006 2755 3318 2830 ὑπαδούσης

2507 2841 2618 2909 Τῆς
2648 2842 2950 2912 σάλπιγγος
2984 2847 3330 2923 ὐπενὲγκῃςς

2501 2933 2622 2986 Τῶν
2654 2936 2934 2992 κενεώνων
2959 2941 3069 3013 γὰρ
3095 2943 3226 3018 γαίη

2500 3024 2721 3090 Νέκυας
2750 3028 3154 3104 ἀνασφαιρίσει,

2501 3115 2608 3167 Καὶ
2633 3116 2875 3174 θάλασσα
2908 3123 3035 3188 τοὺς
3062 3127 3353 3200 σφετέρους

2338 3205 2438 3261 115
2478 3208 2557 3280 Τῇ
2589 3209 2799 3283 φοϐερᾷ
2821 3213 3130 3272 ἐπιστάσει.

2559 3301 2890 3373 Πεποίθησίς
2914 3323 3035 3378 μοι,
3065 3311 3332 3383 Παρθένε.

2496 3394 2661 3448 Γενοῦ
2686 3397 2784 3467 τῆς
2812 3398 2968 3471 δίκης
3004 3403 3062 3456 ἐν
3090 3402 3231 3476 ὥρᾳ.

2493 3486 2700 3559 Σκέπη,
2733 3493 2993 3563 φρουρὸς,
3019 3495 3333 3568 εὐεργέτης.

2498 3579 2607 3632 Καὶ
2639 3580 2866 3653 ίλασμδς
2888 3585 2984 3639 καὶ
3015 3587 3364 3661 συλλήπτωρ,

2355 3668 2456 3724 120
2493 3669 2583 3737 Ἐξ
2615 3670 2792 3742 ἔργων
2825 3675 2901 3746 μὴ
2933 3679 3262 3750 κεκτημένῳ

2504 3764 2722 3819 Ἐλπίδα
2750 3766 2900 3834 θείας
2928 3770 3286 3845 συγγνώμης.

3288 4016 3603 4060 sanctorum
3627 4009 3800 4064 simul

1119 4051 1395 4126 simulque
1441 4057 1620 4116 lacum
1665 4072 1989 4122 restitantem
2042 4079 2098 4125 et
2205 4081 2472 4150 omnium,
2500 4101 2663 4157 parce
2685 4089 2837 4161 operi
2873 4107 3132 4151 manuum
3166 4107 3407 4154 tuarum.

521 4139 919 4209 crepitantem,
956 4140 1304 4218 ﬂammisque
1345 4148 1463 4207 suis
1495 4152 1643 4224 justc
1689 4173 1773 4213 me
1803 4158 2100 4218 devastan-

2278 4191 2426 4250 Mare
2454 4198 2816 4254 conterritum
2851 4201 3011 4272 aquis
3036 4214 3282 4259 rarescat
3305 4246 3320 4269 ,
3353 4216 3400 4262 et
3437 4206 3660 4264 ﬂumina
3707 4227 3793 4266 re-

2212 4284 2350 4354 pleta
2393 4289 2730 4359 pulveribus,
2785 4307 2892 4348 non
2943 4295 3048 4351 nisi
3103 4297 3279 4353 instar
3333 4300 3563 4356 fontium
3599 4319 3790 4357 mana-

2208 4375 2363 4432 bunt.
2402 4378 2506 4446 Tn,
2542 4380 2748 4453 anima,
2795 4386 2928 4456 quid
2970 4403 3120 4459 ages,
3153 4406 3276 4446 cutn
3311 4391 3412 4446 ista
3443 4390 3787 4451 ltorribiliter

521 4437 826 4494 stianorum
859 4441 1146 4510 auxilium,
1166 4456 1515 4514 peccatorum
1546 4467 1673 4521 spes
1700 4454 1882 4522 unica,
1907 4460 2095 4515 tnundi
2204 4469 2498 4526 evenient?

517 4531 866 4598 exltilaratio,
891 4535 960 4591 ab
988 4535 1297 4594 imminenti
1330 4540 1454 4613 igne
1481 4544 1632 4599 salva
1662 4561 1765 4602 me.

590 4645 809 4714 Aspice,
830 4646 1010 4702 anima
1042 4648 1371 4718 miserrima,
1406 4654 1604 4710 mentis
1630 4656 1828 4713 oculis.
1857 4658 2087 4718 Narravi

518 4738 612 4795 tibi
645 4738 971 4798 aﬂlictiones
999 4750 1052 4798 et
1076 4757 1268 4816 poenas
1305 4753 1434 4800 ante
1468 4746 1736 4818 judicium
1772 4767 1784 4803 :
1824 4753 2006 4825 vigila,
2035 4765 2091 4812 et

517 4834 710 4888 barum
737 4836 1078 4906 experientia
1110 4838 1332 4894 liberari
1371 4841 1644 4899 ferventer
1671 4845 1943 4904 desidera.

581 4947 756 5005 Judcx
793 4947 890 5003 tibi
923 4948 1180 5007 sublimis
1214 4952 1415 5019 veniet,
1445 4955 1644 5013 sedens
1673 4957 1724 5011 in
1754 4959 1994 5016 nubibus
2031 4970 2090 5016 nt

513 5039 567 5093 in
599 5042 819 5110 throno,
854 5051 1164 5100 creaturam
1195 5062 1260 5103 ex
1296 5047 1419 5103 imis
1480 5048 1851 5108 fundamentis
1884 5070 2087 5110 concu-

512 5131 674 5198 tiens,
692 5141 745 5190 et
762 5149 942 5191 aerem
963 5136 1126 5192 etiam
1150 5140 1688 5212 omnipotentissima
1708 5144 1756 5199 vi
1775 5149 2086 5205 concitans.

580 5221 768 5282 Turbo
793 5228 1079 5284 ventilabit
1120 5237 1336 5289 mentes
1365 5245 1419 5289 et
1446 5245 1603 5291 eruet
1633 5237 1819 5302 silvas,
1852 5239 2085 5308 igneque

504 5314 701 5386 rapido
728 5317 782 5372 in
815 5317 1032 5377 cineres
1084 5321 1362 5396 redigetur
1405 5335 1550 5382 terra
1585 5343 1613 5382 a
1673 5328 1808 5385 facie
1846 5331 2081 5401 Domini,

507 5407 600 5476 qui
630 5415 897 5465 venturus
921 5422 1007 5466 est
1030 5411 1282 5482 judicare
1319 5425 1541 5472 terram.

578 5515 957 5575 l..uminarium
995 5521 1239 5593 fulgores
1269 5527 1453 5583 subito
1478 5529 1922 5601 exstinguentur,
1943 5533 2084 5589 stel~

508 5611 798 5681 lat-unique
827 5613 1215 5673 multitudines
1243 5626 1504 5690 tanquam
1543 5620 1671 5676 folia
1699 5622 1766 5677 de
1794 5624 2084 5681 arboribus

505 5700 721 5757 cadent.
747 5700 827 5758 Tu
859 5719 1012 5770 vero,
1042 5707 1228 5764 anima
1266 5724 1408 5778 mea,
1453 5715 1728 5783 quomodo
1789 5713 2083 5774 adventum

504 5793 722 5850 Domini
745 5796 1082 5855 sustinebis?

578 5905 694 5969 Rex
721 5910 1042 5987 altisedens,
1073 5931 1169 5991 pro
1195 5917 1485 5978 clementia
1517 5926 1631 5991 tua,
1655 5923 1863 5985 meritis
1893 5924 2082 5986 Matris

2129 4604 2171 4659 η
2273 4579 2556 4638 lnsolitum
2586 4590 2979 4658 spectaculum,
3010 4594 3195 4650 videre
3218 4597 3402 4652 omnia
3431 4601 3775 4672 complexam

2197 4671 2481 4742 igniferam
2513 4678 2765 4735 elementi
2795 4685 3172 4751 voracitatein,
3201 4688 3350 4744 silvae
3391 4691 3564 4747 instar
3596 4695 3769 4750 diﬂu-

2194 4779 2332 4832 sam,
2369 4783 2697 4843 rursumque
2729 4783 2788 4830 ut
2821 4776 3018 4832 librum
3058 4779 3382 4836 involutam.

2266 4879 2409 4937 lleul
2476 4882 2803 4942 miserabilis
2842 4888 3047 4956 anima,
3100 4907 3200 4945 cur
3248 4893 3361 4947 luce
3397 4911 3502 4948 non
3536 4879 3766 4968 perpen-

2192 4973 2278 5030 dis
2303 5015 2317 5038 ,
2352 4975 2446 5032 sed
2498 4992 2686 5033 eorum
2750 4981 3038 5036 immemor
3064 5025 3077 5047 ,
3110 4975 3114 4980 ’
3148 4996 3496 5054 peccatorum
3551 5006 3780 5046 innuero

2193 5067 2370 5124 vincis
2416 5085 2611 5126 arenas
2645 5073 2857 5130 maris?
2899 5075 3172 5132 Incertum
3206 5086 3291 5136 est
3326 5081 3468 5136 unde
3513 5083 3634 5138 linis
3663 5084 3777 5152 jam

2193 5159 2290 5216 tibi
2327 5162 2660 5234 impendeat.

2262 5272 2546 5341 Quomodo
2578 5276 2852 5334 funestum
2885 5289 3173 5336 canentem
3214 5283 3396 5338 tubam
3428 5285 3726 5341 sustinebis
3757 5287 3778 5341 ἱ

2191 5367 2324 5436 Ejus
2365 5370 2509 5424 cnim
2539 5385 2678 5427 sono
2728 5382 2836 5428 tam
2882 5373 3100 5431 intenso
3143 5385 3197 5431 et
3229 5376 3558 5434 formidabili
3587 5385 3768 5450 sepul-

2187 5459 2297 5514 cris
2354 5461 2561 5531 apertis
2617 5463 2919 5533 prodibnnt
2967 5470 3195 5526 mortui.
3243 5477 3296 5524 et
3347 5485 3495 5525 mare
3551 5486 3773 5543 quoth

2187 5553 2378 5609 reddet
2411 5563 2660 5612 mortuos
2689 5572 2846 5615 suos.

2258 5656 2441 5731 Virgo,
2499 5662 2694 5717 fiducia
2738 5681 2879 5732 mea,
2937 5667 3014 5723 sis
3073 5670 3123 5724 in
3176 5672 3303 5726 liora
3337 5672 3562 5743 justiti.e
3594 5677 3765 5732 tutela

2190 5750 2319 5806 mihi
2346 5794 2360 5818 ,
2400 5765 2589 5812 custos
2623 5764 2676 5812 et
2710 5759 3024 5816 auxiliatrix
3093 5766 3324 5836 propitia
3352 5807 3366 5832 ,
3407 5767 3498 5836 qui
3543 5775 3766 5840 propter

2189 5861 2352 5921 opera
2382 5864 2530 5920 Spem
2571 5851 2812 5910 caelestis
2845 5854 3143 5928 venimjam
3174 5873 3282 5914 non
3318 5858 3510 5914 liabco.
