  <div class='ocr_page' id='page_1' title='image "/cluster/home/n/w/nwhite01/storage/ocr_20150623/107/mdp.39015028571910/200.png"; bbox 0 0 4108 6306; ppageno 0'>
   <div class='ocr_carea' id='block_1_1' title="bbox 702 446 1392 521">
    <p class='ocr_par' dir='ltr' id='par_1_1' title="bbox 702 446 1392 521">
     <span class='ocr_line' id='line_1_1' title="bbox 702 446 1392 521; baseline 0.007 -22"><span class='ocrx_word' id='word_1_1' title='bbox 702 446 868 519; x_wconf 81' lang='grc' dir='ltr'>Ῥαγή</span> <span class='ocrx_word' id='word_1_2' title='bbox 879 465 1027 502; x_wconf 89' lang='grc' dir='ltr'>σεται</span> <span class='ocrx_word' id='word_1_3' title='bbox 1055 449 1123 503; x_wconf 72' lang='grc' dir='ltr'>τὰ</span> <span class='ocrx_word' id='word_1_4' title='bbox 1156 453 1392 521; x_wconf 77' lang='grc' dir='ltr'>μνημεῖα</span> 
     </span>
    </p>
   </div>
   <div class='ocr_carea' id='block_1_2' title="bbox 618 540 1353 613">
    <p class='ocr_par' dir='ltr' id='par_1_2' title="bbox 618 540 1353 613">
     <span class='ocr_line' id='line_1_2' title="bbox 618 540 1353 613; baseline 0.005 -21"><span class='ocrx_word' id='word_1_5' title='bbox 618 540 876 594; x_wconf 75' lang='grc' dir='ltr'>Νεκάὂων</span> <span class='ocrx_word' id='word_1_6' title='bbox 907 544 1353 613; x_wconf 82' lang='grc' dir='ltr'>κατεστιγμένων</span> 
     </span>
    </p>
   </div>
   <div class='ocr_carea' id='block_1_3' title="bbox 616 631 1380 706">
    <p class='ocr_par' dir='ltr' id='par_1_3' title="bbox 616 631 1380 706">
     <span class='ocr_line' id='line_1_3' title="bbox 616 631 1380 706; baseline 0.008 -22"><span class='ocrx_word' id='word_1_7' title='bbox 616 632 692 702; x_wconf 82' lang='grc' dir='ltr'><strong>Τῇ</strong></span> <span class='ocrx_word' id='word_1_8' title='bbox 729 631 822 685; x_wconf 74' lang='grc' dir='ltr'>τοῦ</span> <span class='ocrx_word' id='word_1_9' title='bbox 850 633 1037 704; x_wconf 78' lang='grc' dir='ltr'>κριτοῦ</span> <span class='ocrx_word' id='word_1_10' title='bbox 1061 635 1380 706; x_wconf 75' lang='grc' dir='ltr'><strong>ὑπαντήσει,</strong></span> 
     </span>
    </p>
   </div>
   <div class='ocr_carea' id='block_1_4' title="bbox 487 724 1325 799">
    <p class='ocr_par' dir='ltr' id='par_1_4' title="bbox 487 724 1325 799">
     <span class='ocr_line' id='line_1_4' title="bbox 487 724 1325 799; baseline 0.006 -22"><span class='ocrx_word' id='word_1_11' title='bbox 487 724 580 779; x_wconf 64' lang='grc'><strong>125</strong></span> <span class='ocrx_word' id='word_1_12' title='bbox 617 725 832 796; x_wconf 75' lang='grc' dir='ltr'>Μιχαὴλ</span> <span class='ocrx_word' id='word_1_13' title='bbox 858 727 1180 797; x_wconf 80' lang='grc' dir='ltr'>σπέρχοντος</span> <span class='ocrx_word' id='word_1_14' title='bbox 1210 729 1325 799; x_wconf 74' lang='grc' dir='ltr'><strong>ἅμα</strong></span> 
     </span>
    </p>
   </div>
   <div class='ocr_carea' id='block_1_5' title="bbox 618 818 1380 891">
    <p class='ocr_par' dir='ltr' id='par_1_5' title="bbox 618 818 1380 891">
     <span class='ocr_line' id='line_1_5' title="bbox 618 818 1380 891; baseline 0.007 -21"><span class='ocrx_word' id='word_1_15' title='bbox 618 818 828 882; x_wconf 81' lang='grc' dir='ltr'><strong>Πάντας</strong></span> <span class='ocrx_word' id='word_1_16' title='bbox 862 821 993 891; x_wconf 77' lang='grc' dir='ltr'>ῥιπῇ</span> <span class='ocrx_word' id='word_1_17' title='bbox 1031 821 1380 891; x_wconf 68' lang='grc' dir='ltr'><strong>παραστῆσαι</strong></span> 
     </span>
    </p>
   </div>
   <div class='ocr_carea' id='block_1_6' title="bbox 617 910 1405 983">
    <p class='ocr_par' dir='ltr' id='par_1_6' title="bbox 617 910 1405 983">
     <span class='ocr_line' id='line_1_6' title="bbox 617 910 1405 983; baseline 0.01 -22"><span class='ocrx_word' id='word_1_18' title='bbox 617 910 902 981; x_wconf 85' lang='grc' dir='ltr'>Τεττάρων</span> <span class='ocrx_word' id='word_1_19' title='bbox 941 912 1002 965; x_wconf 82' lang='grc' dir='ltr'>ἐκ</span> <span class='ocrx_word' id='word_1_20' title='bbox 1028 912 1134 965; x_wconf 87' lang='grc' dir='ltr'>τῶν</span> <span class='ocrx_word' id='word_1_21' title='bbox 1169 914 1405 983; x_wconf 80' lang='grc' dir='ltr'>ἀνέμων.</span> 
     </span>
    </p>
   </div>
   <div class='ocr_carea' id='block_1_7' title="bbox 691 1003 1442 1078">
    <p class='ocr_par' dir='ltr' id='par_1_7' title="bbox 691 1003 1442 1078">
     <span class='ocr_line' id='line_1_7' title="bbox 691 1003 1442 1078; baseline 0.009 -23"><span class='ocrx_word' id='word_1_22' title='bbox 691 1003 876 1068; x_wconf 81' lang='grc' dir='ltr'>Σύνες,</span> <span class='ocrx_word' id='word_1_23' title='bbox 908 1004 1077 1078; x_wconf 80' lang='grc' dir='ltr'><strong>ψυχὴ.</strong></span> <span class='ocrx_word' id='word_1_24' title='bbox 1107 1009 1243 1075; x_wconf 88' lang='grc' dir='ltr'><strong>μετά</strong></span> <span class='ocrx_word' id='word_1_25' title='bbox 1270 1006 1442 1062; x_wconf 77' lang='grc' dir='ltr'>ταῦτα</span> 
     </span>
    </p>
   </div>
   <div class='ocr_carea' id='block_1_8' title="bbox 617 1097 1478 1172">
    <p class='ocr_par' dir='ltr' id='par_1_8' title="bbox 617 1097 1478 1172">
     <span class='ocr_line' id='line_1_8' title="bbox 617 1097 1478 1172; baseline 0.013 -24"><span class='ocrx_word' id='word_1_26' title='bbox 617 1097 837 1167; x_wconf 73' lang='grc' dir='ltr'>Φρικτοὶ</span> <span class='ocrx_word' id='word_1_27' title='bbox 867 1097 981 1162; x_wconf 78' lang='grc' dir='ltr'><strong>πῶς</strong></span> <span class='ocrx_word' id='word_1_28' title='bbox 1019 1099 1255 1154; x_wconf 88' lang='grc' dir='ltr'>τίθενται</span> <span class='ocrx_word' id='word_1_29' title='bbox 1280 1101 1478 1172; x_wconf 75' lang='grc' dir='ltr'>θρόνοι.</span> 
     </span>
    </p>
   </div>
   <div class='ocr_carea' id='block_1_9' title="bbox 499 1185 1392 1264">
    <p class='ocr_par' dir='ltr' id='par_1_9' title="bbox 499 1185 1392 1264">
     <span class='ocr_line' id='line_1_9' title="bbox 499 1185 1392 1264; baseline 0.006 -22"><span class='ocrx_word' id='word_1_30' title='bbox 499 1185 593 1243; x_wconf 72' lang='grc'><strong>150</strong></span> <span class='ocrx_word' id='word_1_31' title='bbox 629 1188 736 1243; x_wconf 69' lang='grc' dir='ltr'>Καὶ</span> <span class='ocrx_word' id='word_1_32' title='bbox 757 1191 1188 1246; x_wconf 81' lang='grc' dir='ltr'>άναπτύσσονται</span> <span class='ocrx_word' id='word_1_33' title='bbox 1223 1193 1392 1264; x_wconf 85' lang='grc' dir='ltr'>βίϐλοι</span> 
     </span>
    </p>
   </div>
   <div class='ocr_carea' id='block_1_10' title="bbox 625 1283 1316 1358">
    <p class='ocr_par' dir='ltr' id='par_1_10' title="bbox 625 1283 1316 1358">
     <span class='ocr_line' id='line_1_10' title="bbox 625 1283 1316 1358; baseline 0.009 -25"><span class='ocrx_word' id='word_1_34' title='bbox 625 1283 1050 1354; x_wconf 83' lang='grc' dir='ltr'>Παρισταμένων</span> <span class='ocrx_word' id='word_1_35' title='bbox 1077 1286 1133 1338; x_wconf 85' lang='grc' dir='ltr'>ὲν</span> <span class='ocrx_word' id='word_1_36' title='bbox 1166 1285 1316 1358; x_wconf 84' lang='grc' dir='ltr'>φόϐῳ</span> 
     </span>
    </p>
   </div>
   <div class='ocr_carea' id='block_1_11' title="bbox 637 1375 1365 1450">
    <p class='ocr_par' dir='ltr' id='par_1_11' title="bbox 637 1375 1365 1450">
     <span class='ocr_line' id='line_1_11' title="bbox 637 1375 1365 1450; baseline 0.01 -24"><span class='ocrx_word' id='word_1_37' title='bbox 637 1375 896 1447; x_wconf 70' lang='grc' dir='ltr'>Ἀπείρωι</span> <span class='ocrx_word' id='word_1_38' title='bbox 933 1377 1024 1429; x_wconf 74' lang='grc' dir='ltr'><strong>καὶ</strong></span> <span class='ocrx_word' id='word_1_39' title='bbox 1049 1378 1365 1450; x_wconf 74' lang='grc' dir='ltr'>ἀναρίθμων</span> 
     </span>
    </p>
   </div>
   <div class='ocr_carea' id='block_1_12' title="bbox 625 1465 1444 1538">
    <p class='ocr_par' dir='ltr' id='par_1_12' title="bbox 625 1465 1444 1538">
     <span class='ocr_line' id='line_1_12' title="bbox 625 1465 1444 1538; baseline 0.01 -21"><span class='ocrx_word' id='word_1_40' title='bbox 625 1465 898 1535; x_wconf 78' lang='grc' dir='ltr'>Ἀγγέλων</span> <span class='ocrx_word' id='word_1_41' title='bbox 919 1485 975 1520; x_wconf 89' lang='grc' dir='ltr'><strong>τε</strong></span> <span class='ocrx_word' id='word_1_42' title='bbox 1005 1469 1098 1523; x_wconf 79' lang='grc' dir='ltr'><strong>καὶ</strong></span> <span class='ocrx_word' id='word_1_43' title='bbox 1125 1469 1444 1538; x_wconf 78' lang='grc' dir='ltr'>ἀνθρώπων.</span> 
     </span>
    </p>
   </div>
   <div class='ocr_carea' id='block_1_13' title="bbox 692 1559 1420 1627">
    <p class='ocr_par' dir='ltr' id='par_1_13' title="bbox 692 1559 1420 1627">
     <span class='ocr_line' id='line_1_13' title="bbox 692 1559 1420 1627; baseline 0.011 -18"><span class='ocrx_word' id='word_1_44' title='bbox 692 1559 824 1611; x_wconf 84' lang='grc' dir='ltr'>Τότε</span> <span class='ocrx_word' id='word_1_45' title='bbox 853 1559 1037 1614; x_wconf 72' lang='grc' dir='ltr'>λοιπὸν</span> <span class='ocrx_word' id='word_1_46' title='bbox 1072 1564 1125 1615; x_wconf 75' lang='grc' dir='ltr'>αἱ</span> <span class='ocrx_word' id='word_1_47' title='bbox 1158 1563 1420 1627; x_wconf 80' lang='grc' dir='ltr'>κολάσειςέ</span> 
     </span>
    </p>
   </div>
   <div class='ocr_carea' id='block_1_14' title="bbox 493 1644 1433 1726">
    <p class='ocr_par' dir='ltr' id='par_1_14' title="bbox 493 1644 1433 1726">
     <span class='ocr_line' id='line_1_14' title="bbox 493 1644 1433 1726; baseline 0.013 -30"><span class='ocrx_word' id='word_1_48' title='bbox 493 1644 590 1700; x_wconf 67' lang='grc'><strong>155</strong></span> <span class='ocrx_word' id='word_1_49' title='bbox 627 1648 1028 1720; x_wconf 80' lang='grc' dir='ltr'>Δειχθήσονται,</span> <span class='ocrx_word' id='word_1_50' title='bbox 1065 1654 1130 1716; x_wconf 80' lang='grc' dir='ltr'><strong>ἃς</strong></span> <span class='ocrx_word' id='word_1_51' title='bbox 1169 1655 1433 1726; x_wconf 77' lang='grc' dir='ltr'>προὲφην,</span> 
     </span>
    </p>
   </div>
   <div class='ocr_carea' id='block_1_15' title="bbox 626 1740 1317 1816">
    <p class='ocr_par' dir='ltr' id='par_1_15' title="bbox 626 1740 1317 1816">
     <span class='ocr_line' id='line_1_15' title="bbox 626 1740 1317 1816; baseline 0.012 -24"><span class='ocrx_word' id='word_1_52' title='bbox 626 1740 1063 1811; x_wconf 62' lang='grc' dir='ltr'>’Λπολαμϐἁνειιν</span> <span class='ocrx_word' id='word_1_53' title='bbox 1084 1745 1317 1816; x_wconf 77' lang='grc' dir='ltr'>ἑτοίμως</span> 
     </span>
    </p>
   </div>
   <div class='ocr_carea' id='block_1_16' title="bbox 622 1831 1408 1906">
    <p class='ocr_par' dir='ltr' id='par_1_16' title="bbox 622 1831 1408 1906">
     <span class='ocr_line' id='line_1_16' title="bbox 622 1831 1408 1906; baseline 0.013 -24"><span class='ocrx_word' id='word_1_54' title='bbox 622 1831 759 1894; x_wconf 74' lang='grc' dir='ltr'>Τοὺς</span> <span class='ocrx_word' id='word_1_55' title='bbox 789 1833 1126 1900; x_wconf 82' lang='grc' dir='ltr'>ὑπευθύνους</span> <span class='ocrx_word' id='word_1_56' title='bbox 1155 1836 1408 1906; x_wconf 68' lang='grc' dir='ltr'>διψῶσαι,</span> 
     </span>
    </p>
   </div>
   <div class='ocr_carea' id='block_1_17' title="bbox 620 1914 1408 2000">
    <p class='ocr_par' dir='ltr' id='par_1_17' title="bbox 620 1914 1408 2000">
     <span class='ocr_line' id='line_1_17' title="bbox 620 1914 1408 2000; baseline 0.015 -29"><span class='ocrx_word' id='word_1_57' title='bbox 620 1914 719 1974; x_wconf 84' lang='grc' dir='ltr'>Ὧν</span> <span class='ocrx_word' id='word_1_58' title='bbox 743 1924 1049 1991; x_wconf 80' lang='grc' dir='ltr'>τελευταῖος</span> <span class='ocrx_word' id='word_1_59' title='bbox 1075 1929 1168 1981; x_wconf 74' lang='grc' dir='ltr'><strong>καὶ</strong></span> <span class='ocrx_word' id='word_1_60' title='bbox 1193 1929 1408 2000; x_wconf 85' lang='grc' dir='ltr'>πρῶτος</span> 
     </span>
    </p>
   </div>
   <div class='ocr_carea' id='block_1_18' title="bbox 615 2013 1369 2092">
    <p class='ocr_par' dir='ltr' id='par_1_18' title="bbox 615 2013 1369 2092">
     <span class='ocr_line' id='line_1_18' title="bbox 615 2013 1369 2092; baseline 0.012 -26"><span class='ocrx_word' id='word_1_61' title='bbox 615 2013 792 2078; x_wconf 80' lang='grc' dir='ltr'>Μόνος</span> <span class='ocrx_word' id='word_1_62' title='bbox 822 2017 931 2085; x_wconf 80' lang='grc' dir='ltr'>ἐγὼ</span> <span class='ocrx_word' id='word_1_63' title='bbox 957 2020 984 2071; x_wconf 81' lang='grc' dir='ltr'><strong>ὁ</strong></span> <span class='ocrx_word' id='word_1_64' title='bbox 1018 2020 1369 2092; x_wconf 83' lang='grc' dir='ltr'>παντλήμων.</span> 
     </span>
    </p>
   </div>
   <div class='ocr_carea' id='block_1_19' title="bbox 491 2102 1362 2182">
    <p class='ocr_par' dir='ltr' id='par_1_19' title="bbox 491 2102 1362 2182">
     <span class='ocr_line' id='line_1_19' title="bbox 491 2102 1362 2182; baseline 0.013 -27"><span class='ocrx_word' id='word_1_65' title='bbox 491 2102 591 2157; x_wconf 74' lang='lat' dir='ltr'><strong>MO</strong></span> <span class='ocrx_word' id='word_1_66' title='bbox 629 2125 634 2131; x_wconf 93' lang='grc'><strong>·</strong></span> <span class='ocrx_word' id='word_1_67' title='bbox 713 2105 1108 2179; x_wconf 86' lang='grc' dir='ltr'>Ὑπαγορεύσει</span> <span class='ocrx_word' id='word_1_68' title='bbox 1142 2112 1362 2182; x_wconf 80' lang='grc' dir='ltr'><strong>πραέως</strong></span> 
     </span>
    </p>
   </div>
   <div class='ocr_carea' id='block_1_20' title="bbox 633 2196 1360 2271">
    <p class='ocr_par' dir='ltr' id='par_1_20' title="bbox 633 2196 1360 2271">
     <span class='ocr_line' id='line_1_20' title="bbox 633 2196 1360 2271; baseline 0.011 -22"><span class='ocrx_word' id='word_1_69' title='bbox 633 2196 690 2249; x_wconf 84' lang='grc' dir='ltr'>Ὀ</span> <span class='ocrx_word' id='word_1_70' title='bbox 721 2198 980 2271; x_wconf 77' lang='grc' dir='ltr'>δικαστὴς</span> <span class='ocrx_word' id='word_1_71' title='bbox 1011 2204 1125 2265; x_wconf 77' lang='grc' dir='ltr'>τοῖς</span> <span class='ocrx_word' id='word_1_72' title='bbox 1154 2202 1324 2269; x_wconf 84' lang='grc' dir='ltr'>ἀξίοις</span> <span class='ocrx_word' id='word_1_73' title='bbox 1346 2219 1360 2234; x_wconf 91' lang='grc'><strong>·</strong></span> 
     </span>
    </p>
   </div>
   <div class='ocr_carea' id='block_1_21' title="bbox 622 2289 1437 2364">
    <p class='ocr_par' dir='ltr' id='par_1_21' title="bbox 622 2289 1437 2364">
     <span class='ocr_line' id='line_1_21' title="bbox 622 2289 1437 2364; baseline 0.005 -22"><span class='ocrx_word' id='word_1_74' title='bbox 622 2289 731 2343; x_wconf 68' lang='grc' dir='ltr'><strong>Καὶ</strong></span> <span class='ocrx_word' id='word_1_75' title='bbox 760 2291 1045 2363; x_wconf 71' lang='grc' dir='ltr'>αὐστηρῶς</span> <span class='ocrx_word' id='word_1_76' title='bbox 1080 2294 1437 2364; x_wconf 68' lang='grc' dir='ltr'>ἁμαρτωλοὺς</span> 
     </span>
    </p>
   </div>
   <div class='ocr_carea' id='block_1_22' title="bbox 623 2381 1321 2454">
    <p class='ocr_par' dir='ltr' id='par_1_22' title="bbox 623 2381 1321 2454">
     <span class='ocr_line' id='line_1_22' title="bbox 623 2381 1321 2454; baseline 0.01 -21"><span class='ocrx_word' id='word_1_77' title='bbox 623 2381 730 2434; x_wconf 81' lang='grc' dir='ltr'>Τοῦ</span> <span class='ocrx_word' id='word_1_78' title='bbox 765 2383 1006 2454; x_wconf 79' lang='grc' dir='ltr'>βήματος</span> <span class='ocrx_word' id='word_1_79' title='bbox 1040 2386 1321 2454; x_wconf 84' lang='grc' dir='ltr'>ἀπελάσει,</span> 
     </span>
    </p>
   </div>
   <div class='ocr_carea' id='block_1_23' title="bbox 623 2470 1430 2548">
    <p class='ocr_par' dir='ltr' id='par_1_23' title="bbox 623 2470 1430 2548">
     <span class='ocr_line' id='line_1_23' title="bbox 623 2470 1430 2548; baseline -0.011 -11"><span class='ocrx_word' id='word_1_80' title='bbox 623 2470 728 2536; x_wconf 82' lang='grc' dir='ltr'>Οὓς</span> <span class='ocrx_word' id='word_1_81' title='bbox 757 2474 855 2543; x_wconf 80' lang='grc' dir='ltr'><strong>μὲν</strong></span> <span class='ocrx_word' id='word_1_82' title='bbox 883 2478 961 2539; x_wconf 82' lang='grc' dir='ltr'>εἰς</span> <span class='ocrx_word' id='word_1_83' title='bbox 987 2475 1145 2541; x_wconf 77' lang='grc' dir='ltr'>δόξαν</span> <span class='ocrx_word' id='word_1_84' title='bbox 1165 2477 1430 2548; x_wconf 76' lang='grc' dir='ltr'>ἐφέλκων,</span> 
     </span>
    </p>
   </div>
   <div class='ocr_carea' id='block_1_24' title="bbox 488 2560 1469 2640">
    <p class='ocr_par' dir='ltr' id='par_1_24' title="bbox 488 2560 1469 2640">
     <span class='ocr_line' id='line_1_24' title="bbox 488 2560 1469 2640; baseline 0.01 -26"><span class='ocrx_word' id='word_1_85' title='bbox 488 2560 586 2618; x_wconf 70' lang='grc'><strong>143</strong></span> <span class='ocrx_word' id='word_1_86' title='bbox 621 2564 725 2628; x_wconf 84' lang='grc' dir='ltr'>Οὓς</span> <span class='ocrx_word' id='word_1_87' title='bbox 746 2564 802 2618; x_wconf 78' lang='grc' dir='ltr'><strong>δὲ</strong></span> <span class='ocrx_word' id='word_1_88' title='bbox 831 2567 966 2638; x_wconf 69' lang='grc' dir='ltr'>πρὴς</span> <span class='ocrx_word' id='word_1_89' title='bbox 997 2567 1228 2640; x_wconf 80' lang='grc' dir='ltr'>ἄληκτον</span> <span class='ocrx_word' id='word_1_90' title='bbox 1255 2569 1469 2634; x_wconf 77' lang='grc' dir='ltr'>πένθος.</span> 
     </span>
    </p>
   </div>
   <div class='ocr_carea' id='block_1_25' title="bbox 709 2656 1502 2732">
    <p class='ocr_par' dir='ltr' id='par_1_25' title="bbox 709 2656 1502 2732">
     <span class='ocr_line' id='line_1_25' title="bbox 709 2656 1502 2732; baseline 0.01 -24"><span class='ocrx_word' id='word_1_91' title='bbox 709 2656 842 2710; x_wconf 81' lang='grc' dir='ltr'>Ὑπὸ</span> <span class='ocrx_word' id='word_1_92' title='bbox 880 2659 1076 2728; x_wconf 77' lang='grc' dir='ltr'>πολλῆς</span> <span class='ocrx_word' id='word_1_93' title='bbox 1104 2661 1502 2732; x_wconf 72' lang='grc' dir='ltr'>εὐσπλαγχνίας</span> 
     </span>
    </p>
   </div>
   <div class='ocr_carea' id='block_1_26' title="bbox 624 2751 1346 2823">
    <p class='ocr_par' dir='ltr' id='par_1_26' title="bbox 624 2751 1346 2823">
     <span class='ocr_line' id='line_1_26' title="bbox 624 2751 1346 2823; baseline 0.004 -20"><span class='ocrx_word' id='word_1_94' title='bbox 624 2751 1048 2822; x_wconf 80' lang='grc' dir='ltr'>Καμπτόμενος,</span> <span class='ocrx_word' id='word_1_95' title='bbox 1074 2752 1196 2821; x_wconf 79' lang='grc' dir='ltr'>ὲλεή</span> <span class='ocrx_word' id='word_1_96' title='bbox 1207 2770 1346 2823; x_wconf 90' lang='grc' dir='ltr'>μων,</span> 
     </span>
    </p>
   </div>
   <div class='ocr_carea' id='block_1_27' title="bbox 622 2842 1314 2916">
    <p class='ocr_par' dir='ltr' id='par_1_27' title="bbox 622 2842 1314 2916">
     <span class='ocr_line' id='line_1_27' title="bbox 622 2842 1314 2916; baseline 0.004 -20"><span class='ocrx_word' id='word_1_97' title='bbox 622 2843 712 2914; x_wconf 81' lang='grc' dir='ltr'><strong>Μὴ</strong></span> <span class='ocrx_word' id='word_1_98' title='bbox 734 2842 982 2913; x_wconf 77' lang='grc' dir='ltr'>φοϐεροῖς</span> <span class='ocrx_word' id='word_1_99' title='bbox 1009 2844 1314 2916; x_wconf 80' lang='grc' dir='ltr'>ὑπηρέταις</span> 
     </span>
    </p>
   </div>
   <div class='ocr_carea' id='block_1_28' title="bbox 626 2934 1376 3004">
    <p class='ocr_par' dir='ltr' id='par_1_28' title="bbox 626 2934 1376 3004">
     <span class='ocr_line' id='line_1_28' title="bbox 626 2934 1376 3004; baseline 0.004 -19"><span class='ocrx_word' id='word_1_100' title='bbox 626 2934 735 2987; x_wconf 73' lang='grc' dir='ltr'><strong>Καὶ</strong></span> <span class='ocrx_word' id='word_1_101' title='bbox 758 2934 1095 3004; x_wconf 79' lang='grc' dir='ltr'>ἀμειλίκτοις</span> <span class='ocrx_word' id='word_1_102' title='bbox 1121 2936 1376 3004; x_wconf 81' lang='grc' dir='ltr'>ἀγγέλοις</span> 
     </span>
    </p>
   </div>
   <div class='ocr_carea' id='block_1_29' title="bbox 492 3025 1354 3098">
    <p class='ocr_par' dir='ltr' id='par_1_29' title="bbox 492 3025 1354 3098">
     <span class='ocr_line' id='line_1_29' title="bbox 492 3025 1354 3098; baseline 0.003 -21"><span class='ocrx_word' id='word_1_103' title='bbox 492 3025 590 3080; x_wconf 65' lang='grc'><strong>150</strong></span> <span class='ocrx_word' id='word_1_104' title='bbox 628 3025 890 3093; x_wconf 81' lang='grc' dir='ltr'>Ἀθέμιτα</span> <span class='ocrx_word' id='word_1_105' title='bbox 922 3027 1009 3079; x_wconf 73' lang='grc' dir='ltr'>τὸν</span> <span class='ocrx_word' id='word_1_106' title='bbox 1035 3029 1096 3080; x_wconf 76' lang='grc' dir='ltr'><strong>ἐκ</strong></span> <span class='ocrx_word' id='word_1_107' title='bbox 1119 3027 1354 3098; x_wconf 78' lang='grc' dir='ltr'>βρέφους</span> 
     </span>
    </p>
   </div>
   <div class='ocr_carea' id='block_1_30' title="bbox 627 3118 1354 3192">
    <p class='ocr_par' dir='ltr' id='par_1_30' title="bbox 627 3118 1354 3192">
     <span class='ocr_line' id='line_1_30' title="bbox 627 3118 1354 3192; baseline 0.007 -23"><span class='ocrx_word' id='word_1_108' title='bbox 627 3118 714 3170; x_wconf 71' lang='grc' dir='ltr'>Σοὶ</span> <span class='ocrx_word' id='word_1_109' title='bbox 748 3119 1013 3172; x_wconf 79' lang='grc' dir='ltr'>πταίοντα</span> <span class='ocrx_word' id='word_1_110' title='bbox 1040 3137 1112 3172; x_wconf 87' lang='grc' dir='ltr'><strong>πα</strong></span> <span class='ocrx_word' id='word_1_111' title='bbox 1121 3120 1354 3192; x_wconf 76' lang='grc' dir='ltr'>ραδῲης.</span> 
     </span>
    </p>
   </div>
   <div class='ocr_carea' id='block_1_31' title="bbox 695 3209 1439 3283">
    <p class='ocr_par' dir='ltr' id='par_1_31' title="bbox 695 3209 1439 3283">
     <span class='ocr_line' id='line_1_31' title="bbox 695 3209 1439 3283; baseline 0.011 -22"><span class='ocrx_word' id='word_1_112' title='bbox 695 3209 892 3263; x_wconf 75' lang='grc' dir='ltr'>Φιλανθ</span> <span class='ocrx_word' id='word_1_113' title='bbox 899 3213 1110 3280; x_wconf 81' lang='grc' dir='ltr'>ρωπίας</span> <span class='ocrx_word' id='word_1_114' title='bbox 1136 3213 1232 3283; x_wconf 85' lang='grc' dir='ltr'>σῆς</span> <span class='ocrx_word' id='word_1_115' title='bbox 1272 3215 1439 3280; x_wconf 83' lang='grc' dir='ltr'>ὄντως</span> 
     </span>
    </p>
   </div>
   <div class='ocr_carea' id='block_1_32' title="bbox 640 3301 1282 3370">
    <p class='ocr_par' dir='ltr' id='par_1_32' title="bbox 640 3301 1282 3370">
     <span class='ocr_line' id='line_1_32' title="bbox 640 3301 1282 3370; baseline 0.006 -14"><span class='ocrx_word' id='word_1_116' title='bbox 640 3301 992 3356; x_wconf 80' lang='grc' dir='ltr'>Ἐκπέσουσιν</span> <span class='ocrx_word' id='word_1_117' title='bbox 1020 3305 1282 3370; x_wconf 80' lang='grc' dir='ltr'>ἀλαζόνες</span> 
     </span>
    </p>
   </div>
   <div class='ocr_carea' id='block_1_33' title="bbox 627 3391 1496 3464">
    <p class='ocr_par' dir='ltr' id='par_1_33' title="bbox 627 3391 1496 3464">
     <span class='ocr_line' id='line_1_33' title="bbox 627 3391 1496 3464; baseline 0.006 -20"><span class='ocrx_word' id='word_1_118' title='bbox 627 3391 847 3463; x_wconf 71' lang='grc' dir='ltr'>Κριταὶ,</span> <span class='ocrx_word' id='word_1_119' title='bbox 891 3396 1061 3464; x_wconf 79' lang='grc' dir='ltr'>σοφοὶ,</span> <span class='ocrx_word' id='word_1_120' title='bbox 1087 3398 1180 3448; x_wconf 82' lang='grc' dir='ltr'><strong>καί</strong></span> <span class='ocrx_word' id='word_1_121' title='bbox 1217 3398 1496 3461; x_wconf 79' lang='grc' dir='ltr'>δυνάσται,</span> 
     </span>
    </p>
   </div>
   <div class='ocr_carea' id='block_1_34' title="bbox 494 3481 1358 3558">
    <p class='ocr_par' dir='ltr' id='par_1_34' title="bbox 494 3481 1358 3558">
     <span class='ocr_line' id='line_1_34' title="bbox 494 3481 1358 3558; baseline 0.006 -24"><span class='ocrx_word' id='word_1_122' title='bbox 494 3481 594 3535; x_wconf 71' lang='grc'><strong>155</strong></span> <span class='ocrx_word' id='word_1_123' title='bbox 628 3483 737 3535; x_wconf 72' lang='grc' dir='ltr'>Καὶ</span> <span class='ocrx_word' id='word_1_124' title='bbox 764 3483 1000 3554; x_wconf 79' lang='grc' dir='ltr'>βασιλεῖς</span> <span class='ocrx_word' id='word_1_125' title='bbox 1032 3487 1358 3558; x_wconf 80' lang='grc' dir='ltr'>ὑπερόπται,</span> 
     </span>
    </p>
   </div>
   <div class='ocr_carea' id='block_1_35' title="bbox 425 3662 1914 3731">
    <p class='ocr_par' dir='ltr' id='par_1_35' title="bbox 425 3662 1914 3731">
     <span class='ocr_line' id='line_1_35' title="bbox 425 3662 1914 3731; baseline 0.004 -17"><span class='ocrx_word' id='word_1_126' title='bbox 425 3662 762 3731; x_wconf 70' lang='lat' dir='ltr'><strong>liumpentur</strong></span> <span class='ocrx_word' id='word_1_127' title='bbox 802 3673 1152 3720; x_wconf 86' lang='lat' dir='ltr'><strong>monumenta</strong></span> <span class='ocrx_word' id='word_1_128' title='bbox 1200 3673 1542 3721; x_wconf 87' lang='lat' dir='ltr'><strong>mortuorum</strong></span> <span class='ocrx_word' id='word_1_129' title='bbox 1592 3665 1657 3721; x_wconf 89' lang='lat' dir='ltr'><strong>ad</strong></span> <span class='ocrx_word' id='word_1_130' title='bbox 1703 3665 1914 3722; x_wconf 84' lang='lat' dir='ltr'><strong>Judicis</strong></span> 
     </span>
    </p>
   </div>
   <div class='ocr_carea' id='block_1_36' title="bbox 353 3752 1917 3829">
    <p class='ocr_par' dir='ltr' id='par_1_36' title="bbox 353 3752 1917 3829">
     <span class='ocr_line' id='line_1_36' title="bbox 353 3752 1917 3829; baseline 0.003 -22"><span class='ocrx_word' id='word_1_131' title='bbox 353 3752 679 3822; x_wconf 77' lang='lat' dir='ltr'><strong>adventum,</strong></span> <span class='ocrx_word' id='word_1_132' title='bbox 715 3756 981 3812; x_wconf 83' lang='lat' dir='ltr'><strong>Michaele</strong></span> <span class='ocrx_word' id='word_1_133' title='bbox 1031 3759 1192 3813; x_wconf 89' lang='lat' dir='ltr'><strong>simul</strong></span> <span class='ocrx_word' id='word_1_134' title='bbox 1236 3759 1523 3814; x_wconf 76' lang='lat' dir='ltr'><strong>festinante</strong></span> <span class='ocrx_word' id='word_1_135' title='bbox 1557 3775 1746 3814; x_wconf 89' lang='lat' dir='ltr'><strong>omnes</strong></span> <span class='ocrx_word' id='word_1_136' title='bbox 1775 3775 1917 3829; x_wconf 86' lang='lat' dir='ltr'><strong>pun-</strong></span> 
     </span>
    </p>
   </div>
   <div class='ocr_carea' id='block_1_37' title="bbox 353 3849 1622 3920">
    <p class='ocr_par' dir='ltr' id='par_1_37' title="bbox 353 3849 1622 3920">
     <span class='ocr_line' id='line_1_37' title="bbox 353 3849 1622 3920; baseline 0.004 -18"><span class='ocrx_word' id='word_1_137' title='bbox 353 3857 447 3902; x_wconf 89' lang='lat' dir='ltr'><strong>cto</strong></span> <span class='ocrx_word' id='word_1_138' title='bbox 476 3849 739 3918; x_wconf 85' lang='lat' dir='ltr'><strong>temporis</strong></span> <span class='ocrx_word' id='word_1_139' title='bbox 768 3850 814 3903; x_wconf 90' lang='lat' dir='ltr'><strong>ei</strong></span> <span class='ocrx_word' id='word_1_140' title='bbox 849 3850 1064 3917; x_wconf 89' lang='lat' dir='ltr'><strong>sistere,</strong></span> <span class='ocrx_word' id='word_1_141' title='bbox 1104 3867 1134 3905; x_wconf 89' lang='lat' dir='ltr'><strong>a</strong></span> <span class='ocrx_word' id='word_1_142' title='bbox 1163 3861 1394 3920; x_wconf 90' lang='lat' dir='ltr'><strong>quatuor</strong></span> <span class='ocrx_word' id='word_1_143' title='bbox 1423 3853 1622 3907; x_wconf 84' lang='lat' dir='ltr'><strong>ventis.</strong></span> 
     </span>
    </p>
   </div>
   <div class='ocr_carea' id='block_1_38' title="bbox 427 3940 1922 4015">
    <p class='ocr_par' dir='ltr' id='par_1_38' title="bbox 427 3940 1922 4015">
     <span class='ocr_line' id='line_1_38' title="bbox 427 3940 1922 4015; baseline 0.004 -21"><span class='ocrx_word' id='word_1_144' title='bbox 427 3940 690 4012; x_wconf 81' lang='lat' dir='ltr'><strong>Intellige,</strong></span> <span class='ocrx_word' id='word_1_145' title='bbox 721 3943 927 4007; x_wconf 87' lang='lat' dir='ltr'><strong>anima,</strong></span> <span class='ocrx_word' id='word_1_146' title='bbox 965 3944 1239 4014; x_wconf 89' lang='lat' dir='ltr'><strong>quomodo</strong></span> <span class='ocrx_word' id='word_1_147' title='bbox 1286 3955 1409 4015; x_wconf 85' lang='lat' dir='ltr'><strong>post</strong></span> <span class='ocrx_word' id='word_1_148' title='bbox 1441 3949 1553 4000; x_wconf 71' lang='lat' dir='ltr'><strong>htec</strong></span> <span class='ocrx_word' id='word_1_149' title='bbox 1585 3946 1768 4000; x_wconf 90' lang='lat' dir='ltr'><strong>throni</strong></span> <span class='ocrx_word' id='word_1_150' title='bbox 1809 3961 1922 4000; x_wconf 87' lang='lat' dir='ltr'><strong>me-</strong></span> 
     </span>
    </p>
   </div>
   <div class='ocr_carea' id='block_1_39' title="bbox 355 4033 1922 4106">
    <p class='ocr_par' dir='ltr' id='par_1_39' title="bbox 355 4033 1922 4106">
     <span class='ocr_line' id='line_1_39' title="bbox 355 4033 1922 4106; baseline 0.001 -18"><span class='ocrx_word' id='word_1_151' title='bbox 355 4033 540 4090; x_wconf 88' lang='lat' dir='ltr'><strong>tuendi</strong></span> <span class='ocrx_word' id='word_1_152' title='bbox 599 4041 895 4105; x_wconf 87' lang='lat' dir='ltr'><strong>ponentur,</strong></span> <span class='ocrx_word' id='word_1_153' title='bbox 955 4045 1008 4091; x_wconf 91' lang='lat' dir='ltr'><strong>et</strong></span> <span class='ocrx_word' id='word_1_154' title='bbox 1060 4052 1183 4091; x_wconf 91' lang='lat' dir='ltr'><strong>cum</strong></span> <span class='ocrx_word' id='word_1_155' title='bbox 1240 4037 1434 4092; x_wconf 88' lang='lat' dir='ltr'><strong>timore</strong></span> <span class='ocrx_word' id='word_1_156' title='bbox 1479 4037 1706 4092; x_wconf 79' lang='lat' dir='ltr'><strong>inﬁnitis</strong></span> <span class='ocrx_word' id='word_1_157' title='bbox 1759 4045 1922 4106; x_wconf 87' lang='lat' dir='ltr'><strong>atque</strong></span> 
     </span>
    </p>
   </div>
   <div class='ocr_carea' id='block_1_40' title="bbox 356 4127 1911 4201">
    <p class='ocr_par' dir='ltr' id='par_1_40' title="bbox 356 4127 1911 4201">
     <span class='ocr_line' id='line_1_40' title="bbox 356 4127 1911 4201; baseline -0.001 -19"><span class='ocrx_word' id='word_1_158' title='bbox 356 4127 852 4184; x_wconf 84' lang='lat' dir='ltr'><strong>innumerabilibus</strong></span> <span class='ocrx_word' id='word_1_159' title='bbox 913 4129 1142 4197; x_wconf 84' lang='lat' dir='ltr'><strong>angelis,</strong></span> <span class='ocrx_word' id='word_1_160' title='bbox 1201 4129 1626 4201; x_wconf 83' lang='lat' dir='ltr'><strong>hominibusque</strong></span> <span class='ocrx_word' id='word_1_161' title='bbox 1681 4130 1911 4184; x_wconf 89' lang='lat' dir='ltr'><strong>circum-</strong></span> 
     </span>
    </p>
   </div>
   <div class='ocr_carea' id='block_1_41' title="bbox 353 4220 1184 4292">
    <p class='ocr_par' dir='ltr' id='par_1_41' title="bbox 353 4220 1184 4292">
     <span class='ocr_line' id='line_1_41' title="bbox 353 4220 1184 4292; baseline 0.001 -16"><span class='ocrx_word' id='word_1_162' title='bbox 353 4221 648 4285; x_wconf 79' lang='lat' dir='ltr'><strong>stantibus,</strong></span> <span class='ocrx_word' id='word_1_163' title='bbox 686 4220 809 4276; x_wconf 87' lang='lat' dir='ltr'><strong>libri</strong></span> <span class='ocrx_word' id='word_1_164' title='bbox 845 4223 1184 4292; x_wconf 81' lang='lat' dir='ltr'><strong>aperientur.</strong></span> 
     </span>
    </p>
   </div>
   <div class='ocr_carea' id='block_1_42' title="bbox 427 4311 1924 4387">
    <p class='ocr_par' dir='ltr' id='par_1_42' title="bbox 427 4311 1924 4387">
     <span class='ocr_line' id='line_1_42' title="bbox 427 4311 1924 4387; baseline 0.003 -22"><span class='ocrx_word' id='word_1_165' title='bbox 427 4311 711 4383; x_wconf 79' lang='lat' dir='ltr'><strong>Reliquum</strong></span> <span class='ocrx_word' id='word_1_166' title='bbox 754 4314 879 4378; x_wconf 89' lang='lat' dir='ltr'><strong>erit,</strong></span> <span class='ocrx_word' id='word_1_167' title='bbox 926 4323 986 4369; x_wconf 90' lang='lat' dir='ltr'><strong>ut</strong></span> <span class='ocrx_word' id='word_1_168' title='bbox 1031 4329 1226 4385; x_wconf 71' lang='lat' dir='ltr'><strong>pcenre,</strong></span> <span class='ocrx_word' id='word_1_169' title='bbox 1275 4331 1410 4386; x_wconf 81' lang='lat' dir='ltr'><strong>quas</strong></span> <span class='ocrx_word' id='word_1_170' title='bbox 1445 4315 1688 4387; x_wconf 72' lang='lat' dir='ltr'><strong>praedixi,</strong></span> <span class='ocrx_word' id='word_1_171' title='bbox 1746 4317 1924 4369; x_wconf 84' lang='lat' dir='ltr'><strong>susci-</strong></span> 
     </span>
    </p>
   </div>
   <div class='ocr_carea' id='block_1_43' title="bbox 356 4402 1924 4478">
    <p class='ocr_par' dir='ltr' id='par_1_43' title="bbox 356 4402 1924 4478">
     <span class='ocr_line' id='line_1_43' title="bbox 356 4402 1924 4478; baseline 0.003 -22"><span class='ocrx_word' id='word_1_172' title='bbox 356 4402 507 4474; x_wconf 83' lang='lat' dir='ltr'><strong>piant</strong></span> <span class='ocrx_word' id='word_1_173' title='bbox 539 4419 687 4469; x_wconf 81' lang='lat' dir='ltr'><strong>reos,</strong></span> <span class='ocrx_word' id='word_1_174' title='bbox 732 4421 962 4474; x_wconf 90' lang='lat' dir='ltr'><strong>quorum</strong></span> <span class='ocrx_word' id='word_1_175' title='bbox 999 4407 1210 4476; x_wconf 90' lang='lat' dir='ltr'><strong>primus</strong></span> <span class='ocrx_word' id='word_1_176' title='bbox 1257 4417 1309 4463; x_wconf 90' lang='lat' dir='ltr'><strong>et</strong></span> <span class='ocrx_word' id='word_1_177' title='bbox 1357 4409 1579 4463; x_wconf 87' lang='lat' dir='ltr'><strong>ultimus</strong></span> <span class='ocrx_word' id='word_1_178' title='bbox 1631 4408 1779 4463; x_wconf 89' lang='lat' dir='ltr'><strong>solus</strong></span> <span class='ocrx_word' id='word_1_179' title='bbox 1824 4422 1924 4478; x_wconf 83' lang='lat' dir='ltr'><strong>ego</strong></span> 
     </span>
    </p>
   </div>
   <div class='ocr_carea' id='block_1_44' title="bbox 355 4496 723 4552">
    <p class='ocr_par' dir='ltr' id='par_1_44' title="bbox 355 4496 723 4552">
     <span class='ocr_line' id='line_1_44' title="bbox 355 4496 723 4552; baseline 0 -2"><span class='ocrx_word' id='word_1_180' title='bbox 355 4496 723 4552; x_wconf 87' lang='lat' dir='ltr'><strong>miserrimus.</strong></span> 
     </span>
    </p>
   </div>
   <div class='ocr_carea' id='block_1_45' title="bbox 425 4583 1925 4658">
    <p class='ocr_par' dir='ltr' id='par_1_45' title="bbox 425 4583 1925 4658">
     <span class='ocr_line' id='line_1_45' title="bbox 425 4583 1925 4658; baseline 0.004 -20"><span class='ocrx_word' id='word_1_181' title='bbox 425 4583 693 4640; x_wconf 72' lang='lat' dir='ltr'><strong>Ml‘ahitur</strong></span> <span class='ocrx_word' id='word_1_182' title='bbox 714 4585 887 4641; x_wconf 72' lang='lat' dir='ltr'><strong>Iudex</strong></span> <span class='ocrx_word' id='word_1_183' title='bbox 921 4588 1113 4658; x_wconf 82' lang='lat' dir='ltr'><strong>dignos</strong></span> <span class='ocrx_word' id='word_1_184' title='bbox 1150 4599 1448 4652; x_wconf 81' lang='lat' dir='ltr'><strong>mansuete,</strong></span> <span class='ocrx_word' id='word_1_185' title='bbox 1506 4597 1557 4644; x_wconf 91' lang='lat' dir='ltr'><strong>ct</strong></span> <span class='ocrx_word' id='word_1_186' title='bbox 1608 4599 1925 4658; x_wconf 86' lang='lat' dir='ltr'><strong>peccatores</strong></span> 
     </span>
    </p>
   </div>
   <div class='ocr_carea' id='block_1_46' title="bbox 353 4675 1914 4749">
    <p class='ocr_par' dir='ltr' id='par_1_46' title="bbox 353 4675 1914 4749">
     <span class='ocr_line' id='line_1_46' title="bbox 353 4675 1914 4749; baseline 0.003 -22"><span class='ocrx_word' id='word_1_187' title='bbox 353 4689 384 4727; x_wconf 87' lang='lat' dir='ltr'><strong>a</strong></span> <span class='ocrx_word' id='word_1_188' title='bbox 425 4675 683 4729; x_wconf 89' lang='lat' dir='ltr'><strong>tribunali</strong></span> <span class='ocrx_word' id='word_1_189' title='bbox 723 4690 915 4744; x_wconf 86' lang='lat' dir='ltr'><strong>aspera</strong></span> <span class='ocrx_word' id='word_1_190' title='bbox 961 4694 1092 4733; x_wconf 68' lang='lat' dir='ltr'><strong>voce</strong></span> <span class='ocrx_word' id='word_1_191' title='bbox 1135 4680 1399 4749; x_wconf 87' lang='lat' dir='ltr'><strong>repellet:</strong></span> <span class='ocrx_word' id='word_1_192' title='bbox 1430 4679 1552 4735; x_wconf 87' lang='lat' dir='ltr'><strong>illos</strong></span> <span class='ocrx_word' id='word_1_193' title='bbox 1593 4679 1646 4733; x_wconf 91' lang='lat' dir='ltr'><strong>in</strong></span> <span class='ocrx_word' id='word_1_194' title='bbox 1685 4680 1914 4749; x_wconf 76' lang='lat' dir='ltr'><strong>gloriam</strong></span> 
     </span>
    </p>
   </div>
   <div class='ocr_carea' id='block_1_47' title="bbox 354 4769 1913 4844">
    <p class='ocr_par' dir='ltr' id='par_1_47' title="bbox 354 4769 1913 4844">
     <span class='ocr_line' id='line_1_47' title="bbox 354 4769 1913 4844; baseline 0.003 -19"><span class='ocrx_word' id='word_1_195' title='bbox 354 4784 544 4826; x_wconf 85' lang='lat' dir='ltr'><strong>secum</strong></span> <span class='ocrx_word' id='word_1_196' title='bbox 575 4769 877 4838; x_wconf 84' lang='lat' dir='ltr'><strong>adducens,</strong></span> <span class='ocrx_word' id='word_1_197' title='bbox 929 4772 1027 4828; x_wconf 93' lang='lat' dir='ltr'><strong>hos</strong></span> <span class='ocrx_word' id='word_1_198' title='bbox 1074 4773 1141 4828; x_wconf 87' lang='lat' dir='ltr'><strong>ad</strong></span> <span class='ocrx_word' id='word_1_199' title='bbox 1179 4773 1382 4828; x_wconf 89' lang='lat' dir='ltr'><strong>luctum</strong></span> <span class='ocrx_word' id='word_1_200' title='bbox 1434 4774 1657 4830; x_wconf 87' lang='lat' dir='ltr'><strong>mittens</strong></span> <span class='ocrx_word' id='word_1_201' title='bbox 1708 4775 1913 4844; x_wconf 80' lang='lat' dir='ltr'><strong>sempi-</strong></span> 
     </span>
    </p>
   </div>
   <div class='ocr_carea' id='block_1_48' title="bbox 355 4869 599 4918">
    <p class='ocr_par' dir='ltr' id='par_1_48' title="bbox 355 4869 599 4918">
     <span class='ocr_line' id='line_1_48' title="bbox 355 4869 599 4918; baseline 0.016 -4"><span class='ocrx_word' id='word_1_202' title='bbox 355 4869 599 4918; x_wconf 79' lang='lat' dir='ltr'><strong>ternum;</strong></span> 
     </span>
    </p>
   </div>
   <div class='ocr_carea' id='block_1_49' title="bbox 431 4953 1925 5029">
    <p class='ocr_par' dir='ltr' id='par_1_49' title="bbox 431 4953 1925 5029">
     <span class='ocr_line' id='line_1_49' title="bbox 431 4953 1925 5029; baseline 0.003 -22"><span class='ocrx_word' id='word_1_203' title='bbox 431 4953 616 5026; x_wconf 80' lang='lat' dir='ltr'><strong>Magna</strong></span> <span class='ocrx_word' id='word_1_204' title='bbox 653 4963 934 5023; x_wconf 89' lang='lat' dir='ltr'><strong>permotus</strong></span> <span class='ocrx_word' id='word_1_205' title='bbox 963 4955 1357 5022; x_wconf 80' lang='lat' dir='ltr'><strong>misericordia,</strong></span> <span class='ocrx_word' id='word_1_206' title='bbox 1387 4957 1675 5029; x_wconf 85' lang='lat' dir='ltr'><strong>propitius,</strong></span> <span class='ocrx_word' id='word_1_207' title='bbox 1713 4974 1780 5013; x_wconf 90' lang='lat' dir='ltr'><strong>ne</strong></span> <span class='ocrx_word' id='word_1_208' title='bbox 1818 4968 1925 5012; x_wconf 81' lang='lat' dir='ltr'><strong>tra-</strong></span> 
     </span>
    </p>
   </div>
   <div class='ocr_carea' id='block_1_50' title="bbox 357 5048 1928 5123">
    <p class='ocr_par' dir='ltr' id='par_1_50' title="bbox 357 5048 1928 5123">
     <span class='ocr_line' id='line_1_50' title="bbox 357 5048 1928 5123; baseline 0 -17"><span class='ocrx_word' id='word_1_209' title='bbox 357 5050 455 5107; x_wconf 80' lang='lat' dir='ltr'><strong>das</strong></span> <span class='ocrx_word' id='word_1_210' title='bbox 485 5049 661 5106; x_wconf 88' lang='lat' dir='ltr'><strong>servis</strong></span> <span class='ocrx_word' id='word_1_211' title='bbox 687 5048 824 5103; x_wconf 88' lang='lat' dir='ltr'><strong>diris</strong></span> <span class='ocrx_word' id='word_1_212' title='bbox 870 5064 972 5104; x_wconf 91' lang='lat' dir='ltr'><strong>nec</strong></span> <span class='ocrx_word' id='word_1_213' title='bbox 1003 5049 1211 5106; x_wconf 87' lang='lat' dir='ltr'><strong>nuntiis</strong></span> <span class='ocrx_word' id='word_1_214' title='bbox 1241 5050 1394 5106; x_wconf 84' lang='lat' dir='ltr'><strong>duris</strong></span> <span class='ocrx_word' id='word_1_215' title='bbox 1432 5067 1553 5108; x_wconf 86' lang='lat' dir='ltr'><strong>eum</strong></span> <span class='ocrx_word' id='word_1_216' title='bbox 1608 5051 1699 5123; x_wconf 89' lang='lat' dir='ltr'><strong>qui</strong></span> <span class='ocrx_word' id='word_1_217' title='bbox 1749 5051 1872 5107; x_wconf 89' lang='lat' dir='ltr'><strong>inde</strong></span> <span class='ocrx_word' id='word_1_218' title='bbox 1897 5067 1928 5106; x_wconf 91' lang='lat' dir='ltr'><strong>a</strong></span> 
     </span>
    </p>
   </div>
   <div class='ocr_carea' id='block_1_51' title="bbox 295 5131 1227 5212">
    <p class='ocr_par' dir='ltr' id='par_1_51' title="bbox 295 5131 1227 5212">
     <span class='ocr_line' id='line_1_51' title="bbox 295 5131 1227 5212; baseline 0 -15"><span class='ocrx_word' id='word_1_219' title='bbox 295 5131 301 5136; x_wconf 68' lang='grc'><em>’</em></span> <span class='ocrx_word' id='word_1_220' title='bbox 359 5143 590 5212; x_wconf 86' lang='lat' dir='ltr'><strong>pueritia</strong></span> <span class='ocrx_word' id='word_1_221' title='bbox 629 5150 821 5197; x_wconf 91' lang='lat' dir='ltr'><strong>contra</strong></span> <span class='ocrx_word' id='word_1_222' title='bbox 851 5150 904 5197; x_wconf 88' lang='lat' dir='ltr'><strong>te</strong></span> <span class='ocrx_word' id='word_1_223' title='bbox 941 5140 1227 5212; x_wconf 85' lang='lat' dir='ltr'><strong>delinquit.</strong></span> 
     </span>
    </p>
   </div>
   <div class='ocr_carea' id='block_1_52' title="bbox 430 5228 1928 5300">
    <p class='ocr_par' dir='ltr' id='par_1_52' title="bbox 430 5228 1928 5300">
     <span class='ocr_line' id='line_1_52' title="bbox 430 5228 1928 5300; baseline -0.001 -15"><span class='ocrx_word' id='word_1_224' title='bbox 430 5229 733 5285; x_wconf 85' lang='lat' dir='ltr'><strong>Clementia</strong></span> <span class='ocrx_word' id='word_1_225' title='bbox 759 5237 850 5284; x_wconf 89' lang='lat' dir='ltr'><strong>tua</strong></span> <span class='ocrx_word' id='word_1_226' title='bbox 885 5228 1139 5284; x_wconf 75' lang='lat' dir='ltr'><strong>excident</strong></span> <span class='ocrx_word' id='word_1_227' title='bbox 1186 5237 1504 5300; x_wconf 79' lang='lat' dir='ltr'><strong>arrogantes</strong></span> <span class='ocrx_word' id='word_1_228' title='bbox 1542 5228 1779 5300; x_wconf 75' lang='lat' dir='ltr'><strong>indices,</strong></span> <span class='ocrx_word' id='word_1_229' title='bbox 1839 5246 1928 5284; x_wconf 87' lang='lat' dir='ltr'><strong>sa-</strong></span> 
     </span>
    </p>
   </div>
   <div class='ocr_carea' id='block_1_53' title="bbox 362 5321 1925 5395">
    <p class='ocr_par' dir='ltr' id='par_1_53' title="bbox 362 5321 1925 5395">
     <span class='ocr_line' id='line_1_53' title="bbox 362 5321 1925 5395; baseline 0.001 -19"><span class='ocrx_word' id='word_1_230' title='bbox 362 5322 600 5394; x_wconf 84' lang='lat' dir='ltr'><strong>pientes,</strong></span> <span class='ocrx_word' id='word_1_231' title='bbox 636 5321 883 5392; x_wconf 71' lang='lat' dir='ltr'><strong>dynastze</strong></span> <span class='ocrx_word' id='word_1_232' title='bbox 913 5331 965 5377; x_wconf 90' lang='lat' dir='ltr'><strong>et</strong></span> <span class='ocrx_word' id='word_1_233' title='bbox 1003 5335 1156 5393; x_wconf 75' lang='lat' dir='ltr'><strong>reges</strong></span> <span class='ocrx_word' id='word_1_234' title='bbox 1215 5331 1648 5395; x_wconf 84' lang='lat' dir='ltr'><strong>contemptores;</strong></span> <span class='ocrx_word' id='word_1_235' title='bbox 1686 5322 1925 5394; x_wconf 72' lang='lat' dir='ltr'><strong>coniugii</strong></span> 
     </span>
    </p>
   </div>
   <div class='ocr_carea' id='block_1_54' title="bbox 363 5412 1928 5486">
    <p class='ocr_par' dir='ltr' id='par_1_54' title="bbox 363 5412 1928 5486">
     <span class='ocr_line' id='line_1_54' title="bbox 363 5412 1928 5486; baseline 0.001 -18"><span class='ocrx_word' id='word_1_236' title='bbox 363 5425 640 5484; x_wconf 77' lang='lat' dir='ltr'><strong>expertum</strong></span> <span class='ocrx_word' id='word_1_237' title='bbox 693 5429 911 5485; x_wconf 86' lang='lat' dir='ltr'><strong>quoque</strong></span> <span class='ocrx_word' id='word_1_238' title='bbox 966 5412 1308 5470; x_wconf 80' lang='lat' dir='ltr'><strong>sacerdotum</strong></span> <span class='ocrx_word' id='word_1_239' title='bbox 1379 5423 1432 5470; x_wconf 90' lang='lat' dir='ltr'><strong>et</strong></span> <span class='ocrx_word' id='word_1_240' title='bbox 1488 5415 1928 5486; x_wconf 68' lang='lat' dir='ltr'><strong>coniugatorum,</strong></span> 
     </span>
    </p>
   </div>
   <div class='ocr_carea' id='block_1_55' title="bbox 369 5506 1055 5577">
    <p class='ocr_par' dir='ltr' id='par_1_55' title="bbox 369 5506 1055 5577">
     <span class='ocr_line' id='line_1_55' title="bbox 369 5506 1055 5577; baseline 0.003 -17"><span class='ocrx_word' id='word_1_241' title='bbox 369 5508 495 5577; x_wconf 85' lang='lat' dir='ltr'><strong>prob</strong></span> <span class='ocrx_word' id='word_1_242' title='bbox 529 5507 716 5564; x_wconf 86' lang='lat' dir='ltr'><strong>dolor!</strong></span> <span class='ocrx_word' id='word_1_243' title='bbox 747 5506 1055 5563; x_wconf 87' lang='lat' dir='ltr'><strong>multitudo.</strong></span> 
     </span>
    </p>
   </div>
   <div class='ocr_carea' id='block_1_56' title="bbox 1427 339 2484 410">
    <p class='ocr_par' dir='ltr' id='par_1_56' title="bbox 1427 339 2484 410">
     <span class='ocr_line' id='line_1_56' title="bbox 1427 339 2484 410; baseline 0.004 -9"><span class='ocrx_word' id='word_1_244' title='bbox 1427 339 1814 405; x_wconf 78' lang='lat' dir='ltr'><strong>CANTICUM</strong></span> <span class='ocrx_word' id='word_1_245' title='bbox 1838 342 2484 410; x_wconf 67' lang='lat' dir='ltr'><strong>COMPUNCTIONIS.</strong></span> 
     </span>
    </p>
   </div>
   <div class='ocr_carea' id='block_1_57' title="bbox 1940 460 1981 514">
    <p class='ocr_par' dir='ltr' id='par_1_57' title="bbox 1940 460 1981 514">
     <span class='ocr_line' id='line_1_57' title="bbox 1940 460 1981 514; baseline 0 0"><span class='ocrx_word' id='word_1_246' title='bbox 1940 460 1981 514; x_wconf 76' lang='grc' dir='ltr'>Α</span> 
     </span>
    </p>
   </div>
   <div class='ocr_carea' id='block_1_58' title="bbox 1945 3162 1988 3220">
    <p class='ocr_par' dir='ltr' id='par_1_58' title="bbox 1945 3162 1988 3220">
     <span class='ocr_line' id='line_1_58' title="bbox 1945 3162 1988 3220; baseline 0 0"><span class='ocrx_word' id='word_1_247' title='bbox 1945 3162 1988 3220; x_wconf 89' lang='lat' dir='ltr'><strong><em>C</em></strong></span> 
     </span>
    </p>
   </div>
   <div class='ocr_carea' id='block_1_59' title="bbox 3473 337 3577 402">
    <p class='ocr_par' dir='ltr' id='par_1_59' title="bbox 3473 337 3577 402">
     <span class='ocr_line' id='line_1_59' title="bbox 3473 337 3577 402; baseline 0 -1"><span class='ocrx_word' id='word_1_248' title='bbox 3473 337 3577 402; x_wconf 79' lang='lat' dir='ltr'><strong>3H</strong></span> 
     </span>
    </p>
   </div>
   <div class='ocr_carea' id='block_1_60' title="bbox 2303 451 2908 524">
    <p class='ocr_par' dir='ltr' id='par_1_60' title="bbox 2303 451 2908 524">
     <span class='ocr_line' id='line_1_60' title="bbox 2303 451 2908 524; baseline 0 -18"><span class='ocrx_word' id='word_1_249' title='bbox 2303 451 2546 521; x_wconf 79' lang='grc' dir='ltr'>Ἀξύγων</span> <span class='ocrx_word' id='word_1_250' title='bbox 2573 454 2666 507; x_wconf 69' lang='grc' dir='ltr'>καὶ</span> <span class='ocrx_word' id='word_1_251' title='bbox 2699 452 2908 524; x_wconf 79' lang='grc' dir='ltr'>ἱερέων,</span> 
     </span>
    </p>
   </div>
   <div class='ocr_carea' id='block_1_61' title="bbox 2290 540 3125 614">
    <p class='ocr_par' dir='ltr' id='par_1_61' title="bbox 2290 540 3125 614">
     <span class='ocr_line' id='line_1_61' title="bbox 2290 540 3125 614; baseline 0.004 -18"><span class='ocrx_word' id='word_1_252' title='bbox 2290 540 2466 613; x_wconf 77' lang='grc' dir='ltr'>Οἴμοιι</span> <span class='ocrx_word' id='word_1_253' title='bbox 2510 542 2715 614; x_wconf 76' lang='grc' dir='ltr'>πληθὺς</span> <span class='ocrx_word' id='word_1_254' title='bbox 2744 544 2835 596; x_wconf 67' lang='grc' dir='ltr'><strong>καλ⁴</strong></span> <span class='ocrx_word' id='word_1_255' title='bbox 2864 543 3125 614; x_wconf 79' lang='grc' dir='ltr'>μιγάδων.</span> 
     </span>
    </p>
   </div>
   <div class='ocr_carea' id='block_1_62' title="bbox 2360 634 3089 705">
    <p class='ocr_par' dir='ltr' id='par_1_62' title="bbox 2360 634 3089 705">
     <span class='ocr_line' id='line_1_62' title="bbox 2360 634 3089 705; baseline 0.003 -18"><span class='ocrx_word' id='word_1_256' title='bbox 2360 634 2761 705; x_wconf 78' lang='grc' dir='ltr'>Χωριζομένων</span> <span class='ocrx_word' id='word_1_257' title='bbox 2793 637 3089 704; x_wconf 85' lang='grc' dir='ltr'>συγγόνων.</span> 
     </span>
    </p>
   </div>
   <div class='ocr_carea' id='block_1_63' title="bbox 2289 726 3086 796">
    <p class='ocr_par' dir='ltr' id='par_1_63' title="bbox 2289 726 3086 796">
     <span class='ocr_line' id='line_1_63' title="bbox 2289 726 3086 796; baseline -0.001 -16"><span class='ocrx_word' id='word_1_258' title='bbox 2289 726 2515 794; x_wconf 78' lang='grc' dir='ltr'>Γονέων,</span> <span class='ocrx_word' id='word_1_259' title='bbox 2545 727 2712 796; x_wconf 82' lang='grc' dir='ltr'>φίλων</span> <span class='ocrx_word' id='word_1_260' title='bbox 2745 729 2840 782; x_wconf 75' lang='grc' dir='ltr'>καὶ</span> <span class='ocrx_word' id='word_1_261' title='bbox 2860 728 3086 793; x_wconf 86' lang='grc' dir='ltr'>τέκνων,</span> 
     </span>
    </p>
   </div>
   <div class='ocr_carea' id='block_1_64' title="bbox 2153 817 3033 888">
    <p class='ocr_par' dir='ltr' id='par_1_64' title="bbox 2153 817 3033 888">
     <span class='ocr_line' id='line_1_64' title="bbox 2153 817 3033 888; baseline -0.003 -16"><span class='ocrx_word' id='word_1_262' title='bbox 2153 817 2249 872; x_wconf 85' lang='grc'><strong>160</strong></span> <span class='ocrx_word' id='word_1_263' title='bbox 2291 818 2385 879; x_wconf 83' lang='grc' dir='ltr'>Τίς</span> <span class='ocrx_word' id='word_1_264' title='bbox 2421 817 2618 871; x_wconf 77' lang='grc' dir='ltr'>ἐννοῶν</span> <span class='ocrx_word' id='word_1_265' title='bbox 2653 818 2751 872; x_wconf 78' lang='grc' dir='ltr'><strong>οὐκ</strong></span> <span class='ocrx_word' id='word_1_266' title='bbox 2772 817 3033 888; x_wconf 77' lang='grc' dir='ltr'>οἱμὼξεις</span> 
     </span>
    </p>
   </div>
   <div class='ocr_carea' id='block_1_65' title="bbox 2288 909 3089 981">
    <p class='ocr_par' dir='ltr' id='par_1_65' title="bbox 2288 909 3089 981">
     <span class='ocr_line' id='line_1_65' title="bbox 2288 909 3089 981; baseline -0.001 -18"><span class='ocrx_word' id='word_1_267' title='bbox 2288 909 2383 974; x_wconf 83' lang='grc' dir='ltr'>Τίς</span> <span class='ocrx_word' id='word_1_268' title='bbox 2405 910 2460 964; x_wconf 83' lang='grc' dir='ltr'><strong>δὲ</strong></span> <span class='ocrx_word' id='word_1_269' title='bbox 2493 910 2750 981; x_wconf 81' lang='grc' dir='ltr'>βαστάσει</span> <span class='ocrx_word' id='word_1_270' title='bbox 2769 910 2860 964; x_wconf 83' lang='grc' dir='ltr'><strong>τὸν</strong></span> <span class='ocrx_word' id='word_1_271' title='bbox 2890 910 3050 964; x_wconf 88' lang='grc' dir='ltr'>πόνον</span> <span class='ocrx_word' id='word_1_272' title='bbox 3075 928 3089 977; x_wconf 87' lang='grc'>;</span> 
     </span>
    </p>
   </div>
   <div class='ocr_carea' id='block_1_66' title="bbox 2287 1000 3064 1072">
    <p class='ocr_par' dir='ltr' id='par_1_66' title="bbox 2287 1000 3064 1072">
     <span class='ocr_line' id='line_1_66' title="bbox 2287 1000 3064 1072; baseline 0.001 -19"><span class='ocrx_word' id='word_1_273' title='bbox 2287 1002 2400 1054; x_wconf 83' lang='grc' dir='ltr'><strong>Οὐκ</strong></span> <span class='ocrx_word' id='word_1_274' title='bbox 2425 1000 2643 1071; x_wconf 65' lang='grc' dir='ltr'>ὄψονται</span> <span class='ocrx_word' id='word_1_275' title='bbox 2668 1001 2774 1072; x_wconf 76' lang='grc' dir='ltr'><strong>γάρ</strong></span> <span class='ocrx_word' id='word_1_276' title='bbox 2805 1001 3064 1069; x_wconf 78' lang='grc' dir='ltr'>ἀλλήλους</span> 
     </span>
    </p>
   </div>
   <div class='ocr_carea' id='block_1_67' title="bbox 2290 1090 3077 1162">
    <p class='ocr_par' dir='ltr' id='par_1_67' title="bbox 2290 1090 3077 1162">
     <span class='ocr_line' id='line_1_67' title="bbox 2290 1090 3077 1162; baseline -0.003 -16"><span class='ocrx_word' id='word_1_277' title='bbox 2290 1093 2384 1151; x_wconf 79' lang='grc' dir='ltr'><strong>Εἰς</strong></span> <span class='ocrx_word' id='word_1_278' title='bbox 2415 1094 2540 1156; x_wconf 75' lang='grc' dir='ltr'>τοὺς</span> <span class='ocrx_word' id='word_1_279' title='bbox 2569 1090 2832 1162; x_wconf 79' lang='grc' dir='ltr'>ἀπειρους</span> <span class='ocrx_word' id='word_1_280' title='bbox 2855 1092 3077 1154; x_wconf 73' lang='grc' dir='ltr'>αἰῶνας.</span> 
     </span>
    </p>
   </div>
   <div class='ocr_carea' id='block_1_68' title="bbox 2363 1183 3134 1254">
    <p class='ocr_par' dir='ltr' id='par_1_68' title="bbox 2363 1183 3134 1254">
     <span class='ocr_line' id='line_1_68' title="bbox 2363 1183 3134 1254; baseline -0.003 -18"><span class='ocrx_word' id='word_1_281' title='bbox 2363 1185 2547 1254; x_wconf 78' lang='grc' dir='ltr'>Ψυχὴ,</span> <span class='ocrx_word' id='word_1_282' title='bbox 2576 1183 2792 1253; x_wconf 82' lang='grc' dir='ltr'>λογίζου</span> <span class='ocrx_word' id='word_1_283' title='bbox 2817 1184 2934 1246; x_wconf 80' lang='grc' dir='ltr'>πῶς</span> <span class='ocrx_word' id='word_1_284' title='bbox 2965 1183 3134 1254; x_wconf 79' lang='grc' dir='ltr'>ἄρδην</span> 
     </span>
    </p>
   </div>
   <div class='ocr_carea' id='block_1_69' title="bbox 2154 1275 3074 1347">
    <p class='ocr_par' dir='ltr' id='par_1_69' title="bbox 2154 1275 3074 1347">
     <span class='ocr_line' id='line_1_69' title="bbox 2154 1275 3074 1347; baseline -0.003 -17"><span class='ocrx_word' id='word_1_285' title='bbox 2154 1275 2254 1332; x_wconf 72' lang='grc'><strong>165</strong></span> <span class='ocrx_word' id='word_1_286' title='bbox 2292 1276 2661 1347; x_wconf 77' lang='grc' dir='ltr'>Βληθήσονται</span> <span class='ocrx_word' id='word_1_287' title='bbox 2698 1278 2776 1339; x_wconf 82' lang='grc' dir='ltr'>εἰς</span> <span class='ocrx_word' id='word_1_288' title='bbox 2803 1275 3074 1340; x_wconf 76' lang='grc' dir='ltr'>κολάσεις,</span> 
     </span>
    </p>
   </div>
   <div class='ocr_carea' id='block_1_70' title="bbox 2304 1368 2936 1438">
    <p class='ocr_par' dir='ltr' id='par_1_70' title="bbox 2304 1368 2936 1438">
     <span class='ocr_line' id='line_1_70' title="bbox 2304 1368 2936 1438; baseline -0.005 -16"><span class='ocrx_word' id='word_1_289' title='bbox 2304 1368 2614 1434; x_wconf 84' lang='grc' dir='ltr'>Ἐλκόμενοι</span> <span class='ocrx_word' id='word_1_290' title='bbox 2646 1368 2936 1438; x_wconf 82' lang='grc' dir='ltr'>ἀποτόμως</span> 
     </span>
    </p>
   </div>
   <div class='ocr_carea' id='block_1_71' title="bbox 2304 1457 3069 1528">
    <p class='ocr_par' dir='ltr' id='par_1_71' title="bbox 2304 1457 3069 1528">
     <span class='ocr_line' id='line_1_71' title="bbox 2304 1457 3069 1528; baseline -0.001 -18"><span class='ocrx_word' id='word_1_291' title='bbox 2304 1457 2368 1510; x_wconf 81' lang='grc' dir='ltr'><strong>’Υ</strong></span> <span class='ocrx_word' id='word_1_292' title='bbox 2377 1458 2439 1510; x_wconf 83' lang='grc' dir='ltr'><strong>πὸ</strong></span> <span class='ocrx_word' id='word_1_293' title='bbox 2475 1457 2766 1528; x_wconf 75' lang='grc' dir='ltr'>πυρφόρων</span> <span class='ocrx_word' id='word_1_294' title='bbox 2799 1458 3069 1527; x_wconf 79' lang='grc' dir='ltr'>ἀγγέλων,</span> 
     </span>
    </p>
   </div>
   <div class='ocr_carea' id='block_1_72' title="bbox 2291 1551 3160 1623">
    <p class='ocr_par' dir='ltr' id='par_1_72' title="bbox 2291 1551 3160 1623">
     <span class='ocr_line' id='line_1_72' title="bbox 2291 1551 3160 1623; baseline -0.001 -17"><span class='ocrx_word' id='word_1_295' title='bbox 2291 1551 2400 1606; x_wconf 75' lang='grc' dir='ltr'><strong>Καὶ</strong></span> <span class='ocrx_word' id='word_1_296' title='bbox 2440 1551 2691 1615; x_wconf 81' lang='grc' dir='ltr'>στέναξον</span> <span class='ocrx_word' id='word_1_297' title='bbox 2714 1552 2818 1621; x_wconf 79' lang='grc' dir='ltr'>πρδ</span> <span class='ocrx_word' id='word_1_298' title='bbox 2847 1551 2945 1620; x_wconf 78' lang='grc' dir='ltr'>τῆς</span> <span class='ocrx_word' id='word_1_299' title='bbox 2966 1555 3160 1623; x_wconf 82' lang='grc' dir='ltr'>πείρας</span> 
     </span>
    </p>
   </div>
   <div class='ocr_carea' id='block_1_73' title="bbox 2303 1643 3030 1712">
    <p class='ocr_par' dir='ltr' id='par_1_73' title="bbox 2303 1643 3030 1712">
     <span class='ocr_line' id='line_1_73' title="bbox 2303 1643 3030 1712; baseline 0.003 -16"><span class='ocrx_word' id='word_1_300' title='bbox 2303 1643 2396 1696; x_wconf 85' lang='grc' dir='ltr'><strong>Ἐκ</strong></span> <span class='ocrx_word' id='word_1_301' title='bbox 2423 1643 2619 1712; x_wconf 84' lang='grc' dir='ltr'>βάθους</span> <span class='ocrx_word' id='word_1_302' title='bbox 2649 1644 2744 1712; x_wconf 77' lang='grc' dir='ltr'>τῆς</span> <span class='ocrx_word' id='word_1_303' title='bbox 2772 1643 3030 1707; x_wconf 81' lang='grc' dir='ltr'>διανοίας.</span> 
     </span>
    </p>
   </div>
   <div class='ocr_carea' id='block_1_74' title="bbox 2383 1735 3197 1807">
    <p class='ocr_par' dir='ltr' id='par_1_74' title="bbox 2383 1735 3197 1807">
     <span class='ocr_line' id='line_1_74' title="bbox 2383 1735 3197 1807; baseline 0.002 -19"><span class='ocrx_word' id='word_1_304' title='bbox 2383 1736 2467 1800; x_wconf 77' lang='grc' dir='ltr'>Ὠς</span> <span class='ocrx_word' id='word_1_305' title='bbox 2500 1735 2806 1807; x_wconf 81' lang='grc' dir='ltr'>θησαυροὺς</span> <span class='ocrx_word' id='word_1_306' title='bbox 2836 1736 2934 1806; x_wconf 69' lang='grc' dir='ltr'>τῆς</span> <span class='ocrx_word' id='word_1_307' title='bbox 2960 1737 3197 1790; x_wconf 86' lang='grc' dir='ltr'>ἀϐύσσου</span> 
     </span>
    </p>
   </div>
   <div class='ocr_carea' id='block_1_75' title="bbox 2297 1829 3091 1903">
    <p class='ocr_par' dir='ltr' id='par_1_75' title="bbox 2297 1829 3091 1903">
     <span class='ocr_line' id='line_1_75' title="bbox 2297 1829 3091 1903; baseline 0.004 -21"><span class='ocrx_word' id='word_1_308' title='bbox 2297 1832 2405 1884; x_wconf 73' lang='grc' dir='ltr'>Καὶ</span> <span class='ocrx_word' id='word_1_309' title='bbox 2437 1829 2669 1902; x_wconf 77' lang='grc' dir='ltr'>οὐρανοῦ</span> <span class='ocrx_word' id='word_1_310' title='bbox 2702 1832 3091 1903; x_wconf 73' lang='grc' dir='ltr'>καταρράκτας</span> 
     </span>
    </p>
   </div>
   <div class='ocr_carea' id='block_1_76' title="bbox 2307 1923 2969 1994">
    <p class='ocr_par' dir='ltr' id='par_1_76' title="bbox 2307 1923 2969 1994">
     <span class='ocr_line' id='line_1_76' title="bbox 2307 1923 2969 1994; baseline 0 -21"><span class='ocrx_word' id='word_1_311' title='bbox 2307 1923 2569 1994; x_wconf 79' lang='grc' dir='ltr'><strong>Ἀνέῳξας</strong></span> <span class='ocrx_word' id='word_1_312' title='bbox 2598 1923 2969 1987; x_wconf 78' lang='grc' dir='ltr'>κατακλύςων,</span> 
     </span>
    </p>
   </div>
   <div class='ocr_carea' id='block_1_77' title="bbox 2296 2015 3040 2086">
    <p class='ocr_par' dir='ltr' id='par_1_77' title="bbox 2296 2015 3040 2086">
     <span class='ocr_line' id='line_1_77' title="bbox 2296 2015 3040 2086; baseline 0.001 -20"><span class='ocrx_word' id='word_1_313' title='bbox 2296 2016 2498 2086; x_wconf 84' lang='grc' dir='ltr'>Σὼτερ,</span> <span class='ocrx_word' id='word_1_314' title='bbox 2524 2015 2620 2086; x_wconf 75' lang='grc' dir='ltr'><strong>τὴν</strong></span> <span class='ocrx_word' id='word_1_315' title='bbox 2649 2015 2752 2086; x_wconf 81' lang='grc' dir='ltr'>γῆν</span> <span class='ocrx_word' id='word_1_316' title='bbox 2781 2017 2872 2069; x_wconf 66' lang='grc' dir='ltr'>ἐπὶ</span> <span class='ocrx_word' id='word_1_317' title='bbox 2896 2016 3040 2080; x_wconf 81' lang='grc' dir='ltr'>Νῶε,</span> 
     </span>
    </p>
   </div>
   <div class='ocr_carea' id='block_1_78' title="bbox 2296 2107 3092 2170">
    <p class='ocr_par' dir='ltr' id='par_1_78' title="bbox 2296 2107 3092 2170">
     <span class='ocr_line' id='line_1_78' title="bbox 2296 2107 3092 2170; baseline 0.004 -10"><span class='ocrx_word' id='word_1_318' title='bbox 2296 2108 2483 2170; x_wconf 75' lang='grc' dir='ltr'>Οὕτως</span> <span class='ocrx_word' id='word_1_319' title='bbox 2516 2107 2610 2163; x_wconf 76' lang='grc' dir='ltr'><strong>καὶ</strong></span> <span class='ocrx_word' id='word_1_320' title='bbox 2632 2107 2725 2160; x_wconf 78' lang='grc' dir='ltr'><strong>νῦν</strong></span> <span class='ocrx_word' id='word_1_321' title='bbox 2754 2109 3092 2162; x_wconf 84' lang='grc' dir='ltr'>κατάκλυσον</span> 
     </span>
    </p>
   </div>
   <div class='ocr_carea' id='block_1_79' title="bbox 2162 2199 3200 2271">
    <p class='ocr_par' dir='ltr' id='par_1_79' title="bbox 2162 2199 3200 2271">
     <span class='ocr_line' id='line_1_79' title="bbox 2162 2199 3200 2271; baseline 0.006 -20"><span class='ocrx_word' id='word_1_322' title='bbox 2162 2199 2258 2253; x_wconf 76' lang='grc'><strong>175</strong></span> <span class='ocrx_word' id='word_1_323' title='bbox 2295 2199 2397 2251; x_wconf 76' lang='grc' dir='ltr'>Τὸν</span> <span class='ocrx_word' id='word_1_324' title='bbox 2428 2199 2683 2271; x_wconf 86' lang='grc' dir='ltr'>βόρϐορον</span> <span class='ocrx_word' id='word_1_325' title='bbox 2713 2199 2821 2252; x_wconf 81' lang='grc' dir='ltr'>τῶν</span> <span class='ocrx_word' id='word_1_326' title='bbox 2851 2201 3037 2253; x_wconf 78' lang='grc' dir='ltr'>παθῶν</span> <span class='ocrx_word' id='word_1_327' title='bbox 3072 2217 3200 2270; x_wconf 81' lang='grc' dir='ltr'>μου.</span> 
     </span>
    </p>
   </div>
   <div class='ocr_carea' id='block_1_80' title="bbox 2365 2286 3095 2356">
    <p class='ocr_par' dir='ltr' id='par_1_80' title="bbox 2365 2286 3095 2356">
     <span class='ocr_line' id='line_1_80' title="bbox 2365 2286 3095 2356; baseline 0.003 -14"><span class='ocrx_word' id='word_1_328' title='bbox 2365 2286 2434 2342; x_wconf 88' lang='grc' dir='ltr'>Ὧ</span> <span class='ocrx_word' id='word_1_329' title='bbox 2460 2292 2699 2345; x_wconf 76' lang='grc' dir='ltr'>Δέσποτα</span> <span class='ocrx_word' id='word_1_330' title='bbox 2729 2293 2835 2345; x_wconf 84' lang='grc' dir='ltr'>τῶν</span> <span class='ocrx_word' id='word_1_331' title='bbox 2859 2293 3095 2356; x_wconf 81' lang='grc' dir='ltr'>αἰώνων,</span> 
     </span>
    </p>
   </div>
   <div class='ocr_carea' id='block_1_81' title="bbox 2298 2381 3138 2455">
    <p class='ocr_par' dir='ltr' id='par_1_81' title="bbox 2298 2381 3138 2455">
     <span class='ocr_line' id='line_1_81' title="bbox 2298 2381 3138 2455; baseline 0.006 -21"><span class='ocrx_word' id='word_1_332' title='bbox 2298 2381 2499 2453; x_wconf 85' lang='grc' dir='ltr'>Πάτερ,</span> <span class='ocrx_word' id='word_1_333' title='bbox 2537 2382 2646 2449; x_wconf 76' lang='grc' dir='ltr'><strong>Υἱὲ,</strong></span> <span class='ocrx_word' id='word_1_334' title='bbox 2679 2385 2772 2436; x_wconf 78' lang='grc' dir='ltr'>καὶ</span> <span class='ocrx_word' id='word_1_335' title='bbox 2805 2384 2864 2437; x_wconf 84' lang='grc' dir='ltr'><strong>τὸ</strong></span> <span class='ocrx_word' id='word_1_336' title='bbox 2894 2384 3138 2455; x_wconf 78' lang='grc' dir='ltr'>Πνεῦμα,</span> 
     </span>
    </p>
   </div>
   <div class='ocr_carea' id='block_1_82' title="bbox 2309 2473 2951 2548">
    <p class='ocr_par' dir='ltr' id='par_1_82' title="bbox 2309 2473 2951 2548">
     <span class='ocr_line' id='line_1_82' title="bbox 2309 2473 2951 2548; baseline 0.009 -23"><span class='ocrx_word' id='word_1_337' title='bbox 2309 2473 2370 2525; x_wconf 84' lang='grc' dir='ltr'>’Π</span> <span class='ocrx_word' id='word_1_338' title='bbox 2397 2474 2818 2545; x_wconf 82' lang='grc' dir='ltr'>τρισυπόστατος</span> <span class='ocrx_word' id='word_1_339' title='bbox 2853 2478 2951 2548; x_wconf 89' lang='grc' dir='ltr'><strong>μία</strong></span> 
     </span>
    </p>
   </div>
   <div class='ocr_carea' id='block_1_83' title="bbox 2303 2567 2950 2638">
    <p class='ocr_par' dir='ltr' id='par_1_83' title="bbox 2303 2567 2950 2638">
     <span class='ocr_line' id='line_1_83' title="bbox 2303 2567 2950 2638; baseline 0.009 -21"><span class='ocrx_word' id='word_1_340' title='bbox 2303 2568 2408 2618; x_wconf 67' lang='grc' dir='ltr'>Καὶ</span> <span class='ocrx_word' id='word_1_341' title='bbox 2432 2567 2732 2638; x_wconf 82' lang='grc' dir='ltr'>ἀδιαίρετος</span> <span class='ocrx_word' id='word_1_342' title='bbox 2768 2570 2950 2638; x_wconf 80' lang='grc' dir='ltr'>φύσις,</span> 
     </span>
    </p>
   </div>
   <div class='ocr_carea' id='block_1_84' title="bbox 2158 2657 3040 2732">
    <p class='ocr_par' dir='ltr' id='par_1_84' title="bbox 2158 2657 3040 2732">
     <span class='ocr_line' id='line_1_84' title="bbox 2158 2657 3040 2732; baseline 0.012 -24"><span class='ocrx_word' id='word_1_343' title='bbox 2158 2657 2259 2708; x_wconf 79' lang='lat'><strong>180</strong></span> <span class='ocrx_word' id='word_1_344' title='bbox 2292 2659 2391 2718; x_wconf 83' lang='grc' dir='ltr'>Δός</span> <span class='ocrx_word' id='word_1_345' title='bbox 2421 2676 2511 2729; x_wconf 85' lang='grc' dir='ltr'><strong>μοι</strong></span> <span class='ocrx_word' id='word_1_346' title='bbox 2541 2659 2731 2731; x_wconf 62' lang='grc' dir='ltr'>καιρόν</span> <span class='ocrx_word' id='word_1_347' title='bbox 2756 2663 3040 2732; x_wconf 71' lang='grc' dir='ltr'>μετανοίας</span> 
     </span>
    </p>
   </div>
   <div class='ocr_carea' id='block_1_85' title="bbox 2304 2750 3136 2824">
    <p class='ocr_par' dir='ltr' id='par_1_85' title="bbox 2304 2750 3136 2824">
     <span class='ocr_line' id='line_1_85' title="bbox 2304 2750 3136 2824; baseline 0.012 -24"><span class='ocrx_word' id='word_1_348' title='bbox 2304 2751 2444 2819; x_wconf 59' lang='lat' dir='ltr'><strong>&quot;ph;</strong></span> <span class='ocrx_word' id='word_1_349' title='bbox 2468 2750 2621 2804; x_wconf 81' lang='grc' dir='ltr'>λύσιν</span> <span class='ocrx_word' id='word_1_350' title='bbox 2655 2753 3136 2824; x_wconf 82' lang='grc' dir='ltr'>ἀμπλακημάτων.</span> 
     </span>
    </p>
   </div>
   <div class='ocr_carea' id='block_1_86' title="bbox 2367 2838 2993 2911">
    <p class='ocr_par' dir='ltr' id='par_1_86' title="bbox 2367 2838 2993 2911">
     <span class='ocr_line' id='line_1_86' title="bbox 2367 2838 2993 2911; baseline 0.008 -17"><span class='ocrx_word' id='word_1_351' title='bbox 2367 2838 2435 2895; x_wconf 80' lang='grc' dir='ltr'><strong><em>Ὦ</em></strong></span> <span class='ocrx_word' id='word_1_352' title='bbox 2463 2845 2727 2897; x_wconf 82' lang='grc' dir='ltr'>Δέσποινα</span> <span class='ocrx_word' id='word_1_353' title='bbox 2745 2843 2993 2911; x_wconf 83' lang='grc' dir='ltr'>Θεοτόκε,</span> 
     </span>
    </p>
   </div>
   <div class='ocr_carea' id='block_1_87' title="bbox 2297 2936 3135 3010">
    <p class='ocr_par' dir='ltr' id='par_1_87' title="bbox 2297 2936 3135 3010">
     <span class='ocr_line' id='line_1_87' title="bbox 2297 2936 3135 3010; baseline 0.008 -24"><span class='ocrx_word' id='word_1_354' title='bbox 2297 2936 2557 3001; x_wconf 78' lang='grc' dir='ltr'>Σπεῦσον,</span> <span class='ocrx_word' id='word_1_355' title='bbox 2585 2938 2772 3009; x_wconf 79' lang='grc' dir='ltr'>βοήθει</span> <span class='ocrx_word' id='word_1_356' title='bbox 2806 2955 2897 3010; x_wconf 89' lang='grc' dir='ltr'><strong>μοι</strong></span> <span class='ocrx_word' id='word_1_357' title='bbox 2924 2938 3088 3010; x_wconf 80' lang='grc' dir='ltr'>τάχος</span> <span class='ocrx_word' id='word_1_358' title='bbox 3116 2954 3135 2974; x_wconf 81' lang='grc'><strong><em>⁸</em></strong></span> 
     </span>
    </p>
   </div>
   <div class='ocr_carea' id='block_1_88' title="bbox 2309 3029 3017 3104">
    <p class='ocr_par' dir='ltr' id='par_1_88' title="bbox 2309 3029 3017 3104">
     <span class='ocr_line' id='line_1_88' title="bbox 2309 3029 3017 3104; baseline 0.006 -23"><span class='ocrx_word' id='word_1_359' title='bbox 2309 3029 2374 3082; x_wconf 84' lang='grc' dir='ltr'>’Π</span> <span class='ocrx_word' id='word_1_360' title='bbox 2403 3029 2511 3101; x_wconf 76' lang='grc' dir='ltr'><strong>γάρ</strong></span> <span class='ocrx_word' id='word_1_361' title='bbox 2533 3030 2685 3102; x_wconf 83' lang='grc' dir='ltr'>ἀκμὴ</span> <span class='ocrx_word' id='word_1_362' title='bbox 2709 3032 2805 3101; x_wconf 83' lang='grc' dir='ltr'>τῆς</span> <span class='ocrx_word' id='word_1_363' title='bbox 2827 3029 3017 3104; x_wconf 82' lang='grc' dir='ltr'>άξίνης</span> 
     </span>
    </p>
   </div>
   <div class='ocr_carea' id='block_1_89' title="bbox 2163 3118 3034 3192">
    <p class='ocr_par' dir='ltr' id='par_1_89' title="bbox 2163 3118 3034 3192">
     <span class='ocr_line' id='line_1_89' title="bbox 2163 3118 3034 3192; baseline 0.006 -21"><span class='ocrx_word' id='word_1_364' title='bbox 2163 3118 2262 3173; x_wconf 78' lang='grc'><strong>185</strong></span> <span class='ocrx_word' id='word_1_365' title='bbox 2315 3119 2396 3183; x_wconf 82' lang='grc' dir='ltr'>Ὣς</span> <span class='ocrx_word' id='word_1_366' title='bbox 2422 3120 2667 3191; x_wconf 75' lang='grc' dir='ltr'>ἄκαρπον</span> <span class='ocrx_word' id='word_1_367' title='bbox 2693 3121 2917 3191; x_wconf 80' lang='grc' dir='ltr'>ἐκφοϐεῖ</span> <span class='ocrx_word' id='word_1_368' title='bbox 2944 3139 3034 3192; x_wconf 83' lang='grc' dir='ltr'><strong>με,</strong></span> 
     </span>
    </p>
   </div>
   <div class='ocr_carea' id='block_1_90' title="bbox 2305 3211 3062 3286">
    <p class='ocr_par' dir='ltr' id='par_1_90' title="bbox 2305 3211 3062 3286">
     <span class='ocr_line' id='line_1_90' title="bbox 2305 3211 3062 3286; baseline 0.007 -23"><span class='ocrx_word' id='word_1_369' title='bbox 2305 3211 2414 3264; x_wconf 75' lang='grc' dir='ltr'><strong>Καὶ</strong></span> <span class='ocrx_word' id='word_1_370' title='bbox 2442 3213 2474 3280; x_wconf 76' lang='grc' dir='ltr'>ἡ</span> <span class='ocrx_word' id='word_1_371' title='bbox 2499 3212 2640 3284; x_wconf 87' lang='grc' dir='ltr'><strong>φορά</strong></span> <span class='ocrx_word' id='word_1_372' title='bbox 2669 3213 2764 3282; x_wconf 75' lang='grc' dir='ltr'>τῆς</span> <span class='ocrx_word' id='word_1_373' title='bbox 2788 3212 3062 3286; x_wconf 80' lang='grc' dir='ltr'>δρεπάνης</span> 
     </span>
    </p>
   </div>
   <div class='ocr_carea' id='block_1_91' title="bbox 2312 3301 2981 3373">
    <p class='ocr_par' dir='ltr' id='par_1_91' title="bbox 2312 3301 2981 3373">
     <span class='ocr_line' id='line_1_91' title="bbox 2312 3301 2981 3373; baseline 0.007 -20"><span class='ocrx_word' id='word_1_374' title='bbox 2312 3301 2400 3365; x_wconf 78' lang='grc' dir='ltr'>Ὠς</span> <span class='ocrx_word' id='word_1_375' title='bbox 2443 3301 2619 3373; x_wconf 81' lang='grc' dir='ltr'>ἄωρον</span> <span class='ocrx_word' id='word_1_376' title='bbox 2653 3303 2938 3358; x_wconf 79' lang='grc' dir='ltr'>ὲκδεδίττει</span> <span class='ocrx_word' id='word_1_377' title='bbox 2962 3319 2981 3339; x_wconf 83' lang='grc'><strong><em>⁸</em></strong></span> 
     </span>
    </p>
   </div>
   <div class='ocr_carea' id='block_1_92' title="bbox 2318 3394 3107 3466">
    <p class='ocr_par' dir='ltr' id='par_1_92' title="bbox 2318 3394 3107 3466">
     <span class='ocr_line' id='line_1_92' title="bbox 2318 3394 3107 3466; baseline 0.009 -20"><span class='ocrx_word' id='word_1_378' title='bbox 2318 3394 2375 3446; x_wconf 86' lang='grc' dir='ltr'><strong>Ὀ</strong></span> <span class='ocrx_word' id='word_1_379' title='bbox 2400 3394 2454 3447; x_wconf 87' lang='grc' dir='ltr'><strong>δὲ</strong></span> <span class='ocrx_word' id='word_1_380' title='bbox 2479 3394 2763 3466; x_wconf 82' lang='grc' dir='ltr'>λικμήτωρ</span> <span class='ocrx_word' id='word_1_381' title='bbox 2790 3394 2887 3466; x_wconf 83' lang='grc' dir='ltr'>τὴν</span> <span class='ocrx_word' id='word_1_382' title='bbox 2908 3395 3107 3453; x_wconf 79' lang='grc' dir='ltr'>καῦσιν</span> 
     </span>
    </p>
   </div>
   <div class='ocr_carea' id='block_1_93' title="bbox 2315 3484 2998 3555">
    <p class='ocr_par' dir='ltr' id='par_1_93' title="bbox 2315 3484 2998 3555">
     <span class='ocr_line' id='line_1_93' title="bbox 2315 3484 2998 3555; baseline 0.003 -20"><span class='ocrx_word' id='word_1_383' title='bbox 2315 3485 2401 3546; x_wconf 84' lang='grc' dir='ltr'>Ὠς</span> <span class='ocrx_word' id='word_1_384' title='bbox 2433 3484 2633 3554; x_wconf 78' lang='grc' dir='ltr'>ἄχυρον</span> <span class='ocrx_word' id='word_1_385' title='bbox 2655 3484 2868 3538; x_wconf 85' lang='grc' dir='ltr'>ἀπειλεῖ</span> <span class='ocrx_word' id='word_1_386' title='bbox 2883 3502 2998 3555; x_wconf 88' lang='grc' dir='ltr'>μοι.</span> 
     </span>
    </p>
   </div>
   <div class='ocr_carea' id='block_1_94' title="bbox 2157 1734 2257 1790">
    <p class='ocr_par' dir='ltr' id='par_1_94' title="bbox 2157 1734 2257 1790">
     <span class='ocr_line' id='line_1_94' title="bbox 2157 1734 2257 1790; baseline 0.02 -3"><span class='ocrx_word' id='word_1_387' title='bbox 2157 1734 2257 1790; x_wconf 76' lang='grc'><strong>170</strong></span> 
     </span>
    </p>
   </div>
   <div class='ocr_carea' id='block_1_95' title="bbox 2107 3663 3594 3735">
    <p class='ocr_par' dir='ltr' id='par_1_95' title="bbox 2107 3663 3594 3735">
     <span class='ocr_line' id='line_1_95' title="bbox 2107 3663 3594 3735; baseline 0.003 -18"><span class='ocrx_word' id='word_1_388' title='bbox 2107 3664 2525 3734; x_wconf 85' lang='lat' dir='ltr'><strong>Separationem</strong></span> <span class='ocrx_word' id='word_1_389' title='bbox 2586 3663 2841 3734; x_wconf 78' lang='lat' dir='ltr'><strong>fratrum,</strong></span> <span class='ocrx_word' id='word_1_390' title='bbox 2899 3673 3206 3735; x_wconf 90' lang='lat' dir='ltr'><strong>parentum,</strong></span> <span class='ocrx_word' id='word_1_391' title='bbox 3269 3663 3594 3734; x_wconf 86' lang='lat' dir='ltr'><strong>amicorum,</strong></span> 
     </span>
    </p>
   </div>
   <div class='ocr_carea' id='block_1_96' title="bbox 2026 3754 3596 3830">
    <p class='ocr_par' dir='ltr' id='par_1_96' title="bbox 2026 3754 3596 3830">
     <span class='ocr_line' id='line_1_96' title="bbox 2026 3754 3596 3830; baseline 0.003 -21"><span class='ocrx_word' id='word_1_392' title='bbox 2026 3762 2188 3826; x_wconf 83' lang='lat' dir='ltr'><strong>atque</strong></span> <span class='ocrx_word' id='word_1_393' title='bbox 2244 3754 2567 3822; x_wconf 89' lang='lat' dir='ltr'><strong>liberorum,</strong></span> <span class='ocrx_word' id='word_1_394' title='bbox 2617 3757 2742 3827; x_wconf 84' lang='lat' dir='ltr'><strong>quis</strong></span> <span class='ocrx_word' id='word_1_395' title='bbox 2776 3758 3025 3830; x_wconf 71' lang='lat' dir='ltr'><strong>cogitans</strong></span> <span class='ocrx_word' id='word_1_396' title='bbox 3072 3773 3178 3812; x_wconf 93' lang='lat' dir='ltr'><strong>non</strong></span> <span class='ocrx_word' id='word_1_397' title='bbox 3230 3757 3596 3829; x_wconf 71' lang='lat' dir='ltr'><strong>ingemiscet?</strong></span> 
     </span>
    </p>
   </div>
   <div class='ocr_carea' id='block_1_97' title="bbox 2021 3846 3596 3919">
    <p class='ocr_par' dir='ltr' id='par_1_97' title="bbox 2021 3846 3596 3919">
     <span class='ocr_line' id='line_1_97' title="bbox 2021 3846 3596 3919; baseline 0.004 -22"><span class='ocrx_word' id='word_1_398' title='bbox 2021 3846 2153 3913; x_wconf 81' lang='lat' dir='ltr'><strong>Quis</strong></span> <span class='ocrx_word' id='word_1_399' title='bbox 2190 3846 2325 3904; x_wconf 76' lang='lat' dir='ltr'><strong>feret</strong></span> <span class='ocrx_word' id='word_1_400' title='bbox 2357 3847 2652 3904; x_wconf 85' lang='lat' dir='ltr'><strong>dolorem?</strong></span> <span class='ocrx_word' id='word_1_401' title='bbox 2679 3847 2794 3903; x_wconf 85' lang='lat' dir='ltr'><strong>Non</strong></span> <span class='ocrx_word' id='word_1_402' title='bbox 2826 3849 2972 3905; x_wconf 88' lang='lat' dir='ltr'><strong>enim</strong></span> <span class='ocrx_word' id='word_1_403' title='bbox 3002 3849 3146 3905; x_wconf 89' lang='lat' dir='ltr'><strong>inter</strong></span> <span class='ocrx_word' id='word_1_404' title='bbox 3172 3863 3230 3905; x_wconf 89' lang='lat' dir='ltr'><strong>se</strong></span> <span class='ocrx_word' id='word_1_405' title='bbox 3256 3849 3490 3919; x_wconf 85' lang='lat' dir='ltr'><strong>amplius</strong></span> <span class='ocrx_word' id='word_1_406' title='bbox 3517 3851 3596 3904; x_wconf 84' lang='lat' dir='ltr'><strong>vi-</strong></span> 
     </span>
    </p>
   </div>
   <div class='ocr_carea' id='block_1_98' title="bbox 2026 3939 2772 3997">
    <p class='ocr_par' dir='ltr' id='par_1_98' title="bbox 2026 3939 2772 3997">
     <span class='ocr_line' id='line_1_98' title="bbox 2026 3939 2772 3997; baseline 0.007 -5"><span class='ocrx_word' id='word_1_407' title='bbox 2026 3939 2233 3994; x_wconf 83' lang='lat' dir='ltr'><strong>debunt</strong></span> <span class='ocrx_word' id='word_1_408' title='bbox 2260 3942 2312 3995; x_wconf 90' lang='lat' dir='ltr'><strong>in</strong></span> <span class='ocrx_word' id='word_1_409' title='bbox 2339 3941 2519 3995; x_wconf 85' lang='lat' dir='ltr'><strong>omnia</strong></span> <span class='ocrx_word' id='word_1_410' title='bbox 2548 3940 2772 3997; x_wconf 63' lang='lat' dir='ltr'><strong>Siccula.</strong></span> 
     </span>
    </p>
   </div>
   <div class='ocr_carea' id='block_1_99' title="bbox 2098 4033 3596 4104">
    <p class='ocr_par' dir='ltr' id='par_1_99' title="bbox 2098 4033 3596 4104">
     <span class='ocr_line' id='line_1_99' title="bbox 2098 4033 3596 4104; baseline 0.003 -18"><span class='ocrx_word' id='word_1_411' title='bbox 2098 4034 2311 4098; x_wconf 84' lang='lat' dir='ltr'><strong>Anima,</strong></span> <span class='ocrx_word' id='word_1_412' title='bbox 2351 4045 2538 4104; x_wconf 85' lang='lat' dir='ltr'><strong>reputa</strong></span> <span class='ocrx_word' id='word_1_413' title='bbox 2563 4073 2577 4099; x_wconf 95' lang='lat'><strong>,</strong></span> <span class='ocrx_word' id='word_1_414' title='bbox 2609 4050 2716 4104; x_wconf 92' lang='lat' dir='ltr'><strong>quo</strong></span> <span class='ocrx_word' id='word_1_415' title='bbox 2749 4044 2906 4103; x_wconf 82' lang='lat' dir='ltr'><strong>pacto</strong></span> <span class='ocrx_word' id='word_1_416' title='bbox 2938 4035 3005 4090; x_wconf 90' lang='lat' dir='ltr'><strong>ah</strong></span> <span class='ocrx_word' id='word_1_417' title='bbox 3041 4033 3226 4104; x_wconf 79' lang='lat' dir='ltr'><strong>ignitis</strong></span> <span class='ocrx_word' id='word_1_418' title='bbox 3255 4035 3596 4090; x_wconf 62' lang='lat' dir='ltr'><strong>daemonibus</strong></span> 
     </span>
    </p>
   </div>
   <div class='ocr_carea' id='block_1_100' title="bbox 2020 4125 3596 4198">
    <p class='ocr_par' dir='ltr' id='par_1_100' title="bbox 2020 4125 3596 4198">
     <span class='ocr_line' id='line_1_100' title="bbox 2020 4125 3596 4198; baseline 0.001 -20"><span class='ocrx_word' id='word_1_419' title='bbox 2020 4125 2288 4181; x_wconf 80' lang='lat' dir='ltr'><strong>violenter</strong></span> <span class='ocrx_word' id='word_1_420' title='bbox 2336 4126 2605 4194; x_wconf 83' lang='lat' dir='ltr'><strong>distracti,</strong></span> <span class='ocrx_word' id='word_1_421' title='bbox 2664 4129 2718 4182; x_wconf 92' lang='lat' dir='ltr'><strong>in</strong></span> <span class='ocrx_word' id='word_1_422' title='bbox 2772 4129 3040 4198; x_wconf 85' lang='lat' dir='ltr'><strong>supplicia</strong></span> <span class='ocrx_word' id='word_1_423' title='bbox 3071 4127 3496 4192; x_wconf 87' lang='lat' dir='ltr'><strong>contrudenlur,</strong></span> <span class='ocrx_word' id='word_1_424' title='bbox 3541 4137 3596 4183; x_wconf 81' lang='lat' dir='ltr'><strong>et</strong></span> 
     </span>
    </p>
   </div>
   <div class='ocr_carea' id='block_1_101' title="bbox 1947 4204 3600 4288">
    <p class='ocr_par' dir='ltr' id='par_1_101' title="bbox 1947 4204 3600 4288">
     <span class='ocr_line' id='line_1_101' title="bbox 1947 4204 3600 4288; baseline -0.002 -18"><span class='ocrx_word' id='word_1_425' title='bbox 1947 4204 2313 4286; x_wconf 86' lang='lat' dir='ltr'><strong>Dantequam</strong></span> <span class='ocrx_word' id='word_1_426' title='bbox 2387 4216 2733 4287; x_wconf 80' lang='lat' dir='ltr'><strong>expcriaris,</strong></span> <span class='ocrx_word' id='word_1_427' title='bbox 2823 4217 2976 4271; x_wconf 89' lang='lat' dir='ltr'><strong>mitte</strong></span> <span class='ocrx_word' id='word_1_428' title='bbox 3035 4216 3268 4288; x_wconf 79' lang='lat' dir='ltr'><strong>gemitus</strong></span> <span class='ocrx_word' id='word_1_429' title='bbox 3345 4231 3412 4268; x_wconf 80' lang='lat' dir='ltr'><strong>ex</strong></span> <span class='ocrx_word' id='word_1_430' title='bbox 3489 4215 3600 4268; x_wconf 89' lang='lat' dir='ltr'><strong>imo</strong></span> 
     </span>
    </p>
   </div>
   <div class='ocr_carea' id='block_1_102' title="bbox 2025 4310 2209 4363">
    <p class='ocr_par' dir='ltr' id='par_1_102' title="bbox 2025 4310 2209 4363">
     <span class='ocr_line' id='line_1_102' title="bbox 2025 4310 2209 4363; baseline -0.005 0"><span class='ocrx_word' id='word_1_431' title='bbox 2025 4310 2209 4363; x_wconf 85' lang='lat' dir='ltr'><strong>corde.</strong></span> 
     </span>
    </p>
   </div>
   <div class='ocr_carea' id='block_1_103' title="bbox 2097 4398 3593 4475">
    <p class='ocr_par' dir='ltr' id='par_1_103' title="bbox 2097 4398 3593 4475">
     <span class='ocr_line' id='line_1_103' title="bbox 2097 4398 3593 4475; baseline -0.003 -20"><span class='ocrx_word' id='word_1_432' title='bbox 2097 4399 2165 4455; x_wconf 91' lang='lat' dir='ltr'><strong>Ut</strong></span> <span class='ocrx_word' id='word_1_433' title='bbox 2194 4403 2481 4457; x_wconf 85' lang='lat' dir='ltr'><strong>thesauros</strong></span> <span class='ocrx_word' id='word_1_434' title='bbox 2513 4403 2696 4475; x_wconf 76' lang='lat' dir='ltr'><strong>abyssi</strong></span> <span class='ocrx_word' id='word_1_435' title='bbox 2733 4411 2786 4457; x_wconf 90' lang='lat' dir='ltr'><strong>et</strong></span> <span class='ocrx_word' id='word_1_436' title='bbox 2818 4409 3128 4456; x_wconf 82' lang='lat' dir='ltr'><strong>cataractas</strong></span> <span class='ocrx_word' id='word_1_437' title='bbox 3157 4399 3281 4454; x_wconf 67' lang='grc' dir='ltr'>(ιωιί</span> <span class='ocrx_word' id='word_1_438' title='bbox 3313 4398 3593 4468; x_wconf 85' lang='lat' dir='ltr'><strong>aperiens,</strong></span> 
     </span>
    </p>
   </div>
   <div class='ocr_carea' id='block_1_104' title="bbox 2028 4488 3599 4566">
    <p class='ocr_par' dir='ltr' id='par_1_104' title="bbox 2028 4488 3599 4566">
     <span class='ocr_line' id='line_1_104' title="bbox 2028 4488 3599 4566; baseline -0.004 -17"><span class='ocrx_word' id='word_1_439' title='bbox 2028 4493 2298 4559; x_wconf 74' lang='lat' dir='ltr'><strong>Salvator,</strong></span> <span class='ocrx_word' id='word_1_440' title='bbox 2352 4505 2550 4551; x_wconf 82' lang='lat' dir='ltr'><strong>terram</strong></span> <span class='ocrx_word' id='word_1_441' title='bbox 2589 4510 2728 4566; x_wconf 88' lang='lat' dir='ltr'><strong>aqua</strong></span> <span class='ocrx_word' id='word_1_442' title='bbox 2784 4499 2837 4548; x_wconf 90' lang='lat' dir='ltr'><strong>in</strong></span> <span class='ocrx_word' id='word_1_443' title='bbox 2906 4492 3043 4547; x_wconf 80' lang='lat' dir='ltr'><strong>facie</strong></span> <span class='ocrx_word' id='word_1_444' title='bbox 3093 4491 3204 4546; x_wconf 78' lang='lat' dir='ltr'><strong>Noe</strong></span> <span class='ocrx_word' id='word_1_445' title='bbox 3244 4489 3474 4554; x_wconf 88' lang='lat' dir='ltr'><strong>diluisti,</strong></span> <span class='ocrx_word' id='word_1_446' title='bbox 3525 4488 3599 4542; x_wconf 89' lang='lat' dir='ltr'><strong>ita</strong></span> 
     </span>
    </p>
   </div>
   <div class='ocr_carea' id='block_1_105' title="bbox 2029 4586 3242 4658">
    <p class='ocr_par' dir='ltr' id='par_1_105' title="bbox 2029 4586 3242 4658">
     <span class='ocr_line' id='line_1_105' title="bbox 2029 4586 3242 4658; baseline -0.002 -16"><span class='ocrx_word' id='word_1_447' title='bbox 2029 4605 2173 4642; x_wconf 90' lang='lat' dir='ltr'><strong>nunc</strong></span> <span class='ocrx_word' id='word_1_448' title='bbox 2206 4589 2517 4658; x_wconf 88' lang='lat' dir='ltr'><strong>passionum</strong></span> <span class='ocrx_word' id='word_1_449' title='bbox 2547 4603 2793 4642; x_wconf 87' lang='lat' dir='ltr'><strong>mearum</strong></span> <span class='ocrx_word' id='word_1_450' title='bbox 2824 4601 3041 4641; x_wconf 67' lang='lat' dir='ltr'><strong>omnum</strong></span> <span class='ocrx_word' id='word_1_451' title='bbox 3074 4586 3242 4640; x_wconf 86' lang='lat' dir='ltr'><strong>dilue.</strong></span> 
     </span>
    </p>
   </div>
   <div class='ocr_carea' id='block_1_106' title="bbox 2099 4676 3598 4746">
    <p class='ocr_par' dir='ltr' id='par_1_106' title="bbox 2099 4676 3598 4746">
     <span class='ocr_line' id='line_1_106' title="bbox 2099 4676 3598 4746; baseline -0.003 -13"><span class='ocrx_word' id='word_1_452' title='bbox 2099 4678 2143 4733; x_wconf 92' lang='grc' dir='ltr'><strong>Ο</strong></span> <span class='ocrx_word' id='word_1_453' title='bbox 2172 4678 2392 4734; x_wconf 87' lang='lat' dir='ltr'><strong>Domine</strong></span> <span class='ocrx_word' id='word_1_454' title='bbox 2446 4679 2800 4742; x_wconf 73' lang='lat' dir='ltr'><strong>saeculorum,</strong></span> <span class='ocrx_word' id='word_1_455' title='bbox 2851 4677 3032 4742; x_wconf 83' lang='lat' dir='ltr'><strong>Pater,</strong></span> <span class='ocrx_word' id='word_1_456' title='bbox 3071 4676 3214 4743; x_wconf 86' lang='lat' dir='ltr'><strong>Fili,</strong></span> <span class='ocrx_word' id='word_1_457' title='bbox 3267 4684 3320 4731; x_wconf 88' lang='lat' dir='ltr'><strong>et</strong></span> <span class='ocrx_word' id='word_1_458' title='bbox 3357 4676 3598 4746; x_wconf 77' lang='lat' dir='ltr'><strong>Spiritus</strong></span> 
     </span>
    </p>
   </div>
   <div class='ocr_carea' id='block_1_107' title="bbox 2028 4768 3598 4834">
    <p class='ocr_par' dir='ltr' id='par_1_107' title="bbox 2028 4768 3598 4834">
     <span class='ocr_line' id='line_1_107' title="bbox 2028 4768 3598 4834; baseline -0.003 -9"><span class='ocrx_word' id='word_1_459' title='bbox 2028 4781 2233 4834; x_wconf 83' lang='lat' dir='ltr'><strong>sancte,</strong></span> <span class='ocrx_word' id='word_1_460' title='bbox 2291 4787 2394 4825; x_wconf 88' lang='lat' dir='ltr'><strong>una</strong></span> <span class='ocrx_word' id='word_1_461' title='bbox 2450 4770 2504 4825; x_wconf 89' lang='lat' dir='ltr'><strong>in</strong></span> <span class='ocrx_word' id='word_1_462' title='bbox 2554 4770 2732 4825; x_wconf 88' lang='lat' dir='ltr'><strong>tribus</strong></span> <span class='ocrx_word' id='word_1_463' title='bbox 2791 4770 3164 4826; x_wconf 89' lang='lat' dir='ltr'><strong>subsistentiis</strong></span> <span class='ocrx_word' id='word_1_464' title='bbox 3220 4768 3448 4824; x_wconf 78' lang='lat' dir='ltr'><strong>indivisa</strong></span> <span class='ocrx_word' id='word_1_465' title='bbox 3498 4781 3598 4821; x_wconf 86' lang='lat' dir='ltr'><strong>na-</strong></span> 
     </span>
    </p>
   </div>
   <div class='ocr_carea' id='block_1_108' title="bbox 2028 4861 3597 4936">
    <p class='ocr_par' dir='ltr' id='par_1_108' title="bbox 2028 4861 3597 4936">
     <span class='ocr_line' id='line_1_108' title="bbox 2028 4861 3597 4936; baseline 0 -18"><span class='ocrx_word' id='word_1_466' title='bbox 2028 4871 2172 4929; x_wconf 77' lang='lat' dir='ltr'><strong>tura,</strong></span> <span class='ocrx_word' id='word_1_467' title='bbox 2204 4863 2271 4918; x_wconf 89' lang='lat' dir='ltr'><strong>da</strong></span> <span class='ocrx_word' id='word_1_468' title='bbox 2303 4862 2430 4918; x_wconf 89' lang='lat' dir='ltr'><strong>mihi</strong></span> <span class='ocrx_word' id='word_1_469' title='bbox 2467 4871 2682 4935; x_wconf 88' lang='lat' dir='ltr'><strong>tempus</strong></span> <span class='ocrx_word' id='word_1_470' title='bbox 2714 4864 3068 4936; x_wconf 77' lang='lat' dir='ltr'><strong>pmnitentiae,</strong></span> <span class='ocrx_word' id='word_1_471' title='bbox 3104 4862 3171 4919; x_wconf 90' lang='lat' dir='ltr'><strong>ad</strong></span> <span class='ocrx_word' id='word_1_472' title='bbox 3210 4862 3478 4934; x_wconf 80' lang='lat' dir='ltr'><strong>expianda</strong></span> <span class='ocrx_word' id='word_1_473' title='bbox 3505 4861 3597 4918; x_wconf 85' lang='lat' dir='ltr'><strong>de-</strong></span> 
     </span>
    </p>
   </div>
   <div class='ocr_carea' id='block_1_109' title="bbox 2030 4957 2324 5012">
    <p class='ocr_par' dir='ltr' id='par_1_109' title="bbox 2030 4957 2324 5012">
     <span class='ocr_line' id='line_1_109' title="bbox 2030 4957 2324 5012; baseline 0 -1"><span class='ocrx_word' id='word_1_474' title='bbox 2030 4957 2154 5011; x_wconf 85' lang='lat' dir='ltr'><strong>licta</strong></span> <span class='ocrx_word' id='word_1_475' title='bbox 2184 4972 2324 5012; x_wconf 87' lang='lat' dir='ltr'><strong>mea.</strong></span> 
     </span>
    </p>
   </div>
   <div class='ocr_carea' id='block_1_110' title="bbox 2097 5049 3597 5119">
    <p class='ocr_par' dir='ltr' id='par_1_110' title="bbox 2097 5049 3597 5119">
     <span class='ocr_line' id='line_1_110' title="bbox 2097 5049 3597 5119; baseline -0.003 -12"><span class='ocrx_word' id='word_1_476' title='bbox 2097 5051 2142 5107; x_wconf 92' lang='grc' dir='ltr'><strong>Ο</strong></span> <span class='ocrx_word' id='word_1_477' title='bbox 2188 5052 2432 5116; x_wconf 87' lang='lat' dir='ltr'><strong>Domina,</strong></span> <span class='ocrx_word' id='word_1_478' title='bbox 2485 5050 2579 5108; x_wconf 91' lang='lat' dir='ltr'><strong>Dei</strong></span> <span class='ocrx_word' id='word_1_479' title='bbox 2634 5050 2825 5119; x_wconf 74' lang='lat' dir='ltr'><strong>Mater,</strong></span> <span class='ocrx_word' id='word_1_480' title='bbox 2881 5050 3103 5116; x_wconf 77' lang='lat' dir='ltr'><strong>festina,</strong></span> <span class='ocrx_word' id='word_1_481' title='bbox 3176 5049 3283 5105; x_wconf 88' lang='lat' dir='ltr'><strong>cito</strong></span> <span class='ocrx_word' id='word_1_482' title='bbox 3339 5062 3597 5103; x_wconf 75' lang='lat' dir='ltr'><strong>succurre</strong></span> 
     </span>
    </p>
   </div>
   <div class='ocr_carea' id='block_1_111' title="bbox 2031 5140 3597 5212">
    <p class='ocr_par' dir='ltr' id='par_1_111' title="bbox 2031 5140 3597 5212">
     <span class='ocr_line' id='line_1_111' title="bbox 2031 5140 3597 5212; baseline -0.001 -15"><span class='ocrx_word' id='word_1_483' title='bbox 2031 5144 2161 5198; x_wconf 89' lang='lat' dir='ltr'><strong>mihi</strong></span> <span class='ocrx_word' id='word_1_484' title='bbox 2195 5158 2208 5195; x_wconf 88' lang='lat'><strong>:</strong></span> <span class='ocrx_word' id='word_1_485' title='bbox 2240 5144 2447 5199; x_wconf 88' lang='lat' dir='ltr'><strong>securis</strong></span> <span class='ocrx_word' id='word_1_486' title='bbox 2481 5144 2626 5200; x_wconf 86' lang='lat' dir='ltr'><strong>enim</strong></span> <span class='ocrx_word' id='word_1_487' title='bbox 2669 5145 2816 5199; x_wconf 92' lang='lat' dir='ltr'><strong>acies</strong></span> <span class='ocrx_word' id='word_1_488' title='bbox 2877 5153 3047 5200; x_wconf 88' lang='lat' dir='ltr'><strong>terret</strong></span> <span class='ocrx_word' id='word_1_489' title='bbox 3074 5159 3179 5207; x_wconf 89' lang='lat' dir='ltr'><strong>me,</strong></span> <span class='ocrx_word' id='word_1_490' title='bbox 3211 5149 3394 5212; x_wconf 87' lang='lat' dir='ltr'><strong>utpote</strong></span> <span class='ocrx_word' id='word_1_491' title='bbox 3424 5140 3597 5196; x_wconf 80' lang='lat' dir='ltr'><strong>infru-</strong></span> 
     </span>
    </p>
   </div>
   <div class='ocr_carea' id='block_1_112' title="bbox 2030 5233 3590 5299">
    <p class='ocr_par' dir='ltr' id='par_1_112' title="bbox 2030 5233 3590 5299">
     <span class='ocr_line' id='line_1_112' title="bbox 2030 5233 3590 5299; baseline -0.001 -11"><span class='ocrx_word' id='word_1_492' title='bbox 2030 5243 2302 5299; x_wconf 85' lang='lat' dir='ltr'><strong>ctuosum,</strong></span> <span class='ocrx_word' id='word_1_493' title='bbox 2353 5244 2405 5290; x_wconf 88' lang='lat' dir='ltr'><strong>et</strong></span> <span class='ocrx_word' id='word_1_494' title='bbox 2439 5234 2542 5290; x_wconf 75' lang='lat' dir='ltr'><strong>falx</strong></span> <span class='ocrx_word' id='word_1_495' title='bbox 2593 5236 2930 5291; x_wconf 84' lang='lat' dir='ltr'><strong>transeundo</strong></span> <span class='ocrx_word' id='word_1_496' title='bbox 2959 5244 3018 5290; x_wconf 88' lang='lat' dir='ltr'><strong>ut</strong></span> <span class='ocrx_word' id='word_1_497' title='bbox 3057 5234 3408 5290; x_wconf 84' lang='lat' dir='ltr'><strong>immaturum</strong></span> <span class='ocrx_word' id='word_1_498' title='bbox 3460 5233 3590 5287; x_wconf 79' lang='lat' dir='ltr'><strong>exti-</strong></span> 
     </span>
    </p>
   </div>
   <div class='ocr_carea' id='block_1_113' title="bbox 2031 5325 3600 5398">
    <p class='ocr_par' dir='ltr' id='par_1_113' title="bbox 2031 5325 3600 5398">
     <span class='ocr_line' id='line_1_113' title="bbox 2031 5325 3600 5398; baseline -0.001 -18"><span class='ocrx_word' id='word_1_499' title='bbox 2031 5327 2572 5392; x_wconf 79' lang='lat' dir='ltr'><strong>mescit;\&#39;eutilator</strong></span> <span class='ocrx_word' id='word_1_500' title='bbox 2621 5336 2802 5385; x_wconf 88' lang='lat' dir='ltr'><strong>autem</strong></span> <span class='ocrx_word' id='word_1_501' title='bbox 2855 5327 3014 5395; x_wconf 86' lang='lat' dir='ltr'><strong>mihi,</strong></span> <span class='ocrx_word' id='word_1_502' title='bbox 3061 5335 3118 5383; x_wconf 87' lang='lat' dir='ltr'><strong>ut</strong></span> <span class='ocrx_word' id='word_1_503' title='bbox 3174 5325 3364 5398; x_wconf 66' lang='lat' dir='ltr'><strong>parcae,</strong></span> <span class='ocrx_word' id='word_1_504' title='bbox 3422 5325 3600 5396; x_wconf 75' lang='lat' dir='ltr'><strong>ignem</strong></span> 
     </span>
    </p>
   </div>
   <div class='ocr_carea' id='block_1_114' title="bbox 2037 5419 2297 5474">
    <p class='ocr_par' dir='ltr' id='par_1_114' title="bbox 2037 5419 2297 5474">
     <span class='ocr_line' id='line_1_114' title="bbox 2037 5419 2297 5474; baseline 0.004 -1"><span class='ocrx_word' id='word_1_505' title='bbox 2037 5419 2297 5474; x_wconf 90' lang='lat' dir='ltr'><strong>minatur.</strong></span> 
     </span>
    </p>
   </div>
  </div>
