4058 6294
571 287 679 388 ὲιδ
1811 327 2086 388 LEONIS
2117 328 2571 390 rmmsorm

579 479 880 493 *νυ-...σ-

3690 331 3791 397 316

762 561 1399 778 LEONIS
1473 657 2730 776 IMPERATORIS
2804 653 3599 778 AUGUSTI

1775 887 2190 934 COGNOMENTO
2250 887 2619 933 PHILOSOPHI

1465 1043 1568 1119 Ai)
1595 1058 1928 1120 OMARUM
1986 1059 2548 1121 SARACENORUM
2626 1058 2892 1131 REGEM

1155 1227 1236 1284 De.
1315 1224 1462 1303 ﬁdei
1540 1223 1916 1288 Christiana:
1996 1224 2257 1285 veritate
2323 1233 2381 1287 et
2440 1227 2756 1309 mysteriis
2807 1235 2864 1288 et
2921 1227 2993 1289 dc
3032 1223 3221 1288 variis

1466 1351 1923 1412 Saracenorum
1990 1351 2322 1417 haresibus
2382 1359 2441 1413 et
2492 1350 2889 1432 blasphemiis

1879 1533 2500 1628 EPISTOLA.

560 1726 942 1792 (Symphoriauo
972 1727 1277 1792 Cliamperio,
1313 1728 1650 1793 Lugdunensi,
1677 1729 1954 1791 interprete
1988 1729 2212 1792 Lugduni
2247 1729 2429 1792 prodiit
2450 1742 2579 1779 anno
2612 1731 2726 1782 1501
2753 1744 2768 1792 ;
2800 1745 2969 1782 recusa
2993 1732 3176 1782 deinde
3215 1732 3263 1781 in
3319 1727 3544 1780 Bibliollt.
3591 1729 3796 1778 Patrum

1785 1817 2012 1875 maxime,
2048 1822 2161 1865 tom.
2198 1814 2343 1875 XVII,
2367 1828 2414 1877 p.
2450 1815 2554 1878 45.)

624 2110 808 2164 Gloria
852 2109 983 2177 Deo,
1032 2119 1088 2166 et
1128 2111 1408 2182 multiplex
1457 2114 1753 2184 gratiarum
1792 2116 1933 2171 actio
1962 2132 2128 2172 exsu-
2159 2132 2198 2186 Α
2231 2117 2328 2183 ιὶο,
2386 2123 2733 2187 perscrutare
2783 2119 2939 2167 vetus
3001 2119 3388 2169 testamertum
3434 2110 3580 2182 quod
3645 2106 3794 2164 dedit

554 2217 752 2269 parans
793 2202 966 2258 cmlos
1025 2209 1081 2256 et
1141 2205 1464 2271 perveniens
1517 2204 1581 2259 ad
1635 2220 1696 2258 ea
1757 2221 1877 2274 quae
1929 2207 2123 2276 placita

552 2303 684 2348 sunt
719 2293 819 2360 illi,
852 2301 906 2349 et
937 2302 1236 2365 penetrans
1280 2293 1463 2349 abdita
1506 2296 1698 2365 ipsius,
1725 2299 1881 2366 cujus
1904 2307 1986 2353 est
2031 2299 2126 2353 bo-

553 2389 698 2443 nitas
734 2394 788 2441 et
817 2386 1100 2443 miseratio
1128 2401 1292 2456 super
1321 2402 1512 2444 servos
1543 2404 1696 2455 suos,
1728 2391 1820 2461 qui
1844 2400 1927 2445 est
1958 2407 2121 2456 unus,

549 2485 736 2530 etnon
777 2484 862 2532 est
885 2476 1029 2530 alius
1056 2483 1254 2547 praeter
1289 2491 1431 2533 sum.
1463 2474 1634 2546 Ipsius
1668 2487 1752 2534 est
1786 2479 2036 2544 altitudo,
2070 2487 2125 2534 et

555 2567 900 2640 magnitudo,
964 2574 1019 2624 et
1054 2583 1307 2639 regnum,
1355 2577 1409 2624 et
1466 2581 1726 2640 petestas,
1786 2573 1902 2643 ipse
1941 2574 2125 2628 omnia

551 2663 979 2734 circumquaque
1035 2663 1424 2734 complectens.
1483 2663 1771 2722 Credimus
1835 2667 1888 2721 in
1957 2684 2124 2722 unum

556 2753 744 2819 Deum,
796 2755 886 2807 cui
919 2753 1117 2809 similis
1169 2769 1277 2808 non
1315 2764 1420 2822 est,
1481 2771 1580 2811 nec
1626 2757 1762 2812 alius
1799 2766 1884 2812 est
1932 2747 2126 2828 praiter

551 2859 699 2898 eum.
764 2845 838 2899 De
877 2853 1075 2900 cartero
1124 2848 1325 2901 notasti
1387 2846 1517 2902 mihi
1572 2862 2010 2905 commemorans
2059 2851 2127 2905 de

555 2937 778 2992 Christo
831 2936 970 2992 Filio
1015 2936 1218 3004 Mariae,
1248 2955 1418 3010 quare
1456 2941 1748 2998 adoremus
1793 2958 1916 2999 eum
1950 2959 1964 2995 :
1999 2957 2123 2997 cum

554 3030 670 3096 ipse
712 3028 781 3083 de
843 3029 1140 3100 semetipso
1194 3032 1566 3087 testimonium
1622 3033 1900 3103 perhibent
1937 3032 2126 3090 dicens

555 3121 702 3190 quod
737 3125 940 3177 missus
971 3122 1042 3178 sit
1072 3137 1100 3176 a
1137 3123 1260 3188 Deo,
1285 3132 1339 3178 et
1364 3125 1456 3194 qui
1489 3125 1774 3184 confessus
1801 3126 2123 3189 fueriteum,

558 3214 912 3270 conﬁtebitur
939 3230 1122 3270 coram
1156 3231 1222 3271 eo
1273 3219 1366 3287 qui
1403 3218 1552 3271 misit
1585 3218 1736 3271 ἱΙΙυιιι
1767 3235 1781 3273 :
1822 3227 1878 3272 et
1906 3219 2126 3284 iterum,

556 3319 676 3357 cum
739 3304 1066 3359 ascenderet
1113 3304 1181 3357 ad
1227 3305 1422 3369 caelos,
1454 3304 1594 3359 dixit
1645 3304 1929 3377 discipulis
1961 3309 2124 3363 suis:

548 3395 785 3452 Asceudo
837 3396 907 3449 ad
949 3392 1255 3450 Creatorem
1286 3414 1477 3463 meum,
1521 3407 1569 3452 et
1610 3399 1680 3452 ad
1714 3397 2016 3455 Creatorem
2053 3402 2126 3473 (ι)

2227 2208 2367 2264 Deus
2427 2207 2552 2262 till-is
2580 2205 2767 2267 Israel,
2803 2203 2968 2275 Moysi
3019 2210 3074 2258 et
3103 2201 3287 2270 David,
3337 2203 3618 2273 prophetis
3648 2202 3786 2255 suis.

2225 2302 2291 2357 Et
2323 2301 2516 2356 iterum
2548 2306 2793 2354 scrutare
2827 2311 3019 2351 novam
3072 2296 3264 2367 legero,
3288 2295 3434 2367 quod
3499 2303 3580 2349 est
3612 2291 3761 2348 Evan

2225 2391 2446 2463 geliurl,
2479 2390 2624 2464 quod
2651 2389 2838 2443 datum
2857 2397 2941 2444 est
2967 2387 3128 2444 nobis
3157 2386 3225 2442 ab
3254 2385 3518 2457 apostolis
3544 2383 3785 2449 Christi;

2223 2492 2277 2541 et
2302 2493 2430 2539 tunc
2455 2482 2711 2550 reperies.
2749 2481 2816 2537 de
2846 2481 3064 2536 Christo
3093 2479 3379 2534 veritatem
3408 2484 3462 2532 et
3503 2476 3645 2530 viam
3701 2489 3791 2529 re-

2224 2579 2368 2628 ctam
2407 2585 2472 2627 eo
2508 2587 2678 2641 usque
2706 2578 2766 2624 ut
2796 2585 2902 2624 non
2933 2571 3005 2625 sit
3044 2569 3099 2624 in
3133 2578 3184 2624 te
3217 2569 3324 2624 ulla
3355 2566 3632 2629 titubatio,
3662 2565 3793 2619 dum

2225 2664 2429 2721 videris
2483 2663 2820 2734 Scripturam
2855 2662 3224 2719 testimonium
3260 2660 3658 2731 perhibentem,
3693 2659 3798 2714 sibi

2227 2756 2459 2811 invicem
2520 2754 2946 2809 concordantem
3005 2754 3060 2806 in
3119 2751 3361 2814 Christo,
3415 2747 3564 2821 quod
3617 2757 3702 2804 est
3742 2749 3798 2802 in

2227 2862 2369 2904 novo
2417 2856 2471 2902 et
2521 2846 2690 2901 veteri
2735 2851 3083 2908 testamento,
3120 2853 3173 2898 et
3216 2850 3348 2896 tunc
3377 2855 3500 2897 rere
3527 2840 3800 2909 intelliges

2225 2937 2294 2993 de
2347 2935 2588 2992 Christo.
2625 2934 2897 2989 Scientem
2941 2943 2991 2989 te
3024 2932 3306 2988 reddimus
3362 2931 3430 2987 de
3471 2929 3574 2986 fide
3606 2938 3799 2984 nostra

2225 3028 2498 3102 quomodo
2523 3029 2811 3082 adoremus
2831 3019 2976 3092 eum,
3007 3035 3060 3082 et
3083 3041 3204 3094 qua
3235 3025 3304 3081 sit
3332 3022 3572 3080 eruditio
3601 3022 3657 3078 in
3683 3038 3796 3092 qua

2225 3137 2438 3189 sumus,
2472 3120 2648 3175 donec
2679 3118 2976 3189 intelligas,
3001 3118 3044 3174 si
3065 3127 3243 3173 tamen
3271 3116 3527 3187 placitum
3553 3123 3640 3170 est
3666 3113 3799 3178 Deo,

2225 3217 2416 3270 dantes
2459 3213 2554 3267 tibi
2587 3209 2960 3266 testimonium
3016 3209 3087 3264 de
3141 3223 3282 3264 novo
3331 3216 3385 3262 et
3418 3207 3583 3262 veteri
3617 3215 3797 3260 testa-

2229 3313 2430 3371 mento,
2486 3304 2611 3377 quia
2665 3301 2811 3374 quod
2837 3301 3074 3357 dicimus
3103 3301 3171 3357 de
3201 3300 3444 3365 Christo,
3481 3313 3673 3353 verum
3711 3298 3799 3352 di-

2229 3399 2405 3454 cimus
2439 3417 2451 3452 :
2505 3396 2810 3453 secundum
2865 3395 3016 3468 quod
3054 3395 3238 3451 notavi
3273 3392 3390 3460 tibi,
3421 3392 3698 3448 trutinare
3745 3401 3801 3447 ct

547 3497 795 3551 nstrum,
826 3485 895 3538 ad
929 3484 1094 3558 Deum
1147 3503 1316 3539 meum
1346 3498 1394 3542 et
1425 3487 1492 3540 ad
1544 3487 1708 3543 Deum
1734 3499 1960 3544 vestrum
1990 3493 2028 3545 ι.
2065 3491 2127 3546 Et
2162 3492 2199 3546 Β
2229 3498 2478 3548 scrutare
2503 3489 2678 3544 donec
2703 3488 2866 3545 scias.
2911 3507 2914 3510 ’

549 3578 745 3633 iterum
793 3578 952 3643 dicis,
997 3577 1147 3648 quia,
1192 3593 1316 3632 cum
1369 3580 1454 3632 lcx
1488 3579 1657 3650 Moysi
1700 3581 1752 3635 in
1786 3581 1909 3651 igne
1933 3583 2123 3638 fuisset

545 3677 785 3722 cremata
808 3677 862 3722 et
893 3676 1215 3722 renovasset
1233 3682 1351 3723 eam
1387 3667 1591 3724 Esdras
1623 3671 1901 3742 propheta
1935 3682 1992 3726 ut
2021 3689 2122 3742 po-

552 3757 657 3810 tuit
691 3757 739 3812 ei
777 3757 1037 3813 memoria
1073 3757 1256 3817 cordis
1280 3760 1363 3815 sui
1395 3761 1693 3827 recordari,
1726 3769 1780 3819 et
1847 3779 1953 3818 non
2004 3765 2124 3821 sine

550 3849 853 3912 mendacio,
888 3859 1071 3906 etnon
1114 3849 1217 3906 fuit
1257 3845 1457 3906 ibidem
1487 3855 1812 3910 recordatus
1837 3855 1906 3911 de
1935 3872 2123 3912 resor-

548 3942 809 4007 r'ectione,
859 3957 1030 4013 neque
1057 3942 1128 3997 de
1156 3944 1435 4013 paradiso,
1465 3961 1652 4017 neque
1689 3936 1760 4003 de
1784 3949 2018 4004 interno.
2054 3951 2121 4006 Et

552 4036 757 4088 iterant
805 4035 970 4102 dicis,
1016 4036 1160 4106 quod
1200 4036 1327 4091 talis
1364 4037 1436 4092 sit
1479 4037 1734 4094 Christus
1765 4049 1889 4097 ante
1924 4042 2116 4108 Deum,

551 4123 734 4194 qualis
786 4134 840 4180 et
868 4124 1062 4189 Adam,
1113 4133 1167 4180 et
1199 4127 1326 4196 quia
1357 4127 1592 4182 comedit
1633 4127 1887 4187 Christus
1907 4139 1961 4186 et
1992 4132 2118 4186 dor-

547 4217 720 4281 mivit,
762 4218 907 4272 sicut
943 4226 997 4272 et
1047 4217 1220 4274 Adam
1252 4228 1344 4274 :et
1375 4229 1556 4276 tamen
1593 4237 1702 4277 non
1737 4232 1787 4279 te
1811 4225 2119 4280 commovit

549 4311 618 4362 ad
665 4309 767 4364 hoc
796 4309 903 4364 nisi
941 4312 1189 4381 paucitas
1235 4312 1608 4382 intelligentiae
1643 4323 1747 4370 tuas
1775 4316 1841 4371 de
1875 4318 2116 4374 Christo.

546 4399 610 4453 lit
641 4399 837 4454 iterum
884 4401 1137 4471 cognovi,
1187 4401 1313 4470 quia
1361 4403 1499 4458 dicis
1547 4405 1694 4473 quod
1745 4403 1914 4460 Maria
1963 4422 2120 4463 soror

544 4493 729 4547 Aaron
773 4501 828 4547 et
856 4493 1027 4565 Moysi
1079 4495 1331 4565 genuerit
1361 4494 1636 4551 Christum
1687 4513 1701 4550 :
1754 4507 1809 4553 et
1843 4501 2117 4570 quomodo

545 4586 722 4654 potuit
778 4601 920 4650 esse,
957 4602 1080 4640 cum
1114 4597 1325 4642 mortua
1363 4586 1525 4643 fuerit
1565 4599 1852 4660 postquam
1911 4594 2115 4663 egressi

542 4691 671 4733 sunt
693 4680 766 4734 de
798 4678 1030 4750 [Egypto
1072 4679 1124 4734 iu
1152 4681 1389 4746 deserto,
1425 4691 1478 4736 et
1504 4697 1664 4738 nemo
1694 4699 1760 4738 ex
1794 4684 1874 4740 eis
1911 4685 2117 4756 ingres-

547 4789 643 4827 sus
698 4773 770 4828 sit
812 4782 1015 4827 terram
1076 4774 1545 4844 repromissionis,
1613 4777 1772 4847 longe
1824 4785 2111 4848 antequam

2295 3581 2577 3652 Cognosce
2637 3579 2784 3650 quod
2849 3585 3135 3648 postquam
3207 3575 3261 3631 in
3328 3575 3599 3646 principio
3662 3573 3791 3629 fecit

2228 3670 2370 3727 Deus
2425 3671 2622 3726 ccelum
2679 3677 2733 3724 et
2766 3677 2968 3725 terram
3023 3667 3202 3740 (cujus
3227 3682 3426 3721 nomen
3457 3675 3538 3722 est
3572 3665 3800 3721 benedi-

2221 3764 2391 3834 ctum)
2425 3773 2479 3819 et
2518 3777 2772 3832 magnum
2807 3761 2988 3816 lumen
3035 3760 3160 3815 cceli
3209 3767 3266 3815 et
3303 3767 3481 3824 terrm,
3507 3758 3649 3829 quod
3683 3771 3794 3810 non

2222 3858 2448 3928 capiunt
2479 3863 2696 3919 cuncta,
2743 3867 2927 3923 neque
2970 3849 3284 3904 mortalium
3329 3849 3552 3913 attingit
3589 3847 3794 3902 intelli-

2223 3952 2423 4024 gentia,
2450 3949 2600 4004 visus
2634 3955 2718 4003 est
2751 3945 2921 4017 Moysi
2954 3945 3008 3999 in
3040 3943 3163 4015 igne
3191 3943 3247 3996 in
3285 3931 3472 3996 monte
3503 3941 3634 3994 Sina
3656 3940 3678 3969 θ
3703 3939 3806 4004 ,ἰιι

2224 4045 2386 4100 verbo
2415 4041 2666 4097 lutninis:
2698 4049 2752 4094 et
2777 4037 2932 4101 dixit,
2953 4035 3031 4091 Ne
3058 4035 3273 4098 timeas,
3296 4032 3531 4105 Moyses,
3555 4047 3655 4101 ego
3677 4046 3796 4087 sum

2225 4135 2483 4190 Dominus
2507 4134 2645 4190 Deus
2675 4141 2826 4197 tuus,
2844 4139 3061 4186 creator
3090 4137 3236 4190 tuus,
3262 4129 3446 4182 lumen
3476 4127 3539 4182 dc
3562 4126 3793 4189 lumine,

2221 4227 2457 4283 Verbum
2471 4227 2537 4282 de
2558 4225 2713 4280 Patre
2727 4239 2791 4279 ex
2809 4223 3009 4295 quibus
3027 4221 3266 4291 Spiritus
3283 4228 3508 4274 sanctus
3527 4217 3791 4288 procedit.

2221 4319 2286 4375 Et
2317 4319 2440 4376 ideo
2465 4319 2720 4384 dicimus,
2754 4316 2981 4371 Pateret
3003 4314 3173 4369 Filius
3199 4323 3250 4369 et
3284 4312 3524 4383 Spiritus
3546 4319 3793 4374 sanctus,

2223 4413 2401 4467 lumen
2423 4410 2489 4468 de
2520 4411 2743 4473 lumine,
2769 4408 2998 4464 verbum
3019 4406 3086 4461 de
3106 4404 3216 4460 Deo
3249 4405 3414 4474 :quia
3445 4417 3612 4459 unum
3644 4411 3796 4465 sunt,

2223 4521 2327 4561 non
2355 4512 2671 4575 separantes
2686 4517 2771 4568 ea,
2798 4501 2926 4572 quia
2955 4499 3198 4569 procedit
3217 4495 3453 4552 Verbum
3479 4497 3544 4550 de
3570 4493 3798 4557 lumine,

2219 4608 2273 4655 et
2292 4598 2530 4668 Spiritus
2559 4603 2784 4651 sanctus
2802 4594 2869 4648 de
2898 4593 3118 4655 lumine,
3148 4601 3200 4646 et
3221 4590 3348 4662 quia
3367 4602 3476 4644 non
3498 4593 3582 4643 est
3600 4587 3653 4640 in
3678 4586 3803 4640 loco

2222 4691 2450 4745 minimo
2505 4688 2787 4757 minimus,
2837 4693 2891 4741 et
2931 4685 2986 4740 in
3038 4684 3274 4737 Illuximo
3340 4678 3660 4750 multiplex,
3700 4676 3796 4732 sed

2223 4783 2425 4851 ubique
2476 4791 2620 4840 tctus
2661 4788 2764 4834 est.
2808 4777 3025 4832 Intuere
3061 4778 3228 4829 solem
3280 4773 3334 4826 in
3362 4785 3473 4843 quo
3496 4777 3628 4824 sunt
3656 4767 3798 4822 radii

546 4875 868 4921 nasceretur
920 4865 1091 4920 Maria
1114 4840 1285 4921 hlalcr
1311 4867 1516 4935 Christi
1550 4876 1604 4924 et
1637 4840 1791 4937 pater
1820 4869 1939 4939 ejus
1968 4840 2113 4924 'Joa-
2141 4840 2182 4896 C
2216 4882 2269 4929 et
2296 4840 2556 4943 splendor
2589 4889 2602 4927 :
2640 4869 2888 4940 nunquid
2917 4882 3025 4922 non
3052 4865 3228 4930 vides,
3261 4840 3394 4935 quia
3417 4875 3592 4934 usque
3612 4873 3798 4930 aequa-

541 4957 704 5012 ehim.
749 4956 882 5012 Nam
921 4956 1108 5024 Maria,
1161 4959 1267 5013 lilia
1305 4960 1507 5024 Aaron,
1551 4958 1750 5015 fuitde
1798 4963 1941 5016 tribu
1992 4963 2116 5018 Levi
2213 4968 2281 5023 lis
2331 4966 2466 5022 est?
2518 4965 2734 5033 Quanto
2809 4964 2984 5033 magis
3033 4959 3176 5016 Deus
3230 4959 3324 5029 qui
3357 4956 3485 5013 fecit
3538 4956 3708 5010 solem
3742 4960 3800 5005 et

473 5111 484 5118 ,
543 5051 638 5105 lilii
679 5048 871 5118 Iacob,
923 5051 1090 5105 hlaria
1141 5067 1271 5107 vero
1350 5050 1522 5106 Mater
1574 5053 1808 5115 Christi,
1855 5054 1962 5110 illia
2013 5053 2118 5110 fuit
2212 5057 2396 5112 omnia
2427 5072 2550 5128 quae
2577 5062 2707 5112 sunt
2737 5053 2876 5109 inl‘ra
2907 5053 3107 5108 ctelum
3134 5058 3191 5106 et
3219 5047 3454 5104 terram!
3481 5043 3583 5100 Per
3611 5045 3796 5098 llnnen

541 5140 786 5197 Joacltim
820 5143 886 5198 de
914 5158 1111 5214 genere
1136 5141 1326 5210 David,
1359 5142 1426 5199 de
1459 5145 1600 5197 tribu
1625 5143 1762 5198 Juda
1795 5144 1886 5199 lilii
1922 5144 2114 5203 Jacob.
2213 5157 2266 5204 et
2287 5147 2523 5204 Verbum
2585 5147 2728 5218 quod
2760 5155 2928 5200 estex
2968 5143 3174 5213 seipso,
3213 5141 3354 5194 facta
3397 5147 3523 5195 sunt
3579 5135 3788 5194 omnia,

549 5232 935 5290 Verumtamen
967 5235 1013 5290 si
1048 5235 1182 5290 velis
1217 5223 1361 5290 scire
1382 5235 1449 5290 de
1479 5235 1720 5302 Christo,
1754 5246 1812 5290 ut
1835 5237 2111 5306 pertineat
2217 5248 2271 5295 et
2301 5240 2466 5294 voluit
2504 5241 2678 5311 ipsum
2733 5236 2968 5293 Verbum
3011 5235 3194 5292 dicere
3229 5229 3425 5288 Filium
3454 5245 3643 5287 suum.
3679 5225 3786 5281 Sed

541 5327 610 5383 ad
634 5335 688 5384 te
715 5329 904 5384 notitia
933 5330 1107 5399 ipsius
1136 5329 1310 5384 donec
1339 5345 1446 5386 non
1478 5331 1550 5385 sit
1587 5333 1639 5385 in
1680 5338 1732 5386 te
1764 5333 1874 5386 ulla
1903 5332 2107 5387 tituba-
2216 5349 2285 5389 ne
2329 5347 2546 5403 paveas,
2583 5331 2818 5388 Verbum
2868 5329 2958 5386 Dei
3005 5327 3187 5383 dicere
3220 5321 3415 5398 Filium
3450 5323 3540 5379 Dei
3580 5336 3594 5373 :
3661 5317 3793 5389 quia

616 5514 630 5543 '
662 5510 820 5567 .lnan.
854 5525 946 5576 xx,
977 5511 1060 5589 l7.
1138 5514 1156 5543 ’
1189 5509 1355 5566 Exod.
1389 5528 1500 5565 xix.

2068 5665 2298 5722 NUTJE.

615 5785 690 5857 (ι)
744 5782 842 5841 llic
894 5787 1122 5842 obServa
1183 5785 1593 5842 tiahumetanos
1653 5787 1789 5844 male
1840 5787 2015 5858 legere
2055 5785 2380 5851 Creatorem,
2412 5801 2531 5855 pro,
2569 5783 2801 5837 Patrem.
