4058 6294
346 5448 353 5453 ’
438 5447 479 5476 ⁸⁸
510 5444 615 5499 Isa.
638 5459 713 5503 ιι.
737 5442 792 5495 6.
846 5437 933 5491 ⁸⁸1
968 5440 1078 5508 Reg

414 421 514 487 317

1606 406 1963 471 EPISTOLA
2002 405 2097 465 AD
2134 402 2477 475 OMARUM.

3544 391 3655 457 318

417 533 558 586 Deus
592 528 753 584 Pater
793 537 875 585 est
906 525 1069 583 Verbi
1101 524 1206 591 sui,
1235 535 1289 581 et
1326 522 1417 579 ubi
1466 531 1550 578 est
1588 519 1823 576 Verbum
1878 516 1989 583 Dei,
2025 522 2065 579 Λ
2098 514 2293 591 veniet,
2317 521 2365 566 et
2402 525 2505 563 non
2536 505 2768 561 tardabit
2795 506 2869 558 η.
2900 502 3066 561 Isaias
3101 520 3115 558 :
3149 501 3279 557 Post
3320 511 3372 591 te
3402 501 3649 556 ambula-

413 621 485 674 ihi
521 627 607 673 est
645 620 807 683 Deus,
833 617 961 687 quia
989 615 1227 671 Verbum
1262 612 1446 669 Deiex
1482 612 1589 666 Deo
1619 618 1724 674 est,
1757 617 1811 663 et
1850 606 1976 677 Spi-

414 711 552 764 ritus
611 718 837 764 sanctus
887 723 953 762 ex
986 706 1095 762 Deo
1152 714 1279 761 est:
1334 712 1389 759 et
1418 718 1537 773 qua:
1566 702 1681 756 vult
1713 698 1977 761 Verbum,

304 812 314 821 ·
413 811 696 871 operatur,
726 809 781 855 et
828 813 950 868 quae
982 796 1093 851 vult
1127 794 1366 865 Spiritus
1420 801 1665 857 sanctus,
1696 798 1977 861 operatur,

414 902 467 945 et
500 907 621 961 qua:
652 891 768 945 vult
816 892 1003 954 Pater,
1043 894 1325 958 operatur,
1356 894 1411 940 et
1450 884 1566 939 haec
1595 882 1776 938 omnia
1837 895 1979 934 unus

420 983 564 1040 Deus
612 992 898 1054 operatur.
952 982 1071 1038 Non
1127 981 1421 1037 dividimus
1473 979 1614 1034 inter
1656 992 1772 1043 eos,
1806 990 1981 1046 neque

420 1080 603 1148 plures
658 1077 790 1132 deos
818 1076 1051 1131 dicimus
1078 1073 1164 1129 cui
1206 1088 1314 1128 non
1368 1079 1454 1128 est
1508 1063 1715 1127 similis
1736 1069 1789 1124 in
1817 1081 1980 1139 regno

419 1182 647 1221 manens
670 1166 723 1220 in
749 1173 1099 1236 perpetuum,
1132 1168 1359 1235 regnum
1388 1170 1657 1216 sanctum.
1686 1158 1845 1214 Pater
1872 1172 1978 1213 non

369 1329 374 1333 ε
418 1270 504 1317 est
537 1260 777 1331 genitus,
839 1256 1011 1313 Filius
1043 1264 1129 1311 est
1179 1254 1419 1326 genitus,
1481 1251 1721 1324 Spiritus
1757 1257 1981 1307 sanctus

421 1368 527 1407 non
556 1360 639 1408 est
662 1350 900 1421 genitus,
932 1361 1107 1419 neque
1137 1346 1432 1417 ingenitus.
1460 1342 1695 1400 Necesse
1746 1353 1829 1399 cst
1887 1356 1983 1395 au-

420 1454 527 1503 tem
560 1444 718 1501 nobis
753 1459 819 1499 ex
844 1442 1124 1514 prophetis
1155 1440 1402 1511 proferre
1424 1437 1819 1502 testimonium,
1839 1433 1983 1505 quod

422 1536 564 1593 Deus
598 1535 930 1592 benedictus
958 1532 1175 1588 vocavit
1218 1529 1496 1587 Christum
1535 1527 1794 1592 Verbum,
1826 1539 1983 1581 suum

420 1625 641 1690 Filium,
687 1634 739 1680 et
779 1640 876 1695 per
906 1621 1137 1680 Verbum
1175 1621 1319 1693 quod
1361 1619 1604 1691 procedit
1643 1634 1709 1673 ex
1759 1618 1982 1681 lumine,

418 1722 662 1778 condidit
710 1721 910 1775 cmlum
961 1726 1016 1773 et
1076 1729 1280 1773 terram
1341 1724 1395 1771 et
1441 1713 1625 1769 omnia
1664 1729 1786 1784 quae
1818 1713 1870 1766 in
1893 1714 1977 1768 eis

420 1824 572 1871 sunt.
628 1812 839 1884 Moyses
895 1810 1026 1865 dicit
1056 1810 1099 1875 ⁸,
1131 1808 1270 1863 Deus
1307 1799 1409 1878 per
1441 1805 1676 1861 Verbum
1713 1805 1840 1860 fecit
1869 1818 1985 1858 om-

2079 601 2225 662 bunt,
2248 590 2427 652 ivincti
2455 594 2671 648 manicis
2700 602 2930 665 pergent,
2968 602 3017 647 et
3047 602 3094 647 te
3133 590 3455 656 adorabunt,
3506 602 3649 662 teque

2078 689 2511 760 deprecabuntur,
2535 688 2658 758 quia
2682 695 2736 739 tu
2754 702 2808 740 es
2836 684 2975 740 Deus
3001 693 3053 740 et
3075 700 3178 738 non
3207 691 3284 739 est
3307 683 3444 738 alius
3464 692 3651 754 prwter

2080 793 2127 836 te
2158 782 2295 835 Deus
2356 779 2551 835 Israel.
2612 778 2863 833 Salvator
2904 776 3227 846 confundens
3249 775 3486 830 inimicos
3515 786 3652 842 tuos,

2082 870 2324 926 abierunt
2360 871 2415 924 in
2467 870 2826 939 confusionem
2850 867 3136 921 “.Jterum
3161 867 3329 922 David
3370 885 3383 921 :
3417 866 3557 922 Deus
3587 870 3651 921 de

2083 963 2214 1017 cwlo
2250 963 2515 1031 prospexit
2559 976 2714 1028 super
2737 961 2878 1029 ﬁlios
2902 959 3173 1013 hominum
3207 968 3266 1012 ut
3296 958 3468 1014 videat
3500 960 3548 1015 si
3577 970 3656 1015 est

2080 1056 2377 1127 intelligens
2407 1065 2499 1110 aut
2552 1056 2820 1125 requirens
2878 1052 3091 1117 Deum;
3139 1069 3315 1107 omnes
3346 1054 3649 1129 declinave-

2084 1162 2228 1217 runt,
2281 1152 2443 1207 simul
2479 1152 2689 1205 inutiles
2745 1149 2875 1219 facti
2918 1156 3066 1213 sunt,
3118 1164 3222 1203 non
3246 1157 3323 1204 est
3355 1132 3446 1220 qui
3479 1148 3649 1218 faciat

2086 1243 2297 1308 bonum,
2329 1258 2432 1295 non
2468 1250 2547 1296 est
2580 1256 2746 1310 usque
2773 1238 2841 1292 ad
2882 1254 3045 1292 unum
3091 1239 3158 1293 “.
3191 1236 3256 1292 Et
3287 1239 3483 1293 iterum
3515 1258 3528 1293 :
3561 1238 3661 1293 Di-

2084 1337 2165 1391 scit
2198 1334 2453 1388 Dominus
2484 1333 2711 1386 Domino
2744 1346 2856 1387 meo
2885 1346 2905 1386 :
2941 1329 3124 1387 Sedea
3150 1329 3354 1385 dextris
3385 1332 3535 1398 meis,
3568 1332 3662 1385 do-

2087 1442 2177 1481 nec
2203 1442 2395 1495 ponam
2421 1424 2666 1478 inimicos
2685 1432 2801 1477 tuos
2834 1421 3125 1477 scabellum
3145 1420 3338 1490 pedum
3362 1431 3575 1477 tuorum
3592 1422 3658 1477 ".

2087 1518 2302 1591 Moyses
2353 1517 2493 1573 dixit
2552 1515 2620 1572 de
2684 1515 2937 1588 passione
3005 1512 3255 1569 Christi:
3296 1512 3546 1569 Videbitis
3583 1514 3661 1567 vi-

2090 1622 2197 1667 tam
2229 1620 2457 1665 vestram
2489 1607 2795 1678 pendentem
2834 1622 3014 1660 coram
3039 1603 3206 1659 oculis
3244 1603 3452 1667 vestris,
3473 1614 3522 1658 et
3549 1620 3656 1657 non

2089 1705 2313 1761 credetis
2339 1704 2405 1759 ³⁵.
2439 1703 2609 1759 David
2648 1720 2661 1756 :
2707 1698 2984 1757 Foderunt
3026 1715 3218 1761 manus
3250 1714 3393 1753 meas
3423 1707 3472 1753 et
3504 1699 3661 1767 pedes

2092 1815 2249 1862 meos,
2293 1786 2755 1851 dinumeravernnt
2800 1794 2978 1849 omnia
3042 1807 3165 1848 ossa
3192 1808 3330 1857 mea,
3374 1790 3662 1846 diviserunt

419 1905 534 1961 nia.
571 1868 740 1958 David
791 1902 847 1956 in
886 1898 1141 1965 Psalmis,
1182 1868 1347 1951 Verbo
1400 1892 1611 1947 Domini
1637 1890 1750 1946 cceli
1784 1888 1985 1960 ﬁrmati
2016 1868 2063 1927 Β
2092 1889 2191 1943 sibi
2236 1890 2541 1944 vestimenta
2579 1896 2787 1950 mea,et
2814 1901 2970 1956 super
3006 1894 3192 1940 vestem
3220 1900 3387 1938 meam
3410 1886 3664 1940 miserunt
3747 1898 3751 1903 '

418 1995 701 2061 sunt‘;et
747 1991 876 2047 alibi
913 2009 926 2045 :
966 1987 1034 2044 In
1093 1996 1370 2051 veternum,
1400 1980 1657 2047 Domine,
1716 1988 1985 2051 permanet

430 2089 652 2145 Verbum
680 2096 829 2141 tuum
854 2086 919 2149 ’ς
951 2083 1217 2139 etiterum
1246 2076 1433 2137 :Misit
1466 2074 1693 2134 Verbum
1714 2076 1754 2142 ⁸,
1786 2085 1839 2131 et
1855 2089 1986 2129 con-

420 2191 526 2236 tra.
584 2178 687 2235 Job
737 2176 871 2233 dicit
901 2177 969 2233 de
999 2175 1204 2246 Spiritu
1244 2180 1474 2229 sancto:
1508 2169 1739 2239 Spiritus
1769 2161 1986 2220 Domini

417 2273 544 2343 fecit
576 2272 726 2337 me';
765 2269 975 2340 Moyses
1005 2286 1019 2323 :
1052 2262 1284 2335 Spiritus
1306 2262 1521 2318 Domini
1554 2276 1709 2331 super
1724 2276 1889 2330 aquas
1916 2258 1987 2328 fe-

418 2362 696 2428 rebatur“;
717 2360 918 2417 Isaias:
941 2358 1170 2429 Spiritus
1195 2354 1405 2411 Domini
1424 2368 1581 2423 super
1602 2367 1701 2415 me,
1726 2360 1817 2420 per
1836 2364 1987 2420 quem

419 2454 761 2520 unxitme";
812 2452 977 2508 David
1023 2469 1038 2506 :
1077 2449 1271 2503 Emitte
1331 2440 1591 2516 Spiritum
1642 2452 1786 2496 tuum
1830 2439 1900 2503 ¹⁶,
1934 2446 1988 2493 et

419 2554 643 2612 contra;
680 2548 738 2601 et
788 2543 1007 2605 iterum,
1062 2539 1297 2610 Spiritus
1351 2545 1471 2590 tuus
1539 2534 1701 2587 bonus
1771 2530 1985 2585 deducet

422 2655 501 2692 me
533 2639 669 2703 “,et
701 2646 920 2700 contra;
951 2642 1005 2689 et
1030 2635 1249 2697 iterum,
1275 2626 1535 2699 Spiritum
1568 2637 1763 2680 rectum
1797 2624 1987 2682 innova

421 2734 475 2787 in
513 2730 799 2786 visceribus
830 2729 958 2783 meis
990 2728 1032 2758 "
1078 2733 1171 2781 :et
1206 2724 1425 2787 iterum,
1462 2719 1661 2789 Spiritu
1707 2713 1990 2785 principali

422 2824 684 2893 conﬁrma
731 2808 811 2875 me
845 2822 911 2875 ⁸³.
965 2818 1093 2873 Haec
1128 2825 1256 2873 sunt
1286 2814 1352 2871 de
1390 2812 1559 2869 veteri
1591 2810 1707 2881 lege
1738 2808 1990 2865 testimo-

426 2921 542 2984 nia,
602 2915 744 2988 quod
777 2913 1017 2971 Verbum
1071 2918 1127 2968 et
1160 2908 1400 2981 Spiritus
1458 2907 1549 2977 qui
1596 2910 1819 2960 suntex
1854 2898 1989 2966 Deo,

425 3029 638 3070 omnem
667 3019 979 3067 creaturam
1026 3005 1353 3062 creaverint.
1388 2999 1614 3071 Oportet
1646 3013 1745 3053 nos
1795 2995 1991 3050 iterum

422 3103 666 3176 proferre
718 3099 1118 3164 testimonium,
1175 3092 1319 3167 quod
1382 3091 1523 3148 Deus
1553 3087 1789 3144 Verbum
1832 3100 1991 3142 suum

2088 1994 2278 2040 sortem
2295 1986 2361 2038 ".
2391 1983 2592 2040 Isaias:
2630 1982 2802 2037 Homo
2827 1980 3153 2052 potestferre
3165 1980 3375 2052 plagam
3399 1982 3521 2050 quia
3547 1980 3668 2035 abs-

2087 2076 2326 2131 conditus
2351 2084 2426 2131 est
2458 2075 2629 2130 vultus
2676 2074 2811 2145 ejus,
2842 2074 2979 2128 unde
3027 2074 3504 2145 nec'reputabimus
3527 2089 3665 2129 eum.

2099 2167 2226 2223 Vere
2262 2168 2539 2239 languores
2571 2176 2799 2227 nostros,
2818 2168 2929 2235 ipse
2958 2164 3103 2232 tulit,
3141 2175 3189 2219 et
3219 2165 3427 2221 dolores
3456 2175 3665 2221 nostros

2086 2262 2195 2325 ipse
2220 2261 2447 2331 portavit
2482 2261 2529 2292 “
2558 2260 2655 2331 (2).
2699 2258 2822 2314 Haec
2864 2268 2991 2314 sunt
3021 2259 3335 2314 testimonia
3359 2258 3501 2329 quod
3527 2259 3667 2316 Deus

2087 2367 2151 2405 ex
2209 2349 2318 2407 Deo
2367 2359 2487 2406 est:
2516 2348 2788 2406 Joannes:
2818 2348 2882 2402 In
2909 2350 3167 2419 principio
3185 2357 3300 2405 erat
3342 2347 3583 2417 Verbum,
3613 2360 3664 2404 et

2106 2440 2321 2497 Verbum
2362 2450 2477 2497 erat
2529 2442 2669 2511 apud
2721 2440 2886 2497 Deum
2920 2457 2937 2496 :
2971 2454 3019 2497 et
3047 2441 3187 2496 Deus
3209 2452 3323 2497 erat
3357 2441 3581 2498 Verbum
3599 2444 3667 2497 ".

2090 2531 2309 2589 Gabriel
2353 2552 2367 2588 :
2403 2532 2633 2603 Spiritus
2658 2542 2874 2589 sanctus
2902 2533 3220 2601 superveniet
3250 2534 3304 2586 in
3347 2542 3415 2595 te,
3456 2540 3505 2587 et
3556 2533 3669 2589 vir-

2091 2637 2172 2683 tus
2218 2627 2478 2683 Altissinti
2527 2626 2857 2681 obumbrabit
2908 2626 3001 2681 tibi
3048 2627 3119 2683 “.
3157 2627 3361 2685 Paulus
3394 2646 3407 2681 :
3435 2625 3669 2697 Spiritus

2091 2729 2310 2774 sanctus
2375 2729 2647 2774 scrutatur
2683 2720 2882 2785 omnia,
2941 2729 2989 2775 et
3033 2720 3177 2774 not-it
3233 2720 3439 2775 occulta
3469 2719 3564 2776 Dei
3601 2722 3668 2775 ²⁹.

2091 2810 2329 2868 Joannes
2364 2812 2407 2844 ³ο
2440 2831 2455 2868 :
2482 2810 2608 2867 Non
2636 2813 2929 2881 accepimus
2961 2813 3208 2881 spiritum
3247 2813 3543 2881 servitutis,
3576 2793 3668 2868 sed

2093 2904 2339 2972 spiritum
2372 2902 2461 2971 qui
2488 2910 2564 2956 est
2591 2917 2655 2956 ea:
2690 2899 2797 2956 Deo
2833 2919 2852 2968 ;
2906 2901 3102 2957 iterum
3133 2919 3146 2957 :
3202 2901 3262 2957 Si
3291 2904 3407 2972 quis
3422 2902 3670 2972 spiritum

2095 2994 2295 3051 Christi
2322 3011 2427 3049 non
2460 2993 2633 3059 habet,
2668 2994 2753 3047 hic
2783 3010 2887 3048 non
2916 3002 2992 3048 est
3017 2994 3134 3063 ejus
3158 2993 3225 3049 “.
3252 2986 3374 3067 Ilaec
3406 3003 3558 3049 sunt
3587 3002 3670 3048 te-

2096 3088 2349 3144 stimonia
2376 3086 2443 3143 de
2471 3086 2621 3142 Novo
2652 3085 3027 3154 Testamento,
3058 3087 3201 3158 quod
3233 3085 3486 3142 Christus
3502 3082 3672 3141 Filius

427 3175 622 3253 Filium
654 3210 814 3251 suum
848 3188 1083 3248 vocavit.
1115 3187 1286 3245 Isaias
1315 3185 1473 3247 dicit,
1509 3181 1638 3237 Ecce
1680 3179 1835 3250 I’irgo
1862 3191 1988 3231 con-
2019 3212 2060 3272 Ο
2099 3178 2189 3233 Del
2222 3179 2292 3233 sit
2324 3197 2336 3233 :
2367 3177 2581 3234 Gabriel
2610 3175 2677 3231 ad
2717 3176 2991 3233 Mariam:
3032 3177 3164 3232 Ecce
3195 3180 3458 3248 concipies
3487 3188 3535 3233 et
3576 3194 3673 3247 pa—

422 3292 579 3362 cipiet
626 3300 674 3344 et
718 3288 887 3357 pariet
922 3281 1124 3339 Filium
1173 3282 1241 3346 “,
1268 3288 1321 3335 et
1375 3285 1609 3340 contra;
1646 3280 1699 3328 et
1748 3272 1983 3327 iterum:

425 3360 698 3437 Parvulus
718 3386 873 3434 natus
904 3384 982 3431 est
1013 3374 1184 3438 nobis,
1218 3381 1266 3426 et
1298 3370 1442 3439 filius
1463 3368 1620 3420 datus
1648 3371 1724 3418 est
1750 3363 1899 3417 nobis
1920 3360 1986 3415 ”.

423 3475 623 3531 Iterum
676 3472 817 3528 Deus
847 3468 1027 3533 Pater,
1057 3466 1122 3521 ad
1150 3464 1323 3519 David
1369 3481 1382 3516 :
1435 3459 1725 3529 Postquam
1762 3456 1991 3508 dormie-

424 3568 499 3621 ris
525 3581 644 3620 cum
682 3562 924 3633 patribus
958 3559 1084 3621 tuis,
1128 3554 1392 3611 suscitabo
1432 3551 1495 3605 de
1526 3549 1723 3619 femore
1770 3556 1859 3599 tuo
1901 3545 1989 3615 qui

423 3656 619 3714 sedebit
655 3670 811 3723 super
841 3652 1082 3706 thronum
1109 3644 1299 3701 Israel.
1322 3640 1433 3711 Ego
1463 3655 1553 3693 ero
1593 3638 1639 3691 ei
1675 3634 1986 3723 iniPatrem,

425 3752 473 3798 et
532 3744 640 3811 ipse
710 3741 808 3795 erit
834 3738 965 3790 mihi
997 3736 1049 3788 in
1102 3734 1273 3804 ﬁlium
1304 3730 1369 3785 “.
1421 3727 1592 3782 David
1638 3727 1691 3780 in
1719 3722 1987 3779 Psalmis:

432 3835 684 3890 Dominus
728 3832 864 3887 dixit
914 3829 982 3883 ad
1032 3844 1134 3894 me,
1166 3835 1221 3881 et
1266 3832 1451 3880 contra
1486 3818 1780 3875 Zacharias
1811 3816 2003 3873 dicit:

428 3926 611 3984 Gaude
642 3937 692 3978 et
724 3925 925 3984 lcetare,
958 3920 1074 3990 ﬁlia
1102 3916 1252 3977 Sion,
1290 3913 1483 3976 clama,
1519 3910 1636 3981 ﬁlia
1670 3908 1990 3971 Jerusalem,

427 4021 551 4091 quia
581 4032 696 4073 ecce
735 4014 844 4070 Rex
876 4024 995 4068 tuus
1044 4012 1178 4066 venit
1212 4009 1307 4062 tibi
1349 4006 1498 4061 mitis
1525 4014 1575 4060 et
1633 4002 1814 4057 sedens
1840 4016 1995 4069 super

427 4115 629 4185 pullum
670 4112 866 4177 asiam,
924 4110 1164 4179 loquetur
1206 4120 1387 4175 pacem
1417 4100 1656 4173 gentibus
1688 4098 1751 4151 ".
1793 4094 1993 4150 Iterum

429 4215 644 4277 oportet
675 4218 775 4258 nos
799 4202 1043 4274 proferre
1080 4198 1456 4254 testiinonium
1495 4190 1561 4248 de
1581 4192 1697 4263 lege
1726 4188 1841 4252 Dei,
1869 4187 1994 4257 quia

427 4298 590 4355 Jesus
640 4296 895 4352 Christus
948 4290 1116 4345 Filius
1165 4288 1369 4351 Mariae,
1422 4286 1563 4340 Deus
1613 4281 1679 4338 de
1732 4280 1843 4336 Deo
1899 4279 1994 4334 sit.

430 4391 600 4447 Jacob
632 4389 778 4444 ﬁlius
809 4386 985 4447 Isaac,
1016 4382 1111 4439 lilii
1152 4380 1408 4446 Abrahae,
1437 4392 1559 4434 cum
1592 4384 1738 4431 esset
1767 4374 1818 4429 in
1843 4373 1993 4427 obitu

433 4486 554 4539 vitae
620 4494 753 4546 sua),
815 4478 1145 4533 benedicens
1198 4473 1339 4528 illios
1384 4485 1516 4526 suos
1560 4465 1903 4540 prophetarit
1932 4464 1998 4519 de

2097 3271 2197 3325 ries
2245 3271 2439 3339 ﬁlium,
2492 3281 2543 3325 et
2586 3271 2798 3326 vocabis
2849 3288 3035 3326 nomen
3061 3271 3173 3341 ejus
3224 3269 3455 3325 Jesum:
3487 3279 3538 3325 et
3563 3272 3672 3341 ipse

2086 3364 2305 3417 redimet
2325 3364 2570 3432 populum
2621 3378 2773 3417 suum
2800 3364 3083 3431 a-peccatis
3115 3379 3293 3417 eorum
3333 3364 3399 3417 ".
3430 3361 3670 3419 Paulus:

2094 3454 2241 3511 Misit
2274 3454 2413 3511 Deus
2448 3454 2651 3509 Filium
2693 3473 2847 3513 suum
2872 3465 3055 3509 natum
3086 3454 3150 3510 de
3190 3456 3425 3522 muliere,
3470 3438 3671 3527 factum

2092 3548 2183 3602 sub
2252 3547 2361 3616 lege
2408 3556 2464 3599 ut
2506 3561 2592 3599 eos
2644 3549 2733 3617 qui
2781 3548 2875 3601 sub
2931 3546 3037 3617 lege
3076 3554 3227 3600 erant
3275 3548 3554 3604 redimeret
3595 3548 3668 3585 “-

2090 3637 2329 3695 Joannes
2358 3656 2372 3692 :
2396 3639 2497 3705 Qui
2516 3639 2683 3693 credit
2707 3640 2759 3693 in
2793 3637 2994 3694 Filium
3022 3639 3137 3705 Dei,
3160 3641 3312 3695 habet
3332 3642 3491 3695 vitam
3520 3653 3673 3697 teter-

2092 3747 2255 3797 nam;
2284 3732 2373 3802 qui
2393 3748 2509 3785 vero
2542 3748 2643 3786 non
2674 3733 2836 3787 credit
2864 3733 2918 3786 in
2950 3730 3125 3797 illum,
3155 3749 3256 3787 non
3292 3733 3485 3788 videbit
3506 3734 3671 3789 vitam

2093 3836 2366 3890 cateruam,
2413 3822 2503 3879 sed
2534 3825 2616 3877 ira
2647 3822 2744 3879 Dei
2780 3834 2955 3880 manet
2987 3840 3142 3893 super
3167 3842 3284 3886 eum
3323 3824 3389 3879 “.
3418 3822 3619 3880 Paulus
3652 3844 3667 3880 :

2080 3914 2235 3995 Deus
2263 3930 2400 3967 unus
2454 3911 2631 3967 Filius
2662 3913 2757 3967 Dei
2785 3930 2876 3982 per
2904 3930 3053 3984 quem
3081 3914 3225 3981 facta
3246 3923 3367 3966 sunt
3396 3913 3573 3967 omnia
3604 3908 3669 3970 ".

2094 4002 2285 4060 Petrus
2317 4021 2330 4057 :
2364 4002 2441 4057 Tu
2471 4020 2522 4057 es
2552 4001 2793 4057 Christus
2840 4001 3015 4057 Filius
3046 4003 3141 4057 Dei
3171 4002 3271 4057 vivi
3303 4000 3370 4057 ".
3405 4000 3620 4059 Gabriel
3654 4021 3667 4057 :

2097 4099 2218 4161 Ave,
2248 4095 2449 4157 Maria,
2480 4096 2655 4166 gratia
2693 4096 2869 4167 plena,
2903 4095 3155 4150 Dominus
3191 4105 3358 4148 tecum
3388 4110 3406 4148 :
3442 4094 3670 4164 Spiritus

2096 4199 2310 4244 sanctus
2349 4191 2670 4258 superveniet
2711 4190 2762 4243 in
2801 4198 2868 4255 te,
2913 4198 2962 4242 et
2999 4188 3161 4242 virtus
3195 4185 3457 4239 Altissimi
3488 4190 3672 4239 obum-

2096 4280 2268 4335 brabit
2298 4281 2420 4348 tibi,
2461 4290 2510 4335 et
2540 4282 2675 4353 quod
2705 4292 2950 4335 nascetur
2974 4296 3037 4334 ea:
3060 4288 3109 4333 te
3133 4277 3385 4334 Sanctum
3403 4279 3672 4332 vocabitur
3726 4334 3729 4337 ,

2100 4373 2273 4429 Filius
2306 4376 2400 4429 Dei
2450 4377 2515 4429 ³⁷.
2556 4374 2757 4431 Iterum
2795 4375 3052 4429 Christus
3098 4374 3150 4428 in
3186 4373 3479 4443 Evangelia
3516 4370 3668 4445 :Ego

2097 4484 2210 4522 sum
2242 4467 2336 4523 lux
2362 4469 2565 4535 mundi,
2593 4485 2685 4540 ego
2711 4484 2743 4522 a
2782 4467 2945 4522 Patre
2971 4467 3130 4532 exivi,
3163 4475 3214 4521 et
3235 4466 3304 4520 ad
3333 4482 3451 4521 eum
3491 4482 3669 4520 rever-

432 4573 590 4643 ipsis,
613 4570 804 4626 dicens
830 4567 1003 4629 Judas,
1044 4566 1153 4620 lilio
1181 4577 1284 4618 suo
1315 4576 1329 4613 :
1360 4559 1442 4615 Tu
1469 4571 1528 4616 es
1559 4560 1771 4613 catulus
1807 4556 1993 4619 leonis,
2028 4562 2073 4622 υ
2100 4577 2256 4614 surus
2300 4577 2438 4627 sunt,
2501 4577 2593 4631 ego
2624 4578 2741 4615 sum
2789 4560 3102 4615 resurrectio
3130 4569 3180 4614 et
3220 4560 3347 4615 vita.
3383 4558 3450 4613 Et
3478 4560 3568 4629 qui
3593 4568 3689 4613 me!

438 4684 541 4722 non
570 4666 841 4721 minuetur
871 4660 934 4715 de
971 4660 1165 4730 femore
1199 4667 1289 4709 tuo
1321 4654 1430 4708 duo;
1461 4669 1623 4724 neque
1646 4652 1883 4721 princeps
1901 4648 1999 4702 do-

432 4778 522 4816 nec
560 4760 733 4813 veniat
767 4756 856 4825 qui
889 4754 957 4809 sit
978 4751 1297 4821 exspectatio
1314 4748 1545 4819 gentium
1574 4746 1638 4811 ’⁸,
1673 4746 1763 4811 qui
1794 4743 2001 4813 estipse

433 4843 697 4901 Christus.
754 4839 1020 4896 Jcremias
1048 4836 1313 4907 propheta
1339 4853 1354 4889 :
1379 4831 1510 4886 Ecce
1539 4830 1675 4885 Deus
1710 4840 1885 4883 naster
1914 4829 1997 4881 cui

432 4936 624 4991 similis
656 4951 755 4988 non
786 4942 883 4996 est,
904 4931 992 5001 qui
1019 4930 1213 4984 invenit
1265 4941 1466 4980 onmem
1499 4925 1636 4979 viam
1683 4922 1995 4991 prudentiae,

431 5044 481 5086 et
511 5040 630 5101 post
659 5030 770 5082 ha'c
802 5027 1060 5083 videbitur
1082 5040 1237 5095 super
1269 5033 1485 5085 terram,
1516 5029 1562 5076 et
1610 5036 1725 5074 cum
1758 5018 1996 5089 omnibus

429 5125 531 5178 erit
552 5130 888 5177 conversatus
943 5118 1007 5175 ‘9.
1041 5117 1237 5173 Iterum
1271 5114 1453 5170 :Deus
1487 5112 1765 5182 manifeste
1806 5112 1995 5179 veniet,

506 5302 525 5333 ³
554 5302 686 5358 Gen.
726 5316 763 5354 ι.

434 5374 457 5405 ⁹
501 5374 606 5428 Isa.
672 5386 784 5431 ut.
826 5368 851 5421 1
1018 5368 1058 5399 "
1085 5367 1229 5421 Psal.
1276 5380 1391 5429 cm,
1427 5364 1543 5427 '50.,

1086 5478 1097 5491 .
1137 5454 1231 5501 vn,
1259 5436 1460 5497 12,-14.
1508 5436 1552 5465 ³⁷
1575 5433 1738 5489 Zach.
1779 5450 1852 5493 Ix.
1879 5434 1933 5489 9.

435 5513 603 5569 "lsa.
634 5529 757 5574 ην,
792 5512 881 5565 Η.
993 5506 1216 5564 ³³⁷1³5³1.
1244 5520 1361 5569 χιιι.
1398 5506 1454 5568 2.
1484 5507 1536 5560 '5.

435 5588 489 5647 5,
521 5584 574 5637 4.
652 5585 694 5616 ²’
728 5582 887 5637 Joan.
922 5598 960 5643 I,
986 5580 1038 5633 1.

439 5646 483 5717 ι.
510 5655 596 5712 51.
708 5654 752 5685 ³³
785 5652 962 5708 Galat.
992 5650 1171 5717 tv,13.
1247 5646 1466 5703 “Joan.
1493 5661 1573 5714 III,
1602 5648 1690 5701 56.

869 5300 891 5329 ⁵
925 5295 1069 5353 Psal.
1101 5311 1274 5359 xxxn,
1304 5294 1357 5349 6.
1431 5296 1452 5329 '
1480 5285 1625 5347 Psal.
1654 5308 1841 5371 cxvm,
1878 5292 1967 5347 89.
2044 5292 2065 5323 ⁸
2090 5292 2231 5349 Psul.
2292 5308 2346 5355 ς,
2392 5293 2445 5358 6,
2500 5291 2591 5348 20.

1018 5368 1058 5399 "
1085 5367 1229 5419 Psal.
1276 5380 1391 5419 cm.
1427 5364 1543 5419 '50..
1623 5364 1660 5395 ¹¹
1694 5365 1834 5417 Psal.
1894 5380 2056 5419 cxut.
2096 5365 2180 5419 10.
2297 5363 2499 5417 "Psal.
2527 5379 2578 5419 ι..

1645 5506 1688 5535 ³³
1728 5506 1862 5558 l’sal.
1894 5519 2001 5565 Ctx,
2046 5505 2091 5560 I.

1112 5577 1159 5611 ³⁸
1183 5578 1314 5632 Luc.
1346 5593 1387 5641 ι,
1412 5578 1500 5632 55.
1577 5577 1621 5608 ³⁹
1657 5575 1693 5629 II
1728 5575 1855 5630 Cor.
1890 5580 1973 5639 Il,I

2090 5592 2091 5595 η
2131 5576 2175 5608 ³ο
2200 5575 2309 5630 lmo
2341 5575 2536 5631 Paulus
2570 5576 2725 5630 Itum.
2755 5590 2871 5636 vm,
2907 5574 2990 5628 15.

1768 5646 1811 5677 ³⁵
1845 5644 1884 5699 II
1926 5646 2051 5700 Cor.
2075 5645 2117 5709 I,
2157 5647 2242 5702 19.
2321 5649 2366 5682 ³⁸
2396 5646 2550 5701 Joun.
2580 5662 2654 5712 χι,
2687 5645 2775 5700 2'7.

2105 4652 2261 4717 videt,
2314 4652 2447 4705 videt
2481 4662 2528 4707 et
2560 4650 2799 4705 Patrem.
2835 4638 2945 4721 Ego
2990 4662 3039 4704 et
3074 4648 3240 4704 Pater
3270 4646 3669 4709 unumuunus.

2103 4743 2304 4799 Paulus
2332 4762 2346 4799 :
2380 4744 2785 4798 llluminabitur
2814 4743 3039 4797 mundus
3067 4743 3128 4797 de
3156 4736 3411 4796 ,Ιιιὼιιπῖι
3437 4742 3668 4797 iterum:

2104 4836 2360 4890 Ascendit
2426 4834 2567 4890 Deus
2607 4849 2762 4903 super
2802 4834 2978 4896 cmlos,
3024 4842 3188 4904 super
3234 4836 3669 4888 seltentsanctnm

2104 4944 2279 4992 suam,
2334 4928 2541 4983 intuens
2568 4936 2765 4982 terram
2798 4937 2854 4980 ut
2898 4926 3069 4981 videat
3094 4927 3354 4997 obligatos
3384 4942 3514 4997 quos
3539 4925 3671 4981 oblit-

2104 5022 2250 5092 gavit
2287 5018 2455 5076 Satan
2491 5021 2543 5075 in
2569 5020 2761 5075 delicto
2782 5033 2897 5073 suo.

2128 5121 2130 5125 '
2178 5112 2284 5169 Vos
2316 5122 2494 5169 autem
2534 5112 2747 5169 habetis
2769 5111 2823 5167 in
2861 5113 2974 5182 lege
3003 5119 3182 5167 vestra
3218 5154 3233 5179 ,
3269 5110 3414 5183 quod
3448 5109 3669 5182 angelus

2704 5292 2725 5323 "
2774 5289 2875 5346 Job
2938 5306 3130 5355 xum,
3166 5290 3218 5345 4.

2802 5361 2844 5393 ⁸³
2869 5363 3002 5419 Ibid.
3038 5362 3123 5416 14.

3329 5288 3350 5320 ⁸
3367 5286 3500 5343 Ge‘n.
3536 5304 3574 5353 t,
3605 5287 3665 5341 2.

2297 5363 2499 5417 "Psal.
2527 5379 2578 5427 L,
2616 5363 2700 5417 12.
2802 5361 2844 5393 ⁸³
2869 5363 3002 5419 Ibid.
3038 5362 3123 5416 14.
3237 5360 3279 5391 ¹⁸
3310 5360 3415 5415 Isa.
3450 5376 3541 5423 νιι,
3579 5359 3665 5412 14.

2013 5435 2054 5466 ’⁸
2081 5433 2213 5489 ϐιιιι.
2248 5450 2356 5499 xix,
2381 5434 2547 5496 9,10.
2588 5432 2591 5434 ’
2626 5436 2666 5465 ι’
2688 5435 2918 5487 Barueh.
2949 5450 3028 5497 Ill,
3061 5431 3147 5487 58.
3207 5432 3252 5463 ’⁸
3278 5430 3479 5485 Hahae.
3517 5446 3574 5488 lt.
3613 5431 3667 5483 5.

2168 5506 2213 5537 ’⁸
2238 5506 2388 5559 Dent.
2415 5521 2605 5563 xxvnl.
2638 5505 2725 5562 66.
2803 5506 2846 5536 ’³
2873 5502 3261 5564 Psa|.xx1,17.
3336 5501 3381 5532 “
3415 5502 3515 5553 Isa.
3550 5516 3669 5561 ιιιι.

2168 5575 2309 5617 Ἰιιιη
2341 5575 2536 5617 Pauline
2570 5576 2721 5617 Ilntil,
2755 5590 2868 5617 VIII-
2907 5574 2989 5617 15-
3094 5575 3138 5605 ⁶¹
3168 5574 3296 5617 IItiiI-
3327 5571 3361 5617 9
3452 5571 3501 5615 A"
3536 5569 3665 5617 an-

1930 5738 2161 5796 ΝΟΤᾸΞ.

507 5839 581 5911 (2)
635 5838 879 5911 Vulgata
916 5838 1093 5911 lectio,
1134 5818 1371 5907 Vidimus
1396 5854 1511 5893 eum
1536 5836 1830 5907 despectum
1884 5847 1930 5889 et
1983 5834 2319 5892 novissimum
2369 5838 2670 5909 virorumet
2703 5838 2948 5892 scientem
2994 5832 3376 5905 inﬁmitatem,
3423 5839 3471 5885 et
3515 5831 3663 5902 quasi

437 5909 770 5968 absconditus
798 5909 967 5963 vultus
996 5909 1129 5977 ejus.
