4108 6306
396 386 506 449 310

1631 378 1906 441 LEONIS
1945 373 2400 437 PI—IILOSOPHI

3558 376 3664 440 320

399 503 532 559 dicit
563 500 845 557 Zachariae
886 517 900 556 :
935 498 1072 557 Ecce
1114 498 1382 555 annuntio
1411 496 1509 554 tibi
1538 499 1680 571 quod
1718 505 1978 553 nascetur
2007 496 2058 556 Α
2086 509 2247 564 quam
2288 493 2553 563 elegerat.
2603 489 2825 562 Accepit
2864 488 3094 546 formam
3150 490 3387 547 hominis
3423 489 3664 549 Verbum

400 596 498 652 tibi
546 593 717 661 Filius
751 594 1062 664 prtecetlens
1118 593 1350 649 Verbum
1384 590 1503 656 Dei,
1547 601 1602 647 et
1632 589 1870 647 Verbum
1908 589 1987 658 ip-

398 688 539 754 sius,
565 688 853 741 vocabitur
890 700 1088 740 nomen
1120 688 1242 755 ejus
1277 682 1530 740 Messias.
1562 683 1840 750 Qua‘rilur
1870 696 1900 736 a
1931 690 1986 739 te

397 792 571 847 quare
611 775 750 832 Deus
774 776 948 831 voluit
968 777 1183 831 mittere
1213 773 1412 831 Filium
1441 776 1496 831 in
1533 788 1686 831 utero
1714 773 1983 846 Virginis:

398 869 527 941 quia
553 868 881 939 benedictus
911 869 1051 925 Deus
1076 876 1132 925 et
1162 876 1415 925 sanctum
1440 883 1638 924 nomen
1661 867 1803 939 ejus,
1829 880 1988 922 crea—

411 960 489 1014 vit
521 960 721 1013 cmlum
765 968 817 1013 et
874 966 1073 1013 terram
1110 968 1163 1021 et
1189 958 1372 1013 omnia
1402 972 1523 1029 qua:
1554 958 1609 1013 in
1641 959 1722 1014 eis
1761 966 1908 1021 sunt,
1935 965 1989 1012 et

406 1052 617 1105 creavit
650 1052 872 1122 angelos
890 1066 1046 1116 suos,
1075 1051 1126 1105 in
1156 1051 1332 1122 prima
1357 1047 1672 1107 conditione
1698 1064 1800 1106 sua
1831 1057 1990 1106 erant

409 1144 463 1200 in
500 1145 732 1201 circuitu
760 1143 965 1200 Throni
998 1163 1011 1199 :
1051 1154 1107 1199 et
1148 1144 1332 1199 subito
1372 1145 1655 1215 ingressus
1689 1153 1771 1200 est
1801 1144 1855 1199 in
1882 1158 1988 1198 una

409 1237 623 1308 legione
650 1236 990 1308 angelorum,
1017 1242 1201 1291 tumor
1230 1245 1285 1292 et
1311 1236 1595 1307 superbia,
1630 1235 1893 1293 facientes
1928 1251 1991 1294 se

404 1329 517 1384 Deo
550 1328 782 1395 similes,
814 1328 1063 1385 dicentes
1097 1347 1109 1383 :
1143 1327 1421 1386 Ponamus
1448 1330 1635 1386 sedem
1668 1331 1826 1386 nobis
1849 1332 1992 1387 sicut

403 1430 489 1479 est
544 1424 704 1479 sedes
743 1422 858 1487 Dei,
916 1432 970 1478 et
996 1424 1403 1478 circumeamus
1451 1424 1648 1478 cmlum
1681 1436 1735 1479 et
1764 1433 1984 1491 terram,

405 1518 552 1572 sicut
599 1527 654 1571 et
712 1516 877 1572 Deus.
911 1516 1159 1584 Cumque
1203 1515 1347 1571 Deus
1410 1515 1772 1579 cogitationes
1799 1530 1987 1570 eorum

407 1608 791 1681 cognovisset,
832 1608 1060 1679 projecit
1092 1607 1370 1674 Satanam
1397 1616 1453 1661 et
1486 1622 1699 1661 omnem
1725 1608 1990 1677 legionem

409 1705 604 1774 ipsius,
631 1704 699 1759 de
732 1704 875 1758 male
909 1702 975 1756 ad
1032 1709 1259 1767 terram,
1308 1708 1362 1756 et
1400 1701 1526 1756 facti
1559 1708 1688 1756 sunt
1720 1701 1994 1757 daemones

409 1806 462 1853 et
490 1797 695 1852 inimici
718 1795 954 1851 ﬁliorum
972 1793 1123 1849 Adae.
1157 1794 1403 1865 Cumque
1426 1791 1648 1850 iecisset
1667 1794 1807 1850 Deus
1820 1793 1992 1849 Adam

410 1891 694 1947 constituit
724 1904 847 1944 eum
873 1888 925 1943 in
954 1886 1224 1957 paradiso,
1259 1887 1445 1943 dicens
1476 1887 1527 1943 ei
1578 1901 1592 1940 :
1625 1885 1848 1942 Comede
1875 1903 1991 1941 om-

410 1985 502 2038 nia
533 1998 870 2055 qua'cumqtte
894 1981 1161 2047 volueris;
1193 1982 1257 2035 de
1279 1980 1422 2050 ligno
1447 1996 1564 2035 vero
1584 1981 1680 2033 hoc
1709 1980 1851 2051 quod
1871 1997 1997 2050 pro-

410 2079 560 2132 hibeo
614 2076 728 2141 tibi,
791 2092 856 2130 ne
895 2074 1165 2138 comedas,
1216 2088 1321 2144 quo
1375 2072 1460 2126 die
1490 2072 1778 2127 comederis
1821 2088 1886 2127 ea:
1913 2089 1995 2138 eo,

410 2179 578 2223 morte
619 2167 911 2231 morieris;
959 2174 1202 2221 tentatus
1247 2179 1379 2220 vero
1418 2177 1447 2217 a
1483 2164 1722 2230 diabolo,
1765 2166 1998 2221 comedit

408 2279 476 2319 cx
508 2276 596 2328 eo,
632 2270 687 2316 et
718 2260 997 2331 projectus
1018 2268 1102 2313 est
1131 2258 1200 2312 de
1238 2256 1520 2329 paradiso,
1552 2266 1608 2313 et
1657 2256 2001 2313 ltazreditavit

411 2365 644 2411 mortem
676 2364 731 2409 et
756 2352 1256 2407 contradictionem
1279 2360 1333 2408 et
1358 2350 1619 2407 delictum
1652 2350 1707 2405 in
1736 2350 2000 2423 progenie

410 2461 535 2512 sua,
566 2454 692 2517 post
716 2459 864 2500 eum.
890 2441 1033 2500 Deus
1063 2457 1195 2498 vero
1224 2442 1413 2498 volens
1443 2442 1655 2513 eripere
1689 2449 1996 2499 creaturam

411 2552 568 2592 suam
617 2539 685 2593 de
732 2550 902 2591 manu
957 2534 1188 2600 diaboli,
1238 2534 1443 2590 direxit
1474 2532 1589 2592 Noe
1640 2536 1705 2590 ad
1738 2536 1998 2608 populum

413 2643 578 2686 suum
615 2636 675 2683 ιιι
707 2629 1037 2701 pceuitereut
1069 2637 1122 2686 et
1137 2629 1455 2686 recederent
1480 2630 1547 2684 ab
1568 2644 1735 2700 opere
1756 2628 1996 2697 diaboli;

412 2737 654 2793 cumque
689 2722 931 2779 venisset
983 2722 1049 2777 ad
1089 2738 1208 2789 eos,
1245 2730 1715 2794 contempserunt,
1748 2732 1803 2779 et
1850 2737 2002 2780 men-

416 2818 606 2873 dacem
639 2831 764 2872 eum
797 2824 1211 2888 reputaverunt.
1240 2815 1501 2888 Praecepit
1530 2817 1695 2889 igitur
1723 2817 1871 2876 Deus
1887 2814 2001 2879 Noe

415 2920 477 2967 ut
510 2912 716 2967 laceret
749 2926 956 2976 aream,
987 2921 1041 2967 et
1070 2911 1310 2968 mitteret
1336 2911 1392 2967 in
1443 2927 1507 2967 ea
1539 2911 1607 2967 de
1653 2912 1805 2968 omni
1848 2928 2002 2970 crea-

416 3013 560 3071 tura,
591 3012 645 3058 et
668 3004 898 3060 immisit
933 3004 1079 3061 Deus
1108 3004 1399 3061 diluvium.
1434 3005 1624 3076 Aperti
1658 3014 1789 3063 sunt
1818 3005 2001 3063 l'ontes

417 3094 603 3167 abyssi
632 3102 687 3150 ct
726 3104 1018 3151 cataracta:
1044 3096 1195 3162 caeli,
1236 3103 1293 3152 et
1341 3095 1526 3153 eﬁusat
1578 3106 1708 3153 sunt
1767 3110 1921 3169 aquae
1949 3104 2004 3151 ct

418 3187 729 3259 consumpti
763 3198 892 3243 sunt
934 3188 1247 3246 habitantes
1278 3196 1505 3254 terram,
1540 3199 1594 3245 et
1639 3206 1804 3247 omne
1854 3191 2000 3263 quod

421 3292 675 3339 movetur
704 3296 871 3352 super
904 3297 1048 3348 eam,
1081 3294 1308 3353 excepto
1347 3283 1461 3339 Noe
1510 3285 1602 3356 qui
1634 3286 1734 3341 fuit
1768 3284 1822 3340 in
1853 3299 2000 3350 arca,

420 3381 475 3426 et
498 3387 667 3429 uxore
696 3370 837 3440 ejus,
875 3380 931 3427 et
956 3373 1133 3429 tribus
1163 3373 1295 3429 liliis
1327 3376 1447 3445 ejus
1470 3386 1526 3431 et
1570 3377 1835 3432 uxoribus
1868 3374 2007 3430 ﬁlio-

426 3480 545 3519 rum
587 3464 730 3535 ejus.
782 3463 917 3521 Post
944 3465 1081 3533 haec,
1132 3466 1395 3524 misertus
1428 3467 1571 3524 Deus
1601 3485 1766 3540 super
1798 3485 1860 3524 ea
1887 3482 2009 3541 quae

426 3558 651 3625 fecerat,
711 3558 969 3630 praecepit
1025 3560 1185 3631 aquis
1256 3567 1317 3615 ut
1393 3569 1804 3617 reverterentur
1873 3579 1887 3615 :
1954 3567 2010 3617 et

423 3648 632 3716 egressi
668 3656 796 3703 sunt
837 3648 905 3704 de
937 3663 1087 3713 arca,
1122 3648 1374 3706 homines
1420 3656 1474 3706 et
1507 3651 1756 3721 jttmenta
1796 3667 1811 3705 :
1840 3650 2009 3706 bene-

424 3741 671 3812 dixitque
700 3740 810 3796 illis
850 3738 1017 3805 Deus,
1053 3748 1109 3797 et
1142 3740 1279 3797 dixit
1318 3758 1333 3797 :
1371 3740 1621 3811 Crescite,
1651 3754 1701 3799 et
1742 3744 2007 3815 multipli-

425 3834 640 3899 camini,
660 3842 711 3889 et
740 3834 932 3903 repleta
954 3843 1174 3889 terram.
1202 3834 1418 3901 Postea,
1457 3838 1704 3893 homines
1726 3853 1756 3893 a
1794 3838 2011 3897 diabolo

424 3921 641 3987 tentati,
692 3922 940 3979 fecerunt
995 3924 1284 3996 sculptiles
1340 3926 1494 3995 deos,
1528 3928 1824 3984 adorantes
1890 3946 2007 3999 eos,

427 4017 570 4070 sicut
598 4014 765 4070 Deum
798 4016 889 4086 qui
923 4031 1018 4072 eos
1050 4017 1276 4073 fecerat.
1303 4016 1367 4073 Et
1397 4020 1586 4076 volens
1620 4019 1763 4077 Deus
1794 4022 2010 4094 eripere

430 4108 552 4163 illos
592 4106 660 4161 de
716 4123 880 4161 manu
934 4107 1137 4163 diaboli
1194 4110 1288 4180 qui
1346 4126 1441 4167 eos
1478 4118 1839 4182 perverterat,
1882 4128 2007 4169 mox

427 4200 718 4257 descendit
745 4201 799 4255 in
832 4201 1073 4272 potentia
1099 4216 1263 4271 super
1294 4212 1533 4259 montem
1556 4203 1739 4273 Sinai;
1771 4214 1826 4261 et
1855 4205 2011 4261 locu-

429 4305 517 4349 tus
572 4308 734 4349 servo
769 4308 871 4349 suo
901 4292 1097 4364 Moysi,
1128 4292 1277 4349 dedit
1327 4295 1374 4349 ei
1401 4296 1595 4365 legem,
1638 4296 1846 4369 eligens
1871 4297 2012 4355 ﬁlios

434 4386 599 4441 Israel
632 4386 699 4441 de
728 4384 875 4439 omni
904 4384 1077 4454 plebe.
1110 4382 1266 4439 Tunc
1299 4384 1391 4439 lilii
1420 4383 1591 4441 Israel
1620 4385 2011 4458 derelinquen—

431 4484 513 4528 les
539 4491 661 4545 quae
689 4472 918 4528 dederat
946 4473 1089 4528 Deus
1114 4472 1307 4545 Moysi,
1338 4473 1583 4530 fecerunt
1613 4476 1717 4532 sibi
1738 4479 2011 4548 sculptile,

431 4566 730 4621 adorantes
765 4565 896 4620 illud
928 4566 1088 4637 quasi
1119 4566 1290 4621 Deum
1311 4568 1495 4624 vivum
1533 4587 1548 4624 :
1584 4580 1638 4626 et
1689 4572 1873 4626 statim
1909 4572 2011 4626 im-

436 4659 585 4715 misit
617 4660 697 4714 eis
730 4669 1037 4730 serpentes,
1073 4666 1128 4715 et
1145 4662 1489 4734 consumpsit
1515 4672 1723 4733 partem
1755 4679 1819 4719 ex
1852 4664 1933 4720 eis
1957 4673 2012 4719 et

437 4754 693 4808 misertus
753 4764 835 4808 est
872 4753 974 4809 eis.
1016 4751 1147 4809 Item
1180 4755 1408 4810 tentatio
1466 4770 1495 4808 a
1526 4754 1744 4811 diabolo
1790 4756 2017 4813 immisit

434 4845 637 4917 ignem,
668 4854 719 4900 et
743 4847 1088 4917 consumpsit
1135 4864 1199 4903 ex
1232 4848 1316 4905 cis
1348 4847 1777 4913 multitudinem,
1810 4857 1865 4904 et
1916 4850 2017 4905 mi-

446 4948 650 5005 sertus,
715 4938 853 4995 iram
909 4941 979 4996 ab
1035 4941 1117 4996 eis
1145 4943 1396 4999 removit.
1442 4940 1574 4999 ltem
1624 4940 1869 4998 fecerunt
1913 4943 2016 5000 sibi

439 5031 605 5098 idola,
669 5032 963 5089 adorantes
1020 5034 1111 5089 illa
1157 5045 1217 5091 ut
1270 5036 1459 5101 Deum,
1499 5036 1843 5093 immolantes
1878 5036 2019 5095 ﬁlios

435 5142 566 5182 suos
587 5136 641 5181 et
660 5126 798 5181 ﬁlias
821 5142 952 5183 suas
972 5128 1273 5185 daemoniis.
1300 5129 1596 5186 Suscitarit
1619 5128 1761 5187 Deus
1784 5132 2019 5203 prophe-

438 5229 523 5276 tas
575 5224 952 5277 contestantes
996 5236 1091 5277 eos
1118 5231 1177 5277 ut
1215 5225 1558 5296 pmniterent,
1590 5234 1646 5283 et
1680 5237 2020 5285 reverteren-

439 5325 526 5368 tur
553 5314 617 5367 ad
655 5313 849 5381 Deum,
890 5324 943 5371 et
975 5315 1292 5373 recederent
1318 5334 1348 5373 a
1380 5318 1602 5375 diabolo
1631 5336 1645 5373 :
1680 5331 2020 5393 negaverunt

437 5417 491 5462 et
517 5406 811 5462 mendaces
842 5422 938 5463 eos
955 5408 1233 5476 dixerunt,
1268 5418 1321 5465 et
1355 5410 1623 5482 quosdam
1655 5428 1723 5468 ex
1758 5414 1894 5485 ipsis
1924 5428 2021 5471 oc-

437 5502 709 5559 ciderunt.
734 5548 735 5551 η
763 5502 1010 5575 Cumque
1056 5504 1287 5560 vidisset
1320 5503 1463 5561 Deus
1492 5505 1640 5576 quod
1695 5507 2019 5577 praevaluis-

442 5605 526 5652 sct
556 5595 805 5652 diabolus
828 5596 882 5650 in
910 5597 1013 5660 eis.
1047 5612 1112 5653 ex
1136 5612 1243 5669 quo
1265 5596 1444 5653 laetus
1476 5609 1561 5654 est
1600 5597 1771 5654 Adam
1814 5608 1869 5655 et
1911 5602 2022 5669 eje-

442 5698 565 5747 ctus
590 5704 670 5747 est
696 5706 726 5746 a
758 5691 1036 5762 paradiso,
1069 5702 1125 5749 et
1150 5694 1297 5765 quod
1321 5693 1618 5764 prophetas
1643 5695 1735 5765 qui
1760 5704 2022 5752 venerant

444 5782 511 5837 ad
558 5796 677 5848 eos,
712 5783 1054 5850 occiderant,
1090 5785 1279 5841 volens
1307 5800 1402 5842 eos
1428 5786 1644 5857 eripere
1687 5801 1716 5841 a
1754 5798 2021 5857 potestate

445 5872 656 5947 antiqui
714 5873 910 5942 hostis,
972 5874 1124 5933 misit
1183 5874 1419 5933 Verbum
1475 5892 1634 5932 suum
1685 5877 1750 5934 ad
1788 5878 2019 5936 Mariam

2022 1853 2069 1913 B

2029 3232 2073 3291 ϐ

2092 584 2216 650 Dei,
2244 584 2515 641 inducens
2542 600 2763 642 carnem
2804 585 2872 641 de
2899 583 3087 650 Maria,
3134 600 3258 641 cum
3292 584 3471 641 anima
3495 595 3550 641 et
3579 588 3663 643 in-

2087 677 2328 734 tellectu.
2389 678 2671 735 Habitavit
2729 676 2964 735 Verbum
3013 679 3210 750 ipsius,
3258 680 3404 751 quod
3454 689 3574 736 erat
3600 697 3666 736 ex

2089 766 2219 834 Deo,
2257 769 2311 824 itt
2370 769 2488 841 ipso
2511 784 2767 841 corpore,
2820 770 2941 826 sine
2969 771 3325 841 separatione
3348 770 3417 827 ab
3454 772 3575 843 ipso
3610 772 3667 826 in
3764 775 3772 783 '

2089 869 2432 934 perpetuum.
2465 861 2523 919 Si
2548 876 2654 916 non
2678 871 2825 919 esset
2858 862 3035 934 ipsum
3064 877 3271 935 corpus
3302 864 3670 935 quodindue-

2093 966 2198 1023 rat,
2258 971 2421 1013 nemo
2471 966 2661 1027 posset
2724 957 2911 1014 videre
2948 955 3185 1014 Verbum
3218 956 3352 1012 Dei:
3396 958 3540 1015 sicut
3571 970 3668 1015 nec

2090 1048 2304 1122 Moyses
2354 1046 2597 1105 Verbum
2634 1048 2728 1105 Dei
2784 1048 2974 1107 videre
3027 1049 3223 1121 potuit.
3277 1048 3385 1106 Sed
3442 1051 3674 1108 veniens

2092 1143 2331 1201 Verbum
2358 1143 2474 1211 Dei,
2510 1144 2687 1201 induit
2715 1160 2919 1215 corpus
2948 1144 3015 1201 de
3046 1143 3236 1211 Maria,
3273 1151 3327 1201 et
3360 1146 3565 1217 eripuit
3586 1148 3675 1216 po-

2090 1238 2280 1309 pulum
2336 1251 2498 1292 suum
2528 1234 2595 1292 de
2636 1243 2908 1309 potestate
2929 1235 3133 1294 diaboli
3166 1253 3182 1292 :
3213 1236 3451 1293 Verbum
3484 1236 3676 1306 utique

2094 1328 2230 1385 illud
2290 1328 2436 1401 quod
2471 1326 2641 1382 Maria
2682 1338 3024 1399 susceperat.
3078 1329 3201 1401 Ipse
3232 1336 3317 1384 est
3358 1326 3518 1397 cujus
3576 1341 3675 1382 no-

2094 1438 2217 1477 men
2249 1432 2333 1478 cst
2366 1421 2594 1478 Messias
2616 1429 2670 1476 et
2699 1418 2866 1489 Deus,
2900 1421 3049 1493 quod
3078 1427 3220 1487 erat,
3249 1427 3541 1491 antequam
3571 1434 3675 1475 an-

2094 1503 2376 1569 nuntiatio
2411 1514 2618 1571 veniret
2677 1516 2746 1569 ad
2783 1513 3030 1580 Mariam,
3096 1522 3150 1568 et
3179 1527 3385 1584 corpus
3436 1522 3678 1569 sumeret

2095 1605 2163 1661 de
2218 1606 2386 1660 Maria
2419 1624 2434 1662 :
2471 1615 2523 1663 et
2575 1609 2691 1677 ipse
2722 1615 2806 1663 est
2844 1606 3006 1671 Deus,
3056 1614 3112 1662 et
3154 1606 3269 1661 haec
3299 1614 3383 1663 est
3410 1605 3587 1679 caligo
3620 1606 3675 1661 in

2095 1698 2251 1753 vobis
2282 1707 2341 1752 ut
2373 1715 2481 1754 non
2513 1699 2855 1769 intelligatis.
3226 1688 3229 1689 ν

2166 1790 2368 1847 lterum
2394 1791 2529 1847 mihi
2560 1790 2835 1862 scripsisti
2862 1791 3091 1849 dicens:
3121 1789 3257 1860 Quia
3285 1791 3487 1848 dixerit
3518 1790 3677 1862 ,Mis-

2098 1898 2193 1940 sus
2224 1898 2345 1939 sum
2404 1884 2470 1940 ad
2499 1899 2620 1950 vos,
2676 1891 2732 1941 et
2761 1883 3085 1949 comederit,
3127 1890 3183 1940 et
3212 1883 3433 1949 biberit,
3468 1892 3524 1939 et
3549 1884 3679 1938 dor.

2097 1978 2303 2034 micrit.
2362 1976 2468 2034 Sed
2531 1992 2680 2034 nunc
2736 1977 2833 2033 tibi
2862 1975 3151 2033 ostendam
3201 1976 3348 2048 quod
3380 1976 3433 2030 in
3457 1975 3680 2032 Christo

2099 2069 2305 2126 fuerint
2334 2070 2457 2126 duas
2489 2069 2859 2143 operationes,
2905 2077 2961 2126 et
3006 2068 3128 2125 duae
3159 2068 3467 2125 locutiones
3500 2087 3513 2123 :
3546 2085 3679 2137 una,

2098 2161 2290 2230 Verbi,
2338 2172 2392 2219 et
2416 2162 2543 2230 alia,
2575 2165 2823 2236 corporis
2856 2163 3002 2233 quod
3036 2171 3357 2235 susceperat
3394 2163 3461 2220 de
3486 2162 3678 2220 Maria.

2099 2256 2216 2316 Hoc
2248 2266 2334 2316 est
2368 2275 2573 2331 corpus
2603 2260 2931 2332 perlectum,
2958 2259 3198 2314 animam
3232 2257 3447 2314 habens
3490 2266 3545 2313 et
3592 2257 3680 2311 in—

2102 2352 2405 2414 tellectum.
2456 2352 2718 2426 Operatio
2754 2351 2920 2410 Verbi
2974 2359 3060 2410 est
3089 2351 3314 2425 quando
3354 2366 3479 2407 cum
3521 2349 3684 2405 Patre

2100 2456 2295 2505 cuncta
2335 2449 2543 2505 creavit
2591 2466 2605 2505 :
2649 2456 2703 2505 et
2761 2461 2990 2506 manens
3054 2448 3112 2504 in
3170 2459 3422 2518 corpore,
3458 2454 3682 2516 peccata

2100 2544 2436 2613 dimittebat,
2465 2552 2519 2601 et
2573 2552 2825 2603 mortuos
2868 2544 3195 2612 suscitabat,
3226 2552 3281 2600 et
3312 2550 3509 2599 caetera
3551 2540 3684 2595 talia

2107 2636 2365 2695 faciebat.
2407 2635 2515 2695 Vos
2542 2646 2746 2703 autem,
2770 2634 3146 2709 relinquentes
3169 2651 3335 2708 opera
3368 2631 3555 2700 Verbi,
3597 2646 3687 2687 se-

2102 2731 2338 2802 quimini
2391 2746 2556 2802 opera
2604 2731 2791 2787 carnis
2843 2745 3009 2803 quam
3056 2728 3355 2801 assumpsit
3383 2727 3450 2784 de
3489 2725 3683 2792 Maria,

2104 2840 2224 2893 qmc
2259 2824 2362 2883 luit
2389 2825 2455 2880 de
2484 2823 2656 2879 Adam
2694 2841 2711 2879 :
2740 2830 2795 2880 et
2825 2824 2947 2880 ideo
2993 2822 3176 2880 dicitis
3203 2820 3348 2895 quod
3378 2819 3575 2878 similis
3613 2819 3687 2875 sit

2105 2910 2361 2966 Christus
2425 2910 2577 2979 Adae,
2614 2910 2764 2981 quod
2807 2909 3128 2966 comedebat
3160 2918 3215 2966 et
3242 2908 3547 2965 dormiebat
3585 2924 3600 2963 :
3631 2915 3690 2962 et

2107 3005 2209 3059 iste
2232 3014 2317 3060 est
2342 3019 2523 3060 sermo
2546 3019 2738 3061 eorum
2764 3006 2859 3078 qui
2882 3018 2988 3060 non
3020 3003 3331 3075 intelligunt
3361 3001 3427 3058 tle
3444 3001 3684 3064 Christo.

2108 3111 2286 3167 neque
2310 3104 2735 3167 perscrutantur
2766 3097 2938 3170 legem
2974 3096 3094 3153 Dei.
3144 3096 3214 3152 Et
3246 3095 3546 3152 secundum
3597 3112 3688 3151 ve-

2109 3199 2281 3244 strum
2306 3204 2552 3254 sensum,
2592 3188 2765 3245 Judaei
2801 3189 3168 3263 intelligentes
3202 3190 3266 3246 de
3288 3189 3532 3255 Christo,
3568 3204 3685 3261 per-

2062 3272 2073 3317 -'
2109 3290 2407 3351 sequentes
2441 3289 2495 3335 et
2529 3280 3084 3352 comprehendentes,
3117 3272 3241 3337 eum
3271 3280 3687 3345 cruciﬁxerunt,

2109 3374 2360 3430 dicentes
2390 3374 2743 3444 blasphemia:
2771 3374 2936 3431 verba
2956 3375 3020 3430 ad
3051 3373 3274 3430 Mariam
3294 3374 3523 3430 Matrem
3544 3373 3686 3444 ejus,

2109 3466 2196 3519 cui
2263 3465 2441 3537 pudor
2492 3465 2766 3522 castitatis
2813 3466 3011 3521 inerat.
3064 3464 3264 3521 lterum
3328 3465 3485 3533 dicis,
3519 3478 3690 3536 quare

2116 3556 2416 3613 adoremus
2462 3557 2746 3613 Cltristum
2807 3555 3048 3612 Verbum
3092 3556 3207 3613 Dei.
3270 3555 3545 3628 Numquid
3579 3571 3688 3611 non

2111 3650 2387 3707 invenitur
2419 3650 2477 3707 in
2511 3651 2633 3723 lege
2658 3650 2753 3706 Dei
2783 3651 2929 3722 quod
2961 3650 3056 3707 lilii
3092 3649 3254 3707 Israel
3321 3650 3692 3705 adoraverunt

2110 3760 2294 3802 arcam
2348 3759 2512 3816 quam
2551 3751 2886 3817 praeceperat
2918 3745 3061 3802 Deus
3085 3742 3257 3816 Moysi
3284 3743 3484 3810 facere,
3525 3751 3578 3798 et
3606 3753 3690 3797 ta-

2116 3854 2236 3895 men
2265 3854 2375 3895 non
2403 3839 2710 3895 adorabant
2750 3854 2851 3895 nec
2878 3836 3194 3895 serviebant
3212 3852 3353 3893 arcae
3378 3852 3480 3893 nec
3505 3838 3689 3907 ligno:

2114 3931 2206 3987 sed
2236 3930 2543 3986 adorabant
2575 3942 2629 3987 et
2648 3929 2964 3987 serviebant
3010 3929 3116 4002 legi
3147 3938 3200 3985 ct
3227 3930 3394 3985 verbo
3420 3928 3508 3986 Dei
3544 3929 3692 3999 quod

2116 4028 2230 4077 erat
2266 4020 2321 4076 in
2350 4036 2501 4088 arca,
2524 4030 2573 4077 et
2601 4030 2781 4077 tamen
2812 4037 2921 4077 non
2942 4020 3011 4077 ob
3026 4020 3132 4076 hoc
3154 4029 3311 4076 erant
3331 4020 3490 4077 alieni
3514 4034 3543 4074 a
3563 4021 3690 4096 Deo,

2113 4128 2215 4169 nec
2249 4113 2462 4169 duobus
2484 4113 2591 4170 diis
2624 4114 2863 4171 servisse
2889 4113 3276 4185 judicabaatur
3298 4114 3321 4170 ?
3341 4113 3580 4169 Rursum
3606 4115 3692 4170 di-

2114 4210 2196 4266 cis
2225 4210 2371 4282 quod
2422 4212 2478 4264 in
2542 4210 2657 4279 lege
2728 4219 2908 4265 vestra
2996 4209 3329 4275 inveniatur,
3383 4208 3527 4281 quod
3552 4208 3695 4264 Deus

2114 4306 2371 4379 praecepit
2402 4305 2610 4378 angelis
2629 4304 2745 4360 suis
2772 4304 3003 4360 adorare
3027 4304 3224 4359 Adam.
3249 4302 3405 4371 Quod
3434 4304 3479 4360 si
3514 4303 3587 4358 ita
3610 4310 3697 4358 est

2114 4397 2479 4461 credendum,
2510 4393 2642 4469 quid
2670 4394 2951 4451 existimas
2988 4394 3056 4450 de
3086 4392 3292 4460 Verbo,
3326 4395 3471 4466 quod
3512 4396 3694 4451 norni-

2118 4498 2312 4548 natum
2371 4499 2456 4546 est
2490 4489 2767 4545 Messias?
2802 4488 3057 4559 Nunquid
3084 4500 3163 4544 est
3195 4489 3390 4545 melius
3413 4504 3533 4544 eum
3562 4491 3698 4544 ado-

2040 4590 2263 4647 Drare,
2309 4596 2474 4652 quam
2528 4588 2739 4651 petram
2794 4578 3018 4635 surdam
3058 4595 3221 4650 quam
3283 4579 3545 4646 adoratis,
3601 4582 3693 4635 ubi

2130 4672 2346 4730 scimus
2382 4670 2588 4742 aliquid
2618 4670 2953 4727 remansisse
2983 4671 3049 4726 de
3084 4671 3388 4726 idololatria
3448 4673 3535 4727 illa
3588 4688 3693 4744 qua

2121 4761 2427 4818 adorabant
2455 4759 2610 4829 laob,
2640 4758 2795 4828 Jaoc,
2830 4759 3060 4825 Nazara,
3093 4772 3145 4817 et
3167 4762 3315 4817 Aliae
3374 4772 3429 4817 et
3460 4764 3695 4834 Allogei,

2116 4864 2169 4911 et
2207 4856 2402 4913 Mena?
2440 4855 2670 4923 Quidam
2728 4871 2792 4910 ex
2824 4855 2904 4912 eis
2950 4864 3109 4910 erant
3142 4855 3216 4910 dii
3243 4855 3295 4910 in
3338 4857 3698 4912 similitudine

2116 4951 2392 5015 virorum,
2419 4949 2666 5021 quaedam
2715 4947 2768 5003 in
2797 4948 3155 5003 similitudine
3187 4947 3550 5005 feminarum!
3589 4950 3699 5005 Illa-

2117 5043 2268 5114 jores
2299 5043 2495 5098 horum
2520 5042 2861 5108 -dicebantur
2896 5043 3154 5111 Aleubre,
3219 5045 3363 5100 unde
3411 5053 3467 5099 et
3515 5060 3698 5100 sermo

2124 5138 2230 5193 iste
2254 5136 2558 5201 derivatur,
2605 5136 2918 5202 Alacuiber,
2953 5137 3098 5194 inter
3122 5153 3221 5195 vos
3249 5137 3593 5194 immolantes
3617 5140 3698 5194 eis

2119 5245 2316 5301 pecora
2346 5240 2402 5287 et
2432 5231 2671 5288 camelos
2697 5231 2752 5287 in
2781 5248 2891 5288 uno
2907 5233 3132 5305 die,pro
3154 5249 3485 5306 unoquoque
3514 5248 3695 5290 anno:

2125 5332 2181 5380 et
2213 5325 2390 5381 secuti
2425 5325 2558 5381 estis
2585 5326 3035 5382 consuetudinem
3059 5342 3393 5398 paganorum
3422 5345 3589 5401 super
3620 5330 3698 5382 la-

2126 5418 2251 5489 pide
2294 5418 2409 5485 illo,
2446 5418 2500 5474 in
2535 5417 2747 5485 Mecha,
2786 5419 2839 5474 in
2871 5421 3072 5492 angulo
3100 5421 3296 5477 domus
3319 5422 3493 5491 ipsius
3530 5422 3699 5477 idolo-

2132 5508 2328 5574 latriae,
2357 5507 2445 5563 cui
2479 5507 2756 5565 serviebat
2785 5510 3087 5582 antiquitas
3117 5526 3477 5583 paganorum,
3508 5526 3562 5567 et
3598 5513 3700 5567 im-

2132 5602 2390 5657 molabat.
2447 5600 2648 5657 lterum
2699 5602 2862 5669 dicis,
2925 5605 3071 5675 quod
3130 5604 3293 5660 simul
3347 5613 3475 5661 ante
3528 5605 3698 5661 Deum

2132 5695 2390 5750 Christus
2428 5694 2503 5750 sit
2531 5704 2587 5750 et
2617 5695 2787 5751 Adam
2821 5714 2834 5753 :
2863 5707 2917 5754 et
2947 5698 3149 5770 ponitis
3180 5698 3448 5755 facturam
3474 5699 3542 5756 de
3562 5699 3699 5765 luto,

2129 5803 2251 5860 qua!
2306 5787 2645 5843 contradixit
2688 5788 2801 5846 Deo
2846 5805 2969 5857 suo,
3014 5800 3071 5847 et
3093 5807 3203 5848 non
3238 5793 3535 5849 custodivit
3567 5809 3703 5866 prm-

2135 5891 2350 5954 ceptum
2378 5880 2526 5953 ejus.
2561 5881 2799 5940 similent
2851 5883 3028 5944 Verbo
3054 5885 3150 5943 Dei
3195 5896 3245 5942 ct
3278 5886 3469 5943 lutnini
3503 5887 3698 5959 ipsius,
