4108 6306
293 358 390 421 321

1504 362 1860 425 EPISTOLA
1910 363 1949 417 Α
1961 361 2004 419 Ι)
2036 358 2187 416 ΟΜΑ
2199 357 2296 417 RU
2309 356 2384 416 Μ.

3452 353 3558 418 322

303 473 394 542 qui
448 488 560 529 non
591 482 675 530 est
708 475 909 543 factus,
946 478 1040 534 sed
1074 495 1167 550 per
1211 478 1390 549 ipsmn
1427 476 1570 532 facta
1602 485 1729 532 sunt
1759 490 1876 528 om-
1908 485 1952 541 Α
1982 485 2170 524 verum
2201 470 2416 522 loeutus
2445 482 2504 522 es
2531 467 2778 529 nobis,et
2809 468 3128 524 testabimur
3156 469 3280 538 quia
3306 468 3556 525 Christus

305 567 412 634 nia,
441 573 495 621 et
549 565 664 636 ipse
705 575 790 624 est
819 567 1070 634 Messias,
1117 568 1276 638 cujus
1316 584 1545 638 regnum
1581 565 1877 636 sempiter-

304 673 430 712 num
469 658 708 713 exsistit.
741 659 953 724 Qumris
982 662 1256 731 quomodo
1293 660 1434 716 Deus
1465 659 1644 729 potuit
1670 655 1878 726 ingredi

303 748 356 803 iit
410 759 655 804 ventrem
688 751 952 817 mulieris,
1003 752 1350 807 tenebrosum
1395 759 1448 803 et.
1488 760 1778 818 angustum
1826 754 1882 801 et

305 839 574 894 fetidum:
613 841 706 897 sed
741 843 786 896 si
824 842 964 899 forte
989 844 1282 913 intelligas,
1315 841 1412 896 tibi
1467 840 1881 895 similitudinem

303 933 517 987 datnus.
557 931 745 988 Nonne
789 934 936 990 vides
963 936 1132 991 solem
1162 934 1289 1004 quia
1322 932 1566 1004 graditur
1585 947 1748 1002 super
1782 931 1884 984 im-

305 1024 627 1080 munditiam
660 1035 711 1080 ct
740 1035 1006 1092 stercora,
1043 1036 1095 1082 et
1117 1028 1364 1090 fetorem,
1397 1033 1450 1080 et
1485 1035 1665 1080 tamen
1729 1024 1883 1078 nullo

304 1118 467 1171 modo
508 1117 847 1188 inquinatur,
890 1121 980 1174 sed
1017 1119 1244 1174 mundat
1272 1118 1478 1185 omnia,
1529 1128 1733 1186 quanto
1767 1130 1883 1169 ma-

305 1212 389 1282 gis
419 1209 562 1266 Deus
591 1212 684 1283 qui
709 1212 837 1267 fecit
864 1214 1031 1267 Solem
1057 1228 1164 1267 non
1195 1211 1512 1283 inquinetur
1533 1227 1562 1264 a
1597 1210 1884 1265 creatura?

304 1297 409 1353 Sed
467 1298 584 1352 noli
652 1313 773 1354 esse
841 1301 1156 1356 incredulus
1209 1308 1265 1354 ut
1330 1316 1437 1354 non
1508 1299 1883 1371 ingrederetur

304 1386 448 1445 Deus
499 1391 554 1446 in
617 1399 833 1445 uterum
902 1392 1161 1464 Virginis,
1215 1393 1310 1460 qui
1359 1394 1642 1464 ingressus
1705 1401 1788 1448 est
1827 1392 1881 1447 iu

304 1481 444 1536 rubo
471 1484 562 1554 qui
587 1492 704 1538 erat
741 1486 794 1538 in
827 1494 1011 1541 monte
1039 1483 1216 1549 Sinai,
1251 1497 1303 1541 et
1341 1487 1560 1542 locutus
1598 1495 1684 1542 est
1725 1501 1883 1541 servo

307 1589 409 1628 suo
449 1575 640 1646 Moysi,
704 1587 758 1631 et
792 1577 961 1647 legem
994 1578 1044 1634 ei
1097 1579 1268 1634 dedit.
1301 1579 1492 1634 Nonne
1543 1580 1738 1635 melius
1767 1589 1883 1635 erat

304 1682 504 1737 corpus
535 1666 775 1739 Virginis
815 1685 977 1739 quam
1009 1671 1098 1725 illa
1125 1672 1278 1743 spina
1304 1672 1422 1727 rubi
1465 1672 1666 1738 ?Quod
1698 1681 1880 1728 autem

303 1759 471 1823 dicis,
514 1761 681 1831 legem
743 1761 911 1833 Moysi
969 1779 1090 1818 esse
1155 1777 1474 1830 crematam,
1505 1774 1556 1820 et
1585 1767 1725 1836 quod
1762 1782 1880 1821 eam

1994 561 2137 615 Deus
2167 575 2226 613 es
2255 579 2268 612 :
2301 559 2476 629 dirige
2508 575 2707 612 manna
2744 559 2811 614 de
2841 562 3004 622 coelo,
3043 569 3100 613 ut
3152 561 3223 614 sit
3267 561 3423 615 nobis
3476 562 3555 615 fe--

1984 663 2132 709 stum
2165 655 2431 717 solemne,
2494 659 2547 705 et
2601 652 2840 720 posteris
2869 652 3074 708 nostris
3126 651 3341 721 signum
3365 667 3429 707 ex
3467 663 3555 707 te:

1984 745 2098 800 inec
2160 745 2318 800 nobis
2379 741 2581 809 tribue,
2611 743 2738 812 quia
2773 751 2830 796 tu
2877 757 2938 798 es
2967 742 3127 797 dator
3171 743 3459 798 donorum.
3499 745 3561 796 Iit

1985 837 2130 893 Deus
2165 837 2322 903 dixit,
2369 836 2608 905 Dirigam
2653 834 2787 891 illud
2825 835 3018 901 vobis;
3078 836 3224 908 quod
3274 848 3557 908 postquam

1986 931 2224 1001 negavit,
2257 928 2642 982 cruciarerunt
2677 942 2799 981 eum
2845 927 3188 983 crueiatione
3254 945 3358 997 qua
3402 942 3560 985 nemo

1985 1025 2266 1079 cruciatus
2315 1021 2438 1076 fuit.
2470 1021 2534 1076 Et
2564 1028 2747 1074 tamen
2773 1020 2828 1074 bi
2867 1036 3150 1076 sermones
3180 1021 3400 1076 fuerunt
3454 1021 3555 1078 Ne-

1986 1117 2215 1172 storiani
2267 1114 2550 1182 cujusdam
2595 1112 2856 1179 haeretici,
2919 1128 3029 1168 non
3064 1129 3195 1168 sane
3229 1114 3295 1169 de
3335 1115 3559 1172 Christo

1987 1207 2321 1266 sentientis:
2355 1207 2449 1278 qui
2493 1222 2589 1263 vos
2619 1207 2924 1263 introduxit
2962 1208 3117 1278 quasi
3164 1219 3218 1262 ut
3260 1210 3464 1280 aliquid
3495 1211 3562 1263 de

1989 1300 2094 1355 tide
2120 1299 2325 1356 Christi
2356 1297 2759 1369 intelligeretis,
2792 1299 2887 1354 sed
2916 1307 2972 1352 ut
3011 1311 3094 1355 est
3121 1299 3261 1354 ratio
3306 1309 3358 1356 et
3414 1301 3560 1355 veri-

1987 1400 2073 1447 tas
2107 1393 2264 1446 vobis
2295 1405 2403 1445 non
2435 1391 2851 1446 demonstravit.

2057 1484 2211 1550 Quod
2243 1484 2309 1538 de
2356 1482 2579 1538 Christo
2642 1483 2710 1554 [Ῑ.
2743 1485 2810 1538 de
2839 1482 3027 1557 cruce]
3074 1501 3105 1539 a
3155 1501 3237 1540 me
3287 1486 3556 1556 qumsisti,

1984 1578 2248 1632 scientem
2281 1585 2334 1631 te
2381 1577 2547 1631 reddo
2587 1579 2790 1630 modo:
2825 1578 2951 1647 quia
2985 1579 3072 1634 die
3107 1593 3213 1648 qua
3263 1577 3561 1634 crucifixus

1987 1678 2070 1723 est
2092 1669 2366 1734 Christus,
2391 1685 2516 1723 cum
2548 1683 2614 1723 eo
2643 1669 2751 1723 duo
2782 1670 3021 1725 latrones
3053 1669 3223 1741 (unus
3256 1672 3321 1723 ad
3345 1672 3556 1736 laevam,

1987 1763 2125 1816 alter
2157 1761 2225 1814 ad
2261 1761 2565 1830 dexteram)
2603 1759 2849 1825 fuerunt,
2904 1768 2958 1815 et
2995 1775 3118 1816 mox
3172 1762 3356 1817 emisit
3405 1762 3563 1832 spiri-

302 1849 510 1906 I-Jsdras
576 1859 891 1910 memoriter
951 1864 1005 1908 et
1071 1858 1408 1912 mendaciter
1463 1834 1882 1919 mem—oravit,et
1918 1834 2122 1906 Btum.
2187 1852 2381 1906 Statim
2440 1861 2582 1907 terra
2607 1853 2961 1918 contremuit,
3014 1861 3069 1907 et
3127 1853 3562 1908 solobscuratus

304 1959 418 1997 tmtt
449 1942 548 1997 fuit
601 1945 654 1997 in
689 1959 754 1997 ea
791 1954 1121 2000 memoratus
1175 1946 1244 2002 de
1307 1949 1735 2012 resurrectione,
1791 1953 1885 2000 aut

303 2037 414 2090 vita
476 2048 695 2102 acterna,
735 2049 827 2090 aut
892 2037 1170 2107 paradiso,
1206 2054 1352 2094 nunc
1393 2039 1510 2105 tibi,
1539 2040 1584 2095 si
1625 2040 1733 2096 Deo
1768 2040 1884 2111 pla-

299 2134 449 2192 ceat,
477 2127 788 2183 ostendam.
822 2127 1152 2185 Benedictus
1185 2129 1449 2184 Dominus
1495 2131 1881 2187 revelationcm

302 2219 361 2273 in
397 2221 691 2291 prophetas
730 2236 862 2276 suos
888 2222 1058 2286 misit,
1092 2231 1144 2278 et
1172 2223 1352 2278 omnis
1382 2224 1646 2293 propheta
1671 2224 1885 2278 locutus

300 2320 390 2368 est
431 2329 526 2382 per
561 2312 948 2370 revelationem
1009 2313 1102 2370 Dei
1138 2323 1234 2371 :ct
1267 2315 1413 2370 dedit
1464 2315 1634 2388 Moysi
1689 2317 1883 2385 legem,

303 2404 360 2460 in
389 2419 496 2475 qua
533 2405 738 2474 scripta
765 2415 894 2461 sunt
927 2417 1196 2477 praet-pta
1227 2407 1458 2462 filiorum
1490 2406 1675 2474 Israel,
1705 2408 1886 2462 exitus

301 2512 496 2552 eorum
528 2496 596 2551 de
626 2496 886 2568 ASgypto,
972 2498 1364 2563 dinumeratio,
1417 2509 1470 2554 et
1499 2499 1884 2566 contradictio,

301 2601 358 2646 et
411 2591 714 2662 indignatio
772 2589 866 2647 Dei
917 2607 1085 2664 super
1135 2607 1252 2658 eos,
1312 2601 1364 2648 et
1397 2593 1675 2662 quomodo
1703 2593 1884 2646 omnia
1917 2577 1929 2586 ’

300 2685 513 2741 creavit
551 2702 569 2740 ι
626 2685 1012 2740 rememoratio
1055 2700 1271 2757 regum,
1331 2694 1383 2740 et
1421 2685 1694 2756 quomodo
1737 2684 1888 2740 exal-

302 2779 442 2832 tavit
504 2786 559 2834 et
619 2778 936 2833 bumiliavit
977 2794 1092 2844 eos,
1131 2787 1185 2833 et
1220 2778 1480 2833 revelavit
1520 2778 1686 2832 David
1727 2793 1886 2834 servo

304 2884 410 2927 suo
453 2869 842 2941 psalmodiam,
885 2870 1275 2944 et‘Salomoni
1303 2869 1654 2944 sapientiam,
1685 2877 1740 2925 et
1783 2868 1886 2926 Job

305 2976 410 3020 suo
440 2959 642 3018 dilecto
688 2971 742 3018 et
784 2961 990 3019 Danieli
1051 2961 1397 3034 prudentiam
1431 2979 1446 3018 :
1478 2972 1529 3017 et
1578 2978 1677 3018 nos
1709 2962 1887 3018 credi-

309 3070 431 3110 mus
477 3056 964 3117 resurrectionem,
1019 3063 1074 3109 et
1107 3053 1446 3124 paradisum,
1482 3061 1535 3109 et
1583 3051 1886 3119 infernum,

306 3155 360 3202 et
394 3147 703 3204 invenimus
743 3161 807 3203 ea
841 3146 1046 3217 scripta
1080 3146 1133 3202 in
1169 3142 1354 3202 Veteri
1392 3145 1745 3200 Testamento
1790 3161 1887 3216 per

307 3239 543 3298 Esdram
571 3241 659 3297 cui
687 3241 827 3298 Deus
857 3242 1136 3310 revelavit,
1167 3250 1218 3298 et
1241 3239 1466 3314 scripsit
1496 3255 1559 3296 ea
1615 3240 1681 3294 ad
1717 3239 1889 3310 pleni.-

309 3336 577 3391 tudinem.
608 3333 674 3389 Et
704 3335 847 3391 sicut
879 3335 1021 3391 Deus
1053 3335 1224 3408 Moysi
1268 3336 1548 3406 prepheta:
1589 3350 1691 3390 suo
1715 3334 1886 3400 dedit,

309 3425 388 3480 ita
423 3425 623 3482 Esdras
671 3423 975 3481 declaravit
1015 3435 1070 3483 et
1133 3427 1208 3481 nil
1245 3425 1613 3497 praetermisit,
1667 3428 1792 3496 quia
1833 3426 1886 3478 in

313 3520 596 3590 prephetis
649 3519 743 3576 Dei
780 3535 889 3575 non
941 3527 1027 3576 est
1067 3517 1411 3576 mendacium
1447 3533 1625 3591 neque
1663 3519 1886 3583 oblivio,

309 3613 442 3686 quia
471 3613 615 3670 Deus
649 3614 708 3667 fit
730 3613 990 3669 revelatio
1022 3612 1269 3669 illorum.

381 3705 664 3777 Scripsisti
695 3707 826 3760 mihi
862 3706 929 3762 de
953 3705 1229 3763 sacrificio
1273 3703 1401 3774 quid
1435 3716 1600 3770 esset,
1651 3713 1705 3759 et
1743 3705 1886 3776 quod

311 3810 425 3852 non
455 3799 730 3867 reperires
757 3812 1086 3867 quemquam
1134 3797 1200 3851 de
1233 3795 1600 3850 servientibus
1647 3794 1742 3849 Dei
1795 3795 1888 3866 qui

313 3888 945 3945 obtuleritsacrificium.
967 3888 1246 3953 Primitus,
1279 3888 1385 3942 duo
1437 3889 1528 3941 filii
1580 3887 1710 3941 Atlze
1733 3887 1892 3942 obtu-

315 3983 514 4048 ierunt,
541 3994 596 4038 et
621 3992 906 4054 acceptum
932 3989 1015 4039 est
1066 3982 1134 4037 ab
1157 3999 1285 4038 uno.
1355 3982 1698 4038 Sacrificium
1747 3981 1890 4036 veri-

316 4078 442 4134 tatis
463 4085 547 4135 est
581 4077 748 4150 super
793 4077 1065 4140 homines.
1099 4084 1152 4131 et
1192 4085 1474 4144 acceptum
1519 4073 1650 4140 Deo,
1679 4083 1734 4130 et
1759 4073 1892 4129 ardia

315 4171 496 4226 ficatio
535 4171 584 4226 ei
637 4171 952 4242 quicunque
982 4169 1289 4225 obtulerit:
1340 4177 1571 4239 excepto
1619 4165 1892 4221 sacrificio

315 4263 456 4334 quod
493 4263 656 4318 idolis
686 4263 945 4329 offertur;
977 4263 1072 4334 qui
1094 4263 1238 4318 enim
1272 4261 1409 4316 illud
1436 4261 1696 4325 offerunt,
1723 4261 1887 4318 alieni

317 4366 447 4410 sunt
504 4364 563 4410 et
597 4354 814 4428 perditi.
853 4353 1110 4409 Christus
1145 4367 1297 4418 vero,
1334 4361 1494 4407 nocte
1521 4351 1610 4406 illa
1641 4367 1744 4421 qua
1774 4359 1891 4406 erat

324 4448 610 4502 inchoatio
669 4447 968 4518 passionis.
1026 4445 1318 4517 discipulis
1367 4447 1504 4501 dixit
1577 4445 1707 4516 quid
1734 4445 1799 4502 de
1827 4461 1893 4502 eo

1983 1957 2089 2012 est,
2119 1953 2171 2000 et
2202 1945 2464 2017 quosdam
2499 1946 2775 2016 principes
2816 1943 2886 2000 de
2922 1942 3149 2011 Judaais,
3179 1946 3272 2014 qui
3305 1947 3557 2009 aderant,

1986 2040 2198 2096 validus
2237 2040 2400 2093 timor
2428 2039 2630 2094 invasit
2653 2047 2876 2108 propter
2928 2039 3077 2110 ipsas
3117 2053 3337 2093 cruces.
3374 2036 3442 2092 Et
3503 2050 3560 2090 ut

1987 2133 2298 2188 hominibus
2324 2132 2609 2188 veritatem
2656 2131 2919 2197 celarent,
2951 2147 3045 2187 eas
3099 2132 3204 2188 sub
3260 2141 3403 2185 terra
3436 2131 3562 2185 abs-

1985 2225 2311 2290 conderunt,
2351 2224 2426 2279 ita
2468 2233 2525 2280 ut
2558 2224 2650 2278 alii
2689 2229 2966 2280 nescirent
2990 2225 3096 2280 nisi
3135 2240 3318 2290 unus;
3360 2232 3414 2279 et
3461 2241 3559 2277 nc—

1988 2317 2118 2371 mini
2144 2318 2197 2371 in
2239 2317 2349 2371 vita
2378 2331 2478 2370 sua
2505 2316 2758 2371 dicebat:
2797 2331 2921 2370 cum
2947 2325 3126 2372 autem
3165 2331 3311 2371 mors
3331 2315 3562 2370 accede-

1987 2418 2087 2475 ret,
2123 2409 2284 2464 aiieui
2316 2408 2623 2479 propinquo
2676 2407 2961 2478 aperiebat
3027 2408 3215 2464 dicens
3249 2428 3265 2466 ;
3306 2407 3562 2474 Quando-

1992 2513 2097 2569 que
2131 2497 2372 2568 quaestio
2412 2499 2597 2554 crucis
2654 2499 2784 2564 erit,
2839 2497 3018 2552 locum
3087 2497 3210 2552 vide
3262 2506 3317 2553 et
3397 2497 3557 2552 scito.

1991 2588 2221 2655 Quando
2256 2600 2434 2644 tamen
2457 2588 2631 2644 voluit
2676 2587 2927 2644 Christus
2993 2589 3316 2644 hominibus
3365 2589 3562 2645 confu-

1987 2683 2196 2738 sionem
2235 2680 2548 2737 Judaeorum
2595 2681 2906 2749 ostendere,
2945 2682 3312 2739 inventionem
3376 2685 3561 2738 crucis

1985 2773 2349 2828 Constantino
2393 2774 2508 2845 regi
2569 2775 2963 2838 Romanorum,
3014 2773 3108 2846 qui
3150 2773 3382 2829 necdum
3445 2785 3560 2827 erat

1986 2867 2351 2933 Christianus,
2381 2867 2615 2938 aperuit.
2638 2868 2772 2924 Cum
2801 2867 2946 2923 enim
2974 2875 3220 2939 pergeret
3247 2873 3314 2922 ad
3336 2865 3558 2930 bellum,

1985 2958 2205 3015 elevans
2254 2958 2448 3013 oculos
2506 2958 2575 3011 ad
2637 2958 2838 3014 malum
2889 2958 3071 3013 media
3120 2967 3297 3022 nocte,
3332 2956 3467 3014 vidit
3500 2960 3553 3010 in

1989 3050 2128 3106 coelo
2161 3053 2319 3122 quasi
2367 3051 2504 3106 duas
2522 3051 2830 3116 columnas,
2883 3065 3048 3105 unam
3077 3065 3243 3120 super
3281 3049 3442 3103 aliam
3471 3048 3557 3102 in-

1912 3182 1956 3237 C
1992 3154 2194 3199 lentam
2223 3145 2276 3198 in
2309 3145 2728 3200 similitudinem
2760 3144 2959 3208 crucis,
2984 3143 3116 3202 etin
3138 3160 3197 3199 ea
3221 3145 3556 3214 scripturam

1992 3238 2149 3300 igneo
2179 3237 2391 3309 fulgore
2419 3239 2761 3300 rutilantetn,
2794 3237 3053 3293 etCra-cc
3083 3241 3342 3312 scriptam
3372 3255 3385 3270 ο
3418 3237 3560 3307 Quid

1990 3332 2166 3402 petisti
2216 3329 2389 3388 aDeo
2434 3341 2522 3386 tuo
2583 3339 2641 3386 ut
2720 3329 3012 3386 ostenderet
3087 3333 3183 3386 tibi
3255 3334 3416 3403 fidem
3474 3349 3556 3386 re-

1991 3435 2155 3491 ctam,
2218 3423 2386 3495 facito
2451 3426 2546 3480 tibi
2605 3427 2811 3497 signum
2854 3424 3023 3495 regale
3058 3427 3113 3479 iu
3157 3425 3558 3479 similitudinem

1991 3519 2164 3572 crucis
2190 3520 2372 3583 istius,
2407 3536 2521 3580 aure
2545 3522 2810 3589 pra'ccdnt
2849 3531 2898 3575 te
2926 3533 3113 3576 contra
3143 3521 3384 3574 inimicas
3419 3529 3558 3586 tuos,

1989 3611 2274 3666 secundum
2331 3614 2469 3682 quod
2498 3614 2676 3667 vidisti
2723 3613 2776 3667 in
2821 3614 2970 3668 coelo.
3007 3613 3130 3682 Quo
3162 3615 3324 3680 facto,
3375 3614 3560 3670 hostes

1990 3704 2212 3765 invasit,
2243 3713 2293 3758 et
2331 3720 2426 3773 per
2477 3705 2732 3760 virtutem
2778 3717 2984 3762 sancue
3022 3706 3205 3762 crucis
3249 3708 3372 3762 illos
3412 3707 3562 3763 devi-

1993 3799 2090 3854 cit.
2115 3797 2360 3868 Cumque
2391 3809 2784 3863 reverteretur,
2819 3810 3045 3856 matrem
3080 3816 3236 3856 suam
3294 3800 3554 3857 Helenam

1992 3904 2117 3945 cum
2160 3889 2401 3945 exercitu
2433 3907 2716 3962 usquequo
2746 3891 3047 3949 Jerusalem
3077 3897 3285 3950 veniret
3335 3895 3560 3960 direxit,

1993 3992 2048 4037 ut
2081 3980 2208 4051 qttid
2245 3981 2312 4037 de
2366 3997 2529 4038 cruce
2555 3984 2757 4038 Christi
2811 3985 3012 4039 factum
3053 3997 3222 4049 esset,
3263 4002 3292 4040 a
3354 3985 3560 4042 ludatis

1993 4075 2351 4147 perquireret.
2395 4073 2581 4130 Multis
2615 4085 2797 4130 autem
2844 4075 3130 4142 cruciatis,
3187 4078 3362 4131 virum
3408 4078 3559 4133 illum

1991 4169 2086 4239 qui
2109 4169 2176 4224 de
2208 4170 2352 4222 tribu
2382 4167 2503 4237 ejus
2533 4169 2711 4223 fuerat
2742 4168 2831 4222 cui
2891 4185 2979 4224 res
3013 4170 3249 4239 primum
3309 4172 3563 4225 notifica-

1990 4261 2170 4326 batur,
2202 4260 2405 4331 inquiri
2433 4261 2712 4332 przecepit.
2739 4259 2895 4316 lllmn
2933 4273 3136 4327 autem,
3165 4263 3242 4316 rei
3273 4264 3558 4318 veritatem

1990 4353 2206 4424 aperire
2240 4353 2539 4417 nolentem,
2561 4354 2612 4406 in
2651 4363 2812 4423 puteo
2840 4354 2957 4409 sine
2980 4363 3110 4422 potu
3130 4364 3183 4409 ct
3206 4357 3351 4409 virtu
3383 4357 3564 4412 reclu-

1993 4451 2086 4506 sit.
2104 4449 2353 4519 Cumque
2401 4464 2460 4504 se
2494 4448 2822 4504 moriturum
2859 4448 3231 4518 cognovisset,
3285 4451 3332 4504 ei
3383 4454 3562 4506 locum

315 4539 484 4596 Judaei
517 4539 715 4595 facturi
743 4548 948 4605 essent,
981 4549 1035 4594 et
1065 4539 1552 4605 resurrectionem,
1586 4549 1644 4594 et
1675 4538 1878 4608 fugam,
1921 4541 1962 4596 D
1993 4543 2262 4611 ostendit;
2288 4550 2341 4597 et
2371 4542 2498 4596 dum
2525 4540 2798 4609 foderent,
2859 4542 3042 4596 futnus
3072 4543 3279 4598 incensi
3312 4546 3379 4600 de
3409 4545 3560 4599 fovea

318 4644 375 4687 et
399 4634 764 4689 reversionem
798 4633 861 4688 ad
883 4649 1005 4688 eum
1029 4633 1402 4700 aununtiavit;
1435 4643 1486 4688 et
1512 4635 1766 4689 tamenin
1799 4633 1889 4688 illa

315 4738 477 4783 nocte
497 4744 622 4784 cum
658 4727 945 4798 discipulis
983 4725 1302 4794 comedens,
1348 4727 1626 4798 accipiens
1691 4742 1886 4798 panem

316 4818 595 4874 benedixit
614 4827 667 4874 et
698 4817 866 4873 dixit:
903 4819 1134 4887 Accipite
1157 4827 1206 4872 et
1236 4820 1487 4874 comeditc
1513 4835 1534 4873 :
1563 4820 1658 4872 hoc
1678 4830 1754 4874 est
1775 4837 1891 4874 cor-

315 4928 411 4980 pus
440 4929 608 4966 meum
642 4912 778 4981 quod
797 4927 892 4982 pro
919 4912 1059 4965 robis
1089 4911 1348 4966 tradetur.
1381 4911 1580 4966 lterum
1617 4914 1892 4983 accipiens

317 5004 571 5068 calicem,
608 5003 749 5056 dixit
783 5020 796 5056 :
829 5001 1000 5056 Bibite
1029 5018 1091 5056 ea:
1119 5003 1212 5054 hoc
1232 5017 1443 5067 omnes;
1470 5003 1550 5056 hic
1576 5013 1653 5058 est
1676 5006 1891 5074 sanguis

318 5113 464 5150 meus
519 5097 610 5166 qui
649 5095 876 5164 o/fertur
916 5097 969 5149 in
1021 5096 1383 5150 remissionem
1437 5106 1790 5163 peccatorum.
1829 5096 1892 5149 Et

324 5189 575 5260 pra-cepit
605 5189 764 5244 nobis
795 5190 1048 5245 similiter
1082 5190 1217 5253 fieri,
1256 5197 1312 5241 ut
1363 5190 1433 5241 sit
1457 5190 1614 5243 nobis
1641 5191 1892 5244 remissio

323 5292 700 5349 peccatorum,
727 5281 1043 5350 quicunque
1070 5281 1124 5335 in
1168 5281 1270 5335 fide
1302 5290 1355 5334 et
1380 5279 1672 5335 dilectione
1725 5281 1890 5336 obtu-

322 5375 567 5430 lcrimus.
611 5374 743 5428 Illud
778 5375 1109 5430 sacrificium
1148 5377 1274 5430 licet
1305 5373 1550 5438 credere,
1586 5391 1693 5430 non
1757 5375 1891 5430 illud

321 5466 464 5533 quod
499 5467 554 5520 in
593 5466 709 5535 lege
740 5473 918 5519 vestra
952 5481 1047 5520 vos
1076 5467 1274 5520 habere
1308 5464 1511 5521 dicitis.
1540 5466 1676 5520 Cum
1719 5466 1888 5522 disci:

323 5561 432 5630 puli
467 5557 604 5614 Filio
639 5559 730 5613 Dei
783 5559 1077 5626 dixissent,
1135 5559 1333 5614 invoca
1370 5561 1536 5614 Deum
1579 5568 1638 5614 ut
1691 5559 1894 5631 dirigat

322 5650 477 5705 nobis
503 5658 701 5703 ntanna
732 5649 797 5703 de
826 5649 1002 5717 cmlo;
1028 5659 1081 5705 et
1107 5649 1337 5706 dixisset
1369 5651 1647 5712 Christus,
1682 5648 1895 5706 Timete

324 5743 491 5799 Deum
528 5744 573 5800 si
613 5743 748 5799 estis
783 5743 990 5808 fideles,
1025 5743 1281 5814 discipuli
1317 5745 1593 5808 dixerunt,
1629 5741 1894 5798 Volumus

324 5839 611 5892 comedere
647 5835 798 5898 illud,
826 5841 881 5888 et
926 5834 1208 5890 credemus
1259 5835 1353 5890 tibi
1427 5843 1479 5891 et
1507 5835 1740 5892 sciemus
1771 5834 1896 5906 quia

651 5932 918 5991 l‘A'rnor...
955 5930 1067 5990 Gn.
1110 5930 1288 5994 CVII.

1992 4637 2178 4698 exivit,
2205 4645 2315 4689 tres
2340 4648 2555 4694 cruces,
2596 4641 2716 4702 post
2745 4648 2841 4688 ccc
2887 4650 3064 4689 annos
3096 4651 3157 4689 ex
3184 4652 3290 4706 quo
3312 4635 3564 4693 Christus

1992 4735 2233 4790 venerat,
2269 4724 2583 4781 ostendens.
2614 4726 2678 4779 Et
2709 4741 2832 4780 cum
2858 4739 2984 4783 ante
3014 4727 3256 4797 reginam
3310 4730 3564 4786 nescien-

1993 4827 2101 4875 tem
2160 4833 2281 4889 qua:
2332 4834 2469 4873 crux
2523 4818 2727 4873 Christi
2774 4828 2940 4882 esset,
2989 4829 3362 4889 portarentur,
3402 4839 3565 4893 super

1995 4918 2272 4964 mortuum
2330 4908 2512 4965 subito
2543 4925 2945 4965 unamcrucem
2982 4913 3191 4982 posuit;
3228 4923 3282 4967 et
3317 4929 3423 4968 non
3449 4930 3566 4969 sur-

1994 5006 2162 5070 rexit;
2203 5002 2440 5061 secunda
2473 5003 2733 5069 adhibita,
2764 5004 2837 5058 nil
2866 5006 3097 5074 profuit;
3121 5021 3246 5062 eum
3283 5023 3410 5062 vero
3450 5018 3563 5065 ter-

1995 5098 2126 5151 tiam
2153 5096 2552 5159 adhibuissent,
2573 5096 2755 5150 statim
2780 5097 2868 5166 qui
2893 5108 3007 5153 erat
3030 5105 3279 5153 mortuus
3303 5101 3563 5158 surrexit.

1996 5190 2222 5260 ltegina,
2245 5188 2385 5243 facta
2413 5189 2641 5243 ceclesia
2669 5204 2833 5260 super
2862 5189 3062 5244 Christi
3082 5191 3418 5262 sepulcrum,
3440 5209 3569 5264 par-

1997 5289 2103 5336 tem
2125 5279 2192 5334 de
2226 5279 2475 5334 crnceibi
2508 5281 2749 5351 reliquit,
2779 5289 2832 5336 et
2853 5282 3117 5352 reliquam
3159 5281 3267 5337 filio
3296 5299 3396 5339 suo
3412 5283 3569 5336 detu-

1998 5373 2078 5426 lit.
2123 5370 2245 5426 Ιιιρε
2270 5379 2354 5425 est
2384 5373 2547 5426 causa
2581 5389 2748 5441 quare
2772 5387 2991 5428 crucem
3027 5371 3228 5428 Christi
3255 5375 3566 5432 adoremus.

2071 5463 2282 5518 Dictum
2311 5473 2393 5518 est
2421 5465 2550 5518 mihi
2577 5464 2722 5534 quod
2753 5480 2861 5520 non
2910 5466 3163 5522 salutatis
3201 5483 3297 5523 eos
3318 5467 3408 5539 qui
3437 5477 3570 5523 sunt

1996 5555 2220 5611 alterius
2247 5555 2403 5625 legis,
2436 5562 2490 5610 et
2541 5571 2637 5610 vos
2690 5556 2892 5611 habere
2937 5560 2990 5610 in
3024 5557 3142 5628 iege
3191 5568 3372 5613 vestra
3421 5559 3568 5629 quod

1999 5647 2261 5702 mulieres
2306 5646 2545 5717 alicujus
2577 5648 2701 5704 fidei
2733 5649 2888 5706 vobis
2925 5652 3084 5707 liceat
3132 5653 3188 5708 in
3231 5654 3567 5710 connubium

1999 5740 2200 5796 ducere
2229 5756 2245 5793 :
2271 5747 2324 5793 et
2379 5753 2655 5812 quomoao
2686 5743 2802 5798 fieri
2867 5751 3047 5816 potest
3092 5754 3150 5799 ut
3188 5744 3332 5802 Deus
3361 5747 3567 5802 homini

2000 5850 2224 5892 uxorem
2267 5837 2466 5892 ducere
2499 5837 2871 5909 pmcepissct,
2917 5838 3008 5909 qui
3053 5853 3153 5894 nec
3188 5839 3426 5894 salutare
3473 5855 3568 5894 ne-

3173 5932 3234 5992 li
