4058 6294
522 297 629 362 39.3

1338 297 1612 361 LEONIS
1651 295 2114 360 PHILOSOPHI
2150 296 2514 360 EPISTOLA
2555 297 2655 359 AD
2693 294 3044 358 OMARUM.

3662 292 3776 358 321

527 423 632 478 que
665 405 896 478 sepelire
929 406 1080 463 illam
1103 407 1461 479 dignaretur?
1489 407 1779 472 Similiter,
1809 408 1857 464 si
1903 408 1969 463 de
1999 408 2104 462 alia
2135 414 2178 470 Α
2209 408 2373 478 perit,
2405 406 2617 468 adulter
2645 416 2700 463 et
2720 407 2969 464 moechus
2988 402 3318 463 vindicetur.
3340 403 3538 459 lterum
3571 402 3775 461 dictum

528 495 633 556 iide
671 500 855 565 fuerit,
895 515 1002 556 non
1027 510 1244 571 oportet
1272 516 1439 571 super
1470 501 1781 570 sepulcrum
1811 500 1932 571 ejus
1952 509 2100 556 stare

528 601 623 647 aut
683 609 783 664 pro
832 594 922 647 illa
981 593 1284 663 deprecari.
1353 592 1488 646 Cum
1555 593 1737 660 autem
1769 608 1866 648 vos
1897 595 1949 648 in
1984 593 2101 665 lege

529 691 708 739 vestra
742 684 1006 755 scriptum
1030 683 1329 739 inveniatis
1358 684 1485 754 quia
1524 666 1684 742 multi
1711 700 1777 738 ex
1813 683 1900 739 his
1932 683 2100 755 quiin

523 774 640 846 lege
662 777 905 847 qualibet
948 785 1076 831 sunt
1108 776 1315 843 ﬁdeles,
1343 775 1488 846 apud
1517 775 1684 832 Deum
1719 783 1873 840 sunt,
1929 791 2101 846 quare

523 880 624 934 pro
655 879 718 920 ea
754 881 861 920 non
907 865 1310 936 depreceniini?
1345 868 1547 921 lterum
1575 867 1781 921 dictum
1816 877 1899 922 est
1942 866 2098 931 mihi,

522 959 568 1012 si
628 958 753 1030 quis
786 968 1035 1014 vestrum
1077 975 1304 1014 uxorem
1343 975 1499 1015 suam
1529 960 1771 1030 qualibet
1827 975 1894 1014 ex
1931 974 2098 1015 causa

523 1051 827 1122 reliquerit,
856 1066 963 1107 non
1000 1061 1215 1123 oportet
1251 1067 1372 1107 eam
1402 1052 1468 1106 ad
1498 1068 1622 1107 eum
1661 1051 1896 1123 regredi,
1923 1052 2098 1109 donec

524 1145 662 1200 alter
687 1160 812 1200 cum
844 1160 907 1200 ea
933 1146 1244 1200 conveniat.
1268 1144 1369 1204 Sic
1399 1145 1847 1214 praevaricatores
1884 1144 2014 1217 legis
2046 1151 2100 1201 et

525 1238 816 1311 Evangelii
846 1239 979 1294 facti
1007 1240 1144 1294 estis
1175 1239 1240 1290 ³⁸.
1273 1237 1330 1292 In
1357 1239 1472 1309 lege
1489 1237 1635 1292 enim
1687 1238 1955 1306 scriptum
1990 1244 2096 1306 est,

518 1343 580 1388 ut
608 1333 654 1387 si
691 1333 815 1404 quis
848 1347 1078 1388 uxorem
1129 1347 1282 1388 suam
1316 1331 1561 1402 qualibet
1595 1345 1762 1386 causa
1807 1330 2096 1400 dimiserit,

518 1436 574 1481 et
605 1426 844 1481 voluerit
883 1424 953 1480 ad
995 1441 1119 1479 eum
1154 1424 1488 1495 quandoque
1537 1423 1776 1495 regredi,
1811 1424 1985 1492 ipsius
2014 1433 2096 1480 est

519 1517 640 1574 sine
682 1517 871 1582 dubio,
905 1518 949 1572 si
983 1527 1162 1571 tamen
1189 1516 1323 1570 alter
1355 1529 1471 1570 eam
1525 1529 1633 1568 non
1687 1513 2050 1569 sordidaverit
2081 1532 2095 1569 :

520 1610 566 1664 si
603 1619 786 1665 autem
822 1610 956 1663 alter
987 1623 1105 1662 eam
1153 1608 1416 1678 tetigerit,
1447 1607 1514 1660 ab
1541 1605 1633 1660 illo
1696 1606 1749 1660 in
1777 1613 2097 1675 perpetuum

520 1704 799 1776 prohibita
847 1711 950 1760 est.
981 1703 1039 1759 In
1066 1697 1373 1774 Evangelio
1399 1709 1581 1756 tamen
1618 1707 1837 1757 nonest
1882 1699 2093 1755 licitum

520 1798 731 1854 homini
768 1812 989 1853 uxorem
1019 1812 1175 1852 suam
1205 1796 1329 1851 sine
1373 1808 1542 1851 causa
1594 1792 1975 1848 fornicationis
2011 1794 2093 1847 di-

521 1892 758 1958 mittere,
791 1900 842 1944 et
867 1890 957 1960 qui
990 1889 1274 1945 dimissam
1317 1886 1541 1945 alterius
1586 1885 1642 1942 in
1683 1899 1908 1941 uxorem
1936 1898 2095 1941 acce-

587 2069 636 2105 ³⁸
658 2069 822 2127 Deut.
852 2086 946 2140 xx,
977 2072 1032 2128 ι.

2203 509 2288 555 est
2315 499 2470 566 mihi,
2496 499 2639 570 quod
2673 499 2727 554 in
2748 499 2864 570 lege
2887 507 3069 555 veStra
3092 496 3163 552 sit
3187 496 3475 566 scriptum,
3507 495 3775 572 quidquid

2203 591 2397 649 fecerit
2453 593 2619 648 homo
2662 594 2778 649 sive
2829 593 3032 648 bonum
3095 592 3212 647 sive
3263 590 3491 658 malum,
3525 589 3777 661 praescri.

2203 693 2356 758 ptum
2411 696 2464 743 et
2523 686 2966 757 praedestinatum
3026 684 3101 741 sit
3149 685 3229 742 illi
3263 703 3292 739 ξι
3344 682 3455 740 Deo
3483 691 3778 753 antequam

2203 786 2486 834 nascatur.
2512 777 2568 834 Si
2602 779 2675 834 ila
2698 789 2801 845 est,
2853 793 2964 832 non
2990 785 3076 834 est
3118 777 3196 831 illi
3239 774 3413 846 gratia
3463 774 3514 832 si
3570 774 3777 830 bonum

2201 881 2477 942 operetur,
2513 887 2689 942 neque
2717 877 3008 939 peccatum
3034 870 3079 925 si
3107 868 3249 924 male
3274 877 3533 939 operetur
3581 883 3596 921 :
3645 866 3776 938 quia

2203 979 2309 1018 non
2348 964 2437 1019 ille
2474 972 2754 1036 operatur,
2785 962 2879 1019 sed
2911 962 3054 1033 quod
3079 961 3453 1033 praescriptum
3485 969 3538 1017 et
3571 974 3778 1031 praeor-

2202 1054 2452 1110 dinatum
2478 1063 2564 1110 est
2598 1055 2678 1109 illi
2711 1062 3002 1125 antequam
3035 1062 3375 1110 nasceretur.
3431 1050 3570 1106 Nam
3606 1051 3655 1106 si
3699 1050 3777 1106 ita

2205 1155 2313 1213 est,
2351 1154 2408 1200 ut
2443 1146 2669 1201 cuilibet
2702 1146 2909 1201 homini
2948 1147 3019 1203 sit
3054 1145 3436 1217 praescriptum
3480 1153 3776 1214 antequam

2201 1248 2483 1305 nascatur,
2508 1252 2640 1308 ergo
2673 1236 2812 1293 Deus
2850 1238 3014 1308 impie
3035 1237 3254 1293 videtur
3278 1235 3478 1307 egisse.
3521 1233 3628 1292 Sed
3673 1235 3780 1293 hoc

2203 1331 2345 1387 aba’t
2372 1347 2402 1386 a
2437 1330 2568 1396 Deo,
2601 1339 2660 1385 ut
2695 1331 2796 1386 ista
2827 1331 2881 1386 in
2914 1330 3228 1386 hominibus
3248 1338 3524 1398 operetur.
3555 1327 3695 1384 Nam
3725 1327 3776 1385 si

2203 1422 2439 1477 itaesset
2495 1422 2637 1478 sicut
2677 1437 2774 1478 vos
2827 1422 3031 1491 dicitis,
3055 1420 3324 1494 quidquid
3381 1420 3550 1477 faciat
3583 1420 3775 1486 homo,

2202 1514 2286 1571 vel
2312 1515 2541 1583 bonum,
2576 1522 2629 1569 et
2657 1522 2850 1570 contra
2889 1532 2902 1570 :
2953 1513 3100 1572 Deus
3144 1530 3255 1570 non
3304 1513 3605 1585 prophetas
3645 1512 3755 1569 diri

2202 1618 2353 1681 geret
2403 1618 2462 1665 ut
2510 1610 2830 1667 hominibus
2861 1609 3135 1667 infernum
3191 1610 3664 1675 demonstrarent,
3721 1617 3777 1663 et

2203 1705 2657 1776 pertimescerent
2699 1721 2714 1758 :
2745 1701 3018 1761 sufﬁceret
3043 1702 3190 1759 enim
3217 1701 3326 1757 illis
3351 1700 3688 1772 prrecriptio.
3718 1708 3776 1754 et

2201 1795 2612 1867 praedestinatio
2649 1810 2863 1851 eorum.
2906 1793 3013 1850 Sed
3061 1793 3206 1848 absit
3254 1792 3382 1848 talis
3410 1788 3776 1848 intellectus:

2203 1887 2353 1960 quod
2373 1888 2536 1945 homo
2561 1889 2725 1961 perit,
2760 1902 2866 1943 non
2899 1886 3039 1958 perit
3075 1885 3182 1942 nisi
3212 1883 3448 1941 arbitrio.
3466 1896 3593 1941 suo.
