  <div class='ocr_page' id='page_1' title='image "/cluster/home/n/w/nwhite01/storage/ocr_20150623/107/mdp.39015028571910/206.png"; bbox 0 0 4108 6306; ppageno 0'>
   <div class='ocr_carea' id='block_1_1' title="bbox 163 400 3381 448">
    <p class='ocr_par' dir='ltr' id='par_1_1' title="bbox 163 400 3381 448">
     <span class='ocr_line' id='line_1_1' title="bbox 163 400 3381 448; baseline -0.001 -7"><span class='ocrx_word' id='word_1_1' title='bbox 163 400 3381 448; x_wconf 66' lang='lat' dir='ltr'>W</span> 
     </span>
    </p>
   </div>
   <div class='ocr_carea' id='block_1_2' title="bbox 750 468 2793 789">
    <p class='ocr_par' dir='ltr' id='par_1_2' title="bbox 750 468 2793 789">
     <span class='ocr_line' id='line_1_2' title="bbox 750 468 2793 789; baseline -0.001 -3"><span class='ocrx_word' id='word_1_2' title='bbox 750 602 1529 789; x_wconf 89' lang='lat' dir='ltr'><strong>LEONIS</strong></span> <span class='ocrx_word' id='word_1_3' title='bbox 1663 599 2793 785; x_wconf 89' lang='lat' dir='ltr'><strong>SAPIENTIS</strong></span> 
     </span>
    </p>
   </div>
   <div class='ocr_carea' id='block_1_3' title="bbox 1010 921 2524 1026">
    <p class='ocr_par' dir='ltr' id='par_1_3' title="bbox 1010 921 2524 1026">
     <span class='ocr_line' id='line_1_3' title="bbox 1010 921 2524 1026; baseline -0.007 -1"><span class='ocrx_word' id='word_1_4' title='bbox 1010 921 1511 1026; x_wconf 83' lang='lat' dir='ltr'><strong>OPERUM</strong></span> <span class='ocrx_word' id='word_1_5' title='bbox 1589 923 1873 1018; x_wconf 82' lang='lat' dir='ltr'><strong>PARS</strong></span> <span class='ocrx_word' id='word_1_6' title='bbox 1944 924 2524 1019; x_wconf 82' lang='lat' dir='ltr'><strong>SECUNDA.</strong></span> 
     </span>
    </p>
   </div>
   <div class='ocr_carea' id='block_1_4' title="bbox 290 1134 3248 1268">
    <p class='ocr_par' dir='ltr' id='par_1_4' title="bbox 290 1134 3248 1268">
     <span class='ocr_line' id='line_1_4' title="bbox 290 1134 3248 1268; baseline -0.007 0"><span class='ocrx_word' id='word_1_7' title='bbox 290 1149 921 1268; x_wconf 71' lang='lat' dir='ltr'><strong>OPERA</strong></span> <span class='ocrx_word' id='word_1_8' title='bbox 998 1139 1867 1261; x_wconf 73' lang='lat' dir='ltr'><strong>JUBIDICA</strong></span> <span class='ocrx_word' id='word_1_9' title='bbox 1945 1137 2181 1251; x_wconf 77' lang='grc' dir='ltr'>ΕΤ</span> <span class='ocrx_word' id='word_1_10' title='bbox 2260 1134 3248 1252; x_wconf 71' lang='grc' dir='ltr'><strong>οΔΝοΝιαΔ.</strong></span> 
     </span>
    </p>
   </div>
   <div class='ocr_carea' id='block_1_5' title="bbox 1498 1593 2028 1657">
    <p class='ocr_par' dir='ltr' id='par_1_5' title="bbox 1498 1593 2028 1657">
     <span class='ocr_line' id='line_1_5' title="bbox 1498 1593 2028 1657; baseline 0.004 -2"><span class='ocrx_word' id='word_1_11' title='bbox 1498 1593 2028 1657; x_wconf 79' lang='lat' dir='ltr'><strong>RECENTIORES</strong></span> 
     </span>
    </p>
   </div>
   <div class='ocr_carea' id='block_1_6' title="bbox 673 1781 2858 1906">
    <p class='ocr_par' dir='ltr' id='par_1_6' title="bbox 673 1781 2858 1906">
     <span class='ocr_line' id='line_1_6' title="bbox 673 1781 2858 1906; baseline -0.005 0"><span class='ocrx_word' id='word_1_12' title='bbox 673 1783 1671 1906; x_wconf 80' lang='lat' dir='ltr'><strong>ORIENTALIUM</strong></span> <span class='ocrx_word' id='word_1_13' title='bbox 1758 1781 2858 1901; x_wconf 82' lang='lat' dir='ltr'><strong>EPISCOPATUUM</strong></span> 
     </span>
    </p>
   </div>
   <div class='ocr_carea' id='block_1_7' title="bbox 1240 2052 2296 2249">
    <p class='ocr_par' dir='ltr' id='par_1_7' title="bbox 1240 2052 2296 2249">
     <span class='ocr_line' id='line_1_7' title="bbox 1240 2052 2296 2249; baseline -0.009 -37"><span class='ocrx_word' id='word_1_14' title='bbox 1240 2052 2296 2249; x_wconf 69' lang='lat' dir='ltr'><strong>NOTITI/E,</strong></span> 
     </span>
    </p>
   </div>
   <div class='ocr_carea' id='block_1_8' title="bbox 327 2321 3200 2410">
    <p class='ocr_par' dir='ltr' id='par_1_8' title="bbox 327 2321 3200 2410">
     <span class='ocr_line' id='line_1_8' title="bbox 327 2321 3200 2410; baseline -0.006 -13"><span class='ocrx_word' id='word_1_15' title='bbox 327 2335 384 2397; x_wconf 80' lang='grc' dir='ltr'><em>Α</em></span> <span class='ocrx_word' id='word_1_16' title='bbox 448 2333 791 2395; x_wconf 80' lang='lat' dir='ltr'><strong>Francisco</strong></span> <span class='ocrx_word' id='word_1_17' title='bbox 846 2328 1038 2393; x_wconf 84' lang='lat' dir='ltr'><strong>Junio</strong></span> <span class='ocrx_word' id='word_1_18' title='bbox 1097 2332 1369 2410; x_wconf 73' lang='lat' dir='ltr'><strong>primum</strong></span> <span class='ocrx_word' id='word_1_19' title='bbox 1427 2329 1802 2410; x_wconf 69' lang='lat' dir='ltr'><strong>editce,_tum</strong></span> <span class='ocrx_word' id='word_1_20' title='bbox 1870 2345 1919 2410; x_wconf 91' lang='lat' dir='ltr'><strong>a_</strong></span> <span class='ocrx_word' id='word_1_21' title='bbox 1966 2321 2094 2410; x_wconf 60' lang='lat' dir='ltr'><strong>PE.</strong></span> <span class='ocrx_word' id='word_1_22' title='bbox 2153 2323 2403 2410; x_wconf 82' lang='lat' dir='ltr'><strong>Jacobo</strong></span> <span class='ocrx_word' id='word_1_23' title='bbox 2448 2324 2745 2410; x_wconf 70' lang='lat' dir='ltr'><strong>Gretsero</strong></span> <span class='ocrx_word' id='word_1_24' title='bbox 2798 2331 2856 2382; x_wconf 86' lang='lat' dir='ltr'><strong>et</strong></span> <span class='ocrx_word' id='word_1_25' title='bbox 2901 2321 3124 2383; x_wconf 78' lang='lat' dir='ltr'><strong>Carolo</strong></span> <span class='ocrx_word' id='word_1_26' title='bbox 3161 2339 3200 2381; x_wconf 89' lang='lat' dir='ltr'><strong>a</strong></span> 
     </span>
    </p>
   </div>
   <div class='ocr_carea' id='block_1_9' title="bbox 661 2402 2885 2483">
    <p class='ocr_par' dir='ltr' id='par_1_9' title="bbox 661 2402 2885 2483">
     <span class='ocr_line' id='line_1_9' title="bbox 661 2402 2885 2483; baseline -0.005 -10"><span class='ocrx_word' id='word_1_27' title='bbox 661 2413 726 2473; x_wconf 89' lang='lat' dir='ltr'><strong>S.</strong></span> <span class='ocrx_word' id='word_1_28' title='bbox 786 2411 982 2474; x_wconf 84' lang='lat' dir='ltr'><strong>Paulo</strong></span> <span class='ocrx_word' id='word_1_29' title='bbox 1039 2402 1259 2480; x_wconf 66' lang='lat' dir='ltr'><strong>auctir,</strong></span> <span class='ocrx_word' id='word_1_30' title='bbox 1294 2409 1535 2470; x_wconf 81' lang='lat' dir='ltr'><strong>demum</strong></span> <span class='ocrx_word' id='word_1_31' title='bbox 1564 2427 1600 2468; x_wconf 90' lang='lat' dir='ltr'><strong>a</strong></span> <span class='ocrx_word' id='word_1_32' title='bbox 1629 2408 1703 2468; x_wconf 88' lang='lat' dir='ltr'><strong>P.</strong></span> <span class='ocrx_word' id='word_1_33' title='bbox 1738 2406 1972 2467; x_wconf 79' lang='lat' dir='ltr'><strong>Iacobo</strong></span> <span class='ocrx_word' id='word_1_34' title='bbox 2005 2405 2178 2467; x_wconf 85' lang='lat' dir='ltr'><strong>Goar</strong></span> <span class='ocrx_word' id='word_1_35' title='bbox 2209 2408 2438 2466; x_wconf 81' lang='lat' dir='ltr'><strong>iterato</strong></span> <span class='ocrx_word' id='word_1_36' title='bbox 2473 2402 2885 2483; x_wconf 71' lang='lat' dir='ltr'><strong>locupletum,</strong></span> 
     </span>
    </p>
   </div>
   <div class='ocr_carea' id='block_1_10' title="bbox 1230 2485 2294 2568">
    <p class='ocr_par' dir='ltr' id='par_1_10' title="bbox 1230 2485 2294 2568">
     <span class='ocr_line' id='line_1_10' title="bbox 1230 2485 2294 2568; baseline -0.007 -18"><span class='ocrx_word' id='word_1_37' title='bbox 1230 2490 1568 2568; x_wconf 75' lang='lat' dir='ltr'><strong>recognitaz</strong></span> <span class='ocrx_word' id='word_1_38' title='bbox 1599 2497 1654 2547; x_wconf 86' lang='lat' dir='ltr'><strong>et</strong></span> <span class='ocrx_word' id='word_1_39' title='bbox 1687 2488 1751 2546; x_wconf 86' lang='lat' dir='ltr'><strong>in</strong></span> <span class='ocrx_word' id='word_1_40' title='bbox 1779 2504 1971 2547; x_wconf 84' lang='lat' dir='ltr'><strong>unum</strong></span> <span class='ocrx_word' id='word_1_41' title='bbox 2000 2485 2294 2546; x_wconf 76' lang='lat' dir='ltr'><strong>collecta&#39;.</strong></span> 
     </span>
    </p>
   </div>
   <div class='ocr_carea' id='block_1_11' title="bbox 711 2824 2797 2928">
    <p class='ocr_par' dir='ltr' id='par_1_11' title="bbox 711 2824 2797 2928">
     <span class='ocr_line' id='line_1_11' title="bbox 711 2824 2797 2928; baseline -0.003 -19"><span class='ocrx_word' id='word_1_42' title='bbox 711 2853 796 2928; x_wconf 79' lang='grc' dir='ltr'><strong>[Ε.</strong></span> <span class='ocrx_word' id='word_1_43' title='bbox 834 2833 1192 2927; x_wconf 69' lang='lat' dir='ltr'><strong>P.333&#39;1P.</strong></span> <span class='ocrx_word' id='word_1_44' title='bbox 1243 2832 1596 2913; x_wconf 83' lang='lat' dir='ltr'><strong>JACOBI</strong></span> <span class='ocrx_word' id='word_1_45' title='bbox 1656 2828 2153 2912; x_wconf 80' lang='lat' dir='ltr'><strong>GBETSEBI</strong></span> <span class='ocrx_word' id='word_1_46' title='bbox 2199 2824 2797 2906; x_wconf 65' lang='lat' dir='ltr'><strong>PROOEMIUM.</strong></span> 
     </span>
    </p>
   </div>
   <div class='ocr_carea' id='block_1_12' title="bbox 228 3191 3404 3280">
    <p class='ocr_par' dir='ltr' id='par_1_12' title="bbox 228 3191 3404 3280">
     <span class='ocr_line' id='line_1_12' title="bbox 228 3191 3404 3280; baseline -0.003 -23"><span class='ocrx_word' id='word_1_47' title='bbox 228 3191 402 3260; x_wconf 80' lang='lat' dir='ltr'><strong>Utrum</strong></span> <span class='ocrx_word' id='word_1_48' title='bbox 443 3219 574 3277; x_wconf 68' lang='lat' dir='ltr'><strong>quae</strong></span> <span class='ocrx_word' id='word_1_49' title='bbox 613 3213 941 3277; x_wconf 87' lang='lat' dir='ltr'><strong>sequuntur,</strong></span> <span class='ocrx_word' id='word_1_50' title='bbox 977 3207 1186 3277; x_wconf 72' lang='lat' dir='ltr'><strong>adjecta</strong></span> <span class='ocrx_word' id='word_1_51' title='bbox 1221 3206 1332 3263; x_wconf 87' lang='lat' dir='ltr'><strong>sint</strong></span> <span class='ocrx_word' id='word_1_52' title='bbox 1356 3205 1426 3262; x_wconf 87' lang='lat' dir='ltr'><strong>ab</strong></span> <span class='ocrx_word' id='word_1_53' title='bbox 1454 3207 1576 3280; x_wconf 88' lang='lat' dir='ltr'><strong>ipso</strong></span> <span class='ocrx_word' id='word_1_54' title='bbox 1600 3204 1831 3272; x_wconf 67' lang='lat' dir='ltr'><strong>Colline,</strong></span> <span class='ocrx_word' id='word_1_55' title='bbox 1866 3219 1934 3260; x_wconf 91' lang='lat' dir='ltr'><strong>an</strong></span> <span class='ocrx_word' id='word_1_56' title='bbox 1961 3203 2032 3259; x_wconf 87' lang='lat' dir='ltr'><strong>ab</strong></span> <span class='ocrx_word' id='word_1_57' title='bbox 2059 3203 2188 3270; x_wconf 87' lang='lat' dir='ltr'><strong>alio,</strong></span> <span class='ocrx_word' id='word_1_58' title='bbox 2215 3201 2398 3258; x_wconf 82' lang='lat' dir='ltr'><strong>dicere</strong></span> <span class='ocrx_word' id='word_1_59' title='bbox 2428 3216 2536 3256; x_wconf 88' lang='lat' dir='ltr'><strong>non</strong></span> <span class='ocrx_word' id='word_1_60' title='bbox 2571 3199 2767 3256; x_wconf 84' lang='lat' dir='ltr'><strong>habeo.</strong></span> <span class='ocrx_word' id='word_1_61' title='bbox 2797 3198 3012 3253; x_wconf 82' lang='lat' dir='ltr'><strong>Addere</strong></span> <span class='ocrx_word' id='word_1_62' title='bbox 3041 3196 3266 3268; x_wconf 86' lang='lat' dir='ltr'><strong>placuit,</strong></span> <span class='ocrx_word' id='word_1_63' title='bbox 3285 3201 3404 3249; x_wconf 90' lang='lat' dir='ltr'><strong>tum</strong></span> 
     </span>
    </p>
   </div>
   <div class='ocr_carea' id='block_1_13' title="bbox 173 3283 3406 3366">
    <p class='ocr_par' dir='ltr' id='par_1_13' title="bbox 173 3283 3406 3366">
     <span class='ocr_line' id='line_1_13' title="bbox 173 3283 3406 3366; baseline -0.002 -23"><span class='ocrx_word' id='word_1_64' title='bbox 173 3293 276 3359; x_wconf 82' lang='lat' dir='ltr'><strong>quia</strong></span> <span class='ocrx_word' id='word_1_65' title='bbox 311 3289 519 3352; x_wconf 83' lang='lat' dir='ltr'><strong>Junius</strong></span> <span class='ocrx_word' id='word_1_66' title='bbox 547 3309 662 3351; x_wconf 68' lang='lat' dir='ltr'><strong>suae</strong></span> <span class='ocrx_word' id='word_1_67' title='bbox 689 3294 920 3352; x_wconf 94' lang='lat' dir='ltr'><strong>editioni</strong></span> <span class='ocrx_word' id='word_1_68' title='bbox 948 3296 1232 3366; x_wconf 76' lang='lat' dir='ltr'><strong>adiunxit;</strong></span> <span class='ocrx_word' id='word_1_69' title='bbox 1279 3304 1390 3350; x_wconf 94' lang='lat' dir='ltr'><strong>tum</strong></span> <span class='ocrx_word' id='word_1_70' title='bbox 1423 3306 1480 3350; x_wconf 85' lang='grc' dir='ltr'>ιιι</span> <span class='ocrx_word' id='word_1_71' title='bbox 1512 3295 1685 3351; x_wconf 91' lang='lat' dir='ltr'><strong>lector</strong></span> <span class='ocrx_word' id='word_1_72' title='bbox 1713 3306 1822 3348; x_wconf 82' lang='lat' dir='ltr'><strong>una</strong></span> <span class='ocrx_word' id='word_1_73' title='bbox 1850 3306 2061 3348; x_wconf 89' lang='lat' dir='ltr'><strong>mecum</strong></span> <span class='ocrx_word' id='word_1_74' title='bbox 2098 3297 2177 3347; x_wconf 88' lang='lat' dir='ltr'><strong>tot</strong></span> <span class='ocrx_word' id='word_1_75' title='bbox 2213 3289 2676 3346; x_wconf 82' lang='lat' dir='ltr'><strong>nobilissimarum</strong></span> <span class='ocrx_word' id='word_1_76' title='bbox 2720 3285 3090 3342; x_wconf 86' lang='lat' dir='ltr'><strong>Ecclesiarum</strong></span> <span class='ocrx_word' id='word_1_77' title='bbox 3125 3283 3406 3339; x_wconf 84' lang='lat' dir='ltr'><strong>interitum</strong></span> 
     </span>
    </p>
   </div>
   <div class='ocr_carea' id='block_1_14' title="bbox 168 3371 3404 3455">
    <p class='ocr_par' dir='ltr' id='par_1_14' title="bbox 168 3371 3404 3455">
     <span class='ocr_line' id='line_1_14' title="bbox 168 3371 3404 3455; baseline -0.002 -24"><span class='ocrx_word' id='word_1_78' title='bbox 168 3376 414 3450; x_wconf 87' lang='lat' dir='ltr'><strong>deploret;</strong></span> <span class='ocrx_word' id='word_1_79' title='bbox 450 3383 731 3455; x_wconf 74' lang='lat' dir='ltr'><strong>pleraeque</strong></span> <span class='ocrx_word' id='word_1_80' title='bbox 764 3384 910 3440; x_wconf 91' lang='lat' dir='ltr'><strong>enim</strong></span> <span class='ocrx_word' id='word_1_81' title='bbox 942 3384 1024 3440; x_wconf 82' lang='lat' dir='ltr'><strong>vel</strong></span> <span class='ocrx_word' id='word_1_82' title='bbox 1059 3383 1308 3441; x_wconf 86' lang='lat' dir='ltr'><strong>funditas</strong></span> <span class='ocrx_word' id='word_1_83' title='bbox 1337 3383 1689 3450; x_wconf 90' lang='lat' dir='ltr'><strong>interierunt,</strong></span> <span class='ocrx_word' id='word_1_84' title='bbox 1736 3382 1857 3450; x_wconf 85' lang='lat' dir='ltr'><strong>vel,</strong></span> <span class='ocrx_word' id='word_1_85' title='bbox 1890 3383 1934 3439; x_wconf 90' lang='lat' dir='ltr'><strong>si</strong></span> <span class='ocrx_word' id='word_1_86' title='bbox 1984 3393 2103 3454; x_wconf 67' lang='lat' dir='ltr'><strong>qure</strong></span> <span class='ocrx_word' id='word_1_87' title='bbox 2136 3387 2465 3451; x_wconf 82' lang='lat' dir='ltr'><strong>supersunt,</strong></span> <span class='ocrx_word' id='word_1_88' title='bbox 2496 3377 2600 3433; x_wconf 89' lang='lat' dir='ltr'><strong>sub</strong></span> <span class='ocrx_word' id='word_1_89' title='bbox 2641 3376 2881 3432; x_wconf 83' lang='lat' dir='ltr'><strong>Turcieo</strong></span> <span class='ocrx_word' id='word_1_90' title='bbox 2915 3375 3049 3446; x_wconf 77' lang='lat' dir='ltr'><strong>jugo</strong></span> <span class='ocrx_word' id='word_1_91' title='bbox 3098 3371 3263 3429; x_wconf 83' lang='lat' dir='ltr'><strong>hodie</strong></span> <span class='ocrx_word' id='word_1_92' title='bbox 3307 3386 3404 3444; x_wconf 74' lang='lat' dir='ltr'><strong>ge-</strong></span> 
     </span>
    </p>
   </div>
   <div class='ocr_carea' id='block_1_15' title="bbox 167 3460 3404 3542">
    <p class='ocr_par' dir='ltr' id='par_1_15' title="bbox 167 3460 3404 3542">
     <span class='ocr_line' id='line_1_15' title="bbox 167 3460 3404 3542; baseline -0.001 -23"><span class='ocrx_word' id='word_1_93' title='bbox 167 3479 313 3523; x_wconf 91' lang='lat' dir='ltr'><strong>munt.</strong></span> <span class='ocrx_word' id='word_1_94' title='bbox 341 3469 562 3538; x_wconf 85' lang='lat' dir='ltr'><strong>Quibus</strong></span> <span class='ocrx_word' id='word_1_95' title='bbox 596 3489 718 3542; x_wconf 71' lang='lat' dir='ltr'><strong>qua:</strong></span> <span class='ocrx_word' id='word_1_96' title='bbox 748 3474 886 3529; x_wconf 85' lang='lat' dir='ltr'><strong>tanti</strong></span> <span class='ocrx_word' id='word_1_97' title='bbox 919 3474 1048 3529; x_wconf 85' lang='lat' dir='ltr'><strong>mali</strong></span> <span class='ocrx_word' id='word_1_98' title='bbox 1078 3488 1266 3539; x_wconf 88' lang='lat' dir='ltr'><strong>causa,</strong></span> <span class='ocrx_word' id='word_1_99' title='bbox 1303 3474 1407 3530; x_wconf 88' lang='lat' dir='ltr'><strong>nisi</strong></span> <span class='ocrx_word' id='word_1_100' title='bbox 1440 3473 1679 3531; x_wconf 83' lang='lat' dir='ltr'><strong>schisma</strong></span> <span class='ocrx_word' id='word_1_101' title='bbox 1710 3480 1763 3529; x_wconf 89' lang='lat' dir='ltr'><strong>et</strong></span> <span class='ocrx_word' id='word_1_102' title='bbox 1787 3471 2035 3534; x_wconf 65' lang='lat' dir='ltr'><strong>haeresis,</strong></span> <span class='ocrx_word' id='word_1_103' title='bbox 2062 3479 2117 3527; x_wconf 89' lang='lat' dir='ltr'><strong>et</strong></span> <span class='ocrx_word' id='word_1_104' title='bbox 2141 3485 2170 3524; x_wconf 87' lang='lat' dir='ltr'><strong>a</strong></span> <span class='ocrx_word' id='word_1_105' title='bbox 2196 3469 2325 3525; x_wconf 90' lang='lat' dir='ltr'><strong>sede</strong></span> <span class='ocrx_word' id='word_1_106' title='bbox 2355 3467 2650 3540; x_wconf 82' lang='lat' dir='ltr'><strong>apostolica</strong></span> <span class='ocrx_word' id='word_1_107' title='bbox 2683 3465 2930 3521; x_wconf 79' lang='lat' dir='ltr'><strong>Romana</strong></span> <span class='ocrx_word' id='word_1_108' title='bbox 2956 3461 3193 3520; x_wconf 79' lang='lat' dir='ltr'><strong>defectio</strong></span> <span class='ocrx_word' id='word_1_109' title='bbox 3245 3460 3404 3517; x_wconf 81' lang='lat' dir='ltr'><strong>Certe</strong></span> 
     </span>
    </p>
   </div>
   <div class='ocr_carea' id='block_1_16' title="bbox 163 3551 3404 3633">
    <p class='ocr_par' dir='ltr' id='par_1_16' title="bbox 163 3551 3404 3633">
     <span class='ocr_line' id='line_1_16' title="bbox 163 3551 3404 3633; baseline -0.001 -25"><span class='ocrx_word' id='word_1_110' title='bbox 163 3555 307 3624; x_wconf 89' lang='lat' dir='ltr'><strong>enim,</strong></span> <span class='ocrx_word' id='word_1_111' title='bbox 342 3575 517 3630; x_wconf 87' lang='lat' dir='ltr'><strong>quam</strong></span> <span class='ocrx_word' id='word_1_112' title='bbox 568 3561 803 3632; x_wconf 90' lang='lat' dir='ltr'><strong>primum</strong></span> <span class='ocrx_word' id='word_1_113' title='bbox 834 3562 1006 3619; x_wconf 70' lang='lat' dir='ltr'><strong>Graeci</strong></span> <span class='ocrx_word' id='word_1_114' title='bbox 1040 3579 1069 3617; x_wconf 90' lang='lat' dir='ltr'><strong>a</strong></span> <span class='ocrx_word' id='word_1_115' title='bbox 1094 3562 1368 3619; x_wconf 88' lang='lat' dir='ltr'><strong>Cathedra</strong></span> <span class='ocrx_word' id='word_1_116' title='bbox 1402 3561 1549 3619; x_wconf 90' lang='lat' dir='ltr'><strong>Petri</strong></span> <span class='ocrx_word' id='word_1_117' title='bbox 1583 3578 1706 3619; x_wconf 88' lang='lat' dir='ltr'><strong>sese</strong></span> <span class='ocrx_word' id='word_1_118' title='bbox 1737 3562 2143 3633; x_wconf 81' lang='lat' dir='ltr'><strong>abjunxerunt,</strong></span> <span class='ocrx_word' id='word_1_119' title='bbox 2172 3557 2416 3631; x_wconf 88' lang='lat' dir='ltr'><strong>quotidie</strong></span> <span class='ocrx_word' id='word_1_120' title='bbox 2451 3569 2541 3613; x_wconf 86' lang='lat' dir='ltr'><strong>res</strong></span> <span class='ocrx_word' id='word_1_121' title='bbox 2568 3571 2756 3612; x_wconf 87' lang='lat' dir='ltr'><strong>eorum</strong></span> <span class='ocrx_word' id='word_1_122' title='bbox 2787 3554 2841 3609; x_wconf 91' lang='lat' dir='ltr'><strong>in</strong></span> <span class='ocrx_word' id='word_1_123' title='bbox 2870 3553 3112 3609; x_wconf 83' lang='lat' dir='ltr'><strong>deterius</strong></span> <span class='ocrx_word' id='word_1_124' title='bbox 3141 3551 3251 3607; x_wconf 83' lang='lat' dir='ltr'><strong>labi</strong></span> <span class='ocrx_word' id='word_1_125' title='bbox 3284 3564 3404 3607; x_wconf 70' lang='lat' dir='ltr'><strong>cm-</strong></span> 
     </span>
    </p>
   </div>
   <div class='ocr_carea' id='block_1_17' title="bbox 163 3643 3405 3722">
    <p class='ocr_par' dir='ltr' id='par_1_17' title="bbox 163 3643 3405 3722">
     <span class='ocr_line' id='line_1_17' title="bbox 163 3643 3405 3722; baseline -0.002 -21"><span class='ocrx_word' id='word_1_126' title='bbox 163 3657 298 3714; x_wconf 83' lang='lat' dir='ltr'><strong>pere;</strong></span> <span class='ocrx_word' id='word_1_127' title='bbox 328 3647 515 3706; x_wconf 88' lang='lat' dir='ltr'><strong>donec</strong></span> <span class='ocrx_word' id='word_1_128' title='bbox 548 3649 767 3706; x_wconf 83' lang='lat' dir='ltr'><strong>tandem</strong></span> <span class='ocrx_word' id='word_1_129' title='bbox 799 3650 1111 3722; x_wconf 73' lang='lat' dir='ltr'><strong>iustissimo</strong></span> <span class='ocrx_word' id='word_1_130' title='bbox 1141 3651 1235 3709; x_wconf 91' lang='lat' dir='ltr'><strong>Dei</strong></span> <span class='ocrx_word' id='word_1_131' title='bbox 1259 3651 1492 3722; x_wconf 89' lang='lat' dir='ltr'><strong>judicio,</strong></span> <span class='ocrx_word' id='word_1_132' title='bbox 1519 3653 1572 3708; x_wconf 92' lang='lat' dir='ltr'><strong>in</strong></span> <span class='ocrx_word' id='word_1_133' title='bbox 1601 3669 1695 3709; x_wconf 88' lang='lat' dir='ltr'><strong>eas</strong></span> <span class='ocrx_word' id='word_1_134' title='bbox 1727 3651 2070 3708; x_wconf 82' lang='lat' dir='ltr'><strong>calamitates</strong></span> <span class='ocrx_word' id='word_1_135' title='bbox 2102 3646 2366 3711; x_wconf 83' lang='lat' dir='ltr'><strong>incidere,</strong></span> <span class='ocrx_word' id='word_1_136' title='bbox 2387 3660 2512 3702; x_wconf 91' lang='lat' dir='ltr'><strong>cum</strong></span> <span class='ocrx_word' id='word_1_137' title='bbox 2539 3644 2742 3716; x_wconf 91' lang='lat' dir='ltr'><strong>quibus</strong></span> <span class='ocrx_word' id='word_1_138' title='bbox 2769 3643 2871 3699; x_wconf 87' lang='lat' dir='ltr'><strong>hac</strong></span> <span class='ocrx_word' id='word_1_139' title='bbox 2900 3643 3062 3699; x_wconf 90' lang='lat' dir='ltr'><strong>etiam</strong></span> <span class='ocrx_word' id='word_1_140' title='bbox 3087 3649 3245 3697; x_wconf 65' lang='lat' dir='ltr'><strong>aetate</strong></span> <span class='ocrx_word' id='word_1_141' title='bbox 3266 3653 3405 3696; x_wconf 87' lang='lat' dir='ltr'><strong>con-</strong></span> 
     </span>
    </p>
   </div>
   <div class='ocr_carea' id='block_1_18' title="bbox 161 3730 3403 3813">
    <p class='ocr_par' dir='ltr' id='par_1_18' title="bbox 161 3730 3403 3813">
     <span class='ocr_line' id='line_1_18' title="bbox 161 3730 3403 3813; baseline 0 -28"><span class='ocrx_word' id='word_1_142' title='bbox 161 3730 442 3794; x_wconf 78' lang='lat' dir='ltr'><strong>ﬂictantur.</strong></span> <span class='ocrx_word' id='word_1_143' title='bbox 503 3736 559 3793; x_wconf 86' lang='lat' dir='ltr'><strong>ld</strong></span> <span class='ocrx_word' id='word_1_144' title='bbox 596 3738 668 3794; x_wconf 91' lang='lat' dir='ltr'><strong>ita</strong></span> <span class='ocrx_word' id='word_1_145' title='bbox 719 3755 845 3797; x_wconf 90' lang='lat' dir='ltr'><strong>esse</strong></span> <span class='ocrx_word' id='word_1_146' title='bbox 892 3740 1069 3797; x_wconf 83' lang='lat' dir='ltr'><strong>libens</strong></span> <span class='ocrx_word' id='word_1_147' title='bbox 1101 3740 1382 3810; x_wconf 72' lang='lat' dir='ltr'><strong>fatebitur,</strong></span> <span class='ocrx_word' id='word_1_148' title='bbox 1414 3742 1667 3813; x_wconf 85' lang='lat' dir='ltr'><strong>quisquis</strong></span> <span class='ocrx_word' id='word_1_149' title='bbox 1699 3741 1983 3805; x_wconf 86' lang='lat' dir='ltr'><strong>a&#39;Photio,</strong></span> <span class='ocrx_word' id='word_1_150' title='bbox 2033 3739 2310 3811; x_wconf 66' lang='lat' dir='ltr'><strong>praecipuo</strong></span> <span class='ocrx_word' id='word_1_151' title='bbox 2356 3736 2671 3792; x_wconf 83' lang='lat' dir='ltr'><strong>schismatis</strong></span> <span class='ocrx_word' id='word_1_152' title='bbox 2717 3733 3056 3798; x_wconf 81' lang='lat' dir='ltr'><strong>architecto,</strong></span> <span class='ocrx_word' id='word_1_153' title='bbox 3113 3731 3403 3788; x_wconf 83' lang='lat' dir='ltr'><strong>historiam</strong></span> 
     </span>
    </p>
   </div>
   <div class='ocr_carea' id='block_1_19' title="bbox 161 3818 2081 3902">
    <p class='ocr_par' dir='ltr' id='par_1_19' title="bbox 161 3818 2081 3902">
     <span class='ocr_line' id='line_1_19' title="bbox 161 3818 2081 3902; baseline 0.003 -25"><span class='ocrx_word' id='word_1_154' title='bbox 161 3818 457 3882; x_wconf 81' lang='lat' dir='ltr'><strong>Graecorum</strong></span> <span class='ocrx_word' id='word_1_155' title='bbox 493 3843 670 3898; x_wconf 81' lang='lat' dir='ltr'><strong>usque</strong></span> <span class='ocrx_word' id='word_1_156' title='bbox 699 3828 766 3884; x_wconf 88' lang='lat' dir='ltr'><strong>ad</strong></span> <span class='ocrx_word' id='word_1_157' title='bbox 798 3845 1045 3886; x_wconf 82' lang='lat' dir='ltr'><strong>eversum</strong></span> <span class='ocrx_word' id='word_1_158' title='bbox 1073 3845 1262 3886; x_wconf 90' lang='lat' dir='ltr'><strong>eorum</strong></span> <span class='ocrx_word' id='word_1_159' title='bbox 1292 3831 1577 3902; x_wconf 90' lang='lat' dir='ltr'><strong>imperium</strong></span> <span class='ocrx_word' id='word_1_160' title='bbox 1614 3831 1890 3887; x_wconf 69' lang='lat' dir='ltr'><strong>revolvere</strong></span> <span class='ocrx_word' id='word_1_161' title='bbox 1920 3828 2081 3885; x_wconf 84' lang='lat' dir='ltr'><strong>volet.</strong></span> 
     </span>
    </p>
   </div>
   <div class='ocr_carea' id='block_1_20' title="bbox 222 3909 3406 3986">
    <p class='ocr_par' dir='ltr' id='par_1_20' title="bbox 222 3909 3406 3986">
     <span class='ocr_line' id='line_1_20' title="bbox 222 3909 3406 3986; baseline -0.001 -19"><span class='ocrx_word' id='word_1_162' title='bbox 222 3909 606 3984; x_wconf 82' lang='lat' dir='ltr'><strong>Subjiciuntur</strong></span> <span class='ocrx_word' id='word_1_163' title='bbox 649 3916 913 3973; x_wconf 86' lang='lat' dir='ltr'><strong>nonnulla</strong></span> <span class='ocrx_word' id='word_1_164' title='bbox 947 3918 1014 3975; x_wconf 91' lang='lat' dir='ltr'><strong>de</strong></span> <span class='ocrx_word' id='word_1_165' title='bbox 1049 3919 1224 3976; x_wconf 82' lang='lat' dir='ltr'><strong>titulis</strong></span> <span class='ocrx_word' id='word_1_166' title='bbox 1258 3937 1270 3973; x_wconf 93' lang='lat'>:</span> <span class='ocrx_word' id='word_1_167' title='bbox 1301 3919 1556 3975; x_wconf 86' lang='lat' dir='ltr'><strong>nimirum</strong></span> <span class='ocrx_word' id='word_1_168' title='bbox 1591 3921 1800 3976; x_wconf 81' lang='lat' dir='ltr'><strong>Graecia</strong></span> <span class='ocrx_word' id='word_1_169' title='bbox 1835 3928 2060 3974; x_wconf 87' lang='lat' dir='ltr'><strong>ventosa</strong></span> <span class='ocrx_word' id='word_1_170' title='bbox 2093 3916 2266 3973; x_wconf 89' lang='lat' dir='ltr'><strong>titulis</strong></span> <span class='ocrx_word' id='word_1_171' title='bbox 2303 3931 2584 3986; x_wconf 85' lang='lat' dir='ltr'><strong>nunquam</strong></span> <span class='ocrx_word' id='word_1_172' title='bbox 2629 3915 2818 3971; x_wconf 87' lang='lat' dir='ltr'><strong>satiari</strong></span> <span class='ocrx_word' id='word_1_173' title='bbox 2841 3913 3076 3986; x_wconf 90' lang='lat' dir='ltr'><strong>potuit,</strong></span> <span class='ocrx_word' id='word_1_174' title='bbox 3130 3913 3257 3966; x_wconf 83' lang='lat' dir='ltr'><strong>licet</strong></span> <span class='ocrx_word' id='word_1_175' title='bbox 3290 3911 3406 3982; x_wconf 85' lang='lat' dir='ltr'><strong>ple.-</strong></span> 
     </span>
    </p>
   </div>
   <div class='ocr_carea' id='block_1_21' title="bbox 161 4004 1334 4075">
    <p class='ocr_par' dir='ltr' id='par_1_21' title="bbox 161 4004 1334 4075">
     <span class='ocr_line' id='line_1_21' title="bbox 161 4004 1334 4075; baseline 0.008 -22"><span class='ocrx_word' id='word_1_176' title='bbox 161 4014 373 4075; x_wconf 89' lang='lat' dir='ltr'><strong>rumque</strong></span> <span class='ocrx_word' id='word_1_177' title='bbox 396 4016 592 4060; x_wconf 85' lang='lat' dir='ltr'><strong>essent</strong></span> <span class='ocrx_word' id='word_1_178' title='bbox 619 4004 760 4066; x_wconf 87' lang='lat' dir='ltr'><strong>tituli</strong></span> <span class='ocrx_word' id='word_1_179' title='bbox 793 4018 974 4061; x_wconf 90' lang='lat' dir='ltr'><strong>rerum</strong></span> <span class='ocrx_word' id='word_1_180' title='bbox 1004 4005 1334 4063; x_wconf 88' lang='lat' dir='ltr'><strong>inanissimi.</strong></span> 
     </span>
    </p>
   </div>
   <div class='ocr_carea' id='block_1_22' title="bbox 225 4087 3406 4171">
    <p class='ocr_par' dir='ltr' id='par_1_22' title="bbox 225 4087 3406 4171">
     <span class='ocr_line' id='line_1_22' title="bbox 225 4087 3406 4171; baseline 0 -27"><span class='ocrx_word' id='word_1_181' title='bbox 225 4087 377 4149; x_wconf 77' lang='lat' dir='ltr'><strong>Vides</strong></span> <span class='ocrx_word' id='word_1_182' title='bbox 405 4093 504 4150; x_wconf 85' lang='lat' dir='ltr'><strong>hic</strong></span> <span class='ocrx_word' id='word_1_183' title='bbox 534 4093 719 4151; x_wconf 86' lang='lat' dir='ltr'><strong>itidem</strong></span> <span class='ocrx_word' id='word_1_184' title='bbox 751 4110 859 4150; x_wconf 93' lang='lat' dir='ltr'><strong>non</strong></span> <span class='ocrx_word' id='word_1_185' title='bbox 894 4097 1280 4168; x_wconf 87' lang='lat' dir='ltr'><strong>patriarcham,</strong></span> <span class='ocrx_word' id='word_1_186' title='bbox 1312 4095 1407 4153; x_wconf 90' lang='lat' dir='ltr'><strong>sed</strong></span> <span class='ocrx_word' id='word_1_187' title='bbox 1438 4097 1820 4171; x_wconf 87' lang='lat' dir='ltr'><strong>imperatorem</strong></span> <span class='ocrx_word' id='word_1_188' title='bbox 1850 4095 2020 4154; x_wconf 74' lang='lat' dir='ltr'><strong>fuisse</strong></span> <span class='ocrx_word' id='word_1_189' title='bbox 2041 4097 2356 4153; x_wconf 83' lang='lat' dir='ltr'><strong>Graecorum</strong></span> <span class='ocrx_word' id='word_1_190' title='bbox 2383 4109 2610 4166; x_wconf 89' lang='lat' dir='ltr'><strong>papam;</strong></span> <span class='ocrx_word' id='word_1_191' title='bbox 2643 4094 2734 4165; x_wconf 91' lang='lat' dir='ltr'><strong>qui</strong></span> <span class='ocrx_word' id='word_1_192' title='bbox 2769 4092 3038 4148; x_wconf 88' lang='lat' dir='ltr'><strong>arbitratu</strong></span> <span class='ocrx_word' id='word_1_193' title='bbox 3073 4104 3174 4146; x_wconf 91' lang='lat' dir='ltr'><strong>suo</strong></span> <span class='ocrx_word' id='word_1_194' title='bbox 3202 4101 3406 4147; x_wconf 80' lang='lat' dir='ltr'><strong>metro-</strong></span> 
     </span>
    </p>
   </div>
   <div class='ocr_carea' id='block_1_23' title="bbox 161 4178 3398 4258">
    <p class='ocr_par' dir='ltr' id='par_1_23' title="bbox 161 4178 3398 4258">
     <span class='ocr_line' id='line_1_23' title="bbox 161 4178 3398 4258; baseline 0.001 -25"><span class='ocrx_word' id='word_1_195' title='bbox 161 4178 438 4249; x_wconf 85' lang='lat' dir='ltr'><strong>politanos,</strong></span> <span class='ocrx_word' id='word_1_196' title='bbox 471 4183 947 4256; x_wconf 86' lang='lat' dir='ltr'><strong>archiepiscopus,</strong></span> <span class='ocrx_word' id='word_1_197' title='bbox 987 4185 1277 4256; x_wconf 88' lang='lat' dir='ltr'><strong>episcopos</strong></span> <span class='ocrx_word' id='word_1_198' title='bbox 1314 4189 1548 4256; x_wconf 84' lang='lat' dir='ltr'><strong>ponebat</strong></span> <span class='ocrx_word' id='word_1_199' title='bbox 1579 4195 1632 4243; x_wconf 90' lang='lat' dir='ltr'><strong>ct</strong></span> <span class='ocrx_word' id='word_1_200' title='bbox 1661 4186 1961 4258; x_wconf 88' lang='lat' dir='ltr'><strong>deponebat</strong></span> <span class='ocrx_word' id='word_1_201' title='bbox 1983 4229 1996 4252; x_wconf 91' lang='lat'><strong>,</strong></span> <span class='ocrx_word' id='word_1_202' title='bbox 2027 4193 2082 4241; x_wconf 91' lang='lat' dir='ltr'><strong>et</strong></span> <span class='ocrx_word' id='word_1_203' title='bbox 2111 4185 2268 4257; x_wconf 89' lang='lat' dir='ltr'><strong>quasi</strong></span> <span class='ocrx_word' id='word_1_204' title='bbox 2301 4184 2439 4254; x_wconf 88' lang='lat' dir='ltr'><strong>pilas</strong></span> <span class='ocrx_word' id='word_1_205' title='bbox 2477 4183 2638 4238; x_wconf 89' lang='lat' dir='ltr'><strong>modo</strong></span> <span class='ocrx_word' id='word_1_206' title='bbox 2682 4183 2733 4237; x_wconf 92' lang='lat' dir='ltr'><strong>in</strong></span> <span class='ocrx_word' id='word_1_207' title='bbox 2765 4184 2928 4246; x_wconf 89' lang='lat' dir='ltr'><strong>hunc,</strong></span> <span class='ocrx_word' id='word_1_208' title='bbox 2967 4180 3130 4236; x_wconf 90' lang='lat' dir='ltr'><strong>modo</strong></span> <span class='ocrx_word' id='word_1_209' title='bbox 3164 4181 3215 4236; x_wconf 92' lang='lat' dir='ltr'><strong>in</strong></span> <span class='ocrx_word' id='word_1_210' title='bbox 3245 4181 3398 4237; x_wconf 89' lang='lat' dir='ltr'><strong>illum</strong></span> 
     </span>
    </p>
   </div>
   <div class='ocr_carea' id='block_1_24' title="bbox 163 4266 3402 4346">
    <p class='ocr_par' dir='ltr' id='par_1_24' title="bbox 163 4266 3402 4346">
     <span class='ocr_line' id='line_1_24' title="bbox 163 4266 3402 4346; baseline 0.001 -24"><span class='ocrx_word' id='word_1_211' title='bbox 163 4266 322 4325; x_wconf 88' lang='lat' dir='ltr'><strong>locum</strong></span> <span class='ocrx_word' id='word_1_212' title='bbox 360 4271 632 4342; x_wconf 72' lang='lat' dir='ltr'><strong>iactabat.</strong></span> <span class='ocrx_word' id='word_1_213' title='bbox 664 4270 834 4342; x_wconf 86' lang='lat' dir='ltr'><strong>Cujus</strong></span> <span class='ocrx_word' id='word_1_214' title='bbox 877 4268 954 4328; x_wconf 85' lang='lat' dir='ltr'><strong>rei</strong></span> <span class='ocrx_word' id='word_1_215' title='bbox 1008 4275 1223 4344; x_wconf 91' lang='lat' dir='ltr'><strong>culpam</strong></span> <span class='ocrx_word' id='word_1_216' title='bbox 1257 4291 1416 4332; x_wconf 87' lang='lat' dir='ltr'><strong>nemo</strong></span> <span class='ocrx_word' id='word_1_217' title='bbox 1446 4277 1587 4334; x_wconf 87' lang='lat' dir='ltr'><strong>alius</strong></span> <span class='ocrx_word' id='word_1_218' title='bbox 1621 4276 1965 4340; x_wconf 86' lang='lat' dir='ltr'><strong>sustinebat,</strong></span> <span class='ocrx_word' id='word_1_219' title='bbox 1997 4276 2101 4332; x_wconf 85' lang='lat' dir='ltr'><strong>nisi</strong></span> <span class='ocrx_word' id='word_1_220' title='bbox 2140 4275 2246 4346; x_wconf 91' lang='lat' dir='ltr'><strong>ipsi</strong></span> <span class='ocrx_word' id='word_1_221' title='bbox 2275 4273 2448 4331; x_wconf 64' lang='lat' dir='ltr'><strong>Graeci</strong></span> <span class='ocrx_word' id='word_1_222' title='bbox 2472 4314 2486 4340; x_wconf 93' lang='lat'><strong>,</strong></span> <span class='ocrx_word' id='word_1_223' title='bbox 2514 4273 2606 4345; x_wconf 88' lang='lat' dir='ltr'><strong>qui</strong></span> <span class='ocrx_word' id='word_1_224' title='bbox 2643 4273 2958 4341; x_wconf 86' lang='lat' dir='ltr'><strong>imperatori</strong></span> <span class='ocrx_word' id='word_1_225' title='bbox 2991 4287 3089 4328; x_wconf 92' lang='lat' dir='ltr'><strong>suo</strong></span> <span class='ocrx_word' id='word_1_226' title='bbox 3127 4272 3402 4328; x_wconf 87' lang='lat' dir='ltr'><strong>serviliter</strong></span> 
     </span>
    </p>
   </div>
   <div class='ocr_carea' id='block_1_25' title="bbox 163 4358 3402 4438">
    <p class='ocr_par' dir='ltr' id='par_1_25' title="bbox 163 4358 3402 4438">
     <span class='ocr_line' id='line_1_25' title="bbox 163 4358 3402 4438; baseline 0.003 -31"><span class='ocrx_word' id='word_1_227' title='bbox 163 4358 428 4417; x_wconf 77' lang='lat' dir='ltr'><strong>adulantes</strong></span> <span class='ocrx_word' id='word_1_228' title='bbox 449 4403 466 4428; x_wconf 91' lang='lat'><strong>,</strong></span> <span class='ocrx_word' id='word_1_229' title='bbox 503 4363 685 4416; x_wconf 87' lang='lat' dir='ltr'><strong>omnia</strong></span> <span class='ocrx_word' id='word_1_230' title='bbox 717 4363 765 4418; x_wconf 89' lang='lat' dir='ltr'><strong>ei</strong></span> <span class='ocrx_word' id='word_1_231' title='bbox 798 4371 996 4433; x_wconf 67' lang='lat' dir='ltr'><strong>praeter</strong></span> <span class='ocrx_word' id='word_1_232' title='bbox 1023 4364 1367 4420; x_wconf 75' lang='lat' dir='ltr'><strong>sacrificandi</strong></span> <span class='ocrx_word' id='word_1_233' title='bbox 1401 4373 1723 4438; x_wconf 86' lang='lat' dir='ltr'><strong>potestatem</strong></span> <span class='ocrx_word' id='word_1_234' title='bbox 1762 4374 2171 4423; x_wconf 86' lang='lat' dir='ltr'><strong>concesserant.</strong></span> <span class='ocrx_word' id='word_1_235' title='bbox 2207 4365 2259 4420; x_wconf 90' lang='lat' dir='ltr'><strong>ld</strong></span> <span class='ocrx_word' id='word_1_236' title='bbox 2287 4372 2346 4420; x_wconf 91' lang='lat' dir='ltr'><strong>ut</strong></span> <span class='ocrx_word' id='word_1_237' title='bbox 2375 4366 2522 4421; x_wconf 85' lang='lat' dir='ltr'><strong>clare</strong></span> <span class='ocrx_word' id='word_1_238' title='bbox 2558 4364 2832 4434; x_wconf 76' lang='lat' dir='ltr'><strong>intelligas</strong></span> <span class='ocrx_word' id='word_1_239' title='bbox 2857 4403 2872 4428; x_wconf 91' lang='lat'><strong>,</strong></span> <span class='ocrx_word' id='word_1_240' title='bbox 2901 4379 2967 4418; x_wconf 89' lang='lat' dir='ltr'><strong>en</strong></span> <span class='ocrx_word' id='word_1_241' title='bbox 3005 4363 3102 4418; x_wconf 91' lang='lat' dir='ltr'><strong>tibi</strong></span> <span class='ocrx_word' id='word_1_242' title='bbox 3144 4361 3402 4418; x_wconf 89' lang='lat' dir='ltr'><strong>Demetrii</strong></span> 
     </span>
    </p>
   </div>
   <div class='ocr_carea' id='block_1_26' title="bbox 162 4440 3404 4526">
    <p class='ocr_par' dir='ltr' id='par_1_26' title="bbox 162 4440 3404 4526">
     <span class='ocr_line' id='line_1_26' title="bbox 162 4440 3404 4526; baseline 0.004 -32"><span class='ocrx_word' id='word_1_243' title='bbox 162 4445 493 4504; x_wconf 67' lang='lat' dir='ltr'><strong>tilioniatiani</strong></span> <span class='ocrx_word' id='word_1_244' title='bbox 528 4451 586 4504; x_wconf 92' lang='lat' dir='ltr'><strong>in</strong></span> <span class='ocrx_word' id='word_1_245' title='bbox 622 4453 903 4522; x_wconf 88' lang='lat' dir='ltr'><strong>responsis</strong></span> <span class='ocrx_word' id='word_1_246' title='bbox 929 4452 996 4508; x_wconf 87' lang='lat' dir='ltr'><strong>ad</strong></span> <span class='ocrx_word' id='word_1_247' title='bbox 1032 4453 1342 4509; x_wconf 80' lang='lat' dir='ltr'><strong>Cabasilam</strong></span> <span class='ocrx_word' id='word_1_248' title='bbox 1372 4457 1661 4526; x_wconf 86' lang='lat' dir='ltr'><strong>plusquam</strong></span> <span class='ocrx_word' id='word_1_249' title='bbox 1699 4458 2049 4526; x_wconf 80' lang='lat' dir='ltr'><strong>parasiticam</strong></span> <span class='ocrx_word' id='word_1_250' title='bbox 2083 4456 2513 4512; x_wconf 87' lang='lat' dir='ltr'><strong>assentationem</strong></span> <span class='ocrx_word' id='word_1_251' title='bbox 2548 4440 2898 4524; x_wconf 47' lang='lat' dir='ltr'><strong>{Imperator</strong></span> <span class='ocrx_word' id='word_1_252' title='bbox 2943 4463 2998 4508; x_wconf 82' lang='lat' dir='ltr'><strong>ut</strong></span> <span class='ocrx_word' id='word_1_253' title='bbox 3026 4455 3319 4508; x_wconf 79' lang='lat' dir='ltr'><strong>communis</strong></span> <span class='ocrx_word' id='word_1_254' title='bbox 3349 4454 3404 4506; x_wconf 87' lang='lat' dir='ltr'><strong>in</strong></span> 
     </span>
    </p>
   </div>
   <div class='ocr_carea' id='block_1_27' title="bbox 165 4533 3399 4617">
    <p class='ocr_par' dir='ltr' id='par_1_27' title="bbox 165 4533 3399 4617">
     <span class='ocr_line' id='line_1_27' title="bbox 165 4533 3399 4617; baseline 0.004 -31"><span class='ocrx_word' id='word_1_255' title='bbox 165 4533 399 4594; x_wconf 70' lang='lat' dir='ltr'><strong>Ecclesiis</strong></span> <span class='ocrx_word' id='word_1_256' title='bbox 444 4540 744 4610; x_wconf 75' lang='lat' dir='ltr'><strong>sapientum</strong></span> <span class='ocrx_word' id='word_1_257' title='bbox 774 4543 1014 4612; x_wconf 83' lang='lat' dir='ltr'><strong>princeps</strong></span> <span class='ocrx_word' id='word_1_258' title='bbox 1045 4551 1093 4598; x_wconf 83' lang='lat' dir='ltr'><strong>et</strong></span> <span class='ocrx_word' id='word_1_259' title='bbox 1138 4561 1190 4599; x_wconf 89' lang='lat' dir='ltr'><strong>re</strong></span> <span class='ocrx_word' id='word_1_260' title='bbox 1228 4555 1278 4600; x_wconf 90' lang='lat' dir='ltr'><strong>et</strong></span> <span class='ocrx_word' id='word_1_261' title='bbox 1319 4546 1556 4611; x_wconf 83' lang='lat' dir='ltr'><strong>nomine,</strong></span> <span class='ocrx_word' id='word_1_262' title='bbox 1588 4545 1908 4617; x_wconf 81' lang='lat' dir='ltr'><strong>synodorum</strong></span> <span class='ocrx_word' id='word_1_263' title='bbox 1937 4547 2151 4614; x_wconf 76' lang='lat' dir='ltr'><strong>placitis</strong></span> <span class='ocrx_word' id='word_1_264' title='bbox 2185 4544 2436 4616; x_wconf 77' lang='lat' dir='ltr'><strong>prazsidet</strong></span> <span class='ocrx_word' id='word_1_265' title='bbox 2458 4587 2472 4610; x_wconf 90' lang='lat'><strong>,</strong></span> <span class='ocrx_word' id='word_1_266' title='bbox 2506 4552 2555 4599; x_wconf 82' lang='lat' dir='ltr'><strong>et</strong></span> <span class='ocrx_word' id='word_1_267' title='bbox 2580 4546 2951 4599; x_wconf 81' lang='lat' dir='ltr'><strong>auctoritatem</strong></span> <span class='ocrx_word' id='word_1_268' title='bbox 2987 4544 3114 4606; x_wconf 81' lang='lat' dir='ltr'><strong>ipsis</strong></span> <span class='ocrx_word' id='word_1_269' title='bbox 3152 4544 3399 4615; x_wconf 86' lang='lat' dir='ltr'><strong>largitur.</strong></span> 
     </span>
    </p>
   </div>
   <div class='ocr_carea' id='block_1_28' title="bbox 166 4625 3404 4707">
    <p class='ocr_par' dir='ltr' id='par_1_28' title="bbox 166 4625 3404 4707">
     <span class='ocr_line' id='line_1_28' title="bbox 166 4625 3404 4707; baseline 0.002 -28"><span class='ocrx_word' id='word_1_270' title='bbox 166 4625 556 4685; x_wconf 77' lang='lat' dir='ltr'><strong>Ecclesiasticas</strong></span> <span class='ocrx_word' id='word_1_271' title='bbox 592 4631 949 4688; x_wconf 78' lang='lat' dir='ltr'><strong>ordinationes</strong></span> <span class='ocrx_word' id='word_1_272' title='bbox 993 4633 1259 4705; x_wconf 85' lang='lat' dir='ltr'><strong>disponit,</strong></span> <span class='ocrx_word' id='word_1_273' title='bbox 1303 4647 1350 4691; x_wconf 88' lang='lat' dir='ltr'><strong>et</strong></span> <span class='ocrx_word' id='word_1_274' title='bbox 1401 4635 1563 4707; x_wconf 83' lang='lat' dir='ltr'><strong>legem</strong></span> <span class='ocrx_word' id='word_1_275' title='bbox 1591 4636 1736 4704; x_wconf 86' lang='lat' dir='ltr'><strong>ponit</strong></span> <span class='ocrx_word' id='word_1_276' title='bbox 1779 4636 1900 4691; x_wconf 73' lang='lat' dir='ltr'><strong>vita:</strong></span> <span class='ocrx_word' id='word_1_277' title='bbox 1933 4648 2087 4706; x_wconf 86' lang='lat' dir='ltr'><strong>atque</strong></span> <span class='ocrx_word' id='word_1_278' title='bbox 2117 4635 2282 4707; x_wconf 67' lang='lat' dir='ltr'><strong>ofﬁcio</strong></span> <span class='ocrx_word' id='word_1_279' title='bbox 2308 4650 2524 4698; x_wconf 87' lang='lat' dir='ltr'><strong>eorum,</strong></span> <span class='ocrx_word' id='word_1_280' title='bbox 2554 4633 2642 4704; x_wconf 82' lang='lat' dir='ltr'><strong>qui</strong></span> <span class='ocrx_word' id='word_1_281' title='bbox 2689 4633 2855 4686; x_wconf 85' lang='lat' dir='ltr'><strong>altari</strong></span> <span class='ocrx_word' id='word_1_282' title='bbox 2904 4634 3191 4687; x_wconf 82' lang='lat' dir='ltr'><strong>inserviunt</strong></span> <span class='ocrx_word' id='word_1_283' title='bbox 3226 4648 3244 4686; x_wconf 88' lang='lat'><em>:</em></span> <span class='ocrx_word' id='word_1_284' title='bbox 3278 4632 3404 4704; x_wconf 87' lang='lat' dir='ltr'><strong>quin</strong></span> 
     </span>
    </p>
   </div>
   <div class='ocr_carea' id='block_1_29' title="bbox 166 4716 3404 4793">
    <p class='ocr_par' dir='ltr' id='par_1_29' title="bbox 166 4716 3404 4793">
     <span class='ocr_line' id='line_1_29' title="bbox 166 4716 3404 4793; baseline 0.003 -27"><span class='ocrx_word' id='word_1_285' title='bbox 166 4727 204 4767; x_wconf 69' lang='lat' dir='ltr'><strong>et</strong></span> <span class='ocrx_word' id='word_1_286' title='bbox 228 4716 442 4784; x_wconf 81' lang='lat' dir='ltr'><strong>judiciis</strong></span> <span class='ocrx_word' id='word_1_287' title='bbox 480 4721 865 4791; x_wconf 85' lang='lat' dir='ltr'><strong>episcoporum,</strong></span> <span class='ocrx_word' id='word_1_288' title='bbox 899 4732 948 4777; x_wconf 87' lang='lat' dir='ltr'><strong>et</strong></span> <span class='ocrx_word' id='word_1_289' title='bbox 977 4722 1310 4789; x_wconf 85' lang='lat' dir='ltr'><strong>clericorum,</strong></span> <span class='ocrx_word' id='word_1_290' title='bbox 1345 4733 1394 4778; x_wconf 89' lang='lat' dir='ltr'><strong>et</strong></span> <span class='ocrx_word' id='word_1_291' title='bbox 1429 4725 1674 4780; x_wconf 85' lang='lat' dir='ltr'><strong>electioni</strong></span> <span class='ocrx_word' id='word_1_292' title='bbox 1705 4724 2067 4782; x_wconf 84' lang='lat' dir='ltr'><strong>Ecclesiarum</strong></span> <span class='ocrx_word' id='word_1_293' title='bbox 2100 4727 2418 4781; x_wconf 79' lang='lat' dir='ltr'><strong>vacantium.</strong></span> <span class='ocrx_word' id='word_1_294' title='bbox 2459 4723 2741 4779; x_wconf 77' lang='lat' dir='ltr'><strong>Promovet</strong></span> <span class='ocrx_word' id='word_1_295' title='bbox 2788 4724 3000 4793; x_wconf 75' lang='lat' dir='ltr'><strong>insuper</strong></span> <span class='ocrx_word' id='word_1_296' title='bbox 3029 4741 3060 4778; x_wconf 91' lang='lat' dir='ltr'><strong>a</strong></span> <span class='ocrx_word' id='word_1_297' title='bbox 3091 4725 3282 4778; x_wconf 86' lang='lat' dir='ltr'><strong>minori</strong></span> <span class='ocrx_word' id='word_1_298' title='bbox 3319 4722 3404 4778; x_wconf 84' lang='lat' dir='ltr'><strong>di-</strong></span> 
     </span>
    </p>
   </div>
   <div class='ocr_carea' id='block_1_30' title="bbox 167 4804 3404 4881">
    <p class='ocr_par' dir='ltr' id='par_1_30' title="bbox 167 4804 3404 4881">
     <span class='ocr_line' id='line_1_30' title="bbox 167 4804 3404 4881; baseline 0.004 -27"><span class='ocrx_word' id='word_1_299' title='bbox 167 4804 346 4867; x_wconf 82' lang='lat' dir='ltr'><strong>gnitate</strong></span> <span class='ocrx_word' id='word_1_300' title='bbox 375 4805 445 4860; x_wconf 82' lang='lat' dir='ltr'><strong>ad</strong></span> <span class='ocrx_word' id='word_1_301' title='bbox 475 4808 751 4881; x_wconf 79' lang='lat' dir='ltr'><strong>majorem,</strong></span> <span class='ocrx_word' id='word_1_302' title='bbox 789 4818 918 4878; x_wconf 88' lang='lat' dir='ltr'><strong>puta</strong></span> <span class='ocrx_word' id='word_1_303' title='bbox 947 4809 1009 4862; x_wconf 84' lang='lat' dir='ltr'><strong>ab</strong></span> <span class='ocrx_word' id='word_1_304' title='bbox 1045 4812 1332 4880; x_wconf 82' lang='lat' dir='ltr'><strong>episcopali</strong></span> <span class='ocrx_word' id='word_1_305' title='bbox 1358 4811 1426 4866; x_wconf 82' lang='lat' dir='ltr'><strong>ad</strong></span> <span class='ocrx_word' id='word_1_306' title='bbox 1463 4813 1944 4881; x_wconf 66' lang='lat' dir='ltr'><strong>metroliolitanam,</strong></span> <span class='ocrx_word' id='word_1_307' title='bbox 1974 4816 2223 4870; x_wconf 81' lang='lat' dir='ltr'><strong>honorem</strong></span> <span class='ocrx_word' id='word_1_308' title='bbox 2255 4831 2372 4869; x_wconf 89' lang='lat' dir='ltr'><strong>eum</strong></span> <span class='ocrx_word' id='word_1_309' title='bbox 2400 4813 2646 4868; x_wconf 72' lang='lat' dir='ltr'><strong>exhibens</strong></span> <span class='ocrx_word' id='word_1_310' title='bbox 2680 4821 2772 4866; x_wconf 87' lang='lat' dir='ltr'><strong>aut</strong></span> <span class='ocrx_word' id='word_1_311' title='bbox 2811 4812 2930 4866; x_wconf 86' lang='lat' dir='ltr'><strong>urbi</strong></span> <span class='ocrx_word' id='word_1_312' title='bbox 2965 4825 3057 4866; x_wconf 86' lang='lat' dir='ltr'><strong>aut</strong></span> <span class='ocrx_word' id='word_1_313' title='bbox 3093 4813 3314 4868; x_wconf 83' lang='lat' dir='ltr'><strong>homini.</strong></span> <span class='ocrx_word' id='word_1_314' title='bbox 3338 4811 3404 4867; x_wconf 85' lang='lat' dir='ltr'><strong>In</strong></span> 
     </span>
    </p>
   </div>
   <div class='ocr_carea' id='block_1_31' title="bbox 168 4898 3408 4975">
    <p class='ocr_par' dir='ltr' id='par_1_31' title="bbox 168 4898 3408 4975">
     <span class='ocr_line' id='line_1_31' title="bbox 168 4898 3408 4975; baseline 0.004 -31"><span class='ocrx_word' id='word_1_315' title='bbox 168 4907 356 4950; x_wconf 79' lang='lat' dir='ltr'><strong>summa</strong></span> <span class='ocrx_word' id='word_1_316' title='bbox 378 4907 571 4966; x_wconf 75' lang='lat' dir='ltr'><strong>prater</strong></span> <span class='ocrx_word' id='word_1_317' title='bbox 594 4898 939 4968; x_wconf 83' lang='lat' dir='ltr'><strong>sacriﬁcandi</strong></span> <span class='ocrx_word' id='word_1_318' title='bbox 977 4909 1313 4968; x_wconf 80' lang='lat' dir='ltr'><strong>potestatem,</strong></span> <span class='ocrx_word' id='word_1_319' title='bbox 1365 4912 1558 4957; x_wconf 63' lang='lat' dir='ltr'><strong>caetera</strong></span> <span class='ocrx_word' id='word_1_320' title='bbox 1597 4903 1774 4957; x_wconf 84' lang='lat' dir='ltr'><strong>omnia</strong></span> <span class='ocrx_word' id='word_1_321' title='bbox 1806 4903 1936 4971; x_wconf 86' lang='lat' dir='ltr'><strong>jura</strong></span> <span class='ocrx_word' id='word_1_322' title='bbox 1978 4903 2307 4971; x_wconf 77' lang='lat' dir='ltr'><strong>pontiﬁcalia</strong></span> <span class='ocrx_word' id='word_1_323' title='bbox 2344 4901 2622 4971; x_wconf 77' lang='lat' dir='ltr'><strong>manifeste</strong></span> <span class='ocrx_word' id='word_1_324' title='bbox 2669 4903 2915 4973; x_wconf 75' lang='lat' dir='ltr'><strong>exprimit</strong></span> <span class='ocrx_word' id='word_1_325' title='bbox 2937 4903 3245 4972; x_wconf 87' lang='lat' dir='ltr'><strong>imperator,</strong></span> <span class='ocrx_word' id='word_1_326' title='bbox 3287 4905 3408 4975; x_wconf 85' lang='lat' dir='ltr'><strong>qui-</strong></span> 
     </span>
    </p>
   </div>
   <div class='ocr_carea' id='block_1_32' title="bbox 170 4983 3407 5064">
    <p class='ocr_par' dir='ltr' id='par_1_32' title="bbox 170 4983 3407 5064">
     <span class='ocr_line' id='line_1_32' title="bbox 170 4983 3407 5064; baseline 0.004 -30"><span class='ocrx_word' id='word_1_327' title='bbox 170 4983 250 5037; x_wconf 85' lang='lat' dir='ltr'><strong>bus</strong></span> <span class='ocrx_word' id='word_1_328' title='bbox 273 4985 324 5039; x_wconf 89' lang='lat' dir='ltr'><strong>in</strong></span> <span class='ocrx_word' id='word_1_329' title='bbox 357 4986 511 5042; x_wconf 82' lang='lat' dir='ltr'><strong>rebus</strong></span> <span class='ocrx_word' id='word_1_330' title='bbox 538 4989 902 5044; x_wconf 81' lang='lat' dir='ltr'><strong>convenienter</strong></span> <span class='ocrx_word' id='word_1_331' title='bbox 928 4989 1059 5062; x_wconf 83' lang='lat' dir='ltr'><strong>agit,</strong></span> <span class='ocrx_word' id='word_1_332' title='bbox 1092 4999 1140 5044; x_wconf 88' lang='lat' dir='ltr'><strong>et</strong></span> <span class='ocrx_word' id='word_1_333' title='bbox 1171 4991 1364 5063; x_wconf 85' lang='lat' dir='ltr'><strong>legibus</strong></span> <span class='ocrx_word' id='word_1_334' title='bbox 1401 5001 1447 5046; x_wconf 89' lang='lat' dir='ltr'><strong>et</strong></span> <span class='ocrx_word' id='word_1_335' title='bbox 1478 4991 1787 5047; x_wconf 81' lang='lat' dir='ltr'><strong>canonibtts.</strong></span> <span class='ocrx_word' id='word_1_336' title='bbox 1819 4991 2038 5048; x_wconf 84' lang='lat' dir='ltr'><strong>Poterat</strong></span> <span class='ocrx_word' id='word_1_337' title='bbox 2064 5008 2192 5064; x_wconf 78' lang='lat' dir='ltr'><strong>ergo</strong></span> <span class='ocrx_word' id='word_1_338' title='bbox 2221 4991 2572 5048; x_wconf 74' lang='lat' dir='ltr'><strong>Grzrcanicus</strong></span> <span class='ocrx_word' id='word_1_339' title='bbox 2603 4991 2903 5062; x_wconf 83' lang='lat' dir='ltr'><strong>imperator</strong></span> <span class='ocrx_word' id='word_1_340' title='bbox 2931 5008 3155 5048; x_wconf 85' lang='lat' dir='ltr'><strong>suorum</strong></span> <span class='ocrx_word' id='word_1_341' title='bbox 3189 5009 3407 5064; x_wconf 86' lang='lat' dir='ltr'><strong>quoque</strong></span> 
     </span>
    </p>
   </div>
   <div class='ocr_carea' id='block_1_33' title="bbox 171 5072 3403 5153">
    <p class='ocr_par' dir='ltr' id='par_1_33' title="bbox 171 5072 3403 5153">
     <span class='ocr_line' id='line_1_33' title="bbox 171 5072 3403 5153; baseline 0.004 -27"><span class='ocrx_word' id='word_1_342' title='bbox 171 5072 342 5130; x_wconf 81' lang='lat' dir='ltr'><strong>audire</strong></span> <span class='ocrx_word' id='word_1_343' title='bbox 368 5075 778 5144; x_wconf 78' lang='lat' dir='ltr'><strong>confessiones,</strong></span> <span class='ocrx_word' id='word_1_344' title='bbox 815 5079 1258 5151; x_wconf 78' lang='lat' dir='ltr'><strong>quandoquidem</strong></span> <span class='ocrx_word' id='word_1_345' title='bbox 1291 5083 1472 5136; x_wconf 88' lang='lat' dir='ltr'><strong>omnia</strong></span> <span class='ocrx_word' id='word_1_346' title='bbox 1505 5090 1748 5153; x_wconf 84' lang='lat' dir='ltr'><strong>poterat,</strong></span> <span class='ocrx_word' id='word_1_347' title='bbox 1786 5093 1980 5153; x_wconf 70' lang='lat' dir='ltr'><strong>prretor</strong></span> <span class='ocrx_word' id='word_1_348' title='bbox 2008 5082 2230 5138; x_wconf 81' lang='lat' dir='ltr'><strong>Missam</strong></span> <span class='ocrx_word' id='word_1_349' title='bbox 2271 5098 2366 5137; x_wconf 88' lang='lat' dir='ltr'><strong>seu</strong></span> <span class='ocrx_word' id='word_1_350' title='bbox 2402 5080 2700 5153; x_wconf 78' lang='lat' dir='ltr'><strong>Liturgiam</strong></span> <span class='ocrx_word' id='word_1_351' title='bbox 2735 5083 3034 5138; x_wconf 86' lang='lat' dir='ltr'><strong>celebrare.</strong></span> <span class='ocrx_word' id='word_1_352' title='bbox 3073 5081 3226 5139; x_wconf 86' lang='lat' dir='ltr'><strong>llunc</strong></span> <span class='ocrx_word' id='word_1_353' title='bbox 3258 5083 3403 5140; x_wconf 89' lang='lat' dir='ltr'><strong>Cho-</strong></span> 
     </span>
    </p>
   </div>
   <div class='ocr_carea' id='block_1_34' title="bbox 172 5165 3402 5245">
    <p class='ocr_par' dir='ltr' id='par_1_34' title="bbox 172 5165 3402 5245">
     <span class='ocr_line' id='line_1_34' title="bbox 172 5165 3402 5245; baseline 0.005 -33"><span class='ocrx_word' id='word_1_354' title='bbox 172 5165 376 5221; x_wconf 82' lang='lat' dir='ltr'><strong>niatiani</strong></span> <span class='ocrx_word' id='word_1_355' title='bbox 408 5167 588 5224; x_wconf 87' lang='lat' dir='ltr'><strong>locum</strong></span> <span class='ocrx_word' id='word_1_356' title='bbox 621 5169 825 5240; x_wconf 77' lang='lat' dir='ltr'><strong>profert</strong></span> <span class='ocrx_word' id='word_1_357' title='bbox 854 5169 1006 5241; x_wconf 78' lang='lat' dir='ltr'><strong>llugo</strong></span> <span class='ocrx_word' id='word_1_358' title='bbox 1032 5168 1256 5226; x_wconf 88' lang='lat' dir='ltr'><strong>Grotius</strong></span> <span class='ocrx_word' id='word_1_359' title='bbox 1286 5171 1579 5227; x_wconf 81' lang='lat' dir='ltr'><strong>Calvinista</strong></span> <span class='ocrx_word' id='word_1_360' title='bbox 1609 5171 1660 5226; x_wconf 89' lang='lat' dir='ltr'><strong>in</strong></span> <span class='ocrx_word' id='word_1_361' title='bbox 1699 5170 1902 5227; x_wconf 83' lang='lat' dir='ltr'><strong>Pietate</strong></span> <span class='ocrx_word' id='word_1_362' title='bbox 1940 5171 2025 5245; x_wconf 79' lang='grc' dir='ltr'><strong>[Ε.</strong></span> <span class='ocrx_word' id='word_1_363' title='bbox 2061 5171 2120 5227; x_wconf 85' lang='grc' dir='ltr'><strong>Ρ.</strong></span> <span class='ocrx_word' id='word_1_364' title='bbox 2153 5170 2281 5242; x_wconf 67' lang='grc' dir='ltr'><strong>55η</strong></span> <span class='ocrx_word' id='word_1_365' title='bbox 2332 5171 2586 5225; x_wconf 82' lang='lat' dir='ltr'><strong>ordinum</strong></span> <span class='ocrx_word' id='word_1_366' title='bbox 2633 5169 2935 5226; x_wconf 71' lang='lat' dir='ltr'><strong>llollandia:</strong></span> <span class='ocrx_word' id='word_1_367' title='bbox 2973 5179 3025 5226; x_wconf 86' lang='lat' dir='ltr'><strong>et</strong></span> <span class='ocrx_word' id='word_1_368' title='bbox 3057 5171 3402 5240; x_wconf 66' lang='lat' dir='ltr'><strong>Westfrisise,</strong></span> 
     </span>
    </p>
   </div>
   <div class='ocr_carea' id='block_1_35' title="bbox 173 5255 3403 5332">
    <p class='ocr_par' dir='ltr' id='par_1_35' title="bbox 173 5255 3403 5332">
     <span class='ocr_line' id='line_1_35' title="bbox 173 5255 3403 5332; baseline 0.005 -31"><span class='ocrx_word' id='word_1_369' title='bbox 173 5260 222 5303; x_wconf 90' lang='lat' dir='ltr'><strong>ut</strong></span> <span class='ocrx_word' id='word_1_370' title='bbox 263 5255 506 5312; x_wconf 84' lang='lat' dir='ltr'><strong>eannlem</strong></span> <span class='ocrx_word' id='word_1_371' title='bbox 557 5265 882 5327; x_wconf 82' lang='lat' dir='ltr'><strong>potestatem</strong></span> <span class='ocrx_word' id='word_1_372' title='bbox 919 5258 970 5313; x_wconf 90' lang='lat' dir='ltr'><strong>in</strong></span> <span class='ocrx_word' id='word_1_373' title='bbox 1000 5260 1363 5329; x_wconf 73' lang='lat' dir='ltr'><strong>prmdicantes</strong></span> <span class='ocrx_word' id='word_1_374' title='bbox 1393 5259 1746 5316; x_wconf 79' lang='lat' dir='ltr'><strong>Calvinianos</strong></span> <span class='ocrx_word' id='word_1_375' title='bbox 1784 5279 2040 5332; x_wconf 86' lang='lat' dir='ltr'><strong>supremo</strong></span> <span class='ocrx_word' id='word_1_376' title='bbox 2073 5261 2416 5332; x_wconf 77' lang='lat' dir='ltr'><strong>magistratui</strong></span> <span class='ocrx_word' id='word_1_377' title='bbox 2465 5260 2771 5316; x_wconf 74' lang='lat' dir='ltr'><strong>llollandize</strong></span> <span class='ocrx_word' id='word_1_378' title='bbox 2799 5270 2854 5317; x_wconf 88' lang='lat' dir='ltr'><strong>et</strong></span> <span class='ocrx_word' id='word_1_379' title='bbox 2883 5260 3218 5319; x_wconf 75' lang='lat' dir='ltr'><strong>Wcstfrisize</strong></span> <span class='ocrx_word' id='word_1_380' title='bbox 3248 5278 3403 5322; x_wconf 85' lang='lat' dir='ltr'><strong>asse-</strong></span> 
     </span>
    </p>
   </div>
   <div class='ocr_carea' id='block_1_36' title="bbox 174 5348 3408 5423">
    <p class='ocr_par' dir='ltr' id='par_1_36' title="bbox 174 5348 3408 5423">
     <span class='ocr_line' id='line_1_36' title="bbox 174 5348 3408 5423; baseline 0.005 -32"><span class='ocrx_word' id='word_1_381' title='bbox 174 5349 245 5393; x_wconf 79' lang='lat' dir='ltr'><strong>rat</strong></span> <span class='ocrx_word' id='word_1_382' title='bbox 277 5361 289 5397; x_wconf 87' lang='lat'><strong>:</strong></span> <span class='ocrx_word' id='word_1_383' title='bbox 325 5359 636 5416; x_wconf 64' lang='lat' dir='ltr'><strong>quanquam</strong></span> <span class='ocrx_word' id='word_1_384' title='bbox 688 5363 794 5402; x_wconf 91' lang='lat' dir='ltr'><strong>non</strong></span> <span class='ocrx_word' id='word_1_385' title='bbox 840 5357 959 5402; x_wconf 84' lang='lat' dir='ltr'><strong>erat</strong></span> <span class='ocrx_word' id='word_1_386' title='bbox 995 5363 1095 5403; x_wconf 89' lang='lat' dir='ltr'><strong>cur</strong></span> <span class='ocrx_word' id='word_1_387' title='bbox 1125 5348 1346 5404; x_wconf 87' lang='lat' dir='ltr'><strong>Grotius</strong></span> <span class='ocrx_word' id='word_1_388' title='bbox 1381 5349 1690 5420; x_wconf 74' lang='lat' dir='ltr'><strong>exciperet,</strong></span> <span class='ocrx_word' id='word_1_389' title='bbox 1723 5350 1885 5406; x_wconf 81' lang='lat' dir='ltr'><strong>sicuti</strong></span> <span class='ocrx_word' id='word_1_390' title='bbox 1921 5366 2020 5406; x_wconf 79' lang='lat' dir='ltr'><strong>nec</strong></span> <span class='ocrx_word' id='word_1_391' title='bbox 2050 5351 2299 5423; x_wconf 65' lang='lat' dir='ltr'><strong>excepit.</strong></span> <span class='ocrx_word' id='word_1_392' title='bbox 2345 5365 2516 5405; x_wconf 75' lang='lat' dir='ltr'><strong>ccenze</strong></span> <span class='ocrx_word' id='word_1_393' title='bbox 2550 5350 2806 5420; x_wconf 73' lang='lat' dir='ltr'><strong>paranda:</strong></span> <span class='ocrx_word' id='word_1_394' title='bbox 2861 5360 3184 5420; x_wconf 84' lang='lat' dir='ltr'><strong>potestatem</strong></span> <span class='ocrx_word' id='word_1_395' title='bbox 3223 5370 3236 5407; x_wconf 90' lang='lat'><strong>:</strong></span> <span class='ocrx_word' id='word_1_396' title='bbox 3270 5354 3408 5408; x_wconf 86' lang='lat' dir='ltr'><strong>hanc</strong></span> 
     </span>
    </p>
   </div>
   <div class='ocr_carea' id='block_1_37' title="bbox 172 5431 3407 5514">
    <p class='ocr_par' dir='ltr' id='par_1_37' title="bbox 172 5431 3407 5514">
     <span class='ocr_line' id='line_1_37' title="bbox 172 5431 3407 5514; baseline 0.004 -33"><span class='ocrx_word' id='word_1_397' title='bbox 172 5431 300 5486; x_wconf 87' lang='lat' dir='ltr'><strong>enim</strong></span> <span class='ocrx_word' id='word_1_398' title='bbox 335 5435 454 5489; x_wconf 88' lang='lat' dir='ltr'><strong>sine</strong></span> <span class='ocrx_word' id='word_1_399' title='bbox 493 5436 598 5489; x_wconf 87' lang='lat' dir='ltr'><strong>ulla</strong></span> <span class='ocrx_word' id='word_1_400' title='bbox 628 5434 971 5493; x_wconf 89' lang='lat' dir='ltr'><strong>dubitatione</strong></span> <span class='ocrx_word' id='word_1_401' title='bbox 1005 5437 1201 5494; x_wconf 86' lang='lat' dir='ltr'><strong>melius</strong></span> <span class='ocrx_word' id='word_1_402' title='bbox 1221 5446 1276 5492; x_wconf 89' lang='lat' dir='ltr'><strong>et</strong></span> <span class='ocrx_word' id='word_1_403' title='bbox 1301 5439 1503 5493; x_wconf 85' lang='lat' dir='ltr'><strong>lautius</strong></span> <span class='ocrx_word' id='word_1_404' title='bbox 1539 5454 1799 5510; x_wconf 84' lang='lat' dir='ltr'><strong>apparare</strong></span> <span class='ocrx_word' id='word_1_405' title='bbox 1829 5450 2007 5509; x_wconf 60' lang='lat' dir='ltr'><strong>potest</strong></span> <span class='ocrx_word' id='word_1_406' title='bbox 2041 5441 2209 5494; x_wconf 84' lang='lat' dir='ltr'><strong>totius</strong></span> <span class='ocrx_word' id='word_1_407' title='bbox 2244 5438 2541 5495; x_wconf 77' lang='lat' dir='ltr'><strong>llollandia:</strong></span> <span class='ocrx_word' id='word_1_408' title='bbox 2573 5449 2625 5494; x_wconf 91' lang='lat' dir='ltr'><strong>et</strong></span> <span class='ocrx_word' id='word_1_409' title='bbox 2678 5436 2997 5494; x_wconf 64' lang='lat' dir='ltr'><strong>WeStlrisiae</strong></span> <span class='ocrx_word' id='word_1_410' title='bbox 3053 5442 3407 5514; x_wconf 78' lang='lat' dir='ltr'><strong>magistratus</strong></span> 
     </span>
    </p>
   </div>
   <div class='ocr_carea' id='block_1_38' title="bbox 173 5524 1456 5588">
    <p class='ocr_par' dir='ltr' id='par_1_38' title="bbox 173 5524 1456 5588">
     <span class='ocr_line' id='line_1_38' title="bbox 173 5524 1456 5588; baseline 0.009 -17"><span class='ocrx_word' id='word_1_411' title='bbox 173 5533 317 5588; x_wconf 86' lang='lat' dir='ltr'><strong>quam</strong></span> <span class='ocrx_word' id='word_1_412' title='bbox 351 5524 496 5579; x_wconf 89' lang='lat' dir='ltr'><strong>nllus</strong></span> <span class='ocrx_word' id='word_1_413' title='bbox 522 5539 585 5580; x_wconf 80' lang='lat' dir='ltr'><strong>ex</strong></span> <span class='ocrx_word' id='word_1_414' title='bbox 615 5526 929 5580; x_wconf 66' lang='lat' dir='ltr'><strong>Caltiniana</strong></span> <span class='ocrx_word' id='word_1_415' title='bbox 963 5526 1145 5582; x_wconf 84' lang='lat' dir='ltr'><strong>culina</strong></span> <span class='ocrx_word' id='word_1_416' title='bbox 1188 5527 1456 5582; x_wconf 83' lang='lat' dir='ltr'><strong>minister.</strong></span> 
     </span>
    </p>
   </div>
   <div class='ocr_carea' id='block_1_39' title="bbox 234 5603 3398 5692">
    <p class='ocr_par' dir='ltr' id='par_1_39' title="bbox 234 5603 3398 5692">
     <span class='ocr_line' id='line_1_39' title="bbox 234 5603 3398 5692; baseline 0.004 -29"><span class='ocrx_word' id='word_1_417' title='bbox 234 5609 286 5664; x_wconf 92' lang='lat' dir='ltr'><strong>ln</strong></span> <span class='ocrx_word' id='word_1_418' title='bbox 314 5611 446 5669; x_wconf 80' lang='lat' dir='ltr'><strong>Jure</strong></span> <span class='ocrx_word' id='word_1_419' title='bbox 482 5612 662 5671; x_wconf 66' lang='lat' dir='ltr'><strong>Graeco</strong></span> <span class='ocrx_word' id='word_1_420' title='bbox 698 5613 930 5670; x_wconf 82' lang='lat' dir='ltr'><strong>Romano</strong></span> <span class='ocrx_word' id='word_1_421' title='bbox 955 5623 1132 5672; x_wconf 73' lang='lat' dir='ltr'><strong>exstat</strong></span> <span class='ocrx_word' id='word_1_422' title='bbox 1155 5616 1487 5673; x_wconf 80' lang='lat' dir='ltr'><strong>Constitutio</strong></span> <span class='ocrx_word' id='word_1_423' title='bbox 1509 5603 1705 5676; x_wconf 84' lang='lat' dir='ltr'><strong>Leonis</strong></span> <span class='ocrx_word' id='word_1_424' title='bbox 1733 5621 2051 5692; x_wconf 78' lang='lat' dir='ltr'><strong>Philosophi</strong></span> <span class='ocrx_word' id='word_1_425' title='bbox 2087 5621 2438 5691; x_wconf 83' lang='lat' dir='ltr'><strong>imperatoris</strong></span> <span class='ocrx_word' id='word_1_426' title='bbox 2461 5622 2525 5679; x_wconf 87' lang='lat' dir='ltr'><strong>dc</strong></span> <span class='ocrx_word' id='word_1_427' title='bbox 2545 5621 2761 5680; x_wconf 87' lang='lat' dir='ltr'><strong>thronis</strong></span> <span class='ocrx_word' id='word_1_428' title='bbox 2787 5619 3398 5692; x_wconf 75' lang='lat' dir='ltr'><strong>Constantinopolitaua</strong></span> 
     </span>
    </p>
   </div>
   <div class='ocr_carea' id='block_1_40' title="bbox 237 5820 1941 5903">
    <p class='ocr_par' dir='ltr' id='par_1_40' title="bbox 237 5820 1941 5903">
     <span class='ocr_line' id='line_1_40' title="bbox 237 5820 1941 5903; baseline 0.006 -28"><span class='ocrx_word' id='word_1_429' title='bbox 237 5821 251 5841; x_wconf 84' lang='lat'><strong>’</strong></span> <span class='ocrx_word' id='word_1_430' title='bbox 279 5820 542 5880; x_wconf 79' lang='lat' dir='ltr'><strong>Editionis</strong></span> <span class='ocrx_word' id='word_1_431' title='bbox 565 5824 894 5884; x_wconf 81' lang='lat' dir='ltr'><strong>Parisicnsis</strong></span> <span class='ocrx_word' id='word_1_432' title='bbox 925 5824 1060 5903; x_wconf 64' lang='grc'><strong>1648</strong></span> <span class='ocrx_word' id='word_1_433' title='bbox 1091 5827 1184 5886; x_wconf 90' lang='lat' dir='ltr'><strong>fol.</strong></span> <span class='ocrx_word' id='word_1_434' title='bbox 1227 5829 1434 5900; x_wconf 58' lang='lat' dir='ltr'><strong>pagina</strong></span> <span class='ocrx_word' id='word_1_435' title='bbox 1463 5842 1941 5902; x_wconf 60' lang='lat' dir='ltr'><strong>reprirsentantnr.</strong></span> 
     </span>
    </p>
   </div>
  </div>
