4058 6294
608 309 724 378 327
1535 301 1974 366 GR/ECORUM
2007 305 2599 378 FPISCOPATUUM
2639 294 2974 364 NOTITUE
3761 299 3861 362 3‘28

607 423 726 480 sedi
759 421 1044 493 subjectis,
1075 427 1128 476 et
1157 416 1248 490 qui
1278 415 1518 488 episcopi
1549 417 1750 487 quibus
1780 420 2143 488 metropolitis
2176 420 2482 475 subdantur
2509 437 2525 474 :
2560 435 2681 488 qua:
2707 419 2864 489 longe
2892 417 3079 486 plures
3109 413 3456 484 metr0poles,
3487 411 3860 484 archiepisco-

604 519 789 583 patus,
839 517 893 565 et
945 507 1298 578 episcopatus
1351 513 1626 580 numerat,
1657 520 1820 575 quam
1872 506 2216 562 Andronicus
2249 507 2303 561 in
2356 522 2454 562 sua
2487 507 2726 562 Ecthesi.
2778 504 2885 560 Sed
2920 504 3138 559 ubinam
3175 503 3334 558 hodie
3367 511 3450 556 tot
3483 503 3604 558 illas
3627 543 3642 568 ,
3671 510 3725 557 et
3754 511 3861 556 tarn

606 615 933 658 numerosas
964 597 1241 654 Ecclesias
1271 595 1518 652 invenire
1548 603 1632 650 est
1653 593 1675 646 1
1700 593 1809 648 Aut.
1834 594 2104 664 nuspiam,
2135 605 2228 649 aut
2267 595 2322 650 in
2359 592 2614 651 faucibus
2641 593 2793 661 Orci,
2835 593 2938 648 hoc
2969 600 3074 651 est,
3109 589 3406 655 haereseos,
3438 597 3490 646 et
3517 590 3860 654 sehismatis,

607 691 712 746 sub
743 688 1118 752 Sarraceniea,
1168 687 1457 757 plusquam
1489 683 1834 740 Pharaonica
1871 685 2164 745 servitute,
2215 682 2466 753 pauculis
2505 682 2762 754 demptis,
2791 681 2992 753 quibus
3021 683 3206 736 mitior
3241 679 3480 734 servitus
3509 677 3724 748 obtigit.
3756 675 3863 729 Eas

600 778 828 847 insuper
859 775 1016 832 sedes
1045 774 1284 845 excipio,
1311 786 1450 840 quas
1485 771 1537 826 in
1571 768 1819 826 Calabria
1851 779 1905 826 et
1928 768 2111 824 Sicilia
2137 769 2308 825 Graeci
2337 779 2663 835 erexerant,
2693 769 2779 824 vel
2803 769 2915 840 jam
2943 768 3074 822 olim
3109 775 3323 822 erectas
3357 772 3676 836 repererant
3707 783 3719 819 :
3749 763 3866 818 ista:

594 866 745 921 enim
802 865 977 937 pulsis
1027 865 1242 920 ditione
1287 859 1492 916 Grtecis
1541 857 1828 913 Cathedrae
1861 857 2006 916 Petri
2056 859 2375 925 adhaerent,
2412 859 2516 915 sub
2562 859 2792 930 imperio
2840 857 3252 914 Catholicorum
3307 871 3496 928 regum
3543 868 3608 910 ac
3659 853 3864 924 princi-

597 970 752 1024 pum.

671 1043 876 1095 inserta
900 1047 983 1095 est
1006 1027 1178 1095 eidéin
1210 1038 1472 1093 volumini
1506 1034 1660 1092 luris
1692 1035 2140 1092 (hirco-Romani
2172 1034 2459 1106 cujusdam
2491 1035 2818 1104 patriarchae
2843 1032 3442 1103 Constantinopolitani
3481 1029 3718 1090 sanctio,
3743 1044 3866 1096 quae

596 1127 789 1181 ordine
819 1127 993 1180 sessio
1018 1127 1072 1180 in
1101 1126 1379 1190 conciliis,
1399 1125 1630 1196 aliisque
1657 1127 1892 1196 publicis
1918 1125 2280 1182 conventibus
2303 1125 2476 1179 cuivis
2506 1125 2864 1195 metropolitte
2899 1134 2950 1178 et
2984 1123 3403 1192 archiepiscopo
3431 1127 3728 1190 competat.
3758 1119 3863 1173 Sed

594 1213 686 1268 hic
716 1215 825 1284 jam
862 1215 1018 1283 longe
1047 1214 1226 1268 minor
1257 1228 1522 1268 numerus
1553 1223 1634 1270 est
1658 1254 1672 1279 ,
1707 1229 1870 1286 quam
1923 1214 1976 1268 in
2010 1213 2447 1284 ,Constitutione
2474 1210 2694 1278 Leonis,
2728 1213 2802 1267 ita
2831 1223 2887 1267 ut
2920 1214 3065 1267 sedis
3098 1209 3720 1278 Constantinopolitante
3750 1221 3864 1260 am-

593 1301 804 1369 plitudo
843 1301 1086 1370 quotidie
1117 1303 1479 1368 minueretur,
1506 1311 1561 1357 et
1594 1303 1738 1356 mala
1770 1301 2074 1356 Turcarum
2106 1317 2270 1356 manu
2299 1301 2810 1357 circumcideretur.
2855 1299 3010 1355 Libet
3048 1300 3136 1354 hic
3170 1298 3467 1368 adjungere
3507 1296 3655 1352 hunc
3681 1303 3864 1366 poste-

595 1392 796 1442 riorem
831 1388 1175 1460 Catalogum,
1209 1389 1336 1460 quia
1371 1389 1553 1447 brevis
1585 1400 1685 1455 est,
1725 1401 1779 1445 et
1813 1390 2130 1446 Andronico
2167 1392 2342 1445 lucem
2387 1389 2671 1444 accendet.

1039 1604 1358 1618 ’Μ

1384 1603 1753 1616 -.ιο-αα*
1768 1603 1972 1616 m

1973 1604 2314 1616 “.—

1400 1790 1505 1878 P.
1580 1785 2097 1880 JACOBUS
2177 1785 2485 1880 GOAR
2587 1787 3143 1883 LECTORI.

2166 2033 2242 2046 ..1,

666 2181 782 2250 Qua
816 2182 868 2236 in
899 2198 957 2237 re
988 2180 1223 2236 Palatini
1260 2195 1462 2243 mores,
1493 2187 1543 2233 et
1577 2180 1666 2250 qui
1705 2179 1758 2234 in
1789 2178 2012 2236 Palatiis
2053 2179 2190 2234 ritus
2228 2179 2506 2233 observari
2540 2189 2946 2235 consueverunt
2981 2179 3078 2249 (de
3101 2182 3305 2252 quibus
3329 2185 3465 2240 satis
3491 2187 3660 2240 multa
3695 2188 3861 2257 paulo

596 2269 896 2340 superius),
930 2283 1052 2324 cum
1081 2268 1442 2340 sequentibus
1477 2267 1876 2338 metropoleon,
1905 2277 1958 2322 et
1989 2267 2404 2338 episcopatumn
2437 2268 2651 2324 notitiis
2682 2269 3035 2332 conveniant,
3073 2269 3327 2338 ignorare
3353 2287 3438 2328 mc
3467 2272 3660 2343 lateor,
3689 2276 3862 2331 lector

596 2357 890 2423 benevole,
935 2357 1040 2411 nisi
1077 2356 1420 2427 suggesseris
1460 2370 1620 2426 quem
1655 2355 1860 2426 possint
1891 2355 2239 2424 interrogare
2275 2375 2287 2408 :
2321 2362 2592 2426 quotquot
2631 2355 2779 2410 enirn
2817 2355 3042 2411 notitias
3072 2357 3340 2431 hactenus
3376 2361 3722 2432 cxscripsere
3747 2403 3763 2427 ,
3800 2378 3866 2418 ne

595 2445 820 2501 verbum
865 2445 1089 2517 quidem
1135 2460 1197 2501 ea
1236 2445 1303 2500 de
1333 2459 1392 2499 re
1425 2443 1690 2500 fecerunt.
1720 2441 1936 2498 Nullius
1967 2443 2229 2498 momenti
2277 2457 2363 2497 res
2395 2456 2477 2498 est
2503 2482 2518 2506 ,
2559 2443 2695 2497 mihi
2744 2444 2910 2497 lateat
2942 2453 2994 2498 et
3031 2446 3166 2512 tibi;
3201 2447 3498 2504 dummodo
3545 2450 3865 2507 notitiarum

593 2535 913 2604 scriptores,
950 2534 1032 2588 vel
1062 2533 1155 2605 qui
1190 2547 1282 2588 eas
1313 2533 1366 2587 in
1401 2532 1577 2587 lucem
1603 2532 1934 2595 eduxerunt,
1973 2533 2342 2586 innotescant.
2378 2532 2636 2586 Ediilerat
2669 2532 3019 2588 Andronicus
3053 2533 3335 2604 Augustus
3368 2537 3555 2591 senior
3587 2539 3865 2607 notitiam,

595 2638 759 2692 quam
803 2622 998 2678 Junius
1028 2639 1128 2694 pro
1157 2622 1387 2677 arbitrio
1421 2622 1813 2693 interpretatus
1856 2620 2160 2676 Codiniano
2192 2621 2477 2689 subjuuxit
2515 2620 2700 2690 operi;
2733 2635 2795 2674 ea
2834 2627 3076 2685 tantum,
3129 2638 3214 2677 tne
3267 2625 3487 2694 quidem
3536 2626 3751 2696 judice,
3802 2629 3866 2683 de

593 2724 795 2776 causa,
830 2711 974 2781 quod
1007 2710 1151 2766 hanc
1176 2710 1263 2765 isti
1295 2710 1597 2765 subncxam
1635 2709 1776 2765 idem
1809 2726 1912 2766 ms.
1947 2711 2118 2765 codex
2152 2699 2532 2780 suggessisset.
2569 2705 2780 2763 Placuit
2809 2706 3065 2764 Gretscro
3106 2719 3379 2780 repertam
3415 2712 3578 2768 aliam
3635 2715 3688 2768 in
3738 2713 3869 2769 Jure

596 2798 1072 2866 Graeco-Romano,
1101 2799 1197 2855 sed
1227 2799 1387 2854 titulo
1417 2807 1470 2854 et
1495 2798 1855 2870 inscriptione
1901 2807 2202 2870 expertem,
2234 2797 2399 2852 veluti
2458 2796 2650 2862 facem,
2685 2793 3124 2865 Andronieianaa,
3153 2812 3259 2868 qua
3291 2798 3380 2853 lux
3413 2799 3699 2871 aliulgcret
3730 2818 3864 2873 prae-

594 2888 809 2944 mittere
840 2907 855 2946 :
885 2903 1075 2943 verum
1116 2887 1252 2941 facis
1287 2887 1539 2941 obseura:
1571 2885 1755 2941 lumen
1789 2886 2084 2942 obscurius
2142 2885 2287 2942 ferre
2321 2903 2430 2940 non
2469 2894 2764 2957 potuerunt
2796 2885 2962 2942 oculi.
2997 2885 3237 2941 Tertiam
3265 2902 3328 2943 ex
3361 2887 3649 2946 Vaticanis
3673 2889 3740 2946 Ρ.
3764 2891 3864 2946 Ca-

591 2977 744 3032 rolus
771 2990 800 3029 a
831 2973 886 3030 S.
925 2975 1092 3030 l‘aulo
1124 2975 1484 3030 Abrinccnsis
1531 2983 1721 3045 postea
1758 2973 1958 3043 praesul
2009 2973 2180 3028 edidit
2208 2990 2380 3030 sacrte
2411 2989 2521 3028 suae
2551 2973 2898 3046 geographia:
2930 2973 3113 3030 tacitis
3139 2974 3303 3029 etiam
3338 2974 3406 3030 de
3440 2977 3666 3032 nomine
3699 2993 3861 3051 supe-

591 3064 834 3122 rioribus
868 3080 966 3120 ceu
995 3062 1269 3134 Parergon
1297 3063 1561 3118 insertam
1590 3102 1605 3128 ,
1639 3070 1960 3132 quartusque
1987 3062 2145 3118 alteri
2179 3079 2341 3133 quam
2379 3061 2544 3133 Regia
2574 3063 2996 3134 suppeditarunt
3024 3063 3232 3118 sociam
3263 3063 3417 3120 fecit.
3455 3062 3723 3130 Quintam
3759 3083 3863 3122 tne-

593 3167 865 3209 morarem
894 3154 1036 3207 inter
1065 3153 1230 3208 hasce
1262 3151 1496 3208 inediam
1534 3151 1587 3205 in
1615 3151 1862 3222 ejusdem
1891 3152 2142 3221 prtesulis
2165 3152 2488 3208 collectione
2517 3152 2778 3218 locatam,
2814 3152 2868 3206 ni
2907 3152 3054 3224 (cum
3088 3163 3302 3208 vetusta
3327 3153 3401 3208 sit
3432 3163 3488 3210 et
3518 3155 3848 3225 imperfecta.

593 3255 807 3297 necnon
841 3239 1102 3306 llierocli,
1134 3240 1292 3311 cujus
1325 3250 1690 3311 pervetustam
1727 3239 1980 3294 notitiam
2028 3242 2365 3312 recognitum
2397 3249 2450 3295 et
2481 3240 2751 3312 integram
2800 3240 3160 3297 doctissimus
3197 3239 3515 3297 llolstenius
3548 3242 3853 3312 pollicetur,

592 3347 701 3387 non
734 3327 927 3384 leviter
957 3330 1272 3398 tribuatur)
1306 3331 1373 3384 ab
1405 3343 1466 3383 ea
1497 3342 1641 3383 nunc
1697 3326 2034 3382 recensenda
2068 3335 2181 3384 tum
2215 3329 2394 3399 Operis
2425 3328 2756 3398 antiquitas,
2793 3337 2906 3382 tum
2962 3343 3092 3398 erga
3141 3327 3304 3383 talem
3356 3329 3533 3382 virum
3592 3339 3860 3385 vetustum

592 3433 736 3490 opus
773 3418 921 3472 velut
951 3437 982 3473 e
1017 3417 1311 3472 ruderibus
1342 3431 1533 3472 eruere
1552 3456 1564 3480 ,
1593 3430 1657 3470 ac
1681 3429 1796 3472 suae
1819 3415 2047 3482 puritati
2081 3418 2370 3473 restituere
2399 3417 2714 3472 molientem
2749 3417 3054 3472 retraheret
3083 3416 3412 3472 reverentia.
3437 3416 3691 3473 Prtel'atis
3721 3420 3864 3473 hisee

593 3520 818 3560 manum
855 3505 1144 3560 admovere
1175 3505 1440 3576 compulit
1465 3519 1620 3559 amor
1649 3507 2004 3578 integritatis,
2029 3519 2151 3574 qua:
2181 3519 2361 3560 rerum
2393 3503 2567 3560 forma
2591 3504 2761 3560 decus
2795 3512 2882 3560 est
2909 3511 2965 3559 ct
2993 3503 3276 3575 perfectio,
3306 3513 3360 3560 et
3388 3514 3658 3569 nostram,
3689 3519 3862 3576 quan-

595 3592 934 3664 tulacunque
987 3593 1098 3658 sit,
1130 3607 1352 3662 operam
1390 3592 1609 3662 publica
1647 3594 1946 3664 posmlavit
1977 3593 2205 3650 utilitas.
2261 3592 2382 3660 Quo
2420 3592 2470 3646 in
2515 3593 2733 3662 negotio
2768 3591 2945 3664 Regia:
2971 3591 3317 3648 Bibliotheca:
3347 3608 3479 3649 mss.
3515 3609 3684 3660 usus,
3722 3591 3864 3664 quod

594 3683 854 3735 mutilum
883 3689 1000 3735 erat
1026 3679 1267 3750 reposui,
1292 3678 1440 3750 quod
1473 3692 1795 3753 corruptum
1830 3683 2104 3752 reparavi,
2127 3680 2273 3751 quod
2299 3681 2597 3734 obscurum
2629 3680 2924 3746 illustravi,
2951 3681 3101 3751 quod
3133 3695 3328 3751 vagum
3362 3688 3480 3735 erat
3507 3691 3563 3736 et
3591 3681 3864 3738 incertum

593 3769 650 3823 in
683 3767 964 3824 meliorem
1003 3768 1249 3822 ordinem
1285 3768 1490 3838 redegi.
1525 3768 1671 3824 inter
1703 3768 1874 3824 hasce
1898 3784 2027 3824 vero
2062 3769 2213 3824 datas
2243 3768 2327 3822 vel
2367 3768 2679 3837 recognitas
2709 3783 2737 3822 a
2763 3783 2850 3824 me
2885 3769 3113 3824 notitias
3147 3768 3250 3824 iSIa
3283 3767 3458 3824 series
3485 3776 3570 3825 est
3594 3765 3650 3825 e't
3680 3785 3865 3825 rerum

595 3868 849 3914 servatus
895 3855 1068 3924 ordo,
1099 3866 1159 3910 ut
1203 3857 1257 3911 in
1316 3857 1494 3927 prima
1540 3855 1720 3913 fronte
1761 3857 2067 3928 diatyposis
2095 3857 2293 3914 Leonis
2321 3858 2553 3930 Augusti
2603 3865 2731 3913 ante
2783 3859 3133 3930 octingentos
3161 3859 3384 3914 circiter
3420 3873 3594 3914 annos
3631 3858 3865 3930 digesta,

596 3947 849 4018 quamvis
877 3946 1168 4002 recentiori
1203 3945 1524 4000 charactere
1554 3945 1925 4013 conscriptam
1961 3949 2282 4016 repererim,
2315 3950 2661 4016 exhibentur,
2693 3963 2858 4019 quam
2893 3950 2939 4003 si
2970 3949 3136 4015 velis,
3173 3965 3337 4020 supra
3390 3948 3607 4004 laudato
3639 3948 3867 4006 debebis

596 4035 922 4092 Abrincensi
954 4034 1171 4106 praesuli
1209 4033 1430 4104 (exstat
1458 4034 1602 4088 enim
1638 4035 1694 4090 in
1723 4039 1843 4108 ejus
1873 4052 2032 4094 sacra
2065 4036 2437 4108 geographia)
2466 4038 2552 4093 sin
2585 4038 2802 4103 minus,
2837 4055 2903 4094 ex
2947 4051 3098 4110 parte
3146 4038 3276 4093 mihi
3309 4038 3602 4096 vindicabo
3623 4080 3638 4105 ,
3671 4055 3771 4094 ceu
3802 4056 3866 4094 ex

593 4125 817 4182 diverso
847 4126 1071 4192 codice,
1115 4137 1278 4190 quem
1313 4125 1478 4180 varia:
1507 4124 1768 4180 lectiones
1795 4133 2036 4198 arguunt
2069 4130 2438 4196 conscriptam
2460 4170 2472 4192 ,
2504 4134 2556 4181 et
2589 4127 2856 4198 integrius
2883 4142 3046 4198 quam
3086 4130 3315 4185 antehac
3339 4172 3353 4196 ,
3386 4130 3465 4184 vel
3513 4128 3704 4183 Graece
3751 4137 3867 4182 tra-

592 4215 785 4278 ditam,
813 4213 897 4268 vel
928 4210 1121 4266 Latine
1147 4214 1472 4284 expositam.
1506 4210 1562 4266 ln
1595 4212 1713 4283 ejus
1740 4223 1961 4283 aspectu
1997 4213 2173 4284 primo
2196 4216 2664 4282 patriarchatuuni
2701 4218 2949 4288 splendet
2979 4217 3239 4289 dignitas,
3278 4220 3509 4275 subinde
3535 4219 3868 4289 metropolis

592 4317 715 4368 qua:
747 4299 1369 4373 Constantinopolitanae
1419 4300 1536 4356 sedi
1588 4301 1962 4373 subjiciuntur
1991 4302 2231 4368 elucent,
2263 4304 2480 4359 (lentum
2534 4308 2903 4377 episcopatus,
2935 4324 3078 4378 quos
3129 4309 3233 4362 ilhc
3287 4309 3664 4379 suifragaueos
3692 4322 3868 4378 agno-

593 4398 784 4457 scunt,
821 4401 1185 4445 recensentur
1222 4409 1235 4444 :
1271 4391 1484 4446 similes
1513 4390 1836 4462 dignitates,
1870 4407 2009 4462 quas
2045 4392 2272 4448 thronos
2300 4404 2513 4459 vocant,
2545 4396 3007 4466 patriarchalilms
3042 4397 3163 4453 aliis
3199 4398 3464 4454 Ecclesiis
3507 4396 3635 4452 facit
3667 4407 3866 4452 auctor

593 4481 836 4545 notitiae,
875 4495 1060 4534 verum
1095 4479 1184 4534 ubi
1218 4479 1284 4536 de
1313 4479 1564 4534 Romana
1597 4479 1930 4536 mentionem
1963 4481 2159 4544 habet,
2192 4489 2342 4537 tanta
2368 4498 2418 4539 et
2449 4484 2572 4540 talis
2605 4492 2688 4540 est
2718 4485 2770 4540 in
2805 4486 3148 4543 subditorum
3181 4487 3597 4557 episcopatuum
3627 4501 3865 4542 enume-

593 4571 809 4624 ratione
841 4569 1095 4631 varietas,
1129 4575 1280 4622 tanta
1306 4583 1502 4625 vocum
1529 4570 1836 4641 corruptio,
1867 4577 2019 4624 tanta
2050 4569 2286 4640 denique
2307 4571 2729 4642 appellationum
2755 4573 3008 4629 confusio
3036 4575 3324 4646 reperitur,
3350 4586 3407 4628 ut
3433 4589 3565 4645 pace
3589 4574 3689 4628 viri
3716 4574 3865 4628 litte-

592 4659 699 4714 rati
725 4657 959 4714 dixerim
984 4699 1000 4725 ,
1037 4666 1220 4728 putent
1248 4697 1263 4724 ,
1299 4660 1382 4713 vel
1418 4658 1488 4714 ab
1518 4657 1956 4714 Occidentalium
1987 4659 2231 4714 locorum
2263 4661 2474 4730 ignaro,
2511 4661 2588 4715 vel
2615 4662 2683 4715 ab
2712 4661 2966 4732 imperito
2989 4665 3359 4733 conscriptam
3391 4680 3403 4716 :
3432 4676 3553 4732 quae
3583 4678 3669 4716 res
3700 4660 3769 4714 ab
3801 4675 3863 4716 ea

595 4764 663 4802 ex
699 4750 914 4818 integro
956 4748 1306 4804 restituenda
1342 4763 1429 4803 me
1461 4747 1747 4819 prohibuit
1795 4749 1889 4815 (ut
1925 4747 1992 4803 ab
2020 4749 2262 4818 ejusdem
2293 4751 2743 4821 interpretatione
2791 4769 2855 4807 es
2908 4753 3119 4824 integro
3161 4753 3548 4822 suscipienda,
3579 4767 3863 4821 nunquam

594 4839 728 4892 satis
763 4836 1018 4892 laudandi
1039 4836 1396 4894 Abrincensis
1423 4839 1705 4893 Antistitis
1737 4839 1894 4908 prius
1921 4837 2261 4893 deterruerat
2292 4855 2354 4893 ac
2383 4841 2602 4910 penitus
2630 4849 2888 4896 avoearat
2918 4844 3191 4913 mentem)
3223 4860 3236 4897 :
3263 4858 3368 4898 non
3393 4841 3538 4896 enim
3574 4857 3692 4896 eam
3726 4841 3862 4894 mihi

595 4926 918 4981 demandavi
951 4926 1288 4996 provinciam
1326 4937 1382 4983 ut
1412 4928 1720 4998 generalem
1751 4943 1977 4998 prorsus
2011 4928 2455 4997 patriarchalium
2485 4930 2727 4985 omnium
2761 4929 3133 4986 l'leclcsiarum
3160 4972 3173 4995 ,
3205 4931 3297 4986 sed
3330 4931 3477 4984 illam
3511 4929 3862 4999 potissimum

596 5032 716 5083 qua:
764 5015 963 5071 Leonis
1019 5016 1249 5086 Augusti
1295 5032 1494 5073 nomen
1552 5015 1774 5082 defert,
1839 5016 1926 5070 cui
2005 5016 2207 5087 aliquid
2266 5017 2574 5087 splendoris
2636 5034 2701 5074 ex
2765 5027 2957 5074 nostro
3030 5021 3264 5074 accessit
3316 5019 3529 5084 labere,
3594 5018 3862 5072 referrem

598 5104 846 5159 notitiam
882 5120 895 5157 :
932 5111 991 5158 ut
1027 5112 1086 5158 ut
1117 5121 1176 5160 se
1202 5121 1291 5160 res
1321 5105 1484 5160 habet
1513 5104 1759 5176 praelato
1805 5106 2121 5176 imperatori
2166 5109 2460 5176 ascriptam
2507 5108 2746 5173 rccudo;
2780 5108 2971 5178 illique
3007 5106 3307 5163 secundum
3338 5123 3401 5161 ex
3437 5106 3702 5159 Vaticano
3736 5102 3862 5159 solo

595 5211 629 5246 n
653 5192 883 5246 enmrati
918 5189 1028 5261 jam
1066 5192 1264 5263 sa'pius
1299 5194 1542 5248 aucturis
1579 5209 1709 5246 cura
1744 5193 2122 5263 depromptum
2145 5235 2160 5259 ,
2193 5196 2442 5250 nonnihil
2489 5197 2785 5252 tutioribus
2817 5197 3150 5266 eonjecturis
3181 5194 3526 5250 emendatam
3549 5235 3562 5260 ,
3600 5193 3858 5264 adnecto.

595 5280 794 5336 ΤωἹῘιυ
824 5295 852 5333 a
880 5279 1138 5336 Gretscro
1173 5283 1326 5350 prius
1365 5283 1503 5335 datm
1529 5283 1751 5337 titulum
1779 5298 1842 5337 cx
1881 5281 2194 5336 ﬁdelissima
2244 5297 2424 5339 textus
2473 5301 2596 5338 cum
2632 5284 2802 5355 Regia:
2841 5285 3175 5339 Bibliotheca:
3204 5299 3337 5337 mss.
3371 5284 3665 5336 collatione
3714 5297 3859 5350 prae-

597 5374 720 5438 lixt;
755 5379 947 5441 printer
981 5386 1118 5441 quas
1151 5372 1523 5442 suppeditavit
1555 5383 1609 5428 ct
1635 5372 1800 5426 aliam
1833 5370 2001 5440 Regia
2033 5371 2222 5425 eadem
2256 5387 2410 5440 gaza,
2445 5374 2603 5442 Cujus
2645 5376 2859 5444 egregie
2882 5374 3128 5445 digestus
3161 5373 3295 5426 ordo
3330 5386 3528 5425 nomen
3567 5369 3862 5438 scriptoris

598 5463 896 5524 desiderat,
929 5475 1090 5529 quam
1128 5471 1180 5514 et
1207 5462 1621 5516 accuratissime
1653 5477 1774 5516 cum
1809 5460 2125 5515 memoratis
2165 5457 2248 5530 [Ε.
2277 5459 2336 5512 ιι.
2361 5459 2489 5532 556]
2520 5459 2692 5530 Regiw
2722 5461 3062 5516 Bibliotheca:
3095 5461 3464 5515 monumentis
3495 5459 3776 5518 collatam,
3806 5468 3862 5511 rt

595 5551 746 5605 Juris
778 5548 1222 5604 erco-Romuni
1254 5549 1589 5607 conformem
1623 5551 1919 5622 exemplari
1952 5553 2006 5604 in
2038 5561 2236 5620 quarto
2267 5547 2644 5618 dispositionis
2677 5558 2879 5605 nostrae
2908 5549 3099 5605 ordine
3127 5547 3413 5603 collocavi.
3447 5547 3706 5617 Sequitur
3737 5553 3855 5599 tum

599 5640 811 5694 demum
843 5655 964 5709 qua:
1000 5639 1068 5694 ab
1114 5640 1429 5696 Andronico
1464 5639 1690 5697 Seniore
1722 5656 1830 5694 non
1865 5639 2021 5710 plene
2052 5639 2247 5694 dissito
2279 5656 2308 5692 a
2341 5640 2547 5693 nostris
2590 5640 2751 5694 annis
2799 5642 3000 5695 saeculo
3047 5637 3190 5693 edita
3242 5645 3517 5703 censetur,
3553 5645 3610 5690 ut
3637 5635 3859 5691 scilicet

601 5729 736 5792 aliae,
769 5744 890 5798 qua:
921 5728 1002 5783 vel
1037 5729 1196 5783 titulo
1233 5730 1317 5786 vel
1353 5732 1595 5787 auctoris
1626 5730 1707 5786 sui
1738 5729 1958 5784 nomine
1982 5732 2237 5783 carebant
2260 5768 2274 5793 ,
2303 5729 2444 5782 inter
2483 5728 2812 5798 Augustales
2849 5730 3040 5799 posita:
3069 5726 3190 5796 plus
3221 5725 3434 5780 roboris
3462 5732 3514 5778 et
3545 5722 3856 5794 Splendoris

599 5819 897 5874 obtineant.
933 5819 1200 5877 Codinum
1228 5820 1426 5878 Junius
1459 5823 1513 5878 in
1550 5837 1647 5879 sua
1679 5820 2124 5891 interpretatione
2159 5816 2525 5887 reprehendit,
2557 5817 2776 5875 lanium
2806 5818 3060 5876 similiter
3089 5815 3142 5871 in
3175 5831 3274 5872 sua
3299 5814 3666 5873 elucidationc
3699 5820 3855 5866 notat
