4080 6302
247 371 351 435 353

851 374 898 432 Α
979 373 1221 436 LEONE
1261 374 1633 436 SAPIENTE
1673 375 1770 435 AD
1803 372 2313 436 ANDRONICUM
2355 371 2779 433 PAL/EOLOG.

3383 371 3491 445 354

235 483 357 551 δων,
394 482 491 538 καὶ
520 481 955 554 Θεσσαλονίκης,
997 484 1271 541 Ἀθλάσων
1295 485 1321 525 ἀ
1356 486 1450 540 καί⁵
1499 486 1804 559 Ἀρῤάϐων,

1912 500 2037 539 nam
2091 499 2267 555 usque
2292 526 2307 552 ,
2352 495 2405 540 et
2442 482 2852 555 Langobardos,
2907 500 2971 542 ac
3013 486 3488 574 Thessalonicam,

237 577 327 629 καὶ
368 575 637 649 Ἀϐάρων,
682 577 778 631 καὶ
817 578 1061 646 Σκυθῶν,
1087 582 1182 634 καὶ
1213 580 1475 634 Δανυϐίου
1507 581 1602 636 τοῦ
1636 598 1805 637 ποτα-

240 668 360 740 μοῦ.
390 672 493 732 τὰς
531 668 992 742 ὲκκλησιαστικάς
1037 672 1367 744 παραδόσεις
1394 672 1673 745 ὁροθεσίας
1696 674 1807 728 τῶν

235 762 552 815 ἐπισκόπων
584 763 946 834 περιέχουσαο
977 762 1237 828 ὡσαύτως
1262 764 1358 819 καὶ
1382 764 1687 836 Σαρδινίαν,
1714 766 1806 820 καὶ
1840 756 1843 759 Α

230 856 576 929 Μαγειρικάς
594 869 641 927 ο,
669 846 1024 930 Καρθάγενάν
1047 876 1107 914 τε
1133 863 1226 914 καὶ
1252 863 1319 915 τὰ
1368 862 1599 935 ἑσπέρια
1638 864 1804 936 μέρη,

230 950 321 1001 καὶ
374 948 468 1016 ὑφ’
520 946 579 1004 ἒν
633 948 693 1002 τὸ
748 950 856 1003 πᾶν
910 951 1244 1022 περιέχουσα
1299 952 1473 1023 κλίμα
1509 954 1603 1007 καὶ
1648 970 1805 1025 περι-

229 1039 592 1107 κλείουσα,“ὲν
630 1036 712 1106 οἷς
768 1036 1154 1112 περιπλέοντες
1210 1044 1552 1101 διαπνέουσιν
1594 1044 1806 1117 ἄνεμοι,

228 1132 533 1205 θρασκίας,
569 1134 852 1207 ἀρκτῳος,
911 1138 1007 1191 καὶ
1040 1136 1377 1210 ἀπαρκτίας,
1428 1138 1618 1210 χόρεος
1667 1140 1696 1191 6
1750 1140 1809 1191 ὲν

228 1230 347 1291 ταῖς
383 1226 625 1299 Πράξεσι
674 1229 782 1284 τῶν
810 1230 1125 1285 ἀποστόλων
1188 1231 1472 1302 κείμενος,
1510 1234 1539 1284 6
1582 1232 1744 1303 μέσος
1780 1231 1809 1285 6

226 1321 498 1390 Ζέφυρος,
540 1320 693 1396 [564]
728 1326 756 1377 6
813 1323 1120 1396 Ἑσπέριος,
1170 1315 1202 1378 6
1249 1325 1496 1391 Δυτικὸς,
1544 1327 1574 1377 6
1602 1325 1731 1396 Λὶψ,
1779 1327 1809 1379 6

224 1411 514 1477 Διόόνοτος
537 1430 553 1446 ·
581 1413 757 1468 ταῦτα
785 1414 960 1469 πάντα
986 1410 1354 1487 περικυκλοῖὸ
1382 1418 1807 1489 κορυφαιότατος

224 1504 331 1558 τῶν
357 1504 701 1573 ἀποστόλων,
742 1508 836 1562 καί⁸
870 1506 1203 1579 ἐξοχώτατος
1228 1508 1336 1563 τῶν
1376 1511 1755 1582 πατριαρχῶν,
1778 1511 1807 1563 6

224 1600 320 1668 τῆς
357 1598 610 1671 μεγάλης
653 1599 892 1673 Ῥώμης.

291 1690 559 1763 Δεύτερος
580 1694 608 1746 6
642 1688 946 1763 ἀγιὼτοίτος
975 1694 1328 1759 ἀποστολικδς
1363 1695 1550 1766 θρόνος
1582 1696 1673 1749 καὶ
1705 1693 1808 1749 πα-

1912 576 2199 645 Seblavos,
2221 576 2620 649 Arrabos'(88),
2647 577 2854 633 Avares
2876 578 3010 651 (89),
3041 593 3095 639 et
3132 582 3377 659 Scythas,
3420 612 3489 656 ac

1911 669 2222 727 Danubium
2280 669 2524 738 ﬂumen,
2585 673 2993 731 ecclesiasticas
3061 683 3486 748 constitutiones

1910 764 2270 820 terminorum
2304 763 2696 834 episcopalium
2727 766 3119 837 complectens.
3148 771 3286 830 Tum
3321 782 3485 838 etiam

1916 855 2315 923 Sardiniam,et
2340 855 2654 927 Majoricas,
2676 856 3173 936 Carthaginemquc
3202 877 3255 923 et
3279 861 3490 945 Hespe-

1911 948 2021 1003 rias
2061 963 2210 1015 oras,
2260 956 2315 1004 ct
2362 948 2527 1004 simul
2568 965 2758 1007 omnes
2806 955 3172 1025 complectens
3214 965 3485 1035 regiones,

1912 1050 2076 1111 atque
2101 1040 2457 1107 concludens,
2481 1041 2537 1098 in
2566 1043 2767 1114 quibus
2798 1045 3245 1125 circumﬂuentes
3277 1058 3488 1126 spirant

1911 1134 2055 1189 venti
2090 1132 2304 1191 Circius
2335 1133 2814 1206 Septentrionalis,
2846 1138 3064 1211 Aquilo,
3104 1146 3233 1216 quin
3262 1160 3313 1202 et
3336 1149 3484 1206 Cho-

1910 1240 2036 1281 reus
2066 1223 2223 1294 cujus
2256 1225 2312 1280 in
2342 1227 2568 1283 Actibus
2604 1229 2976 1299 apostolorum
3019 1238 3223 1292 mentio
3249 1241 3324 1303 lit,
3365 1235 3479 1296 me-

1910 1317 2031 1374 dius
2086 1318 2283 1375 deinde
2356 1317 2668 1388 Favonius,
2728 1321 3024 1395 Hesperius
3080 1328 3484 1402 Occidentalis,

1910 1410 2167 1475 Africus,
2240 1422 2405 1484 atque
2474 1414 2871 1473 Australricus.
2942 1416 3070 1475 Haec
3135 1425 3483 1494 amplectitur

1908 1504 2090 1577 onmia
2127 1520 2414 1575 supremus
2458 1508 2858 1576 apostolorum,
2907 1519 2959 1566 et
2991 1516 3480 1583 praestantissimus

1908 1595 2368 1665 patriarcharum,
2400 1613 2607 1670 magna:
2634 1599 2846 1657 scilicet
2872 1603 3058 1659 Romae
3090 1607 3340 1664 antistes.

1981 1685 2269 1743 Secundus
2315 1690 2702 1747 sanctissimus
2746 1695 3080 1763 apostolicus
3122 1697 3368 1756 thronus
3424 1713 3480 1758 ct

222 1783 547 1854 τριαρχικδς
597 1785 1006 1840 Κωνσταντίνου
1043 1785 1249 1850 πόλεως
1280 1785 1373 1839 τοῦ
1416 1786 1803 1857 πρωτοκλήτου

1913 1779 2313 1849 patriarchicus
2358 1779 2934 1853 Constantinopoleos,
2979 1785 3140 1851 primi
3176 1788 3318 1844 inter
3348 1807 3485 1859 apo-

221 1874 327 1929 τῶν
355 1876 676 1931 ἀποστόλων
715 1877 990 1950 Ἀνδρέου,
1014 1880 1111 1933 καὶ
1133 1878 1227 1933 τοῦ
1253 1879 1490 1949 μεγάλου
1515 1880 1801 1947 Θεολόγου,

1912 1871 2081 1929 stolos
2112 1885 2141 1925 a
2166 1870 2386 1929 Christo
2410 1873 2588 1928 vocati
2620 1872 2872 1943 Andreae,
2927 1886 2985 1931 et
3018 1880 3200 1951 magni
3244 1880 3485 1955 theologi

222 1967 313 2019 καὶ
335 1966 732 2036 εὐαγγελιστοῦ
760 1971 853 2022 καὶ
875 1970 1173 2025 ἀποστόλου
1211 1972 1480 2037 Ἰωάννου,
1510 1971 1799 2043 Εὐρώπην,

222 2057 313 2110 καὶ
348 2056 541 2111 Ἀσίαν
568 2057 730 2130 μέχρι
757 2057 857 2128 τῆς
882 2058 1106 2131 δυτικῆς
1133 2060 1404 2127 Σικελίας,
1440 2061 1535 2113 καὶ
1561 2060 1661 2125 τὰς
1693 2062 1803 2114 Κυ-

222 2149 419 2213 κλάδας
448 2150 577 2221 ἄχρι
607 2150 810 2204 Πόντου
834 2152 931 2205 καὶ
960 2152 1269 2224 Χερσῶνος,
1308 2152 1597 2222 Ἀϐεργίας
1623 2171 1682 2207 τε
1713 2155 1807 2208 καὶ

222 2240 515 2310 Χολδίαςβ,
561 2243 655 2297 καὶ
699 2240 1035 2315 Χαζαρίαςε
1098 2244 1203 2308 ἕως
1254 2246 1682 2315 Καππαδοκίας,
1735 2247 1806 2300 τὰ

220 2337 310 2392 τοῦ
346 2339 528 2411 βορρᾶ
562 2338 738 2393 πάντα
770 2339 1011 2407 κλίματα
1037 2340 1480 2412 περιλαμϐάνων.

292 2431 497 2503 Τρίτος
522 2430 550 2482 ὁ
587 2429 885 2501 ἀγιώτατος
917 2432 1011 2485 καὶ
1040 2432 1396 2499 ἀποστολικδς
1432 2433 1617 2505 θρόνος
1656 2434 1806 2488 Ἀλεο

227 2523 514 2595 ξανδρείας
549 2523 936 2593 εὐαγγελιστοῦ
970 2525 1064 2580 καὶ
1089 2527 1385 2579 ἀποστόλου
1414 2527 1805 2599 Μάρκου,υίοῦ

224 2611 311 2671 τοῦ
346 2616 655 2688 κορυφαίου
686 2616 895 2689 Πέτρου
929 2618 1234 2687 γεγονότος,
1270 2620 1544 2691 περιέχων
1574 2619 1679 2684 ἕως
1708 2620 1808 2691 τῆς

226 2709 501 2780 ὲσωτέρας
529 2707 749 2777 Ἰνδίας,
785 2709 879 2764 καὶ
935 2710 1248 2779 Αἰθιοπίας,
1299 2711 1489 2784 θρόνου
1530 2713 1623 2767 τοῦ
1655 2714 1807 2783 ἁγίου

224 2802 527 2857 ἀποστόλου
553 2801 758 2875 Θωμᾶ,
791 2803 920 2875 ἄχρι
952 2804 1350 2876 Μαρμαρικῆς,
1382 2807 1478 2859 καὶ
1520 2806 1806 2877 Ἀφρικῆς,

226 2897 312 2949 καὶ⁸
344 2893 669 2970 Τριπόλεως
716 2898 809 2949 καὶ
859 2897 1042 2952 πᾶσαν
1088 2897 1196 2951 τῶν
1260 2898 1577 2967 Αἰγυπτίων
1625 2896 1810 2970 χώραν

230 2987 345 3061 ἄχρι
375 2987 495 3043 τῶν
518 2986 682 3060 ὁρίων
718 2987 1110 3059 Παλαιστίνης,
1135 2988 1201 3044 τὰ
1236 2988 1330 3044 τοῦ
1362 2990 1517 3046 νότου
1547 2989 1643 3043 καὶ
1668 2988 1811 3043 λιὸο-

229 3084 373 3136 νότου
404 3081 655 3154 κλίματα
684 3082 979 3154 περιέχων.

290 3177 572 3248 Τέταρτος
599 3176 628 3230 6
652 3174 950 3245 ἀγιώτατος
980 3176 1072 3230 καί
1100 3176 1454 3242 ἀποστολικὸς
1478 3177 1661 3249 θρόνος
1698 3177 1815 3231 Ἀν-

228 3269 465 3341 τιοχείας
490 3270 582 3324 καὶ
612 3270 1011 3342 πατριαρχιιιδς
1076 3271 1173 3323 καὶ
1212 3270 1508 3341 κορυφαίου
1540 3270 1649 3322 τῶν
1690 3270 1816 3324 ἀπο-

230 3362 425 3416 στόλων
464 3362 669 3433 Πέτρου
688 3361 989 3433 πρώτιστος
1020 3361 1208 3434 θρόνος
1230 3402 1245 3429 ,
1280 3362 1548 3434 περιέχων
1574 3360 1677 3424 ἕως
1707 3362 1814 3415 τάν

229 3455 313 3524 ἀφ’
341 3453 499 3526 ἡλίου
524 3454 795 3510 ἀνατολῶν
827 3456 1051 3527 πορείαν
1083 3455 1313 3526 ἐχόντων
1343 3455 1565 3527 ἡμερῶν
1594 3452 1680 3520 πζ¹
1710 3454 1815 3517 ἕως·

230 3547 580 3621 Τιϐερείαςι,
602 3550 695 3603 καὶ
736 3549 1051 3620 Ἀσασγίας,
1075 3550 1165 3604 καὶ
1196 3549 1506 3622 Ἀρμενίας,
1527 3550 1621 3602 καὶ
1654 3550 1814 3619 μέχρι

231 3646 327 3713 τῆς
344 3643 624 3714 ἐσωτέρας
654 3644 862 3716 ἐρήμου
904 3642 1003 3698 τοῦ
1028 3645 1295 3715 Χοροσᾶν,
1328 3644 1571 3715 Περσῶν,
1590 3641 1811 3712 Μήδων,

232 3736 516 3791 Χαλδαίων
538 3736 641 3800 ἕως
661 3737 843 3808 ἄκρων
861 3738 963 3809 τῆς
991 3737 1285 3809 Ἀρῤαόίας
1320 3736 1633 3807 ἡγεμονίας,
1670 3735 1812 3805 Πάρι

234 3828 357 3892 θων,
408 3830 507 3883 καὶ
558 3829 882 3900 Ἐλαμιτῶν,
934 3832 1030 3884 καὶ
1080 3830 1587 3901 Μεσοποταμιτῶν,
1617 3828 1685 3881 τὰ
1716 3828 1810 3881 τοῦ

233 3920 391 3993 εὔρου
437 3921 533 3975 καὶ
577 3921 911 3993 ἀφηλιώτου,
940 3922 1034 3977 καὶ
1057 3920 1379 3977 ἀνατολικοῢ
1419 3919 1643 3991 ἀνέμου,
1684 3918 1811 3972 ἔνθα

234 4016 260 4067 6
287 4016 436 4085 ἥλιος
470 4014 751 4069 ἀνατέλλει
772 4015 1009 4086 κλίματα
1040 4015 1307 4086 περιέχει.
1344 4015 1497 4085 Ἔχει
1521 4013 1576 4067 δὲ
1610 4028 1813 4084 μητρο-

236 4107 415 4174 πόλεις
452 4106 683 4162 δώδεκα.
734 4107 910 4179 Τύρον
949 4107 1177 4177 ἔχουσαν
1232 4105 1559 4168 ἐπισκοπάς.
1598 4104 1810 4175 Τάρσον

236 4196 466 4268 ἔχουσαν
496 4198 823 4261 ἑπισκοπάς.
860 4198 1088 4252 Ἔδεσαν
1115 4197 1342 4268 ἔχουσαν
1376 4195 1685 4260 ὲπισκοπάς
1715 4192 1807 4249 ια’.

246 4288 555 4360 ’Δπαμείαν
594 4288 825 4360 ἔχουσαν
853 4286 1161 4349 ὲπισχοπάς
1207 4290 1272 4351 ζ’.
1323 4284 1621 4355 ἰερὰπολιν
1652 4284 1809 4355 ἔχου-

1904 1963 2269 2038 evangelistae,
2318 1972 2484 2035 atque
2521 1967 2753 2037 apostoli
2794 1966 3058 2036 Joannis,
3101 1971 3376 2044 Europam
3427 1984 3487 2032 et

1906 2057 2091 2112 Asiam
2122 2057 2188 2112 ad
2218 2056 2461 2113 Siciliam
2502 2076 2696 2131 usque,
2734 2076 2856 2133 quae
2885 2064 2951 2118 ad
2979 2063 3332 2122 Occidentem
3368 2056 3472 2133 est,

1905 2159 1971 2201 ac
1994 2146 2280 2219 Cycladas,
2300 2147 2535 2221 indeque
2553 2150 2619 2205 ad
2640 2151 2998 2222 Chersonem,
3016 2154 3413 2230 Avergiamque
3432 2169 3487 2217 et

1905 2236 2190 2293 Choldiam
2214 2238 2609 2295 etChazariam
2647 2240 2714 2296 ad
2740 2242 3140 2314 Cappadociam
3174 2263 3349 2320 usque
3380 2249 3481 2306 bo-

1908 2329 2073 2386 realia
2100 2341 2294 2388 cuncta
2325 2332 2543 2387 climata
2579 2335 2977 2405 complectens.

1980 2424 2202 2482 Tertius
2281 2428 2667 2485 sanctissimus
2730 2438 2785 2485 et
2845 2431 3185 2503 apostolicus
3252 2436 3487 2494 thronus

1907 2519 2274 2584 Alexandriae,
2311 2521 2661 2592 evangelista:
2691 2528 2746 2579 ct
2772 2525 3006 2594 apostoli
3056 2524 3247 2594 Marci,
3287 2530 3379 2599 qui
3411 2527 3492 2585 fa-

1909 2621 2034 2665 ctus
2068 2620 2152 2665 est
2183 2611 2325 2665 (ilius
2358 2613 2557 2667 summi
2598 2614 2971 2683 apostolorum
3034 2615 3198 2683 I’etri,
3232 2618 3488 2675 obtinens

1912 2720 2085 2775 usque
2117 2703 2185 2758 ad
2218 2704 2530 2761 interiorem
2589 2705 2828 2776 ludiam,
2862 2716 2916 2764 ct
2957 2707 3315 2782 Ethiopiam,
3366 2728 3489 2783 qua:

1911 2798 2069 2854 sedes
2135 2796 2228 2851 fuit
2266 2801 2444 2855 sancti
2481 2801 2713 2871 apostoli
2751 2798 2995 2868 Thomae,
3045 2809 3210 2871 atque
3257 2804 3383 2859 inde
3418 2806 3487 2861 ad

1913 2895 2317 2960 Marmaricam,
2366 2893 2632 2961 Africam,
2692 2892 2997 2964 Tripolim,
3057 2904 3112 2951 et
3173 2896 3482 2954 universam

1914 2985 2288 3058 Egyptiorum
2318 2986 2653 3058 provinciam
2687 2985 2752 3040 ad
2790 2986 3091 3042 Palzestiuze
3127 3004 3301 3059 usque
3325 2990 3487 3060 lines,

1916 3080 2125 3145 Austri,
2152 3089 2316 3151 atque
2338 3078 2697 3135 Austroalrici
2726 3078 2945 3133 climata
2979 3080 3289 3137 continens.

1986 3172 2223 3240 Quartus
2263 3172 2642 3228 sanctissimus
2670 3178 2721 3226 et
2748 3171 3081 3243 apostolicus
3116 3172 3344 3230 thronus
3378 3178 3490 3231 Au-

1918 3267 2133 3323 tiochia:
2189 3278 2241 3321 et
2297 3266 2716 3337 patriarchicus,
2774 3281 2838 3322 ac
2886 3265 3157 3338 corypha‘i
3215 3270 3490 3339 apostolo-

1918 3374 2038 3415 rum
2081 3357 2225 3415 Petri
2268 3359 2439 3428 prima
2488 3360 2679 3423 sedes,
2724 3358 3091 3428 complectens
3140 3375 3331 3417 versus
3395 3377 3490 3419 or-

1918 3463 2029 3506 tum
2086 3451 2214 3507 solis
2255 3454 2355 3507 iter
2412 3467 2627 3507 Lxxxvu
2667 3451 2878 3506 dierum
2918 3465 3108 3508 versus
3148 3451 3374 3509 lberiam
3432 3463 3487 3511 et

1914 3544 2230 3616 Abasgiam,
2279 3554 2440 3616 atque
2466 3545 2781 3600 Armeniam
2825 3556 2879 3599 et
2923 3561 3097 3616 usque
3141 3548 3204 3601 ad
3254 3534 3485 3608 interius

1915 3640 2193 3694 desertum
2250 3638 2581 3703 Chorosaui,
2630 3638 2848 3707 Persas,
2919 3639 3122 3706 Medos,
3179 3640 3483 3708 Chaldaeos,

1918 3733 2148 3802 indeque
2194 3734 2259 3786 ad
2299 3741 2544 3787 extrema
2569 3731 2785 3788 Arabiae
2844 3732 3200 3804 praefecturae,
3233 3734 3485 3803 Parthos,

1915 3824 2195 3893 Elamitas,
2242 3833 2295 3880 et
2345 3825 2765 3896 Mesopotamios
2795 3843 2809 3881 :
2842 3824 3117 3893 Vulturni,
3166 3827 3483 3894 Subsolaui,

1913 3923 1966 3971 ct
1998 3916 2044 3973 si
2075 3916 2199 3988 quis
2222 3925 2307 3973 est
2347 3918 2489 3973 alius
2515 3915 2812 3973 Orientalis
2845 3927 3058 3985 ventus,
3082 3918 3304 3973 climata
3334 3934 3486 3974 com-

1914 4010 2225 4081 prehcndit.
2263 4007 2437 4066 Habet
2461 4020 2640 4066 autem
2666 4010 2990 4082 melropoles
3018 4011 3303 4066 duodecim
3340 4029 3353 4067 :
3382 4011 3489 4084 Ty-

1915 4118 2054 4168 rum,
2108 4117 2231 4175 quae
2281 4104 2441 4160 habet
2489 4104 2836 4175 episcopatus
2865 4101 3027 4176 (xm),
3066 4102 3485 4174 Tarsum,quae

1913 4196 2074 4251 habet
2102 4197 2448 4267 episcopatus
2477 4195 2576 4269 (ν),
2611 4197 2893 4261 Edessam,
2916 4212 3037 4267 quae
3073 4196 3237 4251 habet
3269 4198 3487 4268 episco-

1913 4299 2069 4360 patus
2104 4289 2228 4361 (τι),
2269 4296 2587 4361 Apameam,
2612 4305 2733 4360 qua:
2770 4290 2933 4345 habet
2965 4290 3309 4359 episcopatus
3333 4292 3482 4360 (vn),

238 4395 331 4433 σαν
362 4380 670 4444 ὲπισκοπάς
700 4379 763 4433 θ’.
812 4378 1185 4443 Ἀνάεανξανί
1226 4377 1457 4449 ἔχουσαν
1497 4376 1804 4441 ὲπισκοπάς

1912 4380 2268 4452 Hierapolim,
2319 4396 2440 4452 qua:
2486 4381 2647 4436 habet
2676 4382 3025 4451 episcOpatus
3062 4380 3180 4449 (Ix),
3227 4381 3483 4434 Auabam

235 4478 300 4545 η’.
352 4471 677 4529 Σελεύκειαν
737 4473 1009 4545 Ἰσαυρίας
1056 4471 1363 4535 ὲπισκοπάς
1418 4471 1649 4543 ἔχουσαν
1703 4472 1801 4525 κδ’.

236 4572 523 4642 Δαμασκὸν
551 4571 853 4634 έπισκοπὰς
885 4570 1112 4640 ἔχουσαν
1144 4566 1233 4623 ια’.
1277 4568 1468 4640 Ἀμίδα
1500 4566 1805 4629 ὲπισκοπᾶις

236 4660 463 4734 ἔχουσαν
513 4664 583 4735 η’.
636 4664 1025 4736 Σεργιούπολιν
1079 4662 1386 4727 ἑπισκοπὰς
1452 4662 1687 4733 ἔχουσαν
1741 4660 1801 4715 ε’.

239 4759 519 4832 Καίδαραχ
550 4759 779 4829 ἔχουσαν
808 4756 1113 4821 ὲπισκοπάς
1143 4762 1212 4824 γ’.
1257 4755 1497 4827 ’Πριτοῦ,
1549 4754 1803 4825 Ἐμέσης,

240 4852 574 4915 Λαοδικείας,
631 4851 992 4922 Σαμοσάτων,
1056 4848 1280 4919 Κύρου,
1342 4848 1689 4918 ἐπαρχιώτας
1736 4846 1803 4911 ζ’,

241 4941 518 5014 Βερροίας,
560 4941 923 5013 Χαλκηδόνος,
963 4940 1243 5007 Γαϐἀλων,
1301 4939 1621 5003 Σελευκείας
1669 4939 1799 4991 Πιει

243 5033 379 5104 ρίας,
426 5034 826 5107 Ἀνατζαρθὼν,
858 5034 1118 5097 Πλούτου,
1151 5032 1407 5088 Γαὸἀλων
1430 5048 1443 5061 ·
1475 5033 1660 5085 Λιττοὶ
1692 5030 1805 5097 δύο,

242 5127 497 5199 Σαλὰμις,
529 5127 873 5199 Μαρκουσῶν
904 5125 1060 5198 ὁμοῦ,

1914 4490 2074 4541 zam,
2141 4488 2259 4545 qua:
2318 4474 2481 4528 habet
2537 4474 2884 4543 episc0patus
2941 4470 3120 4544 (rm),
3180 4470 3484 4527 Seleuciam

1913 4569 2159 4633 Isauriae,
2187 4584 2308 4638 qua:
2342 4566 2505 4622 habet
2528 4568 2873 4638 episcopatus
2899 4566 3095 4639 (xxw),
3132 4566 3481 4632 Damascum,

1912 4676 2033 4733 qua:
2087 4661 2251 4715 habet
2284 4662 2632 4730 episcopatus
2662 4657 2793 4730 (τι),
2823 4658 3099 4725 Amidam,
3145 4674 3266 4729 quae
3316 4658 3483 4714 habet

1911 4756 2264 4827 episcopatus
2292 4756 2456 4821 (rm),
2489 4752 2880 4826 Sergiopolim,
2909 4769 3029 4823 qua:
3060 4754 3223 4808 habet
3262 4754 3482 4825 episcoo

1914 4857 2073 4917 patus
2118 4846 2217 4917 (ν),
2253 4844 2568 4912 Caederach,
2616 4860 2736 4916 quae
2773 4846 2937 4901 habet
2966 4846 3313 4918 episcopatus
3346 4847 3476 4918 (tu),

1909 4936 2043 4993 Ei-iti
2084 4937 2220 5007 (90),
2269 4936 2492 5001 limosae,
2531 4935 2829 5002 Laodiceae,
2857 4937 3290 5002 Samosatoi-um,
3335 4937 3483 5009 Cyri,

1910 5028 2358 5096 archiepisc0pos
2385 5024 2525 5097 (ru),
2550 5025 2815 5092 Berroeaz,
2842 5026 3203 5083 Chalcedonis
3226 5028 3358 5098 (9|),
3375 5028 3485 5082 Ca-

1918 5121 2186 5183 balorum,
2248 5118 2511 5174 Seleuciae
2562 5118 2790 5184 Pieria},
2850 5122 3249 5188 Analzarthon,
3305 5119 3482 5183 Pluti.

1915 5212 2271 5274 Gabalorum,
2314 5211 2445 5265 Litti
2478 5210 2607 5277 duo,
2642 5212 2954 5281 Salamidis,
2984 5223 3037 5269 et
3084 5212 3481 5270 Marcusarum.

1525 5305 1654 5361 VAR
1667 5305 1755 5360 LE
1796 5304 2196 5360 LECTIONES.

340 5399 365 5440 ἀ
395 5404 669 5461 Σκλάϐων.

771 5415 797 5445 ο
832 5402 1162 5473 Μαιορικάς.

250 5469 460 5545 ζαρὸον.

1269 5402 1285 5439 τ
1313 5400 1592 5466 Κολχίδος,
1652 5401 1735 5455 vel
1775 5399 2084 5463 Χολκιδίας.

2165 5401 2189 5439 ε
2222 5397 2518 5469 Γαζαρίας.
2628 5399 2656 5438 h
2683 5397 2787 5462 ἕως
2812 5400 2855 5452 τ’
2896 5399 3144 5473 Ὶὸερίςις.
3258 5400 3273 5439 ί
3326 5401 3470 5454 ’Λά-

1737 5534 1968 5592 NOTAE.

312 5635 399 5707 88)
423 5632 619 5690 Arrahi
650 5633 833 5707 videri
851 5641 1081 5707 possunt
1123 5630 1214 5707 qui
1260 5627 1532 5707 Ararimiu
1551 5700 1559 5707 _
1579 5636 1789 5707 vctusm
1901 5632 2096 5707 quibus
2116 5632 2259 5707 sicut
2284 5631 2349 5707 de
2375 5631 2624 5707 Avergia,
2646 5632 2892 5701 Chaldia,
2918 5632 3205 5701 Chazaria,
3231 5639 3284 5689 et
3308 5633 3482 5692 Abas-

248 5700 594 5778 inscriptione
617 5706 757 5778 apud
797 5700 1112 5778 Goltzium;
1142 5700 1392 5778 Aravisci
1426 5700 1601 5755 [’iinio
1634 5700 1794 5765 forte,

249 5772 485 5834 Arabisci
514 5772 825 5837 Ptolonueo,
858 5773 1148 5828 Pannonia:
1178 5772 1383 5842 populi.

315 5849 420 5920 (89)
447 5849 651 5903 Avares
684 5848 799 5901 sive
824 5849 1030 5900 Abares
1086 5841 1269 5914 populi
1299 5845 1363 5897 ad
1402 5842 1701 5896 Danubium
1736 5841 1804 5895 dc

598 5944 864 6004 PATKOL.
903 5945 1018 6003 (ta.
1054 5939 1237 6001 CVII.

1908 5703 1993 5773 δίο
2018 5703 2389 5759 consulendus
2426 5704 2725 5760 Cedrenus.

2004 5773 2095 5844 90)
2130 5774 2328 5843 lleryti.

1982 5774 2095 5916 ξυο)
2130 5774 2328 5843 lleryti.

2005 5847 2093 5915 9i)
2133 5845 2367 5901 Chalcis.

3048 5944 3120 6003 12
