4058 6294
316 372 418 437 ιοο

986 368 1035 428 Α
1069 368 1318 428 LEONE
1352 366 1716 427 SAPIENTE
1778 366 1876 426 AD
1916 366 2420 427 ANDRONICUM
2454 366 2883 428 I’AL/EOLOG.

3476 359 3580 425 410

312 476 659 548 πολυχρόνιον
685 484 731 529 Β.
783 476 1248 542 Μητροπολίτην
1279 473 1486 541 ἕτερον
1508 476 1619 525 οὐκ
1652 473 1897 539 οἴδαμεν

2007 485 2109 529 tam
2140 493 2256 529 uero
2287 478 2489 530 nullum
2526 478 2832 545 agnovimus
2862 474 3198 538 scribentem,
3232 470 3580 527 Mediocritas

314 572 631 641 γράφοντα,
656 570 687 637 ἡ
721 568 1008 637 μετριότης
1029 566 1207 637 ἡμῶν,
1229 568 1278 619 εί
1299 564 1591 634 μὴμόνον
1614 564 1734 617 τῶν
1751 568 1896 617 Θεσ-

312 660 683 716 σαλονικέων
735 660 806 713 ἐν
848 657 972 725 τοῖς
998 659 1099 713 ὑπ’
1130 660 1319 712 αὐτόν
1350 674 1364 689 ·
1402 657 1637 726 ἐγένετο
1684 655 1753 709 δὲ
1798 656 1896 710 καὶ

314 754 483 807 τοῦτο
509 752 724 807 νεωστί
777 752 846 805 ἐν
889 750 1017 818 ταῖς
1042 752 1289 819 ἡμέραις
1312 750 1415 804 τοῦ
1447 750 1757 815 βασιλέως
1791 749 1898 804 τοῦ

312 843 822 913 Καντακουζηνοῦ,
857 844 955 898 ὅτε
979 844 1077 898 καί
1102 846 1156 897 οἱ
1222 845 1439 911 πρῶτοι
1482 842 1603 896 τῶν
1664 844 1897 899 Θεσσα-

310 937 602 992 λονικέων
628 935 1153 1004 ὲκκλησιαστικῶν
1176 936 1398 991 ἔϐαλον
1424 936 1566 1001 τοὺς
1596 936 1902 1004 σταυροὺς

312 1031 381 1083 ἐν
414 1029 535 1095 τοῖς
561 1028 861 1095 σκιαδίοις
885 1026 1102 1083 αὐτῶν.

492 1121 691 1186 Ὅπως
721 1119 871 1188 πρὸς
906 1119 1049 1186 τοὺς
1082 1120 1337 1183 λοιποὺς
1374 1118 1691 1187 ἄρχοντας.

382 1209 445 1262 Οἱ
478 1210 534 1262 ὲν
568 1212 634 1281 τῇ
672 1208 957 1281 θεοσὼστῳ
1003 1210 1097 1262 καὶ
1130 1212 1420 1282 περιφανεῖ
1449 1210 1603 1263 πόλει
1641 1209 1766 1281 τῇδε
1797 1209 1889 1261 εὖ·

316 1300 625 1370 ρισκόμενοι
662 1301 1036 1368 εὐγενέστατοι
1066 1300 1323 1372 ἄρχοντες
1352 1342 1368 1366 ,
1403 1301 1517 1354 ὅσοι
1547 1300 1640 1353 τοῦ
1681 1298 1920 1371 πρώτου-

315 1394 504 1459 γένους
532 1394 631 1464 τῆς
661 1392 873 1457 ἐνδόξου
910 1392 1004 1446 καί
1037 1392 1421 1463 λαμπροτάτου
1474 1396 1639 1463 τιμῆς
1670 1394 1764 1447 καὶ
1803 1411 1903 1462 φυ-

314 1484 433 1554 λῆς,
463 1486 520 1537 ὲν
550 1486 688 1554 ἁγίῳ
720 1485 994 1554 Πνεῦματι
1036 1486 1402 1538 ποθεινότατοι
1451 1485 1544 1537 καὶ
1595 1485 1901 1555 γνησιώτα-

314 1593 393 1628 τοι
449 1576 555 1630 υἰοὶ
599 1577 697 1646 τῆς
745 1577 902 1645 ἡμῶν
952 1576 1336 1645 ταπεινότητος
1371 1592 1383 1605 ·
1427 1576 1606 1646 χάριν,
1643 1578 1892 1647 εἰρήνην,

316 1666 482 1730 ἔλεος,
517 1668 703 1734 ὑγείαν
753 1669 927 1738 ψυχῆς
974 1669 1065 1720 καὶ
1106 1669 1355 1737 σώματος
1385 1708 1400 1732 ,
1449 1670 1541 1721 καὶ
1605 1669 1731 1723 ἄλλο
1770 1669 1901 1723 εἴτι

314 1759 519 1826 ἀγαθὸν
543 1758 677 1829 ὁμοῦ
709 1761 802 1812 καὶ
832 1762 1118 1830 σωτήριον,
1156 1760 1371 1830 εὔχεται
1400 1763 1466 1831 τῇ
1496 1760 1652 1829 ὑμῶν
1680 1761 1900 1833 ἀντιλή-

312 1851 402 1919 ψει
435 1852 467 1920 ἡ
500 1852 824 1923 ταπεινότης
849 1852 1003 1923 ἡμῶν
1029 1853 1136 1905 ἀπὸ
1162 1852 1293 1905 Θεοῦ
1323 1854 1776 1925 παντοκράτορος.

398 1943 499 1996 Ἐν
532 1942 610 2007 τῷ
639 1942 816 1998 τέλει’
864 1945 928 1996 Ἦ
963 1944 1122 2015 χάρις
1151 1945 1245 1997 τοῦ
1284 1943 1417 1997 Θεοῦ
1448 1946 1536 2017 εἴη
1566 1946 1897 2018 διατηροῦσα

316 2035 460 2102 ὑμᾶς
490 2036 796 2107 ἀνωτέρους
848 2038 1048 2098 παντὸς
1077 2038 1307 2109 συναντή
1319 2056 1505 2107 ματος.

316 2127 519 2191 Ὅπως
545 2127 753 2197 γράφει
802 2128 952 2195 πρὸς
990 2128 1540 2196 ἐκκλησιαστικοὺς
1570 2132 1894 2200 ἄρχοντας.

389 2219 454 2271 Tt
467 2217 728 2287 μιώτατοι
758 2218 1204 2291 ὲκκλησιαστικοὶ
1227 2220 1484 2291 ἄρχοντες
1500 2223 1599 2292 τῆς
1620 2224 1898 2295 καθ’ἡμᾶς
1928 2282 1931 2283 ν

310 2308 627 2377 ἁγιωτάτης
664 2309 1071 2380 μητροπόλεως,
1103 2309 1287 2379 τῆσδε,
1322 2312 1417 2363 καὶ
1455 2313 1504 2364 οἰ
1562 2314 1679 2382 μετ’
1703 2317 1901 2378 αὐτοὺς

312 2400 656 2468 ἐντιμότατοι
726 2402 822 2454 καὶ
885 2401 1267 2456 εὐλαϐέστατοι
1313 2401 1592 2473 κληρικοὶ,
1645 2408 1739 2460 καὶ
1787 2409 1900 2461 ὅσοι

311 2492 399 2543 τοῦ
450 2490 729 2561 ἱερατικοῦ
780 2492 872 2545 καὶ
908 2493 1201 2563 μοναχικοῦ
1234 2494 1571 2563 καταλόγων
1631 2499 1797 2552 τέκνα
1840 2502 1899 2553 ὲν

312 2583 509 2653 Κυρίῳ
537 2583 798 2651 ἀγαπητὰ
824 2582 926 2651 τῆς
962 2585 992 2652 ἡ
1004 2583 1119 2653 μῶν
1142 2586 1549 2651 ταπεινότητος·
1586 2589 1745 2657 χάρις
1775 2590 1903 2657 ὑμῖν

310 2684 412 2741 ειη.
448 2674 553 2727 καὶ
576 2674 787 2744 εἰρήνη,
812 2674 904 2727 καὶ
920 2673 1110 2743 ἀγάπη
1128 2674 1453 2746 πληθυνθείη
1489 2677 1594 2729 ἀπὸ
1618 2678 1753 2731 Θεοῦ
1790 2680 1902 2733 Πα-

310 2764 454 2832 τρός,
497 2764 584 2817 διά
608 2766 814 2835 Κυρίου
853 2765 1027 2836 Ἰησοῦ
1060 2766 1319 2836 Χριστοῦ,
1353 2769 1408 2819 ἐν
1437 2768 1576 2838 ἁγίῳ
1606 2769 1902 2840 Πνεῦματι.

387 2858 497 2909 Ἕν
522 2856 603 2922 τῷ
634 2856 814 2910 τέλει·
845 2856 911 2911 Ἦ
940 2856 1099 2928 χάρις
1126 2856 1220 2911 τοῦ
1251 2857 1384 2912 Θεοῦ
1410 2859 1495 2932 εἴη
1523 2862 1660 2930 μετὰ
1691 2865 1907 2917 πάντων

312 2947 460 3016 ὑμῶν
499 2943 549 3002 ιι.

510 3042 710 3108 Ὅπως
736 3041 944 3111 γράφει
979 3042 1130 3110 πρὸς
1162 3044 1268 3098 τὸν
1308 3049 1515 3102 κοινὸν
1554 3048 1727 3102 λαόν.

384 3137 645 3236 ἶἙττοικοι
673 3136 934 3207 ἄρχοντες
986 3138 1147 3206 τῆσδε
1213 3140 1418 3194 σωστοῦ
1474 3140 1568 3194 καὶ
1615 3158 1980 3236 περιφανεῑο

313 3229 521 3298 οτάτης
551 3228 780 3293 πόλεως,
836 3229 1019 3299 τῆσδε,
1072 3231 1197 3307 ὅσοι
1231 3249 1290 3285 τε
1320 3235 1417 3301 τῆς
1470 3233 1766 3299 πολιτείας,
1818 3214 1911 3288 καὶ

311 3322 419 3373 ὅσοι
472 3318 577 3374 τοῦ
636 3319 904 3375 ἰδιωτικοῦ
938 3322 1260 3391 καταλόγου,
1317 3324 1417 3378 καὶ
1460 3327 1488 3379 ὁ
1540 3325 1727 3390 λοιπὸς
1768 3328 1912 3391 ἄπας

311 3413 402 3466 τοῦ
436 3412 649 3484 Κυρίου
678 3412 691 3461 i
736 3412 864 3476 λαὸς
912 3416 942 3468 ό
972 3416 1351 3486 χριστώνυμος
1376 3433 1391 3449 ·
1424 3418 1587 3473 τέκνα
1636 3421 1693 3472 ὲν
1723 3421 1912 3490 Κυρίῳ

312 3506 577 3576 ἀγαπητὰ
615 3506 714 3575 τῆς
749 3506 907 3577 ἡμῶν
963 3508 1358 3579 ταπεινότητος
1388 3526 1402 3541 ⁸
1436 3513 1631 3584 Χάριν,
1666 3514 1908 3584 εἰρήνηνν

312 3598 479 3661 ἔλεος,
545 3600 639 3652 καὶ
679 3598 807 3652 ἄλλο
862 3600 917 3653 ετ
957 3618 1009 3654 τι
1034 3602 1237 3670 ἀγαθὸν
1286 3603 1420 3673 ὁμοῦ
1468 3608 1564 3658 καὶ
1617 3608 1909 3677 σωτήριον,

313 3692 612 3761 ἐπεύχεται
643 3691 772 3761 ὑμῖν
802 3690 1005 3746 ἅπασιν
1034 3695 1068 3765 ἡ
1098 3692 1392 3768 μετριότης
1437 3697 1592 3768 ἡμῶν
1635 3700 1743 3753 ἀπὸ
1775 3699 1911 3752 Θεοῦ

315 3778 788 3850 παντοκράτορος.

393 3871 497 3925 Ἕν
532 3869 610 3937 τῷ
636 3871 814 3927 τέλει·
859 3872 922 3926 Ἤ
948 3873 1108 3944 χάρις
1134 3874 1227 3928 τοῦ
1255 3874 1389 3929 Θεοῦ
1421 3877 1504 3948 εἴη
1537 3879 1672 3948 μετὰ
1698 3880 1913 3934 πάντων

317 3962 345 4014 ὖ
354 3961 487 4033 μῶν.

795 4058 900 4122 Εἰς
946 4055 1170 4127 Κνέξην
1194 4058 1459 4127 Σερϐιας.

383 4147 542 4223 [415]
596 4148 931 4221 ’Υψηλότατε
984 4153 1126 4220 μέγα
1155 4152 1338 4222 Κνέζη
1384 4151 1397 4203 i
1442 4155 1622 4225 πάσης
1650 4155 1908 4226 Σερὸίας,

318 4244 684 4306 συνετώτατε,
738 4244 797 4295 ἐν
830 4244 1021 4314 Κυρίῳ
1078 4245 1429 4316 ὑπερήδιστε,
1460 4246 1556 4300 καὶ
1614 4247 1912 4318 τριπόθητε

315 4333 471 4404 κύριε
502 4334 601 4388 καὶ
632 4334 715 4387 υἱὲ
753 4336 852 4403 τῆς
886 4334 1042 4405 ἡμῶν
1098 4336 1485 4406 ταπεινότητος
1506 4352 1520 4367 °
1552 4338 1733 4409 χάρις,
1762 4341 1913 4412 εἰρη-

316 4444 405 4498 νη,
436 4430 537 4480 καὶ
566 4426 713 4491 ἕλεος
740 4427 1072 4499 πληθυνθείη
1110 4430 1174 4499 τῇ
1197 4427 1480 4501 «seems;
1516 4446 1608 4483 σου
1639 4431 1748 4484 ἀπὸ
1776 4431 1910 4486 Θεοῦ

314 4519 776 4591 παντοκράτορος.

602 4610 757 4678 Πρὸς
789 4609 904 4677 τὴν
933 4610 1040 4665 τοῦ
1086 4608 1265 4677 Κνέζη
1294 4610 1317 4650 ἰ
1345 4610 1626 4681 σύζῖθγον.

396 4701 738 4772 Ὑψηλοτάτη
766 4699 1055 4770 αὐθέντρια
1082 4700 1263 4770 πάσης
1294 4701 1543 4769 Σερσίας,
1568 4703 1906 4776 συνετωτάτη

315 4790 409 4842 καὶ
432 4791 784 4861 κοσμιωτάτη
798 4789 1094 4857 γυναικῶν,
1119 4792 1176 4841 ὲν
1193 4790 1331 4859 ἁγίῳ
1353 4790 1630 4861 Πνεῦματι
1645 4790 1899 4862 θύγατερ.

315 4881 509 4953 Χάρις,
530 4883 740 4954 εἰρήνη,
762 4886 856 4935 καὶ
870 4881 1018 4945 ἔλεος
1036 4881 1361 4955 πληθυνθείη
1378 4887 1444 4955 τῇ
1463 4884 1750 4957 αὑθεντείᾳ
1776 4904 1894 4940 σου.

691 4975 793 5041 Εἰς
829 4973 1164 5028 δέσποιναν
1192 4977 1459 5042 Σερόίας.

387 5066 771 5137 Εὐλαῦεστάτη
801 5106 815 5128 ,
848 5068 942 5120 καὶ
1015 5067 1328 5139 φιλόχριστε
1362 5109 1377 5132 ,
1428 5069 1760 5142 ὑψηλοτάτη,
1816 5074 1912 5127 καὶ

314 5156 700 5230 λαμπροτάτη,
736 5162 829 5213 καὶ
858 5162 914 5213 ἐν
967 5161 1108 5233 ἁγίῳ
1164 5162 1443 5234 Πνεῦματι
1488 5164 1841 5237 ποθεινοτάτη
1890 5165 1909 5205 1

326 5250 589 5303 δέσποινα
617 5252 847 5323 Σερϐίας
873 5270 887 5283 ·
924 5254 1123 5324 Χάρις,
1159 5255 1369 5327 εἰρήνη,
1390 5256 1485 5310 καὶ
1510 5255 1654 5323 ἕλεος
1679 5257 1914 5329 πληθυν-

318 5339 438 5412 θείη
464 5345 532 5413 τῇ
566 5342 814 5417 βασιλεία
862 5362 977 5421 σου.

769 5440 872 5503 Εἰς
904 5440 1008 5491 τὸν
1033 5438 1167 5493 υἱὸν
1199 5440 1417 5508 αὐτῆς.

391 5526 764 5583 Εὐλαϐἐστατε
783 5571 800 5598 ,
832 5532 927 5585 καὶ
973 5532 1283 5604 φιλόχριστε
1311 5575 1323 5599 ,
1370 5532 1719 5605 λαμπρότατε
1747 5580 1761 5602 ,
1808 5536 1901 5589 καὶ

2003 580 2211 635 nostra,
2233 573 2335 625 nisi
2364 581 2565 623 tantum
2586 570 3100 623 Thessalonicensem
3125 567 3435 622 scribentem
3456 566 3582 619 sub-

1999 661 2126 715 ditis
2155 664 2284 716 suis.
2318 664 2431 717 Hoc
2462 674 2635 717 autem
2664 678 2826 730 nuper
2850 660 3051 728 [actum
3079 668 3157 713 est
3185 660 3239 712 in
3265 658 3448 713 diebus
3480 659 3583 710 im-

1998 757 2257 825 peratoris
2282 755 2657 820 Caulacuzeni,
2686 771 2804 808 cum
2829 754 2987 820 primi
3011 753 3169 805 etiam
3195 751 3581 806 ecclesiastico-

2002 866 2117 902 rum
2145 850 2676 905 Tliessalouicensium
2695 847 2949 918 appositis
2984 846 3228 900 crucibus
3261 843 3422 910 pileos
3456 858 3581 898 suos

2003 952 2343 998 ornaverunt.

2217 1120 2493 1187 Quomodo
2526 1120 2708 1175 scribit
2744 1118 2813 1172 ad
2846 1117 3075 1187 reliquos
3109 1130 3369 1183 proceres.

2072 1215 2175 1283 Qui
2205 1217 2259 1269 in
2289 1216 2390 1269 hac
2416 1229 2446 1268 a
2476 1213 2584 1267 Deo
2612 1218 2825 1267 serrata
2849 1218 2905 1265 et
2932 1207 3132 1263 illustri
3158 1207 3379 1260 civitate
3401 1201 3467 1258 N.
3495 1219 3581 1261 re-

2003 1309 2256 1379 perimini
2299 1305 2628 1362 nobilissimi
2658 1302 2899 1369 domini,
2931 1307 3201 1371 quotquot
3231 1297 3388 1366 primi
3419 1311 3582 1366 gene—

2004 1405 2084 1459 ris
2144 1410 2197 1456 et
2232 1400 2456 1471 gloriosi
2486 1408 2539 1453 et
2571 1394 2931 1453 illustrissimi
2961 1392 3162 1463 gradus
3192 1401 3243 1446 et
3273 1388 3491 1459 stirpis,
3525 1387 3581 1442 in

2005 1503 2196 1549 sancto
2222 1492 2427 1563 Spiritu
2450 1487 2926 1551 desideratissimi,
2949 1494 3001 1541 et
3026 1493 3227 1539 nostra:
3253 1481 3581 1536 humilitatis

2005 1586 2249 1657 germani
2284 1584 2377 1638 ﬁlii
2408 1601 2423 1638 :
2453 1582 2706 1653 gratiam,
2755 1594 2963 1650 pacem,
2994 1574 3454 1637 misericordiam,
3488 1588 3579 1627 sa—

2006 1679 2170 1733 lutem
2209 1678 2404 1730 animae
2439 1684 2492 1730 et
2528 1673 2776 1744 corporis
2799 1709 2814 1736 ,
2850 1682 2904 1725 et
2937 1671 2982 1725 si
3019 1668 3148 1739 quid
3188 1667 3333 1721 aliud
3369 1664 3580 1719 bonum

2006 1773 2170 1828 simul
2197 1785 2258 1825 ac
2282 1771 2523 1825 salutare
2548 1765 2784 1829 exsistit,
2812 1762 2947 1817 illud
2976 1761 3044 1815 ab
3069 1760 3443 1828 omnipotente
3474 1753 3582 1808 Deo

2000 1866 2260 1937 probitati
2294 1870 2493 1917 vestras
2528 1860 2811 1914 humilitas
2838 1864 3025 1911 nostra
3062 1860 3334 1924 precatur.

2070 1958 2136 2012 In
2165 1958 2302 2027 ﬁne:
2328 1954 2511 2009 Gratia
2540 1952 2631 2007 Dei
2655 1950 2803 2005 omni
2836 1947 3064 2002 adverso
3094 1952 3288 2000 eventu
3319 1942 3575 2013 superio-

2002 2064 2089 2104 res
2123 2063 2221 2102 vos
2258 2050 2569 2116 prtrservet.

2143 2139 2417 2207 Quomodo
2448 2137 2629 2191 scribit
2659 2134 2733 2189 ad
2764 2131 3142 2187 ecclesiasticos
3175 2142 3436 2197 proceres.

2070 2230 2545 2289 llonorandissimi
2569 2224 2939 2284 ecclesiastici
2964 2237 3220 2294 proceres
3245 2227 3443 2274 nostrae
3466 2233 3587 2272 san-

2003 2327 2263 2383 ctissimae
2294 2322 2614 2392 metropolis
2641 2318 2704 2373 N.
2736 2330 2789 2373 ct
2828 2324 2947 2388 post
2977 2317 3127 2387 ipsos
3155 2310 3588 2368 honoriﬁcentis-

2002 2422 2125 2475 simi
2166 2428 2220 2473 et
2256 2413 2654 2486 religiosissimi
2698 2411 2904 2476 clerici,
2940 2416 2994 2463 et
3034 2415 3302 2478 quotquot
3342 2406 3480 2461 sacri
3523 2412 3580 2460 et

2005 2510 2291 2566 monastici
2336 2507 2546 2562 ordinis
2584 2522 2598 2559 :
2636 2503 2817 2560 dilecti
2865 2502 2919 2556 in
2966 2499 3199 2555 Domino
3245 2498 3338 2551 lilii
3383 2504 3586 2550 nostra:

2006 2604 2335 2662 humilitatis
2365 2620 2378 2656 :
2412 2599 2583 2672 gratia
2611 2598 2766 2653 vobis
2812 2604 2867 2651 et
2901 2610 3005 2666 pax
3038 2602 3091 2649 et
3122 2593 3367 2647 charitas
3398 2590 3585 2644 multi-

2006 2700 2237 2770 plicetur
2262 2712 2292 2751 a
2325 2694 2434 2750 Deo
2463 2693 2642 2757 Patre,
2674 2706 2770 2760 per
2799 2690 3084 2744 Dominum
3118 2694 3368 2741 nostrum
3397 2681 3585 2739 Jesum

2008 2793 2308 2853 Christum,
2345 2789 2397 2842 in
2430 2795 2620 2842 sancto
2656 2784 2887 2853 Spiritu.

2081 2884 2145 2938 In
2178 2882 2299 2952 ﬁne.
2336 2879 2523 2936 Gratia
2558 2877 2650 2932 Ι)ρί
2682 2871 2754 2932 sit
2780 2874 3063 2930 vobiscum
3094 2871 3374 2928 omnibus.

2178 3058 2450 3127 Quomodo
2482 3057 2666 3112 scribit
2695 3055 2763 3109 ad
2796 3070 3116 3109 communem
3147 3050 3418 3120 populum.

2084 3154 2273 3208 Incolae
2320 3166 2575 3222 proceres
2619 3165 2649 3204 a
2692 3148 2799 3203 Deo
2840 3156 3071 3203 servatae
3107 3154 3163 3201 et
3201 3141 3589 3199 illustrissimus

2004 3248 2169 3321 urbis
2197 3244 2259 3299 Ν.
2289 3253 2557 3315 quotquot
2583 3243 2963 3313 magistratus,
2989 3248 3042 3295 et
3068 3244 3338 3309 quotquot
3366 3236 3586 3307 privati,

2013 3349 2066 3396 et
2102 3341 2346 3406 reliquus
2376 3337 2672 3391 universus
2707 3333 2937 3405 populus
2970 3331 3183 3386 Domini
3214 3329 3584 3389 Christianus,

2016 3433 2067 3486 in
2098 3431 2324 3484 Domino
2353 3427 2533 3484 dilecti
2566 3435 2765 3483 nostra:
2797 3424 3122 3479 humilitatis
3150 3422 3243 3477 lilii
3277 3438 3290 3476 :
3320 3419 3561 3476 Gratiam

2012 3538 2201 3594 pacem
2228 3563 2241 3588 ,
2270 3519 2704 3575 miscricordiam
2727 3558 2742 3583 ,
2774 3524 2829 3573 et
2858 3519 2904 3574 si
2934 3516 3063 3587 quid
3099 3514 3245 3570 aliud
3273 3514 3475 3569 bonum
3508 3526 3587 3566 st-

2013 3615 2123 3668 mul
2159 3629 2222 3668 ac
2258 3614 2518 3678 salutare,
2556 3611 2688 3666 illud
2721 3610 2976 3665 omnibus
3014 3608 3166 3664 vobis
3202 3622 3231 3662 a
3265 3607 3376 3663 Deo
3410 3606 3589 3661 omni-

2014 3714 2235 3776 potente
2270 3702 2619 3758 mcdiocritas
2652 3709 2841 3756 nostra
2875 3706 3149 3770 precatur.

2087 3888 2152 3943 In
2184 3888 2288 3958 fine
2317 3902 2336 3942 :
2380 3883 2566 3940 Gratia
2597 3882 2691 3938 Dei
2723 3881 2794 3938 sit
2822 3880 3104 3937 vobiscum
3135 3875 3413 3932 omnibus.

2506 4060 2586 4115 Ad
2622 4058 2843 4115 Cnezcm
2878 4056 3097 4112 Servia’.

2083 4156 2423 4221 Celsissime,
2457 4169 2649 4223 magne
2680 4151 2858 4205 Cneze
2891 4148 3059 4203 totius
3088 4145 3313 4211 Serviat,
3346 4142 3589 4215 pruden-

2014 4251 2249 4311 tissime,
2282 4251 2337 4303 in
2373 4246 2599 4299 Domino
2630 4242 3056 4314 iucundissime.
3087 4248 3139 4294 et
3173 4247 3254 4292 ter
3283 4236 3590 4291 desiderate

2014 4341 2231 4396 domine
2267 4348 2320 4394 et
2357 4340 2429 4393 liii
2470 4345 2668 4393 nostrae
2702 4332 3027 4394 lminilitatis
3061 4352 3075 4388 :
3126 4331 3334 4403 gratia,
3391 4345 3490 4398 pax
3539 4336 3594 4383 et

2016 4430 2391 4487 misericordia
2432 4446 2460 4484 ο
2507 4429 2615 4485 Deo
2661 4428 3036 4498 omnipotente
3082 4434 3189 4480 tua:
3230 4422 3591 4479 dominationi

1938 4533 1993 4593 ])
2021 4524 2433 4594 multiplicetur.

2518 4612 2598 4667 Ad
2633 4611 2819 4666 Cnczis
2857 4624 3093 4664 uxorem.

2083 4705 2395 4763 Celsissima
2414 4704 2631 4758 domina
2652 4704 2818 4758 totius
2839 4701 3059 4765 Serviat,
3098 4696 3519 4772 prudentissima
3541 4702 3595 4749 ct

2007 4800 2363 4856 ornatissima
2383 4799 2694 4859 mulierum,
2715 4798 2765 4850 in
2785 4803 2975 4850 sancto
2995 4794 3201 4864 Spiritu
3225 4792 3330 4845 illia
3357 4808 3370 4844 :
3398 4792 3593 4861 gratia,

2005 4909 2109 4964 pax
2138 4902 2192 4948 et
2224 4889 2596 4946 misericordia
2640 4888 2996 4944 dominationi
3029 4895 3136 4940 tua:
3175 4884 3590 4955 multiplicetur.

2481 4980 2562 5035 Ad
2596 4979 2866 5034 dominam
2904 4978 3121 5033 Serviat.

2083 5074 2358 5138 Piissima,
2400 5080 2454 5127 et
2490 5072 2713 5126 Christo
2780 5079 2983 5136 amata,
3022 5068 3327 5124 celsissimo
3370 5074 3424 5121 et
3466 5064 3595 5119 illu-

2012 5165 2314 5227 strissima,
2348 5172 2399 5219 et
2436 5165 2488 5218 in
2523 5171 2713 5218 sancto
2745 5163 2950 5229 Spiritu
2987 5159 3456 5217 desideratissima
3496 5161 3593 5211 do-

2016 5260 2158 5312 mina
2192 5257 2415 5313 Serviae.
2443 5255 2650 5320 Gratia,
2681 5270 2782 5325 pax
2810 5264 2864 5310 et
2894 5252 3273 5310 misericordia
3305 5267 3471 5324 regno
3497 5259 3592 5307 tuo

2020 5349 2430 5420 multiplicetur.

2578 5445 2661 5497 Ad
2693 5444 2862 5514 ﬁlium
2893 5442 3028 5510 ejus.

2082 5534 2332 5591 Piissime
2367 5544 2419 5592 et
2454 5552 2641 5592 amans
2676 5537 2978 5602 Christum,
3017 5533 3415 5599 illustrissime,
3451 5541 3505 5589 et
3541 5533 3592 5589 in

1605 5652 1835 5709 VARUE
1875 5624 2291 5710 Lucrtouss.

321 5807 348 5847 ι
384 5762 447 5847 νδ
475 5762 867 5847 γαί-ἀνώτερον
912 5770 1109 5847 παντὸς
1161 5770 1384 5847 ἀνιαροῦ
1443 5775 1868 5847 συναντήματος.
1970 5778 1995 5815 h
2033 5776 2260 5847 ‘Apﬁv._
2308 5772 2492 5837 ίᾶπας
2517 5774 2905 5847 Χριστώνυμος
2937 5772 3054 5842 τοῦ,
3080 5782 3185 5831 etc.

1945 5859 1981 5885 η’
2020 5846 2215 5902 desunt
2249 5845 2361 5899 hzrc
2403 5845 2641 5913 quatuor
2675 5847 2863 5902 verba.

379 5832 641 5905 Κυέντζη.
754 5832 992 5897 1desunt
1035 5832 1146 5898 haec
1174 5832 1415 5912 quinque
1457 5844 1614 5899 verba
1652 5832 1702 5899 in
1733 5832 1862 5913 Regi.

3302 5767 3315 5821 i
3352 5770 3589 5839 Κυένζη.
