4080 6302
335 334 442 402 ιιει
1012 341 1061 402 Α
1099 341 1345 405 LEONE
1385 339 1764 404 SAPIENTE
1810 339 1912 404 ΑΒ

2017 338 2470 410 ΝΪΠῖΟΝΙΟΗΜ
2498 347 2926 414 PALAEOLOG.
3485 346 3594 413 414

325 451 629 518 τοιούτους
670 449 816 506 οὐδὲ
838 448 1343 519 βουλλώνουσιν,
1359 453 1524 509 ἀλλὰ
1556 452 1892 507 διπλώνου-

2017 457 2272 512 nandrita
2297 460 2709 530 patriarchicus,
2741 471 2832 518 aut
2864 461 3154 518 honoratus
3185 462 3432 518 sacerdos
3461 479 3578 517 mo-

326 559 429 598 σιν
454 543 524 598 τὸ
558 543 794 614 γράμμα
825 544 1217 615 τετράγωνον,
1247 547 1345 600 καὶ
1387 545 1728 616 γράφουσιν
1775 545 1904 597 ἑπι-

2017 547 2243 615 machus,
2287 559 2378 603 aut
2427 550 2713 625 (simplex)
2755 555 3076 620 monachus,
3121 568 3214 609 aut
3265 556 3435 610 laicus
3479 571 3498 610 :
3536 567 3587 610 et

324 637 595 706 rpagarir'
626 638 1026 710 Παπρπρχικδν
1059 640 1139 703 εἰς
1186 638 1278 692 τὸν
1323 638 1490 703 δεῖνα,
1543 642 1594 694 ei
1641 637 1727 708 μή
1781 651 1902 690 που

2017 640 2424 712 quandocunque
2476 645 2699 701 voluerit
2751 649 3058 717 patriarcha
3113 649 3416 721 gratiﬁcari
3470 657 3592 703 tan-

324 727 500 781 ἐστιν
537 727 1012 798 ἀρχιμανδρίτης
1059 731 1487 799 πατριαρχικὸς
1515 771 1530 795 ,
1584 730 1623 798 ἢ
1666 729 1906 796 ἔντιμος

2017 747 2169 800 quam
2200 735 2390 800 amico,
2421 745 2470 790 et
2501 749 2645 806 noto,
2672 749 2721 795 et
2754 740 3016 806 familiari
3049 757 3144 797 suo
3176 757 3196 796 :
3223 741 3291 795 ad
3322 743 3590 812 episcopos

325 817 730 888 τερομόναχος,
763 818 802 887 ἢ
848 819 1137 889 μοναχὸς,
1165 819 1203 888 ἢ
1237 820 1560 888 κοσμικός·
1603 820 1702 874 καὶ
1755 819 1910 874 ὅπου

2017 823 2263 880 similiter
2285 843 2386 881 non
2417 831 2639 901 sigillat.

323 911 607 976 βούλεται
637 914 668 965 ό
710 911 1081 980 πατριάρχης
1131 912 1502 980 χαρίσασθαι
1548 912 1727 966 τοῦτό
1766 928 1905 979 τινι,
1945 909 2026 979 ὡς
2051 915 2230 983 φίλῳ,
2284 919 2386 974 καὶ
2421 940 2710 995 γνωρίμῳ,
2757 924 2859 980 καὶ
2894 926 3092 992 οικειφ
3169 924 3376 982 αὑτοῦ,
3443 925 3597 982 οὐδὲ

325 1003 448 1071 τοῖς
475 1001 828 1067 ἐπισκόποις
853 1000 1346 1066 βουλλώνουσιν.

498 1093 647 1149 Ποῖα
670 1092 946 1148 πιττάκια
970 1093 1182 1164 έχουσι
1212 1095 1664 1164 μολιὸόϐουλλα
1689 1103 1739 1150 P.

2091 1094 2350 1161 Qua'nam
2385 1099 2682 1170 diplomata
2722 1102 2901 1172 {erunt
2935 1103 3171 1174 sigillum
3197 1105 3519 1174 plumbeum.

400 1187 861 1243 Μολιὸόσοολλα
884 1185 952 1239 δὲ
972 1185 1158 1242 κεῖται
1189 1189 1276 1254 εις
1301 1185 1371 1240 τὰ
1390 1187 1687 1252 βασιλικὰ
1709 1185 1913 1240 πιττά-

2087 1186 2345 1261 Sigillum
2379 1194 2681 1262 plumbeum
2726 1197 2919 1251 habent
2963 1198 3058 1251 illa
3103 1198 3433 1266 diplomata,
3477 1215 3594 1267 qua:

327 1294 426 1333 κια
453 1279 550 1332 καὶ
591 1276 963 1339 δεσποινικά.
997 1277 1096 1332 καὶ
1130 1279 1200 1332 τὰ
1255 1285 1404 1346 πρὸς
1450 1279 1772 1346 δεσπότας,
1817 1277 1913 1333 και

2017 1279 2305 1335 mittuntur
2345 1284 2414 1336 ad
2449 1285 2845 1354 imperatorem,
2878 1296 2927 1341 et
2959 1287 3255 1356 despotam,
3287 1298 3339 1343 et
3371 1290 3594 1358 impera-

335 1369 902 1438 Σεϐαστοκράτορας
925 1371 1022 1424 καὶ
1050 1372 1358 1440 Καίσαιας
1397 1371 1591 1426 ὁποῖοι
1614 1375 1791 1437 εἰσιν,
1819 1371 1913 1426 καὶ

2019 1372 2222 1438 tricem,
2259 1373 2743 1442 Sebastocratores,
2775 1379 3032 1445 Caesares,
3055 1380 3438 1450 qualescunque
3453 1384 3590 1433 sint:

328 1463 480 1532 πρὸς
516 1462 711 1531 ρἦας
745 1461 998 1530 πάντας,
1038 1466 1134 1542 xui
1203 1465 1354 1532 πρὸς
1391 1467 1784 1534 πατριάρχας,
1809 1465 1910 1521 και

2017 1475 2061 1520 et
2103 1464 2173 1520 ad
2209 1483 2352 1537 reges
2387 1484 2584 1536 omnes,
2615 1482 2663 1526 et
2699 1471 2766 1525 ad
2796 1472 3134 1542 patriarchas
3157 1482 3205 1524 et
3242 1472 3592 1539 archiepisco-

329 1557 477 1624 τοὺς
531 1557 882 1624 καθολικοὺς
926 1537 1466 1627 ἀρχιεπισκόπους⁶
1517 1561 1605 1623 εἰς
1653 1558 1721 1611 δὲ
1771 1559 1913 1623 τοὺς

2017 1576 2103 1627 pos
2132 1561 2420 1614 catholicos
2451 1580 2470 1618 :
2491 1564 2561 1616 ad
2589 1574 2804 1618 ca'teros
2827 1581 2945 1618 vero
2972 1575 3186 1618 cunctos
3208 1563 3591 1632 metropolitas,

327 1651 560 1717 ἄλλους
589 1650 821 1716 πάντας
852 1651 1300 1719 μητροπολίτας
1336 1651 1437 1704 καὶ
1474 1650 1774 1720 ἄρχοντας
1810 1668 1913 1720 κη-

2017 1663 2059 1708 et
2090 1672 2349 1722 proceres,
2389 1657 2604 1725 ponitur
2627 1657 2863 1727 sigillum
2896 1672 3098 1711 cereum
3127 1673 3144 1712 :
3180 1659 3246 1710 ad
3275 1659 3448 1712 solum
3472 1674 3592 1712 vero

321 1746 663 1813 ρόόουλλα·
709 1746 796 1810 εἱς
819 1747 1012 1814 μόνον
1051 1743 1120 1797 δὲ
1165 1745 1272 1799 τὸν
1328 1745 1578 1812 Ῥωσίας
1607 1743 1911 1815 πέμπουσι

2017 1749 2407 1818 metropolitam
2430 1747 2660 1812 Russiw,
2690 1749 3012 1820 plumbeum.

323 1792 840 1908 Loli6d6ovllor.‘
1549 1792 1570 1812 δ
1680 1792 1698 1815 ⁸
1941 1792 1984 1848 Β

327 1931 476 1987 Ποῖα
521 1934 798 2011 πιττάχια
848 1932 1283 2011 ἐπιγράφουσι.
1307 1931 1757 2003 μητροπολῐται,
1805 1933 1904 1989 καὶ

699 2003 820 2069 πῶς
859 2005 1047 2058 ταῦτα
1078 2003 1536 2074 ἐπιγράφουσιν.

399 2095 550 2168 [H7]
594 2099 658 2150 Ol
683 2095 1115 2165 μητροπολῖται
1147 2097 1298 2166 πρὸς
1326 2096 1444 2167 μὲν
1481 2099 1590 2150 τὸν
1622 2096 1903 2166 πατριάρ-

329 2206 448 2258 χην
480 2188 1171 2254 Κωνσταντινουπόλεως
1186 2187 1512 2258 γράφοντες
1535 2191 1608 2244 οὐ
1635 2189 1905 2243 τιθέασιν

325 2281 397 2333 ἐν
425 2278 498 2348 τῇ
533 2277 830 2348 ἐπιγραφῇ
854 2277 917 2331 τὸ
962 2277 1066 2331 τοῦ
1110 2277 1477 2348 πατριάρχου
1517 2266 1730 2348 ὄνομα·
1769 2279 1907 2334 ἀλλ’

323 2371 472 2425 ἔνθα
495 2370 612 2440 μέν
641 2371 817 2422 ἐστιν
853 2369 891 2436 ἡ
915 2368 1182 2435 βοῦλλα,
1214 2370 1458 2424 ποιοῦσι
1483 2370 1801 2438 σταυροὺς,
1837 2371 1908 2422 ἐν

329 2464 400 2516 δὲ
423 2461 505 2528 τῷ
531 2463 712 2532 ἑτέρῳ
734 2461 898 2531 μέρει
930 2461 1190 2514 κάτωθεν
1213 2462 1320 2514 τοῦ
1348 2461 1575 2532 δεσμοῦ
1614 2463 1908 2531 γράφουσι

325 2558 394 2610 τὸ
427 2555 651 2610 οἰκεῖον
679 2555 888 2624 ὄνομα,
916 2554 1008 2608 τοῦ
1041 2553 1298 2607 ταπεινοῦ
1337 2555 1754 2626 μητροπολὶτου,
1796 2554 1909 2608 τοῦ·

326 2648 386 2702 δε
407 2663 423 2679 ο
453 2647 608 2702 οὕτω
625 2647 725 2702 καὶ
744 2650 832 2714 εἰς
854 2645 961 2712 τὰς
984 2646 1134 2715 πρὸς
1150 2645 1414 2710 βασιλέα
1450 2645 1545 2700 καὶ
1576 2647 1908 2701 δέσποιναν

327 2739 638 2810 ἀναφορὰς
670 2741 1096 2809 προστιθέντες
1123 2757 1137 2771 ο
1178 2739 1272 2793 τοῦ
1324 2739 1512 2793 δούλου
1544 2741 1639 2794 καὶ
1689 2740 1908 2811 εὐχέτου

325 2831 426 2899 τῆς
458 2830 726 2900 κραταιᾶς
755 2831 849 2882 καὶ
877 2830 1036 2898 ἁγίας
1073 2829 1350 2900 βασιλείας
1384 2847 1476 2884 σου
1527 2830 1622 2884 τοῦ
1654 2829 1909 2884 ταπεινοῦ

329 2922 754 2993 μητροπολίτου,
786 2921 938 2976 τοῦδε
961 2939 973 2954 ’
1006 2927 1091 2991 εἰς
1121 2923 1189 2976 δὲ
1231 2923 1338 2990 τὰς
1374 2923 1522 2993 πρὸς
1568 2923 1906 2990 δεσπότην³

325 3013 422 3067 τοῦ
457 3014 678 3084 εὐχέτου
709 3015 806 3085 τῆς
837 3014 1114 3084 βασιλείας
1146 3032 1241 3069 σου
1266 3029 1278 3043 ·
1346 3016 1490 3083 πρὸς
1517 3015 1584 3068 δὲ
1613 3015 1754 3080 τοὺς
1786 3019 1912 3070 λοι-

325 3107 488 3174 ποὺς
509 3106 878 3177 πατριάρχας
900 3108 995 3162 καὶ
1018 3111 1481 3178 μητροπολίτας,
1515 3109 1553 3177 ἢ
1577 3109 1672 3164 καὶ
1695 3108 1910 3174 ξένους

327 3197 727 3264 ἐπισκόπους,
757 3200 902 3252 ἔνθα
953 3199 1074 3269 μέν
1121 3201 1295 3255 ἐστιν
1322 3201 1585 3268 βοῦλλα,
1629 3201 1695 3255 τὸ
1726 3200 1912 3270 ὄνομα

327 3293 531 3357 τίθησι
555 3290 660 3344 τοῦ
693 3292 841 3360 πρὸς
865 3292 936 3346 ὃν
967 3292 1177 3363 γράφει
1200 3311 1214 3327 ο
1243 3295 1312 3348 ἐν
1341 3294 1408 3347 δὲ
1441 3293 1521 3360 τῷ
1543 3294 1718 3362 ἑτέρῳ
1743 3296 1908 3364 μέρει

327 3383 397 3436 τὸ
450 3382 671 3437 οἰκεῖον
717 3384 904 3454 ὄνομα
951 3386 1271 3456 συνήθως·
1315 3386 1413 3440 ὅτε
1464 3385 1533 3439 δὲ
1575 3389 1724 3454 πρὸς
1772 3386 1914 3452 τοὺς

329 3475 432 3529 ὑπ’
463 3475 650 3528 αὑτὸν
680 3475 1055 3543 ἐπισκόπους
1100 3478 1138 3546 ἢ
1189 3478 1536 3547 κληρικοὺς.
1583 3477 1818 3546 πρῶτον
1851 3480 1916 3533 τὸ

330 3567 551 3621 οἰκεῖον
585 3568 794 3638 ὄνομα,
845 3565 974 3624 οἷον
1017 3571 1088 3624 ἐν
1124 3571 1201 3636 τῷ
1231 3571 1395 3641 μέρει
1454 3572 1565 3641 τῆς
1597 3573 1912 3640 βούλλης·

332 3660 429 3714 καὶ
457 3661 526 3713 ἐν
561 3661 639 3726 τῷ
675 3661 854 3732 ἑτέρῳ
896 3663 960 3716 τὸ
996 3663 1185 3734 ὄνομα
1224 3665 1330 3720 τοῦ
1383 3665 1532 3734 πρὸς
1571 3665 1641 3719 ὃν
1668 3664 1872 3734 γράφει
1899 3681 1912 3694 ·

335 3753 434 3805 καὶ
461 3751 559 3806 ὅτε
591 3755 737 3822 πρὸς
760 3755 1228 3825 εὐγενεστάτους
1267 3756 1566 3827 ἄρχοντας
1593 3755 1816 3826 γράψῃ,
1850 3755 1915 3808 τὸ

332 3846 568 3900 ἐκείνου
611 3847 801 3916 ὄνομα
850 3847 1051 3916 τίθησι
1087 3847 1342 3918 πρῶτον,
1391 3849 1462 3903 ἐν
1509 3849 1576 3902 δὲ
1615 3846 1692 3913 τῷ
1738 3848 1917 3916 ἑτέρῳ

333 3939 493 4008 μέρει
525 3941 589 3994 τὸ
616 3939 853 4005 ἑαυτοῦ,
881 3942 950 3994 ἐν
975 3940 1042 3995 δὲ
1071 3941 1150 4008 τῷ
1197 3942 1357 3998 τέλει
1393 3941 1514 3996 τῶν
1561 3942 1710 4010 πρὸς
1738 3942 1918 4006 ,Βασι-

2015 1925 2218 1992 Quibus
2249 1927 2599 2000 pugillaribus
2635 1928 3036 2000 inscriptionem
3068 1927 3272 1983 addunt
3324 1937 3590 2000 metropo-

2297 1998 2408 2052 lin
2425 2011 2442 2049 :
2458 2008 2506 2051 ct
2523 1998 2782 2068 quomodo
2799 2011 3112 2067 componunt
3139 2001 3310 2055 illam.

2084 2087 2168 2140 Ad
2209 2090 2569 2156 patriarcham
2610 2089 3262 2160 Constantinopolitanum
3310 2091 3594 2148 scribcntes

2015 2195 2118 2232 non
2149 2190 2348 2248 ponunt
2395 2181 2450 2234 in
2505 2184 2958 2250 suprascriptione
2996 2201 3180 2238 nomen
3233 2184 3592 2254 patriarchaz;

2016 2271 2108 2326 sed
2165 2273 2250 2326 ubi
2299 2282 2377 2328 est
2433 2274 2668 2345 sigillum
2718 2275 2926 2344 faciunt
2991 2281 3301 2333 cruces:in
3337 2281 3447 2332 alia
3475 2295 3592 2332 vero

2014 2372 2170 2431 parte
2193 2362 2336 2432 infra
2361 2364 2626 2418 vinculum
2651 2366 2890 2418 scribunt
2939 2367 3214 2436 proprium
3247 2384 3456 2434 nomen,
3478 2369 3552 2421 sic
3574 2382 3593 2421 :

2021 2455 2260 2512 Humilis
2290 2459 2648 2527 metropolita:
2679 2458 2744 2514 Ν.
2781 2460 2870 2514 Sic
2900 2463 3060 2515 etiam
3108 2463 3179 2514 ad
3226 2463 3594 2530 imperatorem

2015 2559 2064 2604 et
2102 2549 2488 2619 imperatricem
2522 2551 2868 2605 relationibus
2909 2553 3116 2606 addunt
3145 2569 3163 2606 :
3197 2551 3350 2608 Servi
3381 2564 3434 2608 et
3465 2569 3594 2607 ora-

2018 2644 2155 2699 toris
2223 2643 2592 2713 potentissimi
2658 2652 2712 2698 et
2757 2647 2933 2700 sancti
2980 2648 3057 2701 tui
3107 2648 3322 2718 imperii
3370 2647 3594 2704 humilis

2018 2736 2381 2804 metropolitae
2414 2734 2480 2790 N.
2519 2734 2585 2790 In
2640 2735 2990 2792 relationibus
3023 2755 3140 2792 vero
3175 2740 3243 2792 ad
3296 2739 3592 2808 despotam,

2017 2833 2096 2886 sic
2126 2846 2143 2883 :
2174 2830 2424 2886 Oratoris
2449 2832 2752 2901 maiestatis
2777 2843 2900 2887 tuae.
2935 2833 3017 2886 Ad
3044 2835 3273 2903 reliquos
3299 2851 3459 2901 porro
3493 2850 3595 2905 pa-

2019 2925 2286 2978 triarchas
2310 2933 2358 2978 et
2390 2924 2776 2993 metropolitas,
2807 2924 2883 2979 vel
2911 2925 3073 2978 etiam
3116 2923 3343 2979 advenas
3375 2925 3585 2992 episco-

2016 3032 2129 3086 pos,
2195 3015 2284 3068 ubi
2341 3024 2419 3069 est
2475 3008 2745 3086 sigillum,
2766 3015 2911 3084 ponit
2941 3030 3124 3068 nomen
3165 3014 3310 3068 illius
3352 3015 3419 3068 ad
3442 3030 3593 3085 quem

2017 3108 2201 3164 scribit
2237 3124 2256 3162 .'
2286 3108 2342 3162 in
2394 3109 2564 3162 altera
2611 3125 2731 3164 vero
2785 3116 2938 3178 parte
2967 3110 3238 3175 proprium
3288 3123 3496 3173 nomen,
3537 3117 3594 3160 ut

2020 3200 2184 3255 moris
2219 3210 2317 3254 est.
2376 3199 2508 3255 Cum
2542 3217 2660 3255 vero
2709 3200 2777 3252 ad
2809 3199 2910 3254 sibi
2941 3200 3179 3255 subditos
3223 3200 3492 3267 episcopos
3518 3199 3596 3253 vel

2021 3293 2240 3348 clericos
2301 3293 2505 3358 scribit,
2546 3295 2698 3363 prius
2747 3294 2895 3364 ponit
2934 3309 3118 3348 nomen
3147 3309 3299 3347 suum
3351 3293 3404 3346 in
3445 3303 3596 3360 parte

2020 3384 2186 3455 sigilli
2211 3399 2231 3438 .'
2260 3385 2312 3437 in
2346 3384 2456 3438 alia
2481 3400 2598 3438 vero
2621 3393 2769 3452 parte
2787 3399 2971 3438 nomen
3001 3381 3149 3435 illius
3180 3379 3249 3433 ad
3280 3395 3428 3450 quem
3457 3381 3597 3434 scri-

2019 3476 2112 3530 bit.
2171 3478 2238 3530 At
2297 3493 2416 3530 cum
2475 3477 2654 3530 scribit
2705 3476 2773 3530 ad
2826 3475 3240 3544 spectatissimos
3291 3473 3592 3540 optimates,

2016 3570 2163 3622 illius
2201 3586 2387 3623 nomen
2417 3569 2564 3632 prius
2618 3570 2787 3639 ponit,
2840 3570 2894 3621 in
2930 3568 3039 3620 alia
3070 3582 3188 3620 vero
3218 3577 3366 3632 parte
3413 3581 3591 3618 suum.

2019 3659 2085 3715 In
2123 3662 2226 3728 ﬁne
2279 3661 2578 3714 litterarum
2635 3677 2770 3731 quas
2797 3659 2959 3725 mittit
3000 3658 3067 3711 ad
3100 3659 3468 3725 imperatores,
3519 3654 3595 3708 t'el

2017 3753 2400 3820 imperatrices,
2433 3751 2510 3805 sic
2537 3767 2555 3802 :
2585 3750 2653 3804 [ι
2680 3765 2872 3804 servus
2901 3757 2954 3804 et
2989 3756 3175 3804 orator
3203 3746 3595 3819 potentissimus

2017 3856 2070 3900 et
2109 3855 2312 3900 sancta:
2333 3844 2636 3914 majestatis
2661 3853 2768 3898 tua:
2793 3859 2961 3898 ausus
2997 3843 3182 3896 retuli.
3215 3842 3296 3894 Ad
3319 3841 3593 3908 despotam

2018 3951 2180 3990 vero:
2216 3936 2283 3990 Ut
2317 3944 2502 3991 orator
2533 3936 2840 4006 majestatis
2896 3945 3003 3991 tua:
3052 3950 3220 3989 ausus
3282 3933 3465 3987 retuli.
3512 3931 3593 3984 Ad

333 4033 463 4099 λεῖς
516 4032 887 4103 γραμμάτων,
939 4035 977 4102 ἤ
1024 4033 1385 4104 δεσποίνας⁹
1432 4035 1518 4100 Ὠς
1566 4035 1751 4099 δοῦλος
1809 4032 1903 4086 καὶ

2017 4028 2242 4100 reliquos
2280 4039 2454 4083 autent
2496 4032 2731 4101 aliquam
2768 4029 3120 4099 precationem
3146 4025 3449 4096 subjungit.

335 4123 560 4193 εὺχέτης
591 4124 691 4194 τῆς
724 4126 995 4196 κραταιᾶς
1025 4127 1121 4181 καὶ
1162 4127 1322 4195 ἁγίας
1353 4127 1628 4198 βασιλείας
1665 4143 1761 4199 σου¹
1822 4121 2106 4192 τολμήσας
2163 4121 2445 4192 ἀνέφερον.
2510 4122 2666 4191 Πρὸς
2717 4121 3023 4190 δεσπότην
3077 4119 3168 4175 δέ·
3237 4119 3325 4182 Ὧς
3367 4119 3598 4190 εὑχετης

335 4214 429 4282 τῆς
455 4212 731 4284 βασιλείας
760 4231 849 4268 σου
875 4215 1149 4287 τολμήσας
1188 4218 1473 4289 ἀνέφερον.
1505 4218 1662 4286 Πρὸς
1691 4217 1758 4270 δὲ
1778 4213 1919 4278 τοὺς
1955 4210 2229 4277 λοιποὺς,
2265 4212 2457 4281 εὐχήν
2484 4231 2639 4270 τινα.

337 4303 535 4368 Ὅπως
573 4303 842 4379 γράφει-ά
887 4305 1254 4379 πατριάρχης
1303 4307 1427 4374 τοῖς
1475 4308 1732 4378 ἄρχουσι
1789 4307 1899 4378 τῆς

2017 4301 2286 4369 Quomodo
2360 4309 2543 4363 scribit
2597 4306 2907 4379 patriarcha
2961 4305 3028 4359 ad
3092 4305 3326 4359 ecclesia:
3383 4302 3597 4375 Magna.-

781 4374 1062 4445 Μεγάλης
1098 4374 1455 4449 ἑὲέιιζίησίας.

404 4467 718 4538 Τιμιώτατε
745 4467 888 4538 μέγα
916 4470 1165 4543 οἱκονόμε
1195 4472 1295 4544 τῆς
1332 4473 1455 4527 καθ’
1487 4472 1633 4544 ἡμᾶς
1670 4475 1912 4546 με’ράλης

349 4559 692 4630 Ἐκκλησίας,
741 4563 801 4614 ὲν
850 4560 991 4632 ἁγίῳ
1051 4562 1329 4634 [Ινεύματι
1381 4565 1629 4636 ἀγαπητὲ
1676 4567 1756 4620 υἱὲ
1815 4567 1913 4637 τῆς

339 4651 490 4722 ἡμῶν
517 4652 892 4723 μετριότητος,
934 4653 1147 4708 Μύκονε
1182 4655 1339 4726 κῦρε,
1370 4658 1398 4710 ὁ
1429 4657 1598 4713 δεῖνα.

413 4745 578 4798 Οὕτω
629 4744 884 4810 καὶτοῖς
928 4744 1142 4814 ἄλλοις
1175 4747 1346 4811 ,κατὰ
1401 4749 1593 4817 τάξιν,
1641 4751 1720 4819 ὡς
1772 4771 1914 4824 προ-

341 4835 581 4906 credim-

342 4927 532 4996 Ὅπως
579 4928 919 5001 γράφουσιν
963 4931 1018 4984 οἱ
1035 4931 1466 5000 μητροπολῖται
1507 4933 1633 5001 τοῖς
1677 4939 1778 4992 ὑπ’
1805 4943 1912 4997 αὐ-

628 5000 771 5066 τοὺς
801 4999 1058 5069 ἄρχουσι
1086 5001 1190 5070 τῆς
1232 4999 1614 5072 Ἐκκλησίας.

439 5097 481 5145 0
526 5095 971 5163 μητροπολὶτης
1030 5095 1155 5163 τοῖς
1219 5097 1320 5153 ὑπ’
1365 5098 1553 5154 αὑτὸν
1607 5105 1913 5174 κληρικοῖς

2669 4395 2928 4449 proceres.

2091 4477 2597 4543 Vcnerabilissime,
2668 4489 2860 4545 magne
2909 4484 3192 4525 mconome
3225 4477 3429 4523 nostrae
3469 4483 3595 4523 san—

2021 4574 2281 4628 ctissima:
2332 4571 2632 4628 Ecalesiie:
2670 4569 2722 4622 in
2777 4576 2967 4620 saneto
3011 4564 3216 4634 Spiritu
3273 4563 3472 4617 dilecte
3518 4563 3592 4616 lili

2022 4678 2221 4721 nostra:
2245 4665 2654 4728 mediocritatis,
2687 4661 2916 4716 diacono
2949 4657 3167 4712 domine
3191 4653 3257 4708 N.

2091 4757 2180 4813 Sic
2201 4760 2362 4812 etiam
2393 4761 2460 4810 ad
2487 4755 2712 4827 reliquos
2744 4751 2948 4820 ordine,
2975 4759 3032 4804 ut
3051 4751 3304 4821 scriptum
3327 4758 3430 4804 est.

2017 4935 2297 5005 Quomodo
2341 4937 2578 4990 scribunt
2623 4930 2971 5005 metropolitie
3026 4926 3279 4982 Ecclesia:
3323 4925 3424 4980 sibi
3469 4925 3593 4979 sub-

2550 5007 2702 5074 iecta:
2732 5003 3058 5074 proceribus.

2086 5098 2432 5170 Metropolim
2489 5099 2717 5154 subditis
2773 5095 2874 5149 sibi
2928 5093 3156 5157 ilericis,
3201 5107 3261 5146 eo
3305 5090 3456 5145 modo
3491 5106 3592 5160 quo

345 5183 492 5237 οὕτω
541 5183 771 5254 γράφει,
821 5185 902 5251 ὠς
950 5187 1048 5240 καὶ
1096 5189 1128 5241 ό
1173 5189 1540 5260 πατριάρχης
1585 5193 1735 5260 πρὸς
1774 5195 1913 5261 τοὺς

2017 5194 2317 5261 patriarcha
2347 5192 2583 5247 ecclesia:
2630 5189 2842 5259 Magnae
2892 5185 3229 5258 optimatibus
3280 5185 3481 5250 scribit,
3523 5185 3594 5237 ad

347 5272 453 5342 τῆς
485 5277 766 5347 Μεγάλης
797 5277 1149 5346 ἐκκλησίας,
1210 5283 1356 5350 πρός
1404 5300 1469 5336 τε
1497 5286 1788 5355 πρώτους,
1815 5289 1913 5344 καὶ

2017 5285 2171 5354 primi
2206 5285 2460 5338 nimirum
2492 5295 2541 5338 ct
2593 5282 2662 5336 ad
2726 5281 2941 5336 secundi
2997 5276 3225 5346 ordinis,
3257 5289 3306 5333 et
3349 5279 3591 5346 deinceps

347 5367 676 5440 δευτέρους,
712 5371 810 5429 καὶ
833 5373 964 5426 καθ’
997 5373 1161 5453 ἑξῆς.

2017 5379 2081 5435 ad
2111 5380 2341 5449 reliquos
2376 5393 2638 5449 proceres.

905 5466 1040 5532 Περὶ
1066 5466 1271 5538 ρηγῶν
1296 5479 1347 5524 (ι.

2648 5469 2722 5524 De
2760 5470 2864 5541 regi
2871 5469 2988 5525 bus.

419 5554 560 5623 Τοὺς
596 5554 899 5626 μεγάλους
949 5557 1137 5628 ρῆγας
1190 5560 1526 5631 γράφουσιν
1579 5567 1634 5621 ol
1689 5584 1909 5638 μητρο-

2089 5565 2172 5621 Ad
2201 5583 2417 5638 magnos
2442 5582 2585 5638 reges
2623 5565 2784 5621 etiam
2822 5560 3173 5632 metropolita'
3205 5559 3427 5631 Magnos
3451 5556 3590 5614 scri-

1631 5679 1862 5737 γΑιιιΑε
1905 5681 2311 5741 LECTIONES.

445 5802 472 5844 ν
496 5793 930 5858 μολιὸδόὅουλλα.
1029 5807 1055 5846 ιι
1093 5795 1269 5853 Deest.
