4058 6294
514 259 624 328 415

1430 273 1697 366 GR.’EC(_)
1710 277 1878 338 RUM
1919 278 2496 346 EPISCOPATUUM
2528 286 2854 349 NOTITL’E

3623 261 3627 263 “
3673 295 3776 361 416

515 380 664 443 bunt,
709 377 845 433 sicut
899 388 948 435 et
998 382 1348 448 patriarcha:
1379 387 1468 456 qui
1516 403 1634 440 vero
1687 406 1787 442 non
1831 390 2074 444 dicuntur

2185 395 2444 458 πολῖται,
2475 401 2780 466 Μεγάλους,
2806 401 3009 471 ὥσπερ
3031 403 3128 458 καὶ
3156 406 3190 459 ὁ
3213 405 3610 478 πατριάρχης’
3635 411 3778 468 τοὺς

517 471 711 539 magni,
765 474 926 525 etiam
983 477 1338 544 metropolitte
1370 493 1511 548 rcges
1555 477 1866 546 simpliciter
1919 485 2087 535 nomi-

511 573 660 618 nant.
695 559 766 616 Et
803 563 1114 633 patriarcha
1142 569 1351 636 quidem
1381 569 1511 623 dicit
1549 573 1620 623 ad
1671 575 1793 637 illos
1824 573 2086 630 Nobilila-

513 667 621 710 lem
679 675 692 710 :
739 654 1093 728 Metropolim:
1131 673 1307 716 autem
1360 666 1818 724 Dominationcm.
1875 669 2082 740 Supra-

507 751 722 816 scriptio
755 768 870 805 vero
897 754 1200 808 tabularum
1234 757 1408 826 primo
1443 776 1631 815 nomen
1656 763 1804 817 illius
1828 767 1991 832 ponit,
2033 779 2080 822 et

507 844 560 895 in
595 843 707 898 alia
734 855 887 914 parte
912 863 1101 902 nomen
1137 852 1512 921 metropolitw.

853 1021 932 1078 De
967 1022 1178 1078 Ctesare
1204 1034 1254 1078 et
1283 1024 1734 1084 Sebastocratore.

574 1111 656 1164 Αιι
685 1111 952 1168 Cwsarem
1001 1125 1052 1169 et
1084 1114 1572 1175 Sebastocratorent
1616 1123 1849 1179 scribens
1891 1138 2085 1182 metro-

501 1203 691 1273 polita,
741 1204 965 1275 ofﬁcium
1007 1209 1219 1279 quidem
1257 1213 1404 1280 ponit
1433 1214 1587 1282 quale
1628 1215 2080 1275 Sebastocratoris

503 1297 581 1350 vel
609 1296 844 1352 Cwsaris
877 1314 896 1353 :
936 1317 1123 1354 nomen
1156 1318 1278 1357 vero
1308 1304 1454 1358 illius
1495 1323 1844 1376 nequaquam.
1879 1313 1959 1365 Ad
1983 1315 2080 1369 hos

502 1405 622 1442 vero
657 1407 836 1444 omnes
863 1394 1202 1462 majeslalem
1230 1396 1395 1450 etiam
1440 1399 1594 1464 dicit,
1620 1403 1726 1455 sive
1758 1403 1865 1457 sint
1885 1405 2075 1472 Grarci,

500 1483 608 1536 sive
631 1484 866 1539 barbari.

502 1573 578 1629 De
611 1575 967 1646 pugillaribus
1019 1583 1458 1638 patriarcharum
1498 1594 1548 1639 et
1597 1590 2076 1658 metropolitarum.

574 1729 892 1788 I’atriarcha
927 1751 1251 1808 quwcunque
1278 1739 1619 1810 pugillarium
1635 1745 1862 1813 sigillat,
1898 1748 2078 1800 omnia
2105 1744 2153 1804 B

498 1827 654 1894 longa
675 1835 796 1880 sunt
822 1843 840 1881 :
867 1845 1191 1901 quacunque
1215 1850 1333 1888 vero
1369 1851 1472 1889 non
1504 1845 1626 1889 sunt
1660 1839 1922 1907 sigillata,
1954 1857 2076 1896 sunt

494 1920 868 1989 qttadrangttla
889 1936 908 1974 :
941 1920 1281 1994 Metropolim
1327 1937 1504 1982 autem
1543 1931 1738 2000 absque
1772 1931 2078 1990 discrimine

495 2011 756 2078 componit
783 2029 802 2078 ,'
835 2015 947 2084 agit
966 2016 1103 2068 enim
1127 2028 1282 2084 prout
1307 2018 1540 2074 libuerit.

1014 2107 1094 2163 De
1124 2112 1571 2178 imperatricibus.

566 2191 767 2251 Notam
818 2199 1102 2268 pugillaris
1155 2202 1225 2256 ad
1259 2204 1648 2272 imperatrieem
1691 2208 1844 2263 missi
1869 2211 2071 2281 ignoro.

505 2285 724 2342 Videtur
763 2299 939 2346 tamen
969 2293 1099 2347 mihi
1139 2304 1194 2348 ut
1224 2297 1330 2351 sint
1356 2298 1517 2352 simul
1539 2298 1707 2353 amba:
1737 2299 1928 2356 littera:
1951 2305 1993 2356 B
2023 2316 2073 2359 et

491 2377 550 2430 Δ.
580 2378 692 2432 Alii
728 2396 846 2435 vero
877 2383 1060 2436 dicunt
1097 2386 1237 2455 quod
1264 2387 1317 2440 in
1345 2389 1702 2458 pugillaribus
1734 2393 1803 2446 ad
1835 2393 2073 2464 impera-

493 2481 656 2523 torem
687 2486 721 2524 a
743 2476 1093 2543 metropolitis
1122 2479 1333 2546 scriptis
1384 2489 1435 2534 et
1468 2480 1688 2550 reliquis
1724 2486 2071 2552 optimatibus

491 2577 646 2614 suum
673 2580 861 2619 nomen
892 2576 1098 2621 tantum
1128 2571 1426 2626 inscribunt
1457 2574 1510 2627 in
1537 2591 1646 2629 una
1676 2589 1850 2645 parte,
1879 2581 1933 2633 in
1960 2582 2073 2636 alia

491 2665 606 2705 rero
626 2651 828 2706 nullam
859 2656 1094 2710 litteram
1127 2658 1363 2728 signant.
1409 2660 1544 2714 Cum
1593 2680 1712 2720 vero
1739 2667 1978 2724 scribunt
2000 2673 2070 2724 ad

490 2740 905 2814 imperatricem,
939 2748 1192 2805 similiter
1240 2752 1294 2805 in
1328 2769 1436 2806 una
1463 2765 1614 2825 parte
1639 2770 1840 2828 ponunt
1883 2778 2071 2818 nomen

489 2849 669 2900 suum,
705 2836 760 2888 in
792 2836 904 2891 alia
929 2849 1105 2894 autem
1125 2842 1332 2911 faciunt
1367 2855 1470 2901 tres
1497 2864 1680 2903 cruces
1719 2869 1864 2907 more
1885 2855 2068 2920 solito,

487 2937 536 2981 et
569 2941 938 3000 supraponunt
997 2934 1228 2990 litteram
1291 2939 1351 2994 A‘.
1416 2938 1598 2996 Restat
1633 2944 1794 3014 igitur
1818 2956 1943 3002 nota
1972 2965 2067 3019 pur

489 3017 701 3089 gillaris
741 3022 811 3074 ad
855 3025 1246 3095 imperatricem
1273 3039 1332 3084 ut
1362 3031 1539 3088 littera
1565 3034 1606 3088 Β
1633 3017 1982 3106 inscributur,
2017 3053 2067 3098 et

486 3113 585 3166 hoc
616 3113 862 3170 existimo
885 3119 1076 3175 tutius.

2186 487 2255 540 δὲ
2275 489 2361 558 μὴ
2389 494 2757 560 λεγομένους
2796 495 3102 564 μεγάλους
3127 499 3226 553 καὶ
3260 501 3315 554 ol
3339 505 3777 570 μητροπολῖται

2187 581 2383 652 ῥᾶγας
2410 586 2622 652 ἁπλῶς
2657 588 2976 658 γράφουσι.
3019 591 3130 645 Καὶ
3159 595 3192 647 ό
3228 595 3346 663 μὲν
3401 597 3776 670 πατριάρχης

2183 675 2345 743 λέγει
2390 675 2540 744 πρὸς
2577 678 2876 745 ἐκείνους,
2910 678 3209 748 Εὑγένειαν
3233 699 3244 712 ·
3277 688 3332 738 ol
3365 685 3436 740 δὲ
3476 705 3776 757 μητροποι

2184 766 2362 831 litat,
2399 768 2725 823 ΛὺΘεντείαν
2746 787 2760 802 ·
2795 773 2835 839 ὴ
2864 771 2930 825 δὲ
2954 774 3252 846 ἐπιγραφὴ
3277 777 3398 832 τῶν
3428 783 3773 846 πιττακίιιιν,

2185 855 2422 925 πρῶτον
2447 861 2511 913 τὸ
2541 861 2780 917 ἐκείνου
2813 863 3024 934 ὄνομα,
3060 867 3158 921 καὶ
3181 868 3252 923 ὲν
3273 869 3354 935 τῷ
3386 870 3557 939 ἄλλῳ
3586 874 3771 944 μέρει,

2184 950 2250 1002 τὸ
2281 950 2386 1005 τοῦ
2414 954 2882 1021 ιιητροπολίτου.

2355 1044 2497 1112 Περὶ
2540 1046 2844 1116 Καίσαρος
2884 1049 2982 1103 καὶ
3015 1053 3593 1125 Σεϐαστοκράτορος.

2255 1134 2415 1203 Πρός
2444 1137 2716 1207 Καίσαρα
2759 1140 2859 1194 καὶ
2898 1144 3430 1216 Σεϐαστοκράτορα
3470 1149 3713 1220 γράφων
3737 1156 3772 1207 ὁ

2177 1229 2626 1297 μητροπολίτης
2650 1229 2718 1284 τὸ
2743 1231 2860 1301 μὲν
2916 1235 3201 1304 ὀφφίκιον
3243 1239 3474 1308 magesi,
3530 1238 3662 1296 οἷον
3700 1246 3768 1298 τὸ

2181 1319 2289 1374 τοῦ
2322 1323 2899 1394 Σεϐαστοκράτορος,
2930 1327 2970 1397 ἢ
3009 1330 3340 1399 Καίσαροςο
3359 1335 3441 1404 τὸ
3476 1335 3546 1388 δὲ
3579 1335 3765 1407 ὄνομα

2181 1412 2457 1482 οὐδαμῶς
2480 1429 2493 1444 ·
2538 1415 2636 1469 ἐπὶ
2685 1417 2930 1472 πάντων
2974 1421 3044 1474 δὲ
3085 1425 3314 1478 τούτων
3341 1426 3440 1479 καὶ
3488 1425 3765 1497 βασιλείαν

2179 1503 2339 1574 λέγει
2360 1520 2373 1534 ⁸
2401 1505 2518 1559 κᾶν
2555 1507 2847 1577 Ῥωμαῖοι,
2890 1511 3006 1565 κᾶν
3031 1513 3322 1581 βάρϐαροι
3347 1510 3521 1572 ὦσιν.

2185 1593 2335 1667 [MS]
2375 1595 2515 1664 Περὶ
2555 1599 2937 1668 πατριαρχῶν
2968 1601 3080 1724 [real
3120 1604 3577 1672 μητροπολιτῶν
3636 1621 3765 1662 πιτ-

2855 1687 2963 1724 τακ
2991 1689 3093 1724 ων.

2855 1687 3093 1727 τακιων.

2263 1759 2326 1812 '0
2353 1759 2721 1832 πατριάρχης
2750 1762 2869 1817 ὅσα
2889 1763 3233 1828 ,ϐουλλώνει
3261 1766 3540 1822 mnditia
3567 1769 3767 1823 πάντα

2173 1851 2374 1921 μακρά
2417 1854 2598 1918 εἰσιν,
2647 1853 2766 1907 ὅσα
2821 1854 2891 1908 δέ
2933 1858 3093 1909 εἰσιν
3147 1858 3518 1926 ἀὸοὐλλωτα,
3563 1861 3767 1928 τετρα-

2177 1962 2339 2016 τωνα
2365 1963 2377 1977 α
2410 1947 2474 1999 τὸ
2502 1947 2570 2000 δὲ
2594 1948 3041 2017 μητροπολίτου
3072 1949 3405 2020 ἀδιάφορόν
3432 1951 3584 2019 ἐστι,
3611 1951 3773 2007 ποιεῖ

2177 2035 2288 2106 γὰρ
2323 2035 2521 2103 καθὼς
2546 2038 2862 2102 βούλεται.

2648 2130 2793 2198 Περὶ
2832 2133 3230 2188 Βασιλισσῶν
3258 2144 3302 2191 τ.

2245 2220 2566 2291 Γνώρισμα
2613 2223 2722 2277 τοῦ
2797 2225 2950 2291 πρὸς
3010 2226 3401 2281 Βασίλισσαν
3451 2229 3766 2283 πιττακίου

2173 2311 2431 2380 ἀκριϐῶς
2453 2315 2565 2366 οὐκ
2600 2310 2736 2368 οἶδα
2757 2331 2770 2345 ·
2814 2315 2985 2370 δοκεῖ
2998 2315 3067 2369 δέ
3086 2334 3190 2386 μοι
3205 2316 3453 2386 μᾶλλον
3479 2320 3580 2373 ἵνα
3614 2315 3769 2375 ὦσιν

2174 2402 2324 2471 ὁμοῦ
2352 2404 2452 2457 καὶ
2493 2402 2567 2457 τὰ
2606 2404 2716 2459 δύο
2781 2407 3081 2476 στοιχεῖα,
3122 2409 3222 2462 καὶ
3274 2409 3343 2463 τὸ
3373 2409 3415 2465 Β
3463 2413 3563 2464 καὶ
3595 2400 3664 2465 τό
3702 2417 3761 2465 Δν

2172 2497 2351 2551 ἀλλοι
2389 2495 2459 2550 δὲ
2489 2499 2804 2569 λέγουσιν,
2823 2501 2904 2567 ὠς
2925 2500 3027 2554 ἐπὶ
3040 2501 3158 2572 μὲν
3187 2502 3294 2558 τοῦ
3317 2503 3470 2572 πρὸς
3498 2505 3766 2559 Βασιλέα

2171 2578 2508 2656 πιτταιιίου,
2532 2589 2737 2660 ὥσπερ
2771 2595 2826 2646 οἱ
2850 2594 3286 2662 μητροπολῖται
3321 2595 3644 2666 γράφουσι,
3665 2600 3763 2651 καὶ

2169 2680 2372 2734 λοιποὶ
2403 2680 2696 2750 ἄρχοντες
2718 2683 2785 2736 τὸ
2806 2682 3039 2738 ἑαυτῶν
3066 2685 3255 2756 ὄνομα
3286 2687 3482 2755 μόνον
3523 2688 3764 2758 emnea-

2169 2786 2396 2838 φουσιν
2423 2771 2493 2824 ἐν
2534 2770 2622 2837 τῷ
2660 2773 2753 2826 ἐνὶ
2787 2773 2974 2843 μέρει,
3010 2773 3079 2827 ἐν
3120 2772 3190 2827 δὲ
3244 2773 3326 2841 τῷ
3372 2775 3553 2845 ἑτέρῳ
3599 2777 3762 2847 μέρει

2170 2859 2353 2916 οὐδέν
2389 2879 2445 2916 τι
2487 2863 2882 2933 σημειοῦνται
2941 2865 3264 2935 στοιχεῖον.
3314 2866 3666 2936 Γράφοντες
3696 2867 3762 2921 δὲ

2169 2955 2320 3024 πρὸς
2369 2955 2703 3012 δέσποιναν
2758 2957 2977 3028 ὁμοίως
3020 2957 3141 3027 μὲν
3191 2958 3258 3012 τὸ
3301 2957 3459 3013 ἴδιον
3495 2960 3762 3016 τιθέασιν

2175 3047 2365 3116 ὄνομα
2396 3052 2550 3103 κατὰ
2576 3049 2642 3103 τὸ
2670 3047 2740 3103 ἓν
2763 3047 2947 3119 μέρος
2987 3049 3092 3103 τοῦ
3126 3050 3465 3117 πιττακίου,
3498 3054 3654 3107 κατὰ
3696 3051 3761 3105 δὲ

2176 3139 2243 3193 τὸ
2275 3141 2496 3194 λοιπὸν
2537 3143 2721 3212 μέρος
2749 3142 3066 3209 ποιοῦντες
3099 3142 3405 3212 σταιιροὺς
3445 3143 3627 3214 τρεῖς,
3679 3146 3759 3212 ὡς

486 3207 643 3272 ἔθος,
671 3210 939 3263 τιθέασιν
971 3211 1094 3266 ἄνω
1123 3215 1425 3285 στοιχεῖον
1451 3219 1518 3273 τὸ
1570 3223 1629 3275 Δ.
1671 3225 1950 3282 Λείπεται
1980 3225 2096 3284 οὖν
2132 3232 2439 3304 γνώρισμα
2491 3207 2569 3299 τῷ
2610 3207 2770 3304 πρὸς
2845 3234 2961 3303 τὴν
3018 3207 3408 3300 ,βασιλιασαν
3473 3207 3762 3307 saticulus

488 3300 556 3353 τὸ
588 3299 628 3351 Β
667 3300 972 3369 στοιχεῖον
995 3304 1367 3378 ἐπιγράφειν·
1399 3311 1556 3382 οἶμαι
1574 3313 1643 3368 δὲ
1666 3317 1842 3372 τοῦτο
1869 3299 2350 3394 ἀσφαλέσλτερον.

489 3393 764 3466 Quomodo
793 3396 1033 3456 scribunt
1064 3405 1241 3458 ueteri
1294 3408 1618 3473 patriarcha:
1655 3411 1725 3464 ad
1753 3413 2065 3469 Constanti-

1081 3477 1471 3544 nopolitanum.

568 3565 934 3623 Sanctissimc
964 3567 1185 3624 domine
1227 3571 1638 3642 archiepiscope
1675 3574 2065 3634 Constantino-

487 3656 705 3726 poleos,
751 3673 903 3713 nova:
944 3657 1150 3725 Rmnm,
1176 3670 1229 3714 ct
1258 3663 1599 3720 mcumenice
1637 3666 1975 3736 patriarcha,
2007 3670 2062 3727 in

487 3762 683 3808 sancto
718 3752 925 3822 Spiritu
957 3755 1337 3812 sacratissime
1375 3765 1430 3813 et
1447 3758 1917 3820 desideratissime
1950 3764 2064 3820 fra-

488 3850 572 3896 ter
601 3854 653 3896 ot
693 3843 1090 3899 comminister.

561 3934 643 3987 Ad
665 3936 896 4006 reliquos
920 3953 1038 3992 vero
1066 3941 1431 4008 metropolitas
1480 3953 1529 3998 et
1581 3945 1815 4002 ecclesiae
1853 3947 2064 4020 Magna

485 4042 724 4094 proceres
753 4028 831 4082 ita
857 4028 1096 4084 scribunt
1144 4032 1265 4101 ipsi,
1303 4045 1360 4088 ut
1405 4037 1566 4092 etiam
1609 4039 2063 4114 Constantinopo-

485 4120 710 4177 litanus.

557 4299 660 4353 Hic
689 4314 807 4354 vero
854 4299 910 4354 in
948 4300 1301 4371 pugillaribus
1346 4303 1416 4357 ad
1463 4314 1678 4361 cateros
1723 4310 2062 4376 patriarchas

485 4393 656 4461 primo
691 4393 873 4448 scribit
901 4412 1091 4450 nomen
1130 4396 1277 4452 illius
1329 4398 1398 4452 ad
1445 4415 1597 4469 quem
1658 4403 1862 4470 scribit,
1902 4415 1952 4460 et
2009 4407 2064 4461 in

490 4485 604 4540 alia
631 4497 784 4555 parte
814 4502 990 4541 suum.

562 4689 710 4759 Papa
743 4707 864 4747 vero
897 4693 1041 4763 prius
1064 4693 1273 4763 quidem
1301 4695 1558 4751 scribebat
1575 4700 1709 4753 sicut
1736 4699 1887 4754 modo
1918 4701 2059 4757 Con-

489 4783 999 4852 stantinopolitanus
1029 4787 1098 4838 ad
1137 4786 1364 4857 reliquos
1391 4801 1409 4841 :
1438 4789 1514 4842 sic
1534 4791 1694 4844 etiam
1719 4791 1808 4846 ille
1832 4792 1900 4845 ad
1925 4795 2062 4848 [tunc

488 4884 537 4927 et
565 4883 814 4938 caeteros;
841 4893 978 4930 nunc
1026 4893 1144 4931 vero
1188 4878 1328 4934 male
1371 4881 1574 4946 scribit,
1617 4898 1721 4937 non
1768 4885 1906 4938 enim
1953 4884 2062 4938 ulla

492 4966 648 5022 modo
673 4968 726 5022 in
755 4968 943 5023 litteris
969 4972 1335 5038 patriarcltam
1386 4976 1624 5028 nominat
1653 4991 1671 5029 :
1697 4977 1858 5031 mittit
1895 4987 2071 5032 autem

491 5058 722 5130 sigillum
754 5060 1077 5129 plumbeum,
1121 5063 1259 5134 quod
1310 5066 1488 5118 caeteri
1540 5068 1866 5135 patriarcha:
1922 5071 2070 5126 nullo

496 5150 648 5204 modo
676 5149 904 5220 faciunt,
930 5153 1084 5222 cujus
1133 5155 1394 5208 rationem
1450 5155 1658 5227 ignoro,
1691 5160 1869 5230 sigilla
1897 5167 2070 5216 tamen

494 5257 686 5316 magna
707 5262 854 5299 cerea
888 5246 1112 5314 faciunt.

684 5421 956 5486 Quomodo
984 5424 1168 5478 scribit
1202 5427 1514 5494 patriarcha
1549 5430 1617 5483 ad
1648 5445 1862 5500 papam.

557 5509 880 5569 Beatissnno
903 5515 1124 5573 domino
1150 5533 1324 5589 papae,
1361 5520 1584 5575 domino
1609 5521 1832 5578 Urbano
1851 5540 2067 5581 summo

2169 3421 2371 3487 Ὅπως
2419 3419 2488 3474 δὲ
2542 3419 2882 3491 γράφουσιν
2919 3425 2976 3476 οι
3041 3421 3222 3476 ἄλλοι
3279 3421 3638 3493 πατριάρχαι
3682 3421 3759 3489 τῷ

2591 3494 3306 3559 Κωνσταντινουπόλεως.

2238 3581 2630 3652 Παναγιὼτατε
2667 3583 2925 3650 δέσποτα,
2966 3585 3367 3656 ἀρχιεπίσκοπε
3397 3585 3746 3639 Κωνσταντι-

2167 3674 2482 3739 νουπόλεως
2502 3674 2630 3740 νέας
2660 3674 2901 3747 Ῥώμης,
2922 3678 3019 3730 καὶ
3039 3677 3388 3749 οἱκουμενικὲ
3419 3681 3756 3750 πατριάρχα,

2165 3767 2224 3820 ἐν
2259 3767 2400 3839 ἁγίῳ
2441 3765 2720 3839 Πνεύματι
2755 3767 3002 3823 θειότατε
3047 3771 3141 3825 καὶ
3177 3773 3525 3827 ποθεινότατε
3561 3773 3757 3843 eam:

2167 3857 2261 3910 καὶ
2288 3857 2568 3912 συλλειτου
2579 3858 2702 3930 ργέ.

2239 3948 2396 4016 Πρὸς
2431 3947 2502 4002 δὲ
2555 3951 2701 4016 τοὺς
2755 3950 2985 4018 ἄλλους
3035 3952 3269 4021 πάντας
3306 3958 3756 4024 μητροπολίτας

2164 4040 2265 4094 καὶ
2331 4039 2475 4107 τοὺς
2527 4041 2825 4112 ἄρχοντας
2902 4044 3016 4116 τῆς
3076 4048 3358 4119 Μεγάλης
3425 4050 3754 4118 ἐκκλησίας

2165 4132 2320 4186 οὕτω
2349 4130 2648 4202 γράφουσι
2685 4134 2785 4189 καὶ
2836 4136 3008 4190 αὐτοὶ
3055 4137 3136 4204 ὡς
3175 4139 3272 4193 καὶ
3309 4142 3342 4193 ὁ
3379 4142 3755 4194 Κωνσταντι-

2165 4228 2477 4281 νουπόλεω
2485 4248 2536 4294 ς.

2251 4317 2312 4370 '0
2331 4321 3037 4390 Κωνσταντινουπόλεως
3064 4323 3132 4377 δὲ
3153 4323 3463 4396 ἐπιγράφει
3490 4326 3565 4381 τὰ
3590 4327 3742 4395 πρὸς

2166 4409 2402 4476 ἄλλους
2447 4411 2815 4482 πατριάρχας
2842 4417 3122 4470 πιττάκια
3142 4434 3157 4447 ’
3191 4416 3432 4486 πρῶτον
3465 4419 3574 4474 τοῦ
3605 4419 3758 4488 πρὸς

2092 4475 2138 4531 D
2166 4504 2240 4558 ὃν
2293 4504 2503 4574 γράφει
2532 4475 2822 4574 [κάλ”έᾷο
2850 4506 2947 4574 τῷ
2996 4509 3166 4575 ἄλλῳ
3205 4475 3373 4582 ιιέρει
3415 4513 3485 4566 τὸ
3535 4475 3753 4567 οιιιιιῖῖοιζ

2164 4596 2372 4666 ὄνομα.

2244 4690 2304 4744 '0
2326 4689 2394 4744 δὲ
2413 4690 2618 4760 πάπας
2639 4691 2876 4762 πρῶτον
2889 4693 3008 4765 μὲν
3019 4695 3300 4766 ἔγραφεν,
3319 4696 3400 4764 ὡς
3415 4695 3533 4752 νῦν
3549 4699 3750 4752 dilanc-

2161 4786 2726 4852 σταντινουπόλεως
2750 4786 2877 4854 τοῖς
2908 4787 3161 4856 ἄλλοιςο
3198 4791 3352 4844 οὕτω
3383 4790 3483 4844 καὶ
3520 4790 3751 4856 ἐκεῖνος
3776 4828 3782 4834 ι

2163 4876 2317 4945 πρὸς
2361 4876 2579 4931 τοῦτον
2616 4878 2715 4932 καὶ
2764 4880 2915 4948 πρὸς
2943 4880 3177 4949 ἄλλους
3196 4898 3212 4915 ο
3243 4882 3360 4936 νῦν
3387 4882 3456 4936 δὲ
3508 4881 3746 4950 κακῶςε

2169 4967 2416 5037 γράφει·
2460 4969 2606 5023 οὐδὲ
2636 4971 2747 5040 γὰρ
2781 4970 2936 5038 ὅλως
2977 4974 3189 5044 γράφει
3233 4974 3422 5030 αὐτὸν
3467 4975 3750 5044 πατριάρ-

2169 5074 2322 5126 χην·
2377 5059 2592 5128 πέμπει
2647 5061 2716 5114 δὲ
2784 5065 3304 5132 μολιϐόϐουλλον-
3357 5069 3414 5120 οἱ
3464 5066 3534 5120 δὲ
3572 5060 3749 5120 ἄλλοι

2169 5151 2524 5222 πατριάρχαι
2564 5157 3017 5223 μολιεόϐουλλα
3068 5158 3197 5211 οὐδ’
3239 5158 3396 5225 ὅλως
3447 5159 3748 5221 ποιοῦσιν,

2170 5246 2282 5298 οὐκ
2332 5243 2465 5300 οἶδα
2509 5246 2653 5315 πῶς,
2694 5248 2977 5318 βούλλας
3018 5249 3085 5304 δὲ
3123 5249 3396 5321 μεγάλας
3447 5255 3599 5322 μετὰ
3640 5268 3751 5320 κη-

2163 5355 2301 5407 μου.

2342 5433 2543 5499 Ὅπως
2569 5434 2778 5505 γράφει
2818 5437 2852 5489 ό
2885 5433 3260 5504 πατριάρχης
3291 5434 3368 5500 τῷ
3390 5433 3580 5504 πάαᾳ.

2243 5525 2333 5596 Τῷ
2368 5531 2770 5602 μακαριωτὰτῳ
2800 5529 3039 5604 δεσπότῃ
3079 5529 3155 5601 τῷ
3195 5528 3358 5601 narra.
3401 5529 3577 5601 κυρίῳ
3608 5527 3752 5599 Οὐρ-

1787 5653 2016 5714 νΑηιΑε
2044 5660 2250 5720 LECTI
2257 5661 2345 5719 ON
2353 5662 2456 5722 ES.

557 5766 581 5796 τ
620 5759 753 5834 Περὶ
784 5779 982 5821 πιττακ
1008 5785 1082 5824 ων
1103 5769 1448 5844 Basilicam.
1521 5779 1542 5809 ⁸
1570 5777 1872 5833 corrcctius
1906 5776 2054 5850 Ieges
2081 5778 2302 5850 ἑτέρως.
