4080 6302
373 345 481 408 423

1635 340 1910 401 LEONIS
1947 340 2410 422 PHILOSOPHI

3529 340 3633 404 424

381 474 480 512 nec
507 457 763 527 exiguum
800 452 965 509 rebus
1020 447 1338 523 mortalium
1398 447 1594 512 inferri
1649 449 1961 508 detrimem

2063 451 2454 507 πεττευόντων.
2489 447 2794 521 Τοιγαροῦν
2821 449 2921 503 οὒκ
2949 447 3098 514 ἀξιον
3128 448 3374 521 παριδεῖν
3409 452 3635 522 κρίναν-

377 558 494 605 tum
521 547 824 616 contingat,
885 544 1012 599 aliis
1061 557 1186 597 cum
1220 542 1346 598 aliis
1384 544 1762 610 commutatis,
1811 546 1954 602 talo-

378 655 612 711 rumque
638 637 807 709 (8-10)
842 639 1019 693 instar
1045 637 1152 691 huc
1180 635 1309 690 illuc
1335 637 1553 703 ltemere
1582 637 1952 694 volventibus.

381 733 504 790 Illas
537 734 723 803 itaque
754 745 862 795 res,
900 745 964 784 ex
990 743 1225 799 quarum
1257 727 1554 796 tranquillo
1584 738 1637 782 et
1657 729 1954 800 impertur-

380 825 508 900 hato
529 832 677 880 statu
707 823 859 879 salus
887 820 1202 891 reipublicae
1237 819 1531 890 dependet,
1561 821 1618 875 in
1650 829 1800 876 tanta
1822 837 1957 878 con-

381 918 600 992 fusione
663 914 1186 986 perturbationeque
1213 913 1446 972 versari.
1509 912 1794 984 indignum
1858 930 1957 968 ne-

377 1012 557 1082 glectu
589 1009 716 1076 rati,
765 1023 928 1079 quam
1009 1006 1425 1062 accuratissima
1457 1006 1590 1076 legis
1619 1007 1959 1078 inspectione

379 1119 445 1158 ac
463 1101 913 1158 consideratione
940 1099 1148 1170 dignati
1190 1114 1385 1154 sumus
1407 1118 1430 1154 :-
1448 1107 1503 1156 et
1530 1116 1672 1170 quas
1704 1101 1956 1156 obtinere

379 1193 724 1262 conducibile
790 1192 908 1248 fore
979 1191 1493 1257 animadvertimus,
1562 1192 1670 1248 illis
1717 1193 1956 1256 selectis,

381 1288 589 1358 scripto
616 1285 727 1358 (ll)
754 1270 1124 1356 imperatoriae
1155 1293 1360 1339 nostra:
1386 1285 1694 1354 maiestatis
1735 1285 1958 1341 decreto

382 1383 437 1436 in
472 1379 755 1449 republica
811 1377 1196 1432 auctoritatem
1262 1377 1750 1432 conﬁrmavimus:
1789 1387 1958 1448 utque

354 1470 788 1528 controversias
840 1468 1229 1538 dijudicarent,
1284 1469 1513 1538 insuper
1572 1469 1736 1523 etiam
1791 1468 1958 1524 sciri-

384 1579 507 1617 mus
534 1580 548 1616 :
575 1577 712 1630 quas
734 1575 863 1614 vero
917 1559 1136 1614 inutiles
1163 1558 1553 1628 judicavitnus,
1606 1559 1798 1615 harum
1826 1575 1963 1615 non-

386 1654 565 1707 nullas
614 1653 668 1706 in
712 1658 1031 1719 perpetuum
1091 1649 1369 1705 silentium
1411 1650 1712 1721 coniectas,
1743 1650 1962 1706 decreto

378 1753 434 1798 et
461 1744 608 1813 ipsas
625 1758 656 1795 a
681 1743 859 1812 legum
879 1742 1086 1795 honore
1117 1747 1277 1808 atque
1304 1740 1494 1796 ordine
1517 1742 1768 1796 exsulare
1785 1742 1960 1810 jussi-

380 1850 506 1888 mus
540 1851 553 1886 :
589 1846 820 1902 quarum
862 1842 1041 1885 autem
1084 1830 1291 1883 nullum
1341 1845 1571 1901 prorsus
1622 1832 1954 1887 mentionem
1992 1805 2034 1860 Β

382 1925 637 1990 fecimus,
681 1924 779 1979 has
807 1925 995 1989 etiam,
1027 1923 1132 1976 hoc
1157 1923 1277 1993 ipso
1304 1923 1450 1994 quod
1490 1938 1678 1978 earum
1711 1940 1818 1979 non
1845 1939 1959 1981 me-

378 2018 729 2082 minerimus,
753 2016 907 2085 juxta
942 2023 1106 2084 atque
1134 2015 1257 2070 illas
1293 2015 1348 2069 in
1376 2016 1630 2071 exsilium
1673 2015 1956 2086 eiecimus.

381 2110 626 2182 Denique
657 2108 916 2180 quoniam
952 2115 1006 2161 et
1050 2105 1195 2161 inter
1237 2118 1487 2177 receptas
1534 2107 1960 2164 consuetudines

380 2201 678 2255 nonnullas
729 2197 942 2252 ratione
994 2210 1104 2250 non
1162 2194 1410 2263 destitui,
1473 2197 1723 2268 talesque
1783 2197 1974 2266 quales
2034 2197 2277 2266 prudens

2053 562 2148 609 τες
2179 545 2238 598 ὲν
2267 542 2504 616 τοσαύτῃ
2541 541 2800 614 συγχύσει
2841 542 2938 596 καὶ
2974 544 3188 614 ταραχῇ
3212 542 3475 613 φέρεσθαι
3495 537 3570 598 ὧν
3601 547 3633 615 η

2055 638 2262 709 γαλήνη
2290 638 2387 692 καὶ
2420 636 2691 707 ἀταραξία
2721 636 2821 706 τῆς
2853 633 3126 694 πολιτείας
3156 634 3472 706 ἐξήρτηται,
3514 622 3657 689 ἔπιέ

2059 728 2306 800 σκέψεώς
2331 745 2390 782 τε
2427 729 2502 792 ὡς
2553 728 2631 782 ενι
2670 729 2903 798 μάλιστα
2932 726 3370 798 ἐπιμελεστάτης
3397 729 3526 792 τοὺς
3555 728 3637 781 νό-

2060 839 2194 894 μους
2219 819 2554 892 ἡξιώσαμεν,
2582 821 2679 874 καὶ
2706 812 2781 873 ὧν
2807 819 3082 883 λυσιτελὲς
3113 819 3382 891 ὑπάρχειν
3408 821 3470 874 τὸ
3497 821 3634 890 κρά-

2054 931 2147 980 τος
2214 915 2658 986 κατενοήσαμεν,
2716 911 2922 966 τούτων
2986 910 3216 982 ἐκλογὴν
3278 913 3638 984 ποιησάμενοι

2056 1003 2287 1073 δόγματι
2318 1004 2583 1076 ἐγγράφῳ
2615 1004 2731 1073 ’τῆς
2777 1000 3051 1072 βασιλείας
3101 999 3258 1072 ἡμῶν
3291 1001 3391 1073 τὴν
3430 1005 3511 1066 είς
3538 1003 3637 1076 τὴν

2058 1093 2335 1148 πολιτείαν
2367 1093 2550 1156 αὐτοῖς
2589 1092 2905 1165 παρρησίαν
2951 1093 3362 1166 ὲϐεϐαιώσαμεν
3397 1097 3492 1150 καὶ
3527 1099 3637 1160 τοῖς

2059 1186 2351 1257 πράγμασι
2381 1185 2591 1257 διαιτᾷν
2640 1184 3145 1258 ἔπεψηφισάμεθαδι
3182 1186 3276 1250 οὒς
3309 1187 3366 1241 δὲ
3396 1187 3640 1258 ἔγνωμεν

2059 1277 2432 1349 ἀσυμφόρους,
2482 1276 2686 1331 τούτων
2729 1277 2787 1332 δὲ
2836 1277 2945 1350 ἀρα
2989 1277 3164 1340 ἐνίους
3213 1277 3314 1346 μὲν
3357 1279 3452 1332 καὶ
3489 1280 3642 1333 αὐτοὶ

2057 1371 2290 1439 δόγματι
2316 1369 2415 1440 τῆς
2443 1369 2552 1428 τῶν
2577 1369 2758 1441 νόμων
2785 1370 2953 1440 τιμῆς
2999 1371 3094 1422 καὶ
3123 1368 3330 1434 τάξεως
3367 1369 3640 1441 ὲξωστραυ

2059 1463 2318 1535 κισαμεν,
2350 1465 2430 1528 είς
2459 1464 2619 1534 σιγὴν
2646 1461 2872 1534 διηνεκῆ
2906 1460 3316 1529 συνελάσαντες,
3345 1456 3423 1516 ὧν
3451 1463 3510 1517 δὲ
3534 1463 3642 1517 οὐδ’

2060 1559 2141 1620 είς
2183 1557 2406 1628 μνήμην
2449 1556 2587 1621 ὅλως
2644 1538 3009 1627 κατέστημεν,
3063 1555 3153 1609 διά
3194 1557 3295 1627 τῆς
3334 1555 3645 1628 ἀμνηστίας

2061 1650 2156 1704 καὶ
2195 1649 2395 1713 αὐτοὺς
2433 1649 2834 1720 παραπλησίως
2877 1646 3108 1711 ἐκείνοις
3138 1647 3645 1718 συνεξωστρακίσα-

2065 1759 2185 1812 μεν.
2233 1742 2386 1794 Ἐπεὶ
2432 1739 2492 1796 δὲ
2540 1741 2635 1796 καὶ
2677 1743 2736 1795 ὲν
2783 1742 2905 1805 ταῖς
2948 1739 3279 1811 κρατούσαις
3331 1739 3643 1812 συνηθείαις

2063 1831 2337 1904 ὲφάνησάν
2363 1849 2509 1896 τινες
2535 1831 2597 1886 οὐ
2630 1831 2954 1902 παράλογοι,
2994 1832 3114 1886 οὐδὲ
3146 1831 3394 1886 τοιαῦται
3426 1831 3544 1896 οἵας
3578 1832 3645 1886 ἂν

2064 1924 2189 1989 νοῦς
2223 1926 2441 1990 συνετὸς
2463 1925 2772 1995 ἀτιμάσειε,
2813 1927 2908 1979 καὶ
2930 1925 3134 1988 ταύτας
3160 1924 3330 1993 νόμου
3361 1924 3646 1996 προνομίῳ

2063 2016 2446 2088 τετιμηκότες,
2498 2016 2618 2071 ἀντὶ
2669 2016 2727 2070 δὲ
2780 2016 3068 2087 συνηθείας
3109 2015 3309 2086 ἀλόγου
3352 2016 3433 2079 είς
3476 2015 3648 2086 νόμου

2068 2107 2364 2178 πρόσταξιν
2393 2107 2490 2164 καὶ.
2511 2108 2679 2181 τιμὴν
2703 2109 3074 2181 ἀνηγάγομεν.

2353 2199 2554 2270 aliquis
2617 2214 2729 2254 non
2773 2208 3138 2269 contemnat,
3199 2199 3459 2267 vidimus,
3546 2198 3645 2257 has

381 2309 604 2365 quoque
660 2293 796 2362 legis
859 2288 1216 2360 przerogativa
1279 2289 1667 2359 honestantes,
1737 2306 1801 2346 ex
1866 2290 2146 2363 inscripta:
2202 2293 2625 2350 consuetudinis
2675 2302 2828 2350 statu
2892 2294 2960 2349 ad
3024 2294 3159 2364 legis
3212 2295 3500 2367 imperium
3558 2302 3645 2349 at-

378 2405 488 2462 que
517 2389 778 2442 honorem
810 2384 1117 2440 eveximus.

440 2481 576 2536 Cum
605 2493 735 2547 ergo
761 2478 877 2531 haec
906 2475 978 2529 ita
1015 2490 1045 2527 a
1091 2471 1248 2528 nobis
1283 2476 1597 2540 comparata
1649 2469 1792 2535 sint,
1828 2468 1965 2524 sciat

379 2574 618 2646 quisque
654 2566 821 2641 quod,
853 2582 975 2638 quae
1005 2567 1149 2637 leges
1171 2579 1264 2633 per
1298 2561 1563 2631 scriptum
1600 2561 1966 2632 imperatoriae

383 2673 586 2720 νοείτω
624 2659 938 2731 majestatis
1001 2657 1282 2714 decretum
1329 2654 1712 2709 auctoritatem
1765 2661 1960 2720 nactae,

382 2769 476 2812 aut
506 2771 629 2826 quae
657 2750 1090 2810 consuetudines
1146 2748 1284 2817 legis
1356 2746 1621 2817 dignitate
1684 2745 1965 2800 honoratae

381 2847 620 2915 fuerint,
679 2847 761 2901 hae
786 2851 840 2901 et
877 2843 936 2899 in
994 2839 1272 2912 republica
1327 2838 1676 2901 obtinebunt,
1714 2844 1770 2892 et
1827 2851 1963 2890 cun-

384 2939 682 2997 troversias
729 2938 784 2994 in
828 2953 887 2993 se
914 2946 1213 3005 suspensas
1247 2930 1570 2997 habebunt;
1623 2942 1744 2998 quae
1782 2935 1962 2982 autem

382 3033 453 3087 ab
488 3033 598 3086 illis
623 3032 677 3085 in
712 3027 1051 3085 contrarium
1092 3029 1347 3095 vergunt,
1375 3030 1469 3076 aut
1506 3024 1784 3074 mentione
1819 3034 1964 3075 sem—

389 3125 662 3193 piternam
717 3120 827 3176 illis
883 3117 1310 3174 taciturnitatem
1372 3112 1726 3183 injungente,
1758 3113 1964 3166 citrave

382 3214 529 3268 hanc
550 3212 718 3269 etiam
748 3219 805 3265 ut
826 3225 946 3279 quae
967 3224 1092 3264 cum
1133 3207 1407 3278 despectis
1431 3205 1677 3276 ejusdem
1700 3203 1965 3258 conditio-

385 3303 473 3360 nis
535 3304 665 3368 sint,
700 3303 892 3357 eodem
954 3303 1150 3354 decore
1201 3299 1378 3368 digna
1440 3295 1640 3350 habita:
1687 3300 1839 3358 sunt,
1885 3292 1968 3347 hae

383 3411 514 3452 vero
556 3395 755 3451 dehinc
810 3401 865 3448 et
919 3391 1134 3462 rejects;
1194 3396 1249 3445 et
1307 3403 1340 3443 a
1390 3387 1667 3460 republica
1750 3384 1967 3442 exsules

386 3499 550 3562 atque
577 3498 824 3546 extorres
854 3495 1033 3543 erunt.

908 3575 1377 3635 CONSTITUTIO
1409 3573 1450 3632 Ι.

388 3675 542 3751 Quod
586 3688 1025 3751 unumquemque,
1079 3671 1171 3751 qui
1221 3669 1506 3751 judiclandi
1542 3667 1957 3751 prwrrog‘att'vam

462 3745 743 3815 acceperit,
763 3740 1227 3815 'quenjadmo'dunt
1240 3741 1502 3815 legalium
1551 3740 1907 3815 capitulorum
1932 3755 1964 3791 a

459 3810 607 3872 nobis
641 3810 854 3870 habitus
886 3813 1118 3867 delectus
1145 3810 1258 3882 (12)
1283 3810 1527 3865 {latuerit
1563 3812 1812 3863 dirimere
1839 3825 1965 3882 cou-

465 3888 752 3942 troversiae
779 3895 1046 3952 oporteat:
1081 3899 1197 3952 qua
1228 3879 1346 3936 itero
1379 3883 1515 3942 inter
1539 3881 1818 3952 reprobiata
1849 3879 1962 3952 (l5)

457 3957 645 4012 habita
671 3950 820 4020 sunt,
840 3955 918 4008 uti
948 3970 1013 4008 ea:
1041 3950 1153 4007 illis
1175 3953 1326 4007 nulla
1361 3953 1471 4006 litis
1495 3951 1818 4023 ambiguitas
1874 3950 1963 4004 di-

449 4029 744 4099 judieetur.
869 4048 872 4050 ν
1312 4070 1314 4073 .
1615 4067 1618 4070 .

459 4120 517 4174 In
575 4119 795 4173 nomine
836 4115 958 4186 ejus
1009 4115 1101 4184 qui
1176 4113 1431 4168 universo
1483 4112 1723 4167 humano
1779 4109 1965 4181 generi

392 4215 668 4270 salutares
705 4210 852 4282 leges
893 4210 1039 4274 tulit,
1091 4206 1298 4262 Christi
1349 4207 1462 4261 veri
1502 4207 1591 4260 Dei
1631 4205 1827 4270 nostri,
1864 4205 1968 4259 lm-

393 4314 612 4374 perator
645 4301 830 4355 Cazsar
873 4297 1101 4353 Flavius
1125 4295 1256 4362 Leo,
1323 4297 1469 4366 pius,
1513 4297 1660 4358 felix,
1703 4296 1963 4367 inclytus,

391 4397 589 4456 victor,
625 4392 1016 4463 triumphator,
1071 4390 1221 4444 omni
1283 4404 1400 4443 avo
1459 4389 1810 4453 venerabilis,
1849 4390 1964 4441 Au-

2139 2470 2355 2528 Τούτων
2381 2476 2511 2548 ημῖν
2542 2476 2712 2544 οὕτως
2745 2479 3116 2552 διῳκημένων,
3141 2481 3272 2535 ῐστω
3302 2484 3408 2546 πᾶς
3439 2499 3545 2549 τις,
3569 2480 3646 2540 ὡς

2065 2562 2181 2619 ὅσοι
2240 2566 2338 2636 μὲν
2385 2568 2473 2622 διὰ
2528 2570 2622 2624 τοῦ
2686 2573 2966 2643 ἐγγράφου
3021 2572 3124 2644 τῆς
3170 2573 3445 2643 βασιλείας
3486 2573 3646 2645 ἡμῶν

2063 2655 2332 2727 δόγματος
2364 2658 2557 2715 ἔλαϐον
2585 2661 2751 2732 κῦρος
2783 2664 2938 2735 νόμοι
2971 2664 3005 2735 ἢ
3031 2665 3353 2736 τετίμηνται
3373 2664 3644 2737 ἀξιώματι

2064 2750 2232 2821 νόμου
2285 2753 2586 2824 συνήθειαι,
2640 2749 2787 2811 οὗτοι
2832 2757 2929 2811 καὶ
2976 2759 3384 2813 πολιτεύσονται
3430 2759 3527 2814 καὶ
3565 2761 3645 2822 είς

2063 2842 2292 2906 ἑαυτοὺς
2335 2845 2688 2918 ἀνηρτημένα
2726 2847 2795 2902 τὰ
2829 2849 3132 2920 πράγματα
3172 2850 3403 2917 ἕξουσινο
3445 2849 3560 2905 ὅσοι
3587 2848 3644 2904 δὶ

2065 2930 2203 3002 πρὸς
2223 2932 2541 2987 ἐναντίωσιν
2573 2936 2753 2999 αὐτοῖς
2795 2939 3195 3009 ἀποφερόμενοι
3234 2937 3266 3010 ἢ
3298 2940 3516 3010 μνήμης
3545 2939 3644 3010 τὴν

2065 3024 2310 3094 ἀφωνίαν
2346 3026 2528 3093 αὐτοῖς
2571 3029 2742 3082 ἀΐδιον
2779 3029 3145 3100 ὲπιϐαλούσης
3178 3027 3516 3099 heluime
3551 3029 3648 3083 καὶ

2070 3120 2239 3189 χωρὶς
2268 3119 2472 3192 ταύτης
2503 3122 2578 3186 ὡς
2617 3122 2872 3193 ὁμότιμοι
2903 3121 3013 3176 τῶν
3042 3121 3408 3198 ἠτιμωμένων
3433 3118 3647 3191 cumtri-

2069 3229 2299 3281 μωνται,
2324 3208 2471 3269 οῦτοι
2500 3215 2565 3286 δὴ
2601 3216 2695 3270 καὶ
2722 3216 3020 3289 ἀπόϐλητοι
3052 3216 3163 3272 ἀπὸ
3181 3215 3276 3270 τοῦ
3309 3215 3404 3270 νῦν
3433 3214 3528 3270 καὶ
3551 3211 3652 3269 τοῦ

2067 3302 2463 3378 πολιτεύματός
2493 3309 2633 3364 εἰσιν
2664 3309 2967 3382 ὑπερόριοι.

2631 3575 2944 3631 ΔΙΑΤΑΞΙΣ
2969 3574 3028 3631 A'
3058 3577 3101 3631 ⁸.

2068 3665 2189 3721 Ὀτι
2218 3667 2336 3739 χρὴ
2369 3667 2567 3722 πάντα
2610 3669 2719 3724 τὸν
2751 3670 3000 3739 κρίνεινε
3026 3669 3290 3724 λαϐόντα
3321 3669 3650 3738 προνόμιον

2135 3737 2331 3821 θεαρίας
2361 3739 2415 3821 ἡ.
2440 3737 2840 3821 ἐγνςειεριιιένῖη.
2862 3740 2986 3821 τῶν
3016 3740 3278 3821 νομίμων
3304 3737 3650 3821 κεφαλαίων

2136 3808 2238 3879 ὑφ’
2290 3808 2461 3878 ἡμῶν
2511 3808 2735 3879 ἐκλογὴ
2805 3808 3177 3865 διατέτακται
3239 3809 3511 3864 διαλύειν
3573 3808 3652 3863 τὰ

2136 3878 2456 3948 ἀμφίϐολα,
2478 3879 2518 3933 d
2542 3879 2614 3933 δὲ
2635 3878 2747 3949 τῆς
2770 3881 3094 3949 ἁποκβίτου
3124 3879 3346 3945 τάξεως
3379 3879 3647 3948 ἠξίωται,

2137 3952 2288 4074 Ξαὲῗ
2323 3950 2510 4004 ταῦτα
2544 3950 2844 4022 μηδεμίαν
2871 3951 3221 4006 διοικεῖσθαι
3262 3949 3435 4017 δίκης
3468 3951 3648 4022 ἀμφιι-

2174 4039 2206 4073 ο
2273 4037 2371 4074 αν.

2174 4037 2371 4076 ονιιαν.

2148 4111 2236 4164 Ἐν
2264 4112 2488 4183 ὀνόματι
2515 4113 2609 4166 τοῦ
2647 4115 2814 4167 πᾶσιν
2848 4112 3160 4186 ἀνθρώποις
3188 4113 3649 4186 νομοθετήσαντος

2066 4205 2133 4258 τά
2163 4208 2408 4278 σωτήρια
2437 4207 2676 4278 Χριστοῦ
2710 4208 2803 4261 τοῦ
2835 4208 3092 4278 ἀληθινοῦ
3134 4210 3272 4264 Θεοῦ
3301 4210 3458 4281 ἡμῶν
3490 4208 3650 4262 αὐτο-

2067 4296 2290 4366 κράτωρ
2336 4297 2552 4368 Καῖσαρ
2603 4298 2832 4362 Φλάϐιος
2877 4299 3030 4353 Λέων
3081 4300 3336 4372 εὐσεϐὴς,
3377 4297 3650 4369 εὐτυχὴς,

2067 4387 2296 4454 ἔνδοξος,
2326 4388 2577 4461 νικητὴς,
2615 4390 3000 4462 τροπαιοῦχος,
3045 4393 3416 4456 ἀεισέϐαστος,
3450 4390 3648 4460 αὔγου-

391 4496 609 4558 gustus,
639 4485 816 4540 ﬁdelis
846 4499 965 4549 rex,
1005 4482 1256 4554 Styliano
1279 4482 1656 4536 illustrissimo
1680 4495 1959 4535 sacrorum

2069 4497 2213 4546 στος,
2249 4481 2438 4545 πιστὸς
2473 4481 2741 4550 βασιλεὺς,
2769 4482 3042 4555 Στυλιανῷ
3072 4484 3150 4555 τῷ
3200 4483 3651 4556 περιφανεστάτῳ

392 4586 709 4634 nostrorum
748 4574 1050 4631 ciliciorum
1079 4574 1366 4645 magistro.

461 4668 820 4726 Celeberrimi
857 4669 950 4723 ille
985 4667 1129 4722 inter
1179 4668 1540 4735 imperatores
1596 4663 1835 4721 nominis
1873 4661 1969 4718 Ju-

398 4765 673 4821 stiniauus
718 4778 842 4817 eum
890 4761 1075 4815 animo
1107 4767 1252 4815 esset
1308 4771 1439 4827 erga
1492 4757 1880 4827 rempublicam
1918 4763 1971 4810 et

393 4857 622 4928 optimo,
668 4865 723 4911 et
799 4855 921 4924 ejus
991 4853 1288 4908 utilitatum
1353 4837 1760 4905 studiosissimo
1823 4847 1972 4902 velut

395 4950 587 5005 silvam
671 4949 1006 5011 ouamdam,
1101 4943 1528 4999 constitutiones
1597 4941 1648 4993 in
1723 4938 1972 4994 Romano

2071 4575 2356 4645 μαγίστρῳ
2385 4574 2495 4627 τῶν
2529 4575 2688 4628 θείων
2725 4575 2997 4644 όφφικίων
3024 4577 3202 4648 ἡμῶν.

2154 4661 2212 4716 ὐ
2249 4663 2347 4732 μὲν
2384 4661 2448 4734 δὴ
2485 4663 2824 4733 περιώνυμος
2875 4667 2932 4718 ὲν
2971 4664 3279 4734 βασιλεῦσιν
3335 4666 3646 4720 Ἰουστινια-

2071 4753 2164 4815 νὸς
2185 4794 2199 4818 ,
2232 4753 2464 4825 ἀρίστης
2499 4755 2593 4807 καὶ
2638 4755 3086 4827 λυσιτελεστάτης
3136 4759 3203 4828 τῇ
3239 4755 3485 4828 πολιτείᾳ
3519 4759 3652 4826 γνώ-

2079 4861 2186 4915 μης
2215 4845 2525 4916 γενόμενος,
2547 4845 2739 4918 ὥσπερ
2761 4848 2882 4901 τινὰ
2907 4846 3041 4918 ὕλην
3063 4847 3246 4902 λαϐὼν
3273 4850 3372 4912 τὰς
3394 4850 3450 4915 ἐξ
3475 4849 3649 4920 ἀρχῆς

2077 4940 2172 4990 καὶ
2240 4944 2435 5010 μέχρις
2489 4941 2698 4994 ἐκείνου
2774 4941 2914 4996 κατά
2967 4939 3260 5014 διαφόρους
3311 4943 3536 5012 χρόνους
3583 4943 3652 5012 τῇ

1723 5078 1950 5134 VARIAZ
1984 5077 2394 5136 LECTIONES.

446 5213 472 5244 '
492 5205 672 5263 Prima
702 5212 788 5258 est
837 5201 891 5258 in
913 5199 1097 5273 Βαίας.
1134 5213 1260 5254 nov.
1287 5196 1484 5253 Leonis
1506 5207 1559 5253 et
1588 5195 1780 5266 incipit
1818 5193 1952 5248 Ἀπὸ
1976 5192 2093 5262 τοῦ,
2115 5202 2222 5249 etc.

1903 5326 2137 5387 NOTAE.

465 5457 645 5529 (8-10)
679 5454 835 5529 Κατά
862 5452 1062 5529 κύϐους
1105 5451 1438 5529 spe_cies__es_t
1463 5450 1763 5529 proverbii.

469 5516 587 5600 (Η)
620 5516 728 5582 llas
759 5517 1012 5600 Not/alas
1045 5516 1154 5578 non
1200 5516 1480 5600 intelligit,
1509 5522 1603 5600 sed
1664 5516 1974 5600 Βασιλικῷν

398 5591 593 5663 Ιίὶήοοει,
641 5600 708 5653 de
750 5597 954 5667 quibus
987 5609 1156 5667 supra
1184 5591 1426 5667 diximus
1463 5593 1804 5667 ξιιίίοιιυὶιι,Δ
1838 5591 1970 5667 quid

398 5683 481 5726 est
508 5674 559 5724 in
583 5671 670 5724 his
695 5663 956 5728 No'vellis,
992 5663 1138 5736 quod
1163 5666 1422 5720 omnibus
1475 5663 1663 5729 litibus
1714 5663 1970 5718 ﬁniendis

400 5743 534 5797 satis
563 5755 687 5796 esse
724 5742 897 5797 possit
929 5737 952 5791 ?

470 5755 534 5796 ns
563 5755 687 5796 esse
759 5755 897 5794 ossu
934 5755 951 5791 :

470 5812 584 5883 (l2)
626 5755 878 5880 Ἐκλογὴ.
931 5806 1189 5880 lnteiligit
1221 5806 1368 5864 haud
1401 5804 1566 5865 dubie
1597 5805 1770 5861 libros
1800 5804 1967 5859 Βασι-

2082 5451 2276 5517 λικῶν,
2312 5451 2367 5506 in
2400 5452 2624 5523 quibus,
2656 5451 2801 5523 quod
2825 5467 2855 5507 a
2887 5451 3087 5509 saeculo
3120 5450 3422 5509 Justiniani
3455 5451 3523 5510 ad
3555 5467 3657 5518 sua

2082 5532 2328 5595 tempora
2381 5521 2688 5595 desuetum
2733 5533 2870 5589 erat,
2911 5525 3254 5595 abrogatur:
3307 5525 3392 5580 his
3442 5531 3656 5579 tantum

2078 5594 2318 5666 selectis,
2341 5609 2462 5666 quae
2492 5594 2547 5648 in
2577 5610 2680 5650 usu
2708 5594 3035 5666 quotidiano
3071 5594 3245 5650 erant
3279 5596 3475 5666 posita.

2148 5663 2262 5734 (l5)
2293 5662 2440 5736 Lites
2470 5679 2575 5719 non
2611 5681 2675 5719 ex
2727 5662 2943 5735 legibus
2984 5662 3294 5736 abrogatis'
3315 5663 3654 5736 dirimenda.

2073 5731 2219 5788 Idem
2244 5731 2285 5787 'a
2310 5732 2532 5808 Iuliano
2558 5731 2922 5808 constitutum
2959 5737 2984 5808 §
3013 5737 3046 5789 5
3067 5777 3083 5799 ,
3115 5731 3330 5808 ξοιιιιὶι.
3377 5737 3441 5791 de
3494 5734 3661 5792 Justi-

2072 5820 2242 5860 naneo
2276 5805 2394 5860 cod.
2429 5816 2481 5862 et
2504 5803 2530 5876 ς
2554 5806 2607 5872 5,
2639 5805 2702 5860 de
2732 5803 3002 5862 emendat:
3032 5807 3150 5862 cod.
