4080 6302
443 375 543 442 ιιι

1697 369 1975 433 LEONIS
2012 368 2473 431 PHILOSOPHI

3605 357 3725 418 432

439 488 586 544 enim
606 486 828 558 dignum
861 493 970 553 est,
1005 491 1067 541 ut
1097 482 1195 556 qui
1221 481 1503 554 splrituali
1550 494 1784 542 ascensu
1835 492 2003 549 supra

2131 478 2250 535 ιετὰ
2304 479 2367 534 τὺ
2410 474 2761 549 ἀνυψωθῆναι
2811 474 2911 544 τῆς
2941 471 3265 543 σωματικῆς
3312 465 3724 528 ταπεινώσεως

441 579 691 651 corporis
735 577 1102 650 abjectionem
1132 583 1188 632 et
1246 574 1439 632 sordes
1499 574 1673 631 evecti
1719 580 1890 640 sunt,
1954 570 2008 624 bi

442 683 664 726 rursum
712 667 780 724 ad
821 665 1008 723 carnis
1041 666 1152 737 (50)
1203 663 1397 722 sordes
1431 664 1763 720 delabamur
1793 680 1808 716 :
1859 659 1953 717 sed
1979 675 2012 715 e

441 759 684 824 diverso,
700 767 779 832 ,θυι
807 757 1053 813 divinum
1092 755 1457 812 ministerium
1483 769 1552 810 ex
1589 754 1840 825 corporis
1889 767 2011 808 sor-

443 851 608 907 dibus
635 857 894 920 tanquam
931 849 985 904 in
1017 849 1186 903 altum
1226 848 1462 919 aliquem
1486 845 1717 918 gradum
1743 859 2012 902 conscen-

441 941 557 1008 dat,
589 941 1013 997 convenientius
1036 933 1222 995 fuerit.

937 1029 1402 1088 CONSTITUTIO
1432 1029 1522 1086 iV.

447 1119 518 1176 Ut
552 1137 656 1176 non
683 1121 838 1175 modo
888 1121 1203 1175 uniuersalis
1258 1118 1512 1174 Ecclesia:
1559 1115 1883 1181 sacerdotes.
1927 1135 2014 1174 ve-

513 1207 633 1245 rum
690 1193 851 1246 etiam
896 1192 986 1259 qui
1043 1189 1113 1243 ad
1166 1205 1531 1312 quamcunyue
1590 1205 1800 1244 sacram
1849 1188 2016 1244 adem

514 1262 798 1312 pertinent.
828 1260 876 1312 si
907 1261 964 1312 in
989 1261 1086 1312 hoc
1125 1271 1391 1312 vocentur.
1451 1260 1572 1312 icite
1600 1276 1756 1312 sacra
1814 1269 2014 1312 muste-

514 1262 798 1331 perlinent,
828 1260 876 1314 si
907 1261 964 1314 in
989 1261 1086 1314 hoc
1125 1271 1391 1325 vocentur,
1429 1260 1578 1331 licite
1600 1276 1756 1313 sacra
1814 1269 2014 1331 myste-

515 1276 798 1331 pertment,
828 1277 874 1314 ει
907 1277 964 1314 ιη
989 1276 1086 1314 noc
1125 1276 1391 1325 vocentur,
1429 1276 1572 1314 ucue
1600 1276 1756 1313 sacra
1814 1276 1860 1312 ιη
1904 1276 2014 1314 ste-

515 1333 601 1402 ria
633 1332 747 1402 (3!)
797 1346 1054 1400 exponere
1111 1331 1448 1401 divinumque
1491 1330 1693 1384 cultum
1755 1276 2017 1385 celegrare

510 1401 659 1456 domi
687 1401 892 1471 private
919 1402 1145 1470 possint.

512 1490 660 1549 Idem
691 1493 993 1565 imperator
1009 1492 1292 1564 Stephano
1310 1493 1566 1548 sanctiss.
1591 1492 2012 1565 Constantinop.

443 1584 860 1658 archiepisc0po
891 1592 949 1641 et
976 1585 1303 1657 patriarchae
1336 1585 1658 1641 universali.

517 1763 728 1822 Placuit
745 1764 1042 1828 veteribus,
1065 1771 1125 1818 ut
1142 1778 1264 1834 quae
1290 1760 1563 1819 sacriﬁcia
1592 1769 1647 1818 et
1673 1762 2017 1818 communio—

447 1874 548 1914 nes
575 1857 632 1912 in
657 1858 885 1929 privatis
903 1857 1114 1913 aedibus
1148 1856 1305 1922 ﬁunt,
1334 1858 1404 1913 ab
1444 1855 1554 1912 illis
1609 1855 2016 1920 sacerdotibus,

448 1950 542 2021 qui
592 1949 660 2004 ad
725 1950 1007 2022 generales
1063 1949 1326 2005 ecclesias
1385 1949 1696 2020 pertinent,
1747 1949 1880 2005 solis
1929 1963 2022 2003 ce-

452 2041 731 2098 lebrentur
753 2057 778 2110 ;.
814 2042 883 2097 ab
904 2042 1029 2097 aliis
1055 2056 1182 2097 vero
1237 2042 1333 2112 qui
1365 2043 1532 2098 alicui
1580 2041 1671 2096 alii
1726 2057 1896 2097 sacrae
1919 2041 2021 2096 aedi

451 2130 659 2186 addicti
689 2131 1030 2196 deserviunt,
1069 2132 1394 2204 privatoque
1424 2133 1550 2188 vita:
1587 2132 1641 2186 in
1689 2140 1832 2187 statu
1867 2142 2021 2197 sunt,

451 2232 512 2280 ut
538 2223 746 2280 nullum
770 2240 948 2295 neque
976 2225 1214 2281 oﬁicium
1265 2241 1442 2297 neque
1497 2226 1829 2283 sacriﬁcium
1862 2224 2025 2296 perﬁ-

451 2313 654 2369 ciatur.
682 2314 860 2384 Atque
881 2315 986 2370 hoc
1026 2314 1247 2385 quidem
1274 2323 1335 2371 ut
1379 2323 1708 2381 statuerent,
1743 2314 2026 2387 religionis

451 2407 848 2464 conservanda:
884 2421 1051 2462 causa
1085 2408 1140 2461 in
1193 2414 1431 2463 mentem
1475 2407 1587 2464 illis
1624 2408 1844 2464 venisse
1875 2407 2026 2462 vide-

453 2509 566 2567 tur,
601 2514 711 2569 quo
740 2498 998 2555 videlicet
1024 2499 1108 2570 (ut
1139 2498 1418 2568 conjicere
1443 2499 1551 2570 est)
1587 2499 1718 2555 dum
1772 2499 2026 2555 nonnulli

454 2593 752 2651 sacerdotii
786 2599 1056 2664 praetextu
1112 2591 1313 2648 letliale
1340 2590 1674 2648 defectionis
1709 2591 1911 2647 malum
1944 2600 2028 2645 te-

450 2691 608 2755 gunt,
657 2700 759 2740 usu
819 2697 930 2738 non
962 2682 1167 2750 veniat,
1202 2683 1279 2738 uti
1320 2679 1414 2753 qui
1447 2680 1721 2752 profanati
1766 2679 2027 2736 sacriﬁcii

454 2763 754 2847 particip-s
820 2773 1048 2839 fuerint,
1111 2774 1271 2844 longe
1347 2772 1519 2844 magis
1579 2772 2028 2827 contaminentnr

451 2883 616 2939 quam
668 2867 978 2938 expientur.
1036 2864 1140 2932 Qui
1192 2864 1438 2936 proiecto
1483 2878 1673 2919 eorum
1709 2862 1802 2932 qui
1840 2862 2030 2916 istius-

457 2961 601 3017 modi
640 2959 892 3031 religioni
919 2961 1234 3014 cautionem
1256 2955 1658 3029 excogitarunt,
1713 2955 2028 3024 propositus

458 3052 580 3108 ﬁnis
613 3051 719 3105 hoc
739 3051 859 3122 ipso
897 3049 1121 3105 nomine
1151 3047 1300 3118 quod
1354 3053 1725 3101 sacrosancta:
1757 3043 1880 3098 ﬁdei
1913 3052 2027 3098 sta-

2047 1816 2095 1876 B

2112 571 2219 627 ὁπδ
2259 570 2361 640 τῆς
2399 568 2780 639 πνευματικῆς
2803 557 3123 630 ἀναϐάσεως
3156 564 3384 626 τούτους
3410 561 3589 614 πάλιν
3620 559 3725 612 ἐπὶ

2110 663 2213 733 τὴν
2258 664 2529 735 σαρκικὴν
2567 661 2932 730 ταπεινότητα
2962 657 3359 719 καταπίπτειν,
3385 649 3723 706 τούναντίον

2113 753 2169 807 δὲ
2204 753 2404 824 μᾶλλον
2436 753 2544 826 χρὴ
2583 753 2660 816 ὡς
2691 752 2771 816 είς
2820 749 3090 805 ἀνάδασιν
3139 746 3352 819 ύιῐηλλὴν
3398 746 3500 816 τὴν
3553 741 3723 801 θείαν

2112 843 2457 917 λειτουργίαν
2487 846 2551 898 ὲκ
2573 843 2674 914 τῆς
2700 842 3022 914 σωματικῆς
3048 838 3435 909 ταπεινότητος
3463 831 3718 890 ἀναδαι-

2115 951 2251 991 νειν.
3188 983 3190 985 ,

2688 1025 2998 1081 ΔΙΔΤᾹΞΙΣ
3035 1026 3086 1077 Δ⁹
3102 1025 3121 1057 ⁸
3135 1023 3204 1078 ⁵³⁸.

2115 1120 2256 1191 Περὶ
2285 1120 2392 1175 τοῦ
2419 1119 2548 1175 δεῖν
2571 1120 2657 1190 μὴ
2683 1122 2877 1190 μόνον
2901 1118 3041 1191 τοὺς
3064 1113 3538 1191 τῆςριαᾷοᾼικῆς
3579 1114 3723 1191 Ἑκ-

2184 1185 2448 1259 ἇιλησίας
2469 1185 2664 1260 ὶερὲἴς,
2684 1185 2855 1245 ’ἀλλὰ
2880 1189 2980 1243 καί
3008 1185 3149 1260 τοὺς
3181 1186 3508 1260 ἐγᾼέζιὰσιξῃ
3544 1185 3720 1260 qua:

2186 1254 2579 1330 διαφέρόντᾶς
2605 1254 3180 1330 προσκαλουμένους
3194 1254 3383 1330 ἀδεῶς
3411 1256 3520 1330 τὰς
3543 1255 3725 1330 ἱερὰς

2182 1325 2604 1404 μυόντὰτωγίὰς
2628 1325 2726 1386 καὶ
2761 1325 3039 1398 ,λατρείας
3070 1328 3222 1382 οἴκοι
3250 1325 3643 1382 ἐπιτελεῖν¹⁷.

2201 1497 2263 1553 '0
2293 1496 2456 1560 αὐτὸς
2496 1494 2748 1567 βασιλεὺς
2776 1492 3039 1563 Στεφάνῳ
3081 1489 3162 1561 τῷ
3211 1487 3498 1559 ἁγιωτάτῳ
3547 1488 3723 1559 ἀρχι.

2120 1590 2404 1660 επισκόπῳ
2430 1584 3058 1649 Κωνσταντινουπόλεως
3089 1583 3187 1637 καὶ
3208 1580 3583 1654 οίκουμενικῷ
3607 1595 3724 1635 πα-

2119 1682 2377 1755 τριάρχῃ.

2192 1775 2318 1840 Τοῖς
2353 1773 2454 1845 μὲν
2484 1769 2858 1842 ἀρχαιοτέροις
2889 1767 3035 1834 εδοξε
3063 1769 3162 1832 τὰς
3189 1767 3313 1822 κατ’
3335 1764 3520 1829 οίκους
3553 1766 3721 1836 ἱερα-

2121 1867 2274 1932 τείας
2322 1865 2418 1919 καὶ
2463 1861 2712 1928 συνάξεις
2738 1861 2844 1916 ὑπὸ
2873 1860 3048 1932 μόνων
3066 1858 3404 1914 ἐκτελεῖσθαι
3442 1857 3558 1912 τῶν
3589 1857 3722 1920 ταῖς

2123 1950 2799 2021 καθολικαῖςἘκκλησίαις
2834 1947 3200 2021 διαφερόντων
3227 1945 3439 2020 ἱερέων.
3467 1942 3567 2014 ὑφ’
3593 1941 3722 1997 ἐτέ-

2124 2068 2234 2124 ρων
2274 2049 2352 2116 δὲ,
2383 2047 2433 2101 οἳ
2481 2046 2560 2118 τῷ
2602 2044 2737 2115 οἴκῳ
2778 2041 3240 2112 προσανάκεινται
3266 2039 3362 2094 καὶ
3392 2035 3721 2105 ίδιαζούσης

2122 2141 2447 2211 τυγχάνουσι
2474 2136 2590 2207 βίου
2613 2137 3019 2202 καταστάσεως,
3042 2136 3178 2204 μήτε
3199 2130 3544 2202 λειτουργίαν
3572 2129 3720 2200 μήτε

2121 2233 2245 2289 τινὰ
2274 2230 2550 2303 ἱερατείαν
2575 2227 2961 2284 ἐπιτελεῖσθαι.
2990 2225 3162 2281 Τοῦτο
3180 2225 3225 2279 δ’
3251 2223 3425 2278 έοικεν
3452 2222 3626 2277 ἕνεκά
3649 2237 3720 2290 γε

2122 2328 2222 2396 τῆς
2250 2326 2378 2397 περὶ
2420 2323 2521 2393 τὴν
2567 2321 2750 2376 πίστιν
2778 2317 3079 2389 ἀσφαλείας
3111 2318 3190 2383 είς
3219 2315 3473 2386 ἐνθύμιον
3522 2313 3722 2376 αὐτοῖς

2124 2417 2372 2473 ἑπελθεῖν
2395 2413 2776 2478 ἀποθεσπίσαι,
2793 2411 2868 2476 ὡς
2893 2411 2959 2465 ἂν
2985 2409 3081 2482 μὴ.
3097 2409 3173 2473 ὡς
3203 2407 3371 2473 εἰκὸς,
3396 2405 3562 2460 τινῶν
3593 2405 3720 2456 ἐπι-

2126 2509 2477 2582 κρυπτὸντων
2510 2503 2848 2566 ἀποστασίας
2872 2501 3093 2573 ὄλεθρον
3126 2502 3184 2554 ὲν
3217 2499 3296 2572 τῷ
3328 2498 3429 2569 τῆς
3476 2495 3720 2568 ἱερωσύ-

2125 2620 2223 2674 νης
2254 2603 2530 2673 σχήματι,
2562 2598 2848 2669 συμϐαίνοι
2877 2597 2999 2653 ἀντὶ
3026 2593 3123 2650 τοῦ
3153 2591 3475 2662 ἀγιάζεσθαι
3505 2590 3720 2662 μᾶλλον

2128 2693 2312 2747 πλεῖον
2342 2687 2702 2762 βεϐηλοῦσθαι
2739 2687 2866 2750 τοὺς
2893 2686 2991 2757 τῆς
3017 2683 3228 2740 ἐκείνου
3259 2682 3591 2754 μετέχοντας
3622 2680 3720 2733 ἀν·

2130 2785 2278 2858 ιέρου
2309 2782 2552 2853 τελετῆς.
2573 2781 2631 2835 ’0
2658 2779 2757 2851 μὲν
2778 2779 2870 2833 οὖν
2895 2775 3094 2840 σκοπὸς
3119 2774 3229 2828 τῶν
3262 2775 3354 2828 ἐπὶ
3386 2770 3515 2827 νοῦν
3554 2770 3717 2843 βαλο-

2131 2882 2308 2953 μένων
2333 2875 2433 2949 τὴν
2461 2875 2718 2945 τοιαύτην
2759 2873 3061 2941 ἀσφάλειαν
3104 2865 3493 2937 ἐπαινούμενός
3528 2882 3593 2920 τε
3619 2863 3719 2918 καὶ

2129 2971 2398 3042 ἀποδοχῆς
2426 2966 2574 3033 ἄξιος
2603 2965 2745 3021 κατὰ
2772 2963 2930 3017 τοῦτο
2956 2964 3039 3018 ὅτι
3070 2962 3132 3016 τὸ
3158 2959 3396 3031 ἀσφαλὲς
3422 2958 3522 3028 τῆς
3551 2959 3718 3011 εύσε-

2129 3060 2257 3125 6οῢς
2308 3058 2649 3131 προύνόησαν
2680 3055 2937 3119 πίστεως,
2962 3054 3100 3124 πλὴν
3133 3055 3193 3107 οὺ
3215 3053 3257 3086 ⁸⁸
3287 3051 3411 3106 καθ’
3441 3053 3570 3105 ὅσον
3601 3048 3736 3102 ένὸσ.

458 3138 799 3194 bilimentum
832 3135 1238 3202 adinvenerint,
1298 3134 1462 3190 simul
1497 3123 1810 3194 laudabilis,
1861 3131 2024 3188 simul

2132 3123 2298 3225 μισαν
2323 3123 2625 3222 παρασγεῐν
2656 3149 2754 3220 τὴν
2806 3123 3114 3218 ἀσφάλειαν
3151 3145 3248 3200 ἐπὶ
3277 3144 3534 3199 τοσοῦτον
3566 3143 3720 3196 ἐστιν

455 3229 932 3285 commendatione
982 3230 1181 3298 dignus
1230 3235 1335 3283 est.
1391 3225 1780 3282 Verumtamen
1837 3236 2028 3296 quate-

2135 3245 2261 3297 ίδείν
2290 3243 2354 3296 ὲκ
2385 3240 2478 3295 τοῦ
2515 3241 2680 3311 νόμου
2710 3237 3132 3312 περιγινομένην
3157 3236 3324 3308 αὐτὴν
3356 3236 3450 3290 καί⁵
3475 3237 3722 3289 ἐκτεινο-

457 3338 564 3378 nus
585 3337 644 3378 se
673 3321 990 3377 ﬁrmitatem
1038 3321 1302 3375 allaturos
1355 3319 1766 3382 existimarunt,
1799 3325 2028 3373 eatenus

457 3414 609 3470 illam
641 3428 709 3469 ex
741 3411 860 3483 lege
888 3426 1248 3482 promanasse
1287 3419 1454 3481 atque
1487 3425 1550 3466 se
1578 3411 1893 3466 extendisse
1919 3425 2026 3465 non

456 3506 667 3562 videas.
697 3503 744 3560 E
774 3504 994 3562 diverso
1020 3519 1151 3559 vero
1179 3503 1414 3559 subinde
1443 3502 1590 3558 illam
1646 3503 1822 3575 ipsam
1863 3503 2032 3573 legem

457 3596 818 3669 religiosiS'et
847 3595 1051 3652 divinis
1076 3595 1404 3652 ministeriis
1432 3610 1658 3667 operam
1702 3595 2033 3651 navantibus

458 3691 624 3748 etiam
651 3691 934 3746 adversari
968 3689 1334 3760 conspicitur.
1368 3687 1439 3745 Ut
1460 3697 1643 3744 autem
1673 3687 1917 3759 pollutus
1949 3702 2034 3742 sa-

460 3783 678 3851 cerdos,
712 3783 806 3855 qui
836 3791 1002 3839 notus
1058 3799 1167 3837 non
1200 3789 1307 3848 est,
1342 3782 1560 3852 pollutae
1616 3796 1732 3838 sua:
1774 3779 2034 3853 inquina-

464 3877 632 3934 tionis
661 3877 898 3947 aliquem
951 3876 1277 3946 participem
1323 3874 1518 3940 faciat,
1579 3874 1878 3943 verisimile
1922 3874 2034 3928 ior-

461 3979 608 4026 tasse
635 3979 721 4027 est
747 3969 1044 4041 aliquando
1095 3967 1145 4023 id
1179 3969 1440 4024 evenire:
1478 3983 1668 4023 verum
1716 3983 1825 4022 non
1860 3967 1936 4022 ita
1971 3980 2033 4023 ut

463 4077 680 4133 semper
710 4069 766 4118 et
800 4060 1027 4116 omnino
1080 4059 1191 4115 tale
1241 4058 1500 4130 quiddam
1541 4059 1846 4129 contingat.
1900 4059 2036 4126 Quis

460 4156 608 4212 enim
637 4155 820 4210 animo
848 4161 957 4210 tam
1008 4152 1156 4208 facili
1198 4161 1305 4220 est,
1333 4160 1560 4223 tamque
1616 4154 1800 4209 omnia
1833 4153 2038 4224 promi-

462 4261 595 4301 scua
626 4245 814 4310 habet,
848 4251 908 4299 ut
941 4260 1103 4315 quem
1144 4261 1254 4300 non
1285 4245 1434 4299 norit
1467 4245 1830 4312 sacerdOtem,
1863 4261 2039 4314 neque

461 4340 622 4410 cujus
644 4337 950 4409 religionis,
983 4354 1164 4408 neque
1227 4338 1432 4408 quibus
1474 4338 1722 4396 moribus
1754 4339 1848 4399 sit.
1893 4339 2039 4395 hunc

463 4433 532 4486 ad
572 4430 999 4487 sacriﬁcandum
1024 4430 1291 4486 advocet?
1315 4431 1555 4486 Rursum
1585 4447 1720 4488 vero
1760 4432 1854 4502 qui
1887 4431 2033 4488 ἀείο-

2145 3337 2333 3407 μένην.
2361 3333 2680 3388 Τούναντίον
2703 3332 2760 3388 δὲ
2787 3331 2934 3385 ἐστιν
2955 3331 3044 3384 ὅτε
3075 3330 3171 3384 καὶ
3195 3331 3306 3392 τοῖς
3335 3326 3588 3382 εύσεδέσι
3622 3325 3720 3381 καὶ
3748 3351 3750 3354 ν

2132 3428 2265 3500 περὶ
2293 3429 2392 3490 τὰς
2425 3426 2576 3489 Θείας
2603 3423 2944 3496 λειτουργίας
2972 3422 3212 3494 σπουδὴν
3242 3420 3603 3492 κεκτημένοις
3630 3419 3718 3471 έν-

2132 3517 2481 3589 αντιούμενος
2511 3519 2540 3571 ὁ
2568 3515 2730 3587 νόμος
2757 3516 2974 3588 δρᾶται.
2999 3513 3074 3567 Τὸ
3111 3513 3210 3586 μὲν
3238 3513 3348 3583 γὰρ
3372 3512 3464 3565 τὸν
3496 3509 3718 3581 ἀνίερον

2137 3611 2290 3683 ῑερέα
2337 3611 2412 3683 μὴ
2455 3608 2732 3681 γνώριμον
2782 3607 3188 3680 καθιστάμενον
3235 3603 3558 3678 μεταδοῦναί
3608 3599 3717 3657 τινί
3800 3613 3804 3617 ’

2135 3719 2266 3756 ποτε
2293 3703 2393 3772 τῆς
2429 3702 2623 3755 ἑαυτοῦ
2657 3701 2874 3772 ἀνιέρου
2899 3698 3274 3771 βεόηλώσεως,
3305 3696 3454 3761 είκδς
3483 3692 3718 3766 συμϐαί-

2134 3813 2248 3850 νειν
2277 3796 2343 3848 ἂν
2375 3794 2522 3859 ἴσως,
2554 3793 2691 3864 πλὴν
2717 3794 2814 3864 οὐχ
2840 3792 3014 3856 οὕτως
3046 3791 3188 3846 ὥστε
3218 3789 3406 3862 τρόπῳ
3431 3787 3595 3842 παντὶ
3615 3786 3715 3858 τὴν

2134 3886 2389 3956 τοιαύτην
2419 3887 2666 3956 γίνεσθαι
2710 3885 2772 3938 σύ
2783 3885 3000 3957 μΰασιν.
3028 3883 3124 3948 Τίς
3154 3883 3264 3955 γὰρ
3290 3881 3464 3946 οὕτως
3490 3877 3713 3941 εὔκολος

2136 3981 2235 4052 τὴν
2267 3982 2493 4050 γνώμην
2540 3980 2633 4034 xa‘t
2658 3979 2968 4050 ἀδιάφορος,
2998 3978 3072 4041 ὼς
3106 3976 3355 4048 ἱερᾶσθαι
3384 3973 3714 4046 προσκαλεῖν

2135 4072 2193 4126 ὃν
2227 4074 2326 4126 υύκ
2358 4067 2497 4124 οἶδεν
2525 4070 2706 4141 ἱερέα,
2751 4071 2842 4125 καί
2872 4064 2934 4124 οὗ
2963 4070 3056 4123 τοῦ
3085 4068 3428 4138 σεδάσματος
3477 4065 3572 4120 καὶ
3612 4061 3713 4130 τῆς

2137 4164 2410 4227 πολιτείας
2443 4163 2781 4236 καθέστηκεν
2808 4163 3059 4234 ἀμαθής;
3099 4161 3266 4214 Πάλιν
3306 4160 3366 4213 δὲ
3407 4157 3500 4212 καὶ⁸
3535 4157 3586 4211 οί
3615 4155 3713 4226 τὴν

2138 4255 2476 4309 ἀποστασίαν
2502 4253 2797 4316 θάλποντες
2827 4253 2922 4307 καὶ
2944 4253 3177 4324 ἀνιέρως
3209 4249 3576 4320 ίερατεύοντες
3612 4246 3714 4300 ούκ

2139 4347 2204 4400 ἂν
2236 4346 2313 4418 μὴ
2342 4346 2476 4416 πρὸς
2505 4345 2630 4408 τοὺς
2664 4345 2901 4420 οἰκείους
2943 4345 3040 4415 τῆς
3076 4342 3392 4404 δυσσεϐείας
3427 4339 3714 4412 βουλήσον-

2140 4456 2232 4493 ται
2264 4439 2536 4492 συνελθεῖν
2555 4455 2568 4467 '
2603 4437 2742 4491 ὥστε
2770 4436 2926 4508 ὃμὲν
2957 4435 3350 4506 ἀσφαλίζεσθαι
3376 4433 3404 4486 ὁ
3430 4433 3591 4502 νόμος
3630 4430 3714 4483 δο-

464 4524 704 4580 ctionem
746 4523 1070 4588 moliuntur,
1130 4539 1356 4594 remque
1408 4539 1624 4580 sacram
1680 4526 2028 4596 profanantel

2145 4533 2250 4591 κεῖ,
2279 4531 2338 4584 οὐ
2371 4529 2551 4593 καθὼς
2581 4529 2758 4594 ἔδοξεν
2785 4527 3379 4598 ἀσφα>.ίζεται.”Δλλῳς
3407 4525 3465 4580 δὲ
3485 4525 3597 4586 τοῖς
3622 4521 3716 4576 εύ-

463 4616 697 4684 faciunt,
733 4631 802 4672 ne
835 4617 916 4673 illi
949 4631 1074 4671 cum
1134 4615 1329 4671 alienis
1358 4616 1429 4671 ab
1481 4616 1759 4687 impietate
1795 4634 2042 4675 conven-

463 4719 554 4767 tus
584 4725 746 4782 agere
773 4727 881 4768 non
909 4710 1101 4773 velint,
1127 4718 1186 4764 ut
1229 4709 1376 4766 unde
1404 4710 1635 4766 stabiliri
1668 4712 1752 4766 lex
1802 4712 2040 4777 videtur,

463 4817 574 4856 non
616 4802 745 4858 inde
785 4802 1245 4873 quemadmodum
1294 4801 1663 4856 existimatum
1717 4802 1813 4869 sit,
1866 4805 2041 4859 stabi-

464 4895 653 4951 liatur.
685 4893 825 4950 Tum
856 4903 911 4950 et
945 4893 1287 4964 religiosisin
1311 4893 1497 4948 multis
1536 4893 1865 4950 utilitatibus
1904 4911 2040 4951 con-

2143 4623 2328 4676 σεδέσι
2359 4621 2557 4693 πολλῆς
2581 4621 2846 4690 ὠφελείας
2874 4620 3184 4692 εὑρίσκεται
3212 4617 3502 4689 γινομένης
3521 4617 3564 4648 ¹’
3610 4615 3712 4683 έμ-

2135 4716 2339 4769 ’ποδών.
2371 4714 2503 4786 Θείᾳ
2549 4713 2655 4785 γάρ
2703 4715 2888 4786 χάριτι
2921 4711 3120 4783 μικροῦ
3150 4709 3292 4765 κατά
3324 4710 3500 4763 πάντα
3540 4702 3711 4770 οἶκον,

2140 4808 2200 4861 ού
2230 4806 2390 4879 μόνον
2424 4807 2532 4862 τῶν
2553 4807 3052 4877 περιφανεστέρων,
3077 4803 3215 4858 ἀλλὰ
3240 4804 3336 4857 καὶ
3362 4801 3471 4856 τῶν
3501 4800 3711 4856 εὐτελε-

2141 4900 2371 4971 στέρων,
2397 4900 2700 4970 εὐκτηρίων
2749 4899 2915 4953 οῐκων
2946 4896 3400 4970 ἀνεγηγερμένων
3446 4892 3586 4964 Θεῷ,
3613 4892 3713 4963 τῆς

1729 5031 1818 5087 VA
1829 5032 1966 5087 811E.
2004 5033 2412 5092 LECTIONES.

541 5154 603 5184 ¹⁶⁶
634 5151 917 5229 ιτοιιᾶοιιιι·
951 5151 1348 5229 [tarmenopuli
1375 5153 1522 5229 Man:
1566 5153 1740 5229 legunt
1766 5155 1853 5229 egl.
1892 5156 2052 5229 {587,
2089 5157 2201 5213 lib:
2243 5177 2280 5226 ι,
2320 5161 2404 5214 tit.
2433 5157 2488 5228 3,
2526 5157 2689 5229 p,%5.

467 5226 704 5280 correxit
726 5222 1057 5293 Stephanus,
1085 5225 1243 5279 codd.
1261 5224 1398 5294 πλὴν
1425 5224 1538 5282 τοῦ.
1626 5225 1667 5257 ¹⁹
1693 5223 1884 5284 Melius
1910 5228 2046 5283 forte
2061 5222 2361 5301 γινόμενος.

2800 5157 2843 5189 ⁸⁷
2879 5155 2952 5213 cf.
2983 5153 3145 5219 infra,
3175 5169 3300 5212 nov.
3346 5169 3440 5210 xv.
3546 5150 3593 5224 ’ἦ
3620 5148 3711 5205 Sic

1965 5341 2198 5401 NOTAE.

541 5437 656 5509 (ὅθ)
702 5436 937 5509 Nuptias
985 5434 1264 5509 intelligit.
1304 5434 1449 5509 idem
1477 5451 1618 5509 pene
1671 5435 1873 5491 dicitur
1901 5438 1953 5493 in
1997 5439 2037 5495 l.

473 5505 563 5569 AM,
590 5505 686 5579 §l,
711 5522 854 5579 vers.
879 5505 1108 5579 Oportet
1133 5506 1268 5560 God.
1307 5507 1375 5579 de
1405 5507 1646 5579 episcop.
1681 5510 1825 5579 quod
1848 5524 2037 5577 parum

473 5575 704 5648 honeste
755 5575 959 5631 dictum
1004 5577 1273 5648 videtur;
1310 5575 1492 5644 τίμιος
1535 5577 1666 5648 γάρᾲ
1697 5579 1724 5630 ὁ
1756 5575 1930 5648 γάμος
1983 5582 2042 5632 ἐν

475 5651 630 5703 πᾶσι.
655 5647 790 5701 Heb.
809 5663 928 5708 xm,
953 5663 1096 5718 vers.
1117 5646 1166 5701 ιι.
1201 5646 1388 5718 Simile
1425 5657 1508 5701 est
1540 5646 1800 5718 quiddam
1825 5646 2038 5718 Syriaci

476 5723 606 5775 dist.
639 5719 729 5783 82,
752 5733 801 5772 c.
845 5719 898 5778 4,
953 5725 1008 5768 ot
1035 5715 1337 5771 Innocentii
1359 5716 1491 5770 dist.
1538 5716 1630 5781 28,
1653 5732 1702 5770 c.
1726 5717 1780 5781 9.,
1821 5715 1880 5772 et
1905 5720 2040 5775 Gre-

478 5791 614 5862 gorii
638 5789 766 5862 dist.
800 5789 889 5862 28,
921 5805 971 5842 c.
997 5789 1342 5862 Priusquam.

551 5860 662 5930 (3i)
707 5859 879 5931 ἰεράς
913 5858 1299 5930 μυσταγωγίας
1331 5857 1423 5910 καὶ
1453 5857 1730 5926 λατρείας,
1756 5860 1802 5916 si
1836 5868 1909 5916 ita
1936 5870 2039 5923 est,

2145 5442 2366 5498 Novella
2415 5440 2712 5497 Justiniani
2769 5438 2835 5494 58
2871 5439 3190 5506 abrogatur.
3223 5433 3469 5506 lntcrim‘
3498 5433 3601 5487 hoc
3634 5431 3711 5483 vi-

2146 5515 2306 5569 detur
2353 5513 2581 5566 innuere
2642 5511 2912 5565 sacerdoti
2949 5503 3178 5578 privatis
3213 5506 3265 5561 in
3303 5503 3559 5578 domibus
3595 5518 3710 5578 pero-

2146 5585 2285 5638 mitti
2320 5581 2569 5654 ἱερᾶσθαι
2623 5583 2729 5654 καὶᾼ
2776 5572 3182 5654 μυσταγωγείν,
3231 5577 3450 5654 utdth
3488 5572 3705 5654 Novella

2147 5643 2419 5724 pertineat
2461 5655 2527 5706 ad
2554 5643 2833 5724 sacriﬁcia
2852 5659 2906 5704 et
2953 5643 3485 5724 adn—linistrationem
3553 5643 3701 5724 verbi

2144 5710 2265 5787 cap.
2290 5724 2534 5781 Clericos
2559 5724 2688 5777 diSI.
2717 5724 2767 5786 l,
2801 5721 2871 5778 de
2891 5729 3220 5787 cuusccrat.,
3254 5727 3313 5773 ut
3335 5727 3389 5772 et
3431 5713 3566 5771 Nov.
3621 5710 3706 5775 15,

2150 5794 2293 5851 infra
2327 5795 2396 5851 ad
2412 5794 2764 5864 baptismum.
