4058 6294
512 373 620 441 435

1744 378 2019 442 LEONIS
2052 381 2516 448 PHILOSOl’Hl

3671 379 3770 446 436

508 505 537 542 a
582 486 830 561 principe
886 487 1098 544 lumine
1130 487 1461 543 collocatum
1516 488 1725 555 lumen)
1756 488 1966 555 dixisti,
2010 506 2079 545 an

2190 493 2453 567 θειμένον.
2482 499 2707 568 ἀπορεῖν
2755 497 2912 566 ἔφης,
2945 494 3031 551 οἷα
3081 498 3147 569 δὴ
3196 495 3395 566 νέφους
3428 496 3531 564 τῆς
3562 495 3771 549 ἐκεῖθεν

507 584 902 640 constitutione
929 582 1069 639 facta
1099 584 1398 640 monachos
1449 583 1764 640 istiusmodi
1809 585 2079 639 honorum

508 676 763 733 dominos
804 676 1082 748 designari
1127 685 1430 748 oporteret,
1489 693 1558 732 an
1619 694 1750 732 vero
1808 679 1959 748 ipsos
2014 677 2084 732 ab

509 768 727 824 illorum
753 768 1002 825 dominio
1049 771 1221 824 arceri
1247 771 1599 824 conveniret:
1630 771 1891 824 nimirum
1934 769 2080 840 quod

510 873 775 932 tanquam
835 863 1030 928 nubes,
1089 878 1210 932 quae
1269 864 1429 918 istinc
1465 864 1796 934 ambiguitas
1842 865 2082 929 exsistit,

506 956 741 1012 rationis
773 957 977 1021 radios,
1009 973 1117 1027 quo
1150 971 1334 1012 minus
1369 957 1659 1026 perspicue
1706 971 1769 1011 ea
1807 971 1895 1012 res
1936 958 2083 1026 diju-

505 1046 678 1102 tlicari
713 1048 908 1118 possit,
938 1048 1136 1119 subeat
1155 1055 1211 1102 et
1231 1047 1459 1103 oﬂ‘uscet
1483 1066 1496 1102 :
1521 1050 1782 1118 quoniam
1810 1047 2084 1118 (inquam)

506 1140 575 1196 de
641 1140 746 1196 hoc
785 1141 1316 1209 dubitantesvariis
1362 1157 1466 1197 nos
1496 1141 1964 1212 postulationibus
2017 1143 2084 1194 ad

511 1227 676 1297 hujus
704 1227 780 1282 rei
810 1228 1320 1284 considerationem
1387 1245 1494 1283 una
1559 1231 1840 1284 vobiscum
1909 1229 2084 1286 susci-

508 1319 763 1389 piendam
798 1322 1000 1376 hortati
1037 1323 1208 1378 estis:
1252 1339 1375 1388 nos,
1412 1331 1470 1377 ut
1500 1323 1552 1376 in
1605 1324 1750 1389 aliis,
1809 1323 1881 1376 ita
1911 1333 1962 1376 et
1998 1322 2084 1376 hic

510 1412 909 1470 sacerdotalem
937 1425 1084 1469 luam
1121 1415 1452 1484 dignitatem
1507 1425 1853 1481 venerantes,
1899 1415 1964 1469 ad
1992 1431 2085 1470 sa-

507 1504 880 1565 tisfactionem
948 1505 1236 1577 petitionis
1298 1517 1403 1562 tua:
1437 1487 1804 1580 accingimur.
1869 1508 1947 1561 Ac
1992 1507 2085 1560 illa

509 1596 727 1664 quidem
759 1597 993 1666 primum
1023 1613 1052 1652 a
1086 1599 1247 1654 nobis
1279 1600 1562 1663 dicantur,
1613 1616 1734 1670 quae
1794 1615 1824 1652 a
1879 1599 2086 1654 veteri-

507 1690 614 1747 hus
632 1686 745 1760 (57)
769 1689 960 1747 deillis
985 1691 1077 1761 qui
1110 1706 1168 1746 se
1187 1691 1298 1763 jam
1321 1693 1373 1746 in
1401 1692 1761 1748 monasticam
1789 1691 2085 1763 rempubli-

508 1796 627 1835 cam
670 1782 781 1852 (38)
846 1783 1048 1838 ascribi
1093 1784 1307 1851 volunt,
1360 1786 1666 1840 constituta
1709 1796 1838 1841 sunt
1891 1804 1904 1840 :
1974 1787 2083 1842 illis

510 1889 704 1945 nempe
735 1873 805 1930 de
835 1876 1003 1932 rebus
1057 1877 1173 1932 suis
1239 1878 1395 1947 prius
1461 1879 1772 1933 testandum
1832 1895 1976 1946 esse,
2023 1862 2159 1934 acB

509 1968 712 2026 deinde
745 1966 810 2023 ad
851 1970 1208 2039 concupitum
1248 1972 1372 2024 vita:
1421 1971 1736 2025 institutum
1781 1973 2084 2041 proceden-

509 2057 663 2122 dum,
694 2074 795 2114 nec
813 2060 1233 2130 dispositionem
1281 2077 1463 2115 rerum
1493 2077 1719 2117 suarum
1750 2064 1875 2118 vita:
1907 2075 2088 2118 muta-

512 2151 660 2205 tione
687 2150 1122 2222 anticipandam.
1163 2150 1294 2205 Nam
1332 2153 1378 2208 si
1414 2152 1520 2207 hoc
1564 2153 1636 2206 ita
1676 2153 1930 2209 evenisse
1955 2169 2088 2209 con-

512 2248 642 2304 stet,
672 2257 780 2296 nou
814 2243 1054 2313 amplius
1103 2243 1240 2313 ipsis
1285 2242 1399 2313 jam
1455 2245 1659 2306 tonsis,
1699 2255 1757 2300 ut
1803 2244 1870 2300 de
1924 2248 2088 2301 rebus

509 2333 630 2390 suis
661 2335 960 2405 quidquam
993 2342 1241 2392 statuant
1287 2338 1711 2407 permittendum
1771 2353 1931 2394 esse:
1969 2353 2088 2392 om-

511 2437 747 2498 nemque
773 2428 1166 2496 substantiam,
1189 2430 1240 2483 in
1272 2445 1377 2497 qua
1408 2432 1641 2487 ecclesia
1663 2432 1807 2488 tonsi
1827 2442 1976 2498 sunt,
2009 2431 2087 2486 illi

506 2536 816 2576 cessuram.
854 2521 1008 2589 Quod
1031 2539 1164 2578 sane
1197 2522 1265 2578 de
1286 2521 1355 2578 iis
1386 2524 1479 2594 qui
1513 2525 1680 2578 vitam
1730 2525 2087 2580 monasticam

504 2614 618 2684 jam
659 2614 972 2679 subierunt,
999 2614 1286 2670 decretum
1316 2615 1492 2686 (extra
1517 2633 1682 2687 quam
1714 2620 1761 2673 si
1796 2619 1953 2696 liberi
1996 2620 2088 2690 qui

509 2707 884 2763 hereditatem
919 2715 1132 2780 petant,
1166 2709 1466 2777 supersint)
1510 2718 1566 2763 et
1609 2711 1900 2781 Optimum,
1923 2719 1980 2768 et
2015 2712 2090 2767 ita

511 2809 566 2853 ut
595 2814 758 2854 nemo
785 2800 966 2872 possit
989 2801 1211 2864 melius,
1242 2803 1606 2858 constitutum
1651 2811 1773 2859 est:
1835 2813 1950 2858 tum
1991 2819 2092 2860 nec

509 2890 634 2946 addi
683 2905 785 2947 nec
820 2891 987 2946 adimi
1028 2891 1105 2947 illi
1157 2893 1455 2964 quidquam
1505 2906 1691 2965 queat.
1748 2894 1958 2951 Etenim
1994 2898 2090 2968 qui

508 2992 639 3039 ante
673 2991 935 3039 mutatam
963 2985 1090 3041 vitae
1114 2988 1567 3052 rationem,’cum
1599 2989 1870 3044 bonorum
1905 2990 2095 3061 dispo-

508 3074 767 3129 sitionem
801 3075 857 3128 in
925 3075 1160 3129 arbitrio
1199 3091 1302 3131 suo
1342 3079 1580 3148 positam
1621 3079 1868 3145 haberet,
1912 3081 1980 3135 de
2027 3080 2094 3137 iis

508 3173 750 3222 statuere
773 3167 1036 3234 noluerit,
1076 3169 1274 3224 merito
1300 3171 1650 3239 postmodum
1677 3171 1729 3226 id
1759 3171 1951 3227 facere
1964 3189 2088 3243 pro-
2109 3208 2159 3267 ε

507 3259 750 3324 hibetur,
784 3270 841 3314 ut
865 3260 957 3330 qui
993 3275 1052 3314 se
1091 3261 1209 3330 ipse
1236 3263 1289 3315 in
1319 3261 1418 3317 has
1447 3263 1734 3334 angustias
1765 3264 2085 3333 conjecerit.

507 3346 804 3424 Propterea
839 3353 985 3409 enim
1016 3353 1161 3423 quod
1189 3371 1312 3411 cum
1369 3357 1581 3410 licitum
1627 3358 1731 3428 ipsi
1756 3367 1906 3414 esset
1950 3376 2092 3431 prae~

506 3451 800 3520 disponere
824 3467 911 3507 res
936 3467 1066 3506 suas
1091 3458 1422 3507 testamento
1443 3453 1707 3520 noluerit,
1741 3454 1864 3522 ejus
1891 3465 2085 3524 postea

511 3543 745 3600 l‘ariendi
784 3544 1126 3612 facultatem,
1151 3552 1414 3616 tanquam
1463 3547 1534 3602 ab
1567 3547 1688 3618 ipso
1747 3547 2088 3615 damnatam,

508 3635 612 3690 sibi
639 3635 843 3700 adimi,
903 3635 954 3689 id
999 3653 1131 3692 vero
1179 3637 1304 3705 jure
1355 3639 1515 3707 longe
1567 3641 1777 3710 optimo
1827 3642 2086 3696 sustinet.

504 3727 850 3799 Caeteroquin
882 3732 1066 3796 etiam,
1107 3733 1378 3801 quomodo
1413 3747 1518 3785 non
1568 3732 1866 3788 absurdum
1902 3734 2087 3797 fuerit,

508 3819 553 3873 si
584 3820 677 3886 qui
705 3837 763 3876 se
811 3822 880 3875 ab
933 3821 1100 3889 hujus
1151 3823 1274 3878 vita:
1304 3824 1453 3880 curis
1491 3823 1818 3892 sejunxerit,
1871 3825 2086 3880 illarum

506 3914 686 3968 adhuc
725 3930 867 3969 onus
903 3914 1151 3982 sufferat,
1212 3917 1451 3988 indeque
1495 3931 1855 3988 promanante
1916 3920 2086 3974 mole-

506 4003 611 4057 stia
655 4004 970 4072 prematur?
995 4003 1222 4058 Liberos
1247 4007 1438 4074 igitur,
1471 4009 1565 4076 qui
1605 4009 1656 4061 in
1685 4010 2084 4062 monachorum

506 4112 796 4152 numerum
873 4100 1151 4167 ascriptus
1223 4107 1310 4153 est
1392 4099 1880 4170 (quemadmodum
1949 4103 2086 4172 dixi)

505 4184 728 4256 quando
759 4203 868 4241 non
907 4189 1091 4250 habet,
1122 4203 1228 4242 non
1260 4188 1511 4259 profecto
1547 4191 1651 4245 hoc
1673 4191 1956 4246 decretum
1989 4193 2086 4247 dc-

505 4286 662 4334 creto
692 4277 849 4332 alteri
882 4278 1066 4336 cedat.
1104 4277 1176 4332 At
1203 4280 1247 4334 si
1289 4280 1443 4334 liberi
1480 4282 1757 4350 supersint
1785 4284 1916 4352 (non
1937 4283 2083 4337 enini

506 4375 641 4421 tunc
677 4367 802 4423 illos
831 4378 1057 4440 propter
1081 4371 1329 4440 parentis
1360 4372 1642 4426 silentium
1690 4371 1892 4427 damno
1943 4374 2082 4429 allici

505 4459 590 4515 fas
626 4467 822 4528 esset),
885 4447 1266 4518 non'oninino
1318 4464 1631 4519 teslamrnti
1674 4465 2082 4524 ordinationem

2189 588 2519 658 ἀμφιϐολίας
2552 588 2960 660 ὑποτρεχούσης
2990 589 3088 652 τὴν
3122 590 3318 644 ἀκτῖνα
3361 584 3457 639 τοῦ
3503 585 3768 656 λογισμοῦ

2189 681 2327 752 πρὸς
2360 682 2421 736 τὸ
2447 683 2652 755 τρανὴν
2676 682 2913 752 ἐκφῆναι
2952 681 3250 754 διάκρισιν,
3284 681 3394 733 εἴτε
3447 678 3628 749 δεήσοι
3675 680 3772 748 τῆς

2186 777 2442 847 τοιαύτης
2495 776 2809 848 περιουσίας
2869 775 3090 846 κυρίους
3128 770 3269 834 εἶναι
3317 772 3445 836 τοὺς
3501 771 3772 841 μοναστάς

2188 869 2459 922 ποιεῖσθαι
2494 868 2737 934 διάταξιν
2758 908 2774 933 ,
2810 869 2922 922 εἴτε
2955 865 3189 920 κωλύειν
3234 862 3383 930 ἀξιον
3434 861 3631 925 αὐτοὺς
3676 862 3772 931 τῆς

2187 958 2274 1011 ἐπ’
2303 959 2440 1029 αὐτῇ
2491 959 2842 1030 κυριότητος·
2896 957 3020 1010 ἐπεὶ
3052 952 3147 1010 οὖν
3177 954 3307 1024 περὶ
3340 951 3500 1006 τοῦτο
3516 951 3562 984 ⁸³
3604 954 3774 1021 ἀμφι-

2189 1051 2476 1116 ϐάλλοντες
2511 1051 2790 1122 διαφόροις
2827 1051 2971 1120 ἡμᾶς
3009 1048 3323 1118 ὲξαιτήσεσι
3353 1047 3492 1116 πρὸς
3521 1043 3622 1114 τὴν
3653 1040 3774 1096 ἐπίο

2190 1148 2381 1216 σκεψιν
2404 1145 2929 1216 συναντιλαμϐάνειν
2961 1138 3685 1215 προύτρεψασθε,τιμῶντες
3699 1135 3776 1199 ὡς

2187 1243 2245 1293 ὲν
2277 1241 2390 1302 τοῖς
2427 1239 2606 1302 ἄλλοις
2654 1237 2796 1292 οὕτω
2841 1236 3119 1291 κάνταῦθα
3169 1236 3267 1306 τήν
3312 1233 3468 1302 ὑμῶν
3494 1231 3772 1301 ίερότητα,

2187 1331 2325 1401 πρὸς
2368 1330 2466 1397 τὴν
2519 1328 2868 1400 ἐκπλήρωσιν
2912 1322 3296 1394 καθιστάμεθα
3326 1321 3420 1374 τοῦ
3451 1319 3772 1388 αἰτήματος.

2199 1421 2414 1474 Ἐκεῖνα
2442 1419 2497 1471 δὲ
2527 1419 2739 1488 πρῶτον
2767 1417 3008 1490 εἰρήσθω
3032 1418 3186 1488 ἡμῖν,
3215 1414 3315 1468 ὅσα
3343 1429 3408 1482 γε
3451 1412 3567 1473 τοῖς
3600 1407 3773 1462 πάλαι

2187 1511 2532 1583 διώρισταιίδ
2563 1511 2690 1579 περὶ
2737 1510 2848 1563 τῶν
2889 1510 3016 1580 ἄρτι
3069 1506 3439 1578 βουληθέντων
3491 1501 3628 1572 πρὸς
3677 1497 3776 1568 τὴν

2191 1604 2399 1672 μονήρη
2432 1599 2836 1671 μετατάξασθαι
2877 1597 3154 1652 πολιτείαν
3199 1598 3217 1665 (
3244 1595 3387 1665 φημὶ
3418 1591 3485 1664 δὴ
3519 1590 3650 1662 περὶ
3679 1586 3774 1642 τοῦ

2188 1691 2455 1763 πρότερον
2510 1691 2709 1752 αὐτοὺς
2743 1688 2813 1742 τὰ
2844 1690 3022 1743 οἰκεῖα
3070 1688 3370 1758 πράγματα
3413 1680 3773 1740 διατίθεσθαι.

2187 1782 2332 1836 οὕτω
2375 1799 2434 1836 τε
2485 1781 2622 1854 πρὸς
2669 1781 2768 1850 τὴν
2814 1778 3262 1850 ἐπιθυμουμὲνην
3306 1777 3592 1847 προσιέναι
3621 1771 3773 1829 πολι-

2191 1877 2364 1938 τείαν.
2391 1853 2528 1930 ἀλλά
2558 1875 2632 1947 μὴ
2663 1874 3070 1946 προλαμϐάνειν
3094 1872 3194 1944 τὴν
3216 1869 3522 1943 μεταϐολὴν
3539 1866 3635 1938 τοῦ
3655 1865 3776 1936 βίου

2189 1969 2287 2038 τὴν
2317 1967 2450 2038 περ).Δ
2492 1966 2600 2019 τῶν
2647 1964 2992 2036 πραγμάτων
3040 1947 3307 2027 διάταξιν,
3332 1960 3407 2025 ὼς
3441 1960 3495 2011 εῐ
3520 1974 3584 2026 γε
3617 1955 3778 2008 τοῦτο

2189 2059 2332 2114 οὕτω
2371 2059 2668 2130 συμϐαῖνον
2699 2058 2917 2130 ὀφθείη,
2945 2056 3132 2111 οὐκέτι
3165 2052 3631 2124 ἀποκειραμένοις
3680 2049 3777 2102 αὐξ-

2189 2156 2301 2218 τοίς
2333 2154 2772 2224 ἐπιτραπήσεται
2815 2153 2848 2222 ή
2886 2147 3152 2215 διάταξις,
3180 2147 3316 2202 ἀλλά
3347 2145 3591 2219 χωρήσει
3623 2142 3778 2202 πᾶσα

2190 2247 2225 2316 ή
2260 2243 2493 2316 ὕπαρξις
2539 2246 2618 2308 είς
2666 2243 2764 2317 τὴν
2811 2245 2867 2296 ἐν
3000 2241 3367 2312 ἀπεκείραντο
3415 2233 3774 2308 ἐκκλησίαν),

2188 2340 2362 2394 ταῦτα
2389 2340 2451 2411 δὴ
2485 2339 2553 2395 τὰ
2583 2339 2709 2410 περὶ
2741 2336 2849 2390 τῶν
2879 2336 3003 2406 ἄρτι
3036 2334 3373 2404 προσιόντων
3392 2329 3472 2403 τῷ
3497 2326 3776 2401 μοναδικῷ

2194 2437 2293 2509 βίῳ
2325 2435 2659 2510 διωρισμένα
2690 2434 2768 2506 (εί
2815 2435 2889 2504 μὴ
2923 2431 3110 2495 παῖδες
3138 2428 3361 2502 πάρεισι
3386 2425 3485 2498 τήν
3516 2424 3775 2494 κληρονο-

2196 2529 2325 2600 μίαν
2357 2528 2648 2590 καλοῦντες
2672 2529 2691 2596 )
2737 2524 2936 2597 ἀριστά
2964 2541 3024 2577 τε
3054 2522 3150 2576 καὶ
3176 2521 3252 2586 ὡς
3274 2520 3374 2574 οὐκ
3418 2517 3483 2572 ἄν
3525 2534 3613 2580 τις
3641 2514 3773 2585 φαίη

2191 2621 2414 2692 ἄμεινον
2442 2620 2813 2682 διατέτακται,
2843 2616 2940 2670 καὶ
2967 2613 3093 2669 οὔτε
3121 2631 3177 2667 τι
3213 2610 3530 2684 προσθεῖναι
3564 2608 3775 2668 τούτοις

2191 2711 2302 2766 οὔτ’
2333 2711 2552 2780 ἀφελεῖν
2599 2711 2694 2766 ἀπ’
2733 2709 2915 2763 αὐτῶν
2971 2709 3140 2763 ἐστιν.
3172 2706 3284 2762 Καὶ
3311 2702 3421 2776 γὰρ
3471 2703 3499 2756 ὁ
3549 2700 3656 2772 πρὸ
3679 2697 3775 2753 τοῦ

2191 2805 2475 2876 διαμεῖψαι
2505 2804 2606 2876 τὴν
2631 2803 2910 2857 πολιτείαν
2941 2802 2999 2855 ἑν
3034 2802 3100 2872 τῇ
3128 2798 3338 2853 ἐκείνου
3361 2796 3559 2872 γνώμη
3583 2793 3776 2863 κειμέ-

2194 2913 2294 2968 νην
2324 2896 2462 2966 ἔχων
2485 2897 2601 2964 τὴν,
2631 2894 2740 2947 τῶν
2783 2892 3139 2964 ὑπαρχόντων
3165 2890 3452 2961 διοίκησιν,
3494 2885 3658 2942 τοῦτο
3699 2885 3775 2955 μὴ

2198 2986 2478 3061 βουληθεὶς
2499 2983 2922 3057 διαπράξασθαι,
2951 2983 3179 3046 εἰκότως
3212 2981 3351 3053 μετά
3371 2978 3548 3034 ταῦτα
3577 2977 3780 3047 ἀπείρ-

2197 3097 2352 3150 γεται
2384 3079 2486 3147 τῆς
2526 3076 2847 3148 ἐπιτροπῆς,
2884 3075 3046 3137 αὐτὸς
3077 3072 3270 3128 ἑαυτὸν
3292 3073 3373 3135 είς
3403 3070 3561 3124 to'trro
3607 3085 3781 3123 κατα-

2202 3170 2437 3241 στήσας·
2482 3165 2549 3220 δι’
2570 3159 2643 3220 ὧν
2675 3168 2784 3236 γὰρ
2822 3166 2920 3220 οὐκ
2971 3163 3237 3237 ἐϐουλήθη
3287 3162 3408 3234 ἐξὸν
3459 3159 3608 3238 αὐτῷ
3641 3177 3775 3237 προο

2189 3260 2519 3333 διῳκηκέναι
2562 3260 2630 3315 τὰ
2667 3260 3006 3330 πράγματα,
3059 3258 3156 3328 τὴν
3187 3258 3328 3330 μετά
3355 3255 3528 3311 ταῦτα
3557 3255 3661 3325 τῆς
3695 3254 3778 3318 ἐξ·

2187 3353 2377 3417 ουσίας
2403 3351 2696 3423 ἀφαίρεσιν
2731 3350 2798 3404 δι’
2825 3349 3018 3404 ἑαυτοῦ
3054 3345 3574 3419 καταψηφιζομένην
3619 3345 3777 3398 εὐλό-

2189 3464 2303 3518 γως
2335 3445 2738 3517 φέρει.”Αλλως
2778 3461 2838 3498 τε
2887 3442 2945 3496 δὲ
2992 3445 3086 3496 καὶ
3131 3441 3249 3506 πῶς
3297 3442 3398 3494 οὐκ
3431 3438 3657 3500 ἄτοπον,
3685 3437 3778 3491 τὸν

2189 3537 2604 3606 ἀποταξάμενον
2651 3537 2771 3597 ταῖς
2811 3533 2906 3587 τοῦ
2955 3533 3071 3604 βίου
3104 3533 3384 3604 φροντίσιν
3431 3530 3510 3584 ἔτι
3560 3529 3622 3583 τὸ
3668 3529 3777 3583 τῶν

2192 3627 2486 3700 φροντίδων
2530 3627 2717 3700 φέρειν
2749 3625 2968 3698 φορτίον
2998 3626 3091 3680 καὶ
3122 3624 3202 3698 τῷ
3232 3624 3442 3678 ἐκεῖθεν
3469 3623 3626 3696 βάρει
3657 3622 3778 3676 ms-

2191 3721 2416 3789 ζεσθαι;
2451 3720 2713 3784 ’Δπαιδος
2766 3720 2866 3790 μὲν
2911 3715 3027 3783 οὖν,
3051 3717 3241 3790 ὥσπερ
3290 3717 3457 3788 ἔφην,
3493 3716 3646 3780 ὄντος
3683 3714 3776 3770 τοῦ

2190 3816 2328 3887 πρὸς
2361 3815 2631 3886 μοναχοὺς
2665 3811 3133 3884 μεταταξαμένου,
3157 3811 3298 3882 αὕτη
3321 3813 3355 3882 ή
3383 3811 3562 3882 ψῆφος
3585 3809 3692 3863 οὐκ
3711 3810 3778 3864 ἂν

2191 3907 2496 3978 ὑπεκσταίη
2522 3906 2691 3978 ψήφῳ
2725 3905 2916 3977 ἑτέρᾳ·
2951 3907 2998 3958 εί
3043 3905 3098 3959 δὲ
3136 3904 3354 3976 πάρεισι
3388 3904 3574 3966 παῖδες
3615 3901 3776 3976 (τότε

2190 4002 2299 4074 γὰρ
2337 4001 2436 4071 οὐχ
2466 4001 2614 4053 ὅσιον
2660 3998 2892 4070 ζημιοῦν
2920 3999 3164 4062 ἐκείνους
3205 3999 3295 4052 διὰ
3322 3997 3421 4070 τὴν
3450 3995 3544 4050 τοῦ
3571 3998 3776 4066 γονέως

2192 4094 2394 4166 σιγὴν),
2423 4095 2484 4146 οὑ
2517 4091 2751 4146 κωλύσει
2781 4091 3062 4155 παντελῶς
3089 4092 3189 4163 τήν
3230 4090 3474 4155 διάταξιν
3513 4090 3575 4144 τδ
3606 4094 3783 4160 μονα-ί

2187 4187 2336 4241 δικὸν
2387 4188 2571 4256 σχῆμα
2592 4226 2607 4250 ,
2643 4185 2779 4240 ἀλλά
2812 4185 2991 4256 δῆλον,
3020 4185 3097 4249 ὼς
3149 4184 3460 4250 διατάξεται
3510 4184 3613 4257 μὲν
3647 4184 3776 4256 περὶ

2188 4280 2298 4334 τῶν
2344 4278 2550 4350 μερῶν,
2581 4278 2617 4332 ἃ
2646 4282 2759 4342 τοῖς
2801 4280 2990 4332 παισὶν
3025 4279 3112 4350 ἴσῃ
3163 4280 3258 4332 καὶ
3291 4279 3509 4357 νομίμῳ
3541 4278 3772 4348 διανομῇ

2190 4371 2736 4444 ὑποκληρωθήσεται,
2769 4372 2864 4425 τοῦ
2915 4371 2970 4424 δὲ
3008 4371 3207 4442 μέρους
3245 4368 3339 4423 τοῦ
3385 4371 3522 4440 πρὸς
3568 4369 3776 4423 ἐκεῖνον

2188 4465 2421 4537 ὁρῶντος
2446 4465 2812 4534 ἀποστήσεται
2843 4464 2876 4534 ή
2903 4462 3148 4529 διάταξις
3173 4501 3188 4526 ,
3224 4460 3301 4524 ὡς
3329 4460 3644 4530 ὁλοκλήρως
3674 4459 3776 4512 αύ-

507 4555 866 4612 inonachicus
914 4557 1135 4613 habitus
1194 4557 1511 4628 impediat:
1571 4559 1668 4613 sed
1725 4561 2078 4617 manifestum

2190 4556 2283 4613 τοῦ
2315 4556 2393 4629 τῷ
2422 4557 2770 4628 μοναστηρίῳ
2795 4557 3112 4627 ἀνήκοντος.
3131 4554 3293 4607 Ἀλλά
3337 4554 3434 4607 καὶ
3467 4556 3517 4606 εἰ
3545 4552 3773 4613 θάνατος

505 4650 756 4720 estquod
793 4650 906 4722 (59)
944 4652 1013 4706 de
1043 4650 1340 4706 liberorum
1373 4651 1721 4721 portionibus
1757 4654 1948 4708 testari
1983 4671 2085 4725 po-

2190 4645 2299 4722 (οἷα
2330 4648 2498 4705 πολλά
2531 4649 2600 4704 τὰ
2629 4647 2965 4720 ἀνθρώπινα)
2994 4647 3262 4718 σύντομος
3288 4643 3518 4708 ὲπιστάς
3545 4647 3644 4715 τὴν
3663 4643 3772 4696 τῶν

507 4743 656 4807 terit,
689 4758 812 4811 qua
843 4743 953 4798 illis
985 4743 1240 4812 aequabili
1290 4745 1643 4815 legitimante
1692 4743 1971 4803 divisione
2002 4757 2088 4802 at-

2190 4743 2532 4817 πραγμάτων
2581 4741 2943 4815 μεσολαϐήσει
2988 4741 3271 4812 διανομὴν,
3299 4739 3408 4793 οὐδ’
3438 4737 3614 4803 οὕτως
3636 4755 3771 4790 παν-

507 4833 844 4889 tribuentur.
890 4835 1022 4902 Quae
1050 4851 1177 4890 vero
1233 4851 1362 4906 pars
1393 4837 1456 4890 ad
1504 4835 1681 4906 ipsum
1733 4839 1981 4908 respicit,
2030 4840 2084 4896 in

2190 4838 2357 4901 τελῶς
2387 4835 2832 4909 ἀπαρρησίαστος
2867 4836 2902 4906 ἡ
2930 4834 3040 4889 τῶν
3072 4834 3419 4906 πραγμάτων
3455 4838 3568 4898 τοῖς
3615 4836 3772 4888 παισὶ

506 4938 571 4977 ea
602 4925 913 4979 testamenti
947 4924 1114 4982 factio
1167 4925 1421 4982 deficiat:
1467 4927 1670 4996 quippe
1703 4941 1824 4995 quae
1873 4927 2087 5001 integra

2192 4932 2463 5005 βοηθοῦσα
2492 4931 2782 5001 διοίκησις,
2807 4930 2945 4984 ἀλλά
2975 4930 3115 4984 κατά
3142 4929 3233 4983 τὸν
3259 4929 3550 5001 είρημένον
3571 4927 3772 5000 τρόπον

505 5016 574 5072 ad
604 5018 1000 5073 monasterium
1035 5019 1326 5088 pertineat.
1360 5019 1632 5073 Cmterum
1664 5019 1709 5074 si
1741 5036 1888 5077 mors
1909 5024 2083 5078 etiam

508 5109 592 5180 (ut
623 5111 780 5163 inulti
828 5122 959 5166 sunt
1004 5129 1188 5167 rerum
1245 5112 1610 5169 humanarum
1671 5116 1856 5183 casus)
1899 5116 2086 5174 subito

509 5201 905 5274 superveniens
983 5220 1169 5261 rerum
1224 5205 1677 5261 distributionem
1747 5205 2083 5280 intercipiat,

509 5310 689 5366 neque
738 5306 868 5352 tunc
919 5297 1140 5370 quidem
1188 5313 1312 5370 quae
1374 5296 1560 5352 liberis
1622 5307 1913 5354 succurrat
1967 5303 2085 5357 dis-

2191 5026 2262 5083 τὰ
2284 5026 2494 5088 τούτοις
2536 5024 2884 5095 προσήκοντα
2917 5022 3133 5093 νομίμῳ
3175 5022 3369 5093 δικαίῳ
3403 5021 3768 5094 ἀφορισθήσε-

2192 5139 2301 5186 ται,
2351 5118 2413 5171 τὸ
2458 5118 2504 5170 δ’
2549 5117 2826 5170 ἐπίλοιπον
2872 5117 2970 5187 τῆς
3019 5114 3305 5187 ὑπάρξεως
3352 5115 3690 5169 οίκειὼσεται
3735 5117 3768 5185 ἡ

2197 5214 2357 5287 μονή.
2377 5211 2536 5266 Ἀλλά
2563 5212 2672 5283 γὰρ
2693 5210 2866 5265 ταῦτα
2887 5211 3016 5282 περὶ⁹
3033 5209 3132 5282 τῆς
3154 5209 3260 5279 πρὸ
3281 5209 3375 5263 τοῦ
3401 5209 3626 5280 μονάδος
3652 5207 3766 5280 βίου

2192 5307 2270 5379 τῷ
2293 5304 2564 5384 ἀνθρώπῳ
2591 5302 2898 5377 προσούσης
2920 5302 3262 5377 περιουσίας.
3281 5301 3395 5371 Ἐφ’
3411 5294 3458 5376 ᾧ
3481 5301 3540 5362 δὲ
3565 5300 3768 5372 ὴὸμῶν

1812 5467 2043 5526 νΑιιιΑζ
2079 5460 2478 5528 LECTIONES.

572 5585 619 5617 ”
656 5585 887 5658 Scrimg.
945 5586 1156 5643 τούτου.
1238 5586 1604 5645 "Justiniani
1631 5588 1767 5646 Nov.
1816 5591 1939 5658 125,
1991 5608 2044 5648 c.
2076 5593 2167 5649 ‘58.

2034 5702 2268 5761 NOTAE.

581 5793 853 5860 (37i1ure
879 5793 1050 5866 veteri
1090 5793 1343 5866 monachi
1375 5793 1561 5866 testari
1620 5810 1729 5850 non
1783 5804 2057 5866 poterant.

510 5866 644 5923 Nov.
671 5866 725 5932 5,
759 5881 885 5938 cap.
918 5865 972 5920 5.
1002 5862 1140 5920 Nov.
1172 5865 1261 5922 76.
1289 5863 1423 5920 Nov.
1453 5865 1552 5921 125
1575 5908 1592 5934 ,
1632 5882 1752 5939 cap.
1784 5862 1881 5924 '58.

2263 5797 2377 5924 g3)
2411 5796 3033 5924 aiftsminpiiﬁ
3067 5869 3201 5924 Nov.
3234 5870 3334 5924 125

2263 5867 2377 5941 (59)
2411 5867 2692 5924 νὶἀέΝον.
2725 5867 2912 5936 76,“ίη’
2939 5867 3033 5928 iiii.
3067 5869 3201 5927 Nov.
3234 5870 3356 5942 125,
3386 5887 3506 5944 cap.
3534 5871 3622 5929 38.
