4080 6302
247 398 345 463 ί3Ί

1372 398 1738 459 NOVELLIE
1778 398 2449 464 CONSTITUTIONES.

3411 402 3523 467 438‘

244 514 482 584 πατρικὴ
516 512 854 581 μακαριότης
880 510 1077 579 ὴξῖωσε
1121 512 1181 563 τὸ
1226 512 1508 580 θέσπισμα
1538 515 1813 583 προελθεῖν

1941 516 2141 584 positio
2213 517 2444 570 omnino
2506 515 2853 573 conticebit:
2919 514 3013 571 sed
3065 514 3369 571 secundum
3429 517 3517 571 di-

242 608 404 677 (φημὶ
437 607 504 678 δὴ
533 606 625 661 ἐπὶ
658 608 768 669 τοῖς
800 602 1027 675 ὕστερον
1060 605 1153 657 τοὺ
1184 605 1410 675 μονάδος
1441 604 1559 677 βίου
1591 623 1821 676 προσγι.

240 700 481 769 νομένοις
533 698 885 771 πράγμασι),
918 697 1076 751 τοῦτο
1119 697 1469 768 θεσπίξομεν,
1502 700 1563 753 τὸ
1609 701 1673 752 ἐκ
1725 698 1819 751 τοῦ

239 791 430 863 καιροῦ
479 792 574 846 τοῦ
633 791 753 845 καθ’
800 792 859 845 ὃν
910 791 1085 845 εἵλετο
1130 791 1227 861 τὴν
1281 793 1489 861 μονήρη
1546 790 1821 844 πολιτείαν

240 882 537 954 προϊούσης
568 884 666 954 τῆς
710 882 1050 953 διασκέψεως
1091 881 1338 951 γίνεσθαι
1370 882 1500 953 περὶ
1532 882 1640 935 τῶν
1685 884 1823 952 μετά

236 976 407 1030 ταῦτα
444 976 897 1048 προσκτηθέντων
929 975 1077 1045 αὒτῷ
1126 975 1222 1047 τὴν
1273 975 1570 1048 διάκρισιν.
1608 978 1682 1031 Οὐ
1716 978 1824 1050 γὰρ

235 1068 367 1123 διότι
395 1071 460 1121 ἐκ
486 1069 585 1140 τῆς
612 1068 806 1139 λαῖκῆς
832 1067 1057 1139 ἀγωγῆς
1086 1068 1221 1138 πρὸς
1248 1068 1348 1139 τὴν
1376 1068 1669 1140 μοναδικὴν
1695 1070 1825 1140 μεθ-

239 1160 547 1231 ιστάμενος,
578 1161 629 1214 εί
672 1161 748 1233 μὴ
780 1160 1043 1232 πρότερον
1065 1159 1387 1225 διατίθοιτο,
1418 1160 1519 1232 τὴν
1551 1160 1646 1214 τοῦ
1684 1160 1825 1232 μετά

234 1252 403 1306 ταῦτα
432 1252 768 1306 διατίθεσθαι
800 1253 1116 1322 ἀφαιρεῖται
1145 1251 1361 1314 ἄδειαν,
1388 1251 1476 1305 διὰ
1524 1251 1683 1305 τοῦτο
1730 1253 1824 1304 καὶ

238 1349 362 1417 περὶ
406 1348 521 1401 τῶν
552 1347 782 1419 ὕστερον
817 1347 1121 1416 γεγονότων
1147 1345 1351 1415 ὁρίζειν
1386 1345 1612 1399 καθόλου
1645 1347 1821 1398 κωλυ-

232 1435 366 1503 θείη.
388 1437 540 1491 Ἐκεῖ
570 1436 670 1507 μὲν
704 1436 813 1506 γὰρ
852 1436 1091 1506 εὐλόγως
1121 1436 1388 1507 ἀφῃρεῖτο
1416 1435 1515 1507 τὴν
1549 1435 1818 1503 ἐξουσίαν,

230 1532 349 1584 ἐπεὶ
366 1533 425 1583 ἐν
448 1530 599 1602 αὐτῷ
614 1529 673 1583 δν
696 1529 1092 1602 βουλεύσασθαι
1110 1530 1190 1581 ἐτι
1207 1547 1311 1600 χρη
1323 1529 1603 1599 ματίζοντι
1624 1529 1818 1598 λαῖκῷ,

229 1623 304 1693 τῷ
355 1624 429 1694 μὴ
476 1623 637 1677 τοῦτο
682 1622 887 1693 πρᾶξαι
922 1623 1085 1684 αὐτὸς
1133 1622 1327 1674 ἑαυτὸν
1360 1624 1437 1683 εἰς
1478 1621 1635 1673 τοῦτο
1665 1638 1820 1692 περι-

232 1715 441 1785 ίστησιν
465 1733 477 1745 °
516 1714 753 1769 ἐνταῦθα
787 1716 843 1767 δὲ
888 1716 991 1768 οὐκ
1028 1716 1176 1769 ἔστιν
1208 1718 1415 1785 ὅμοιον,
1462 1716 1601 1770 ὥστε
1656 1717 1820 1769 αὐτόν

225 1823 343 1859 τινα
375 1805 465 1874 ὑφ’
499 1807 695 1860 ἑαυτοῦ
730 1806 760 1876 ἢ
790 1807 880 1876 ὑφ’
908 1807 1097 1877 ἑτέρου
1125 1807 1509 1878 ἀπείργεσθαι.
1546 1808 1607 1861 ΕΞ
1651 1807 1708 1861 δέ
1738 1825 1820 1870 τις

225 1900 390 1966 λέγοι,
410 1900 494 1953 ὅτι
521 1901 610 1953 διὰ
631 1902 790 1955 τοῦτο
810 1903 992 1972 μόνον,
1017 1904 1099 1956 ὅτι
1128 1903 1379 1973 μονάζων
1405 1903 1576 1966 ἐστὶν,
1602 1903 1819 1957 ἅπαντα

1927 620 2076 662 ctum
2161 609 2424 674 modum,
2504 625 2626 681 qua:
2700 609 2768 664 ad
2836 608 2962 665 illos
3048 608 3324 678 pertinent
3380 607 3519 678 legi-

1929 700 2063 754 timo
2117 700 2253 769 ipsis
2298 700 2453 770 jure,
2518 701 2924 771 separabuntur
2983 718 2998 755 :
3061 702 3340 756 residuum
3420 714 3524 753 au-

1928 798 2034 845 tem
2096 792 2358 845 invoiahit
2413 792 2829 846 monasterium.
2886 792 3060 862 Atque
3118 793 3234 847 haec
3288 792 3513 863 quidem

1926 879 1993 935 de
2048 880 2200 936 hisce
2249 880 2605 937 facultatibus
2636 924 2651 947 ,
2693 897 2833 952 quas
2886 891 3013 936 ante
3071 893 3382 952 susceptam
3438 883 3518 936 vi.

1926 980 2033 1025 tam
2079 974 2438 1027 monasticam
2495 973 2747 1027 habuerit
2810 972 3384 1043 quisquam.'Verum
3448 974 3516 1029 de

1925 1078 2033 1133 quo
2078 1073 2303 1134 paterna
2361 1074 2539 1119 vestra
2612 1064 2892 1120 beatitudo
2961 1066 3182 1136 prodire
3241 1067 3522 1123 decretum

1928 1156 2082 1226 petiit
2103 1157 2192 1227 (de
2228 1157 2295 1212 iis
2314 1158 2569 1212 nimirum
2590 1160 2753 1214 rebus
2766 1175 2888 1230 quae
2913 1159 3381 1229 posdmonasticaa
3400 1161 3525 1215 vita:

1926 1251 2330 1319 susceptionem
2369 1255 2775 1323 accesserunt),
2831 1253 2898 1307 de
2936 1267 3003 1308 eo
3050 1254 3153 1307 hoc
3200 1253 3522 1317 statuimus,

1929 1341 2129 1394 titiude
2167 1342 2237 1396 ab
2264 1359 2331 1395 eo
2381 1355 2626 1413 tempore
2649 1361 2717 1399 ex
2766 1359 2878 1416 quo
2910 1345 3234 1400 monasticze
3276 1347 3403 1404 vita:
3432 1360 3522 1398 ra-

1926 1435 2127 1488 tionem
2147 1437 2477 1503 susceperit,
2519 1436 2966 1491 consideratione
3000 1434 3356 1505 procedente,
3392 1448 3517 1504 qure

1928 1527 2277 1595 postmodum
2308 1529 2378 1581 ah
2412 1528 2533 1597 ipso
2564 1539 2883 1597 comparata
2923 1538 3077 1593 sunt,
3108 1526 3517 1581 discernantur.

1925 1617 2040 1672 Non
2078 1619 2225 1673 enim
2259 1622 2403 1690 quod
2438 1620 2530 1690 qui
2575 1636 2602 1675 a
2644 1622 2874 1695 profana
2909 1622 3019 1675 vita
3054 1620 3119 1675 ad
3155 1618 3517 1679 monaslicam

1923 1713 2145 1778 transit,
2194 1713 2293 1769 nisi
2333 1715 2484 1784 prius
2555 1723 2827 1779 testetur,
2897 1713 3131 1769 testandi
3168 1710 3514 1782 postmodum

1926 1807 2189 1861 facultate
2253 1807 2522 1875 privatur,
2574 1808 2700 1862 ideo
2720 1820 2774 1870 et
2809 1800 2877 1869 de
2912 1807 2980 1863 iis
3015 1821 3138 1876 qua
3169 1802 3515 1873 postmodum

1922 1898 2305 1967 conquisierit.
2342 1898 2642 1968 quidquam
2666 1906 2911 1960 statuere
2936 1897 2988 1950 iu
3032 1897 3349 1951 universum
3385 1908 3514 1963 pro-

223 1994 449 2063 λήψεται
488 1996 521 2063 ὴ
558 1996 729 2065 μονὴ,
762 1995 863 2049 οὐκ
905 1994 1020 2050 οἶδα
1068 1997 1116 2049 εί
1162 1998 1445 2067 πρέποντα
1474 1999 1813 2065 μονασταῖςό

1926 1992 2201 2047 hibeatur.
2260 1991 2383 2067 illic
2443 2007 2687 2061 namque
2726 1992 2850 2061 jure
2904 1989 3218 2046 testamenti
3277 1989 3515 2041 factione

223 2086 458 2152 τοιοῦτος
486 2086 771 2157 νομοθετεῖ
792 2103 803 2115 ”
836 2088 1054 2159 πρῶτον
1096 2087 1216 2157 μὲν,
1245 2089 1294 2141 εί
1325 2088 1467 2141 οὕτω
1491 2089 1573 2143 δεῖ
1598 2087 1813 2158 κτημά-

1920 2087 2186 2155 privatur,
2215 2086 2341 2155 quia
2368 2100 2495 2139 cum
2526 2084 2629 2155 ipsi
2660 2084 2715 2139 in
2759 2083 2990 2155 profano
3026 2091 3171 2139 statu
3221 2098 3308 2139 res
3335 2081 3515 2138 adhuc

223 2196 325 2233 των
368 2180 697 2249 ἀντέχεσθαι
741 2179 1065 2252 ἀνθρώπους
1091 2182 1141 2234 οἳ
1171 2181 1271 2252 τὴν
1305 2180 1606 2252 ὑπεροψίαν
1640 2181 1813 2233 αὐτῶν

1927 2184 2190 2240 tractant,
2240 2176 2448 2247 aliquid
2512 2175 2851 2231 constituere
2900 2176 3172 2245 integrum
3221 2183 3388 2237 esset,
3445 2187 3512 2223 eu

222 2274 619 2344 ἐπηγγείλαντο
636 2290 651 2305 ο
680 2273 869 2327 ἔπειτα
896 2274 951 2327 δὲ
979 2274 1075 2327 καὶ
1104 2276 1392 2342 συγγενεῖς
1418 2290 1563 2336 τινες
1587 2273 1818 2343 πένητες

221 2365 251 2437 ἥ
281 2366 456 2430 ἄλλως
488 2365 762 2435 γνώριμοι
802 2365 1136 2435 τυγχάνουσι
1167 2365 1245 2435 τῷ
1274 2363 1551 2436 ἀνθρώπῳ
1585 2364 1816 2435 χρῄζον-

221 2475 305 2525 τες
348 2459 860 2529 παραμυθουμένης
904 2458 1107 2531 χειρὸς,
1145 2458 1262 2521 πῶς
1290 2459 1391 2512 οὐκ
1424 2458 1814 2529 ἀπάνθρωπον,

224 2553 491 2623 μηδεμιᾶς
520 2552 765 2614 ἐκείνους
795 2551 861 2604 ἐκ
888 2551 997 2603 τῶν
1018 2549 1113 2603 τοῦ
1142 2549 1443 2619 συγγενοῦς
1469 2551 1817 2621 πραγμάτων

222 2642 497 2709 ἀξιοῦσθαι
527 2642 884 2714 παραμυθίας
906 2682 920 2705 ,
948 2640 1139 2711 ὥσπερ
1182 2640 1304 2711 οὐχὶ
1332 2639 1653 2711 ξενηλασίαν
1682 2640 1817 2695 ἀλλὰ

222 2737 559 2807 συγγενικῶν
590 2734 684 2789 καὶ
712 2735 883 2804 φίλων
929 2734 1153 2788 ἐλασίαν
1198 2734 1318 2788 δέον
1349 2737 1521 2788 ποιεῖν
1556 2737 1681 2797 τοὺς
1715 2750 1817 2804 μο-

221 2831 475 2895 νάζοντας
526 2829 623 2883 καὶ
670 2829 849 2883 πάντα
895 2828 1032 2898 πρὸς
1077 2828 1305 2891 ἑαυτοὺς
1334 2827 1536 2889 ἕλκειν,
1562 2830 1824 2900 καθάπερ

220 2924 334 2987 τοὺς
360 2923 717 2992 πολυφάγους
755 2922 903 2975 ἐστιν
934 2922 1068 2993 δρᾴν
1101 2921 1163 2973 οὐ
1195 2919 1551 2991 βουλομένους
1582 2921 1816 2993 ἀπόμοι-

223 3016 320 3084 ράν
340 3033 468 3070 τινα
504 3015 617 3068 τῶν
648 3014 1078 3085 παρακειμένων
1104 3015 1219 3076 τοῖς
1248 3012 1434 3075 ἀλλοις
1464 3014 1816 3085 καταλιμπά-

220 3128 343 3177 νειν;
369 3110 512 3165 Οὔτε
542 3110 648 3180 γὰρ
674 3108 861 3172 δοῦλος
891 3106 1274 3179 ἐλευθεροῦται
1303 3107 1550 3170 δουλείας
1572 3107 1810 3179 δεσμῶν,

219 3207 273 3259 οὐ
302 3208 473 3277 πένης
503 3206 692 3258 οἴκτου
742 3202 1170 3275 μεταλαγχάνει,
1197 3202 1298 3256 οὐκ
1329 3202 1487 3266 ἄλλος
1520 3220 1605 3267 τις
1640 3203 1809 3271 ἀνάγ-

220 3314 335 3362 καις
391 3297 720 3366 πιεζόμενος
781 3294 1141 3365 παραμυθίας
1198 3293 1443 3365 εὑρίσκει
1489 3294 1810 3357 ἀπόλαυσιν,

218 3390 391 3461 πάσης
423 3390 531 3460 τῆς
566 3387 662 3447 τοῦ
710 3386 1037 3458 μονάζοντος
1083 3386 1403 3457 περιουσίας
1430 3384 1507 3455 τῷ
1538 3403 1812 3458 μοναστη-

221 3481 313 3553 ρίῳ
341 3481 654 3552 διδομένης.

1927 2268 2044 2336 ipso
2082 2269 2229 2338 quod
2260 2267 2312 2323 id
2359 2283 2467 2323 non
2530 2267 2743 2333 fecerit,
2770 2281 2830 2323 se
2867 2269 2983 2338 ipse
3042 2267 3096 2321 in
3132 2264 3252 2340 (ιο)
3285 2268 3385 2319 has
3414 2278 3515 2318 aa-

1926 2361 2139 2433 gustias
2182 2361 2669 2417 circumcluserit:
2714 2360 2802 2415 hic
2854 2376 2987 2415 vero
3017 2358 3153 2414 nihil
3201 2359 3381 2415 simile
3426 2369 3511 2413 est

1928 2461 1986 2507 ut
2016 2454 2311 2523 quisquam
2354 2462 2502 2507 auta
2537 2452 2741 2523 seipso.
2765 2463 2861 2507 aut
2881 2454 2950 2507 ab
2988 2453 3097 2507 alio
3128 2451 3508 2524 prohibeatur.

1925 2546 2082 2612 Quod
2114 2547 2161 2601 si
2195 2546 2320 2616 quis
2369 2546 2541 2612 dicat,
2572 2545 2677 2601 hoc
2712 2546 2833 2602 solo
2857 2547 3079 2602 nomine
3132 2546 3280 2617 quod
3324 2560 3517 2601 mona—

1925 2640 2065 2696 chus
2110 2641 2221 2704 sit,
2266 2640 2664 2695 monasterium
2699 2641 2883 2694 omnia
2908 2654 3032 2696 esse
3075 2647 3465 2711 percepturnm
3497 2660 3510 2693 :

1924 2732 2071 2789 haud
2098 2732 2238 2797 seio,
2267 2732 2315 2788 si
2341 2732 2680 2800 istiusmodi,
2732 2750 2855 2805 quae
2908 2735 3210 2792 monachos
3256 2733 3514 2798 doceant,

1924 2834 2154 2884 statuat.
2198 2824 2449 2881 Primum
2488 2828 2633 2881 cnim
2663 2844 2731 2879 an
2781 2827 2875 2895 qui
2914 2826 3167 2881 homines
3191 2840 3513 2897 cpumcon-

1922 2926 2192 2989 temptum
2248 2916 2483 2986 professi
2537 2928 2686 2984 sunt,
2726 2934 2823 2973 eos
2863 2919 2936 2972 ita
2967 2919 3089 2973 illas
3138 2918 3395 2990 amplecti
3452 2935 3517 2974 ac

1922 3027 2271 3082 quacumque
2307 3013 2521 3065 ratione
2552 3013 2790 3066 retinere
2824 3012 3121 3065 convenit?
3156 3010 3361 3066 Deinde
3390 3012 3503 3065 sint

1922 3104 2089 3160 alicui
2151 3104 2368 3174 cognati
2412 3120 2706 3174 pauperes,
2755 3105 3027 3173 alioqnive
3066 3103 3206 3166 noti,
3264 3103 3514 3174 quicun-

1921 3198 2184 3253 solatrice
2237 3212 2403 3251 manu
2466 3195 3091 3269 indigeantzqnomodo
3133 3212 3243 3251 non
3275 3198 3343 3251 ab
3364 3198 3513 3252 omni

1924 3292 2269 3350 humanitate
2319 3293 2584 3357 alienum,
2624 3292 2778 3347 nullo
2833 3292 2969 3362 illos
2994 3307 3061 3346 ex
3095 3293 3311 3362 cognati
3349 3292 3513 3347 rebus

1921 3385 2305 3441 Sublevamine
2358 3385 2602 3457 dignari,
2629 3394 2891 3455 tanquam
2928 3400 3039 3439 non
3067 3383 3231 3439 modo
3261 3385 3509 3456 peregri—

1839 3472 1884 3533 C
1926 3494 2048 3544 nos,
2093 3480 2186 3534 sed
2212 3491 2265 3534 et
2303 3488 2572 3550 cognatos
2618 3480 2938 3549 amicosque
2986 3480 3310 3550 propellere,
3340 3491 3508 3548 atque

215 3576 391 3627 omnia
450 3573 522 3627 ad
581 3587 643 3627 se
700 3570 920 3625 trahere
988 3568 1277 3623 monachis
1333 3568 1594 3624 decorum
1654 3570 1764 3625 sit?
1820 3572 2284 3643 quemadmodum
2343 3573 2631 3629 helluones
2680 3587 3019 3642 voracesqne
3071 3573 3325 3625 homines
3390 3572 3511 3624 nul~

216 3663 315 3723 lani
372 3666 606 3722 omnino
654 3674 865 3736 partem
936 3664 1063 3721 aliis
1108 3664 1199 3736 qui
1273 3680 1381 3718 una
1445 3666 1779 3720 accumbunt
1848 3667 2161 3737 relinquere
2246 3668 2385 3723 velle
2474 3669 2748 3724 videmus.

2858 3665 3046 3739 Neque
3092 3667 3239 3720 enim
3321 3680 3513 3722 servus

215 3763 490 3818 servitutis
515 3760 754 3815 vinculis
788 3760 1075 3821 liberatur,
1110 3772 1287 3828 neque
1314 3772 1522 3827 egenus
1560 3760 2049 3815 cummiseratione
2067 3760 2298 3831 potitur,
2352 3776 2457 3815 non
2508 3761 2651 3816 alius
2711 3761 3007 3832 quisquam
3085 3759 3508 3815 necessitatibus
3540 3751 3542 3754 ’

217 3874 431 3931 pressus
458 3858 867 3915 consolationis
906 3855 1144 3911 fructum
1174 3855 1401 3919 invenit,
1436 3871 1561 3910 cum
1593 3872 1787 3910 omnes
1822 3858 2077 3912 monachi
2111 3857 2406 3912 facultates
2435 3858 2775 3912 monasterio
2801 3856 3026 3911 dantur.

278 3956 373 4010 Διά
402 3954 567 4010 τοῦτο
596 3954 664 4025 δὴ
697 3953 1055 4022 θεσπίζομεν,
1081 3953 1192 4005 si"
1222 3952 1321 4023 μὲν
1351 3951 1509 4023 ὼφθη
1549 3955 1692 4006 κατὰ
1713 3953 1804 4005 τὸν

215 4047 399 4119 καιρὸν
445 4046 683 4101 ὄτε⁸τδν
723 4043 998 4116 μοναστὴν
1053 4043 1230 4098 εἵλετο
1283 4042 1397 4113 βίον
1442 4045 1471 4096 ό
1519 4042 1806 4115 ἄνθρωπος

217 4140 661 4213 ἀφιερωσάμενός
684 4156 735 4193 τι
758 4141 824 4211 τῇ
845 4137 1161 4209 Ἐκκλησία.
1193 4132 1333 4192 εἶναι
1360 4136 1510 4207 αὑτῷ
1542 4136 1671 4207 περὶ
1696 4136 1805 4191 τῶν

221 4230 440 4304 ὓστερον
471 4231 1030 4303 προσκεκτημένων²⁸
1060 4229 1320 4283 ἁὸίαστον
1349 4230 1445 4297 καί
1476 4228 1675 4299 κυρίαν
1706 4229 1804 4302 τὴν

219 4324 437 4396 γνώμην
466 4324 651 4388 καθὼς
698 4325 766 4379 ἂν
816 4323 1135 4395 προαιροῖτο
1171 4323 1348 4377 πάντα
1380 4322 1632 4376 διοικεῖν·
1666 4323 1714 4376 εί
1745 4324 1801 4377 δὲ

223 4418 381 4489 μηδὲν
408 4420 547 4483 ὅλως
577 4416 700 4472 κατ’
725 4418 900 4488 ἀρχὰς
930 4416 1008 4487 τῷ
1041 4416 1392 4486 μοναστηρίῳ
1422 4418 1802 4485 προεισενήνε-

218 4513 415 4577 attat",
447 4513 567 4567 τότε
603 4511 725 4582 διχῆ
758 4510 855 4583 τὴν
883 4509 1125 4579 ὕπαρξιν
1153 4508 1475 4578 τέμνεσθαι,
1508 4508 1617 4560 τῶν
1656 4509 1805 4580 μερί-

217 4604 316 4660 δων
365 4606 467 4678 τῆς
525 4606 626 4674 μὲν
662 4605 910 4678 διμοιρία
944 4602 1553 4673 συγκεφαλαιουμένης,
1601 4601 1701 4671 τῆς
1748 4602 1805 4656 δὲ.

1977 3955 2055 4006 Ac
2078 3964 2297 4023 propter
2316 3956 2418 4009 hoc
2435 3970 2569 4010 sane
2583 3955 2899 4017 statuimus,
2920 3952 3041 4009 utsi
3065 3954 3211 4023 quis,
3241 3970 3350 4024 quo
3370 3961 3479 4009 tem

1911 4061 2042 4116 porc
2067 4048 2425 4101 monasticam
2461 4045 2626 4099 vitam
2650 4046 2917 4117 suscepit,
2947 4046 3203 4102 Ecclesiae
3230 4046 3509 4116 quidpiam

1908 4142 2273 4201 consecrarit,
2305 4140 2381 4194 illi
2436 4141 2584 4195 circa
2636 4156 2726 4195 res
2762 4141 3113 4209 postmodum
3160 4150 3510 4211 comparatas

1908 4233 2141 4287 liberum
2170 4243 2464 4304 ratumque
2489 4234 2760 4304 judicium
2796 4234 2867 4288 sit
2897 4234 3033 4301 (41),
3067 4235 3510 4303 quomodocum-

1906 4342 2014 4396 que
2038 4326 2104 4380 dc
2134 4326 2243 4382 illis
2272 4335 2515 4381 statuere
2547 4326 2673 4381 velit
2695 4327 2810 4382 :sin
2840 4327 3218 4382 nihilonmino
3252 4326 3323 4381 ab
3354 4327 3511 4380 inito

1908 4421 1963 4476 in
2002 4421 2395 4474 monasterium
2455 4420 2679 4473 allatum
2736 4423 2830 4484 sit,
2860 4429 2976 4474 tum
3001 4433 3057 4475 ut
3088 4420 3339 4473 hiiariam
3371 4421 3499 4474 sub-

1910 4514 2111 4569 stantia
2143 4515 2443 4580 dividatur,
2480 4516 2554 4569 ita
2588 4523 2650 4569 ut
2686 4531 2794 4569 una
2821 4530 2949 4583 pars
2978 4514 3031 4568 iu
3065 4516 3305 4576 bessem,
3332 4514 3502 4567 altera

1910 4623 2042 4663 vero
2076 4607 2130 4662 in
2171 4610 2426 4663 trientem
2490 4610 3026 4673 circumscribatur,
3079 4624 3143 4662 ac
3200 4609 3505 4665 monachus

218 4698 379 4771 τρίτῳ
428 4700 672 4771 μέρει²⁸,
704 4699 798 4753 καὶ
845 4697 1184 4752 διατίθεσθαι
1222 4696 1323 4765 μὲν
1356 4695 1431 4758 ὡς
1462 4694 1528 4749 ἄν
1556 4713 1686 4749 ποτε
1718 4696 1804 4749 δό-

1918 4703 2405 4774 quomodocunqne
2458 4703 2559 4773 ipsi
2616 4708 2797 4758 visum
2832 4701 2997 4758 fuerit
3034 4702 3103 4758 de
3130 4702 3292 4757 besse
3325 4711 3497 4760 testa—

220 4789 354 4857 ξειεν
383 4793 533 4866 αὐτῷ
572 4794 698 4865 περὶ
724 4791 819 4847 τοῦ
866 4791 1119 4863 διμοίρου
1148 4790 1437 4860 τμήματος
1484 4788 1578 4841 τὸν
1634 4789 1802 4858 μονά-

219 4882 405 4952 ζοντα,
435 4888 498 4940 τὸ
530 4885 709 4957 τρίτον
737 4884 793 4939 δὲ
829 4881 1277 4954 ἀποκληροῦσθαι
1311 4880 1391 4951 τῷ
1428 4881 1798 4952 μοναστηρίῳ.

233 4976 383 5033 Ἀλλὰ
425 4977 600 5033 ταῦτα
654 4979 754 5049 μέν
804 4977 933 5047 περὶ
979 4968 1055 5030 ὧν
1109 4964 1411 5044 ἐζητήσατε
1442 4974 1501 5026 τὸ
1534 4973 1803 5045 ἡμέτερον

219 5069 544 5127 ἀπεθέσπισε
581 5072 803 5141 κράτος.
842 5072 1037 5141 Δεήσει
1069 5070 1128 5123 δὲ
1157 5070 1257 5138 τὴν
1292 5068 1565 5138 ὑμετέραν
1619 5084 1803 5138 μακα-

222 5167 434 5238 ριότητα
455 5168 570 5229 τοῖς
601 5164 693 5218 ὑπ’
716 5162 885 5235 αὐτὴν
912 5162 1085 5216 ἅπασι
1119 5159 1557 5229 θεοφιλεστάτοις
1589 5176 1796 5231 μητρο-

222 5258 457 5326 πολίταις
489 5258 688 5331 ἔκδηλα
722 5256 1066 5327 καταστῆσαι
1119 5254 1191 5307 τὰ
1240 5253 1671 5325 τεθεσπισμένα,
1702 5252 1801 5306 αὑ-

1907 4804 2091 4850 mento
2117 4803 2355 4852 statuat:
2391 4799 2567 4853 triens
2602 4808 2782 4851 autem
2808 4797 3116 4868 applicetur
3140 4798 3499 4852 monasterio.

1911 4888 2086 4959 Atque
2117 4888 2230 4943 haec
2259 4890 2504 4960 quidem,
2534 4889 2601 4944 de
2635 4890 2837 4959 quibus
2864 4888 3145 4959 requisitis
3177 4895 3369 4942 nostra
3400 4887 3495 4942 de-

1911 4979 2086 5032 erevit
2107 4981 2368 5048 potentia.
2394 4979 2683 5048 Oportebit
2699 4990 2880 5034 autem
2902 4986 3057 5033 tuam
3080 4978 3499 5043 beatitudinem,

1914 5086 2036 5141 quae
2061 5072 2283 5126 decreta
2312 5082 2461 5141 sunt,
2520 5072 2783 5128 omnibus
2806 5073 2906 5127 sub
2933 5074 3049 5142 ipsa
3087 5071 3179 5127 Dei
3204 5071 3497 5127 amantiss.

1909 5162 2351 5232 metropolitanis
2399 5162 2583 5218 facere
2644 5163 2962 5228 manifesta,
2989 5174 3046 5220 ct
3087 5165 3192 5219 hos
3246 5164 3502 5219 similiter

1910 5254 2015 5309 sub
2058 5269 2121 5310 se
2176 5256 2494 5312 constitutis
2552 5256 2851 5327 episcopis,
2890 5297 2908 5323 ,
2971 5257 3207 5330 illosque
3265 5273 3500 5330 quarum

1536 5399 1770 5456 VABIAS
1814 5397 2221 5456 LECTIONES.

282 5514 490 5591 ‘f_lii_nc
516 5516 761 5591 initium_
791 5515 922 5591 facit
952 5518 1007 5571 in
1043 5516 1229 5591 Eglog.
1264 5531 1391 5570 nov.
1422 5517 1479 5591 _2_.
1558 5519 1605 5550 υ
1636 5517 1811 5591 codd.
1840 5519 2076 5588 Scrimg.
2125 5518 2606 5591 προσεκτημὲνων.

2702 5522 2747 5554 ’⁷
2782 5519 2977 5592 Ecloga
3008 5593 3024 5603 .
3044 5522 3495 5603 προσενήνεκται.

225 5582 600 5669 :Sic.Eclo-,,v_a
628 5588 764 5656 ;sed
799 5587 1033 5661 Scrimg.
1071 5582 1261 5643 Zuich.
1318 5595 1373 5643 et
1421 5586 1642 5645 Meerm.
1680 5590 1842 5646 codd.
1897 5582 2098 5645 habent
2154 5582 2253 5660 τῆς
2296 5582 2421 5660 μέν’
2446 5590 2718 5663 διμοιρίας
2760 5582 3358 5669 συγκέφαλαίουμέαης,
3399 5592 3497 5663 τῆς

225 5654 275 5707 δὲ
304 5658 484 5729 τρίτης
516 5654 721 5732 μέτρῳ.

1726 5757 1964 5817 NOTAE.

269 5848 393 5931 ,(80)
419 5855 632 5931 Addcl.
662 5857 701 5931 '_7‘
743 5856 770 5927 ᾗ
819 5858 867 5911 l.
906 5855 961 5910 θ’.
996 5856 1098 5922 Qui
1135 5856 1406 5913 satisdare
1459 5856 1492 5911 l.
1526 5857 1559 5912 2
1586 5855 1613 5931 ᾗ
1638 5858 1671 5911 8
1730 5857 1783 5911 Π.

232 5916 284 5974 Si
310 5924 425 5992 quis
451 5916 813 5985 cautionibus.

1971 5858 2085 5919 (ili
2115 5857 2176 5910 fit
2214 5856 2282 5912 ita
2328 5855 2623 5926 abrogatur
2660 5852 2883 5911 Novella
2918 5854 2973 5909 5.
3000 5871 3048 5908 ε.
3094 5852 3149 5917 5;
3183 5851 3320 5908 Nov.
3368 5852 3487 5906 123.

1899 5947 1952 5985 c.
1987 5930 2077 5986 58.
