4080 6302
505 387 609 453 439
661 380 664 384 ’
1621 402 1625 410 ·
1761 379 2037 441 LEONIS
2061 377 2108 437 P

2206 371 2523 435 LOSOPHI
3665 363 3766 427 uo

507 520 695 564 curam
728 502 906 560 sortiti
932 509 1060 556 sunt
1081 499 1335 555 ecclesiis
1354 500 1455 555 ista
1479 497 1726 554 indicare
1749 513 1766 551 ι
1791 510 1903 567 quo
1930 491 2080 551 vide-

2206 484 2309 548 τούς
2353 501 2415 542 τε
2467 480 2866 555 παραπλησίως
2898 482 3015 545 τοῖς
3047 480 3142 533 ὑπ’
3169 479 3414 546 ἑκείνους
3448 481 3777 549 ἐπισκόποις

510 599 638 654 licet
664 607 718 652 et
744 597 796 650 in
829 610 1066 666 praesens
1097 594 1226 649 etin
1267 592 1511 647 futurum
1570 591 1687 646 hac
1717 589 1786 644 ab
1808 564 2083 644 omnibus

2206 575 2508 646 μφανίσαι,
2538 572 2829 637 κάκείνους
2858 573 2981 635 ταῖς
3007 564 3084 626 ὧν
3113 572 3307 645 ἔλαχον
3338 573 3438 645 τὴν
3469 574 3778 649 ἑπιτροπὴν

511 700 628 746 tum
660 696 1082 761 cognoscantur,
1125 697 1236 742 tum
1263 686 1408 741 hunc
1436 683 1504 740 ad
1535 682 1755 739 modum
1791 681 1947 737 ﬂant.

953 906 966 984 Ῐ
1005 945 1478 1006 CONSTlTUTIO
1505 945 1597 1001 vn.

519 1044 587 1101 Ut
616 1054 893 1114 utrumque
949 1052 1149 1109 tempus
1185 1049 1296 1114 tum
1323 1040 1462 1114 quod
1493 1049 1678 1114 sancta
1720 1048 1871 1114 sexta
1895 1040 2091 1114 consti-

588 1117 689 1170 tuit
725 1109 980 1185 synodus,
1005 1124 1115 1185 tum
1146 1111 1284 1185 quod
1332 1112 1566 1166 decernit
1605 1109 1765 1185 ‘diuus
1824 1110 2087 1185 Basilius,

585 1188 641 1240 in
670 1187 735 1240 iis
755 1179 848 1255 qui
871 1182 1111 1255 monachi
1138 1179 1256 1252 ﬁeri
1278 1191 1540 1255 statuunt,
1564 1179 1904 1255 observetur:
1929 1190 1976 1234 et
1999 1181 2091 1235 bo-

590 1251 780 1312 norum
837 1256 952 1326 ejus
1002 1254 1090 1326 qui
1141 1251 1435 1326 asynodo
1487 1252 1785 1326 prestit‘uto
1865 1261 2092 1326 tempore

589 1321 875 1382 monachus
898 1326 978 1394 ﬁt,
1013 1321 1286 1391 dispositio
1327 1323 1612 1378 secundum
1631 1321 1832 1378 editam
1863 1339 1896 1376 a
1928 1322 2079 1376 nobis

586 1397 814 1468 formam
847 1394 1118 1466 procedat.

1215 1550 1404 1607 Aliter.

524 1645 593 1701 Ut
618 1644 860 1701 decennis
888 1642 1103 1714 (42-60)
1146 1655 1275 1708 puer
1317 1643 1372 1693 in
1402 1631 1780 1691 monachorum
1811 1650 2089 1690 numerum

1135 1719 1460 1765 assumatur.

590 1808 739 1863 Idem
791 1807 1093 1876 imperator
1150 1803 1428 1874 Stephano
1501 1800 1761 1855 sanctiss.
1811 1799 2090 1854 Constau-
2126 1835 2167 1890 Β

520 1900 696 1972 tinop.
729 1898 1167 1968 archiepiscopo,
1200 1904 1254 1950 et
1282 1893 1609 1964 patriarchae
1628 1891 1950 1947 universali.

591 2067 712 2135 Quo
745 2076 988 2138 tempore
1038 2083 1134 2124 eos
1177 2066 1272 2137 qui
1301 2067 1664 2125 monasticam
1701 2067 1869 2121 vitam
1910 2067 2098 2122 subire

519 2159 858 2223 desiderant,
916 2173 974 2215 re
999 2159 1285 2228 concupita
1335 2159 1499 2229 potiri
1544 2167 1819 2228 oporteat,
1883 2158 1937 2214 id
1967 2159 2097 2230 quia

524 2266 632 2304 non
683 2266 851 2306 unum
886 2259 1052 2320 atque
1085 2252 1250 2317 idem,
1281 2250 1374 2306 sed
1393 2251 1540 2306 aliud
1571 2261 1736 2322 atque
1769 2251 1913 2306 aliud
1935 2267 1967 2306 a
2013 2250 2100 2305 di~

525 2342 666 2397 vinis
723 2343 927 2398 nostris
970 2345 1216 2413 patribus
1269 2345 1572 2413 praestitum
1605 2345 1696 2410 sit,
1733 2352 1792 2398 ut
1841 2345 1907 2399 ad
1949 2345 2100 2401 hunc

523 2435 684 2487 etiam
741 2443 1030 2490 tractatum
1084 2435 1524 2502 diiudicandum,
1586 2446 1642 2491 et
1692 2453 1813 2508 qua:
1867 2439 2100 2493 subesse

523 2522 742 2577 videtur
761 2524 1206 2580 contrarietatem
1243 2526 1650 2583 conciliandam
1686 2543 1771 2585 me
1800 2543 2110 2600 compoue-.

524 2631 665 2683 rem,
686 2615 941 2673 effectum
973 2626 1081 2675 est.

595 2707 785 2778 Itaque
799 2725 918 2780 quae
934 2727 1163 2782 magnus
1176 2710 1266 2766 ille
1278 2726 1341 2766 ac
1354 2711 1710 2768 admirandus
1727 2712 1970 2768 decernit
1988 2712 2100 2786 (61)

528 2800 765 2858 Basilius
829 2801 913 2874 (ut
944 2803 1199 2860 videlicet
1249 2804 1344 2874 qui
1406 2805 1788 2872 monachicum
1851 2805 2098 2861 habitum

528 2889 797 2954 ambiunt,
821 2890 1036 2945 decimo
1057 2900 1214 2947 sexto
1238 2893 1490 2962 primum,
1511 2901 1610 2950 aut
1628 2895 1840 2951 decimo
1866 2897 2103 2968 septimo

527 2982 706 3037 :etatis
745 2997 892 3040 anno
938 2984 1084 3054 digni
1113 2985 1207 3039 illo
1241 2986 1590 3059 habeantur),
1642 3004 1878 3060 quaeque
1911 2998 2104 3047 sancta

527 3083 678 3130 sexta
709 3076 822 3146 (62)
858 3077 1081 3132 mandat
1137 3076 1250 3146 (65)
1278 3079 1540 3150 synodus,
1580 3096 1727 3138 anno
1742 3081 1976 3151 decimo,
2009 3083 2104 3155 qui

2186 664 2523 736 ἐκκλησίαις,
2554 662 2694 718 ὥστε
2742 662 2837 717 καὶ
2870 661 2968 715 νῦν
3009 662 3104 717 καὶ
3129 664 3212 725 είς
3241 662 3335 718 τδν
3365 664 3557 720 ἔπειτα
3586 667 3782 739 χρόνον

2186 757 2361 813 ταῦτα
2390 760 2486 814 καὶ
2515 754 2977 826 διαγινώσκεσθαι
3011 757 3146 811 πᾶσι
3185 756 3284 811 καὶ
3327 757 3504 824 οὕτως
3541 762 3784 832 πρᾶττε-

2190 850 2337 906 σθαι.

2735 939 3050 995 unum
3089 943 3243 1008 σω.

2191 1035 2330 1104 Περὶ
2361 1035 2468 1090 τοῦ
2499 1033 2910 1105 φυλάττεσθαι
2948 1032 3236 1105 ἑκάτερον
3276 1033 3386 1090 τὸν
3428 1036 3640 1103 καιρὸν
3683 1035 3786 1089 ἐπι

2260 1103 2380 1160 τῶν
2427 1103 2699 1176 μὼάζειν
2725 1103 3196 1176 ἐγνωκότων-,ὅν
3241 1121 3303 1160 τε
3335 1105 3393 1176 Μή
3449 1105 3590 1176 arta
3637 1107 3782 1172 ἕκτη

2261 1175 2523 1242 σύνοδος
2554 1174 2922 1245 ὲξεφώνησε.
2958 1181 3059 1245 καί
3088 1175 3162 1228 ὃν
3201 1179 3233 1230 d
3262 1174 3420 1241 θεῖος
3452 1174 3787 1231 ἀποθεσπί-

2261 1247 2340 1308 ζει
2365 1244 2701 1312 Βωίλειος,
2725 1246 2843 1312 τὴν
2873 1245 2941 1298 δὲ
2981 1244 3097 1298 τῶν
3123 1246 3523 1315 ὑπαρχόντων
3546 1247 3779 1315 διοικη-

2264 1301 2370 1374 lm-
2416 1317 2523 1370 τοῦ
2567 1301 2717 1370 κατὰ
2762 1301 2870 1370 τὸν
2901 1316 3126 1384 χρόνον
3169 1301 3554 1385 μοῖοξὶσακτος
3577 1357 3594 1382 ,
3631 1317 3707 1372 δν
3728 1301 3784 1384 ’ή

2269 1386 2531 1453 σύνοδος
2562 1386 2860 1457 ἐπέκρινα,
2904 1385 3052 1439 κατὰ
3077 1384 3184 1439 τὸν
3207 1388 3308 1457 ὑφ’
3337 1384 3508 1455 ἡμῶν
3531 1387 3787 1442 ἐκτεθει-

2257 1458 2445 1528 μένον
2477 1459 2674 1511 τύπον
2703 1455 3124 1524 προέρχεσθαι.

2851 1549 3108 1601 Ἀλλωε.

2851 1566 3052 1600 suo)
3094 1585 3108 1601 .

2435 1639 2578 1708 Περὶ
2599 1638 2704 1694 τοῦ
2733 1635 3013 1708 μον-ἄξειν
3051 1566 3306 1709 δεκαετῆ
3333 1608 3552 1697 παῖδα.

2261 1798 2320 1854 Ὀ
2368 1798 2530 1862 αὐτὸς
2575 1797 2830 1868 βασιλεὺς
2873 1795 3132 1869 Στεφάνῳ
3168 1796 3248 1870 τῷ
3296 1797 3590 1871 ἁγιωτάτῳ
3629 1801 3789 1872 ἀρχι-

2194 1892 2480 1962 επισκόπῳ
2511 1888 3143 1953 Κωνσταντινουπόλεως
3173 1889 3271 1944 καὶ
3300 1891 3666 1966 οίκουμενικῷ
3688 1911 3789 1947 παι

2193 1984 2450 2056 τριάρχῃ.

2265 2077 2324 2130 '0
2348 2075 2555 2148 καιρὸς,
2587 2075 2710 2130 καθ’
2726 2074 2786 2129 δν
2809 2075 2894 2129 δεῖ
2917 2075 3044 2139 τοὺς
3077 2076 3157 2149 τῷ
3187 2076 3473 2142 μονάζοντι
3500 2077 3601 2151 βίῳ
3621 2096 3790 2152 προσ.

2201 2169 2336 2223 ιέναι
2386 2168 2709 2239 ἐφιεμένους
2755 2166 3048 2238 τυγχάνειν
3077 2170 3178 2239 τῆς
3208 2168 3508 2240 ἐπιθυμίας
3557 2173 3657 2242 οὐχ
3700 2166 3790 2236 εἷς

2199 2270 2294 2325 καὶ
2320 2271 2348 2323 ὁ
2372 2267 2556 2332 αὐτὸς,
2586 2265 2704 2319 ἀλλ’
2737 2264 2928 2335 ἕτερος
2961 2263 3057 2317 καὶ
3086 2262 3275 2335 ἑτερος
3295 2267 3407 2330 τοῖς
3440 2265 3604 2330 θείοις
3625 2266 3789 2338 ἡμῶν

2200 2361 2444 2432 Πατράσι
2479 2356 2858 2430 διωρισμένος,
2893 2356 2974 2419 είς
3005 2354 3068 2409 τὸ
3088 2357 3184 2411 καὶ
3209 2357 3388 2429 τούτῳ
3409 2359 3688 2429 διαιτῆσαι
3706 2360 3790 2431 τῷ

2203 2451 2358 2522 μέρει
2391 2450 2484 2504 καὶ
2508 2447 2845 2518 συμδιδάσαι
2877 2445 2976 2515 τὴν
3006 2443 3275 2504 δοκοῦσαν
3302 2449 3661 2521 ἐναντιότητα
3689 2467 3791 2504 κα-

2203 2543 2471 2614 ταστῆναι
2492 2538 2967 2613 παρεσκευάσατο.

2272 2716 2632 2789 Τοιγαροῦν⁸⁰
2672 2715 2771 2771 σύν
2803 2733 2862 2770 τε
2891 2715 2972 2787 τῷ
2994 2711 3290 2786 ἁγιωτάτῳ
3336 2712 3654 2784 πατριάρχῃ
3689 2711 3791 2765 καὶ

2203 2813 2314 2875 τοῖς
2338 2810 2775 2880 θεοφιλεστάτοις
2815 2808 3244 2878 μητροπολίταις
3275 2805 3312 2860 ἃ
3337 2821 3398 2859 τε
3434 2804 3609 2875 μέγας
3640 2803 3737 2858 καὶ
3765 2803 3795 2855 δ

2205 2902 2514 2974 θαυμαστὸς
2539 2900 2894 2964 ἀποθεσπίζει
2918 2899 3197 2963 Βασίλειος
3209 2899 3252 2932 ³¹
3281 2897 3448 2968 (φημὶ
3468 2897 3533 2955 δὴ
3562 2895 3711 2951 κατά
3733 2895 3796 2950 τὸ

2210 2995 2602 3050 ἑκκαιδέκατον
2629 2995 2730 3064 τῆς
2758 2993 2978 3065 ἡλικίας
3025 2991 3143 3057 ἔτος
3171 2992 3203 3064 ἢ
3233 2992 3296 3046 τὸ
3325 2989 3796 3046 ἑπτακαιδέκατον

2207 3087 2488 3156 ἀξιοῦσθαι
2509 3087 2602 3141 τοῦ
2633 3086 2898 3156 μονήρους
2923 3086 3200 3156 σχήματος
3223 3084 3350 3146 τοὺς
3375 3082 3794 3152 ἀσπαζομινους

526 3167 836 3225 istiusmodi
854 3173 1022 3225 vitam
1047 3181 1416 3241 capesserent,
1434 3174 1813 3246 suscipiendos
1842 3192 1964 3234 esse
1991 3193 2108 3232 mo-

2211 3182 2385 3247 αὐτὸ),
2417 3181 2510 3234 καὶ
2559 3179 2703 3248 ἅπερ
2753 3179 2788 3250 ἡ
2838 3177 2969 3246 ἁγία
3001 3176 3136 3249 ἑκτη
3167 3175 3471 3230 ἑντέλλεται
3509 3173 3731 3238 σύνοδος
3749 3175 3791 3208 ¹¹

529 3272 667 3313 nens
692 3275 706 3311 :
740 3257 860 3313 haec
887 3275 1009 3315 cum
1041 3262 1301 3317 sanciiss.
1341 3263 1654 3336 patriarcha
1684 3265 1888 3337 Deique
1916 3281 2110 3321 aman-

525 3348 757 3406 tissimis
781 3353 1213 3423 metropolitanis
1239 3353 1528 3425 diligenter
1551 3357 1942 3426 expendentes,
1973 3375 2128 3413 neu-.

529 3451 668 3496 tram
699 3458 979 3498 sacrarum
1015 3445 1446 3515 legumdiximus
1467 3463 1589 3503 esse
1627 3450 2109 3517 contemnendam,

529 3534 625 3590 sed
646 3546 836 3590 contra
853 3537 919 3591 ad
947 3547 1242 3608 utrumque
1267 3547 1488 3609 tempus
1520 3541 1779 3610 religioso
1798 3542 1988 3598 habitu
2018 3543 2110 3612 qui

530 3625 686 3682 illum
721 3643 943 3686 sumere
988 3629 1219 3700 cupiunt
1253 3630 1449 3701 dignos
1482 3632 1683 3690 habere
1726 3634 2008 3705 jubemus.

602 3805 678 3860 De
693 3807 959 3862 bonorum
979 3817 1157 3865 autem
1172 3811 1529 3883 dispositione
1543 3813 1866 3882 peculiarem
1891 3822 2123 3868 sentenn

528 3899 661 3956 tiam
676 3904 1170 3972 pronuntiavimus,
1192 3913 1458 3977 utnempe
1474 3908 1566 3977 qui
1599 3915 1758 3962 sexto
1781 3907 1994 3961 decimo
2021 3918 2114 3963 aut

531 3988 745 4048 decimo
760 3995 1215 4064 septimojtouderi
1231 3997 1483 4060 voluerit,
1497 3998 1564 4052 de
1582 3999 1745 4054 rebus
1763 3998 1878 4054 suis
1896 4014 2112 4068 quomo-

533 4085 604 4140 do
624 4085 770 4147 velit,
787 4094 1025 4142 statuere
1060 4088 1170 4158 (64)
1199 4091 1391 4159 possit.
1413 4089 1679 4145 Existimo
1706 4092 1849 4145 enim
1869 4101 2114 4162 propter-

532 4192 597 4233 ea
621 4179 788 4233 etiam
812 4195 1067 4249 magnum
1092 4181 1242 4234 illum
1272 4180 1529 4236 Basiliam
1556 4185 1657 4237 hoc
1678 4190 1893 4252 tempus
1923 4182 2115 4250 huius-

534 4269 679 4325 modi
708 4271 912 4326 actioni
956 4273 1242 4339 tribuisse,
1273 4273 1418 4344 quod
1450 4273 1517 4329 ad
1551 4274 1602 4328 id
1649 4275 1902 4344 legitimae
1927 4275 2110 4330 aetatis

533 4361 825 4432 requisitio
891 4363 955 4418 ad
1014 4365 1369 4421 statuendum
1407 4365 1475 4421 de
1519 4365 1682 4421 rebus
1728 4368 1842 4438 suis
1883 4367 2110 4436 impedi-

534 4465 721 4510 mento
754 4471 862 4510 non
881 4456 974 4512 sit.
1007 4456 1112 4523 Qui
1143 4473 1274 4512 vero
1303 4458 1515 4513 decimo
1535 4474 1679 4514 anno
1705 4459 1758 4514 in
1791 4463 2111 4518 monasticae

2209 3274 2420 3344 δεκάτῳ
2448 3271 2558 3326 ἔτει
2593 3268 3010 3343 προτρεπομένη
3041 3268 3140 3340 τὴν
3169 3269 3251 3333 είς
3275 3268 3367 3322 τὸν
3391 3266 3637 3322 τοιοῦτον
3681 3266 3801 3337 βίον

2211 3365 2320 3418 τῶν
2350 3365 2684 3437 προσιόντων
2719 3361 3053 3434 παραδοχὴν,
3088 3360 3261 3414 ταῦτα
3298 3360 3796 3430 διασκοπήσαντες,

2210 3458 2493 3526 οὐδετέρου
2521 3456 2627 3509 τῶν
2657 3455 2818 3526 ἱερῶν
2839 3455 3020 3525 νόμων
3046 3453 3358 3523 συνείδομεν
3377 3451 3798 3522 κατολιγωρετν,

2214 3549 2328 3604 ἀλλ’
2378 3547 2663 3614 ἀξιοῦσθαι
2728 3547 2828 3617 μὲν
2878 3547 2974 3600 τοῦ
3029 3545 3325 3616 σεϐασμίου
3376 3545 3801 3614 προστάσσομεν

2215 3639 2494 3708 σχήματος
2519 3635 2641 3690 καθ’
2665 3636 2924 3707 ἑκάτερον
2951 3635 3044 3689 τὸν
3071 3635 3266 3706 χρόνον
3289 3633 3416 3697 τοὺς
3442 3632 3800 3704 βουλομένους

2212 3730 2344 3784 αὐτὸ
2379 3726 2787 3798 ἑπανῃρῆσθαι.

2286 3822 2490 3875 Ἕνεκα
2533 3820 2589 3872 δὲ
2619 3821 2719 3890 τῆς
2750 3819 2860 3873 τῶν
2907 3819 3266 3892 ὑπαρχόντων
3300 3816 3617 3887 διοικήσεως
3647 3815 3795 3885 γνὼ-

2217 3931 2323 3984 μην
2381 3912 2513 3966 ίδίαν
2557 3911 2976 3982 ἀποφαινόμεθα
3003 3956 3018 3978 ,
3066 3910 3146 3981 τῷ
3203 3909 3302 3980 μὲν
3352 3909 3725 3980 ἑκκαιδεκάτῳ
3758 3910 3793 3980 ἦ

2214 4004 2662 4071 ἑπτακαιδεκάτῳ
2717 4002 3118 4072 ἀποκείρασθαί
3199 4018 3320 4054 τινα
3395 4000 3798 4071 βουληθέντα³⁸

2215 4096 2344 4165 περ),
2372 4094 2479 4147 τῶν
2513 4092 2732 4144 οἰκείων
2763 4092 2839 4155 ὡς
2868 4091 2934 4144 ἂν
2967 4090 3228 4161 βούληται
3260 4091 3594 4146 διατίθεσθαι
3618 4087 3797 4161 (οἶμαι

2214 4188 2321 4257 γὰρ
2346 4187 2431 4240 διὰ
2463 4185 2618 4238 τοῦτο
2648 4184 2742 4253 καὶ
2777 4183 2863 4236 τὸν
2896 4183 3069 4252 μέγαν
3096 4182 3398 4237 Βασίλειον
3425 4181 3616 4238 τοῦτον
3659 4183 3797 4236 άπο-

2211 4277 2397 4332 δοῦναι
2426 4276 2516 4330 τὸν
2545 4275 2734 4346 χρόνον
2764 4264 2840 4346 τῇ
2862 4275 3089 4347 τοιαύτῃ
3123 4273 3319 4345 πράξει
3345 4314 3360 4336 ,
3398 4274 3474 4338 ὼς
3507 4273 3630 4327 κατ’
3651 4275 3796 4327 ἐκεῖ.

2213 4381 2303 4420 νον
2330 4365 2429 4436 τῆς
2455 4363 2685 4434 νομίμου
2713 4362 2930 4435 ἡλικίας
2954 4355 3119 4433 μηδὲν
3149 4361 3398 4435 ἐμποδὼν
3429 4363 3594 4433 οὔσης
3625 4365 3707 4429 είς
3733 4366 3798 4419 th

2215 4459 2344 4529 περὶ
2367 4457 2477 4511 τῶν
2502 4456 2718 4510 οἰκείων
2749 4455 3184 4526 βουλεύσασθαι),
3205 4455 3284 4526 τῷ
3306 4455 3365 4510 δέ
3390 4473 3455 4525 γε
3474 4455 3553 4528 τῷ
3582 4456 3799 4528 δεκάτῳ

537 4545 663 4603 vita
699 4549 1121 4603 sanctimoniam
1148 4558 1362 4604 mutato
1383 4558 1528 4607 statu
1563 4553 1803 4608 transire
1831 4551 1887 4607 in
1921 4554 2106 4609 animo

2215 4551 2324 4606 ἑτει
2357 4551 2493 4622 πρὸς
2523 4549 2584 4603 τὸ
2610 4549 2808 4616 σεμνὸν
2848 4549 2950 4619 τῆς
2997 4549 3290 4620 μοναδικῆς
3321 4549 3595 4614 πολιτείας
3629 4567 3796 4619 μετα·-

538 4639 755 4700 habeat,
774 4651 831 4693 ut
850 4657 1025 4711 neque
1045 4641 1169 4696 huic
1199 4643 1460 4698 salutaris
1491 4654 1721 4699 conatus
1741 4643 2103 4714 impedimen-

538 4739 653 4784 tum
686 4733 902 4800 aliquod
934 4734 1118 4789 obviet
1155 4734 1280 4806 (hoc
1304 4735 1473 4802 enim,
1507 4745 1568 4790 ut
1600 4735 1836 4801 videtur,
1868 4745 1921 4791 et
1949 4752 2108 4792 sacra

538 4824 783 4893 synodus
818 4824 1152 4894 intelligens,
1189 4841 1254 4881 ac
1284 4827 1492 4894 volens,
1549 4835 1765 4897 tempus
1794 4845 1903 4899 quo
1940 4830 2104 4883 vitam

537 4917 891 4973 monasticam
921 4919 1071 4973 adire
1089 4928 1254 4979 esset.
1274 4920 1597 4994 ampliavit),
1619 4937 1684 4976 ne
1703 4928 1884 4977 tamen
1916 4922 1960 4977 is
1981 4938 2111 4992 quo-

539 5010 701 5065 modo
731 5011 1037 5068 istiusmodi
1064 5013 1226 5069 vitam
1262 5012 1506 5079 ineundi,
1543 5014 1623 5070 sic
1651 5013 1818 5069 etiam
1848 5014 1915 5069 de
1938 5018 2105 5070 rebus

2212 4642 2472 4708 τάξασθαι
2506 4640 2840 4712 διανοηθέντι
2873 4641 3007 4713 μηδὲ
3041 4640 3215 4713 τούτῳ
3248 4638 3511 4712 κωλύμην
3543 4643 3794 4713 ἀπαντᾷν

2212 4736 2305 4790 τοῦ
2341 4734 2609 4808 σωτηρίου
2635 4734 3061 4806 ἐπιχειρήματος
3088 4732 3269 4804 (τοῦτο
3301 4734 3410 4806 γὰρ
3434 4733 3578 4788 ἔοικε
3601 4733 3644 4766 ⁸⁸
3670 4751 3794 4788 συν-
3817 4767 3820 4772 -

2215 4829 2400 4884 ιδοῦσα
2431 4830 2524 4884 καὶ
2550 4829 2584 4899 ὴ
2616 4826 2740 4899 ἱερὰ
2779 4826 3015 4890 σύνοδος
3039 4827 3315 4881 συστεῖλαι
3349 4826 3443 4882 τὸν
3470 4827 3663 4898 χρόνον
3695 4829 3794 4899 τῆς

2211 4923 2289 4986 είς
2312 4921 2403 4975 τὸν
2427 4920 2727 4991 μονάζοντα
2753 4918 2866 4989 βίον
2885 4919 3297 4990 προσαγωγῆς),
3326 4917 3400 4989 μὴ
3430 4918 3616 4988 μέντοι
3643 4918 3794 4971 uel"

2208 5013 2504 5086 λαμϐάνειν
2555 5013 2716 5067 αὐτὸν
2764 5011 2954 5084 ὥσπερ
3002 5010 3100 5082 τὴν
3131 5012 3212 5075 είς
3247 5011 3337 5065 τὸν
3385 5010 3631 5065 τοιοῦτον
3680 5010 3823 5074 βίονς

1832 5105 2068 5162 VARle
2107 5104 2520 5163 LECTIONES.

595 5197 642 5229 ”
669 5197 767 5255 Est
797 5198 850 5253 in
902 5197 1017 5255 Ecl.
1051 5197 1186 5256 Nov.
1223 5217 1302 5256 Ill.

1409 5203 1452 5274 f°
1487 5200 1602 5259 Ecl.
1633 5200 1764 5256 hinc
1795 5202 2009 5274 initium
2044 5205 2211 5274 capit.
2295 5205 2338 5237 ⁸¹
2367 5201 2556 5274 Basilii
2611 5215 2683 5274 c.
2711 5201 2813 5274 _i8.
2901 5200 2946 5274 ξ’
2978 5214 3030 5256 c.
3086 5198 3178 5256 40.
3274 5189 3320 5234 ’δ
3345 5198 3461 5258 Ecl.
3485 5216 3614 5256 τινι
3667 5200 3784 5272 βου-

537 5268 773 5341 ληθέντι.
844 5269 892 5303 ⁸⁸
924 5269 1017 5327 Sic
1043 5270 1156 5326 Ecl.
1197 5285 1253 5328 et
1292 5272 1357 5326 Η.
1389 5272 1734 5343 Stephanus;
1769 5272 1929 5328 codd.
1953 5281 2007 5329 et
2039 5268 2274 5345 Sci-iulg.
2303 5274 2378 5338 ὡς
2412 5273 2577 5328 ἔοικε.
2638 5273 2684 5305 ³⁸
2711 5270 2823 5328 Ecl.
2851 5270 3125 5342 μέντοιγε.

2045 5367 2278 5424 NOTAE.

611 5457 818 5530 (δί-60)
849 5456 977 5530 V'id.
1015 5459 1068 5514 in
1093 5457 1336 5528 Corpore
1377 5457 1644 5513 canonico
1671 5458 1848 5530 ea”.
1883 5458 2112 5513 extrade

539 5529 877 5601 temporibus
889 5529 1293 5585 ordinationum
1311 5538 1365 5583 et
1379 5530 1639 5598 qualitate
1655 5529 2103 5601 ordinandorum,

540 5600 937 5656 ()Iementinam
970 5602 1037 5654 de
1063 5609 1244 5663 astate,
1290 5601 1558 5669 qualitate
1613 5600 2106 5669 praeficiendorum,

540 5682 663 5727 etc.
699 5670 750 5736 l,
783 5672 836 5733 8,
872 5671 957 5725 ll.
992 5669 1064 5726 De
1100 5667 1392 5740 regularih.
1421 5685 1544 5738 cap.
1576 5667 1673 5740 ult.
1707 5669 1780 5740 De
1813 5667 2106 5737 temporib.

539 5741 778 5796 ordinat.
812 5742 865 5795 in
886 5742 939 5795 6.
976 5753 1032 5797 et
1055 5739 1302 5796 distinct.
1323 5741 1408 5796 77.
1441 5756 1562 5810 cap.
1609 5739 2033 5810 Subdiacouus,
2057 5745 2110 5792 et

543 5812 790 5866 distinct.
827 5812 912 5866 78.
933 5829 983 5868 c.
1009 5813 1151 5879 Quid
1176 5823 1260 5867 est
1293 5834 1306 5866 :
1337 5820 1390 5865 et
1426 5814 1476 5878 l,
1504 5827 1560 5879 q.
1594 5813 1644 5870 l.
1665 5826 1716 5864 c.
1740 5812 1943 5865 Estcte.
1972 5809 2110 5879 adde

547 5881 782 5952 Viglium
804 5883 856 5937 5.
903 5878 1139 5940 methodi
1181 5883 1316 5950 iuris
1343 5878 1610 5940 oontilicii
1635 5881 1688 5950 4,
1726 5893 1878 5937 num.
1908 5879 1996 5934 57.
2028 5878 2107 5933 Ah

2221 5458 2449 5529 infantia
2496 5457 2744 5529 potuisse
2804 5457 3103 5512 monachos
3156 5453 3274 5511 ﬁeri
3317 5463 3534 5512 cons-tat
3577 5470 3642 5511 ex
3676 5455 3789 5527 lege

2208 5530 2297 5586 53.
2325 5546 2375 5586 c.
2404 5528 2478 5584 De
2502 5528 2745 5598 episcop.

2286 5600 2399 5670 (6|)
2430 5599 2488 5653 In
2507 5597 2738 5670 epistola
2768 5598 2834 5654 ad
2856 5597 3322 5668 Amphilochium,
3357 5613 3569 5652 canone
3596 5597 3684 5656 l8.

2310 5671 2381 5726 δί
2409 5670 2464 5724 In
2506 5669 2718 5723 Trullo.

2309 5741 2401 5812 65)
2427 5740 2652 5812 Canone
2690 5738 2779 5801 40,
2812 5739 2907 5812 ubi
2925 5739 3037 5812 vid.
3056 5738 3485 5812 ⁸βειιιειῐιοηοιη⁸

2284 5808 2397 5883 (64)
2428 5811 2482 5868 ld
2517 5819 2619 5870 est.
2646 5810 2858 5866 testari.
2885 5810 3035 5867 Adde
3056 5808 3189 5867 Nov.
3223 5809 3256 5864 6
3295 5808 3416 5864 eod.
