4080 6302
471 279 579 345 443

468 485 879 556 archiepiscopo
915 488 970 536 et
989 477 1314 550 patriarcha:
1344 476 1662 532 universali.

540 723 674 780 Cum
704 723 931 793 alioqui,
959 722 1052 792 qui
1099 723 1463 791 incomposite
1499 720 1684 775 vivere
1719 720 2040 783 instituunt,

465 830 530 869 ac
560 829 672 884 prae
700 812 936 869 laudatis
965 815 1209 868 moribus
1271 823 1558 868 sectantur
1609 813 1870 877 vitiosos,
1901 828 2042 882 quo-

467 909 786 978 tiescunque
811 908 996 977 tiagitii
1024 908 1318 979 quidquam
1365 906 1678 976 designasse
1705 903 2032 974 deprehensi

466 1001 594 1065 sint,
629 1002 830 1054 malum
863 1003 1104 1070 ipsorum
1139 1001 1450 1054 institutum
1502 998 1856 1052 multifariam
1885 1013 2041 1051 coer-

468 1102 680 1160 ceatur,
724 1109 821 1148 nec
847 1093 1151 1164 improbam
1191 1094 1588 1160 scelestamque
1623 1093 1954 1144 voluntatem
1985 1097 2041 1144 et

465 1188 802 1242 molitionem
883 1188 1229 1241 correctione
1288 1201 1486 1240 vacare
1544 1185 1843 1238 toleretnr:
1894 1184 2040 1238 subit

466 1279 670 1337 mirari.
708 1280 981 1348 quomodo
1013 1280 1094 1332 lex
1126 1286 1287 1333 vetus
1319 1278 1386 1332 iis
1420 1277 1510 1347 qui
1547 1277 1868 1332 monasticae
1914 1276 2038 1330 vitae

461 1373 846 1426 exercitationi
880 1387 939 1425 se
977 1373 1407 1442 rnancipassent,
1436 1371 1650 1438 [deinde
1682 1385 1814 1424 vero
1839 1369 2034 1425 statio-

463 1465 666 1518 tionem
701 1479 854 1518 suam
880 1473 934 1518 et
961 1465 1206 1517 ordinem
1229 1463 1622 1526 deseruissent,
1652 1463 2038 1531 quomodoque

462 1572 632 1611 sacra:
681 1558 872 1612 litterae
947 1557 1058 1627 (69)
1131 1557 1373 1625 habent,
1439 1569 1695 1626 tanquam
1756 1569 1921 1609 canes
1966 1554 2034 1608 ad

468 1666 629 1705 suum
663 1651 902 1719 ipsorum
934 1651 1220 1716 vomitum,
1263 1661 1357 1702 aut
1381 1665 1508 1704 sues
1536 1651 1599 1700 ad
1633 1648 1877 1717 pristinae
1910 1645 2036 1700 vita:

1712 272 1992 336 LEUNIS
2026 272 2485 334 PHILOSOPHI

536 396 677 449 Idem
728 392 860 460 imp.
893 386 1174 458 Stephano
1217 387 1568 442 sanctissimo
1622 385 2044 455 Constantinop.
2076 389 2122 449 Α

3607 271 3707 335 444

2220 383 2277 436 '0
2309 385 2470 447 αὐτὸς
2521 382 2773 453 βασιλεὺς
2822 383 3079 454 Στεφάνῳ
3112 383 3191 455 τῷ
3223 383 3515 453 ἁγιωτάτῳ
3566 386 3722 455 ἀρχι-

2147 479 2432 549 επισκὸπῳ
2457 477 3078 541 Κωνσταντινουπόλεως
3107 478 3203 531 καὶ
3229 479 3596 550 οἱκουμενικῷ
3625 496 3726 533 πα-

2145 569 2401 642 τριάρχῃ.

2216 722 2338 775 Τῶν
2369 724 2620 788 ἀτάκτως
2655 724 2756 795 ζῇν
2786 724 3164 794 προελομένων
3195 725 3287 778 καὶ
3311 726 3429 778 ἀντὶ
3450 725 3541 777 τοῦ
3570 727 3724 780 ἐπαιο

2143 815 2297 868 νετοῦ
2329 817 2455 896 βίου,
2477 819 2566 871 τὸν
2593 819 2795 887 φαῦλον
2827 820 3265 889 μετερχομένων,
3300 820 3487 882 ὁσάκις
3522 819 3588 872 ἂν
3623 838 3722 874 πο-

2143 909 2314 976 νηρᾶς
2371 909 2620 980 πράξεως
2671 910 2899 982 ἐργάται
2961 911 3276 979 φωραθῶσι,
3313 913 3411 978 τῆς
3458 913 3722 983 κακίστης

2141 1004 2367 1075 γνώμης
2401 1003 2753 1074 πολυτρόπως
2804 1004 3259 1074 ἀνακοπτομένων
3279 1005 3322 1034 δ’
3367 1008 3460 1058 καὶ
3500 1005 3601 1076 τῆς
3633 1023 3726 1077 μο-

2139 1099 2351 1172 χθηρᾶς
2377 1097 2471 1152 καὶ
2505 1095 2789 1163 ἐξάγιστον
2820 1096 3126 1167 βουλήσεως
3153 1097 3250 1151 καὶ
3278 1099 3455 1168 ὁρμῆς
3481 1101 3543 1153 οὐ
3589 1117 3726 1167 συγ-

2140 1190 2491 1264 χωρουμένης
2519 1189 2935 1260 ἀνεπιτιμήτου,
2972 1189 3256 1260 θαυμάξω,
3291 1190 3406 1258 πῶς
3437 1190 3600 1260 νόμος
3630 1193 3728 1262 ἀρ-

2140 1287 2292 1356 χαῖος
2341 1283 2467 1347 τοὺς
2513 1283 2590 1345 είς
2619 1281 2711 1335 τὸν
2746 1282 2933 1350 ἀγῶνα
2974 1282 3076 1352 τῆς
3125 1283 3420 1354 μοναχικῆς
3454 1284 3726 1348 πολιτείας

2138 1374 2533 1446 ὲμδεόηκὸτας,
2561 1371 2679 1427 εἶτα
2701 1375 3237 1445 λειποτακτήσαντας
3266 1376 3357 1428 καὶ
3384 1375 3523 1429 κατὰ
3545 1377 3606 1429 τὸ
3638 1376 3728 1429 λό-

2139 1485 2256 1536 γιον
2281 1467 2470 1539 ὥσπερ
2500 1460 2669 1531 κύνας
2703 1467 2838 1538 πρὸς
2866 1469 2957 1521 τὸν
2985 1469 3116 1520 ίδιον
3141 1467 3335 1537 ἔμετον
3365 1467 3396 1537 ἦ
3432 1467 3565 1531 σύας
3589 1470 3725 1540 πρὸς

2136 1559 2229 1612 τὸν
2261 1558 2355 1611 τοῦ
2391 1547 2664 1630 προτέρου
2710 1560 2828 1629 βίου
2861 1558 3124 1632 βόρϐορον
3165 1561 3600 1629 ἐπιστραφέντας
3630 1562 3724 1614 καὶ

2139 1651 2274 1721 πρὸς
2327 1650 2388 1703 τὸ
2433 1649 2621 1703 λαῖκδν
2669 1651 2765 1704 καὶ
2818 1651 3004 1722 σχῆμα
3035 1651 3129 1705 καὶ
3172 1651 3359 1722 τάγμα
3401 1650 3724 1717 ἐντάξαντας

460 1747 739 1797 εωηοειιιιι
796 1743 1038 1796 cloacam
1086 1742 1291 1797 reversi
1342 1751 1632 1803 essent,ae
1684 1738 2034 1809 profanorum

2140 1743 2386 1806 ἑαυτοὺς,
2440 1743 2650 1812 ἀφῆκεν
2699 1743 2779 1806 είς
2827 1743 2979 1806 τέλος
3023 1744 3084 1796 τὸ
3125 1744 3338 1798 ἀνόσιον
3388 1744 3725 1815 ἐπιχείρημα

464 1835 517 1887 in
545 1835 734 1888 habitu
768 1842 1025 1903 statuque
1057 1850 1114 1889 se
1149 1835 1250 1904 ipsi
1294 1834 1691 1895 collocassent,
1722 1832 2031 1901 improbum

463 1926 564 1980 huc
596 1927 780 1981 scelus
812 1927 1009 1979 tentari
1040 1927 1268 1981 omnino
1290 1924 1474 1994 perlici
1513 1924 1842 1992 permiserit.
1871 1920 2036 1975 Jubet

462 2017 631 2084 enim,
671 2025 730 2071 ut
763 2017 856 2085 qui
881 2019 1049 2071 semel
1082 2019 1399 2071 monasticae
1424 2016 1550 2069 vita:
1604 2015 1918 2068 institutum
1952 2029 2036 2067 re-

463 2110 740 2178 liquerim,
776 2109 920 2163 unde
951 2108 1222 2178 ﬂagitiose
1268 2109 1534 2173 exissent,
1583 2114 2032 2162 reverterentur:

459 2207 553 2274 qui
579 2218 707 2258 vero
732 2205 931 2256 iterum
964 2204 1165 2274 (70-74)
1191 2202 1243 2258 id
1269 2203 1389 2257 ausi
1408 2209 1693 2267 essent,ex
1713 2212 1895 2256 emem
1904 2216 2034 2271 pore

462 2301 603 2365 pulsi
634 2303 987 2364 monacbatu,
1018 2300 1166 2354 inter
1204 2298 1515 2352 cohortales
1549 2295 1904 2366 provincialis
1936 2310 2034 2349 co-

462 2393 634 2449 hortis
655 2400 1077 2448 recenserentur
1103 2391 1235 2460 (75).
1268 2390 1428 2458 Atqui
1465 2389 1510 2444 si
1535 2396 1593 2442 ut
1647 2389 1896 2442 desertor
1941 2402 2037 2442 or-

459 2485 604 2538 dinis
637 2484 991 2556 profanorum
1025 2483 1215 2537 habitu
1243 2482 1586 2553 indueretur,
1614 2480 1664 2533 id
1702 2479 1778 2532 illi
1822 2487 2030 2532 statutu

461 2575 751 2643 pulchrum
785 2576 962 2630 visum
995 2575 1117 2637 fuit,
1146 2573 1275 2643 quid
1296 2587 1478 2626 causa;
1508 2581 1591 2626 est
1617 2587 1714 2624 cur
1749 2572 1928 2640 ipsum
1962 2570 2034 2624 ab

460 2664 618 2720 initio
649 2667 725 2721 ita
758 2683 865 2721 non
900 2664 1145 2721 vestierit
1174 2680 1189 2718 :
1215 2663 1309 2717 sed
1339 2672 1397 2717 ut
1424 2663 1515 2733 qui
1564 2662 1867 2717 monachus
1909 2677 2036 2733 pro-

462 2756 749 2814 fessionem
813 2773 969 2814 snam
1038 2756 1204 2812 semel
1255 2754 1609 2818 deseruerit,
1661 2755 1708 2809 is
1766 2754 1832 2808 ad
1887 2754 2035 2807 illam

461 2851 765 2919 quamlibet
811 2851 1015 2906 invitus
1066 2850 1244 2905 denuo
1292 2856 1598 2919 cogeretur,
1646 2845 2041 2902 constituerit?

463 2941 519 2998 Si
559 2945 664 3000 hoc
707 2946 779 2998 ita
818 2944 1035 3014 praecipi
1065 2944 1324 2997 decorum
1374 2941 1602 3010 putavit,
1633 2954 1805 3010 quare
1836 2939 1890 2992 in
1940 2953 2037 2992 eo-

2133 1834 2307 1903 άγειν.
2343 1835 2678 1906 Προστὰττει
2706 1836 2812 1907 γὰρ
2847 1837 3045 1898 αὐτοὺς
3077 1836 3225 1901 ἅπαξ
3253 1837 3351 1907 μὲν
3383 1835 3481 1907 τὴν
3512 1839 3723 1907 μονήρη

2132 1927 2410 1981 πολιτείαν
2438 1927 2697 1991 λιπόντας
2719 1927 2842 1980 ὅθεν
2878 1925 3066 1990 κακῶς
3096 1927 3318 1997 ἐξῆλθον
3353 1925 3725 1996 ἁνθυποστρέ-

2134 2019 2352 2091 φεσθαι,
2398 2019 2562 2073 πάλιν
2587 2019 2644 2073 δὲ
2677 2019 2835 2072 τοῦτο
2880 2019 3259 2090 τολμήσαντας
3302 2018 3425 2072 ἀντὶ
3469 2016 3724 2089 μοναχιῖΝ

2135 2114 2215 2172 είς
2247 2110 2587 2182 στρατιώτας
2619 2111 2677 2178 ἐξ
2708 2111 2919 2165 ἐκείνου
2956 2109 3152 2181 καιροῦ
3191 2110 3497 2180 ἐπαρχικῆς
3523 2108 3726 2176 τάξεως

2134 2204 2558 2276 παραγγέλλειν.
2588 2205 2780 2258 Καίτοι
2809 2207 2857 2257 εἰ
2882 2203 3043 2257 τοῦτο
3078 2203 3245 2258 καλὸν
3287 2201 3437 2272 αὑτῷ
3468 2201 3726 2273 διορίζειν

2135 2299 2308 2366 ἐφάνη
2357 2298 2419 2350 τὸ
2465 2297 2599 2367 πρὸς
2647 2298 2836 2350 λαῖκὺν
2885 2295 3387 2368 μεταμφιέννυσθαι
3420 2295 3606 2366 σχῆμα
3636 2295 3728 2348 τὸν

2136 2389 2520 2459 λειποτάκτην,
2554 2389 2608 2442 τί
2643 2389 2720 2459 μὴ
2750 2390 2845 2442 ἀπ’
2867 2389 3042 2459 ἀρχῆς
3074 2388 3235 2441 αὑτὸν
3279 2387 3453 2450 οὕτως
3500 2388 3732 2456 ἀμφιεν-

2138 2477 2275 2542 νύει,
2307 2479 2422 2532 ἀλλ’
2445 2481 2618 2548 ὁρίζει
2647 2479 2738 2533 τὸν
2767 2478 2914 2545 ἅπαξ
2947 2477 3289 2549 ἁθετήσαντα
3318 2479 3378 2531 τὸ
3410 2478 3610 2532 οἰκεῖον
3635 2479 3729 2530 ἐπ-

2140 2570 2392 2639 άγγελμα
2423 2571 2696 2640 μοναστὴν
2730 2571 2824 2624 καὶ
2854 2572 3054 2625 ἄκοντα
3090 2572 3226 2642 πρὸς
3266 2571 3444 2624 ἐκεῖνο
3473 2570 3731 2626 συνωθεί-

2144 2661 2267 2717 σθαι
2287 2679 2303 2694 ι
2334 2665 2381 2715 εί
2414 2664 2458 2716 δ’
2481 2663 2556 2724 ὡς
2586 2663 2759 2726 οὕτως
2788 2665 3000 2735 πρέπον
3032 2663 3309 2725 ἐκέλευσε,
3340 2663 3394 2716 τί
3425 2663 3501 2734 μὴ
3530 2663 3732 2732 φυλάτ-

2142 2772 2224 2808 τει
2268 2755 2366 2826 τῆν
2393 2755 2595 2825 ψῆφον,
2631 2756 2747 2810 ἀλλ’
2774 2755 2961 2828 ὥσπερ
2992 2757 3057 2810 ἐκ
3095 2756 3462 2827 μεταμελείας
3510 2757 3591 2817 είς
3636 2755 3730 2813 τὸν

2147 2847 2537 2916 στρατιωτικὸν
2603 2847 2727 2917 ἄγει
2776 2846 2890 2918 βίον
2938 2847 3032 2900 τὸν
3080 2845 3263 2921 ἄθλιον
3305 2850 3514 2901 ἐκεῖνον
3561 2864 3729 2917 μονα-

2148 2939 2280 3009 στήν
2306 2955 2321 3005 ;

460 3037 582 3092 dem
615 3038 837 3093 decreto
892 3052 999 3092 non
1056 3036 1334 3102 consistit,
1388 3036 1482 3091 sed
1536 3044 1793 3103 tanquam
1851 3035 2030 3101 ipsum
2073 3032 2255 3101 placiti
2285 3033 2371 3087 sui
2401 3032 2689 3102 paeniteat,
2727 3031 2989 3087 miserum
3017 3031 3171 3087 illum
3238 3032 3574 3087 monachum
3660 3029 3729 3084 ad

462 3131 753 3187 militarem
777 3133 945 3185 vitam
975 3129 1286 3203 protrahit?

531 3293 882 3364 Nequaquam
915 3309 1046 3350 vero
1079 3293 1131 3348 id
1173 3292 1332 3348 nobis
1379 3306 1500 3346 esse
1524 3289 1604 3346 fas
1653 3289 1891 3350 videtur,
1924 3301 2025 3340 ne-

2202 3282 2465 3355 Οὑδαμῶς
2512 3281 2606 3337 οὖν
2652 3283 2790 3354 ἡμῖν
2851 3281 3011 3336 τοῦτο
3059 3281 3281 3352 θεμιτον
3333 3280 3729 3349 καταφαίνεται

461 3405 568 3459 que
597 3387 707 3460 (76)
745 3389 836 3458 qui
869 3388 922 3443 in
946 3389 1146 3443 divinae
1187 3388 1395 3441 militiae
1436 3385 1548 3457 (77)
1606 3385 1846 3454 legiones
1881 3395 2031 3434 rece-

463 3490 590 3552 ptus
622 3483 716 3546 sit,
747 3481 891 3535 hunc
913 3481 965 3533 in
991 3478 1286 3533 mundanis
1310 3477 1520 3532 militiis
1552 3477 1731 3546 placet
1751 3471 2030 3528 collocari.

465 3578 533 3627 At
560 3583 775 3648 contra,
803 3571 945 3641 quod
993 3569 1376 3625 ecclesiastico
1407 3566 1586 3621 ordini
1625 3562 1906 3619 observari
1939 3560 2033 3615 de-

465 3666 591 3719 bere
619 3665 797 3718 visqu
833 3671 938 3724 est,
968 3672 1026 3715 ut
1049 3661 1096 3718 si
1141 3662 1266 3730 quis
1315 3659 1517 3728 Saepius
1571 3659 1737 3710 vitam
1768 3652 2035 3708 monasti-

463 3771 582 3810 cam
613 3765 937 3824 aspernatus
965 3764 1213 3823 vagetur,
1246 3753 1372 3806 huic
1425 3749 1718 3820 prol‘anum
1777 3745 2022 3801 habitum

465 3847 708 3917 recipere
724 3862 832 3901 non
864 3848 1218 3911 concedatur,
1237 3846 1288 3898 id
1320 3861 1414 3914 per
1442 3843 1610 3912 legem
1636 3841 1801 3895 etiam
1830 3852 1927 3892 nos
1949 3836 2034 3902 ju-

465 3939 678 3994 bemus.
712 3938 769 3993 Si
791 3940 937 3994 enim
962 3941 1053 4009 qui
1096 3940 1262 3992 vitam
1291 3936 1654 3992 monasticam
1677 3935 1846 3997 exuit,
1878 3947 2036 3986 mun-

464 4029 620 4083 dana:
651 4030 948 4100 voluptatis
972 4031 1116 4085 velut
1162 4030 1312 4100 asylo
1335 4030 1588 4081 concitus
1622 4025 1676 4080 id
1713 4025 1883 4078 facit:
1914 4039 2037 4093 qua:

464 4121 604 4175 ratio
634 4131 740 4182 est,
777 4124 993 4175 tametsi
1024 4122 1192 4175 semel
1213 4120 1527 4191 cupiditatis
1563 4133 1678 4172 sua:
1729 4124 1880 4170 motu
1907 4131 2037 4186 pro-

467 4212 674 4268 hibitus
697 4214 789 4276 sit,
815 4228 939 4268 cum
977 4216 1022 4270 si
1057 4229 1279 4268 rursum
1330 4213 1396 4266 ad
1432 4214 1535 4266 hoc
1571 4209 1886 4265 faciendum
1915 4208 2038 4261 ani-

467 4320 614 4358 mum
634 4306 895 4376 appellat,
942 4323 1001 4360 se
1045 4307 1110 4362 ad
1173 4308 1333 4360 linem
1388 4305 1633 4360 insolens
1664 4317 1823 4357 suum
1851 4300 2039 4354 cousi-

467 4395 598 4451 lium
635 4399 1050 4468 perducturum,
1076 4415 1138 4452 ac
1165 4400 1218 4451 in
1247 4396 1602 4467 profanorum
1647 4401 1914 4449 statutum
1949 4408 2039 4447 re-

467 4489 778 4558 cipiendum
817 4507 938 4547 esse
977 4493 1137 4557 sciat,
1195 4501 1253 4545 ut
1309 4492 1354 4545 is
1399 4506 1506 4544 non
1565 4489 1823 4543 omnibus
1866 4486 2041 4539 modis

470 4585 784 4638 monastica:
838 4589 960 4640 vita:
1006 4587 1318 4641 institutum
1379 4585 1575 4640 iterum
1634 4580 1918 4636 communi
1962 4580 2041 4634 vi-

470 4675 629 4728 vendi
660 4677 819 4730 modo
852 4675 1061 4732 mutet?

2135 3379 2255 3433 οὐδὲ
2303 3378 2394 3432 τὸν
2443 3376 2861 3449 ἐπανῃρημένον
2888 3375 2989 3446 τῆς
3021 3374 3171 3437 Θείας
3212 3371 3596 3444 στρατολογίας
3627 3373 3728 3442 τὴν

2133 3472 2287 3536 τάξιν
2329 3473 2410 3535 εἰς
2453 3470 2722 3540 κοσμικὰς
2761 3467 3148 3540 στρατολογίας
3179 3465 3420 3540 ἀρέσκει
3462 3465 3724 3535 τετάχθαι

2134 3564 2248 3617 ἀλλ’
2277 3564 2414 3634 ὅπερ
2446 3564 2478 3632 ἡ
2515 3539 2942 3632 ἐκκλησιαστικὴ
2986 3558 3275 3628 φυλάττειν
3305 3539 3724 3613 οἷδεἏκατὰστα-

2137 3675 2220 3721 σις
2245 3657 2308 3710 οὐ
2344 3652 2703 3725 συγχωροῦσα
2730 3653 2920 3706 λαῖκὸν
2949 3651 3354 3720 ἀναλαμϐάνειν
3389 3650 3596 3719 σχῆμα,
3622 3649 3726 3703 κᾶν

2137 3749 2392 3811 πολλάκις
2413 3746 2550 3818 axon
2573 3764 2656 3809 τις
2683 3746 2774 3799 τὸν
2806 3745 3019 3816 μονήρη
3046 3743 3160 3815 βίον
3188 3742 3420 3806 ἀθετῶν,
3443 3739 3602 3793 τοῦτο
3628 3740 3723 3794 καὶ

2136 3843 2297 3912 ἡμεῖς
2329 3840 2479 3910 νόμῳ
2521 3837 2836 3907 κελεύομεν.
2869 3837 2932 3891 Ei
2983 3838 3093 3906 γὰρ
3140 3837 3168 3887 ὁ
3212 3833 3304 3886 τὸν
3354 3833 3556 3902 μονάδα
3609 3831 3723 3902 βίον

2136 3931 2503 4001 ἀποδυόμενος
2531 3931 2733 4001 οἴστρῳ
2761 3929 3029 3999 κοσμικῆς
3059 3928 3251 3996 ἡδονῆς
3297 3925 3722 3994 ἀνακινούμενος

2136 4029 2294 4084 τοῦτο
2324 4027 2574 4100 πράττει,
2610 4025 2751 4091 πῶς,
2785 4025 2890 4079 κᾶν
2917 4025 3069 4089 ἅπαξ
3105 4021 3368 4093 ἐπισχεθῇ
3397 4022 3497 4090 τῆς
3524 4021 3721 4091 ὁρμῆς,

2138 4123 2292 4183 εἰδὼς
2319 4122 2403 4177 δτι
2438 4120 2599 4174 πάλιν
2645 4120 2737 4172 ἐπὶ
2777 4117 2932 4171 τοῦτο
2966 4118 3220 4188 ὁρμήσας
3258 4115 3320 4168 τὸ
3362 4115 3563 4168 άτοπον
3597 4113 3725 4183 βού-

2137 4215 2291 4286 λημα
2315 4215 2395 4277 εἰς
2427 4213 2602 4282 πέρας
2622 4211 2794 4277 ἐξειδδ
2817 4210 3216 4281 προαγόμενον.
3238 4206 3337 4275 τῆς
3354 4207 3544 4276 λαῖκῆς
3562 4204 3724 4257 αὑτὸν

2140 4303 2518 4377 ὑποσχομένης
2558 4301 2948 4362 καταστάσεως
2971 4339 2986 4364 ,
3024 4300 3144 4369 οὐχὶ
3192 4299 3356 4351 παντὶ
3404 4299 3593 4367 τρόπῳ
3632 4297 3726 4374 καὶ

2141 4398 2306 4452 πάλιν
2336 4396 2408 4449 τὰ
2437 4393 2545 4448 τῶν
2575 4392 2783 4448 λαῖκῶν
2807 4393 2930 4448 ἀντὶ
2956 4392 3056 4464 τῆς
3106 4390 3401 4462 μοναδικῆς
3449 4387 3726 4452 πολιτείας

2141 4491 2427 4557 ἀλλάξεται
2453 4505 2466 4553 ;

1721 4878 1952 4934 VARUE
2001 4872 2293 4930 LECTION
2303 4871 2406 4926 εδ.

532 5021 576 5055 δ’
606 5022 793 5078 Melius
821 5021 961 5077 forte
998 5021 1468 5092 ἀνακοπτομένης.

1553 5018 1598 5050 ⁸⁸
1633 5017 1826 5072 Zuich.
1857 5026 1909 5070 et
1941 5013 2164 5069 Meerm.
2192 5009 2315 5068 cod.
2345 5007 2488 5074 ἄξει.

1972 5186 2208 5255 NOTAE,

544 5347 654 5419 (69)
681 5344 937 5419 Proverb.
965 5358 1119 5419 χχχι,
1152 5340 1381 5419 νεεδ.ίὲ
1409 5347 1464 5395 et
1498 5337 1538 5392 II
1575 5337 1720 5393 Petr.
1748 5352 1805 5390 ιι.

569 5413 761 5483 70.74)
789 5414 925 5468 Nov.
960 5415 1080 5473 r25.
1115 5428 1164 5466 c.
1185 5413 1274 5467 ιε.
1380 5481 1392 5483 _
1741 5430 1743 5432 ~

573 5490 664 5560 75)
699 5476 791 5543 Sic
820 5487 1068 5560 solebant
1112 5484 1296 5560 clerici
1362 5476 2040 5560 desertores-cohortibus
2138 5509 2142 5518 -

477 5549 675 5616 addici.
709 5560 846 5612 Nov.
896 5559 948 5616 6,
987 5567 1044 5609 ut
1074 5554 1416 5623 apparitores
1467 5549 1705 5623 praefecti
1743 5549 1885 5623 urbi,
1918 5562 2044 5623 cor-

476 5631 590 5702 pori
617 5633 900 5701 pistorum,
916 5630 955 5702 l.
975 5628 1028 5680 ‘2.
1135 5617 1200 5680 de
1218 5617 1619 5702 apparitoribus
1636 5619 1875 5702 praefecti.
1899 5617 2040 5702 urbi:

475 5687 815 5758 llissilniliter
844 5687 1152 5753 cohortales
1201 5687 1596 5749 addicebantur
1632 5689 1830 5743 Curiaé.
1861 5688 1898 5741 Ι.
1937 5687 2026 5758 58.

477 5756 623 5828 Cede
650 5771 1062 5834 decurionibus,
1095 5767 1174 5824 vel
1208 5765 1375 5823 suarii
1400 5763 1650 5830 pristino,
1678 5761 1714 5814 l.
1758 5760 1844 5815 l9.
1875 5758 1937 5814 C.
1960 5756 2028 5812 de

2134 5344 2284 5402 paen.
2321 5324 2456 5390 Nam
2491 5320 2832 5402 huiusmodi
2859 5317 3190 5402 mutatione“
3218 5309 3589 5402 cohortalium
3622 5319 3719 5365 aut

2138 5385 2449 5456 'suariorum
2478 5385 2722 5450 conditio
2750 5392 2986 5446 deterior
3017 5402 3123 5441 non
3157 5385 3349 5456 ﬁebat.

2210 5450 2421 5540 (iiilEt
2451 5466 2532 5540 ita
2559 5467 2855 5540 abrogatur
2885 5461 2940 5514 d.
2981 5456 3115 5540 l‘iov.
3238 5471 3288 5540 (ξ.
3319 5450 3552 5540 una“

2141 5520 2363 5608 milia,
2398 5539 2433 5591 ι.
2470 5535 2556 5600 ss,
2589 5535 2615 5607 §
2649 5520 2775 5588 iis.
2817 5531 2890 5585 De
2917 5529 3222 5608 episcopis,
3260 5527 3296 5580 ι.
3330 5525 3430 5578 ult.
3467 5521 3494 5591 ς
3527 5523 3580 5587 ι,
3609 5523 3634 5592 §

2145 5602 2433 5666 in'unyc.
2460 5608 2528 5661 de
2567 5602 2808 5672 e‘piscop.
2852 5602 2978 5673 gini.
3119 5668 3149 5673 __
3206 5666 3218 5673 _
3482 5662 3492 5673 ,
3644 5665 3652 5672 ,

2216 5683 2328 5752 (77)
2372 5679 2488 5733 Vid.
2551 5666 2694 5752 Nov.
2737 5666 2808 5752 ιε,
2847 5669 3051 5752 ιιμειιηΣ
3111 5666 3418 5752 Cedrennm
3481 5666 3533 5715 in
3610 5666 3714 5714 vita

2141 5735 2353 5810 Claudii
2384 5747 2751 5820 imperatoris,
2777 5744 3001 5797 Snidam
3037 5741 3091 5794 in
3123 5735 3377 5808 μοναχός.
