4058 6294
492 327 683 423 ω,

1715 340 2006 403 LEONIS‘
2023 335 2485 400 PHILOSOPHI

3637 335 3743 402 448

485 454 712 511 ηαειίοεο
751 450 874 507 vitae
901 448 1270 522 professione.
1334 436 1404 507 ad
1441 449 1736 522 tegendam
1789 450 2050 505 malitiam

2161 445 2262 501 τῶν
2287 445 2504 500 οἰκείων
2534 442 2812 500 δεσποτῶν
2858 442 3298 515 ἀποδιδράσκειν,
3319 443 3414 500 καὶ
3461 446 3746 518 πράγματι

480 546 633 602 abuti
665 543 914 600 videmus
940 542 1187 614 (cuilibet
1213 543 1498 600 enimvero
1528 543 1796 614 perfacile
1850 551 1955 608 est,
1995 550 2055 597 ut

481 638 548 693 ad
604 638 882 693 triennum
934 650 995 691 se
1048 635 1310 701 occultet.
1371 636 1682 707 deindeque
1741 636 2054 692 libertatem

483 731 898 800 consequatur).

546 903 834 972 Jubemns,
862 912 922 960 ut
954 914 1386 976 quantocunque
1437 914 1683 976 tempore
1735 921 1930 964 servus
1959 908 2054 964 tali

481 996 716 1052 consilio
773 996 1080 1052 monachus
1114 997 1297 1053 factus
1326 997 1635 1064 delituerit,
1662 998 1709 1054 si
1753 999 1933 1068 ipsum
1961 1000 2058 1056 ali-

480 1089 700 1158 quando
750 1088 1006 1144 dominus
1065 1089 1331 1152 inveniat,
1387 1090 1754 1147 nihilominus
1787 1094 1836 1147 is
1889 1108 2052 1162 quem

481 1183 626 1234 malo
666 1184 946 1251 proposito
967 1183 1212 1236 habitum
1237 1183 1498 1252 sumpsit,
1529 1185 1633 1239 hoc
1663 1186 2053 1256 exuatur(8i),

482 1289 818 1344 rursumque
842 1275 895 1329 in
921 1275 1131 1330 domini
1192 1286 1519 1347 potestatem
1559 1278 1869 1348 subigatur.
1915 1276 2054 1333 Nam

480 1366 622 1435 quod
654 1367 742 1437 pio
772 1366 967 1422 aﬂ‘ertu
1019 1367 1265 1423 habitum
1315 1369 1468 1422 illum
1504 1373 1824 1439 sumpserit,
1871 1387 2052 1441 quan-

479 1461 682 1513 tumvis
707 1459 758 1514 id
808 1460 988 1515 verbis
1038 1461 1154 1530 ipse
1204 1462 1392 1531 lingat,
1427 1477 1496 1516 ne
1526 1463 1633 1516 dici
1678 1465 1900 1531 quidem
1949 1480 2049 1533 po-

478 1559 606 1608 test.
639 1551 764 1607 Sive
790 1553 936 1605 enim
967 1566 1091 1606 cum
1157 1553 1422 1607 benevolo
1469 1554 1795 1623 placidoque
1828 1555 2052 1610 domino

478 1650 747 1709 uteretur,
787 1658 886 1712 pro
919 1658 1126 1705 amore,
1189 1643 1316 1697 odio
1370 1657 1660 1715 concepto,
1709 1644 1898 1716 fugere
1958 1646 2055 1702 deo

477 1738 732 1799 creverit,
751 1745 1007 1790 extremae
1037 1736 1446 1805 ingratitudinis
1482 1747 1535 1791 et
1558 1738 1928 1806 improbitatis
1956 1754 2050 1793 ar-

478 1835 798 1897 gumentum
835 1827 1040 1881 habes:
1077 1830 1190 1881 sive
1222 1837 1306 1896 (ut
1335 1839 1467 1882 sunt
1496 1843 1586 1883 res
1621 1828 1893 1900 humana!)
1933 1844 2049 1883 mo-

481 1917 660 1973 lestiis
691 1916 970 1985 etinjuria
1010 1915 1243 1971 aﬂ'ectus
1271 1933 1379 1971 non
1436 1918 1705 1983 tolerarit,
1743 1933 1809 1974 ac
1839 1919 2052 1974 idcirco

477 2008 757 2063 dominum
798 2008 1124 2072 deseruerit,
1151 2009 1424 2076 quomodo
1477 2023 1596 2063 eam
1656 2009 2050 2078 rempublicam

476 2099 862 2170 magnifaciet,
917 2114 1039 2170 quae
1094 2099 1242 2153 cives
1293 2116 1424 2155 suos
1474 2101 1530 2154 in
1589 2098 1793 2156 Christi
1833 2115 2052 2158 crucem

479 2202 532 2249 et
570 2201 796 2248 mortem
819 2195 1171 2247 continenter
1204 2192 1481 2260 reSpicere
1513 2193 1674 2248 vult?

935 2281 1403 2340 CUNSTITUTIO
1459 2285 1557 2340 XI.

480 2375 558 2432 De
583 2393 731 2431 servo
757 2375 845 2446 qui
869 2375 1146 2446 ignorante
1190 2374 1403 2430 domino
1430 2377 1706 2444 episcopus
1748 2376 1926 2446 factus
1953 2384 2052 2431 est.

554 2535 699 2588 Idem
732 2534 1028 2605 imperator
1057 2534 1332 2604 Stephano
1354 2535 1611 2590 sanctiss.
1635 2534 2055 2606 Constantinop.

481 2626 916 2697 archiepiscopo,
957 2638 1012 2682 et
1042 2628 1370 2696 patriarcha
1413 2629 1736 2682 universali.

555 2804 714 2872 Quod
743 2805 807 2860 de
829 2818 989 2860 servo
1009 2803 1214 2876 (85.86)
1243 2802 1341 2874 qui
1362 2804 1728 2862 venerandam
1766 2806 2056 2862 sacerdotii
2101 2867 2115 2879 ⁸

483 2898 806 2969 dignitatem
870 2899 1083 2954 furatus
1129 2901 1221 2965 sit,
1277 2901 1419 2956 idem
1475 2911 1530 2955 et
1581 2901 1648 2955 de
1715 2899 1823 2955 illis
1882 2901 2058 2955 servis

483 2994 685 3064 quibus
717 2993 1027 3048 -nesciente
1085 2993 1308 3050 domino
1358 2995 1428 3049 ad
1501 2994 1748 3065 primarii
1799 2995 2061 3049 sacerdoo

483 3086 542 3138 tii
589 3085 828 3140 honores
886 3086 1261 3142 conscendere
1313 3086 1491 3142 visum
1545 3094 1666 3152 est,
1699 3085 1997 3140 statuimus
2043 3103 2056 3138 :

484 3190 544 3233 ut
598 3177 848 3233 videlicet
903 3178 1206 3232 secundum
1279 3179 1669 3234 ecclesiasticae
1703 3178 2056 3232 constitutio—

483 3270 571 3325 nis
649 3269 981 3324 voluntatem
1057 3269 1445 3334 exauctorati,
1503 3269 1708 3325 honore
1770 3270 1827 3325 in
1896 3285 2059 3342 quem

485 3363 627 3415 clam
679 3361 1040 3431 irrepserint,
1081 3363 1403 3433 priventur,
1436 3370 1490 3416 et
1549 3361 1617 3432 ad
1663 3378 1823 3419 suum
1889 3363 2063 3419 servi-

491 3454 705 3521 lemque
768 3461 970 3507 statum
1038 3453 1394 3508 reducantur.
1442 3453 1559 3509 Non
1607 3455 1753 3510 enim
1817 3456 2063 3526 profecto

486 3545 580 3614 qui
620 3546 743 3599 aliis
767 3545 822 3600 in
850 3546 1018 3602 rebus
1070 3545 1219 3601 furto
1264 3547 1346 3602 vel
1383 3546 1578 3602 fraude
1601 3549 1808 3616 aliquid
1841 3548 2062 3602 subtra-

488 3639 645 3704 hunt,
694 3639 781 3695 his
814 3654 917 3693 non
975 3641 1137 3695 modo
1163 3657 1226 3697 ea
1264 3656 1388 3713 qua:
1421 3642 1801 3697 subtraxerint
1826 3641 2065 3696 retinere

489 3747 599 3785 non
652 3731 1032 3799 concedimus,
1075 3735 1172 3790 sed
1201 3734 1476 3790 interdum
1509 3735 1675 3790 etiam
1695 3743 1755 3790 ut
1785 3734 2064 3789 maleﬁcos

488 3825 802 3894 puniemus,
838 3833 892 3882 et
928 3828 1022 3898 qui
1081 3837 1360 3883 tantarum
1417 3843 1599 3884 rerum
1632 3827 1777 3882 furta
1835 3828 2060 3895 audent,

493 3920 594 3973 hos
618 3920 742 3973 inde
776 3921 1004 3975 honeste
1038 3921 1237 3986 vivere,
1265 3931 1320 3976 et
1349 3938 1414 3976 ex
1431 3937 1539 3976 uno
1575 3921 1788 3977 fraudis
1823 3922 2064 3992 pessimo

431 4055 440 4058 .
493 4012 756 4066 exercitio
811 4012 922 4066 duo
977 4015 1224 4068 omnium
1260 4015 1420 4086 longe
1459 4016 1878 4086 pretiosissima,
1912 4017 2072 4072 liber-

491 4111 660 4158 tatem
684 4116 737 4160 et
763 4106 1052 4160 sacerdotii
1088 4107 1525 4177 praerogativam,
1558 4108 1758 4163 lucrari
1790 4109 2072 4165 sinemus?

564 4200 708 4273 Ergo
739 4203 786 4257 si
817 4206 943 4273 quis
969 4218 1161 4260 servus
1191 4190 1491 4272 ignorante.
1524 4205 1748 4262 domino
1776 4209 2067 4278 episcopus

490 4303 709 4351 creatus
760 4296 852 4362 sit,
908 4296 1032 4351 inde
1062 4297 1127 4350 ad
1162 4298 1441 4353 servitutis
1494 4297 1752 4370 eﬂ'ugium
1785 4301 1862 4355 nil
1906 4300 2068 4369 juva-

494 4401 602 4443 tur.

964 4566 1434 4625 CONSTITUTIO
1467 4568 1581 4624 XII.

634 4662 711 4718 De
747 4661 1076 4732 ofﬁcinarum
1124 4662 1236 4732 (87)
1274 4661 1484 4733 Magna:
1516 4664 1750 4719 ecclesia:
1794 4680 1916 4721 usu.

568 4817 711 4873 Idem
782 4818 1078 4888 imperator
1142 4816 1453 4890 Stephano,
1484 4819 1744 4878 sanctiss.
1807 4820 2076 4880 Constan-

497 4910 668 4980 tinop.
702 4911 1153 4982 archiepiscopo,
1184 4919 1240 4968 et
1269 4913 1594 4983 patriarcha:
1625 4915 1942 4972 universali.

562 5087 958 5148 Constantinus
999 5093 1136 5164 (88),
1174 5094 1261 5150 hic
1291 5097 1386 5166 qui
1441 5096 1651 5166 primus
1686 5097 1917 5165 Christi,
1977 5116 2080 5157 no-

2092 4615 2141 4673 D

2159 537 2340 608 σεμνῷ
2393 536 2493 610 (τῷ
2541 535 2814 609 μοναδικῷ
2867 536 3270 608 ἐπαγγέλματι)
3325 540 3406 602 εἰς
3463 538 3738 610 πρόφασιν

2155 628 2502 700 άποχρῶνται
2555 631 2894 700 κακουργίας
2949 631 3155 700 (ῥᾴδιον
3197 633 3304 703 γάρ
3353 633 3518 684 παντὶ
3549 631 3740 701 βουλο-

2159 719 2308 791 μένῳ
2371 720 2558 793 οἰκέτῃ
2614 722 2776 791 μέχρι
2810 721 3050 792 τριετίας
3081 722 3348 792 κρύπτειν
3371 723 3589 788 ἑαυτὸν,
3625 720 3746 778 εἶτα

2154 811 2257 881 τῆς
2279 811 2594 882 ἐλευθερίας
2626 813 3075 879 ἀντιποιεῖσθαι).

2229 902 2541 973 Κελεύομεν
2569 903 2637 968 ⁸³,
2669 905 2793 958 ὅσον
2831 903 2896 957 ἂν
2937 904 3031 958 καὶ
3073 904 3315 959 διαλάθοι
3344 904 3586 978 ὀγνώμῃ
3628 923 3744 960 τοιο

2155 993 2297 1068 αύτῃ
2322 995 2562 1065 μονάσας
2581 995 2821 1066 οἰκέτης,
2847 996 2943 1049 ἐὰν
2973 998 3000 1049 ό
3040 996 3308 1067 δεσπότης
3344 998 3403 1050 έν
3443 997 3744 1068 οίῳδήποτε

2157 1086 2334 1158 καιρῷ
2387 1088 2574 1141 τοῦτον
2626 1086 2870 1157 ἀνεύροι,
2934 1087 3072 1158 ὅπερ
3104 1087 3741 1160 κακούργῳπροαιρέσει

2157 1177 2548 1248 περιϐέϐληται
2582 1178 2912 1232 ἀποδύεσθαι
2943 1179 3132 1250 σχῆμα
3160 1179 3256 1233 καὶ
3285 1169 3395 1232 ὑπὸ
3424 1181 3522 1251 τὴν
3544 1180 3742 1236 δεσπο-

2155 1272 2314 1342 τικὴν
2367 1270 2616 1335 ἐξουσίαν
2668 1269 2830 1324 πάλιν
2891 1271 3057 1326 αὑτὸν
3111 1273 3581 1329 κατατάττεσθαι.
3611 1274 3746 1329 Οὐδὲ

2156 1366 2266 1436 γὰρ
2311 1365 2461 1418 ἔστιν
2485 1365 2680 1430 εἰπεῖν,
2709 1362 2780 1427 ὡς
2809 1362 3027 1416 εὑλαϐεἶ
3057 1361 3464 1417 διαθέσειτοῦτο
3489 1365 3747 1435 περιεϐά-

2155 1457 2298 1521 λετο,
2323 1459 2425 1510 κᾶν
2475 1454 2630 1510 τοῦτο
2659 1455 2839 1525 λέγειν
2866 1453 3027 1518 αὐτὸς
3059 1453 3373 1510 πλάττοιτο.
3418 1457 3522 1508 Ἀν
3541 1473 3603 1510 τε
3634 1456 3744 1528 γὰρ

2155 1548 2367 1609 εὐνοίας
2425 1547 2756 1613 δεσποτικῆς
2798 1543 3091 1600 ἀπολαύων
3147 1547 3271 1600 ἀντὶ
3329 1546 3424 1600 τοῦ
3493 1547 3747 1619 στέργειν

2159 1643 2315 1711 μῖσος
2349 1637 2636 1694 ἀναλαϐὼν
2673 1639 2897 1708 φεύγειν
2933 1639 3098 1708 ἔγνω,
3129 1640 3368 1710 ἐσχάτης
3389 1639 3588 1705 κακίας
3614 1623 3770 1696 and!

2153 1733 2318 1799 δειξις
2344 1751 2357 1763 ο
2397 1733 2464 1786 άν
2503 1750 2562 1786 τε
2591 1728 2700 1804 (οἷα
2727 1733 2795 1785 τὰ
2826 1730 3164 1804 ἀνθρώπινα)
3198 1731 3460 1801 λυπηρῶν
3484 1748 3645 1786 τινων
3669 1732 3747 1797 είς

2153 1826 2348 1893 πεῖραν
2403 1823 2679 1887 καταστὰς
2725 1823 2826 1876 οὑκ
2861 1824 3117 1895 ήνεγκεν,
3173 1821 3311 1875 ἀλλὰ
3339 1821 3428 1875 διὰ
3465 1820 3624 1876 τοῦτο
3655 1821 3745 1876 τδν

2151 1916 2415 1985 δεσπότην
2452 1916 2710 1981 ἀπέλιπε,
2759 1916 2877 1980 πῶς
2933 1917 3148 1986 ἐκείνην
3203 1916 3427 1985 τιμήσει
3457 1916 3557 1986 τὴν
3591 1915 3744 1970 πολι·

2152 2011 2326 2073 τείαν,
2360 2010 2458 2081 ῆ¹⁸
2487 2011 2614 2073 τοὺς
2648 2010 2872 2074 πολίτας
2927 2010 3018 2064 διὰ
3072 2009 3271 2072 παντὸς
3329 2010 3546 2080 άφορᾷν
3608 2008 3745 2080 πρὸς

2153 2102 2245 2156 τὸν
2284 2101 2378 2156 τοῦ
2428 2101 2664 2173 Χριστοῦ
2722 2103 2957 2173 σταυρὸν
3009 2103 3104 2155 καὶ
3141 2100 3232 2155 τὸν
3273 2100 3503 2154 θάνατον
3557 2099 3746 2170 βούλε-

2157 2212 2248 2251 ται
2278 2212 2294 2262 ;
3197 2246 3200 2250 .

2701 2285 3014 2341 ΔΙΔΤΑΞΙΣ
3054 2288 3132 2340 ιλιι
3148 2287 3215 2342 ³⁸.

2156 2378 2296 2448 Περὶ
2337 2378 2564 2433 δούλου
2623 2379 3328 2500 τεγονὲτοςόὲπισκόπου
3369 2374 3587 2446 ἀγνοίᾳ
3639 2367 3755 2430 σοῦ’

2833 2462 2951 2500 saw
2993 2465 3120 2500 τσυ.

2833 2462 3120 2502 εσποτσυ.

2239 2541 2298 2595 'U
2328 2542 2490 2604 αὑτὸς
2545 2540 2797 2612 βασιλεὺς
2844 2541 3102 2613 Στεφάνῳ
3142 2540 3222 2612 τῷ
3261 2541 3551 2610 ἁγιωτάτῳ
3576 2539 3736 2610 ἀρχι-

2159 2635 2445 2705 επισκόπῳ
2468 2635 2887 2688 Κωνσταντινου
2897 2633 3104 2697 πόλεως
3127 2637 3221 2687 καὶ
3245 2632 3608 2705 οίκουμενικῴ
3639 2649 3748 2685 πα-

2164 2726 2423 2798 τριάρχῃ.

2234 2818 2413 2887 Ὅπερ
2445 2817 2536 2870 ἐπὶ
2593 2817 2689 2871 τοῦ
2745 2816 3044 2887 κλέψαντος
3105 2816 3318 2870 οἰκέτου
3348 2815 3538 2886 τὸτῆς
3587 2815 3748 2888 ἱερω-

2162 2909 2328 2980 σύνης
2400 2910 2595 2981 σεμνὸν
2654 2911 2892 2981 ἀξίωμα,
2923 2910 3082 2965 τοῦτο
3112 2911 3203 2962 καὶ
3228 2909 3452 2962 ἐπὶτῶν
3485 2913 3565 2973 εἰς
3593 2909 3750 2980 ἀρχι-

2162 3003 2420 3074 ερατικὴν
2443 3001 2713 3067 δοξάντων
2731 3002 3130 3073 ἀναϐεϐηκέναι
3155 3003 3321 3073 τιμὴν
3346 3000 3576 3055 οἰκετῶν
3598 3000 3752 3072 παρὰ

2162 3096 2262 3166 τὴν
2283 3093 2510 3164 γνώμην
2536 3095 2630 3147 τοῦ
2655 3095 2860 3147 οἰκείου
2887 3094 3147 3148 δεσπότου
3201 3094 3481 3164 ὁρίζομεν,
3514 3095 3577 3147 τὸ
3607 3094 3752 3149 κατὰ

2166 3187 2225 3240 τὸ
2256 3185 2504 3256 βούλημα
2557 3188 2654 3255 τῆς
2690 3185 3149 3256 ὲκκλησιαστικῆς
3194 3184 3492 3250 διατάξεως
3521 3184 3753 3254 ἀποχει-

2171 3277 2507 3350 ροτονεῖσθαι
2564 3277 2666 3348 μὲν
2718 3278 2941 3340 τούτους
2985 3277 3086 3346 τῆς
3125 3279 3183 3329 ὲν
3225 3270 3628 3348 ᾖκατέστησαν
3657 3272 3755 3327 λά-

2168 3378 2272 3448 θρα
2317 3375 2504 3446 τιμῆς,
2567 3375 2703 3445 πρὸς
2757 3374 2814 3427 δὲ
2842 3373 2903 3427 τὸ
2930 3374 3131 3428 οἰκεῖον
3175 3374 3269 3425 καὶ
3314 3371 3501 3425 δοῦλον
3563 3369 3755 3442 σχῆμα

2170 3467 2506 3535 ὑπάγεσθαι.
2538 3466 2611 3520 Οὑ
2652 3465 2762 3536 γάρ
2785 3465 2850 3535 δὴ
2878 3465 3006 3530 τοὺς
3050 3465 3147 3536 μὲν
3181 3464 3355 3528 άλλως
3389 3463 3757 3532 ὑφελομένους

2169 3576 2228 3611 τι
2258 3557 2434 3628 κλοπῇ
2499 3556 2593 3610 καὶ
2651 3556 2835 3627 ἀπάτῃ
2865 3556 2924 3608 οὑ
2961 3555 3121 3624 μόνον
3159 3555 3219 3607 οὑ
3261 3553 3695 3625 συγχωρήσομεν
3718 3551 3757 3606 ἃ

2165 3651 2447 3722 ὑφείλοντο
2502 3649 2646 3720 ἔχειν
2697 3649 3076 3718 ἀναφαίρετα,
3137 3647 3252 3702 ἀλλ’
3308 3647 3481 3701 ἐνίοτε
3540 3647 3636 3701 καὶ⁵
3679 3645 3759 3709 ὡς

2163 3741 2508 3813 κακούργους
2541 3739 2995 3810 τιμωρησόμεθα,
3020 3741 3146 3803 τοὺς
3175 3739 3232 3793 δὲ
3263 3738 3582 3810 τολμῶντας
3609 3736 3756 3791 οὕτω

2167 3831 2418 3904 μεγάλων
2468 3831 2811 3901 πραγμάτων
2842 3830 3072 3895 κλοπάς,
3128 3831 3353 3894 τούτους
3390 3831 3626 3900 ἐάσομεν
3663 3846 3756 3882 σε·

2171 3922 2318 3994 μνῶς
2343 3922 2408 3974 ἐκ
2432 3919 2525 3973 τοῦ
2551 3919 2747 3990 κλέψαι
2780 3919 2989 3987 διάγειν
3033 3921 3127 3973 καὶ
3152 3919 3269 3983 ἑνὸς
3295 3919 3457 3974 άθλου
3484 3919 3753 3974 κακίστου

2178 4015 2277 4086 τῆς
2319 4014 2535 4084 ἀπάτης
2564 4013 2659 4067 δύο
2712 4011 3020 4083 κερδαίνειν
3056 4013 3126 4067 τά
3169 4013 3500 4084 τιμιώτατα.
3536 4009 3758 4066 ἐλευθε-

2185 4109 2305 4180 ρίαν
2326 4110 2422 4162 κα“ι
2446 4106 2747 4178 ἱερωσύνης
2766 4107 3060 4178 προνόμιον
3084 4124 3102 4174 ;

2243 4205 2545 4276 Τοιγαροῦν
2590 4204 2687 4257 καὶ⁵
2712 4203 2765 4255 εἰ
2783 4205 2830 4235 ⁵⁸
2860 4221 2944 4267 τις
2975 4201 3162 4266 δοῦλος
3191 4201 3266 4255 ῶν
3299 4200 3495 4273 ἀγνοίᾳ
3539 4198 3636 4254 τοῦ
3673 4200 3758 4254 oi-

2170 4299 2318 4353 κείου
2341 4298 2603 4352 δεσπότου
2621 4293 2920 4359 ἐπίσκοπος
2942 4293 3404 4365 κεχειροτόνηται,
3435 4293 3530 4345 καὶ
3544 4286 3696 4356 οὗτος
3709 4291 3755 4323 ³⁷

2173 4388 2338 4460 μηδὲν
2371 4389 2436 4441 ἐκ
2466 4387 2567 4457 τῆς
2623 4385 2880 4456 τοιαύτης
2936 4383 3234 4456 βοηθείσθω
3288 4383 3624 4453 χειροτονίας
3675 4383 3756 4446 εἰς

2167 4481 2466 4552 ἀποφυγὴν
2497 4479 2597 4550 τῆς
2623 4477 2869 4539 δουλείας

2737 4567 3052 4624 ΔΙΑΤΑΞΙΣ
3082 4566 3180 4623 ΙΒ’.

2170 4670 2312 4736 Περι
2350 4665 2462 4734 τῆς
2515 4662 2634 4718 τῶν
3115 4657 3320 4783 ἄρειας
3343 4657 3454 4728 τῆς
3477 4658 3758 4730 Μεγάλης

2781 4752 3084 4785 κκιινησιαρ
3115 4752 3183 4783 ’⁷.

2268 4829 2329 4883 '0
2359 4828 2520 4892 αὐτὸς
2578 4826 2834 4898 βασιλεὺς
2881 4822 3140 4894 Στεφάνῳ
3164 4822 3243 4895 τῷ
3274 4823 3563 4894 ἁγιωτάτῳ
3596 4823 3757 4894 ἀρχι-

2181 4922 2468 4991 επισκόπῳ
2554 4914 3181 4978 Κωνσταντινουπόλεως
3238 4915 3338 4970 καὶ
3393 4912 3760 4986 οἰκουμενικῷ

2185 5015 2525 5085 πατριάρχῃ.

2257 5104 2664 5166 Κωνσταντῖνος
2692 5103 2720 5154 ὁ
2753 5100 2970 5172 πρῶτος
2990 5104 3059 5173 τῇ
3089 5098 3184 5155 τοῦ
3218 5101 3457 5173 Χριστοῦ
3485 5101 3674 5174 κλήσει
3700 5102 3763 5155 τδ

1805 5259 2038 5317 VARIE
2079 5262 2488 5321 LECTIONES.

570 5375 630 5456 δέ.
648 5370 774 5456 Ecl.
800 5370 1194 5456 hipclncipitn
1303 5370 1670 5456 §crim_g._ﬁq.

1767 5378 1811 5454 _"
1837 5377 1947 5454 _Es‘t
1974 5379 2033 5454 in
2087 5379 2202 5454 Ecl.
2243 5379 2380 5454 Nov.
2431 5383 2664 5454 septima
2693 5380 3432 5454 etlaudatur_aBalsamo_ne
3463 5382 3597 5440 locis
3624 5379 3764 5454 Nov.

499 5445 532 5502 9
562 5444 828 5518 allegatis.
852 5443 898 5477 ⁸⁸
922 5443 1065 5518 _Hi_nc
1087 5442 1280 5512 incipit
1302 5444 1414 5500 Ecl.
1489 5446 1535 5477 ⁸⁷
1563 5442 1654 5502 Sic
1687 5445 1802 5503 Ecl.
1837 5448 2027 5506 Zuicb.
2060 5442 2636 5518 obmﬂleermfcod.
2668 5453 2749 5515 εἰς
2774 5451 2856 5506 τό.
2927 5451 2974 5484 ⁸⁸
3011 5450 3202 5508 Zuich.
3243 5462 3297 5507 et
3347 5452 3568 5511 Meerm.
3599 5453 3766 5509 codd.

403 5589 406 5592 φ
500 5516 774 5571 rubricam
796 5529 903 5568 non
920 5513 1138 5567 habent.

2029 5604 2261 5664 ΝΟΤᾹΞ.

573 5699 687 5771 (84)
705 5698 783 5754 Ne
806 5713 872 5753 ει
902 5712 1002 5754 sua
1039 5695 1167 5768 fuga
1193 5706 1251 5755 et
1304 5694 1658 5768 improbitate
1709 5699 2063 5756 commodum
2097 5735 2104 5740 -

423 5825 426 5827 Α
501 5777 888 5840 consequatur.

573 5837 782 5914 (85-86)
814 5837 954 5897 Nov.
983 5839 1075 5912 9|,
1100 5855 1268 5912 supra
1297 5837 1421 5896 eod.

2253 5698 2366 5774 (1}?)
2394 5699 2612 5774 time":
2651 5702 2742 5774 41-
2773 5700 2990 5774 Novello
3020 5702 3111 5759 59-

2179 5769 2368 5910 mg?
2400 5771 2521 5827 Vid.
2583 5772 2638 5827 d.
2671 5770 2813 5828 Nov.
2845 5771 2917 5828 45
2955 5772 3014 5828 in
3045 5773 3250 5845 princ.,
3305 5784 3359 5830 et
3412 5772 3550 5830 Nov.
3582 5773 3654 5830 59
3702 5773 3764 5831 in
