4080 6302
449 322 546 390 151

1676 316 1951 379 LEONIS
1992 318 2268 379 PHILOS
2279 320 2463 382 ΟΡΠῘ

3612 323 3719 391 452

442 442 553 513 tur)
581 441 738 513 longe
768 452 893 497 esse
913 434 1347 493 acerbissimum
1401 431 1672 498 videntes,
1713 449 1779 488 ne
1812 434 1864 488 id
1895 448 2013 487 am-

2129 450 2274 504 ιερον
2304 437 2363 489 ἐν
2409 437 2521 500 τοῖς
2570 436 2942 512 ἀπορωτέροις
2969 436 3037 493 δι’
3067 429 3143 492 ὧν
3203 436 3389 504 αὐτοῖς
3439 435 3718 513 βαρυτέρα

442 538 584 609 plius
627 538 719 591 tiat
769 536 888 606 lege
938 546 1206 587 cavemus
1237 549 1252 586 :
1287 528 1387 585 sed
1412 536 1473 585 ut
1504 536 1681 599 certa,
1712 530 2021 600 quantitate

440 630 507 683 ad
568 627 791 696 duplum
857 619 1581 694 emphyteutici;vectigalis
1641 619 2021 675 constituenda

437 719 637 779 solutio
684 715 979 772 definiatur
1011 732 1027 770 :
1054 722 1109 770 et
1146 715 1374 784 insuper
1437 713 1617 767 omnis
1665 711 1836 767 illatio
1871 712 2021 767 loca-

439 811 607 872 tionis
672 807 1055 864 instrumentis
1114 806 1475 870 inscribatur,
1514 804 1820 875 domuique
1867 805 2019 859 nulla

438 904 661 961 novatio
714 900 971 956 aﬂ‘eratur
1002 918 1017 956 :
1046 913 1155 954 non
1193 913 1321 954 vero
1355 897 1412 953 in
1454 897 1834 968 praefectorum
1868 912 2018 967 qua:-

437 1009 581 1056 atmn
610 998 1027 1057 intervertantur,
1059 992 1188 1046 dum
1221 991 1303 1046 illi
1340 1005 1449 1045 non
1488 1002 1545 1045 ut
1583 990 1847 1045 domuum
1877 990 2025 1043 titill-

436 1092 533 1148 tati
554 1090 868 1155 consulant,
896 1087 992 1144 sed
1032 1084 1265 1141 sceleste
1288 1084 1391 1142 sibi
1416 1084 1630 1140 lucrum
1667 1091 1884 1155 parent,
1920 1084 2024 1139 hoc

436 1191 625 1258 agunt.

2128 526 2286 597 ὴτῆς
2340 527 2575 600 ἀπορίας
2625 531 2837 603 ἀνάγκη
2889 531 3231 598 καθίσταται,
3286 531 3387 586 οὐκ
3440 531 3524 586 ἔτι
3576 529 3718 586 οὕτω

2127 618 2372 687 γίνεσθαι
2425 621 2593 691 νόμον
2624 623 2670 655 ⁸⁸
2720 623 3004 694 τιθέμεθα,
3063 622 3181 677 ἀλλ’
3231 622 3515 695 ὡρισμένῃ
3550 627 3714 681 ποσό·

2124 728 2252 782 τητι
2284 712 2691 785 περιορίξεσθαι
2718 714 2817 786 τὴν
2850 713 3155 787 καταϐολὴν
3187 715 3324 787 πρὸς
3346 714 3408 769 τὸ
3432 713 3716 770 διπλάσιον

2124 805 2537 878 ἁριθμουμένην
2587 806 2680 862 τοῦ
2731 808 2917 873 τέλους
2962 808 3061 879 τῆς
3088 808 3503 881 ὲμφυτεύσεως,
3545 824 3715 880 προσο

2125 899 2486 971 γραφομένης
2531 898 2776 970 δηλονότι
2847 901 2947 973 τῆς
3014 901 3276 972 εἰσφορᾶς
3353 901 3578 971 ἀπάσης
3656 898 3714 953 ἐν

2123 993 2238 1055 τοῖς
2290 992 2389 1063 τῆς
2451 992 2717 1058 ἐκδόσεως
2761 993 2989 1067 χάρταις
3036 994 3131 1048 καὶ
3187 995 3263 1064 τῷ
3310 994 3447 1064 οῖκῳ
3498 994 3714 1047 ἀκαινο-

2124 1087 2365 1157 τομήτου
2425 1086 2877 1160 προσαγομένης,
2934 1087 3071 1141 ἀλλά
3120 1087 3197 1158 μὴ
3238 1087 3372 1159 πρὸς
3442 1087 3578 1141 ἴδιον
3618 1102 3716 1139 πο-

2132 1177 2324 1249 ρισμὸν
2362 1179 2472 1241 τῶν
2501 1180 2583 1244 εἰς
2634 1179 2734 1252 τὴν
2763 1180 3097 1251 προστασίαν
3123 1179 3538 1252 καθισταμένων
3584 1194 3711 1249 σφε-

435 1276 791 1350 τεριξομένης
819 1314 837 1343 ,
898 1270 1156 1327 ὑπόθεσιν
1219 1271 1436 1326 ἀνοσίου
1495 1267 1721 1337 κέρδους
1795 1267 1890 1323 καὶ
1928 1268 2051 1341 οὐχὶ
2102 1271 2200 1343 τῆς
2255 1271 2366 1328 τῶν
2426 1272 2592 1329 οἴκων
2642 1274 2913 1346 ὠφελείας
2947 1276 3008 1329 τὸ
3040 1340 3041 1343 η
3074 1275 3309 1347 πρᾶγμα
3374 1273 3715 1347 ποιουμένων

434 1391 633 1428 αοτων.

539 1391 633 1428 ων.

473 1373 535 1429 ὐτ
787 1464 1251 1523 CONSTITUTIO
1283 1463 1402 1519 xw
1435 1465 1671 1536 (νδ-95).

436 1563 515 1621 De
550 1562 662 1634 (96)
720 1564 787 1617 iis
840 1561 932 1629 qui
995 1558 1381 1614 monasterium
1442 1557 1807 1629 imperfectum
1858 1557 2019 1613 relin-

1140 1639 1330 1684 auunh

1140 1646 1330 1702 quunu

510 1727 695 1783 Eidem
756 1725 901 1782 idem
943 1724 1266 1795 imperator.

506 1818 611 1887 Qui
664 1817 1072 1888 praecipitanter
1116 1813 1517 1885 ambitioseque
1570 1815 1641 1871 ad
1702 1815 2019 1872 faciendum

2670 1466 2990 1523 ΔΙΔΤΔΞΙΣ
3032 1460 3111 1529 Id"
3138 1465 3204 1521 ".

2164 1557 2304 1628 Περὶ
2345 1558 2465 1613 τῶν
2508 1561 2959 1615 καταλιπόντων
3005 1559 3219 1628 ἀτελὲς
3248 1561 3684 1631 μοναστήριον.

2203 1712 2297 1785 ['0
2326 1712 2491 1779 αὐτὸς
2522 1712 2783 1784 βασιλεὺς
2807 1714 2851 1747 ⁸⁵
2873 1712 2894 1787 ]
2916 1713 2995 1785 τῷ
3022 1713 3190 1785 αὐτῷ.

2201 1805 2276 1859 Τὸ
2320 1808 2422 1879 τῆς
2465 1804 2693 1877 γνώμης
2750 1805 3023 1878 προπετὲς
3068 1807 3165 1861 καὶ
3216 1806 3524 1877 φιλόνεικον
3576 1804 3714 1877 πρὸς

437 1909 646 1981 aliquid
668 1887 874 1976 lertttr,
908 1924 973 1965 ac
998 1910 1117 1980 ipso
1139 1907 1196 1964 in
1222 1907 1380 1963 initio
1404 1908 1617 1966 viribus
1670 1923 1734 1965 ac
1762 1910 2025 1967 facultate

2129 1899 2383 1957 ἔνστασιν
2415 1900 2515 1971 τὴν
2551 1901 2706 1970 ἰσχὺν
2732 1899 3220 1955 καταπαλαίουσαν
3249 1900 3454 1970 ὁμοίως
3484 1916 3538 1953 νε
3549 1915 3719 1970 μεση-

436 2005 779 2073 destituitur,
806 2003 923 2060 sive
953 2000 1304 2057 manifestum
1335 2001 1554 2077 vitium,
1587 2002 1705 2060 sive
1767 2004 2024 2075 benigni-

437 2098 571 2154 tatis
598 2098 836 2167 speciem
890 2104 1123 2153 conatus
1168 2110 1279 2165 prte
1309 2109 1368 2150 se
1409 2094 1572 2160 ferat,
1604 2096 1799 2163 _simul
1831 2096 1922 2153 ille
1946 2112 2028 2152 re-

438 2190 805 2263 prehensione
859 2189 1081 2263 dignus,
1135 2189 1301 2245 simul
1356 2191 1741 2261 aspernandus
1766 2199 1872 2248 est.
1910 2191 2027 2248 Hoc

438 2299 572 2341 sane
627 2292 682 2339 et
732 2283 828 2355 qui
873 2282 1266 2339 similitudines
1308 2281 1375 2337 ab
1420 2282 1579 2338 initio
1627 2284 2029 2355 proverbiaque

440 2372 704 2443 loquitur,
736 2370 1003 2428 Dominus
1049 2378 1237 2427 noster
1259 2378 1313 2425 et
1336 2369 1596 2427 Servator
1628 2374 1681 2428 in
1714 2372 2026 2447 Evangeliis

439 2465 577 2532 vult,
624 2464 718 2521 ubi
746 2464 815 2521 de
856 2463 1218 2520 aediﬁcatione
1272 2465 1428 2519 urbis
1462 2474 1518 2520 et
1561 2466 1934 2535 absolutione,
1964 2481 2029 2524 ac

439 2560 509 2614 de
539 2557 814 2615 similibus
864 2556 1289 2614 sermocinatur.
1344 2555 1539 2611 Merito
1575 2558 1746 2627 igitur
1773 2569 1826 2616 et
1855 2574 2028 2616 sacrae

440 2652 589 2723 leges
617 2649 730 2724 (97)
762 2658 817 2707 et
841 2649 1024 2705 civilia
1045 2650 1267 2706 decreta
1296 2648 1508 2706 similes
1536 2650 1728 2718 edunt,
1747 2650 2027 2723 ejusdem-

441 2758 549 2813 que
576 2758 773 2801 sensue
822 2742 1251 2807 admonitiones.
1277 2753 1336 2796 ut
1366 2742 1685 2815 quicunque
1743 2754 2025 2801 monaste-

441 2840 587 2899 rium
633 2844 959 2893 construere
1002 2836 1375 2899 instituerent,
1400 2835 1448 2889 si
1503 2836 1569 2890 ad
1630 2836 2025 2907 perliciendum

439 2944 582 3007 opus
642 2944 806 3003 pares
862 2943 973 2985 non
1008 2938 1217 2996 essent,
1246 2926 1301 2983 id
1333 2928 1554 3000 aggredi
1580 2930 2025 2999 prohiberentur.

438 3022 827 3093 Oportetenim
860 3036 1224 3093 quascunque
1273 3036 1383 3088 res,
1403 3021 1494 3076 ubi
1528 3022 1594 3078 ad
1624 3006 2025 3095 perfectionem

438 3113 811 3185 pervenerint,
846 3122 961 3170 tum
995 3114 1215 3170 demum
1245 3116 1665 3171 convenientem
1695 3116 2023 3187 appellatio-

437 3220 574 3263 nem,
614 3203 872 3276 indipisci
937 3220 954 3261 ;

437 3300 802 3372 imperfectis,
826 3308 893 3357 ut
943 3308 1343 3355 consummata:
1404 3298 1824 3355 constitutionis
1886 3298 2021 3365 sint,

398 3401 701 3465 praestare
748 3398 949 3464 potest.
1001 3391 1189 3463 Itaque
1241 3390 1407 3463 (quod
1468 3391 1680 3447 dictum
1723 3388 1828 3464 est)
1878 3400 2029 3447 recte

439 3501 599 3545 sacra
659 3486 949 3557 civilisque
1009 3485 1095 3541 lex
1131 3500 1230 3542 eos
1261 3485 1357 3556 qui
1386 3483 1452 3539 ad
1479 3499 1594 3540 rem
1628 3483 2025 3541 absolvendam

440 3596 599 3653 pares
666 3594 777 3635 non
841 3577 993 3646 sint,
1051 3576 1360 3634 fabricandi
1424 3576 1749 3634 monasterii
1825 3586 2029 3633 conatu

439 3672 712 3744 prohibet.
752 3668 958 3726 Verum
1015 3669 1278 3741 quoniam
1338 3669 1678 3741 incognitum
1724 3668 1864 3725 illud
1920 3678 2028 3736 est,

436 3763 661 3836 quando
690 3764 1086 3819 monasterium
1141 3762 1476 3821 srrﬂicientcr
1527 3764 1837 3822 absolutum
1875 3765 2031 3838 judi-

439 3860 553 3915 cari
582 3858 778 3914 debeat
814 3856 948 3929 (non
975 3856 1122 3935 enim
1160 3872 1423 3928 expresse
1453 3858 1523 3914 ab
1553 3858 1666 3916 illis
1707 3858 2029 3931 hujusmodi

440 3952 715 4007 absolutio
744 3948 971 4005 deﬁnita
1010 3947 1138 4019 est),
1170 3949 1274 4004 hac
1300 3949 1368 4005 de
1401 3964 1463 4007 re
1487 3958 1698 4008 certum
1745 3961 1908 4022 atque
1928 3952 2035 4007 cvi-

442 4047 581 4101 dens
609 4044 818 4101 editum
842 4043 1193 4115 promulgare
1226 4042 1457 4113 placuit.

508 4137 758 4195 Dicimus
786 4137 953 4208 igitur
982 4136 1262 4209 (quoniam
1288 4135 1529 4191 divinum
1556 4151 1619 4193 os
1648 4138 1892 4193 locutum
1917 4137 2030 4211 (98)

439 4244 560 4291 est:
601 4232 700 4290 Ubi
722 4232 827 4288 duo
852 4242 945 4287 aut
975 4242 1079 4287 tres
1117 4231 1173 4285 in
1195 4232 1402 4285 nomine
1430 4247 1542 4285 meo
1570 4234 2033 4304 congregatisunt,

440 4329 515 4385 ibi
536 4331 595 4385 in
626 4329 796 4383 medio
824 4327 1037 4383 illorum
1069 4326 1229 4395 sum),
1262 4325 1407 4395 quod
1437 4340 1576 4397 opus
1605 4324 1826 4396 aliquod
1852 4340 2039 4381 mona-

440 4421 597 4479 sterii
667 4419 1089 4490 appellationem
1157 4417 1504 4483 subiturum,
1569 4416 1854 4472 minimum
1920 4414 2032 4488 (99)

441 4515 621 4570 tribus
651 4512 902 4570 sutIicere
918 4518 1168 4583 oporteat
1189 4529 1205 4565 :
1228 4511 1375 4582 quod
1406 4512 1667 4566 nimirum
1696 4512 1840 4567 idem
1870 4524 2031 4581 opus,

1027 3219 1377 3275 nequaquam
1433 3219 1566 3260 vero
1621 3220 1825 3260 nomen
1856 3207 2023 3261 rebus
2051 3241 2099 3304 ο

2126 1994 2219 2049 τόν
2244 2011 2304 2049 τε
2333 1992 2846 2062 καὶ’ἀναπόδεκτον,
2876 1993 2943 2047 ἀν
2970 2010 3031 2047 τε
3055 1993 3223 2065 δήλην
3250 1993 3351 2067 ἔχῃ
3381 1994 3483 2065 τὴν
3516 1993 3717 2048 κακίαν

2131 2091 2166 2162 ἡ
2211 2088 2581 2160 ἐπιχείρησις,
2618 2086 2684 2142 ἄν
2712 2103 2772 2159 τε
2802 2086 2987 2159 σχῆμα
3021 2087 3261 2149 ἐπιεικὲς
3292 2086 3716 2159 προϐαλλομένη

2127 2182 2523 2253 προσέρχηται.
2566 2178 2738 2233 Τοῦτο
2788 2179 2887 2232 καὶ
2937 2179 2966 2232 ὁ
3004 2178 3103 2244 τὰς
3142 2179 3463 2250 παραϐολὰς
3503 2180 3599 2234 καὶ
3650 2181 3717 2233 τά

2127 2272 2224 2329 ἀπ’
2253 2273 2431 2346 ἀρχῆς
2456 2271 2821 2346 προϐλήματα
2856 2271 3228 2343 φθεγγόμενος
3271 2273 3300 2326 ὁ
3327 2270 3531 2342 Κύριος
3560 2270 3720 2342 ἡμῶν

2128 2366 2223 2422 καὶ
2274 2366 2471 2437 Σωτὴρ
2500 2366 2556 2419 ἐν
2592 2364 2948 2441 Εὐαγγελίοις
2980 2364 3230 2434 βούλεται
3259 2406 3274 2431 ,
3303 2366 3363 2419 ἐν
3395 2359 3478 2429 οἷς
3510 2364 3719 2428 πόλεως

2127 2460 2415 2533 οἰκοδομὴν
2438 2530 2439 2533 η
2464 2460 2561 2531 καὶ
2608 2460 2907 2532 ἀπάρτισιν
2941 2460 3037 2513 καὶ
3069 2458 3143 2513 τὰ
3192 2459 3354 2531 ὅμοια
3387 2458 3719 2529 διαλέγεται.

2128 2552 2369 2619 Εἰκότως
2395 2553 2504 2624 ἀρα
2529 2552 2661 2606 οἵτε
2694 2552 2832 2625 ἱεροὶ
2860 2551 3057 2623 θεσμοὶ
3080 2552 3174 2607 καὶ
3198 2554 3232 2624 ὴ
3262 2550 3516 2625 πολιτικὴ
3539 2551 3719 2623 ψῆφος

2129 2644 2400 2717 σύμφωνοι
2448 2644 2651 2715 ἀφιᾶσι
2699 2643 3237 2717 παρακελεύσματα,
3293 2647 3421 2711 τοὺς
3464 2628 3581 2700 ὅσοι
3643 2642 3720 2717 μὴ

2127 2741 2265 2812 πρὸς
2290 2739 2642 2811 ἀπαρτισμὸν
2668 2740 2761 2794 τοῦ
2788 2738 2951 2812 ἔργου
2981 2740 3156 2795 ἱκανοὶ
3177 2739 3331 2805 δντες
3353 2740 3719 2813 μοναστηρίου

2131 2835 2481 2905 κατασκευῆς
2508 2834 2864 2904 ἐφάπτονται,
2895 2834 3185 2905 ἀπείργειν
3213 2834 3259 2865 ⁸⁸
3288 2836 3390 2905 τῆς
3427 2834 3717 2906 ἐπιχειρή-

2129 2945 2287 2993 σεως.
2320 2929 2411 2982 Δεῖ
2438 2926 2547 3000 γάρ
2570 2928 2641 2982 τά
2680 2926 3009 2998 πράγματα,
3037 2928 3202 3003 ὁποῖά
3230 2925 3351 2981 ποτ’
3380 2925 3451 2983 ἂν
3488 2923 3547 3001 ᾗ,
3580 2926 3728 2999 πρὸς.

2127 3020 2404 3074 τελείωσιν
2442 3019 2647 3091 ἥκοντα
2694 3017 2840 3073 οὕτω
2886 3018 2988 3091 τὴν
3033 3020 3418 3092 προσήκουσαν
3470 3022 3719 3093 ἐφαρμό-

2130 3117 2322 3184 ζεσθαι
2352 3115 2572 3188 κλῆσιν,
2600 3114 2716 3171 ἀλλ’
2750 3115 2873 3188 οὐχὶ
2915 3114 3076 3187 μόνον
3110 3114 3334 3185 ἐξαρκεί
3361 3115 3423 3170 τὸ
3450 3115 3624 3187 ὄνομα
3650 3119 3719 3185 τῇ

2130 3205 2241 3265 τῶν
2298 3207 2651 3282 πραγμάτων
2699 3206 2921 3281 ἀτελείᾳ
2978 3207 3240 3281 παρέχειν
3291 3209 3390 3279 τὴν
3435 3208 3721 3263 σύστασιν.

2132 3304 2312 3374 Ὅπερ
2341 3301 2435 3357 οὖν
2472 3300 2712 3373 εἴρηται,
2764 3299 2947 3365 καλῶς
2979 3299 3323 3372 ἀπαγορεύει
3352 3301 3415 3355 τό
3452 3317 3513 3354 τε
3552 3300 3722 3373 ἱερὸν,

2130 3395 2191 3450 τό
2216 3412 2275 3449 τε
2299 3395 2344 3428 ⁸⁸
2373 3393 2651 3449 πολιτικὸν
2681 3392 2933 3465 θέσμιον,
2960 3394 3263 3467 ἐπιχειρεῖν
3292 3393 3594 3463 οἰκοδομεῖν
3626 3410 3723 3465 μο-

2133 3490 2426 3562 ναστήριον
2458 3488 2584 3552 τοὺς
2627 3487 2731 3542 οὐκ
2778 3487 2939 3552 δντσς
2976 3487 3270 3559 αὐτάρκεις
3319 3486 3456 3559 πρὸς
3499 3484 3723 3557 τὴντοῧ

2130 3582 2458 3654 πράγματος
2482 3578 2788 3635 τελείωσιν.
2826 3578 2983 3635 Ἐπε)⁵
3015 3579 3269 3651 μέντοιγε
3298 3578 3494 3651 ἄδηλον
3520 3580 3720 3644 ἐκεῖνο,

2130 3678 2191 3732 τὸ
2220 3678 2384 3749 μέχρι
2411 3675 2556 3739 τίνος
2588 3676 2618 3728 ὁ
2648 3674 2835 3739 ἱκανὸς
2864 3674 3211 3747 ἀπαρτισμδς
3240 3673 3321 3737 εἰς
3354 3670 3724 3744 μοναστηρίου

2131 3771 2482 3842 κατασκευὴν
2515 3771 2615 3843 (οὐ
2644 3772 2756 3841 γὰρ
2779 3768 3066 3843 διώρισται
3097 3766 3276 3842 ῥητῶς
3311 3766 3443 3838 παρ’
3479 3767 3661 3830 αὐτοῖς
3691 3766 3722 3820 ὁ

2131 3864 2372 3929 τοιοῦτος
2401 3864 2800 3936 ἀπαρτισμὸς),
2825 3862 2970 3930 ἔδοξε
2993 3862 3151 3934 δῆλον
3178 3861 3310 3934 περὶ
3337 3859 3529 3916 τούτου
3551 3858 3723 3930 ἐκφῆ-

2133 3978 2219 4015 ναι
2243 3959 2442 4031 δόγμα.

2202 4136 2389 4209 Φαμὲν
2417 4131 2530 4205 οὖν,
2555 4137 2630 4202 ὡς
2653 4136 2777 4192 ἐπεὶ⁸
2802 4136 2864 4192 τὸ
2880 4137 3021 4211 θεῖον
3047 4138 3237 4191 ἐπεῖπε
3264 4136 3309 4169 θ’
3327 4133 3722 4205 στόμαποπου

2132 4233 2253 4288 εισι
2287 4231 2399 4288 δύο
2420 4232 2458 4302 ἢ
2501 4231 2662 4302 τρεῖς
2691 4231 3062 4304 συνηγμένοι
3096 4231 3165 4285 ἐν
3192 4229 3273 4297 τῷ
3302 4228 3423 4299 ἐμῷ
3454 4230 3725 4300 ὀνόματι,

2133 4326 2263 4380 ἐκεῖ
2281 4328 2398 4397 sua
2423 4326 2495 4382 ἐν
2520 4326 2690 4397 μέσῳ
2715 4324 2933 4393 αὐτῶν,
2953 4327 3151 4398 χρῆναι
3176 4325 3235 4379 τὸ
3249 4325 3529 4397 ἐλάχιστον
3544 4326 3725 4397 τρισὶν

2135 4417 2490 4489 ἐπαρκεῖν,τὸ
2520 4417 2887 4490 μοναστηρίου
2916 4417 3109 4485 κλῆσιν
3146 4415 3515 4488 ὑποδυόμενον
3538 4416 3723 4489 ἔργον,

2135 4511 2165 4566 ὅ
2210 4510 2453 4582 δηλονότι
2496 4510 2591 4564 καὶ
2623 4509 2936 4579 δοξολογίαν
2970 4510 3073 4582 δρᾷ
3124 4507 3581 4581 συνυπαρχούσης
3627 4508 3726 4581 τῆς

443 4608 489 4663 si
519 4604 877 4662 facultatibus
924 4619 1147 4677 qquue
1177 4603 1399 4661 abunde
1438 4605 1769 4669 instruatur,
1795 4602 1863 4659 ad
1889 4603 2026 4659 cele«

2134 4602 2416 4676 εὐπορίας.
2448 4602 2540 4675 Τῷ
2578 4603 2677 4675 μὲν
2711 4598 2805 4658 οὖν
2835 4602 2973 4676 πρὸς
3019 4602 3311 4675 ἀνιέρωσιν
3355 4601 3724 4673 μοναστηρίου

442 4698 701 4753 britatem
749 4696 993 4753 nominis
1016 4697 1181 4755 etiam
1224 4696 1425 4750 valeat.
1459 4692 1531 4749 Ut
1565 4709 1697 4765 ergo
1729 4694 1853 4765 quis
1891 4694 2028 4749 libe-

446 4807 566 4848 ram
632 4790 1131 4861 impedimentoque
1189 4796 1468 4844 carentem
1530 4796 1599 4843 ad
1657 4788 2027 4844 dedicandum

447 4883 844 4941 monasterium
869 4881 1276 4955 aggressionem
1305 4879 1525 4945 habeat,
1546 4880 1599 4934 in
1633 4888 1712 4937 tot
1741 4878 2029 4934 minimum

448 4978 753 5037 monachos
808 4975 1213 5034 dedicationem
1257 4975 1536 5046 concipiat
1575 4989 1806 5030 necesse
1842 4972 2031 5029 fuerit.

447 5071 619 5128 Porro
658 5071 791 5143 quia
846 5068 1125 5142 permulti,
1191 5067 1377 5141 quise
1439 5066 1753 5124 istiusmodi
1812 5066 2032 5138 incepto

2134 4696 2417 4751 ἀκώλυτον
2440 4694 2619 4762 ἕξοντι
2644 4695 2745 4769 τὴν
2775 4694 3118 4768 ἐπιχείρησιν
3143 4697 3223 4759 εἰς
3252 4693 3511 4748 τοσοῦτον
3542 4693 3726 4764 δεήσει

2134 4791 2195 4846 τὸ
2218 4790 2499 4861 ἐλάχιστον
2522 4791 2585 4843 τὸ
2608 4789 2904 4862 ἀφιέρωμα
2934 4788 3230 4845 συντελεῖν.
3256 4788 3380 4843 Ὀτι
3400 4787 3460 4842 δέ
3486 4789 3732 4842 πλεῖστοι

2136 4884 2273 4956 πρὸς
2307 4882 2407 4955 τὴν
2450 4882 2709 4955 τοιαύτην
2745 4882 3094 4956 ἐπιχείρησιν
3127 4883 3356 4946 ἑαυτοὺς
3389 4880 3722 4945 ἐπιδιδόντες

2134 4975 2306 5031 ἐνίοτε
2318 4976 2493 5030 ὀπίσω
2509 4975 2701 5049 βουλῆς
2713 4976 3127 5043 ἀπολείπονται,
3145 4974 3622 5046 προλαμϐάνοντος
3632 4972 3729 5029 τοῦ

2136 5067 2366 5124 θανάτου
2406 5068 2508 5124 καὶ
2548 5068 2651 5140 τῆς
2679 5069 2737 5121 ἐν
2780 5066 3087 5139 ἀνθρώποις
3121 5066 3323 5132 αὐτοὺς
3355 5082 3731 5139 συναναστρο-

1753 5210 1991 5268 ΥΔΒΙᾹΞ
2017 5211 2421 5271 LECTIONES.

527 5310 575 5342 τ’
608 5308 722 5363 Ecl.
757 5305 950 5376 incipit
973 5304 1062 5360 διά
1086 5302 1245 5360 τοῦτο
1278 5304 1442 5376 νόμον
1470 5305 1586 5361 τιθέ

1593 5304 1755 5380 μεθα.
1829 5307 1877 5339 ⁸³
1914 5306 2007 5380 Est
2040 5307 2093 5362 in
2123 5306 2321 5380 Ecloga
2346 5305 2653 5380 Nov._non_a
2683 5305 2966 5380 ;_citatur_
3000 5305 3081 5380 ab
3109 5303 3519 5380 Harmenopulo
3556 5304 3646 5361 lib.
3675 5323 3733 5380 ν,

536 5324 575 5342 π
608 5324 722 5363 net.
760 5324 950 5376 incipit
973 5324 1062 5360 οια
1086 5324 1245 5360 τουτο
1278 5324 1336 5359 νο
1384 5324 1442 5359 ον
1470 5324 1755 5378 τιυεμευα.
1829 5324 1877 5339 ··
1915 5324 2007 5361 δεδι
2040 5324 2093 5362 ιη
2123 5324 2321 5380 ecloga
2346 5324 2480 5363 nov.
2506 5324 2653 5361 nona
2683 5324 2697 5373 ;
2732 5324 2936 5361 cuauir
3000 5324 3067 5362 at)
3112 5324 3519 5376 unrmenoputo
3556 5324 3646 5361 uo.
3675 5324 3733 5372 ν,

450 5382 538 5436 tit.
570 5381 603 5435 8
632 5380 719 5435 ed.
753 5378 912 5444 1587,
952 5395 1004 5448 ιι.
1037 5376 1195 5448 598..
1245 5324 1493 5448 “iliacis
1529 5378 1740 5433 inclusa
1786 5393 1894 5448 non
1924 5378 2089 5433 habet
2125 5377 2391 5448 Scrimg.,
2425 5376 2576 5433 addit
2604 5376 2769 5432 Beck.
2847 5379 2892 5410 “
2933 5377 3125 5433 Zuich.
3161 5385 3214 5431 et
3271 5376 3565 5433 Mcerman.
3607 5378 3734 5434 cod.

450 5452 732 5523 ἀπεῖργον.
797 5451 841 5481 ⁸⁸
870 5446 992 5504 τότε
1040 5446 1250 5504 addidit
1279 5447 1611 5520 Stephanus.

1711 5449 1757 5485 "’
1780 5447 1980 5506 Zuich.
2012 5457 2068 5505 et
2100 5447 2333 5506 Mecrm.
2354 5451 2564 5506 rectius
2595 5450 2813 5504 ὺπείπε.

2022 5569 2255 5627 ΝΟΤᾹΞ.

525 5664 635 5720 (95-
650 5664 738 5735 95)
766 5663 916 5719 Adde
951 5662 1085 5720 Nov.
1114 5663 1199 5719 76.
1230 5680 1280 5719 c.
1311 5663 1363 5719 4.
1394 5662 1521 5720 Nov.
1567 5664 1691 5719 151.
1720 5680 1770 5721 c.
1812 5665 1864 5720 '7.

524 5735 634 5804 (96)
662 5735 905 5791 Meminit
942 5736 1065 5806 ejus
1106 5736 1343 5792 Novella:
1367 5736 1763 5807 Harmeuopul.
1788 5737 1843 5792 5.
1876 5738 1956 5793 tit.
1989 5738 2043 5794 8.

452 5807 481 5880 ς
514 5808 632 5862 tos.

523 5879 636 5945 (sm
676 5880 736 5931 υ.
772 5894 821 5934 (τ.
862 5880 909 5933 l.
944 5877 998 5935 d.
1033 5879 1167 5935 c.7.

2227 5664 2342 5736 (98)
2379 5663 2569 5722 Matth.
2605 5680 2756 5731 xvm,
2785 5663 2875 5720 9.0.

2231 5729 2343 5807 (99)
2373 5736 2485 5791 lmo
2516 5736 2624 5791 duo
2649 5729 2903 5790 videntur
2933 5731 3204 5807 sullicerc.
3233 5731 3271 5787 Ι.
3308 5734 3413 5807 Η.Δ
3439 5733 3495 5807 if.
3536 5729 3613 5807 De
3656 5738 3735 5807 te.

2164 5803 2360 5866 Stibtts.
2399 5806 2504 5863 Sed
2542 5807 2593 5861 id
2622 5810 2760 5862 forte
2804 5813 3081 5875 receptum
3116 5803 3241 5872 fuit,
3272 5803 3416 5875 quod
3450 5806 3561 5859 duo
3579 5804 3735 5859 fami-

2162 5881 2289 5935 liam
2321 5894 2429 5934 non
2452 5879 2677 5935 iaciunt.
2708 5879 2743 5932 Ι.
2771 5877 2860 5933 40.
2889 5878 2944 5932 in
2982 5890 3089 5933 ser.
3126 5875 3178 5931 II.
3215 5875 3282 5934 de
3310 5890 3426 5933 ver.
3464 5877 3555 5946 (ig.
3635 5912 3641 5920 -
