4078 6300
362 324 476 392 453

1453 327 1818 394 ΝοινΕιιιιΕ
1857 325 2526 389 CONSTITUTIONES.

3501 332 3607 396 454

359 438 467 508 φῆς
484 435 917 507 ἐξαφανῖξοντος,
939 438 1112 492 ἐκεῖνο
1129 438 1174 471 ⁸⁸
1196 438 1328 510 ἡμῖν
1351 437 1697 505 θεσπίζεται,
1717 437 1793 503 ὡς
1816 438 1933 493 δια-

2037 439 2244 493 dedunt
2307 434 2673 506 praeveniente
2729 442 2940 502 morte,
3002 437 3262 511 ipsosque
3321 440 3605 504 hominum

355 525 656 591 τυπώσεως
676 527 1045 599 προελθούσης
1069 529 1138 583 τά
1156 530 1213 582 ἐν
1232 529 1403 602 ταύτῃ
1429 529 1766 603 διορισθέντα
1782 529 1932 584 ἔσται

355 624 458 695 τῆς
482 624 800 696 ἐκκλησίας,
837 627 885 679 εί
917 625 961 680 δ’
996 625 1178 695 (ὁποῖα
1222 623 1396 678 πολλά
1430 624 1586 692 φέρει
1627 621 1686 675 τὸ
1715 621 1932 693 ἄδηλον)

358 715 468 787 πρὸ
517 715 616 786 τῆς
661 715 772 769 τῶν
822 717 1042 771 οἰκείων
1091 715 1468 787 ἀναρπασθείη
1505 713 1931 779 διατυπώσεως,

357 808 565 862 παίδων
593 810 692 880 μὲν
721 809 966 866 ὑπόντων
994 809 1122 881 ἄχρι
1147 808 1338 882 τριῶν,
1361 808 1620 879 τέταρτον
1647 808 1810 880 μέρος
1835 807 1935 878 τῆς

361 899 650 969 ὑπάρξεως
683 898 1027 953 οἰκειώσεται
1058 901 1092 972 ἠ
1129 898 1286 971 μονὴ,
1322 899 1580 952 ἐπέκεινα
1609 898 1666 950 δέ
1697 897 1790 950 τοῦ
1821 897 1936 968 τρί-

355 1008 452 1046 του
481 991 716 1064 ἀριθμοῦ
744 991 1029 1064 προϊόντος
1054 992 1148 1046 τοῦ
1179 992 1280 1063 τῆς
1306 992 1468 1063 γονῆς
1505 989 1772 1061 πλήθους,
1805 1005 1934 1056 συγ-

356 1083 716 1149 καταλέξεται
743 1083 803 1138 τὸ
839 1086 1206 1158 μοναστήριον
1245 1087 1360 1146 τοϊς
1394 1085 1556 1138 παισὶ
1582 1121 1598 1147 ,
1626 1084 1720 1136 καὶ
1747 1083 1815 1136 τά
1845 1082 1936 1135 ίσα

359 1175 442 1228 ἐνὶ
467 1178 673 1230 τούτων
715 1177 930 1249 ὲκὰστῳ
964 1177 1192 1249 λήψεται
1221 1179 1284 1230 ἐκ
1315 1178 1494 1246 πάσης
1523 1173 1841 1245 περιουσίας
1866 1168 1934 1246 ἧς

356 1269 458 1338 οὐχ
483 1268 720 1323 ἅπτεται.
735 1270 870 1340 χρέα
894 1270 987 1324 τοῦ
1013 1270 1359 1341 τεθνηκότος.
1394 1269 1654 1332 Ἀπαιδος
1679 1269 1736 1321 δὲ
1759 1267 1935 1337 ὑπάρ·

356 1377 546 1432 χοντος
576 1361 669 1416 τοῦ
699 1363 788 1416 τὸν
832 1362 946 1434 βίον
974 1363 1222 1427 λιπόντος
1247 1403 1260 1427 ,
1292 1363 1385 1416 ἐπὶ
1416 1360 1634 1432 γονεῦσι
1665 1360 1723 1414 δὲ
1753 1359 1935 1414 λιπόν-

354 1469 470 1518 τος,
513 1453 635 1524 διχῆ
682 1453 789 1508 τῶν
833 1456 1146 1529 προσόντων
1177 1456 1573 1528 διαιρουμένων
1623 1456 1656 1526 ἠ
1691 1454 1791 1528 μὲν
1821 1456 1935 1520 τοῖς

355 1546 637 1615 γονεῦσιν,
668 1548 702 1618 ή
732 1548 777 1601 δ’
800 1549 961 1620 ἑτέρα
988 1550 1154 1620 μοῖρα
1175 1549 1255 1621 τῷ
1282 1548 1629 1620 μοναστηρίῳ
1653 1565 1934 1619 παρασχε-

355 1637 608 1709 θήσεται.
640 1641 701 1692 Et
729 1640 774 1694 δ’
807 1639 904 1713 ερη
916 1658 1014 1712 μσς
1054 1641 1140 1714 εἴη
1169 1642 1525 1714 κληρονόμων
1551 1642 1810 1696 ἀνιόντων
1840 1641 1936 1695 καὶ

356 1729 680 1798 κατιόντων,
713 1733 836 1795 τοὺς
873 1734 937 1786 ἐκ
969 1733 1198 1803 πλαγίου
1252 1735 1310 1788 δὲ
1344 1734 1611 1800 εἰσιόντας
1657 1736 1686 1788 ὀ
1732 1735 1933 1806 κλῆρος

2036 529 2644 599 consortio-eripiente,
2677 527 2949 584 interdum
2983 531 3268 603 proposito
3296 535 3610 593 destituun-

2037 631 2124 678 tur
2157 621 2324 676 :illud
2347 636 2375 675 a
2402 619 2560 677 nobis
2583 621 2862 686 statuitur,
2896 632 2953 676 ut
2978 623 3022 677 si
3049 630 3443 682 testamentum
3475 642 3610 685 con-

2037 715 2213 770 ditum
2252 715 2488 784 sit,quae
2511 713 2572 768 in
2606 712 2701 768 illo
2747 714 2993 770 ecclesia:
3017 717 3295 788 assignata
3339 729 3490 786 sunt,
3517 735 3611 776 ea-

2035 808 2156 862 dem
2191 807 2266 861 illi
2297 805 2512 870 cedant.
2569 804 2626 859 Si
2683 820 2810 860 vero
2837 807 2919 876 (ut
2940 805 3236 864 identidem
3285 824 3353 865 ex
3410 812 3605 870 mortis

2035 897 2417 954 incertitudine
2439 897 2730 969 contingit)
2763 906 3054 970 antequam
3073 901 3140 956 de
3159 901 3322 958 rebus
3345 904 3463 961 suis
3491 916 3608 962 sta.

2036 1001 2229 1061 lueret,
2258 999 2479 1048 evectus
2514 991 2697 1057 fuerit,
2728 1000 2842 1046 tum
2866 993 2914 1046 si
2939 993 3008 1048 ad
3050 1002 3161 1050 tres
3190 1010 3418 1053 numero
3451 996 3610 1054 liberi

2033 1079 2331 1150 supersint,
2389 1079 2748 1150 quadrantem
2797 1079 3064 1137 bonorum
3099 1084 3366 1140 involabit
3412 1100 3609 1141 mona-

2034 1171 2304 1228 sterium:
2357 1168 2443 1226 sin
2505 1171 2650 1225 ultra
2705 1176 3005 1227 ternarium
3060 1187 3348 1231 numerum
3399 1179 3608 1234 sobolis

2035 1262 2325 1319 multitudo
2357 1263 2636 1334 procedet,
2667 1262 2852 1318 liberis
2893 1267 3379 1323 connumerabitur
3409 1284 3607 1325 mona-

2033 1355 2285 1421 sterium,
2318 1364 2372 1411 et
2402 1354 2638 1410 deducto
2677 1371 2786 1410 tere
2838 1357 3038 1424 alieno,
3068 1373 3132 1413 ex
3168 1360 3425 1417 universa
3477 1363 3608 1419 sub-

2034 1447 2255 1513 stantia,
2310 1458 2571 1517 quantum
2598 1449 2841 1517 ipsorum
2880 1451 3114 1522 quisque
3144 1453 3341 1523 capiet.
3375 1453 3531 1521 Quod
3558 1456 3604 1511 si

2034 1539 2328 1595 defunctus
2377 1540 2499 1596 sine
2555 1541 2742 1599 liberis
2770 1542 3090 1611 decesserit,
3139 1557 3395 1617 parentes
3425 1559 3604 1605 autem

2036 1632 2367 1702 superstites
2397 1632 2644 1700 (habeat,
2693 1634 2858 1690 rebus
2918 1636 3176 1694 bifariam
3230 1640 3448 1706 divisis,
3500 1658 3607 1698 una

2036 1740 2162 1797 pars
2185 1726 2525 1796 parentibus,
2559 1729 2732 1783 altera
2769 1732 3102 1788 monasterio
3131 1731 3516 1803 applic'abitur.
3540 1735 3608 1789 At

361 1823 669 1894 προσίεται,
703 1825 857 1880 αὐτοὶ
888 1826 985 1895 μὲν
1016 1827 1130 1880 ὅσοι
1171 1828 1237 1881 ἂν
1280 1827 1374 1881 καὶ
1403 1821 1504 1881 ὦσι
1536 1827 1597 1880 τὸ
1624 1827 1805 1898 τρίτον
1837 1827 1925 1898 μέ-

2039 1818 2289 1889 sineque
2335 1829 2611 1890 parentes,
2657 1835 2838 1892 neque
2861 1822 3064 1880 liberos
3113 1825 3356 1883 heredes
3386 1827 3606 1894 habeat,

362 1935 458 1989 ρος
501 1919 1007 1992 διανεμήσονταϋθ,
1047 1922 1107 1974 τὸ
1146 1921 1386 1993 δίμοιρον
1424 1921 1483 1976 δὲ
1516 1923 1859 1993 προχωρήσει
1880 1921 1926 1954 ¹¹⁰

355 2015 428 2084 τῇ
463 2013 749 2086 ἐκκλησίᾳ.
780 2013 842 2067 Εἰ
882 2015 1131 2085 μέντοιγε
1166 2015 1198 2087 ἢ
1231 2015 1300 2069 δι’
1335 2015 1612 2087 ἄγνοιανῆ
1642 2016 1711 2069 δι’
1739 2014 1931 2086 ἑτέραν

356 2102 484 2157 τινὰ
526 2104 706 2158 αἰτίαν
747 2105 826 2186 είς
852 2102 1105 2158 ἐναντίαν
1134 2101 1363 2175 γνώμην
1394 2104 1462 2158 τὰ
1485 2099 1934 2173 διατετυπωμένα

359 2195 728 2266 ἀποκρίνηται
762 2196 861 2266 τῆς
889 2195 1123 2266 νομίμου
1155 2196 1546 2266 προαιρέσεως,
1582 2195 1932 2267 θεσπίζομεν,

359 2285 453 2340 τδν
482 2287 626 2341 κατὰ
650 2287 742 2342 τὸν
773 2287 938 2342 τόπον
967 2287 1380 2358 θεοφιλέστατον
1414 2286 1675 2360 ἀρχιερέα
1696 2287 1800 2341 ὅσα
1836 2285 1936 2359 μὲν

360 2381 690 2453 ἀποχρῶντα
716 2382 760 2414 ⁷⁸
803 2381 881 2446 είς
931 2380 1195 2452 διοίκησιν
1246 2379 1543 2449 ἐκκλησίας
1582 2380 1675 2434 καὶ
1719 2379 1829 2433 τῶν
1874 2379 1934 2432 ἐν

363 2471 501 2544 αὐτῇ
538 2470 838 2542 μελλόντων
866 2470 1225 2544 παρεδρεύειν
1258 2468 1754 2542 ἀντιλαμϐάνεσθαι
1776 2511 1790 2533 ,
1823 2471 1937 2534 τοῖς

362 2564 422 2617 δὲ
462 2562 669 2628 λοιποῖς
720 2563 819 2634 τὴν
867 2564 975 2618 τῶν
1019 2563 1198 2633 νόμων
1243 2561 1436 2634 βουλὴν
1483 2563 1578 2617 καὶ
1620 2561 1861 2627 διάταξιν
1888 2562 1936 2595 ⁷⁸

363 2653 598 2728 διαιτᾷν.

891 2837 1202 2891 ΔΙΑΤΑΞΙΣ
1233 2834 1312 2891 ιε’
1342 2835 1406 2891 ⁷³.

361 2916 504 2995 Περὶ
531 2926 638 2983 τοὺ
660 2924 883 2991 ἐξεῖναι
902 2929 966 2982 τὸ
990 2927 1290 2996 σωτήριον
1319 2925 1637 2996 ,ϐάπτισμα
1661 2926 1732 2982 ἐν
1753 2926 1937 2983 παντί

718 2999 961 3053 εὐσεϐεῖ
985 3000 1278 3068 εὐκτηρίῳ
1302 2998 1500 3054 τελεῖν
1520 2999 1584 3054 ⁷³.

444 3091 507 3145 Ὅ
541 3090 704 3156 αὐτὸς
747 3089 1001 3161 βασιλεῦς
1035 3091 1286 3162 Στεφάνῳ
1330 3091 1410 3162 τῷ
1449 3089 1736 3162 ἁγιωτάτῳ
1777 3090 1938 3164 ἁρχι·

2040 1917 2096 1966 et
2123 1912 2338 1982 cognati
2372 1912 2437 1967 ad
2471 1913 2848 1972 haereditatem
2921 1918 3212 1987 prodeant,
3247 1919 3351 1989 ipsi
3385 1920 3605 1991 quidem

2037 2012 2388 2075 quotcunque
2442 2005 2665 2072 fuerint,
2698 2007 2951 2063 trientem
2991 2009 3132 2065 inter
3153 2025 3214 2065 se
3251 2010 3604 2079 distribuerit,

2034 2093 2130 2152 bes
2153 2111 2282 2151 vero
2313 2098 2556 2154 ecclesia:
2584 2099 2830 2155 accedet.
2867 2099 3062 2156 Verum
3098 2103 3242 2158 enim
3276 2120 3407 2160 vero
3436 2106 3480 2161 si
3507 2116 3605 2160 aut

2035 2200 2131 2257 per
2163 2185 2492 2243 oblivionem
2554 2197 2651 2244 aut
2684 2190 2846 2244 aliam
2906 2194 3222 2264 quampiam
3271 2199 3597 2264 causam,iu

2035 2276 2365 2332 contrariam
2399 2277 2657 2336 laudabili
2689 2279 3044 2351 legitimoque
3101 2285 3382 2354 proposito
3437 2295 3606 2342 testa-

2037 2377 2280 2426 mentum
2324 2371 2656 2427 seutentiatn
2731 2381 3055 2445 conceptum
3103 2375 3195 2440 sit,
3226 2384 3286 2430 ut
3331 2376 3450 2444 ejus
3500 2377 3606 2433 loci

2036 2462 2269 2519 antistes
2327 2462 2418 2518 Dei
2460 2463 2894 2531 amantissimus,
2945 2475 3210 2537 quantum
3239 2467 3306 2523 ad
3357 2468 3607 2525 ecclesiae

2036 2568 2334 2626 eorumque
2377 2557 2470 2627 qui
2505 2557 2560 2612 in
2592 2557 2683 2613 illa
2725 2560 2994 2615 asscssuri
3050 2566 3198 2627 sunt,
3253 2562 3604 2617 sustentation

2037 2660 2160 2703 nem
2219 2647 2521 2716 sull'ecerit,
2571 2650 2858 2707 vindicet:
2891 2652 2959 2708 de
2992 2652 3223 2725 reliquis
3261 2669 3391 2712 vero
3417 2655 3599 2728 legum

2037 2740 2378 2812 prascriptio
2407 2749 2463 2798 et
2492 2749 2881 2798 testamentum
2911 2742 3241 2814 diiudicent.

2490 2834 2958 2894 CONSTITUTIO
3019 2837 3136 2893 XV.

2078 2926 2146 2982 Ut
2177 2927 2469 2984 salutarem
2497 2928 2819 3005 baptismum
2851 2930 3024 3005 (i)r‘in
3067 2948 3374 3005 quacunque
3411 2949 3569 2989 sacro

2430 3003 2668 3054 oratorio
2711 3003 2897 3072 peragi
2928 3002 3086 3056 liceat
3114 3003 3213 3074 (2).

2109 3087 2256 3147 Idem
2288 3085 2587 3161 imperator
2622 3089 2900 3164 Stephano
2922 3093 3274 3152 sanctissimo
3293 3094 3607 3154 Constanti-

356 3183 649 3256 επισκόπῳ
669 3183 1289 3248 Κωνσταντινουπόλεως
1320 3184 1414 3239 καὶ
1442 3181 1805 3256 οίκουμενικῷ
1829 3201 1933 3238 πα-

2035 3198 2162 3256 nop.
2198 3183 2614 3256 archiepiscopo
2637 3193 2692 3240 et
2722 3186 3047 3257 patriarcha
3076 3188 3400 3246 universali.

359 3293 392 3328 τ
400 3275 621 3350 ριάρχῃ.

433 3367 542 3422 Καὶ
560 3363 714 3434 οὗτος
749 3371 778 3424 ὁ
813 3370 914 3441 τῆς
950 3368 1254 3442 σεϐασμίας
1293 3368 1462 3440 ἕκτης
1497 3369 1720 3425 συνόδου
1752 3369 1934 3425 κανὼν

362 3459 531 3531 ἱερὸς,
561 3459 619 3523 ὃς
639 3460 703 3515 τὸ
725 3459 868 3515 θεῖον
894 3461 996 3532 τῆς
1030 3462 1442 3532 ἀναγεννήσεως
1473 3460 1700 3532 λουτρὸν
1731 3462 1789 3515 ἐν
1821 3463 1934 3526 τοῖς

357 3551 485 3605 κατ’
523 3546 673 3606 οἷκον
718 3550 1030 3623 εὐκτηρίοις
1080 3551 1352 3607 τελεῖσθαι
1402 3552 1509 3624 ίδίᾳ
1556 3553 1619 3607 οὺ
1660 3551 1931 3624 βούλεται,

361 3642 500 3697 ἀλλά
550 3645 607 3696 ἐν
665 3644 844 3714 μόνοις
882 3646 993 3706 τοῖς
1036 3642 1170 3716 πρὸς
1220 3643 1280 3698 τδ
1326 3642 1504 3697 κοινὸν
1548 3643 1934 3716 ἀνιερωμένοις

361 3737 533 3797 ναοῖς.
557 3735 761 3804 ἀδελφά
792 3735 1300 3808 παρακελευόμενος
1321 3737 1434 3799 τοῖς
1461 3734 1510 3788 οἳ
1535 3734 1633 3799 τὰς
1658 3734 1809 3806 ίεράς
1839 3734 1933 3790 θυ-

364 3827 484 3892 σίας
518 3829 612 3882 καὶ
642 3829 860 3892 τελετὰς
889 3831 1010 3882 κατ’
1039 3829 1220 3894 οίκους
1249 3824 1657 3898 ἀποτρέποντες
1683 3827 1931 3899 γίνεσθαι

358 3918 552 3991 ἔτυχον
577 3920 706 3992 παρ’
728 3920 888 3992 ἡμῶν
919 3921 1260 3991 ἐπισκέψεως
1292 3920 1603 3994 ἔμπροσθεν
1629 3922 1697 3988 ⁷³,
1731 3920 1932 3993 ὁμοίως

360 4013 458 4068 καὶ
479 4013 715 4086 ἀδελφῆς
736 4015 782 4046 ’⁸
811 4014 1038 4070 ἐκείνων
1065 4013 1490 4086 ἐπανορθώσεως
1519 4013 1790 4080 τεύξεται.

442 4191 728 4264 ὐρίζομεν
759 4187 852 4248 οῦν
879 4191 1060 4257 καθὼς
1090 4195 1221 4266 περ)⁸
1253 4193 1476 4259 θυσιῶν,
1509 4191 1650 4248 οὕτω
1677 4192 1773 4247 καί.
1803 4194 1935 4266 περὶ

359 4283 456 4340 τοῦ
489 4285 531 4317 ⁷⁷
576 4285 844 4358 σωτηρίου
885 4285 1286 4358 βαπτίσματος,
1336 4286 1399 4341 τὸ
1451 4286 1652 4354 ἐξεῖναι
1701 4286 1832 4342 αὐτὸ
1876 4289 1933 4341 ἐν

359 4379 527 4433 παντὶ
553 4379 794 4434 εὐσεϐῶν
820 4379 871 4412 ⁷⁸
899 4379 1176 4452 εὐκτηρίῳ
1215 4381 1327 4444 τοῖς
1365 4379 1709 4452 βουλομένοις
1738 4379 1930 4435 τελεῖν.

357 4472 473 4544 Τὴν
501 4472 610 4544 γὰρ
630 4471 888 4544 τοιαύτην
913 4473 1197 4541 ἀκρίϐειαν
1224 4473 1371 4528 δοκεῖ
1397 4490 1487 4546 μοι
1523 4473 1851 4544 πεποιῆσθαι
1873 4473 1934 4527 τὸ

357 4563 507 4635 ἱερὸν
537 4564 635 4636 τῆς
668 4563 885 4620 συνόδου
914 4563 1186 4636 διάταγμα
1215 4564 1312 4618 διὰ
1353 4564 1477 4629 τοὺς
1504 4567 1561 4619 ἐν
1602 4565 1791 4636 ἱερέων
1816 4564 1934 4620 ὀνό-

357 4671 494 4723 ματι
526 4655 775 4728 ἀνιέρους
810 4655 904 4709 καί
938 4653 1204 4726 βεϐήλους
1251 4656 1379 4719 τοὺς
1421 4655 1515 4709 ὑπ’
1544 4655 1723 4711 αὐτῶν
1763 4673 1934 4727 προσ-

355 4747 656 4818 αγομένους
683 4747 761 4819 τῷ
786 4747 998 4821 λουτρῷ
1024 4745 1507 4814 ποιοῦντας,οἳ,ὡς
1535 4747 1701 4813 είκὸς,
1736 4749 1792 4801 ἐν
1820 4751 1935 4814 τοῖς

354 4840 466 4894 τῶν
493 4840 763 4910 ὁμοδόξων
800 4839 969 4906 οίκοις
1005 4840 1358 4913 ὑποδυόμενοι
1395 4840 1454 4894 οὐ
1485 4839 1735 4894 τελοῦσιν
1754 4879 1769 4904 ,
1799 4841 1938 4896 ἀλλά

357 4932 670 4988 συντελοῦσι
699 4934 810 4998 τοῖς
841 4931 1026 4998 αὐτοῖς
1056 4931 1484 5004 προερχομένοις
1510 4933 1576 4982 τ’.
1601 4929 1750 5002 Λῦτη
1793 4929 1850 4983 δὲ
1887 4929 1936 4982 εί

2107 3358 2282 3417 Etiam
2314 3360 2405 3416 hic
2438 3363 2763 3420 veneranda
2796 3371 2964 3422 sextae
2987 3367 3177 3436 synodi
3201 3364 3283 3441 (3)
3323 3382 3484 3426 sacer
3506 3384 3604 3426 ca-

2034 3467 2143 3508 non
2198 3451 2297 3524 (4),
2344 3453 2441 3525 qui
2481 3469 2590 3509 non
2631 3454 2685 3511 in
2740 3456 3076 3528 privatarum
3100 3459 3300 3515 adium
3341 3463 3606 3518 oratoriis

2035 3559 2307 3612 seorsum,
2333 3546 2430 3602 sed
2453 3546 2632 3603 solum
2665 3546 2723 3603 in
2751 3562 3100 3606 communem
3126 3567 3284 3607 usum
3310 3567 3607 3610 consecra-

2036 3638 2107 3692 tis
2138 3638 2378 3710 templis,
2400 3639 2642 3696 divinam
2691 3641 3125 3712 regenerationis
3165 3644 3426 3700 lotionem
3479 3661 3606 3717 per-

2035 3729 2124 3785 tici
2145 3729 2283 3797 vult,
2339 3745 2465 3787 cum
2519 3731 2725 3788 similia
2749 3748 2878 3789 cum
2910 3733 3024 3791 illis
3057 3735 3264 3807 iubeat,
3294 3737 3390 3810 qui
3418 3753 3606 3796 sacro-

2035 3830 2227 3877 sancta
2291 3822 2565 3892 sacriticia
2597 3833 2651 3880 et
2677 3825 2938 3898 mysteria
2979 3827 3035 3883 in
3084 3829 3314 3898 privatis
3345 3831 3601 3891 domibus

2036 3913 2301 3969 celebrari
2333 3921 2520 3971 vetant
2566 3915 2667 3988 (5),
2716 3915 2949 3990 ideoque
2976 3934 3007 3975 a
3048 3922 3208 3978 nobis
3251 3922 3364 3994 jam
3394 3925 3602 3994 pridem

2035 4008 2436 4066 consideratius
2455 4012 2680 4081 expensi
2708 4020 2836 4068 sunt
2864 4031 2880 4069 :
2909 4023 3171 4087 tanquam
3219 4017 3441 4074 illorum
3481 4037 3606 4092 ger-

2035 4115 2232 4156 manus
2257 4101 2508 4158 similiter
2537 4105 2932 4162 correctionem
2966 4120 3354 4180 consequetur.

2101 4191 2406 4252 Statuitnus
2463 4195 2660 4280 igitur,
2722 4199 3184 4269 quemadmodum
3219 4202 3289 4260 de
3316 4204 3603 4262 sacriﬁciis

2035 4286 2120 4344 sic
2141 4302 2362 4360 quoque
2390 4291 2456 4346 de
2482 4291 2772 4348 salutifero
2795 4294 3147 4364 baptismate,
3183 4306 3244 4354 ut
3267 4306 3321 4355 et
3343 4300 3523 4372 ipsum
3546 4303 3601 4357 in

2037 4395 2366 4453 quocunque
2439 4398 2599 4439 sacro
2652 4387 2898 4442 oratorio
2945 4387 3286 4458 quibuslibet
3339 4406 3606 4465 peragere

2038 4473 2250 4531 licitum
2281 4475 2374 4532 sit.
2400 4473 2536 4531 Nam
2567 4478 2686 4534 haec
2749 4487 2859 4534 tam
2907 4480 3099 4537 stricte
3157 4497 3378 4539 sacrum
3410 4489 3605 4556 synodi

2039 4564 2321 4623 decretum
2356 4567 2714 4624 constituisse
2769 4569 2905 4624 mihi
2943 4569 3163 4641 quidem
3192 4571 3458 4641 .videtur,
3489 4592 3611 4647 pro-

2033 4664 2156 4726 pter
2183 4668 2279 4708 eos
2316 4653 2410 4725 qui
2438 4668 2751 4727 quanquam
2783 4656 3130 4714 sacerdotum
3159 4675 3361 4717 nomen
3390 4674 3604 4734 gerant,

2035 4741 2251 4813 profani
2301 4752 2483 4798 tamen
2513 4755 2665 4808 sunt,
2707 4755 2758 4798 et
2810 4761 2950 4817 quos
3010 4746 3076 4802 ad
3118 4747 3401 4804 lavacrum
3431 4751 3607 4806 addu-

2033 4841 2187 4901 cunt,
2247 4833 2486 4905 pollutos
2544 4836 2811 4891 reddunt:
2851 4837 3078 4909 qui.(ut
3108 4838 3361 4912 apparet)
3413 4842 3607 4898 domos

2036 4926 2281 4996 ejusdem
2309 4925 2589 4996 opinionis
2638 4928 2923 4984 hominum
2974 4930 3298 5000 subeuntes,
3339 4947 3452 4988 non
3489 4949 3602 4989 rem

1629 5089 1860 5146 γΑῐιιτΕ
1898 5086 2303 5144 LECTiONES.

464 5190 511 5222 “
544 5188 682 5245 Hinc
741 5187 934 5260 incipit
989 5187 1210 5260 Ecloga‘.
1297 5187 1341 5219 θ’
1377 5187 1514 5260 cod._
1551 5183 2062 5260 oravapyOanowat.

356 5261 690 5332 exemplaria
717 5253 951 5332 retin-ent
981 5253 1351 5332 ἀποχρῶνται.
1403 5259 1447 5289 "
1481 5253 2003 5332 Serimg.__6té_ﬁeatv.

2149 5178 2212 5250 ",
2238 5177 2432 5249 E91083
2478 5179 2900 5250 ,προσχωρήσεμ
2993 5181 3035 5213 τί
3076 5179 3284 5250 Eclogat
3344 5182 3602 5236 nonnulla

2107 5250 2153 5284 ⁷³
2184 5247 2398 5304 Citatur
2419 5265 2448 5303 a
2477 5247 2851 5306 Lennel.'.lur.
2874 5249 2970 5306 Gr.
3009 5251 3164 5306 Rout.
3209 5247 3254 5312 Ι.
3279 5253 3386 5314 29;
3419 5253 3480 5315 ll,
3516 5252 3603 5307 78.

356 5333 407 5364 "
434 5319 654 5404 Ileérm.
681 5331 805 5404 cod.
836 5333 900 5404 ad
921 5319 1235 5404 marginem
1253 5346 1267 5383 :
1289 5327 1426 5404 αῦτη
1453 5319 1688 5404 κρατεῖς
1713 5325 1757 5360 ⁷⁸
1779 5324 2055 5404 £f._supra
2083 5320 2319 5404 Cpnstit.
2478 5320 2532 5404 ’ξ
2564 5319 2756 5376 Zuich.
2790 5321 3056 5404 ἀδελφοῖς.
3082 5321 3313 5404 Scritng.
3337 5323 3602 5394 ἀδελφὼς.

356 5405 401 5436 ’⁷
427 5402 718 5458 Balsamon
746 5403 897 5457 addit
923 5390 1075 5457 τοῦδ’
1120 5401 1165 5432 ⁷⁸
1201 5390 1438 5469 Scrimg'.
1467 5390 1698 5452 εὖσεΰεῖ.
1779 5396 1822 5428 τ’
1862 5390 2252 5466 Spangeuberg
2279 5390 2629 5449 scribendum
2663 5403 2851 5449 censet
2881 5390 3358 5466 προσερχομένὸις.

1874 5506 2106 5567 NOTJE.

425 5641 503 5707 (1)
535 5635 800 5708 Superius
831 5634 967 5708 dixit
1004 5633 1128 5708 περὶ
1157 5631 1249 5708 τοῦ
1289 5629 1372 5708 μὴ
1408 5628 1710 5708 τάςηίεράς
1761 5643 1933 5699 μυστ.

353 5699 598 5778 ἀγωγίας
620 5699 714 5763 καὶ
732 5706 982 5778 λατρείας
1031 5699 1166 5757 οἴκοι
1205 5699 1488 5758 ἐπιτελεῖν.
1520 5699 1657 5755 Nov.
1683 5700 1717 5755 4
1738 5738 1758 5767 ,
1782 5712 1930 5754 nunc

351 5781 735 5854 debapti‘smo.
871 5849 880 5854 _
1414 5842 1479 5854 Μ
1534 5842 1565 5854 _
1699 5842 1733 5854 υ
1785 5841 1812 5854 Δ
1870 5840 1883 5852 .

426 5841 533 5926 (2f
567 5851 641 5906 Ea
705 5853 774 5904 ita
832 5849 1128 5920 abrogatur
1175 5861 1352 5901 canon
1409 5842 1483 5899 59
1534 5842 1736 5916 Synodi
1781 5841 1838 5909 6,
1868 5841 1927 5896 in

2037 5621 2247 5680 Trulla.
2279 5621 2429 5677 Adde
2457 5619 2594 5674 Nov.
2642 5619 2732 5676 58.

2133 5695 2188 5763 ὅ)
2209 5693 2266 5748 In
2298 5690 2533 5764 Trullo§
2562 5691 2646 5745 i7.

2132 5766 2184 5834 lt)
2217 5765 2404 5821 Canon
2431 5763 2520 5834 59.

2105 5831 2185 5911 (ϐ)
2214 5836 2344 5893 Nov.
2375 5835 2429 5899 4,
2455 5833 2486 5906 §
2515 5832 2640 5890 cod.
2678 5831 2808 5889 Nov.
2842 5833 2932 5890 ω.
