4080 6302
517 316 631 382 εδδ
1747 310 2023 372 LEONIS
2062 311 2077 370 Ι

2181 307 2516 370 iLOSOPHI
3683 305 3788 374 456

521 417 769 489 divinam
792 425 1022 492 faciunt,
1045 425 1140 483 sed
1167 439 1291 480 cum
1326 424 1395 482 iis
1426 424 1520 496 qui
1575 423 1912 478 conveniunt
1945 421 2069 474 inau

2206 417 2301 473 καὶ
2335 417 2456 471 θεία
2487 417 2582 471 καὶ
2618 417 2752 471 πολὺ
2783 416 2842 470 τὺ
2877 416 3144 487 σωτήριον
3177 414 3373 486 ἔχουσα
3416 413 3783 473 διαδείκνυται

519 521 724 598 spicati
752 520 958 592 aliquid
984 518 1306 574 moliuntur.
1353 517 1506 572 Hanc
1554 530 1686 572 vero
1724 514 2076 585 provisionen

2199 509 2425 580 πρόνοια
2447 547 2461 570 ,
2493 507 2643 578 ὅμως
2671 507 2770 560 οὐκ
2804 505 3028 578 ἐξαρκεῖ
3055 507 3179 569 τοὺς
3222 505 3322 575 τῆς
3360 505 3619 568 ἀσεϐείας
3655 507 3786 564 ἀνα-

522 613 743 671 tametsi
767 619 821 668 et
847 609 1089 666 divinam
1113 620 1256 675 esse,
1278 617 1334 665 et
1352 610 1517 663 multa
1539 605 1798 662 salutaria
1819 605 2077 659 continert

2198 601 2619 673 πεπλησμένους
2649 601 2746 671 τῆς
2773 600 2983 654 ἑαυτῶν
3014 600 3210 664 κακίας
3241 599 3636 671 ἀναχαιτίζειν.
3672 600 3785 656 Καὶ

522 709 776 766 constet,
833 715 944 755 non
1007 708 1188 754 tamen
1250 700 1341 753 illa
1389 700 1459 753 ad
1512 695 1814 767 impietatis
1840 696 2029 766 plenos
2067 709 2097 747 a

519 800 642 856 suis
667 793 816 854 vitiis
835 795 1172 852 coercendos
1225 794 1478 850 sutliciat.
1531 792 1668 846 Nam
1713 800 1767 845 et
1790 805 1879 846 res
1916 789 2094 844 audax

512 899 605 948 est
637 890 862 953 malitia,
883 888 1144 957 omnique
1167 887 1350 950 modo,
1379 885 1584 940 clausis
1610 884 1772 939 etiam
1800 879 2094 943 oratoriis,

519 985 591 1040 ad
642 983 968 1053 explendum
1027 981 1368 1050 propositum
1425 993 1610 1041 suum,
1656 990 1811 1030 suam
1853 973 2096 1028 inveniat

515 1075 682 1134 viam.
717 1072 1107 1128 Verumtamen
1142 1086 1264 1125 cum
1294 1084 1441 1124 nunc
1464 1069 1649 1122 divina
1696 1065 1871 1136 gratia
1900 1079 2094 1119 omnes

513 1181 789 1240 perversae
820 1165 1114 1235 opiniones
1173 1161 1288 1217 sint
1345 1159 1670 1230 proﬂigatm,
1724 1159 1887 1210 etiam
1918 1169 2094 1225 quan-

512 1268 634 1314 tum
664 1257 732 1313 ad
763 1258 867 1310 hoc
894 1255 1112 1320 attinet,
1139 1253 1492 1322 quamobrem
1533 1249 1846 1320 reipublicae
1875 1250 1976 1301 hoc
1998 1247 2092 1302 de—

514 1358 725 1405 cretum
752 1348 819 1404 ad
850 1346 1249 1418 prohibendam
1296 1345 1350 1400 in
1379 1345 1716 1415 privatarum
1738 1339 1936 1396 aedium
1964 1354 2089 1393 ora-

511 1442 676 1498 toriis
697 1440 1134 1518 regenerationis
1189 1438 1452 1493 lotionem
1476 1436 1837 1499 obtrudatur,
1879 1433 2086 1488 nullam

509 1533 769 1606 equidem
798 1549 924 1590 esse
947 1533 1314 1587 necessariam
1348 1544 1570 1584 causam
1596 1529 1778 1583 video.

969 1623 1444 1681 CONSTITUTIO
1479 1622 1622 1678 XVI.

516 1716 583 1773 Ut
621 1719 713 1790 qui
744 1717 932 1789 viginti
953 1717 1028 1791 (6)
1061 1735 1230 1773 annos
1273 1717 1427 1843 [milia
1463 1715 1861 1788 Itypodiaconus
1907 1718 2080 1772 creari

1207 1805 1329 1843 nos:
1382 1824 1399 1843 .

1203 1805 1399 1858 passu.

577 1882 725 1938 idem
748 1881 1042 1953 imperator
1073 1879 1271 1936 cidem.

578 1973 752 2030 Vetus
802 1975 1045 2038 verbum,
1086 1974 1230 2044 quod
1256 1973 1334 2045 ('7)
1382 1973 1450 2028 de
1498 1973 1662 2028 rebus
1713 1973 1828 2030 suis
1878 1973 2080 2029 dicenti

508 2081 672 2122 aures
701 2081 826 2121 esse
845 2066 1167 2135 aperiendas
1188 2074 1394 2130 monet,
1434 2079 1558 2119 cum
1591 2064 1644 2118 in
1675 2065 1796 2120 aliis
1828 2066 2083 2122 omnibus

507 2159 750 2232 perbelle
768 2173 890 2214 sese
916 2156 1134 2223 habeat,
1182 2163 1296 2210 tum
1339 2157 1428 2211 hic
1460 2158 1616 2226 ionge
1645 2173 1770 2214 esse
1796 2159 2083 2228 pulchrius

505 2257 753 2322 apparet.
787 2251 857 2304 At
893 2263 1156 2319 quorsum
1196 2249 1338 2304 hoc?
1388 2249 1576 2306 Civilis
1616 2251 1692 2321 (8)
1735 2252 1819 2307 lex
1861 2257 2077 2320 statuit,

504 2359 575 2399 ne
603 2343 781 2398 minor
810 2343 1001 2413 viginti
1052 2341 1296 2410 quinque
1329 2342 1489 2396 annis
1521 2343 1574 2396 in
1626 2342 1826 2400 divinis
1888 2345 2081 2404 oiiiciis

504 2443 721 2491 creetur
769 2433 1204 2505 bypodiaconus;
1268 2433 1551 2488 decretum
1608 2450 1826 2490 sacrum
1879 2447 2076 2493 contra

503 2527 720 2594 statuit,
754 2525 931 2596 utqui
964 2527 1032 2581 ad
1076 2525 1390 2581 istiusmodi
1445 2526 1820 2583 ministerium
1839 2529 2076 2597 accedit,

502 2620 652 2676 hunc
678 2618 978 2690 vigesimus
1005 2633 1182 2673 annus
1205 2617 1274 2673 ad
1313 2618 1720 2675 ordinationem
1751 2622 2036 2692 perducat.

570 2802 806 2874 Dignum
843 2801 1029 2869 itaque
1053 2813 1265 2855 sacram
1294 2800 1467 2869 legem
1501 2799 1568 2854 de
1597 2800 1762 2856 rebus
1789 2800 1905 2856 suis
1938 2816 2078 2872 pra:-

497 2890 792 2961 cipientem
823 2888 1017 2943 audire
1042 2888 1395 2958 imperatoria
1415 2902 1606 2943 nostra
1643 2890 1906 2960 ittajestas
1934 2902 2074 2959 rata,

500 2982 642 3039 etin
671 2983 925 3038 eamdem
959 2995 1082 3036 eum
1133 2981 1223 3036 illa
1278 2982 1616 3036 sententiam
1657 2982 1965 3051 descendit,
2023 2995 2078 3040 et

495 3076 712 3140 statuit,
759 3083 817 3130 ut
875 3075 966 3145 qui
1024 3075 1091 3130 ad
1139 3073 1460 3145 vigesimum
1519 3090 1724 3129 annum
1782 3079 2069 3148 pervenit,

2196 699 2306 770 γὰρ
2327 699 2600 770 τολμηρὸν
2625 701 2659 769 ἡ
2702 699 2894 763 κακία,
2941 698 3038 752 καὶ
3072 696 3234 752 παντί
3264 715 3327 766 γε
3360 697 3551 768 τρόπῳ
3593 695 3780 769 χώραν

2194 793 2401 846 οἰκείαν
2417 793 2476 845 εὑ
2486 794 2659 864 ρήσει,
2684 791 2903 845 καὶτῶν
2920 791 3086 863 εὐκτη
3095 791 3224 862 ρίων
3239 791 3774 860 ἀποκεκλεισμένων,

2195 887 2276 949 εἰς
2305 885 2657 956 ἐκπλήρωσιν
2679 886 2778 956 τῆς
2804 885 3016 948 οίκείας
3036 881 3434 955 προαιρέσεως.
3465 884 3614 954 Πλὴν
3639 883 3779 937 ἀλλά

2194 994 2258 1046 γε
2305 976 2399 1030 νῦν
2432 977 2551 1050 θείᾳ
2581 977 2765 1048 χάριτι
2812 977 2995 1047 πάσης
3039 974 3360 1039 κακοδοξίας
3402 975 3778 1042 ἀπεσκορακι-

2195 1070 2420 1140 σμένης,
2456 1071 2610 1124 οὐδὲν
2653 1069 2750 1124 καὶ
2789 1070 2932 1123 κατὰ
2957 1067 3117 1122 τοῦτο
3151 1067 3212 1122 τὸ
3241 1068 3403 1138 μέρος
3445 1065 3558 1138 ἀρῶ
3595 1082 3689 1136 μοι
3715 1065 3779 1120 τὸ

2189 1162 2366 1233 δόγμα
2401 1161 2842 1234 προϐαλλόμενον
2877 1161 3174 1231 ἀναγκαῖον
3216 1162 3297 1223 είς
3341 1158 3404 1213 τὸ
3441 1155 3676 1212 κωλύειν
3716 1157 3776 1213 ἐν

2189 1259 2303 1318 τοῖς
2333 1258 2455 1310 κατ’
2493 1251 2643 1311 οἷκον
2671 1256 2984 1328 εὑκτηρίοις
3007 1255 3069 1310 τὸ
3098 1255 3321 1326 λουτρὸν
3351 1253 3448 1316 τ’ῖκς
3469 1253 3773 1323 ἀναγεννή-

2190 1367 2349 1415 σεως.

2727 1619 3057 1674 ·ΑιΑτΑΞιΣ
3086 1621 3203 1688 ις’.

2191 1713 2331 1782 Περὶ
2363 1712 2470 1768 τοῦ
2486 1712 2573 1784 μὴ
2603 1715 3068 1839 χειροτὲῇῐῖῗιίὲ
3087 1710 3502 1815 Ε’ποδιὰκονον
3519 1717 3568 1766 κ’
3592 1711 3764 1780 ἐτῶν,

2187 1897 2221 1931 ε
2260 1877 2277 1950 [
2306 1878 2366 1931 '0
2400 1878 2563 1942 αὐτὸς
2587 1877 2863 1949 βασιλεὺς]
2900 1878 2975 1947 τῷ
3013 1875 3181 1946 αὐτῷ.

2274 1972 2331 2025 '0
2374 1971 2602 2034 παλαιὸς
2642 1971 2820 2039 λόγος,
2858 1971 2915 2033 ὃς
2950 1970 3334 2040 παρεγγυᾶται
3374 1968 3454 2041 τῷ
3487 1968 3616 2042 περὶ
3660 1971 3770 2025 τῶν

2185 2063 2402 2121 οἰκείων
2445 2064 2655 2132 λέγοντι
2705 2063 3138 2118 ἀναπεταννύειν
3182 2064 3283 2132 τὴν
3326 2064 3498 2134 ἀκοὴν
3525 2104 3542 2127 ,
3587 2064 3770 2129 καλῶς

2183 2156 2280 2212 καὶ
2312 2158 2368 2212 ὲν
2409 2159 2520 2221 τοῖς
2555 2157 2734 2222 ἄλλοις
2774 2156 2976 2212 ἅπασιν
3011 2155 3173 2226 ἔχων,
3210 2155 3443 2212 ἐνταῦθα
3473 2157 3609 2214 πολὺ
3647 2144 3765 2210 δια-

2181 2247 2456 2302 δείκνυται
2489 2246 2747 2303 καλλίων.
2776 2246 2842 2299 Τί
2871 2242 2964 2301 οὖν
3004 2248 3173 2311 ἐστιν,
3211 2245 3240 2299 δ
3269 2263 3447 2318 impr;
3486 2246 3767 2310 Πολιτικὸς

2183 2338 2427 2403 θεσπίζει
2460 2339 2622 2411 νόμος
2643 2339 2712 2403 ⁸¹,
2744 2338 2835 2392 τὸν
2865 2338 3075 2393 ἐλάττω
3101 2337 3265 2399 πέντε
3291 2338 3385 2392 καὶ
3415 2339 3590 2392 εἴκοσι
3624 2337 3763 2395 ἑτῶν

2184 2432 2260 2503 μὴ
2286 2432 2711 2504 χειροτονεῖσθαι
2735 2432 2814 2495 εἰς
2839 2430 3184 2503 λειτουργίαν
3206 2430 3582 2485 ύποδιάκονον·
3619 2431 3764 2503 ἱερὸν

2178 2524 2546 2590 ἀντιθεσπίζει
2587 2524 2804 2594 δόγμα,
2846 2526 2940 2578 τὸν
2970 2523 3106 2593 πρὸς
3148 2522 3247 2596 τὴν
3275 2524 3534 2596 τοιαύτην
3575 2523 3762 2581 διακο-

2178 2617 2294 2671 νίαν
2317 2617 2612 2689 προσιόντα
2636 2617 2729 2671 τὸν
2759 2617 3002 2672 εἰκοστὸν
3032 2617 3225 2690 χρόνον
3264 2618 3507 2688 εἰσάγειν
3549 2619 3630 2687 είς
3660 2617 3761 2690 τὴν

2177 2709 2546 2780 χειροθεσίαν.

2251 2802 2437 2867 Ἄξιον
2463 2798 2556 2857 οὖν
2589 2803 2748 2874 ἡμῶν
2778 2805 2811 2876 ἠ
2847 2803 3096 2875 βασιλεία
3129 2805 3454 2878 ἡγησαμένη
3485 2804 3580 2858 τοῦ
3612 2804 3758 2876 ἱεροῦ

2175 2897 2397 2952 ἀκούειν
2445 2897 2612 2968 νόμου
2663 2899 2721 2952 ἐν
2759 2899 2824 2970 τῇ
2890 2900 3020 2971 περὶ
3068 2899 3179 2953 τῶν
3220 2899 3439 2956 οἰκείων
3492 2897 3758 2964 διατάξει,

2174 2991 2348 3059 τούτῳ
2376 2990 2470 3044 καὶ
2515 2990 2927 3062 συμψηφίζεται
2983 2991 3081 3044 καὶ
3131 2991 3324 3061 ὁρίζει,
3366 2989 3458 3043 τὸν
3495 2990 3629 3060 πρὸς
3676 2989 3757 3041 εί-

2180 3083 2368 3135 κοστδν
2409 3082 2528 3145 ἔτος
2561 3083 2855 3144 ἐλάσαντα,
2893 3084 2965 3153 μὴ
3002 3084 3099 3153 τῆς
3141 3083 3308 3150 ἄλλης
3350 3083 3630 3151 διαγωγῆς
3661 3081 3760 3136 τοῦ

491 3167 660 3225 modo
697 3141 961 3222 anteactae
989 3167 1117 3223 vitae
1146 3141 1290 3222 ratio
1310 3165 1600 3225 obstaculo
1630 3182 1739 3222 non
1775 3141 1868 3236 sit,
1897 3141 2072 3240 quan;

2181 3173 2293 3243 βίου
2320 3141 2572 3245 ἐμποδὼν
2593 3141 2906 3246 ἱσταμένης,
2926 3141 3025 3227 ὅσα
3046 3141 3110 3244 ἰίὲ
3133 3166 3197 3227 εκ
3345 3141 3563 3243 ἡλικίας
3586 3141 3761 3244 μηδὲν

487 3270 617 3317 tum
665 3260 731 3316 ad
787 3268 1026 3326 astatem,
1089 3259 1459 3330 hypodiaconi
1494 3259 1733 3316 cilicium
1785 3264 2072 3334 suscipere

492 3369 607 3413 non
640 3354 990 3424 impediatur.

952 3439 1416 3496 CONSTITU'HO
1444 3440 1614 3499 XV".

491 3536 572 3592 De
590 3537 860 3606 puerperis
892 3535 1102 3605 quando
1151 3533 1449 3606 divinorum
1495 3536 1868 3606 mysteriorum
1894 3539 2070 3604 parti-

562 3605 700 3678 cipes
729 3609 862 3676 [iam
885 3622 905 3660 :
942 3617 991 3659 et
1034 3605 1259 3678 quando
1283 3606 1514 3673 infantes
1564 3609 1920 3675 baptiseutur,
1952 3618 2067 3674 post

559 3675 922 3748 quadraginta
957 3676 1191 3732 videlicet
1226 3675 1361 3742 dies,
1392 3688 1544 3733 extra
1572 3694 1731 3747 quam
1763 3681 1810 3732 si
1841 3681 2068 3734 accessi-

559 3760 648 3804 tas
676 3759 882 3818 urgeat.

572 3842 718 3896 idem
751 3841 1052 3910 imperator
1075 3839 1286 3900 eidem,

562 3930 619 3985 Id
647 3931 792 4001 quod
837 3929 1119 3984 beatitudo
1186 3940 1277 3983 tua
1309 3929 1573 4000 postulat,
1615 3945 1644 3984 a
1680 3929 1837 3986 vobis
1869 3947 2060 4001 procc-

2173 3269 2252 3331 είς
2277 3267 2377 3340 τὴν
2395 3270 2492 3321 τοῦ
2518 3268 2874 3324 ύποδιακόνου
2910 3267 3250 3340 προχείρισιν
3273 3263 3686 3337 ἐμποδίζεσθαι.

2723 3450 3047 3506 ’ΔΙΑΤΑΞΙΣ
3087 3451 3181 3505 IZ'.

2170 3543 2307 3611 Περὶ
2347 3541 2463 3596 τῶν
2488 3541 2802 3597 τεκουσῶν
2821 3541 3125 3614 γυναικῶν
3156 3543 3611 3614 πότε-λαμβάνει
3632 3540 3759 3614 τῶν

2239 3613 2414 3668 θείων
2426 3614 2797 3683 μυστηρίων,
2823 3611 2923 3668 καὶ
2950 3614 3095 3668 πότε
3113 3614 3186 3666 τὰ
3209 3612 3408 3681 ,ϐρέφη
3427 3611 3754 3676 ,ϐαπτίζον-

2240 3701 2333 3738 ται
2362 3685 2497 3754 ἄχρι
2527 3684 2647 3739 τῶν
2668 3683 2727 3756 μ’
2750 3683 2987 3755 ἡμερῶν
3006 3685 3186 3754 χωρίς
3209 3683 3476 3754 ἀνάγκης
3499 3684 3567 3737 ⁸³.

2241 3846 2261 3920 [
2300 3847 2356 3900 Ὀ
2391 3847 2552 3909 αὐτὸς
2588 3845 2882 3920 βασιλεὺς]
2914 3843 2994 3918 τῷ
3015 3846 3181 3918 αὐτῷ.

2248 3940 2314 3994 Ἦ
2348 3939 2445 4010 μὲν
2491 3939 2715 4006 ἀξίωσις
2750 3939 2853 4008 τῆς
2891 3940 3166 4008 ὑμετέρας
3209 3954 3614 4008 μακαριότητος
3657 3937 3750 4005 mp’

492 4025 644 4089 dere,
671 4039 835 4094 quam
870 4038 898 4076 a
924 4025 1081 4077 nobis
1113 4017 1382 4092 originem
1426 4038 1642 4078 sumere
1678 4037 1741 4078 ac
1791 4024 2064 4093 proficisci

2181 4030 2322 4101 5p.th
2361 4031 2561 4100 μᾶλλον
2595 4030 2777 4084 δικαία
2825 4029 3192 4101 προέρχεσθαι
3228 4026 3318 4101 ἦν,
3358 4031 3390 4100 ἢ
3429 4030 3556 4100 παρ’
3591 4028 3748 4099 ἡμῶν

491 4120 706 4196 aequius
741 4119 940 4175 fuerat.
978 4118 1052 4172 De
1094 4133 1150 4170 re
1191 4117 1265 4186 (9)
1298 4118 1444 4170 enim
1499 4132 1655 4171 sacra
1716 4119 2062 4173 sanctitatem

2181 4126 2265 4194 τὴν
2309 4123 2524 4191 γένεσιν
2572 4123 2780 4177 λαϐεῖν·
2813 4107 2935 4176 ἔδει
2961 4123 3071 4194 γὰρ
3118 4122 3219 4192 τῆς
3268 4121 3425 4192 ὑμῶν
3470 4122 3747 4192 ίερότητος

492 4225 639 4269 tuam
664 4213 880 4268 sancire
918 4211 1231 4279 oportebat.
1264 4207 1462 4264 Verum
1487 4211 1748 4280 quoniam
1778 4227 1938 4283 super
1959 4227 2066 4267 uno

2181 4216 2445 4285 Ξέσπισμα
2479 4211 2618 4267 εἶναι
2649 4212 2908 4267 ὑπόθεσιν
2938 4214 3112 4285 ἱεράν.
3151 4214 3304 4269 Ἐπεὶ
3328 4213 3383 4266 δέ
3415 4231 3551 4282 φατε
3580 4214 3656 4276 ὼς
3685 4213 3745 4266 ού

489 4308 759 4366 duntaxat
784 4305 963 4376 capite
994 4304 1289 4359 concilium
1312 4303 1626 4359 consultare
1655 4306 1801 4375 (cum
1832 4305 1898 4361 de
1925 4307 2064 4360 mul-

2181 4309 2280 4362 iéov
2310 4309 2392 4378 ἐφ’
2421 4307 2502 4360 ἑνὶ
2528 4307 2810 4378 κεφαλαίῳ
2846 4307 3129 4378 συνσδικὴν
3153 4307 3407 4376 γενέσθαι
3437 4307 3743 4377 διάσκεψιν,

495 4399 566 4455 tis
602 4399 901 4457 decernere
950 4396 1172 4453 concilii
1206 4395 1300 4465 sit)
1343 4395 1733 4453 inconveniens
1767 4413 1912 4466 esse,
1964 4415 2064 4455 nos

2181 4404 2386 4456 ςυνόδου
2416 4403 2461 4455 δ’
2489 4403 2554 4456 ἂν
2584 4405 2670 4472 εἴη
2702 4402 2863 4475 ἔργον
2891 4402 3154 4473 προάγειν
3189 4402 3404 4472 ψήφους
3428 4442 3444 4466 ,
3477 4400 3744 4471 ἡμέτερον

490 4507 622 4548 vero
647 4499 702 4548 et
735 4491 873 4546 citra
907 4490 1203 4544 concilium
1235 4489 1516 4544 decretum
1549 4489 1732 4547 facere
1780 4507 1942 4563 posse
1976 4495 2061 4548 di-

2181 4496 2222 4549 Si:
2254 4495 2349 4549 καὶ
2376 4495 2499 4565 δίχα
2527 4495 2748 4548 συνόδου
2776 4495 3085 4548 ἐκτίθεσθαι
3115 4495 3315 4568 δόγμα,
3343 4494 3620 4563 δεχόμενοι
3645 4496 3745 4560 τὴν

489 4587 656 4643 citis:
695 4583 1129 4641 admonitionem
1169 4582 1560 4652 suscipientes,
1616 4585 1817 4654 quibus
1873 4587 1940 4642 de
1975 4603 2061 4643 re-

488 4679 593 4734 bus
647 4677 1071 4749 postulationem
1098 4672 1441 4738 instituistis,
1485 4672 1553 4729 de
1587 4673 1655 4730 iis
1701 4676 2060 4733 constitutio-

490 4786 612 4826 nem
647 4770 970 4825 emittimus.
1019 4765 1157 4822 Cum
1207 4767 1391 4835 itaque
1424 4763 1688 4824 Dominus
1713 4775 1766 4822 et
1803 4768 2061 4827 Servator

488 4873 697 4927 noster,
727 4875 836 4931 quo
866 4857 1160 4928 splendore
1184 4856 1371 4926 gloria:
1403 4855 1579 4926 ipsius
1619 4857 2065 4917 illuminarentur

485 4952 657 5023 quiin
688 4949 935 5007 tenebris
967 4950 1272 5012 ambulant,
1318 4948 1474 5018 juxta
1514 4956 1676 5019 atque
1730 4968 1828 5006 nos
1879 4954 2061 5010 carnis

487 5057 652 5114 atque
707 5043 997 5115 sanguinis
1043 5042 1219 5096 nostri
1283 5041 1558 5110 particeps
1621 5043 1799 5098 factus
1861 5044 2059 5103 fuerit:

2168 4588 2482 4659 προτροπὴν
2503 4581 2577 4640 ὧν
2614 4585 2830 4653 ἀξιοῦτε
2853 4585 3094 4651 διάταξιν
3125 4586 3452 4656 ἐκφέρομεν.
3488 4583 3594 4638 Τοῦ
3629 4585 3744 4636 Κυ-

2169 4681 2286 4748 ρίου
2311 4680 2489 4732 τοίνυν
2515 4680 2606 4733 καὶ
2629 4680 2879 4753 Σωτῆρος
2895 4680 3071 4751 ἡμῶν,
3093 4680 3232 4733 ὥστε
3256 4679 3332 4749 τῷ
3349 4676 3617 4748 φωτισμῷ
3645 4678 3742 4746 τῆς

2168 4769 2334 4824 αὑτοῦ
2366 4771 2522 4840 δόξης
2549 4771 2960 4842 ὲπιλαμφθῆναι
2978 4770 3104 4834 τοὺς
3127 4773 3184 4823 ὲν
3216 4770 3401 4822 σκότει
3421 4769 3742 4838 διαπορευο-

2173 4864 2390 4934 μένους,
2413 4865 2612 4935 σαρκὸς
2646 4865 2804 4936 ἡμῶν
2833 4867 2927 4919 καὶ
2966 4865 3198 4936 αἵματος
3226 4862 3620 4936 παραπλησίως
3648 4880 3740 4916 κε-

2170 4958 2580 5025 κοινωνηκότος,
2610 4957 2730 5009 λίαν
2753 4955 2941 5027 ἔμοιγε
2961 4956 3177 5010 δοκοῦσι
3203 4957 3420 5027 φρονεῖν
3447 4955 3742 5009 ὑπεναντία

2168 5051 2234 5119 τῇ
2259 5049 2467 5102 ἐκείνου
2488 5047 2821 5120 σωτηριὼδει
2842 5050 3086 5121 προνοίᾳ,
3112 5050 3226 5126 ὅσοι
3251 5049 3327 5120 μὴ
3347 5047 3435 5102 τοῦ
3458 5046 3741 5118 φωτισμοῦ

1769 5179 2003 5238 VARUE
2045 5185 2442 5245 LECTIONES.

590 5300 636 5331 ⁸⁸
686 5297 1081 5374 _(_).<.enln'itggen
1122 5297 1502 5374 corrigemimn
1560 5307 1713 5374 putat
1745 5306 1820 5350 κε’
1851 5302 1988 5354 ἐτῶν
2012 5304 2150 5358 ἀλλὰ
2191 5311 2259 5360 κ’.
2324 5305 2367 5335 ⁸³
2394 5306 2691 5362 Justiniani
2728 5306 2864 5363 Nov.
2901 5306 3025 5371 125,
3055 5321 3106 5362 c.
3136 5305 3224 5361 i5.
3315 5304 3363 5337 "
3386 5303 3476 5359 Sic
3499 5301 3734 5374 Scrimg.

486 5373 591 5427 Sed
615 5376 665 5425 tn
686 5370 875 5423 I’miclt.
907 5380 958 5423 et
986 5368 1275 5423 Meet‘tnutt.
1314 5368 1434 5420 cod.
1459 5385 1563 5420 non
1601 5371 1746 5420 ηοω.

1993 5472 2218 5544 NOTAE.

555 5589 629 5659 (ϐ)
652 5585 903 5659 Novr'iii.
937 5584 984 5636 .i.
1014 5581 1135 5659 eod.
1160 5596 1279 5659 cap.
1320 5579 1405 5643 15,
1427 5594 1547 5648 syn.
1567 5579 1622 5637 6.
1645 5577 1937 5659 itLTrttlio.

557 5648 632 5732 (τ)
667 5658 742 5732 Ne
766 5658 980 5732 dicatur
996 5648 1241 5721 :tiioquiu
1272 5668 1395 5704 cum
1435 5659 1628 5716 poeta:
1688 5648 1924 5705 Dedecus
1946 5653 2040 5732 ille,

482 5728 676 5787 domus
702 5730 802 5783 sict
834 5728 1075 5780 ultimus.

552 5803 628 5865 i8)
688 5800 752 5853 Et
813 5799 885 5852 ita
943 5796 1234 5864 abrogatur
1284 5791 1506 5849 Novella
1557 5788 1851 5848 Justiniani
1904 5793 2027 5858 19.5,

2157 5599 2184 5638 ρ
2219 5585 2535 5726 (adimique
2556 5667 2716 5726 turpe
2737 5664 2841 5720 est,
2861 5656 2953 5726 jus
2977 5655 3030 5710 in
3051 5670 3159 5725 quo
3186 5651 3431 5709 versatur
3458 5655 3730 5725 ignorare;

2148 5727 2184 5780 Ι.
2219 5728 2270 5794 :2,
2310 5727 2444 5811 345,
2485 5728 2539 5783 π.
2575 5731 2641 5784 de
2668 5728 2878 5797 origine
2907 5727 3042 5782 iuris
3082 5727 3166 5781 12.
3197 5726 3425 5792 Quintil.
3457 5727 3509 5781 5.
