4078 6300
396 356 493 423 461

1493 362 1854 424 NOVEI.L/E
1892 360 2563 425 CONSTITUTIONES.

3544 361 3653 423 462

395 472 637 537 πέτειαν,
674 470 812 544 αὕτη
894 471 1067 546 ῥητήν
1113 488 1237 528 τινα
1289 472 1383 527 καὶ
1444 475 1961 548 συμπεφωνημένην

2085 474 2371 530 ueritatem
2424 474 2640 546 puniat,
2671 474 2785 530 haec
2820 472 3104 529 definitum
3142 480 3411 545 pactoque
3435 476 3645 531 consti-

397 564 643 635 βούλεται
696 564 941 633 γίνεσθαι
974 565 1073 637 τὴν
1098 565 1192 619 ἐπὶ
1233 567 1303 637 τῇ
1334 565 1681 644 ἀναρμοστία
1708 567 1811 640 τῆς
1841 584 1980 640 μνη-

396 657 582 720 στείας
622 656 848 729 ζημίαν,
898 656 992 711 καὶ
1043 658 1193 713 δοκεῖ
1232 676 1342 730 μοι,
1372 658 1563 731 ὥσπερ
1592 655 1772 725 εἷπον,
1817 659 1979 716 τοῦτο

397 748 586 804 πλεῖον
615 749 764 821 ἔχειν
798 750 956 822 ἰσχὺν
988 752 1069 815 είς
1099 752 1159 805 τδ
1194 752 1267 824 μὴ
1298 752 1374 817 ὡς
1406 751 1564 826 ἔτυχε
1617 754 1977 810 πεττεύεσθαι

394 841 467 894 τὰ
494 842 908 914 μνηστεύματα.
947 843 1013 897 Ἦ
1056 843 1156 914 μὲν
1197 843 1309 917 γὰρ
1362 846 1458 901 τοῦ
1509 846 1829 920 ἀρῤαόῶνος
1872 849 1978 903 ἀπ-

396 931 591 1000 ώλεια,
622 933 830 1006 ὥσπερ)
855 934 949 989 ἐπὶ
981 933 1059 1007 τῷ
1095 936 1239 991 δόντι
1267 933 1388 992 εἶτα
1422 938 1497 1010 μὴ
1546 940 1827 1010 στέργοντι
1878 937 1977 1010 τὴν

404 1026 700 1097 μνηστείαν
734 1027 1005 1100 ὥρισται,
1053 1029 1151 1084 καὶ
1182 1030 1215 1102 ὴ
1250 1030 1414 1101 διπλῆ
1465 1032 1523 1086 δὲ
1556 1031 1830 1097 ἀπότισις,
1856 1032 1926 1105 ην
1949 1031 1979 1087 ὀ

396 1118 491 1172 τὸν
522 1120 815 1191 ἀρραϐῶνα
840 1120 1019 1175 λαϐὼν
1042 1117 1161 1176 εἶτα
1190 1122 1266 1193 μὴ
1299 1123 1573 1193 ἐπιμένων
1588 1118 1668 1189 οἷς
1692 1125 1978 1197 ὡμολόγη-

400 1223 494 1261 σεν
524 1209 717 1281 ὑπέχει
754 1208 977 1280 ζημίαν.
1000 1211 1141 1282 τάχα
1192 1212 1280 1265 διὰ
1307 1212 1368 1266 τὸ
1414 1215 1743 1287 κουφότερον
1771 1231 1979 1286 προπε·

400 1295 657 1368 τέστερον
686 1296 872 1353 δίδωσι
908 1301 1019 1363 τοῖς
1050 1298 1399 1371 βουλομένοις
1452 1304 1532 1366 είς
1560 1302 1660 1372 τὴν
1716 1302 1978 1373 ἀθέτησιν

400 1391 584 1461 ὁρμᾷν
608 1390 718 1443 τῶν
738 1389 1064 1461 ὁμολογιῶν,
1091 1393 1195 1447 ὑπὸ
1221 1394 1279 1449 δὲ
1307 1395 1408 1465 τῆς
1440 1396 1761 1465 συμφωνίας
1805 1397 1979 1468 ῥητῆς

400 1478 741 1551 εἰσπράξεως
770 1480 1077 1553 βαρυτέραν
1103 1484 1430 1539 ἀπαντῶσαν
1459 1485 1608 1557 αὑτῷ
1651 1488 1751 1557 τὴν
1775 1488 1978 1559 ζημίαν

399 1571 543 1641 ὁρῶν
566 1573 595 1625 ό
621 1572 898 1640 ἀϐέϐαιος,
932 1575 1152 1640 πάντως
1199 1578 1558 1651 ὀκνηρότερος
1608 1583 1746 1651 πρὸς
1769 1581 1832 1634 τὸ
1856 1582 1978 1635 δια-

402 1662 611 1717 σπάσαι
632 1664 733 1735 τὴν
764 1668 1062 1738 μνηστείαν
1088 1670 1405 1740 γενήσεται.

476 1754 654 1827 Ὅπερ
684 1757 729 1789 ’⁸
759 1757 852 1811 καὶ
880 1759 1039 1829 ήμεῖς
1067 1760 1302 1830 ὁρῶντες
1323 1764 1436 1826 τοῖς
1458 1765 1752 1836 γαμηλίοις
1787 1768 1978 1822 συναλο

402 1844 649 1917 λάγμασι
685 1848 885 1918 μᾶλλον
915 1852 1237 1923 συμφέρειν,
1266 1856 1347 1919 είς
1388 1856 1625 1927 νομίμην
1653 1856 1895 1926 διάταξιν
1922 1861 1983 1913 τὸ

405 1939 518 1994 ἀπὸ
546 1942 835 2012 συνηθείας
875 1947 1251 2016 πραττόμενον
1312 1948 1680 2021 καθιστῶμεν.
1729 1953 1825 2006 Ἐκ
1878 1953 1981 2023 μὲν

404 2031 516 2104 γὰρ
549 2033 647 2104 τῆς
675 2032 771 2088 τοῦ
806 2034 1126 2107 ἀρῤαὸῶνος
1149 2039 1427 2105 ἀπωλείας
1454 2042 1644 2113 ῥᾳδίας
1672 2042 1720 2075 ’⁸
1747 2044 1982 2115 όρῶτῶν

410 2124 719 2195 μνηπειῶν
744 2125 843 2191 τὰς
872 2127 1210 2195 ἀνατροπὰς,
1242 2130 1309 2183 ἐκ
1339 2130 1394 2184 δὲ
1419 2130 1519 2201 τῆς
1552 2130 1647 2185 τοῦ
1679 2133 1982 2204 προστίμου

404 2217 715 2289 καταϐὠῆς
763 2218 968 2274 οὐκέτι.
1021 2220 1095 2277 Τὸ
1115 2221 1224 2293 γὰρ
1283 2222 1583 2294 βαρύτερον
1630 2225 1733 2296 τῆς
1753 2225 1983 2300 Ι’ζημίας

408 2309 730 2384 (βαρύτερον
753 2310 811 2367 δὲ
837 2315 1055 2377 πάντως
1087 2314 1181 2369 τοῦ
1213 2316 1532 2388 ἀρῤαὸὧνος
1555 2318 1618 2371 τὸ
1647 2318 1981 2389 πρόστιμον)

406 2402 501 2456 καὶ
550 2403 684 2459 ἀκον
703 2406 748 2438 ’⁷
774 2406 972 2477 ἐπέχον
1020 2407 1082 2461 τὸ
1133 2407 1234 2479 τῆς
1301 2408 1528 2481 γνώμης
1575 2410 1984 2483 παλίμϐολον⁸

408 2495 660 2565 στέργειν
686 2497 989 2566 ἀναγκάσει
1023 2499 1092 2554 τά
1131 2500 1262 2573 περὶ
1293 2500 1404 2554 τῶν
1462 2504 1914 2575 μνηπευσάντων
1938 2508 1983 2540 θ’

410 2587 836 2660 προδεδογμὲνα.
885 2590 1073 2657 Οὕτως
1126 2588 1219 2647 οὖν
1242 2592 1339 2647 καὶ
1386 2593 1494 2647 ἀπὸ
1540 2594 1631 2648 τοῦ
1659 2594 1751 2650 νῦν
1792 2597 1986 2651 κελεύ-

412 2697 579 2750 σματι
608 2683 773 2754 νόμου
799 2685 860 2738 τὸ
889 2684 997 2739 ἀπὸ
1026 2686 1042 2717 ί
1097 2685 1197 2756 τῆς
1222 2686 1511 2756 συνηθείας
1560 2687 1856 2757 βεϐαιωθὲν
1892 2692 1988 2746 xa‘t

412 2772 684 2845 κρατείτω
711 2776 807 2830 καὶ
837 2775 1124 2840 διαιτάτω,
1154 2778 1407 2849 καθάπερ
1436 2779 1564 2850 ἄχρι
1592 2781 1613 2812 ⁸
1662 2779 1757 2833 τοῦ
1783 2782 1987 2851 παρόν-

410 2883 523 2930 τος,
555 2868 651 2921 καὶ
680 2870 989 2941 προστίμου
1013 2871 1301 2944 εἰσπράξει
1351 2873 1380 2925 ὁ
1408 2871 1508 2943 τὴν
1533 2873 1828 2945 μνηστείαν
1856 2876 1988 2929 ἀνα-

410 2959 631 3031 τρέπων
659 2960 1002 3033 ζημιούσθω.

1006 3056 1316 3113 ΔΙΑΤΔΞΙΣ
1356 3059 1459 3112 ῐΘ’.

412 3140 556 3213 Περι
582 3143 911 3214 συμφώνου
948 3147 1220 3228 πειτρῴου
1246 3149 1352 3228 rei}
1401 3149 1494 3228 ἀπ’
1522 3149 1663 3218 ισης
1699 3153 1988 3219 κληρονο-

906 3218 1046 3285 μεῖν
1071 3218 1180 3272 τὸν
1203 3219 1389 3274 παῖδα
1415 3220 1457 3275 ³.

498 3298 558 3357 ὀ
584 3303 749 3368 αὐτὸς
791 3303 1045 3375 βασιλεὺς
1077 3307 1357 3380 Στυλιανῷ
1418 3310 1496 3381 τῷ
1558 3310 1992 3384 ύπερφυεστάτῳ

419 3397 708 3472 μαγίστρῳ
730 3399 841 3454 τῶν
874 3400 1032 3455 θείων
1076 3404 1368 3472 όφφικίων.

485 3485 627 3540 ὀπε
635 3504 668 3558 ρ
691 3487 789 3541 καὶ
808 3488 1046 3561 πρόσθεν
1074 3493 1208 3562 ἡμῖν
1229 3492 1465 3564 εἴρηται,
1498 3495 1559 3548 ού
1580 3494 1862 3565 φαυλίζειν
1877 3496 1993 3551 ἑτέ-

422 3595 551 3649 ρους
586 3580 1010 3653 προαιρούμενοι
1078 3586 1160 3648 είς
1218 3586 1595 3655 ἐπανόρθωσιν
1645 3588 1756 3643 τῶν
1811 3589 1993 3662 νόμων

419 3671 782 3742 κατέστημεν,
854 3674 964 3730 οὐδ’
999 3674 1086 3729 ἵνα
1143 3677 1302 3744 δόξαν
1352 3680 1570 3745 ἑαυτοῖς
1616 3681 1995 3754 περιποιησιῶ

423 3758 586 3833 μεθα,
619 3762 733 3818 ἀλλ’
777 3764 866 3819 ἵνα
910 3766 971 3820 τὸ
1001 3767 1318 3839 ἀσύμφορον
1364 3770 1431 3824 ὲκ
1461 3769 1557 3824 τοῦ
1622 3771 1735 3826 τῶν
1778 3773 1994 3844 ὑποχω-

424 3854 556 3922 ρίων
592 3855 616 3887 ⁸
667 3855 751 3927 ἐφ’
804 3857 927 3912 ὅσον
976 3859 1203 3914 δυνατὸν
1281 3862 1795 3935 ἀποσκεωσώμεθα
1853 3863 1991 3936 βίου,

421 3946 598 3999 ὲκεῐνο
617 3947 841 4012 εἰδότες,
871 3949 947 4014 ὡς
971 3950 1193 4005 πάντων
1238 3953 1635 4025 προτιμότερον
1685 3955 1765 4018 είς
1819 3955 1995 4011 κατὰ·

424 4052 613 4091 στασιν
675 4042 774 4111 τῆς
825 4040 1102 4105 πολιτείας
1162 4043 1197 4113 ὴ
1233 4042 1341 4097 τῶν
1393 4043 1575 4114 νόμων
1636 4046 1995 4111 κατάστασις.

433 4127 776 4201 Ὀφθαλμοὺς
806 4132 916 4203 γάρ
975 4150 1059 4197 τις
1088 4134 1259 4187 εἰπὼν
1311 4134 1585 4200 πολιτείας
1628 4137 1752 4201 τοὺς
1773 4137 1991 4209 νόμους,

420 4221 523 4273 οὐκ
562 4220 649 4285 ἀν,
680 4218 852 4294 οἴμαι,
883 4224 1071 4296 καλοίη
1099 4224 1203 4292 ἔξω
1233 4224 1329 4279 τοῦ
1365 4225 1666 4297 πρέποντος
1706 4229 1947 4299 φάμενος
1977 4246 1993 4264 ·

422 4310 611 4384 ὥσπερ
644 4312 750 4386 γὰρ
789 4313 913 4386 ζώῳ
947 4316 1375 4385 ἀναγκαιότατόν
1396 4320 1513 4372 ἐστι
1539 4317 1775 4388 μάλιστα
1794 4320 1996 4391 ὀφθαλ-

427 4404 527 4475 μὸς
548 4406 608 4459 οὑ
636 4407 1021 4478 σφαλλόμενος,
1058 4407 1201 4463 οὕτω
1226 4412 1319 4464 καὶ
1346 4409 1593 4483 πολιτείᾳ
1624 4412 1807 4483 νόμων
1830 4414 1994 4468 εύθύυ

424 4513 544 4567 της.
568 4500 660 4552 Διὸ
685 4502 781 4570 τῆς
815 4500 1022 4555 τούτων
1045 4501 1337 4575 εὐθύτητος
1380 4504 1691 4575 ποιούμενοι
1713 4505 1991 4576 πρόνοιαν,

423 4589 654 4660 ἐπείπερ
682 4591 926 4661 ἔγνωμεν
950 4593 1007 4645 ἐν
1032 4595 1099 4663 τῇ
1136 4593 1229 4646 τοῦ
1254 4593 1481 4658 κὼδικος
1514 4595 1710 4668 ἐκλογῇ
1740 4599 1993 4666 κείμενον

424 4680 610 4749 νόμον,
657 4678 712 4741 ὃς
765 4680 854 4735 διὰ
902 4681 965 4735 τὸ
1022 4682 1295 4752 προφανὲς
1323 4683 1423 4753 τῆς
1478 4683 1708 4749 ἀτοπίας
1741 4686 1993 4757 οὐδαμῶς

425 4761 555 4844 εὗρε
582 4772 605 4803 ⁸
633 4772 903 4845 ἀποδοχῆς
926 4771 1109 4846 χώραν
1155 4777 1213 4828 ἐν
1239 4776 1306 4845 τῇ
1334 4773 1443 4829 τῶν
1471 4774 1776 4846 ἀνθρώπων
1810 4794 1996 4848 προαι-

2084 574 2260 622 tutum
2296 567 2347 622 in
2375 567 2776 638 sponsaliorum
2812 566 3143 623 rescis’sione
3182 567 3353 623 subiri
3389 567 3653 637 damnum

2084 656 2223 711 vult.
2286 656 2365 711 Ac
2420 672 2591 723 sane,
2663 672 2731 713 ne
2781 656 2863 727 (ut
2921 657 3034 711 fieri
3096 656 3329 727 assolet)
3370 657 3651 727 sponsalia

2084 765 2305 804 sursum
2342 750 2597 805 deorsum
2648 748 2920 813 ferantur,
2949 748 3055 804 hoc
3110 749 3243 803 mihi
3276 747 3668 822 (quemadmoe-

2083 841 2212 897 dum
2266 841 2400 913 dixi)
2458 841 2721 913 maiorem
2754 842 3001 896 obtinere
3049 840 3159 894 vim
3200 838 3435 895 videtur.
3472 838 3656 896 Solius

2082 936 2228 993 enim
2282 934 2458 990 arrhae
2512 934 2767 1005 perditio,
2833 948 2952 1003 quae
2978 934 3029 987 in
3061 947 3182 986 eum
3246 931 3334 1000 qui
3386 932 3555 997 dedit,
3592 946 3655 988 ac

2083 1027 2280 1085 deinde
2310 1028 2655 1097 sponsalibus
2678 1042 2788 1081 non
2828 1025 3153 1096 acquiescit,
3219 1023 3515 1079 constituta
3548 1034 3657 1086 est,

2083 1118 2309 1189 ejusque
2337 1118 2389 1172 in
2422 1117 2644 1188 duplum
2677 1116 2971 1182 restitutio,
3002 1130 3165 1185 quam
3187 1114 3446 1170 mulctam
3476 1114 3526 1172 is
3567 1116 3661 1185 qui

2084 1214 2303 1268 arrham
2350 1214 2515 1283 cepit,
2568 1210 2875 1280 deiudeque
2912 1208 2968 1263 in
3017 1215 3176 1278 pacto
3223 1215 3495 1263 convento
3550 1220 3661 1261 non

2090 1304 2357 1374 persistit,
2408 1304 2691 1367 sustinet,
2769 1308 2827 1355 ut
2878 1306 3101 1370 propter
3152 1312 3330 1369 poenas
3388 1296 3661 1352 levitatem

2085 1394 2153 1449 ad
2184 1405 2463 1466 pactorum
2522 1392 2930 1455 rescissionem,
2966 1390 3061 1462 qui
3092 1390 3145 1445 id
3167 1389 3346 1446 facere
3393 1388 3657 1461 cogitant.

2086 1488 2300 1544 facilius
2324 1486 2592 1553 ferantur,
2652 1485 2802 1540 facit.
2832 1485 2899 1539 At
2923 1499 2991 1540 ex
3028 1493 3188 1555 pacto
3216 1482 3455 1538 definita:
3484 1494 3659 1550 ρωποι

2084 1582 2305 1654 gravius
2338 1580 2599 1635 damnum
2652 1578 2755 1635 sibi
2780 1578 3043 1634 obvenire
3100 1578 3295 1633 videns
3338 1577 3661 1632 inconstans

2084 1676 2176 1730 ille
2205 1672 2413 1729 tardior
2446 1672 2670 1728 omnino
2696 1672 2763 1727 ad
2792 1670 3097 1727 divellenda
3132 1670 3410 1742 sponsalia
3443 1669 3553 1723 fiet.

2167 1766 2319 1832 Quod
2360 1780 2493 1821 sane
2519 1780 2620 1820 nos
2644 1764 2833 1834 Setiam
2890 1762 3231 1833 nuptialibus
3284 1761 3658 1817 contractibus

2015 1843 2057 1900 Β
2086 1857 2258 1929 magis
2313 1855 2659 1912 conducibile
2716 1853 2833 1910 fore
2882 1854 3383 1909 animadvertentes
3419 1852 3566 1918 quod
3591 1869 3654 1907 ex

2081 1949 2476 2006 consuetudine
2526 1947 2641 2003 fieri
2695 1948 2852 2012 solet,
2880 1947 2936 2001 in
2974 1947 3269 2017 legitimam
3306 1944 3662 2001 constitutio-

2084 2059 2203 2098 nem
2239 2042 2597 2097 traducimus.
2620 2038 2701 2094 Ex
2741 2040 2917 2095 arrhac
2945 2040 3213 2109 siquidem
3240 2037 3447 2108 (Si-25)
3483 2037 3665 2107 perdi-

2084 2140 2229 2193 tione
2287 2136 2477 2191 faciles
2538 2135 2942 2205 sponsaliorum
2983 2133 3295 2189 eversiones
3351 2133 3508 2189 video
3545 2150 3557 2187 :
3594 2145 3663 2187 ex

2083 2244 2255 2300 poenae
2286 2227 2657 2301 persolutione
2692 2242 2800 2283 non
2839 2225 2992 2281 item.
3027 2224 3164 2281 Nam
3192 2225 3412 2295 gravius
3442 2226 3663 2294 dispen-

2083 2321 2231 2375 dium
2299 2320 2483 2391 (pacto
2517 2318 2662 2374 enim
2697 2317 2998 2372 constituta
3040 2331 3195 2386 poena
3243 2316 3407 2369 arrha
3470 2314 3651 2383 major

2085 2427 2307 2484 prorsus
2335 2419 2497 2483 atque
2545 2410 2760 2481 gravior
2802 2408 2906 2475 est)
2941 2408 3026 2463 vel
3047 2408 3275 2463 invitum
3310 2405 3562 2462 inhibens
3594 2405 3665 2461 ab

2084 2504 2251 2561 animi
2292 2502 2716 2559 inconstantiam
2760 2499 3114 2570 acquiescere
3174 2499 3303 2563 illis,
3336 2512 3457 2568 quae
3488 2503 3662 2553 antea

2085 2598 2152 2654 de
2177 2594 2527 2668 sponsalibus
2580 2591 2923 2663 placuerunt,
2986 2589 3298 2659 compellet.
3362 2587 3454 2643 Sic
3498 2587 3668 2660 igitur

2086 2688 2229 2760 quod
2261 2702 2291 2741 a
2315 2684 2718 2742 consuetudine
2749 2682 3135 2738 confirmatum
3167 2689 3274 2740 est.
3312 2678 3668 2750 quemadmo-

2088 2783 2216 2838 dum
2268 2782 2554 2845 hactenus,
2607 2779 2681 2833 ita
2720 2777 2981 2847 deinceps
3004 2782 3057 2830 et
3085 2774 3353 2840 obtineto,
3388 2782 3443 2830 et
3470 2774 3673 2830 causas

2087 2874 2388 2945 dijudicato
2417 2891 2431 2926 :
2462 2881 2582 2927 tum
2616 2871 2779 2926 etiam
2810 2869 2903 2941 qui
2932 2866 3209 2938 sponsalia
3242 2868 3458 2933 evertit,
3490 2879 3669 2938 ptent!)

2087 2965 2373 3021 exactione
2398 2962 2609 3020 feritor.

2555 3048 3018 3108 CONSTITUTIO
3053 3047 3173 3103 XIX
3186 3089 3199 3101 .

2150 3147 2226 3203 De
2253 3156 2407 3217 pacto
2426 3144 2536 3217 (26)
2564 3154 2896 3283 paternoblea:
2933 3158 3082 3213 aequo
3114 3138 3369 3197 mandem
3423 3138 3667 3207 futurum

2846 3230 2977 3267 tum.

2846 3230 2951 3267 tum
2964 3252 2977 3267 ι

2162 3310 2306 3367 Idem
2354 3310 2649 3377 imperator
2688 3306 2933 3374 Stvliano
2962 3303 3452 3361 excellentissimo
3479 3315 3671 3359 sacro-

2092 3419 2212 3458 rum
2243 3402 2543 3458 ciliciorum
2559 3401 2855 3472 magistro.

2162 3494 2279 3551 Non
2332 3494 2715 3551 contemnendi
2739 3494 2875 3549 alios
2902 3492 3087 3549 studio
3110 3491 3193 3561 (ut
3221 3498 3277 3545 et
3306 3497 3467 3545 antea
3504 3501 3532 3542 a
3569 3501 3672 3542 no.

2093 3590 2404 3662 bisldictum
2429 3589 2534 3657 est)
2588 3602 2767 3657 neque
2790 3594 2851 3642 ut
2889 3586 3117 3658 gloriam
3174 3581 3332 3639 nobis
3386 3596 3666 3653 paremus,

2093 3680 2161 3738 ad
2193 3683 2371 3752 legum
2418 3681 2814 3734 correctionem
2844 3678 3220 3749 proeeSsimus
3262 3694 3275 3730 :
3313 3673 3408 3731 sed
3443 3683 3501 3728 ut
3523 3672 3671 3743 quod

2091 3774 2439 3831 conducibile
2470 3786 2577 3826 non
2608 3780 2715 3836 est,
2740 3772 2920 3842 quoad
2954 3771 3073 3837 ejus
3101 3770 3212 3825 fieri
3247 3775 3449 3839 potest,
3480 3784 3508 3823 a
3534 3768 3671 3823 sub-

2046 3868 2049 3873 ⁴
2092 3867 2330 3922 ditorum
2390 3866 2674 3921 consortio
2734 3877 3161 3919 removeamus:
3206 3861 3257 3917 id
3291 3862 3548 3926 scientes,
3600 3858 3681 3916 ad

2094 3957 2483 4015 moderandam
2510 3956 2908 4028 rempublicam
2950 3955 3129 4026 legum
3156 3963 3359 4011 rectam
3396 3952 3669 4008 constitu-

2100 4052 2304 4106 tionem
2350 4049 2596 4104 omnium
2631 4062 2753 4103 esse
2799 4045 3334 4117 praestantissimam.
3386 4041 3523 4099 Nam
3576 4042 3673 4112 qui

2094 4141 2241 4211 leges
2271 4139 2384 4211 (27)
2439 4138 2756 4209 reipublicae
2801 4138 2993 4193 oculos
3032 4151 3156 4192 esse
3187 4135 3403 4199 dixerit,
3444 4135 3490 4191 is
3540 4134 3673 4206 pro-

2096 4229 2242 4286 fecto
2280 4243 2401 4284 mea
2432 4229 2703 4284 sententia
2736 4228 2859 4283 illas
2877 4229 2951 4283 itu
2980 4242 3206 4292 vocans,
3247 4226 3380 4285 nihil
3407 4224 3671 4279 indecens

2097 4322 2549 4394 pronuntiaverit.
2607 4320 3079 4388 Quemadmodum
3092 4323 3113 4389 ξ
3136 4319 3283 4375 enim
3315 4332 3403 4373 res
3436 4316 3674 4372 maxime

2098 4416 2407 4472 necessaria
2434 4425 2518 4470 est
2550 4414 2772 4468 animali
2814 4426 2923 4468 non
2975 4413 3216 4467 titubans
3263 4410 3477 4474 oculus,
3517 4409 3592 4463 ita
3617 4417 3673 4463 et

2100 4506 2409 4575 reipublicae
2464 4506 2642 4575 legum
2674 4520 2866 4575 aequus
2900 4512 2955 4558 et
2985 4512 3170 4558 rectus
3230 4511 3427 4558 status.
3491 4499 3666 4569 Hujus

2097 4611 2228 4668 ergo
2247 4611 2343 4652 nos
2357 4611 2542 4651 curam
2565 4602 2837 4665 gerentes,
2873 4602 3223 4665 posteaquam
3248 4595 3300 4649 in
3327 4594 3532 4648 selecto
3552 4592 3667 4661 (‘28)

2100 4689 2291 4744 codice
2320 4690 2490 4760 legem
2521 4687 2877 4759 cognovimus
2923 4686 3067 4757 (quae
3090 4688 3327 4756 {propter
3362 4685 3668 4738 evidentem

2100 4781 2496 4837 absurditatem
2528 4781 2582 4835 in
2619 4778 2899 4836 hominum
2948 4778 3149 4835 animis
3205 4776 3525 4847 neutiquam
3587 4774 3669 4829 lo-

1736 4917 1984 4981 νΑΒΙΑΞ,
2005 4920 2406 4977 LECTIONES.

537 5056 583 5089 "
605 5055 745 5113 Hine
774 5056 969 5129 incipit
997 5056 1114 5113 Ecl.
1168 5062 1214 5093 °°
1248 5060 1445 5129 Ecloga
1480 5059 1693 5129 ῥᾳδίως
1776 5065 1819 5094 ⁸⁷
1846 5062 2003 5120 codd.
2038 5067 2252 5120 ἄκοντα.
2313 5066 2357 5098 ⁸⁸
2389 5065 2577 5120 Zuich.
2609 5074 2663 5120 et
2689 5063 2911 5118 Meerm.
2946 5061 3076 5115 παλί
3124 5059 3331 5112 ϐουλον.
3401 5056 3442 5087 ’9
3473 5054 3669 5124 Ecloga

537 5129 948 5186 lmocauévwv.
1013 5130 1030 5161 ¹
1060 5129 1255 5186 Εοιοαο
1290 5131 1413 5185 ὑπό.
1488 5132 1507 5161 ³
1534 5131 1693 5185 Basil.
1724 5134 1851 5186 ἀγυι
1877 5135 1973 5186 τοῦ
2004 5137 2118 5186 νῦν.
2207 5138 2227 5168 ³
2255 5137 2348 5186 Est
2376 5138 2428 5186 in
2457 5136 2641 5186 Eclon.
2688 5134 2824 5186 Nov.
2856 5133 2941 5186 11.
3024 5132 3045 5164 ⁸
3071 5078 3182 5186 gic.
3227 5126 3387 5185 codd.
3438 5126 3669 5186 Stepha-

416 5129 951 5206 ,μνηστευσαμένωντ
1013 5130 1030 5161 ¹
1060 5129 1255 5206 Ecloga
1290 5131 1413 5185 ύπό.
1478 5131 1693 5206 _’_Ba_sil.
1724 5134 1851 5204 ἀγρι
1877 5135 1973 5189 τοῦ
2004 5137 2118 5192 νῦν.
2207 5138 2227 5168 ³
2255 5137 2348 5193 Est
2376 5138 2428 5192 iu
2455 5136 2641 5206 Eclog.
2688 5134 2824 5191 Nov.
2856 5133 2941 5188 il.
3024 5132 3045 5164 ⁸

435 5195 543 5256 itus
568 5207 623 5255 et
645 5195 895 5273 Agjlacus
930 5195 1277 5274 ὑποχειρίων.
1342 5209 1363 5241 ⁸
1394 5201 1550 5258 codd.
1569 5195 1717 5269 εὖγε.

3114 5134 3182 5187 ie.
3227 5126 3387 5185 codd.
3438 5126 3669 5199 Stepha-

1878 5295 2109 5353 NOTAE.

505 5409 720 5480 (24-25)
753 5409 869 5484 Hoc
895 5410 1098 5478 innuit,
1127 5412 1275 5484 dupli
1315 5428 1530 5484 poenam
1551 5414 1760 5483 legibus
1789 5417 1996 5469 consti-

435 5486 608 5535 tutam
633 5496 757 5555 non
776 5482 848 5555 ita
882 5482 1214 5555 astringere,
1240 5482 1502 5555 quantum
1536 5482 1801 5541 conventa
1836 5494 1999 5554 atque

435 5552 836 5631 μεθιεῖ-’Λιμῷ
883 5554 959 5608 ΞΟ
1001 5552 1140 5610 seu.
1166 5556 1219 5631 l_,
1258 5552 1347 5611 ubi
1371 5555 1439 5610 de
1485 5570 1645 5628 pmna
1682 5557 1897 5627 injuria:
1914 5552 1999 5613 lc—

435 5622 545 5691 gib.
578 5621 673 5676 XII
691 5624 998 5678 tabularum
1033 5625 1352 5681 constituta.

509 5691 624 5766 (gs)
658 5691 778 5749 Vid.
811 5695 847 5752 l.
878 5695 968 5755 ιδ,
1002 5692 1165 5766 οεάε
1188 5698 1383 5766 pactis.

505 5759 622 5839 {27)
685 5766 837 5839 (λειείί
878 5759 1203 5839 γείριιὺιὶοαξ
1254 5768 1398 5839 leges
1442 5787 1455 5822 :
1494 5767 1997 5839 etpﬂakpobqiro).t-

438 5832 605 5896 τείας
646 5834 771 5899 τοὺς
833 5832 1031 5907 νόμους
1093 5838 1184 5908 qui
1240 5832 1393 5905 dicit,
1444 5832 1552 5893 non
1605 5832 1768 5895 errat.
1817 5838 1996 5896 Persis

2096 5412 2369 5483 ὀφθαλμοὶ
2399 5411 2682 5482 βασιλέως,
2705 5411 2849 5483 oculi
2876 5412 3040 5480 regis,
3074 5411 3395 5465 dicebantur
3414 5418 3667 5483 satrapae.

2100 5479 2157 5538 ut
2198 5479 2291 5552 per
2325 5479 2463 5551 quos
2508 5498 2599 5536 rex
2632 5482 2816 5537 omnia
2852 5479 3159 5551 spectaret:
3194 5483 3338 5537 sicut
3402 5479 3547 5552 regis
3568 5495 3667 5533 ati—

2099 5550 2509 5622 ies—delatores.
2549 5568 2643 5622 per
2685 5568 2824 5622 quos
2863 5550 3252 5607 reX‘audiebat
3309 5550 3489 5622 omnia
3520 5565 3665 5622 _qu;e

2099 5628 2168 5750 ἓξ
2202 5620 2531 5696 unoqquue
2552 5620 2906 5695 gerebantur.
2966 5622 3162 5678 Suidas
3196 5620 3474 5693 ὀφθαλμὸς
3511 5620 3663 5691 βασι-

2161 5715 2257 5750 ως.

2161 5715 2257 5759 ως.

2172 5758 2286 5836 (28)
2317 5766 2402 5819 Ἐν
2421 5768 2483 5835 τῇ
2507 5764 2613 5817 τῶν
2630 5765 2862 5837 κωδίκου
2900 5765 3123 5837 ἐκλογῇ,
3160 5766 3265 5828 hoc
3288 5773 3381 5821 est
3407 5764 3457 5816 in
3479 5758 3668 5818 codice

2108 5835 2351 5907 repetita:
2383 5835 2766 5905 praelectionis.
