4078 6300
321 356 440 418 413

1392 362 1757 428 NOVELLzE
1795 366 2466 436 CONSTITUTIONES.

3479 382 3586 446 474

326 483 437 535 ραν
455 467 599 533 ἀξιοῖ
628 467 823 522 διδόναι
856 472 920 541 τῇ
956 472 1199 539 γυναικὶ,
1232 473 1355 526 οὔτε
1381 475 1479 545 τῆς
1520 475 1624 541 ἔξω
1648 477 1896 549 κειμένης

2010 494 2231 553 propter
2287 487 2532 557 nuptias,
2562 501 2628 543 cx
2684 488 2807 545 aliis
2851 499 3009 545 extra
3054 490 3409 550 donationem
3453 510 3583 549 con-

321 560 428 612 τοῦ
477 560 741 616 ὑποὸόλου
784 563 950 634 ἄλλης
988 566 1031 599 ⁶⁹
1064 567 1354 637 ὑπάρξεως
1398 569 1490 623 τοῦ
1528 570 1743 641 ἀνδρὸς,
1781 571 1899 624 ἀλλ’

317 652 466 720 ὁμοῦ
492 653 673 725 πάσης
712 656 877 709 αὑτοῦ
908 658 1007 729 τῆς
1046 658 1369 730 περιουσίας
1393 662 1611 733 ἐκείνην
1635 664 1904 731 ἁναλεξα·

322 746 471 817 μένη
496 747 545 778 ⁷⁸
568 750 670 818 τὴν
698 752 895 822 μοῖραν
916 752 1224 824 χαρίζεται.

398 926 621 998 Ταύτην
672 926 767 983 οὖν
818 930 917 1001 τὴν
954 932 1264 1003 συνήθειαν,
1292 935 1523 1007 ἐπείπερ
1552 939 1615 992 οὐ
1652 940 1903 1010 λυπηρὰν

316 1016 547 1088 ὁρῶμεν
574 1022 686 1084 τοῖς
723 1021 1064 1091 πράγμασιν,
1106 1024 1298 1097 ὥσπερ
1330 1030 1420 1081 ἐπ’
1441 1028 1618 1084 ἄλλων
1650 1032 1904 1086 ἐδικαιώ-

322 1125 530 1174 σαμεν,
556 1110 722 1181 νόμου
775 1114 1028 1184 τιμῶμεν
1067 1115 1361 1188 ἀξιώματι,
1397 1121 1492 1174 καὶ
1522 1120 1665 1175 εστω
1693 1140 1756 1191 γε
1792 1124 1900 1187 ἀπὸ

316 1202 424 1255 τοῦ
456 1202 551 1256 νῦν
580 1206 747 1274 νόμου
773 1208 926 1275 ἰσχὺν
958 1207 1072 1261 ἀλλ’
1100 1209 1160 1263 οὐ
1215 1211 1504 1282 συνηθείας
1557 1217 1897 1286 κεκτημένη.

318 1292 388 1346 EI
420 1297 668 1363 μέντοιγε
704 1299 851 1369 μόνῳ
883 1301 923 1331 ⁷¹
949 1300 1025 1371 τῷ
1053 1302 1303 1375 ὑποόόλῳ
1334 1306 1366 1374 ἡ
1408 1305 1502 1359 τοῦ
1552 1308 1744 1377 ἀνδρὸς
1776 1310 1900 1380 ἀρι-

318 1386 549 1455 θμεῖται
574 1388 868 1453 ὑπόστασις
898 1394 1047 1445 πᾶσα
1082 1394 1148 1457 ⁷³,
1187 1396 1326 1465 μετὰ
1350 1397 1459 1451 τῶν
1487 1400 1690 1454 παίδων
1711 1401 1900 1455 τούτου

319 1478 753 1549 συνδιακειμένη
786 1482 817 1550 ἡ
847 1483 1031 1553 μήτηρ
1063 1485 1160 1553 τὴν
1195 1485 1295 1555 μὲν
1332 1485 1701 1559 διαφέρουσαν
1753 1492 1895 1561 αὑτῇ

318 1573 527 1640 μοῖραν
556 1573 635 1636 είς
660 1573 953 1643 ὀλόκληρον
984 1566 1325 1647 ἀπολήψεται
1350 1580 1691 1645 δεσποτείαν,
1728 1582 1820 1636 τοῦ
1855 1584 1902 1638 δ’

314 1664 490 1718 ἄλλου
520 1665 618 1736 τὴν
664 1665 861 1737 χρῆσιν
888 1668 1020 1734 ἕξει.
1053 1671 1113 1724 EI
1160 1670 1215 1725 δὲ
1256 1672 1329 1744 μὴ
1359 1673 1577 1745 ἐξαρκεῖ
1610 1677 1747 1745 πρὸς
1791 1677 1887 1731 6'5-

2008 575 2332 632 sistentibus
2391 580 2574 635 mariti
2634 580 2991 645 facultatibus
3047 584 3211 640 unius
3280 586 3578 643 liberorum

2008 668 2318 735 portionem
2347 669 2561 725 mulieri
2600 671 2719 739 dari
2754 673 2980 743 dignum
3030 683 3182 746 putat
3214 694 3229 730 :
3263 691 3450 732 verum
3478 680 3579 733 im-

2007 770 2215 818 mutata
2235 763 2327 818 illa
2361 765 2632 835 portione.
2664 769 2907 823 omnium
2938 770 3051 844 (52)
3077 771 3240 827 simul
3272 774 3446 844 ipsius
3477 775 3579 830 bo-

2007 868 2201 909 norum
2231 854 2308 909 illi
2337 869 2543 925 partem
2576 858 2822 927 largitur.

2076 942 2228 1005 Hanc
2280 945 2393 1017 (53)
2453 947 2619 1019 igitur
2672 953 3123 1009 consuetudinem
3175 955 3290 1025 (54)
3318 959 3578 1027 quoniam

2005 1037 2259 1092 acerbam
2281 1053 2405 1094 esse
2450 1040 2613 1095 rebus
2644 1044 2961 1099 mortalium
2987 1060 3097 1100 non
3126 1045 3395 1110 videmus,
3431 1056 3489 1102 ut
3522 1052 3575 1103 in

2005 1127 2129 1183 aliis
2180 1127 2343 1183 etiam
2399 1130 2706 1186 faciendum
2753 1134 3086 1202 putavimus.
3144 1138 3279 1207 legis
3309 1139 3579 1210 dignitate

2011 1224 2366 1281 honestamus
2403 1244 2417 1281 :
2458 1227 2659 1297 illaque
2719 1231 2936 1299 quidem
2995 1231 3197 1289 dehinc
3248 1234 3356 1289 vim
3425 1236 3576 1308 legis,

2005 1334 2115 1372 non
2163 1328 2342 1374 autem
2396 1322 2815 1379 consuetudinis
2883 1325 3150 1381 obtineto.
3189 1326 3267 1382 Ac
3291 1330 3576 1399 siquidem

2003 1426 2200 1468 Omnes
2255 1414 2437 1469 mariti
2472 1413 2756 1470 facultates
2789 1418 2842 1472 in
2894 1419 3009 1474 sola
3037 1419 3252 1490 (55-56)
3285 1421 3577 1481 donatione

2005 1514 2227 1576 propter
2287 1507 2510 1575 nuptias
2556 1520 2935 1576 numerentur,
2991 1526 3119 1567 cum
3169 1513 3336 1583 hujus
3386 1514 3574 1571 liberis

2003 1606 2281 1667 superstes
2305 1608 2479 1655 mater
2506 1600 2819 1670 portionem
2839 1618 2960 1673 qua:
2990 1604 3056 1660 ad
3084 1605 3259 1677 ipsam
3312 1608 3572 1677 pertinet.

2004 1690 2164 1762 pleno
2192 1691 2436 1746 dominio
2467 1692 2746 1763 .accipiet,
2798 1695 3121 1767 residuique
3162 1697 3574 1756 usumfructum

313 1766 539 1821 στασινλ
577 1760 670 1813 τοῦ
719 1761 1043 1833 ὑποὸόλουή
1098 1766 1407 1835 περιουσία,
1464 1767 1564 1838 τὴν
1638 1770 1894 1840 μοῖρανή

2005 1760 2246 1842 habebit.
2290 1788 2358 1841 At
2389 1787 2435 1843 si
2460 1787 2525 1843 ad
2574 1760 2929 1845 donationem
2988 1760 3213 1863 propter
3242 1793 3463 1863 nuptias
3489 1792 3577 1848 fa-

308 1851 460 1922 γυνὴ
492 1850 721 1921 λήψεται
747 1853 810 1906 οὐ
844 1856 983 1907 κατὰ
1007 1857 1105 1924 τὴν
1136 1837 1533 1928 εὑρισκομένην
1576 1837 1670 1913 toi)
1725 1837 1893 1932 μειωέ
1928 1837 1968 1891 Β

308 1943 510 2007 οέντος
546 1944 811 1999 ὑποὸόλου
843 1948 1134 2017 ποσότητα,
1167 1949 1301 2003 ἀλλὰ
1321 1949 1571 2005 τοσοῦτον
1597 1952 1797 2022 ἔχουσα
1824 1956 1891 2021 ⁷⁸,

304 2036 444 2089 ὅσον
484 2038 551 2092 ἂν
582 2037 759 2109 ἔσχεν,
785 2041 834 2092 ει
887 2039 1055 2110 μηδὲν
1081 2041 1464 2114 ἠλαττωμένον
1492 2044 1629 2101 ἀλλὰ
1686 2048 1893 2118 πλῆρες

305 2128 369 2182 ὃν
399 2128 469 2181 τὸ
496 2128 763 2183 ὑπόϐολον
794 2130 1142 2202 ἐγνωρξζετο.
1174 2132 1447 2205 Τοιαύτης
1474 2133 1567 2190 οὖν
1600 2136 1889 2209 διδομένης

302 2224 378 2295 τῇ
416 2224 647 2289 γυναικὶ
694 2223 931 2296 μερίδος,
970 2226 1038 2279 τὰ
1096 2227 1525 2299 περιλειπόμενα
1575 2229 1717 2287 ἔστω
1784 2233 1893 2286 τῶν

306 2315 555 2382 παίδων,
584 2318 634 2370 εί
685 2317 740 2375 δὲ
796 2319 964 2387 μηδὲν
1021 2319 1387 2387 ὑπολείποιτο,
1419 2322 1495 2387 ὡς
1520 2324 1743 2398 ’Ῐκλῆρον
1790 2327 1890 2399 τὴν

301 2408 590 2479 ἀκληρίαν
615 2408 953 2464 ἀποίσονται.
1008 2412 1167 2487 Ἀλλᾲ
1198 2411 1371 2466 ταῦτα
1405 2414 1505 2485 μὲν
1540 2416 1669 2485 περὶ
1701 2433 1893 2484 γυναι-

303 2501 427 2566 κός.
450 2500 515 2553 '0
541 2500 680 2572 ἀνὴρ
713 2501 770 2556 δὲ
794 2502 962 2567 ἄπαις
1005 2502 1103 2573 μὲν
1135 2502 1211 2556 ὢν
1238 2503 1519 2576 (καθάπερ
1552 2508 1608 2559 ἑν
1638 2508 1821 2573 ἄλλοις
1845 2508 1892 2542 ’⁷⁸

302 2594 626 2667 διώρϐωται
655 2597 750 2653 καὶ
774 2597 1143 2663 διατέτακται)
1176 2598 1329 2653 οὐδὲν
1361 2599 1483 2653 οὔτε
1513 2600 1742 2671 λήψεται
1767 2600 1891 2653 οὕτε

304 2688 754 2760 ζημιωθήσεται,
793 2693 999 2745 παίδων
1048 2692 1105 2747 δὲ
1163 2692 1349 2765 πατὴρ
1402 2695 1643 2764 γεγονὼς
1685 2696 1779 2751 κοί).
1817 2695 1891 2769 μὴ

300 2782 591 2853 δευτέροις
617 2784 815 2854 γάμοις
847 2784 939 2837 τὸν
970 2786 1104 2857 πρὸς
1133 2788 1233 2854 τὴν
1259 2790 1493 2855 γυναῖκα
1523 2790 1686 2845 πόθον
1716 2791 1892 2862 μαρά-

303 2893 407 2939 νας
427 2876 531 2930 καὶ
544 2876 702 2939 αὐτὸς
723 2876 950 2947 λήψεται
974 2879 1167 2951 μοῖραν
1181 2880 1392 2946 παιδὸς,
1422 2883 1809 2953 τεκνοτροφίας
1832 2901 1889 2936 τε

303 2968 477 3023 ἕνεκα
512 2970 606 3022 καὶ
638 2971 739 3039 τῆς
765 2971 1210 3043 διασεσωσμένης
1237 2973 1385 3046 αὑτῷ
1409 2974 1545 3046 πρὸς
1566 2975 1657 3032 τὸν
1676 2976 1889 3048 πρῶτον

306 3064 496 3135 γάμον
532 3064 626 3119 καὶ
648 3065 831 3129 αιδοῦς
865 3068 959 3121 καὶ
990 3066 1182 3137 τιμῆς.

829 3161 1149 3215 ΔΙΛΤΑΞΙΣ
1187 3160 1291 3217 Kl"
1314 3164 1385 3218 ".

307 3252 455 3323 Περὶ
484 3250 596 3307 τοῦ
620 3250 706 3323 μὴ
759 3254 1090 3324 μνηστείας
1121 3254 1313 3309 ποιεῖν
1359 3255 1512 3324 ἰδίας
1546 3257 1688 3324 τοὺς
1744 3262 1893 3316 κατὰ

776 3323 882 3376 τὸν
901 3326 1102 3381 τόπον.
1114 3324 1432 3393 ἄρχοντας.

390 3416 453 3469 Ὅ
491 3414 657 3478 αὐτὸς
694 3413 947 3484 βασιλεὺς
976 3416 1051 3486 τῷ
1080 3417 1229 3485 αὐτῷ
1256 3418 1552 3490 Στυλιανῷ.

379 3500 494 3560 Ἦν
531 3505 631 3577 μὲν
659 3499 752 3559 οὖν
796 3505 944 3570 ἄξιον
1000 3508 1095 3560 καὶ
1132 3508 1482 3581 ἀνθρωπίνης
1522 3510 1765 3577 διανοίας
1796 3512 1893 3569 καὶ

290 3594 558 3668 ’ἀρχικῆς
616 3597 839 3669 ἀρετῆς,
873 3599 998 3663 τοὺς
1050 3602 1129 3663 είς
1177 3602 1350 3673 ἀρχὴν
1397 3602 1889 3675 προϐαλλομένους,

309 3691 430 3745 ἀνθ’
464 3684 545 3747 ὧν
575 3690 714 3761 ὑπὲρ
754 3691 981 3755 πολλοὺς
1022 3693 1147 3756 τοὺς
1175 3694 1367 3759 ἄλλους
1394 3695 1552 3767 δόξης
1578 3699 1892 3752 ἀπέλαυσαν

310 3786 407 3838 καὶ
443 3784 632 3854 τιμῆς,
666 3783 914 3849 εὐλαόεἶς
953 3782 1092 3839 εἶναι
1123 3790 1249 3860 περὶ
1289 3789 1389 3860 τὴν
1424 3790 1761 3864 συντήρησιν
1794 3796 1890 3846 xal

312 3874 569 3946 φυλακὴν
589 3874 698 3929 τῶν
720 3876 815 3929 τοῦ
837 3875 971 3930 Θεοῦ
1020 3881 1481 3951 προσταγμάτων,
1515 3884 1609 3937 καὶ
1659 3903 1891 3955 προνοη⁶

311 3967 485 4031 τικῶς
521 3966 806 4040 περιέπειν
830 3966 890 4020 τὸ
917 3968 1253 4044 ὑποχείριον,
1292 3972 1427 4027 ἀλλὰ
1466 3973 1542 4046 μὴ
1580 3974 1887 4030 omnem

1996 1878 2229 1933 cultates
2285 1894 2393 1933 non
2450 1878 2743 1943 sulllciant,
2784 1896 2891 1936 non
2921 1896 3021 1952 pro
3046 1883 3358 1952 quantitate
3389 1883 3571 1938 immi-

1998 1978 2143 2025 nuta:
2183 1970 2497 2027 donationis
2550 1973 2860 2043 portionem
2910 1974 3110 2030 mulier
3161 1977 3417 2047 accipiet,
3472 1978 3568 2034 sed

1994 2078 2115 2133 quae
2155 2062 2490 2118 tantumdem
2512 2063 2730 2130 habeat,
2767 2075 3033 2135 quantum
3066 2066 3323 2133 haberet,
3360 2070 3406 2125 si
3436 2070 3575 2125 nihil

1995 2157 2282 2211 imminuta
2320 2166 2373 2210 et
2406 2156 2563 2225 plena
2630 2156 2852 2212 donatio
2881 2165 3103 2230 propter
3143 2162 3366 2230 nuptias
3402 2170 3571 2217 esset.

1997 2249 2316 2330 llujusmodi
2368 2249 2533 2319 igitur
2590 2251 2842 2320 portione
2899 2253 3115 2309 mulieri
3170 2254 3318 2321 data,
3360 2257 3572 2327 reliqua

1995 2342 2289 2398 liberorum
2323 2350 2486 2398 sunto
2517 2361 2530 2397 :
2558 2351 2634 2406 et,
2676 2343 2721 2397 si
2754 2343 2891 2399 nihil
2915 2343 3275 2414 superfuerit,
3307 2356 3569 2418 tanquam

1994 2432 2365 2489 hereditatem
2398 2433 2768 2490 successionis
2803 2434 3164 2503 privationem
3181 2447 3236 2494 et
3265 2446 3564 2509 egestatem

1995 2525 2072 2579 illi
2140 2523 2452 2579 auferunto.
2507 2525 2685 2596 Atque
2716 2526 2832 2582 haec
2858 2527 3080 2597 quidem
3111 2528 3180 2585 de
3200 2529 3451 2587 muliere.
3478 2530 3575 2588 Vir

1995 2625 2177 2673 autem
2209 2618 2254 2673 si
2285 2618 2483 2673 liberos
2544 2633 2656 2673 non
2701 2618 2900 2675 habeat
2950 2619 3086 2693 (quo
3112 2621 3275 2679 modo
3298 2623 3429 2679 alibi
3457 2640 3575 2681 cor-

1995 2722 2203 2769 ret'tum
2222 2720 2276 2768 et
2300 2710 2659 2769 consumtum
2686 2713 2793 2785 est)
2827 2713 2962 2771 nihil
2983 2730 3163 2788 neque
3188 2716 3445 2790 accipiet,
3482 2733 3570 2774 ne-

1992 2823 2102 2877 que
2128 2806 2349 2877 perdet:
2383 2806 2429 2861 si
2463 2807 2681 2868 habeat.
2718 2825 2894 2879 neque
2923 2811 3115 2866 alteris
3134 2811 3347 2881 nuptiis
3380 2814 3570 2869 uxoris

1992 2900 2326 2956 desiderium
2346 2899 2575 2963 inaniat,
2603 2900 2896 2957 liberorum
2916 2901 3262 2958 educationis
3285 2902 3570 2959 exhibitas-

1993 3006 2099 3062 que
2113 2992 2281 3063 priori
2307 2994 2653 3047 matrimonio
2673 2994 2991 3049 reverentiae
3010 3004 3063 3050 et
3113 2993 3341 3051 honoris
3371 2996 3568 3064 gratia,

1992 3094 2045 3140 ct
2078 3086 2194 3155 ipse
2217 3085 2381 3141 unius
2405 3084 2704 3139 liberorum
2735 3087 3040 3153 portionem
3068 3086 3245 3156 capiet
3279 3086 3415 3157 (57).

2438 3175 2903 3231 CONS'I'ITUTIO
2925 3176 3117 3232 XXIII.

1994 3265 2077 3322 Ne
2100 3266 2351 3337 prmities
2380 3267 2435 3320 in
2469 3267 2757 3348 prouinciis
2796 3268 2914 3348 suis
2947 3267 3238 3323 dentestica
3266 3266 3381 3340 (58)
3410 3284 3569 3339 spon-

2508 3338 2648 3392 salia
2704 3339 3045 3395 contrahant.

2063 3430 2209 3487 Idem
2229 3431 2524 3503 imperator
2546 3432 2721 3486 eidem
2747 3431 3018 3503 Styliano.

2064 3521 2297 3594 Dignum
2343 3522 2531 3580 hercle
2586 3523 2824 3578 humano
2863 3525 3089 3593 ingenio
3122 3524 3576 3596 magistratuum-

1990 3627 2097 3684 que
2131 3612 2329 3668 virtute
2355 3612 2594 3676 esset,'si
2628 3612 2721 3682 qui
2756 3613 2809 3665 in
2851 3612 3232 3682 magistratum
3271 3627 3571 3667 assumun—

1990 3715 2082 3761 tur
2126 3720 2193 3761 eo
2220 3704 2365 3776 quod
2425 3720 2590 3775 supra
2623 3706 2823 3758 nntltos
2860 3705 2998 3759 alios
3045 3703 3222 3774 gloria
3256 3710 3314 3758 et
3355 3702 3566 3757 honore

1990 3792 2267 3859 fruuntur,
2317 3794 2571 3865 religiose
2629 3792 2716 3847 llei
2784 3800 3051 3863 praecepta
3102 3792 3459 3849 observarent
3516 3800 3571 3845 et

1989 3885 2351 3951 custodirent,
2389 3885 2724 3956 provideque
2750 3885 3096 3939 subditormn
3146 3900 3237 3942 res
3289 3892 3570 3945 curarent.

1990 3990 2340 4048 nequaquam
2379 3994 2509 4035 vero
2556 3978 2679 4035 illos
2749 3978 2905 4049 gravi
2959 3993 3129 4035 manu
3174 3979 3569 4049 Opprimercnt.

1584 4091 1819 4149 VARIAE
1857 4091 2266 4150 LECTIONES.

421 4183 469 4216 "
522 4182 685 4256 codd.
712 4182 909 4256 ἄλλως.
951 4254 960 4256 _
988 4184 1031 4215 ’°
1061 4182 1293 4256 Scrimg.
1314 4182 1781 4256 ἀνταλλαξαμένη.
1851 4187 1894 4217 "
1924 4186 2039 4240 Ecl.
2074 4201 2263 4256 praem.
2296 4185 2377 4238 ἐν.
2411 4185 2482 4256 _"
2506 4183 2616 4239 Ecl.
2656 4182 3049 4256 πάντιοκημετᾲ
3071 4182 3178 4237 τῶν
3212 4182 3429 4256 παίδων
3448 4183 3555 4236 τούκ

312 4268 407 4306 του
454 4253 895 4327 συναπολήψεῖαι
943 4252 1267 4327 δεσποτείαν
1282 4326 1287 4327 ν
1307 4256 1490 4327 habet,
1524 4252 1849 4327 intertuedia
1880 4272 2011 4311 vero
2033 4252 2257 4312 omittit.
2342 4257 2387 4287 ⁷⁸
2408 4254 2620 4327 Reliqui
2650 4266 2843 4326 praeter
2875 4254 2987 4312 Ecl.
3019 4254 3273 4327 ἔχουσαν.
3331 4252 3379 4287 ⁷⁵
3397 4253 3570 4324 Supra

314 4334 496 4381 const.
542 4324 630 4378 '20.
720 4326 765 4356 "
822 4323 916 4379 Est
941 4326 1073 4396 ,Ecl.
1109 4325 1243 4380 Nov.
1271 4326 1337 4380 15
1368 4334 1421 4381 et
1452 4326 1643 4396 incipit
1676 4326 1817 4381 inl'ra
1852 4329 2019 4382 verbo
2041 4327 2395 4399 θεσπίζομεν.

1820 4418 2055 4477 NOTAE.
3040 4470 3041 4473 η

388 4517 501 4586 (52)
536 4515 643 4571 Res
668 4515 741 4568 ita
768 4514 1145 4570 constituenda
1178 4520 1292 4586 est:
1349 4512 1565 4586 Cionjux
1597 4523 1881 4583 superstes
1916 4566 1956 4586 ἢ
1990 4514 2168 4569 mariti
2205 4514 2727 4586 bonis,“‘quamque
2770 4511 2879 4586 Leo
2911 4511 3000 4567 hic
3025 4510 3334 4586 conﬁrmat.
3357 4505 3430 4566 Ut
3458 4510 3567 4586 haec

314 4583 423 4641 non
450 4583 784 4642 contrahens
814 4588 1082 4642 secundas
1113 4583 1354 4656 nuptias.
1389 4585 1539 4656 lucra
1601 4586 1881 4656 sponsalia

316 4667 533 4726 poterat
556 4658 817 4711 alienare.
855 4656 917 4711 L.
942 4657 995 4722 5,
1028 4656 1080 4708 in
1117 4656 1209 4710 lin.
1246 4656 1280 4707 Ι.
1312 4655 1365 4718 6,
1393 4656 1445 4709 in
1470 4654 1560 4709 lin.
1588 4654 1712 4720 l.’8,
1748 4655 1793 4725 §.
1832 4659 1883 4718 1,

316 4728 377 4781 tl.
399 4728 465 4781 de
494 4729 722 4782 secund.
757 4728 979 4794 nuptiis,
1009 4735 1065 4779 ut
1098 4726 1222 4780 hinc
1246 4726 1472 4795 colligas
1508 4728 1720 4794 plenam
1760 4742 1885 4795 pro-

320 4800 603 4864 prietatem
628 4798 895 4852 bonorum
924 4797 1245 4867 nuptialium
1271 4797 1432 4851 veteri
1453 4797 1577 4865 jure
1604 4798 1881 4854 habuisse.

316 4867 512 4921 Po~tea
537 4868 892 4922 constitutum
930 4867 1029 4922 fuit
1062 4876 1121 4920 ut
1142 4882 1331 4920 earum
1365 4882 1545 4938 rerum
1583 4872 1884 4938 proprietas

316 4939 616 4993 liberorum
647 4948 815 5001 esset.
860 4938 910 4992 id
942 4946 1045 4999 est,
1075 4953 1141 4992 ne
1168 4938 1222 4990 in
1269 4937 1642 5007 praeiudicium
1689 4937 1884 4993 libero-

317 5023 437 5063 rum
502 5011 854 5067 alienaretur.
911 5008 1046 5063 Nov.
1076 5010 1132 5072 2,
1165 5022 1213 5061 c.
1247 5006 1301 5061 ‘3.
1335 5006 1431 5061 Cui
1500 5009 1879 5063 constitutioni

317 5089 507 5148 postea
557 5082 902 5150 derogatum,
946 5078 1219 5150 alienandi
1275 5078 1533 5131 facultate
1564 5080 1882 5148 parentibus

319 5147 577 5216 permissa
613 5147 862 5208 No‘v.22,
890 5166 940 5204 c.
963 5148 1135 5220 ευης.
1166 5150 1216 5214 1,
1259 5150 1329 5203 ibi
1361 5147 1577 5203 omnem
1612 5151 1880 5205 licentiam

319 5220 595 5274 habebunt
649 5221 1017 5276 alienationis.
1058 5219 1225 5274 Paulo
1274 5228 1417 5290 post,
1476 5220 1709 5275 facultas
1752 5222 1884 5274 alie-

321 5292 485 5361 nandi
518 5290 724 5347 eisdem
760 5292 860 5344 fuit
890 5290 1152 5361 denegata
1187 5290 1322 5344 Nov.
1350 5292 1438 5355 98,
1459 5306 1507 5346 c.
1541 5294 1593 5355 1,
1628 5292 1680 5345 in
1705 5294 1877 5361 princ.

323 5360 516 5415 abhinc
544 5371 785 5427 cautum,
830 5370 886 5414 ιιι
916 5360 1077 5415 rebus
1118 5362 1170 5415 in
1217 5361 1318 5414 illis
1380 5372 1552 5415 mater
1602 5360 1882 5416 usuinl‘ru-

323 5440 468 5484 ctum
495 5442 544 5485 et
573 5448 639 5486 eo
663 5434 899 5500 amplius
913 5433 1119 5486 virilem
1141 5432 1489 5501 proprietatis
1520 5448 1883 5501 consequere-

325 5510 413 5554 tur
441 5501 643 5557 Novell.
682 5502 805 5566 127,
837 5520 885 5560 c.
908 5503 962 5557 2.
991 5502 1120 5556 Post
1152 5506 1288 5557 hanc
1316 5503 1484 5570 legem
1527 5504 1632 5556 alia
1665 5518 1883 5558 succes-

326 5573 436 5643 sit,
486 5590 602 5641 qua:
664 5588 769 5627 non
822 5574 986 5629 mudo
1056 5572 1457 5629 usutnl’ructum
1498 5612 1516 5636 ,
1558 5573 1880 5643 virilemque

327 5639 630 5714 donationis
674 5652 893 5714 propter
917 5647 1135 5713 nuptias
1172 5645 1420 5706 itululsFt,
1464 5643 1559 5698 sed
1586 5652 1638 5697 et
1669 5639 1880 5699 virilem

327 5710 526 5786 inanis
559 5710 739 5768 mariti
776 5710 951 5769 'bonis
980 5710 1009 5786 ς
1037 5716 1159 5771 eod.
1219 5715 1289 5769 ibi
1337 5729 1400 5768 ac
1433 5716 1705 5785 posterior
1771 5716 1875 5770 lex.

328 5778 425 5833 His
485 5786 745 5855 successit
804 5778 1161 5851 consuétudo,
1212 5801 1317 5855 qua
1373 5778 1531 5847 matri
1584 5786 1877 5839 abstineuti

332 5854 582 5910 secundis
629 5856 835 5927 nuptiis
880 5871 1141 5911 concessa
1193 5854 1275 5912 εει
1333 5856 1506 5911 virilis
1535 5855 1589 5910 iu
1620 5857 1878 5911 omnibus

1992 4586 2336 4640 consuetudo
2362 4584 2582 4639 dill‘erat
2615 4601 2642 4638 a
2677 4585 2795 4654 lege
2824 4584 2891 4639 de
2915 4598 3022 4653 qua
3050 4583 3253 4654 dictum
3278 4588 3427 4654 ests.
3447 4583 3568 4636 eod.

1992 4656 2087 4717 ibi,
2116 4672 2178 4710 ac
2212 4655 2411 4711 deinde
2468 4649 2757 4724 posterior'
2801 4654 2908 4719 lex,
2932 4649 3053 4707 'non
3086 4652 3265 4724 video.
3298 4649 3428 4724 Mihi
3460 4666 3567 4705 non

1989 4726 2246 4780 videntur
2304 4721 2616 4790 dissimilia,
2673 4726 2792 4780 dari
2827 4725 2984 4777 matri
3051 4722 3262 4777 virilem
3302 4721 3353 4775 in
3405 4723 3567 4777 rebus

1988 4796 2207 4867 donatis
2262 4806 2483 4867 propter
2543 4796 2761 4867 nuptias
2797 4803 2854 4850 et
2884 4795 3007 4867 aliis
3051 4792 3475 4867 bonisutnariti,
3508 4802 3564 4867 ut

1988 4866 2212 4932 ibidem,
2248 4863 2302 4921 et
2326 4863 2501 4921 eidem
2556 4863 2671 4920 dari
2728 4867 2932 4921 virilem
2967 4864 3021 4917 in
3082 4863 3338 4932 omnibus
3383 4864 3564 4918 mariti

1990 4937 2166 5015 huius.
2202 4931 2271 4994 Ut
2302 4939 2430 5015 hinc
2451 4947 2645 5015 notare
2676 4937 2833 5015 liceat
2861 4951 2965 5015 non
2993 4949 3116 5015 esse
3135 4934 3204 5015 de
3222 4931 3394 5015 nihilo
3418 4934 3566 5015 quod

1991 5005 2426 5074 IInrmenopulus
2457 5008 2637 5075 Operis
2668 5010 2749 5061 sui
2816 5007 2972 5060 initio
3026 5004 3233 5070 retulit,
3280 5001 3567 5059 Tribocis-

1988 5093 2117 5131 num
2146 5079 2323 5147 pretio
2360 5079 2504 5145 leges
2534 5078 2717 5131 ﬁxissr
2742 5086 2794 5132 et
2830 5075 3101 5147 remisse.
3184 5122 3187 5125 γ

2058 5146 2170 5213 (53)
2204 5149 2392 5204 Exstat
2434 5150 2474 5201 ι.
2512 5147 2838 5217 Harmenop.
2872 5147 2957 5206 10.
2996 5146 3022 5217 §
3057 5146 3139 5199 ll.

2058 5220 2169 5291 (51)
2203 5219 2351 5275 llanc
2410 5214 2868 5274 consuetudniem
2901 5214 3095 5290 probat
3141 5215 3249 5272 Leo
3279 5231 3422 5272 vers.
3452 5214 3567 5271 Hoc

1985 5289 2209 5361 igitur’j.
2240 5292 2364 5345 eod.

2055 5360 2256 5431 (55-ὃὸ)
2296 5360 2593 5432 ἰ’ποόὁλῳ,

1986 5501 2001 5555 1
2054 5425 2167 5555 (δ’Ῐέ
2190 5425 2348 5555 Panare
2382 5432 2502 5487 vide
2533 5425 2601 5487 ad
2630 5431 2775 5487 hunc
2804 5432 2983 5486 locum
3011 5427 3155 5501 apud
3187 5425 3566 5496 Harmenopu-

2008 5518 2100 5555 um
2179 5545 2189 5555 .
2308 5545 2323 5555 .

2008 5518 2100 5556 um
2140 5504 2189 5562 ξ.
2234 5504 2323 5560 12.
3230 5558 3235 5562 ,

2055 5502 2388 5639 ῗὶῦδξιιῖῗίςι,
2415 5572 2560 5642 quod
2591 5582 2754 5629 antea
2801 5574 3160 5628 constitutum
3193 5558 3261 5627 ne
3298 5570 3562 5640 praesides

1985 5658 2247 5699 eorumve
2280 5646 2367 5698 lilii
2402 5659 2464 5701 ac
2489 5644 2772 5699 domestici
2824 5645 3043 5714 nuptias
3076 5642 3473 5714 contraherent
3503 5643 3561 5695 iu

1987 5715 2289 5784 provincia,
2326 5715 2376 5768 id
2409 5716 2506 5769 hac
2533 5714 2756 5770 Novella
2787 5712 3099 5770 extenditur
3130 5715 3200 5770 ad
3232 5712 3371 5768 lllias
3420 5726 3530 5782 prae

1985 5784 2143 5853 sidis,
2169 5787 2327 5856 idque
2365 5786 2564 5857 adjecit
2593 5787 2696 5857 legi
2728 5787 2921 5840 veteri.
