4078 6300
467 289 572 356 475

1658 305 1884 367 LEONI
1895 307 1935 366 S
1960 305 2422 368 PHILOSOPHI

3627 309 3729 368 476

466 408 536 461 At
568 405 692 475 quia
731 413 860 462 sunt
886 422 1023 477 quos
1055 408 1204 466 ferox
1228 410 1559 484 iniquusque
1580 416 1799 473 animus
1831 435 1861 473 e
1891 424 2041 472 recta

2149 417 2344 478 αὐτοὺς
2402 415 2544 490 χειρὶ
2601 414 2824 488 βαρείᾳ.
2863 414 3019 469 Ἐπεὶ
3053 415 3098 470 δ’
3131 414 3302 479 ἐστιν,
3345 414 3440 479 οὒς
3477 414 3512 486 ἠ
3559 413 3731 485 βίαιος

467 505 863 567 przeceptorum
904 502 1100 556 semita
1136 506 1478 572 exorbitans,
1513 510 1566 564 in
1610 526 1924 581 perversam
1958 505 2046 585 tyé

465 590 863 660 rannicamque
900 594 1252 661 cupiditatem
1287 598 1477 664 ducit,-
1494 613 1546 656 et
1576 619 1675 672 pro
1733 606 2050 676 reipublica:

465 694 598 734 cura
637 680 846 737 eﬁ‘erati
888 684 1056 738 animi
1093 690 1434 757 propositum
1463 693 1720 749 exhibere
1749 696 1897 761 facit,
1930 706 2050 754 tan-

466 787 629 840 quam
691 773 815 831 illos
869 774 1206 833 refrenatura
1250 781 1333 836 lex
1369 784 1478 854 (59)
1527 795 1684 843 vetns
1733 790 1944 853 statuit,
1983 807 2050 846 ne

477 864 739 931 praesides
771 867 824 920 in
850 867 965 922 suis
1009 869 1306 938 provinciis
1345 884 1660 931 contractus
1689 889 1743 932 et
1773 881 2048 950 sponsalia

466 952 692 1010 ineundi
734 956 1049 1030 facultatem
1110 963 1402 1020 baberent.
1438 969 1616 1038 Atque
1649 971 1787 1025 hanc
1827 973 2045 1042 quidem

463 1043 607 1115 juris
667 1049 937 1106 rationem
989 1068 1115 1108 cum
1146 1055 1199 1111 in
1233 1057 1382 1122 ﬁliis,
1458 1062 1770 1131 nepotibus,
1827 1077 1881 1120 et
1925 1066 2068 1124 aliis'

467 1139 869 1210 constituisset,
911 1143 1144 1203 ﬁliarum
1181 1149 1541 1208 elocationem
1587 1172 1694 1210 non
1747 1157 2046 1228 prohibuit.

540 1424 654 1481 Hoc
685 1426 853 1497 igitur
889 1443 990 1486 nos
1025 1437 1285 1500 tauquam
1326 1433 1474 1503 quod
1508 1435 1646 1491 desit
1683 1437 1793 1510 (80)
1827 1443 2048 1509 optima:

468 1518 572 1590 legi
641 1519 984 1590 adjicientes,
1047 1525 1363 1592 statuimus,
1402 1535 1461 1582 ttt
1494 1530 1692 1598 quibus
1723 1535 2049 1602 przesidatus

465 1611 713 1679 obvenit,
736 1615 1198 1684 quemadmodum
1231 1617 1373 1674 ﬁlios
1402 1620 1648 1692 aliosque
1680 1623 1851 1680 virilis
1882 1641 2048 1683 sexus

466 1713 734 1775 cognatos
759 1715 812 1763 et
836 1706 1194 1776 domesticos,
1249 1711 1323 1768 ita
1363 1729 1583 1784 quoque
1613 1715 1754 1772 ﬁlias
1803 1719 2047 1790 aliasque

467 1794 717 1852 feminini
787 1815 952 1856 sexus
984 1816 1272 1872 personas,
1319 1803 1373 1860 in
1401 1807 1517 1863 suis
1576 1809 1781 1880 quique
1823 1812 2047 1880 provin-

465 1889 567 1943 ciis
591 1889 646 1945 in
680 1893 1088 1949 matrimonium
1123 1895 1397 1964 collocare
1445 1901 1857 1970 prohibeantur.
1901 1904 2044 1971 Quid

464 1982 610 2037 enim
640 1999 821 2040 causa:
853 1996 938 2043 est
995 2003 1166 2058 quare
1190 1990 1353 2056 ﬁlius,
1387 1999 1438 2047 et
1469 1993 1512 2048 si
1546 1995 1670 2064 quis
1696 1996 1840 2050 alius
1869 1997 2046 2053 virilis

469 2090 636 2131 sexus
669 2084 774 2142 est,
838 2078 1061 2137 decreto
1121 2083 1396 2139 obnoxius
1434 2086 1526 2152 sit,
1555 2086 1661 2142 ﬁlia
1695 2105 1823 2145 vero
1845 2105 1874 2144 a
1912 2091 2046 2161 legis

466 2167 848 2226 observatione
900 2172 1074 2229 libera
1131 2178 1487 2245 permaneat?
1555 2195 1679 2234 cum
1743 2184 2045 2252 praesertim

466 2259 642 2314 virilis
667 2277 831 2318 sexus
859 2279 1236 2334 saepenumero
1269 2268 1456 2325 multis
1484 2278 1537 2325 et
1558 2271 1732 2328 modis
1757 2281 1811 2330 et
1833 2276 2046 2330 exerci-

469 2353 566 2407 tiis
607 2355 732 2420 sibi,
759 2358 976 2430 conjugi
1016 2360 1267 2432 aliisque,
1299 2379 1439 2432 quos
1470 2363 1701 2422 aliinitas
1736 2367 2045 2438 conjunxit,

473 2443 624 2501 utilis
649 2461 774 2504 esse
834 2451 1027 2519 possit.
1069 2449 1202 2505 Nam
1231 2453 1526 2523 dignitates
1560 2455 1796 2513 fortasse
1846 2474 2047 2516 conse-

471 2542 655 2602 cutus,
688 2545 782 2592 aut
825 2550 1132 2598 mercatura
1181 2544 1362 2616 aliqua
1411 2547 1681 2615 instituta,
1729 2550 1904 2609 aliave
1944 2570 2043 2611 su-

467 2630 770 2685 stentanda:
809 2633 931 2688 vitae
975 2651 1105 2690 cura
1161 2649 1431 2710 suscepta,
1495 2656 1669 2710 neque
1721 2644 1823 2699 sibi
1885 2646 2045 2718 (quo-

470 2719 634 2775 modo
669 2722 805 2793 dixi)
837 2740 1014 2796 neque
1047 2729 1170 2786 aliis
1211 2733 1532 2803 propinquis
1584 2734 1796 2791 inutilis
1856 2738 2043 2796 fuerit.

467 2805 602 2875 Quae
627 2819 687 2866 ut
709 2814 995 2872 muliebris
1055 2834 1219 2875 sexus
1254 2822 1468 2889 subeat,
1530 2839 1638 2878 non
1671 2826 1787 2883 fere
1814 2826 2045 2886 idoneus

468 2906 575 2956 est.

901 2997 1370 3059 CONSTITUTIO
1413 3003 1603 3062 XXIV.

2153 511 2247 563 καὶ
2302 510 2484 574 ἄδικος
2533 510 2726 582 γνώμη
2788 509 2888 580 τῆς
2936 509 3154 574 εὐθείας
3190 509 3503 581 ἐκφέρουσα
3535 507 3733 576 τρίϐου

2150 603 2259 656 τῶν
2283 605 2514 658 ἐντολῶν
2545 604 2666 674 ἄγει
2696 605 2777 666 εἰς
2808 604 2906 676 τὴν
2935 603 3385 675 διεστραμμένην
3417 603 3513 658 καὶ
3534 618 3734 672 τυραν-

2151 697 2306 767 νικὴν
2335 697 2670 762 πλεονεξίαν,
2695 697 2790 750 καὶ
2832 697 2954 751 ἀντὶ
3013 696 3271 768 προνοίας
3335 695 3572 769 ἀρχικῆς
3615 696 3733 750 ἐπιο

2149 789 2462 844 δείκνυσθαι
2503 791 2917 858 παρασκευάζει
2971 789 3070 860 τὴν
3127 788 3309 859 βιαίαν
3357 789 3684 860 προαίρεσιν
3712 832 3728 853 ,

2151 882 2338 958 ὥσπερ
2367 884 2730 955 ἀναχαιτίζων
2761 883 2990 947 παλαιὸς
3025 880 3282 946 ἐθέσπιζε
3308 883 3472 953 νόμος
3504 881 3630 947 τοὺς
3672 883 3730 937 ἐν

2153 975 2356 1046 ἐκάστῃ
2413 975 2652 1046 ἐπαρχίᾳ
2710 975 3149 1047 ἡγεμονεύοντας
3197 974 3270 1044 μὴ
3329 974 3476 1045 ἐχειν
3543 975 3730 1031 ἄδειαν

2154 1065 2578 1135 συναλλάγματα
2603 1066 2696 1120 καὶ
2723 1065 3022 1136 μνηστείας
3058 1068 3254 1128 ποιεῖν,
3293 1065 3390 1118 καὶ
3428 1063 3527 1136 τὴν
3571 1064 3729 1136 ἀκρί-

2152 1159 2304 1210 ϐειαν
2333 1157 2543 1229 ταύτην
2580 1158 2672 1211 ἐπὶ
2700 1157 2832 1211 υἱῶν
2865 1157 2958 1212 καὶ
2984 1157 3227 1226 ἐγγόνων
3279 1158 3374 1210 καὶ
3409 1156 3518 1210 τῶν
3556 1155 3728 1211 ἄλλων

2152 1252 2478 1322 ὁρισάμενος
2532 1252 2781 1324 ἀρρένων
2817 1249 3124 1320 συγγενῶν,
3159 1249 3480 1320 θυγατέρων
3523 1247 3732 1303 ἔκδοσιν

2152 1348 2254 1401 οὐκ
2287 1347 2557 1403 ἐκώλυσε.

2243 1441 2413 1495 Τοῦτο
2464 1439 2558 1494 οὖν
2619 1442 2695 1503 ὡς
2747 1440 2995 1494 ἐλλεῖπον
3053 1441 3119 1511 τῇ
3183 1440 3382 1512 ἀρίστῃ
3441 1437 3729 1510 νομοθεσίᾳ

2154 1537 2551 1607 προστιθέντες
2587 1538 2748 1606 ἡμεῖς
2802 1535 3155 1606 θεσπίζομεν,
3179 1535 3371 1606 ὥσπερ
3401 1535 3528 1597 τοὺς
3575 1533 3721 1597 υιοὺς

2153 1630 2406 1691 καὶτοὺς
2436 1628 2631 1691 ἄλλους
2668 1629 2907 1700 ἄρρενας
2969 1630 3254 1697 συγγενεῖς
3309 1629 3405 1681 καὶ
3461 1625 3724 1689 οἰκείους.

2151 1720 2295 1775 οὕτω
2315 1721 2409 1775 καὶ
2436 1719 2745 1793 θυγατέρας
2768 1721 2863 1773 καὶ
2898 1721 2963 1773 τὰ
2997 1718 3132 1774 ἄλλα
3153 1718 3249 1772 τοῦ
3285 1716 3479 1788 θήλεος
3522 1715 3726 1786 μέρους

2151 1815 2421 1882 πρόσωπα
2448 1811 2556 1864 τῶν
2595 1813 2652 1864 ἐν
2686 1811 2893 1882 ἑκάστῃ
2942 1810 3184 1881 ἐπαρχίᾳ
3234 1808 3602 1878 διαλαχόντων
3632 1807 3730 1874 ἄρ·

2149 1921 2265 1975 χειν
2321 1904 2401 1967 είς
2453 1901 2754 1973 μνηστείαν
2782 1901 2982 1956 διδόναι
3022 1900 3350 1956 κωλύεσθαι.
3390 1899 3490 1953 Διὰ
3525 1900 3579 1953 τί
3622 1899 3728 1968 γὰρ

2148 1998 2261 2060 υίὸς
2294 1996 2394 2066 μὲν
2430 1996 2523 2051 καὶ
2561 1996 2615 2049 εί
2656 2012 2739 2058 τις
2772 1995 2961 2066 ἔτερος
2991 1993 3099 2048 τῶν
3129 1994 3376 2067 ἀρρένων
3422 1991 3731 2064 προσώπων

2148 2087 2501 2141 ὑποκείσεται
2555 2085 2633 2158 τῷ
2675 2085 3016 2158 ψηφίσματι,
3043 2086 3298 2156 θυγάτηρ
3347 2085 3404 2138 δὲ
3439 2084 3533 2138 τού
3564 2083 3728 2152 νόμου

2148 2180 2417 2249 κρείττων
2470 2179 2748 2250 διαμενεῖ;
2815 2173 2993 2232 καίτοι
3031 2177 3292 2237 πολλάκις
3352 2177 3448 2231 τοῦ
3495 2176 3728 2250 ἄρρενος

2153 2273 2348 2343 μέρους
2375 2273 2585 2337 πολλοῖς
2601 2276 2695 2326 καὶ
2720 2273 2941 2344 τρόποις
2967 2274 3061 2326 καὶ
3090 2256 3521 2342 ἐπιτηδεύμασιν
3545 2270 3728 2338 ἐαυτῷ

2147 2383 2208 2419 τε
2229 2366 2321 2419 καὶ
2333 2368 2398 2438 τῇ
2444 2365 2900 2438 μεμνηστευμένῃ
2919 2365 3012 2418 καλ
3037 2367 3147 2428 τοῖς
3167 2364 3344 2428 αλλοις
3363 2365 3408 2397 ⁷⁸
3438 2362 3531 2427 οὒς
3563 2364 3596 2434 ή
3629 2380 3732 2432 κη-

2148 2458 2267 2512 δεία
2291 2458 2497 2529 συνῆψε
2519 2458 2820 2529 δυναμένου
2843 2457 3117 2529 χρησίμου
3147 2457 3424 2526 γενέσθαι.
3444 2456 3601 2526 Τάχα
3621 2457 3730 2524 γὰρ

2149 2549 2181 2621 ἢ
2217 2549 2525 2621 ἀξιώματος
2563 2549 2933 2615 ἐπιϐατεύσας
2972 2551 3005 2622 ἢ
3047 2550 3320 2623 ἐμπορίαν
3350 2550 3470 2604 τινὰ
3527 2550 3730 2622 μετιὼν

2148 2643 2180 2714 ἢ
2210 2643 2385 2708 ἄλλως
2414 2642 2508 2698 τοῦ
2534 2644 2737 2697 οίκείου
2777 2643 2893 2711 βίου
2923 2643 3248 2715 ἐπιμέλειαν
3280 2643 3589 2708 ἀναλαϐὼν,
3615 2643 3728 2699 ὢσο

2148 2751 2254 2805 περ
2304 2734 2463 2806 ἔφην,
2514 2734 2633 2789 οὔθ’
2675 2734 2855 2804 ἐαυτῷ
2923 2732 3049 2789 οὔτε
3100 2738 3213 2800 τοῖς
3261 2735 3446 2800 ἄλλοις
3493 2734 3728 2800 οἰκείοις

2148 2828 2454 2900 ἀχρήσιμὸς
2479 2831 2657 2895 ἐστιν,
2682 2826 2756 2885 ὧν
2779 2830 2931 2883 οὐδὲν
2953 2828 3014 2883 τὸ
3039 2828 3171 2899 θῆλυ
3190 2828 3552 2902 μετέρχεσθαι
3576 2830 3738 2899 γένος

2146 2920 2222 2985 ὡς
2245 2921 2313 2975 τὰ
2346 2921 2514 2976 πολλά
2541 2923 2866 2993 ἐπιτηδείως
2885 2921 3024 2992 ἔχει.

2695 3015 3008 3068 ΔιΑΤΑΞιΣ
3043 3015 3167 3069 KA'.

470 3081 555 3140 Ne
582 3085 683 3157 ﬁlii
707 3093 980 3149 naturales
1012 3111 1130 3149 cum
1183 3096 1438 3185 adoptivis
1474 3101 1874 3162 matrimonium
1917 3125 2041 3165 cen-

2149 3108 2283 3180 Hepi
2309 3109 2417 3168 τοῦ
2439 3110 2527 3182 μὴ
2563 3111 2773 3182 γαμεῖν
2798 3113 2868 3168 τὰ
2890 3113 3075 3168 τέκνα
3103 3112 3174 3167 τὰ
3213 3113 3443 3184 φυσικὰ
3463 3112 3547 3183 :th
3568 3114 3734 3171 θεῖά.

1130 3169 1366 3224 trahant.

536 3249 684 3309 Idem
709 3254 1004 3325 imperator
1038 3259 1210 3315 eidem
1246 3262 1513 3335 Styliano.

540 3342 718 3412 Multi,
741 3345 870 3401 dum
898 3348 1079 3418 prisca
1103 3351 1310 3424 (61-62)
1341 3365 1584 3428 tempora
1611 3357 1864 3419 laudibus
1901 3365 2042 3420 cele-

469 3435 653 3506 brant,
711 3439 888 3510 prima
945 3442 1053 3498 illis
1080 3443 1132 3497 in
1155 3445 1478 3506 ordinandis
1531 3453 2042 3528 constituendisque.

471 3530 637 3586 rebus
693 3533 935 3590 tribuere
990 3536 1196 3593 volunt.
1226 3539 1404 3611 Atque
1430 3544 1521 3601 illa
1553 3545 1605 3601 in
1637 3547 1914 3621 plerisque
1955 3568 2043 3608 re-

469 3625 715 3683 centiora
766 3627 1008 3696 vincere,
1075 3633 1193 3687 scio
1217 3634 1434 3703 quidem
1475 3648 1529 3693 et
1561 3654 1663 3712 ego
1704 3659 1720 3697 :
1761 3656 2043 3700 verumta-

472 3730 598 3772 men
644 3717 698 3772 in
739 3721 1016 3779 nonnullis
1082 3723 1225 3780 vinci
1291 3729 1453 3782 etiatn
1483 3730 1659 3787 video.
1691 3731 1905 3790 Etcum
1934 3753 2041 3793 non

471 3821 646 3879 pauca
703 3809 836 3878 sint,
895 3811 949 3866 in
1014 3814 1212 3885 quibus
1257 3833 1286 3872 a
1329 3823 1730 3883 recentioribus
1781 3831 2046 3900 tempori-

472 3898 576 3955 bus
605 3901 696 3956 illa
728 3915 1075 3974 superentur,
1111 3917 1222 3965 tum
1249 3927 1378 3968 vero
1417 3917 1650 3974 maxime
1691 3918 1746 3975 in
1798 3898 2045 3994 adoptio-

472 3992 638 4052 nibus
677 3995 730 4050 id
767 3997 880 4053 ﬁeri
915 4002 1257 4072 conspicitur
1294 4023 1307 4060 :
1347 4024 1486 4079 quas
1532 4011 1654 4068 illas
1715 3992 2039 4086 adoptiones

473 4088 788 4160 neutiquam
835 4091 1048 4148 decenti
1102 4112 1225 4152 cum
1258 4100 1365 4154 ritu
1392 4113 1445 4158 et
1485 4115 1684 4161 ornatu
1742 4107 2040 4176 faciebant,

472 4175 600 4231 dum
643 4177 778 4273 citra
815 4179 1022 4254 (65-64)
1068 4185 1309 4244 divinum
1343 4193 1672 4250 sacriﬁcium
1724 4197 2044 4273 divinosque

469 4277 663 4325 cautus
697 4267 963 4326 faciebant
1003 4291 1017 4329 :
1048 4283 1102 4330 et
1134 4278 1226 4349 qui
1271 4281 1515 4353 adoptari
1585 4286 1804 4357 vellent,
1835 4291 1888 4347 id
1936 4267 2045 4349 illis

470 4361 791 4433 simpliciter
818 4365 933 4422 ﬁeri
963 4367 1047 4423 lex
1071 4373 1442 4441 permittebat.
1479 4376 1638 4435 Unde
1681 4386 2044 4442 usuveniebat

470 4467 728 4524 persaepe,
757 4463 817 4511 ut
845 4457 957 4529 (65)
998 4464 1207 4518 sororis
1235 4467 1530 4537 appellatio
1560 4471 1616 4526 in
1642 4476 1829 4532 uxoris
1857 4484 2044 4535 trans-

2226 3283 2284 3338 Ὀ
2313 3285 2472 3350 αὐτὸς
2501 3286 2752 3357 βασιλεὺς
2786 3289 2863 3360 τῷ
2892 3290 3040 3362 αὐτῷ
3070 3289 3364 3362 Στυλιανῷ.

2213 3379 2407 3433 Πολλοὶ
2452 3380 2543 3435 τὸν
2595 3381 2964 3456 πρεσϐύτερον
3016 3385 3207 3456 χρόνον
3262 3385 3732 3457 ἀποσεμνύνοντες

2146 3470 2426 3542 βούλονται
2466 3477 2732 3545 πρεσϐεία
2761 3478 2949 3548 νέμειν
2995 3479 3144 3551 αύτῷ
3179 3479 3279 3550 τῆς
3319 3481 3429 3535 τῶν
3466 3483 3728 3553 πραγμά-

2143 3583 2250 3618 των
2291 3566 2499 3632 τάξεώς
2541 3587 2600 3623 τε
2636 3571 2729 3624 καὶ
2753 3573 3148 3637 καταστάσεως
3173 3589 3188 3604 ·
3229 3571 3341 3642 ἐγὼ
3377 3573 3435 3628 δὲ
3479 3571 3598 3630 οῖδα
3631 3573 3728 3646 μὲν

2144 3655 2306 3710 αὑτὸν
2332 3657 2423 3711 τοῦ
2464 3660 2731 3731 νεωτέρου
2757 3662 2951 3732 χρόνον
2984 3667 3205 3731 κρατεῖν
3233 3664 3292 3717 ἐν
3327 3663 3639 3730 πλείστοις,
3666 3665 3725 3719 ού

2149 3747 2252 3818 μὴν
2294 3751 2432 3804 ἀλλὰ
2465 3751 2858 3825 ἐλαττούμενον
2900 3754 2958 3811 ἕν
3001 3774 3113 3810 τισι
3151 3755 3393 3828 καθορῶ.
3430 3758 3642 3811 Ὄντων
3671 3756 3726 3810 δὲ

2145 3838 2242 3891 οὐκ
2267 3839 2461 3908 ὀλίγων
2490 3844 2547 3894 ἐν
2573 3841 2653 3907 οἷς
2683 3845 2788 3898 ὑπὸ
2810 3845 2902 3899 τοῦ
2938 3846 3205 3918 νεωτέρου
3234 3847 3726 3918 παρευδοκιμεῖται

2147 3930 2361 4000 χρόνου,
2415 3934 2649 4002 μάλιστα
2697 3937 2755 3988 ἐν
2794 3936 2873 4008 τῷ
2907 3937 3061 4009 μέρει
3116 3938 3224 3991 τῶν
3255 3936 3538 3992 υίοθεσιῶν
3571 3937 3726 3993 τοῦτο

2146 4021 2370 4091 πάσχων
2411 4027 2630 4096 ὁρᾶται,
2671 4027 2738 4093 ἃς
2782 4030 3098 4084 παντάπασι
3154 4031 3229 4101 μὴ
3275 4031 3418 4086 κατὰ
3450 4031 3724 4103 πρέποντα

2147 4113 2351 4185 κόσμον
2378 4120 2542 4184 ποιεῖ,
2579 4119 2707 4173 ἄνευ
2752 4121 2975 4193 τελετῆς
3004 4122 3157 4188 θείας
3193 4123 3289 4178 καὶ
3322 4122 3483 4195 ἱερῶν
3515 4123 3665 4195 ᾠδῶν
3683 4125 3723 4156 ’⁷

2147 4207 2351 4273 ταύτας
2410 4211 2772 4283 ποιούμενος,
2825 4215 2940 4270 ἀλλ’
2977 4217 3164 4282 ἁπλῶς
3218 4219 3331 4281 τοῖς
3384 4216 3723 4289 βουλομένοις

2146 4300 2506 4357 υἱοθετεῖσθαι
2552 4305 2716 4374 μόνον
2749 4307 2984 4372 διδόντος
3015 4308 3107 4363 τοῦ
3140 4310 3328 4380 νόμου.
3371 4309 3460 4379 Ἐξ
3493 4305 3555 4365 οὗ
3587 4329 3721 4382 συμ-

2148 4394 2318 4450 ϐαίνει
2364 4398 2624 4464 πολλάκις
2675 4401 2774 4474 τὴν
2823 4402 3058 4475 ἀδελφὴν
3107 4403 3302 4474 κλῆσιν
3354 4405 3436 4468 είς
3490 4404 3719 4474 γαμικὺι

2148 4487 2508 4555 μεταπίπτειν
2542 4489 2749 4562 σχῆμα,
2781 4495 2877 4547 καὶ
2911 4495 2945 4564 ἠ
2981 4492 3116 4557 τέως
3142 4495 3199 4546 ἐν
3227 4492 3272 4522 ⁷⁸
3301 4491 3569 4563 θυγατρὸς
3595 4488 3721 4547 οὖσα

469 4545 665 4614 lret,et
693 4565 815 4623 qua:
847 4553 1026 4622 puella
1064 4556 1226 4626 paulo
1254 4567 1382 4616 ante
1416 4561 1527 4617 ﬁlia
1559 4563 1705 4621 dicta
1735 4576 1902 4637 esset,
1933 4587 2039 4625 nu-

2149 4545 2281 4651 κόρη
2312 4581 2390 4644 εἰς
2427 4583 2526 4654 τὴν
2561 4545 2840 4656 Cebetem
2876 4545 3220 4657 μετετίθετο,
3254 4584 3288 4656 ἢ
3327 4545 3440 4648 υίδς
3477 4545 3602 4639 avsi.
3631 4585 3721 4640 τοῦ

1758 4729 1847 4786 VA
1857 4731 1996 4789 R1115
2032 4735 2435 4798 LECTIONES.

542 4861 588 4943 ἶσ
617 4859 795 4948 ἄλλοις
845 4861 899 4917 in
947 4859 1063 4919 Ecl.
1104 4861 1278 4918 abest.
1334 4863 1492 4920 "Sic
1544 4865 1683 4922 bene
1734 4871 1970 4928 correxit
2021 4870 2377 4948 Stephanus;
2417 4877 2575 4936 codd.
2615 4878 2841 4936 ὠδίνων.

473 4929 658 5001 Iigitur
691 4933 904 5004 κλήσει.

2953 4881 2999 4914 ⁷³
3031 4881 3264 4956 Scritng.
3296 4883 3381 4938 ἐκ.
3433 4884 3725 4942 Subintel-

1968 5037 2200 5101 NOT/E.

541 5163 652 5247 (ὅθ)
716 5162 781 5217 L.
818 5180 912 5220 un.
940 5163 1003 5222 C.
1050 5166 1095 5223 si
1131 5177 1311 5225 rector
1357 5170 1647 5242 provinciae
1688 5173 1769 5229 vel
1821 5175 1886 5231 ad
1914 5193 2038 5232 eum

473 5244 764 5306 pertinent.

544 5303 659 5388 (60)
680 5304 927 5392 Qupt'ilde
959 5308 1070 5366 ﬁlio
1097 5313 1459 5392 constitutum
1487 5312 1652 5371 fuerit
1674 5316 1728 5370 in
1754 5316 1898 5373 dicta
1923 5319 2040 5392 lege

475 5379 661 5439 unica,
703 5376 768 5429 ad
805 5379 942 5433 ﬁlias
967 5385 1298 5439 extenditur.

549 5446 936 5528 (oi-6.2)Etiatu
992 5461 1111 5528 post
1149 5454 1466 5528 dissolutam
1527 5457 1872 5528 adoptionem
1931 5474 2043 5518 :et

475 5518 854 5598 ita_’lex_l_"l,_tl_.
885 5521 958 5579 De
993 5518 1446 5598 ritudnuptiarum
1479 5518 1788 5598 abrogatur.

545 5590 1378 5671 {65:64X'AV8918161ﬁc‘pﬁlag,
1427 5598 1521 5671 καὶ
1556 5590 1714 5671 ίεῇῶν
1756 5601 1928 5671 ᾠδῶν,
1963 5611 2047 5659 est

471 5661 1687 5736 enintitalegendumproibﬁlvmv,addei‘lov.
1741 5661 1829 5727 89.
1888 5661 2045 5730 Vete-

475 5748 564 5809 res
591 5732 725 5786 citra
747 5733 988 5809 divinum
1021 5732 1348 5809 sacriﬁcium
1371 5732 1426 5793 et
1443 5740 1658 5796 divinos
1681 5753 1870 5809 cantus
1903 5747 2036 5800 ado-

477 5805 714 5863 ptionem
745 5804 1036 5864 faciebant.
1071 5808 1226 5871 Quod
1250 5811 1502 5868 emendat
1533 5810 1639 5871 Leo
1664 5813 1762 5870 hac
1792 5804 2034 5872 Novella.

2221 5183 2332 5255 (65)
2404 5184 2460 5239 Si
2493 5185 2656 5259 inter
2718 5186 3005 5257 adoptivos
3053 5189 3448 5258 permittuntur
3499 5190 3723 5259 nuptiae,

2152 5261 2402 5312 necesse?
2425 5256 2532 5311 erit
2561 5266 2621 5311 ut
2652 5274 2772 5327 quae
2812 5256 2968 5315 antea
2995 5256 3125 5315 mihi
3159 5274 3319 5316 soror
3366 5261 3550 5327 fuerit,
3579 5256 3723 5317 uxor

2149 5342 2272 5401 esse
2303 5327 2531 5401 possit__:_
2552 5337 2611 5383 ut
2633 5345 2755 5398 qua:
2787 5331 2914 5384 mihi
2951 5330 3055 5385 ﬁlia
3089 5331 3342 5401 adeptiva
3366 5333 3548 5397 fuerit,
3570 5342 3720 5401 post-

2150 5398 2371 5453 modum
2402 5398 2537 5453 mibi
2569 5416 2740 5456 nurus
2767 5401 2871 5455 sit:
2899 5403 2942 5473 si
2975 5401 3085 5455 ﬁlio
3103 5398 3223 5457 meo
3257 5403 3517 5473 adoptivo
3545 5398 3719 5457 meam

2158 5469 2341 5543 ﬁliam
2380 5485 2606 5526 uxorem
2658 5473 2856 5526 ducere
2898 5471 3081 5538 liceat,
3140 5469 3619 5543 eveniet'quoque,
3660 5485 3722 5527 ut

2156 5540 2246 5614 qui
2273 5539 2414 5596 ﬁlius
2442 5548 2602 5596 antea
2635 5543 2779 5614 mihi
2804 5543 2990 5608 fuerit,
3014 5543 3152 5599 idem
3195 5543 3328 5599 mihi
3354 5539 3425 5601 sit
3456 5539 3645 5614 gener,
3675 5545 3722 5600 si

2159 5611 2322 5665 tiliam
2376 5627 2572 5695 meam.
2601 5611 2910 5695 adoptivam
2975 5614 3202 5695 ducere
3225 5611 3595 5695 permittatur.
3625 5613 3722 5695 Est

2155 5690 2338 5758 autem
2373 5682 2609 5758 absurda
2664 5683 2948 5758 nominum
2992 5682 3242 5742 confusio
3274 5702 3289 5752 ;
3338 5700 3466 5758 ergo
3499 5693 3551 5741 et
3575 5685 3722 5741 inter

2153 5753 2344 5810 fratres
2363 5752 2647 5823 adoptivos
2676 5753 2894 5822 nuptiae.
