4080 6302
550 375 661 453 879

1793 383 1982 445 LEON
1993 383 2066 443 iS
2095 379 2559 444 PHILOSOPHI

3713 382 3834 449 480

559 496 717 566 quasi
750 492 827 550 illi
858 478 1215 564 improbanda
1246 493 1596 559 statuissent,
1629 493 1849 550 decreto
1871 494 2122 564 acquies»

2231 489 2403 544 οὐδενὶ
2433 491 2577 561 λόγῳ
2621 488 2774 560 (οὐδὲ
2811 489 2922 561 γάρ
2958 490 3108 561 νόμῳ
3137 492 3648 564 κεκαινοποιημένῳ
3687 493 3829 563 ﬂet.

550 587 812 645 cendum.
874 586 980 643 Sed
1017 586 1366 642 manifestum
1411 601 1557 642 nunc
1606 594 1716 653 est,
1776 586 1921 640 nulla
1955 586 2005 640 id
2039 601 2124 641 ra-

556 682 704 737 tione
762 679 960 750 (neque
992 679 1137 733 enim
1197 677 1310 749 lege
1373 679 1583 733 noviter
1615 678 1724 732 lata
1772 677 2124 747 reprobatum

548 772 654 841 est)
680 773 1007 826 auctoritate
1032 771 1300 840 privatum
1335 785 1476 825 esse.
1515 768 1750 834 Quidam
1804 768 1995 823 saltem
2039 767 2128 837 ju-

548 865 653 921 dex
686 863 901 920 censuit
955 863 1030 933 (et
1059 863 1230 916 miror
1260 878 1368 931 quo
1392 873 1552 932 pacto
1572 861 1876 931 censuerit)
1905 877 1994 926 ne,
2033 860 2128 930 qui

548 955 708 1011 liberi
752 956 836 1011 sui
873 954 1016 1024 juris
1057 953 1184 1007 lacti
1246 963 1450 1017 essent,
1508 953 1832 1022 simpliciter
1889 961 2129 1021 potesta-

549 1055 658 1103 tem
716 1062 880 1117 quam
923 1049 1224 1117 cepissent,
1257 1046 1539 1111 haberent,
1575 1047 1708 1118 (7i),
1742 1048 1835 1102 sed
1872 1048 1977 1101 nisi
2015 1046 2128 1116 (72)

549 1139 687 1209 ipsis
754 1139 912 1194 liberi
970 1147 1195 1203 essent,
1262 1139 1494 1194 liberum
1545 1139 1836 1194 arbitrium
1897 1140 2130 1208 abroga-

548 1239 740 1293 retur,
807 1245 1134 1300 rursumque
1206 1231 1397 1301 patria:
1462 1231 1720 1299 potestati
1781 1229 2126 1300 subjiceren-

549 1330 660 1378 tur.
691 1322 878 1393 Neque
899 1337 1031 1378 vero
1081 1323 1174 1378 ille
1196 1322 1299 1377 Itoc
1324 1337 1492 1376 unum
1545 1323 1779 1387 censuit,
1823 1322 1920 1378 sed
1964 1323 2130 1376 etiam

549 1419 597 1472 si
623 1417 751 1486 quis
776 1430 846 1473 ex
876 1417 1088 1472 semine
1135 1432 1236 1472 suo
1276 1415 1706 1472 emuirescentem
1757 1418 1925 1472 fetum
1977 1415 2132 1472 vide-

477 1583 480 1585 Α
549 1510 646 1573 rit,
678 1523 743 1564 ac
797 1524 926 1564 vero
968 1511 1115 1564 hunc
1150 1523 1301 1564 mors
1370 1510 1544 1564 torvis
1585 1508 1765 1564 oculis
1801 1509 2128 1581 inspexerit,

548 1603 733 1671 itaque
785 1599 852 1655 ad
881 1601 1202 1670 .liberorum
1242 1603 1532 1658 orbitatem
1575 1601 1835 1657 redactus
1885 1602 1990 1657 sit:
2047 1602 2128 1657 uti

547 1695 639 1749 ille
666 1694 870 1765 pariter
903 1709 1033 1750 cum
1089 1695 1278 1750 liberis
1312 1695 1539 1750 liberam
1587 1695 1923 1749 voluntatem
1952 1695 2120 1748 antit-

548 1794 709 1850 teret,
761 1800 934 1856 neque
960 1785 1274 1840 testamenti
1321 1783 1615 1841 factionem
1647 1786 1906 1851 ,liaberet,
1937 1799 2118 1856 neque

2228 583 2426 652 τηται)
2458 583 2520 636 τὸ
2554 581 2721 654 κῦρος
2746 583 3121 654 ἀφῃρημένον.
3158 584 3344 650 Ἔδοξε
3377 584 3484 655 γάρ
3514 601 3600 650 τις
3634 586 3682 619 θ’
3710 586 3830 640 τῶν

2229 673 2437 740 κρίνειν
2464 671 2734 740 λαχόντων
2769 672 2882 741 (καὶ
2916 673 3181 741 θαυμάζω
3211 673 3330 738 πιῖις
3353 675 3544 742 ἔδοξε).
3581 676 3656 747 μὴ
3690 677 3828 740 τοὺς

2229 761 2605 825 καταστάντας
2647 761 3025 828 αὐτεξουσίους
3052 765 3160 818 τῶν
3201 766 3408 820 παίδων
3439 766 3628 830 ἁπλῶς
3667 767 3825 839 ἔχειν

2228 855 2296 925 ἣν
2330 854 2520 907 ἔλαϐον
2553 854 2836 920 ἐξουσίαν,
2867 855 2983 910 ἀλλ’
3013 858 3062 909 εί
3095 859 3171 927 μὴ
3204 841 3410 911 παίδων
3449 861 3670 929 ὀφθεῖεν
3705 878 3826 914 πα·-

2229 948 2407 1017 τέρες,
2453 949 2983 1018 ἀποχειροτονεῖσθαι
3031 950 3092 1002 τὸ
3121 949 3469 1018 αὐτεξούσιον
3517 954 3613 1008 καὶ
3651 954 3820 1009 πάλιν

2231 1040 2338 1093 ὐπὸ
2369 1041 2468 1110 τὴν
2495 1041 2588 1093 τοῦ
2620 1043 2823 1108 γονέως
2855 1045 3157 1114 ἐπιτροπὴν
3189 1045 3547 1101 καθίστασθαι
3569 1064 3583 1078 ·
3623 1049 3686 1102 οὐ
3729 1066 3822 1103 τοο

2233 1133 2423 1186 σοῦτον
2459 1133 2515 1187 δὲ
2546 1134 2729 1202 μόνον,
2761 1134 2902 1188 ἀλλά
2928 1137 3020 1189 καὶ
3047 1137 3150 1190 κᾶν
3180 1139 3389 1209 σπορᾶς
3416 1141 3612 1194 ἑαυτοῦ
3645 1143 3820 1214 ἀνθή-
3849 1160 3852 1162 '

2233 1226 2403 1280 σασάν
2438 1243 2522 1290 τις
2573 1225 2668 1281 ίδοι
2719 1227 2922 1296 γονὴν,
2978 1227 3208 1295 Θάνατος
3243 1231 3289 1284 δ’
3333 1231 3503 1302 αὐτὴν
3548 1235 3731 1289 ἐπεῖδε
3768 1237 3818 1270 ⁹¹

2232 1320 2416 1391 δριμεῖ
2447 1319 2710 1390 ὀφθαλμῷ
2747 1321 2842 1373 καὶ
2876 1323 2955 1382 εἰς
2981 1321 3239 1376 ἀπαιδίαν
3268 1327 3654 1396 περιέστησεν,
3684 1330 3818 1383 ἀπο-

2233 1413 2450 1468 ϐάλλειν
2490 1397 2627 1483 μετὰ
2659 1413 2767 1466 τῶν
2811 1415 3018 1468 παίδων
3065 1417 3160 1468 καὶ
3192 1418 3288 1485 τῆς
3323 1420 3547 1490 γνώμης
3595 1423 3658 1474 τὸ
3691 1424 3823 1478 αὐτο

2233 1504 2494 1571 εξούσιον,
2533 1507 2626 1559 καί
2659 1507 2794 1576 μήτε
2834 1507 3067 1576 γράφειν
3107 1507 3370 1578 διαθήκας
3405 1513 3544 1580 μήτε
3568 1513 3816 1579 διοικεῖν,

2231 1599 2308 1661 ώς
2335 1600 2399 1652 ἂν
2429 1598 2654 1673 δοκῇλτά
2690 1598 2838 1669 παρά
2867 1600 2975 1653 τῶν
3003 1600 3204 1666 γονέων
3225 1601 3577 1672 δεδωρημένα
3613 1620 3822 1675 συγκε-

2233 1693 2534 1765 χωρῆσθαι.
2575 1693 2744 1748 Τοῦτό
2766 1709 2938 1749 -τισιν,
2973 1695 3055 1759 είς
3090 1693 3249 1760 δόξαν
3285 1696 3438 1751 ἐλθὸν
3477 1700 3575 1752 καὶ
3615 1701 3821 1772 ῥαδίως

2235 1787 2576 1857 παραδεχθὲν
2606 1789 2718 1852 τοῖς
2749 1787 2976 1858 ὕστερον
3004 1790 3166 1860 μέχρι
3193 1790 3288 1845 τοῦ
3313 1790 3426 1852 νῦν,
3437 1795 3638 1863 δρᾶται
3664 1796 3821 1848 πολι-

547 1893 669 1948 qua:
699 1878 894 1933 donata
923 1891 954 1932 a
988 1877 1304 1948 parentibus
1330 1885 1535 1943 essent,
1569 1893 1666 1946 pro
1699 1877 1928 1932 arbitrio
1953 1877 2125 1931 admi-

2235 1878 2546 1947 τευόμενον,
2593 1878 2692 1948 τῆς
2726 1879 2965 1944 παλαιᾶς
3015 1881 3426 1954 ἀτιμαζομὲνης
3470 1885 3818 1959 νομοθεσίας,

550 1971 787 2025 nistrare
834 1972 1270 2040 permitteretur.
1334 1970 1515 2039 Atque
1583 1971 1687 2024 hoc
1727 1968 1972 2040 quidem
2030 1969 2124 2024 ubi

548 2060 830 2116 nonnullis
853 2060 1174 2130 placuisset,
1203 2058 1472 2129 facileque
1502 2073 1531 2112 a
1563 2059 1966 2129 posterioribus
1997 2073 2124 2114 sus-

550 2160 772 2223 ceptum
835 2159 1004 2218 esset,
1036 2152 1293 2222 despecta
1340 2149 1510 2206 veteri
1555 2150 1896 2222 legislatioue
1941 2151 1996 2204 in
2026 2149 2126 2203 lto-

546 2242 800 2300 diernum
842 2259 1016 2314 usque
1066 2243 1210 2300 diem
1257 2244 1315 2298 in
1349 2241 1632 2312 republica
1663 2245 1840 2297 valere
1861 2242 2127 2313 conspici-

549 2344 660 2393 tur.
681 2335 791 2393 Nos
817 2337 1002 2408 itaque
1027 2336 1328 2408 pristinam
1343 2336 1520 2410 legum
1551 2337 1654 2391 hac
1667 2335 1734 2391 de
1755 2350 1813 2392 re
1829 2336 2127 2390 auctorita-

549 2437 655 2483 tem
687 2439 1034 2496 rcnovantes,
1071 2430 1389 2495 statuimus,
1419 2445 1489 2486 ue
1530 2433 1652 2499 quis
1692 2431 1907 2485 illorum
1941 2432 2030 2501 qui
2059 2431 2126 2485 de

552 2522 697 2578 dotis
741 2521 853 2593 (75)
907 2523 1253 2578 restitutione
1311 2521 1623 2592 disceptant
1673 2522 1988 2590 rejiciatur,
2035 2523 2123 2577 in-

548 2615 801 2683 l'ectaque
827 2631 887 2670 re
930 2615 1114 2670 inanis
1143 2616 1474 2672 dimittatur.
1507 2616 1578 2669 At
1620 2615 1752 2685 quid
1783 2616 1938 2669 aiunt
1973 2614 2126 2670 illae?

547 2703 606 2759 Si
641 2705 787 2760 lilius
824 2705 1012 2761 liberis
1074 2705 1322 2770 orbetur,
1368 2705 1572 2760 donum
1618 2708 1763 2775 quod
1794 2706 1870 2761 illi
1905 2721 1934 2759 a
1973 2717 2126 2776 patre

546 2797 903 2868 processerit,
935 2796 1002 2851 ad
1035 2795 1359 2853 donatorem
1401 2807 1656 2868 Oportere
1691 2801 1922 2853 reverti:
1978 2802 2120 2870 quod

546 2902 678 2943 vero
704 2895 800 2942 aut
824 2903 854 2941 a
881 2898 1057 2943 matre
1081 2898 1177 2943 aut
1199 2890 1268 2944 ah
1293 2900 1559 2963 extraneo
1584 2892 1840 2960 quopiam
1862 2894 2123 2946 donatum

546 2982 697 3039 ﬁlius
737 2983 920 3047 habet,
953 2999 1062 3038 non
1095 2984 1247 3051 item,
1293 2984 1403 3038 nisi
1446 2985 1648 3039 reverti
1691 2985 1898 3040 debere
1944 2986 1996 3039 id
2025 2987 2125 3041 do-

548 3087 773 3133 natores
793 3083 956 3148 pacto
979 3077 1245 3148 complexi
1271 3078 1414 3134 sint.
1448 3078 1554 3134 Sed
1584 3079 1698 3149 (74)
1724 3094 1842 3149 qua:
1869 3078 1996 3134 liliis
2030 3094 2126 3151 pa-

547 3181 664 3227 tres
697 3171 842 3225 inter
863 3169 1330 3241 emancipandum
1380 3171 1674 3236 dederunt,
1715 3172 1858 3243 apud
1911 3187 2006 3228 eos
2029 3172 2122 3242 qui

2248 1967 2661 2039 ’Δνανεούμενοι
2680 1964 2774 2024 οὖν
2797 1972 2895 2040 τὴν
2926 1971 3097 2026 πάλαι
3125 1976 3254 2045 περὶ
3283 1976 3475 2030 τούτου
3510 1979 3816 2051 κυριότητα

2232 2058 2342 2111 τῶν
2383 2059 2598 2130 νόμων,
2648 2061 2840 2118 οὐδένα
2891 2063 3224 2135 θεσπίζομεν
3270 2067 3379 2121 τῶν
3415 2071 3544 2141 περὶ
3584 2073 3818 2143 προικὸς

2233 2153 2538 2216 ἀναδόσεως
2587 2154 3062 2226 διαλαμϐανόντων
3119 2159 3482 2232 ἀθετούμενον
3533 2164 3816 2237 ἄπρακτον

2233 2243 2393 2302 εἶναι.
2433 2249 2498 2302 Τί
2555 2245 2648 2303 οὖν
2677 2250 2874 2304 ἐκεῖνοί
2909 2269 3104 2320 φασινς
3147 2254 3427 2320 Ἀπαιδίας
3471 2250 3834 2330 περιστοιχιέ

2233 2341 2432 2421 ζούσης
2462 2343 2554 2396 τὸν
2600 2345 2764 2397 παῖδα
2801 2345 2902 2414 τὴν
2934 2346 3034 2414 μὲν
3073 2347 3137 2399 ὲκ
3164 2345 3260 2399 τοῦ
3313 2350 3521 2419 πατρὸς
3567 2350 3818 2420 ἥκουσαν

2231 2434 2380 2506 αὐτῷ
2436 2436 2646 2508 δωρεὰν
2701 2438 3137 2508 ἀναστρέφεσθαι
3194 2441 3330 2513 πρὸς
3382 2442 3475 2495 τὸν
3507 2440 3810 2505 δεδωκότα,

2234 2529 2433 2601 μηκέτι
2467 2529 2524 2582 δὲ
2567 2530 2850 2602 κάκείνην,
2887 2531 2920 2602 ἢ
2957 2532 3033 2602 τῷ
3064 2534 3215 2588 παιδὶ
3258 2534 3551 2605 πρόσεστιν
3591 2536 3625 2608 ἢ
3658 2538 3813 2606 παρά

2231 2621 2330 2701 τῆς
2398 2623 2606 2694 μητρὸς
2673 2623 2934 2696 δεδομένη
2989 2626 3022 2697 ἢ
3093 2627 3243 2699 παρά
3293 2645 3438 2693 τινος
3491 2629 3603 2683 τῶν
3667 2629 3809 2698 ἔξω.

2231 2717 2279 2766 εἰ
2315 2716 2388 2785 μὴ
2421 2718 2530 2786 ἄρα
2574 2716 2717 2770 οὕτω
2746 2717 2896 2788 παρὰ
2943 2719 3052 2771 τῶν
3083 2721 3332 2775 διδόντων
3377 2723 3812 2794 συμπεφώνηται

2231 2807 2370 2860 ὥστε
2403 2809 2572 2879 αὐτὴν
2599 2810 3056 2881 ἀναστρέφεσθαι.
3099 2812 3259 2865 Ἀλλὰ
3291 2815 3382 2867 καὶ
3412 2813 3449 2868 ἀ
3480 2819 3595 2878 τοῖς
3624 2818 3815 2871 παισῗν

2231 2900 2280 2952 oi
2315 2899 2548 2969 πατέρες
2577 2901 2808 2954 διδόασιν
2840 2901 2955 2972 ἅμα
2989 2902 3065 2974 τῷ
3098 2903 3352 2974 ἀφεῖσθαι
3396 2905 3495 2977 τῆς
3527 2905 3808 2971 ἐξουσίας,

2235 2993 2330 3043 καὶ
2356 2992 2529 3045 ταῦτα
2563 2995 2675 3056 τοῖς
2696 2993 2951 3047 λαϐοῦσιν
2977 2996 3318 3064 ἀναφαίρετα
3349 2997 3538 3066 μένειν
3561 3015 3808 3069 παρακε-

2231 3083 2501 3149 λεύονται,
2536 3086 2630 3140 καὶ
2652 3086 3003 3141 συνίστασθαι
3025 3089 3110 3140 ἐπ’
3139 3089 3323 3151 αὐτοῖς
3344 3089 3629 3162 διαθήκας,
3653 3093 3704 3145 εί
3735 3091 3812 3163 μὴ

2239 3174 2530 3246 συμφώνου
2559 3176 2791 3250 κώλυμα
2835 3181 2984 3250 παρῇ
3018 3180 3076 3234 ὲν
3109 3177 3188 3251 τῷ
3230 3179 3523 3252 δωρεῖσθαι
3564 3181 3660 3236 τὸν
3698 3200 3810 3236 πα·

549 3271 883 3336 acceperunt
914 3263 1358 3319 irrevocabiliter
1413 3279 1756 3334 permanere,
1788 3265 2019 3335 illosque
2057 3266 2124 3319 de

2231 3232 2373 3342 τέρα.
2399 3286 2596 3340 γεγενη
2607 3232 2785 3340 μένον.

552 3359 663 3413 illis
688 3356 1137 3428 testarijubent:
1173 3358 1280 3414 nisi
1312 3359 1459 3428 pacti
1500 3357 1840 3427 cujuspiam,
1870 3373 1994 3412 cum
2027 3372 2125 3428 pa-

550 3458 632 3504 ter
658 3448 908 3511 donaret,
942 3447 1084 3513 initi,
1113 3447 1460 3502 obstaculum
1494 3446 1697 3503 subsit.

622 3536 736 3595 Nos
773 3538 960 3609 itaque
1009 3538 1064 3592 in
1103 3539 1297 3593 harum
1352 3538 1676 3594 sententiam
1731 3535 1962 3607 pedibus
1987 3549 2128 3591 eun.

551 3633 820 3698 tes,scire
844 3647 1035 3688 omnes
1058 3631 1337 3703 juhemus,
1372 3632 1419 3687 si
1463 3630 1612 3685 ﬁlius
1641 3629 1724 3685 sui
1754 3630 1894 3699 juris
1923 3627 2124 3695 lactus,

552 3725 845 3797 nullosque
903 3724 1110 3780 liberos
1139 3724 1371 3781 .ltabens
1430 3729 1697 3787 testetur,
1732 3730 1987 3792 parentes
2033 3723 2125 3775 illa

555 3817 826 3871 duntaxat
849 3830 973 3886 quae
1017 3830 1085 3871 ex
1124 3816 1241 3887 lege
1290 3812 1537 3870 Falcidia
1568 3812 1637 3867 ad
1683 3813 1835 3883 ipsos
1882 3821 2122 3881 manant,

551 3910 661 3966 nisi
695 3917 915 3982 pactum
955 3908 1087 3981 (quo
1133 3907 1300 3962 modo
1332 3921 1500 3977 supra
1544 3909 1753 3961 dictum
1792 3907 1898 3977 est)
1933 3907 2123 3961 initum

553 4004 649 4068 sit,
718 4011 1111 4072 percepturos:
1167 4001 1408 4072 reliquos
1468 4015 1603 4055 vero
1631 4009 1915 4071 cognatos,
1948 4016 2126 4071 quan-

551 4106 719 4163 quam
754 4092 823 4147 ab
851 4093 1115 4148 intestato
1143 4099 1496 4156 vocarentur,
1534 4093 1716 4156 utqui
1776 4094 2127 4148 restitutione

550 4196 772 4259 pactum
816 4167 1165 4256 interponere
1198 4187 1580 4255 neglexerunt,
1607 4184 1832 4238 omnino
1863 4185 2018 4238 nihil.
2057 4183 2128 4237 ll-

552 4278 646 4333 lud
677 4291 842 4349 porro
865 4286 1133 4333 aunotatu
1162 4279 1407 4346 dignum,
1444 4278 1617 4333 solius
1648 4277 1760 4346 (75)
1792 4277 1965 4332 virilis
1998 4293 2125 4348 per-

552 4385 705 4427 sonat
733 4371 786 4425 in
815 4377 1084 4442 potestate
1136 4385 1260 4425 esse
1301 4369 1474 4423 lilium
1527 4369 1657 4424 dici.
1688 4367 1954 4423 Caeterum
1988 4385 2124 4439 quo-

553 4463 700 4517 niam
734 4470 932 4534 prazter
955 4462 1091 4515 alios
1129 4461 1320 4517 modos
1376 4462 1464 4515 hic
1497 4476 1720 4532 quoque
1767 4461 1853 4516 sui
1885 4461 2028 4530 juris
2063 4464 2126 4515 li-

2297 3541 2517 3606 Τούτοις
2533 3541 2627 3596 οὖν
2653 3541 2746 3596 καὶ
2775 3543 2934 3614 ἡμεῖς
2965 3543 3478 3614 ὁμογνωμονοῦντες
3508 3544 3712 3603 είδέναι
3733 3549 3804 3583 ³⁸⁸

2226 3637 2436 3700 πάντας
2488 3636 2956 3708 παρεγγυώμεθα,
3010 3637 3087 3701 ὡς
3127 3641 3176 3692 εί
3222 3642 3352 3702 παῖς
3383 3639 3520 3710 πρὸς
3547 3641 3806 3706 αὐτεξου-

2227 3729 2451 3799 σιότητα
2479 3729 2775 3800 ἀφειμένος
2797 3729 3018 3792 ἄτεκνος
3048 3730 3124 3783 ὣν
3155 3730 3423 3802 διάθηται.
3457 3734 3640 3786 ἐκεῖνα
3671 3734 3807 3804 μόνα

2225 3821 2485 3892 λήψονται
2539 3822 2588 3874 οἱ
2635 3825 2837 3890 γονεῖς,
2874 3821 2910 3876 ἃ
2941 3823 3092 3894 παρὰ
3139 3823 3233 3878 τὸν
3272 3826 3435 3895 νόμον
3478 3825 3680 3897 δηλαδὴ
3713 3827 3806 3880 τὸν

2225 3915 2510 3970 Φαλκίδιον
2532 3916 2578 3948 ⁹¹
2603 3917 2684 3979 εἰς
2712 3899 2908 3980 αὐτοὺς
2930 3915 3170 3986 ἔρχεται,
3200 3916 3379 3988 ἄνπερ
3409 3917 3484 3990 μὴ
3513 3917 3803 3990 σύμφωνον

2227 4011 2406 4081 φθάσῃ
2438 4011 2790 4080 προγεγονὸς,
2826 4009 3015 4081 ὥσπερ
3051 4009 3363 4082 ἔμπροσθεν
3391 4013 3626 4082 εἴρηται,
3663 4013 3714 4067 οι
3749 4013 3805 4068 δὲ

2226 4105 2401 4154 λοιποὶ
2434 4104 2718 4170 συγγενεῖς
2740 4101 2894 4156 οὐδὲν
2922 4103 3227 4169 παντελῶς,
3255 4107 3303 4158 εί
3324 4107 3419 4158 καὶ
3448 4106 3745 4171 ἅδιαθέτως
3760 4109 3806 4141 ⁸⁸

2228 4193 2497 4255 καλοῖντο,
2534 4192 2610 4256 ὡς
2655 4195 2722 4247 τα
2754 4195 2883 4263 περὶ
2913 4195 3013 4266 τῆς
3048 4195 3355 4261 ἀναδόσεως
3389 4215 3805 4270 καταπεφρονη-

2228 4285 2405 4347 κότες.
2437 4285 2549 4339 Καὶ
2574 4283 2733 4337 τοῦτο
2776 4285 2836 4337 δὲ
2867 4285 3017 4349 ἄξιον
3049 4287 3514 4358 ἐπισημήνασθαι,
3548 4287 3623 4353 ὼς
3659 4290 3804 4360 μόνῳ

2227 4377 2418 4448 ἄρρενι
2469 4375 2747 4446 προσώπῳ
2812 4375 3133 4442 ὐπεξούσιος
3191 4379 3520 4449 χρηματίζει
3566 4382 3596 4434 ό
3652 4383 3800 4445 παῖς.

2241 4468 2464 4539 Ἐπειδὴ
2525 4468 2583 4522 δὲ
2633 4469 2770 4538 πρὸς
2823 4473 2936 4534 τοῖς
2995 4470 3174 4535 ἀλλοις
3226 4473 3446 4543 τρόποις
3505 4475 3604 4527 καὶ
3647 4467 3804 4538 οὗτος

553 4556 687 4609 lium
717 4569 840 4609 esse
872 4553 1217 4615 ostendebat,
1278 4551 1325 4607 si
1378 4551 1474 4619 qui
1507 4553 1686 4620 ipsum
1737 4551 1794 4605 in
1850 4558 2124 4620 potestate

2231 4559 2438 4612 ἐδείκνυ
2489 4560 2582 4614 τὸν
2629 4561 2795 4614 παῖδα
2849 4562 3193 4627 αὐτεξούσιον
3214 4603 3229 4629 ,
3261 4566 3314 4617 εἴ
3343 4581 3406 4635 γε
3446 4567 3540 4619 καὶ
3561 4565 3610 4598 ⁸⁸
3647 4569 3676 4622 ό
3707 4572 3805 4638 τὴν

557 4648 791 4703 habebat
855 4647 996 4718 (sive
1036 4648 1082 4701 is
1116 4655 1292 4717 pater,
1347 4647 1468 4701 sive
1505 4659 1641 4700 avus
1673 4645 1840 4717 esset)
1873 4644 2123 4700 libertate

555 4744 733 4815 ipsum
765 4759 866 4799 suo
890 4743 1000 4815 (76)
1028 4758 1126 4798 ore
1150 4742 1452 4798 donasset:
1481 4755 1584 4796 nos
1617 4741 1722 4796 hoc
1756 4742 1981 4810 insuper
2019 4756 2122 4796 an-

553 4839 845 4904 nectimus,
873 4845 931 4891 ut
957 4836 1070 4908 (77)
1125 4836 1170 4892 si
1206 4849 1307 4907 pro
1356 4849 1458 4890 suo
1490 4835 1683 4890 saltem
1738 4835 2005 4891 arbitratu
2037 4836 2126 4891 vi-

2235 4652 2538 4724 ἐπιτροπὴν
2569 4653 3047 4725 ἐγκεχειρισμένος
3077 4655 3213 4725 (εἴτε
3257 4655 3438 4729 πατὴρ
3483 4657 3572 4728 εἴη
3598 4661 3646 4694 ’⁸
3694 4658 3804 4714 εἴτε

2235 4746 2574 4818 προπάτωρ)
2606 4745 2667 4797 τὸ
2696 4745 2963 4799 ἀπόλυτον
3006 4747 3154 4818 αὐτῷ
3181 4749 3366 4818 οἰκείῳ
3397 4750 3628 4821 στόματι
3673 4751 3802 4807 ἑδω-

2233 4840 2413 4909 ρεῖτο,
2448 4838 2609 4906 ἡμεῖς
2652 4837 2744 4890 καὶ
2789 4838 2951 4892 τοῦτο
2984 4841 3595 4913 προσεπισυνάπτομεν,
3637 4843 3714 4908 ὠς
3755 4845 3802 4898 εί

1713 4937 1718 4941 ’
1829 4947 2063 5006 νΑιιιιιΕ
2104 4935 2508 5008 LECTlONES.

661 5051 709 5083 ”
742 5049 932 5103 Melius
953 5047 1081 5101 τινί.

554 5121 746 5176 κίδιον.
829 5122 875 5153 ⁸³
907 5118 1120 5189 lleliqui
1156 5130 1350 5190 praiter
1381 5119 1493 5175 Ecl.
1517 5121 1850 5184 άδιαθέτους.

1173 5047 1218 5080 ⁹¹
1260 5047 1468 5123 Zuic_|t._
1485 5057 1537 5103 et
1561 5049 1800 5123 bleerm,
1841 5050 2046 5123 uaeas.
2108 5052 2183 5083 υ·
2213 5050 2350 5123 Hinc
2383 5050 2604 5123 incipit_
2628 5049 2744 5105 Ecl.
2820 5050 2865 5081 "
2889 5048 3004 5105 Ecl.
3038 5048 3242 5105 omittit
3281 5050 3481 5123 δηλαδὴ
3522 5052 3614 5107 τὸν
3661 5053 3800 5106 Φαλ-

1938 5123 1987 5158 οι
2022 5121 2182 5177 DeeSt
2209 5124 2263 5176 in
2302 5120 2418 5176 Ecl.
2495 5123 2541 5153 οδ
2567 5120 2683 5176 Ecl.
2711 5137 2821 5176 om.
2856 5123 2966 5191 εἴη.

2061 5214 2294 5280 NOT1E_

628 5311 746 5381 (71)
787 5310 899 5367 Hoc
926 5312 1027 5374 ait,
1073 5311 1444 5380 emancipatus
1490 5311 1736 5381 ingratos
1797 5309 1849 5364 in
1893 5308 2127 5380 patriam

561 5395 885 5453 potestatem
925 5385 995 5438 ob
1026 5384 1224 5452 ingrati
1257 5385 1451 5435 vitium
1498 5382 1770 5436 revocari.

631 5454 745 5526 (72)
782 5453 894 5509 Hoc
945 5450 1123 5526 caput
1144 5455 1401 5508 existimo
1433 5452 1777 5526 relcrendum
1829 5450 1898 5505 ad
1943 5465 2124 5526 eman-

559 5522 771 5595 cipatus
798 5522 1045 5595 ingratos
1071 5523 1160 5593 (de
1195 5525 1394 5594 quibus
1427 5524 1512 5592 agi
1549 5524 1683 5578 satis
1715 5529 1930 5595 constat
1953 5522 2122 5590 hujus

2229 5310 2282 5375 8,
2313 5309 2375 5362 (Σ.
2404 5307 2478 5362 De
2511 5309 2671 5363 bonis
2707 5309 3133 5378 proscriptorum
3161 5325 3174 5362 :
3215 5310 3250 5364 ι.
3286 5311 3372 5375 17,
3398 5310 3471 5378 VC.
3510 5309 3582 5366 De
3612 5312 3795 5366 collat.

2300 5379 2416 5451 (75)
2466 5381 2583 5433 Hoc
2638 5377 2881 5434 ostendit
2928 5377 3231 5451 liliosLuon
3280 5377 3408 5436 esse
3439 5382 3498 5435 iu
3527 5389 3798 5450 potestate

2226 5448 2465 5522 matrum
2507 5457 2602 5505 aut
2631 5453 2786 5512 avia.
2825 5452 2930 5520 leg.
2961 5452 3047 5514 15.
3071 5449 3126 5506 Π.
3160 5448 3236 5507 De
3268 5453 3420 5508 suis:
3454 5448 3796 5522 leg—.78,Cod.

2224 5519 2299 5575 De
2323 5524 2722 5592 praescription.
2755 5519 2898 5592 longi
2942 5523 3208 5593 temporis
3234 5539 3247 5576 :
3276 5526 3315 5576 l.
3360 5521 3417 5588 5,
3450 5519 3528 5578 Cf
3560 5521 3636 5578 De
3662 5523 3799 5578 ado-

558 5593 797 5651 Novella:
819 5593 1111 5667 principio)
1140 5593 1395 5667 eo’sensu
1437 5596 1812 5662 emancipatus
1843 5596 1884 5646 si
1918 5593 2120 5667 liberos
2221 5593 2524 5667 ptio_ni_bu_s.

562 5667 799 5721 habeant
821 5662 932 5721 non
962 5662 1206 5721 revocari
1241 5669 1291 5720 in
1332 5667 1562 5735 patriam
1616 5671 1979 5733 potestatem:
2021 5662 2117 5719 sed

563 5745 744 5791 tamen
775 5739 964 5807 testari
994 5739 1062 5792 de
1090 5738 1413 5807 prolectitiis
1454 5751 1562 5790 non
1597 5750 1780 5805 posse.

633 5808 745 5876 (75)
770 5805 948 5864 Locus
974 5818 1058 5864 est
1085 5805 1396 5877 corruptus.

638 5877 751 5949 (74)
779 5878 839 5933 L.
875 5881 929 5947 2,
976 5880 1040 5937 C.
1076 5879 1149 5936 De
1180 5876 1718 5947 euiancipationibus
1752 5876 2108 5931 liberoruml.

2291 5663 2403 5734 (76)
2443 5664 2818 5732 Emancipatio
2845 5679 2951 5717 non
2983 5664 3216 5734 requirit
3265 5663 3625 5734 scripturam.
3683 5664 3796 5720 lmo

2225 5735 2477 5807 requirit,
2517 5736 2553 5789 Ι.
2586 5735 2640 5799 ‘2,
2671 5735 2738 5789 Ο.
2772 5735 2843 5789 De
2874 5737 3413 5807 cmancipationihus
3438 5737 3764 5793 liberorum.

2227 5805 2408 5929 17(77)
2435 5803 2609 5876 Hujus
2638 5809 3058 5863 constitutionis
3093 5803 3345 5864 meminit
3378 5807 3569 5863 Harm.
3627 5808 3681 5872 1,
3708 5811 3794 5860 tit.
