4078 6300
294 352 414 420 ιὸὶ

1381 356 1751 417 NOVELLIE
1789 354 2457 417 CONSTITUTIONES.

3480 356 3585 419 482

299 473 462 539 πρὸς
518 472 794 545 διαγωγὴν
847 469 1331 542 ίδιογνωμονούσαν
1353 471 1400 502 9'
1443 469 1637 539 ὀφθείη
1689 470 1846 540 μόνον
1884 473 1910 521 ὁ

2016 485 2139 525 vere
2172 469 2315 523 {ilius
2350 468 2595 522 videatur
2632 467 2768 539 (sive
2815 468 2865 522 id
2908 469 3030 540 ejus
3069 471 3248 526 verbis
3288 472 3446 541 cuius
3483 476 3588 530 Sub

302 567 456 628 παῖς
497 567 772 630 καταστάς
805 567 892 636 (ἄν
918 584 975 619 τε
1008 565 1230 636 γλώσσῃ
1262 564 1420 616 τοῦτο
1461 563 1809 632 ὡμολόγηται
1845 553 1905 614 οὗ

299 655 410 708 ὑπ’
449 657 706 720 ἐξουσίαν
725 658 918 722 ὲτέλει,
947 659 1011 712 ἄν
1037 674 1096 709 τε
1119 659 1162 689 ’⁷
1198 657 1417 724 γλῶσσα
1447 657 1545 726 μὲν
1571 656 1631 707 ού
1668 655 1908 724 παρέσχε

296 746 511 810 τοῦτο,
542 747 718 810 ἄλλως
745 749 800 800 δὲ
825 750 868 780 ³⁸
900 749 1092 818 γνώμη
1128 747 1388 800 σιωπὼσα
1420 747 1511 799 καὶ
1540 745 1682 809 ίδίως
1713 747 1909 816 ῥυθμι-

295 836 542 908 ζομένῳ
572 840 649 909 τῷ
676 841 828 893 παιδὶ
859 842 957 894 οὐκ
977 840 1384 908 ὲναντιουμένη,
1413 839 1546 891 ἀλλὰ
1578 839 1910 909 παραχωρή-

297 949 462 984 σασα
500 933 620 985 καθ’
664 935 857 986 ἑαυτὸν
890 934 1168 1002 διάγειν),
1201 934 1304 988 κᾶν
1401 934 1644 1003 γαμικῆς
1690 932 1906 1002 ὁμιλίας

293 1026 445 1090 ἔξω,
506 1021 646 1078 εἶναι
682 1027 832 1098 αὐτῷ
879 1027 1266 1096 κεκυρωμένον
1321 1025 1382 1077 τὸ
1428 1024 1795 1091 αὐτεξούσιον.
1847 1025 1908 1075 Εἰ

293 1119 424 1186 γὰρ
454 1117 638 1170 δοῦλοι
668 1118 815 1182 ἅπαξ
844 1117 1125 1186 ἀφειμένοι
1151 1116 1317 1183 ζυγοῦ
1353 1115 1426 1186 μὴ
1463 1115 1691 1184 πονηροὶ
1719 1115 1910 1183 ὀφθέν-

289 1226 400 1271 τες
446 1211 577 1280 οὐχ).
607 1211 769 1263 πάλιν
807 1211 986 1263 ἕλκειν
1011 1209 1172 1261 αὐτὸν
1211 1208 1632 1276 ἀναγκάζονται,
1668 1207 1782 1266 πῶς
1809 1209 1909 1260 οὐκ

292 1304 552 1365 ἄτοπον,
577 1303 1015 1373 ἀπολελυμένους
1039 1305 1166 1365 τοὺς
1197 1302 1392 1364 παῖδας
1428 1301 1589 1354 πάλιν
1619 1300 1769 1369 ἄγειν
1806 1301 1910 1352 ὑπὸ

293 1397 515 1462 ζυγὸν,
550 1397 645 1449 καὶ
677 1396 750 1467 μὴ
785 1398 1024 1465 μετεῖναι
1055 1395 1237 1456 αὐτοῖς
1265 1393 1434 1446 ἀϊδίου
1469 1386 1908 1464 ὲλευθερίας,ἦς,

292 1487 519 1560 ὥσπερ
548 1487 706 1558 ἔφην,
755 1487 851 1539 καὶ
880 1485 1054 1538 δοῦλοι
1086 1484 1481 1550 ἀπολαύουσινς

839 1689 1153 1744 suum}:
1188 1688 1402 1758 κεῖν’.

2015 568 2286 630 potestate
2317 559 2484 630 degit,
2509 573 2836 616 concessum
2872 561 3058 626 fuerit,
3094 563 3210 617 sive
3243 563 3428 620 verbis
3461 567 3584 636 q‘u‘io

2009 653 2132 706 dem
2187 667 2512 706 concessum
2567 669 2676 707 non
2739 655 2832 718 sit,
2866 656 2960 708 sed
3018 669 3329 711 consensus
3385 659 3589 715 tacitus

2013 749 2123 814 {78)
2162 748 2274 801 lilio
2306 750 2429 802 vitae
2479 752 2721 804 rationes
2755 751 3052 818 separatim
3115 751 3426 805 instituenti
3473 761 3586 808 non

2014 845 2341 898 adversatus
2398 841 2493 905 sit,
2546 858 2732 897 verum
2767 843 2944 913 ipsum
2977 858 3078 898 suo
3128 845 3287 898 modo
3337 851 3585 900 seorsum

2011 934 2195 987 vivere
2223 933 2557 1004 permiserit)
2577 935 2795 990 tametsi
2830 934 2940 1004 ('79)
2973 951 3004 989 a
3032 935 3270 1006 conjugii
3314 951 3588 994 commer-

2011 1027 2100 1081 cio
2142 1027 2278 1081 liber
2320 1027 2410 1090 sit,
2443 1027 2540 1095 jus
2591 1037 2770 1081 tamen
2812 1027 2968 1082 liberi
3028 1029 3244 1084 arbitrii
3280 1038 3460 1083 ratum
3505 1030 3585 1084 illi

2011 1129 2064 1174 et
2097 1120 2482 1174 conﬁrmatum
2533 1121 2622 1175 sit.
2653 1119 2864 1175 Etenim
2918 1123 2960 1176 si
3022 1123 3166 1176 servi
3228 1113 3395 1178 semel
3452 1126 3586 1192 iugo

2009 1211 2222 1276 emissi,
2251 1211 2381 1263 dum
2429 1212 2555 1264 mali
2589 1228 2696 1265 non
2732 1221 3020 1281 apparent,
3057 1213 3252 1266 iterum
3306 1213 3439 1266 illud
3475 1222 3587 1266 tra-

2009 1305 2140 1358 here
2189 1320 2294 1358 non
2340 1313 2631 1374 coguntur,
2690 1306 2965 1375 quomodo
3014 1306 3294 1375 indignum
3345 1322 3450 1360 non
3479 1317 3584 1369 est,

2013 1397 2152 1451 ﬁlios
2182 1396 2356 1466 patria
2383 1405 2654 1466 potestate
2712 1398 2971 1451 liberatos
3028 1397 3208 1452 denuo
3245 1398 3348 1452 sub
3391 1399 3584 1466 jugum

2013 1490 2252 1550 mittere,
2281 1488 2540 1558 ipsosque
2567 1498 2830 1560 perpetua
2871 1490 3146 1553 libertate,
3194 1507 3324 1561 qua,
3354 1501 3586 1560 quomo-

2010 1580 2083 1635 do
2131 1579 2267 1645 dixi,
2299 1580 2441 1635 servi
2463 1581 2627 1634 etiam
2663 1579 2944 1644 frtmntur,
2985 1590 3240 1651 expertes
3271 1581 3435 1636 esse?

2442 1691 2910 1748 CONSTITUTiO
2953 1691 3145 1746 XXVI.

294 1810 460 1880 Περὶ
514 1811 622 1865 τοῦ
666 1808 1059 1864 υἱοποιεῗσθαι
1094 1807 1428 1876 εὐνούχους
1459 1805 1560 1858 καὶ
1596 1805 1904 1874 γυναῖκας.

2016 1804 2085 1859 Ut
2133 1804 2245 1875 (80)
2283 1806 2506 1859 eunuchi
2533 1816 2581 1859 et
2642 1807 2888 1860 mulieres
2929 1807 3180 1873 adoptare
3218 1806 3419 1875 possint
3453 1806 3587 1876 (81).

390 1906 460 1957 '0
519 1905 682 1967 αὐτὸς
739 1901 991 1972 βασιλεὺς
1025 1900 1298 1970 Στυλιανῷ
1347 1897 1424 1968 τῷ
1477 1899 1906 1970 ύπερφυεστάτῳ

301 1996 618 2070 μαγίστρῳ
649 1995 756 2049 τῶν
789 1993 947 2047 θείων
981 1994 1272 2061 ὸφφικίων.

378 2089 555 2156 Μέγα
592 2089 686 2140 καὶ
735 2087 919 2156 τίμιον
953 2084 1260 2155 ἁ·.θρώποις
1293 2084 1444 2153 παρά
1477 2081 1570 2136 τοῦ
1604 2082 1906 2145 πλάσαντος

295 2181 452 2235 Θεοῦ
480 2180 660 2250 δῶρον
689 2182 714 2232 ὁ
744 2179 921 2248 γάμος
945 2194 959 2208 ο
993 2178 1052 2230 οὑ
1084 2177 1192 2246 γὰρ
1225 2176 1388 2246 μόνον
1407 2175 1774 2247 δαπανωμὲνῃ
1806 2173 1905 2226 θα-

301 2276 467 2344 νάτῳ
526 2272 712 2344 βοηθεῖ
748 2277 813 2342 τῇ
846 2271 1026 2340 φύσει,
1079 2271 1173 2324 καὶ
1207 2269 1303 2339 τὴν
1337 2268 1596 2339 διαμονὴν
1617 2269 1633 2299 ⁸
1657 2268 1734 2338 τῷ
1761 2269 1907 2336 γένει

300 2369 640 2441 χαρίζεται,
673 2370 772 2421 οὐκ
803 2367 908 2419 ὲῶν
947 2367 1266 2420 ὑπ’ὲκείνου
1300 2364 1737 2435 κατανεμόμενον
1771 2381 1908 2416 παν-

297 2462 497 2526 τελῶς
552 2461 900 2532 διαρρυῆναι,
940 2459 1076 2513 ἀλλά
1114 2459 1208 2512 καὶ
1254 2458 1427 2520 άλλως
1473 2459 1563 2510 διὰ
1586 2460 1685 2528 τῆς
1732 2455 1910 2509 παιδος

299 2557 518 2618 ποιίας
568 2555 780 2625 μεγάλα
820 2554 898 2622 τῷ
924 2553 1250 2622 ἀνθρωπίνῳ
1280 2551 1640 2622 χαριζόμενος
1675 2550 1794 2622 βίῳ.
1845 2549 1910 2602 Τί

298 2651 421 2718 γὰρ
453 2647 722 2719 ἡδύτερον
774 2647 853 2707 είς
900 2643 1170 2714 Θυμηδίαν
1199 2643 1505 2714 ἀνθρώπων
1544 2644 1640 2711 τῆς
1670 2645 1734 2695 ὲκ
1780 2641 1911 2694 παίι

299 2743 416 2796 δων
455 2738 843 2810 εὐφροσύνης
890 2737 943 2790 τί
988 2737 1032 2790 δ’
1067 2735 1494 2807 ὠφελιμώτερον
1529 2737 1587 2787 ὲν
1620 2738 1733 2798 τοῖς
1769 2734 1912 2788 κατὰ

300 2839 402 2890 τὸν
435 2838 562 2908 βίον
615 2835 903 2906 πράγμασι
935 2835 1047 2895 τοῖς
1075 2848 1135 2883 τε
1165 2830 1346 2892 ἄλλοις
1376 2831 1471 2883 καὶ
1498 2828 1534 2883 ἆ
1567 2829 1700 2898 πρὸς
1733 2828 1910 2899 γῆρας

305 2933 449 3002 ἡμῖν
481 2929 760 2998 συναντᾷς
792 2929 857 2996 τῇ
889 2925 998 2997 γὰρ
1026 2925 1136 2978 τῶν
1164 2923 1371 2976 παίδων
1397 2921 1685 2992 ἐπικουρίᾳ
1711 2922 1910 2989 κουφόο

311 3039 374 3073 τε
387 3039 485 3091 ρον
520 3019 579 3072 τὸ
609 3016 840 3088 βαρῦνον
863 3015 954 3068 τοῦ
984 3015 1171 3086 γήρως
1201 3014 1416 3083 ὁρᾶται.
1461 3011 1621 3065 Ἀλλά
1645 3012 1754 3081 γὰρ
1783 3011 1913 3063 ταύ-

307 3130 416 3183 της
441 3112 552 3180 τῆς
582 3108 849 3179 ὡφελείας
874 3108 997 3160 ἐπεὶ
1025 3106 1099 3178 μὴ
1126 3107 1291 3158 πᾶσιν
1319 3105 1434 3158 ἔστι
1467 3104 1791 3176 μεταλαχεῖν
1821 3105 1907 3158 διὶι

2085 1897 2228 1952 Idem
2263 1899 2559 1968 imperator
2591 1898 2838 1970 Styliano
2882 1900 3346 1956 excellentissimo
3397 1915 3588 1956 sacro-

2015 2010 2136 2048 rum
2168 1995 2474 2050 olIiciorum
2514 1999 2791 2066 magistro.

2088 2085 2338 2155 Magnum
2376 2101 2508 2142 sane
2565 2087 2952 2158 excellensque
3002 2086 3206 2142 donum
3252 2085 3364 2157 (82)
3411 2102 3438 2141 a
3483 2087 3591 2141 Deo

2015 2186 2264 2234 creatore
2313 2178 2378 2232 ad
2451 2179 2714 2234 mortales
2763 2180 3108 2248 promanavit
3147 2180 3581 2234 matrimonium.

2013 2270 2131 2324 Non
2195 2270 2358 2326 modo
2422 2272 2567 2326 enim
2641 2281 2851 2327 naturae
2899 2273 3092 2328 mortis
3169 2273 3421 2344 ingluviei
3491 2275 3592 2329 oh-

2017 2365 2193 2419 noxite
2225 2379 2384 2434 opem
2443 2364 2566 2424 fert.
2603 2363 2954 2433 humanoque
2989 2366 3175 2436 generi
3248 2367 3592 2437 perpetuita-

2017 2473 2123 2518 tem
2164 2466 2454 2534 elargitur,
2497 2463 2550 2518 id
2577 2464 2704 2518 dum
2737 2462 2808 2517 ab
2835 2463 2926 2517 illa
2961 2464 3308 2532 depascitur,
3339 2479 3446 2518 non
3474 2478 3594 2516 om-

2018 2555 2146 2607 nino
2175 2553 2424 2622 deperire
2456 2552 2690 2607 'sinens:
2720 2567 2904 2606 verum
2941 2551 3106 2605 etiam
3156 2566 3252 2620 per
3296 2551 3591 2606 liberorum

2019 2642 2456 2710 procreationem
2513 2655 2808 2711 permagna
2867 2641 3070 2710 alioqui
3127 2643 3416 2696 hominum
3466 2642 3594 2696 vitae

2018 2740 2266 2804 prmsmt.
2321 2732 2456 2786 Nam
2505 2734 2637 2803 quid
2668 2749 2730 2788 ea
2783 2747 2903 2801 qua:
2948 2750 3014 2787 ex
3051 2734 3238 2787 liberis
3288 2733 3594 2803 percipitur

2019 2827 2374 2895 voluptatead
2397 2827 2754 2880 oblectandos
2773 2826 3055 2879 hominum
3093 2826 3305 2880 animos
3337 2825 3593 2879 suavius?

2019 2931 2111 2973 aut
2153 2934 2283 2974 vero
2317 2918 2447 2989 quid
2469 2920 2523 2972 in
2557 2921 2810 2973 humana:
2838 2919 2962 2972 vitae
3008 2919 3266 2987 negotiis,
3297 2931 3422 2972 cum
3449 2918 3590 2983 aliis,

2023 3023 2134 3066 tum
2176 3027 2298 3083 qua:
2333 3016 2386 3066 in
2442 3021 2724 3067 senectute
2772 3013 2931 3066 nobis
2963 3026 3021 3066 se
3065 3010 3323 3076 oﬂ‘erunt,
3363 3010 3594 3064 utilius?

2021 3105 2218 3160 Levari
2247 3115 2398 3159 certe
2427 3106 2730 3160 senectutis
2777 3103 3060 3158 molestias
3095 3103 3392 3157 liberorum
3429 3102 3593 3156 mini-

306 3205 419 3275 τῆς
453 3202 559 3257 τοῦ
599 3202 778 3271 γάμου
821 3199 1061 3270 ὁμιλίας,
1093 3197 1361 3267 ἐϐουλήθη
1398 3196 1582 3268 νόμος,
1609 3195 1703 3248 καὶ
1734 3196 1912 3258 καλῶς

2020 3198 2188 3253 sterio
2234 3196 2508 3252 videmus.
2559 3196 2758 3250 Verum
2802 3195 3065 3265 quoniam
3130 3210 3250 3248 eam
3301 3193 3589 3247 utilitatem

310 3296 628 3365 ἐϐουλήθη,
681 3293 860 3364 οἰκείᾳ
907 3291 1292 3362 φιλανθρωπίᾳ
1337 3292 1464 3354 τοὺς
1510 3290 1587 3362 μὴ
1623 3289 1772 3360 παρὰ
1818 3290 1916 3357 τῆς

317 3392 554 3456 φύσεως
599 3387 865 3448 λαϐόντας
913 3384 973 3436 τὸ
1005 3385 1178 3455 δῶρον
1221 3382 1605 3453 εὐεργετῆσαι.
1643 3380 1788 3450 Πλὴν
1817 3383 1920 3432 οὐκ

317 3487 404 3547 εἰς
457 3482 672 3542 πάντας
711 3477 943 3546 ἐφύλαξε
996 3477 1095 3548 τὴν
1134 3475 1454 3546 προαίρεσιν
1503 3472 1768 3542 ἀνελλιπῆ
1819 3475 1916 3542 τὴν

319 3572 659 3646 εὐεργεσίαν
709 3567 1096 3636 πεποιημένος.
1153 3567 1280 3628 Τοῖς
1341 3566 1438 3635 μὲν
1498 3565 1606 3635 γάρ
1644 3564 1917 3634 παρέσχεν

315 3666 584 3731 ἐξουσίαν
619 3663 712 3715 κα)⁸
740 3662 864 3731 δίχα
905 3659 1086 3729 γάμου
1127 3656 1400 3710 ποιεῖσθαι
1434 3657 1652 3720 παῖδας,
1685 3659 1812 3718 τοὺς
1860 3655 1916 3708 δὲ

316 3754 674 3827 ἀμετόχους¹
711 3752 808 3822 τῆς
841 3751 1065 3822 χάριτος
1112 3750 1284 3815 εἴασε,
1342 3748 1586 3816 καίτοιγε
1636 3747 1726 3799 τὸν
1770 3747 1918 3809 ἅπαξ

317 3847 404 3907 εἰς
435 3843 604 3896 τοῦτο
636 3843 982 3893 καταστάντα
1025 3840 1187 3908 νόμον
1228 3837 1312 3906 ἐφ’
1348 3831 1392 3904 ᾧ
1429 3835 1587 3889 λύσαι
1618 3835 1716 3908 τὴν
1752 3839 1919 3889 άπαι-

316 3935 444 3988 δίαν
465 3937 584 3996 τοῖς
613 3931 1022 4004 στερουμένοις,
1052 3929 1118 3981 δι’
1145 3929 1338 3981 ἑαυτοῦ
1367 3929 1652 3982 δεικνύντα
1674 3928 1917 3994 πατέρας

321 4022 408 4088 οἷς
442 4029 511 4080 ὲκ
541 4025 635 4078 τού
683 4025 861 4094 γάμου
908 4022 1070 4076 τοῦτο
1103 4016 1246 4075 εἶναι
1278 4023 1338 4074 οὐ
1369 4022 1612 4088 γέγονεν,
1660 4022 1739 4082 είς
1773 4019 1916 4071 πάν-

322 4136 429 4180 τας
486 4116 660 4188 ὲχρῆν
707 4115 1022 4168 διαϐιϐάσαι
1073 4113 1171 4184 τὴν
1224 4113 1554 4182 φιλοτιμίαν.
1622 4111 1762 4162 Ἀλλ’
1819 4111 1916 4180 οὐχ

319 4211 474 4264 οὕτω
518 4210 789 4280 βούλεται,
825 4207 1220 4276 ἀποπέμπεται
1247 4206 1303 4259 δὲ
1330 4207 1574 4270 τούτους,
1614 4205 1662 4256 οἳ
1698 4206 1764 4258 τὰ
1793 4221 1916 4257 και-ν

325 4305 576 4376 ριώτατα
616 4301 952 4373 ὲζτιμίωνται
988 4301 1081 4353 καὶ
1126 4299 1220 4362 οὓς
1252 4295 1319 4370 ἦν
1366 4298 1513 4361 είκὸς
1557 4297 1918 4368 ἠδικημένους

323 4400 423 4452 καὶ
479 4397 582 4467 τῆς
629 4393 950 4448 παιδοποιοῦ
978 4393 1370 4467 ἀφῃρημένους
1406 4391 1690 4462 δυνάμεως
1721 4390 1917 4443 οίκτεί-

328 4505 466 4557 ρειν.
513 4487 623 4541 Καὶ
669 4489 704 4556 ἡ
737 4485 885 4539 αἰτία
918 4485 1016 4554 τῆς
1040 4483 1434 4552 ἁποπέμψεως,
1473 4482 1576 4543 ὅτι,
1603 4480 1786 4550 φησὶν,
1821 4478 1914 4543 οὒς

2019 3306 2113 3359 per
2144 3289 2482 3342 matrimonii
2520 3289 2916 3343 commercium
2963 3287 3227 3357 consequi
3258 3301 3366 3342 non
3400 3301 3593 3341 onmes

2022 3381 2253 3442 ialeant,
2283 3379 2455 3432 voluit
2482 3379 2587 3441 lex,
2621 3387 2676 3433 et
2705 3385 2853 3433 recte
2882 3378 3123 3447 quidem,
3180 3379 3234 3432 in
3275 3393 3369 3432 eos
3394 3379 3488 3446 qui
3539 3380 3592 3430 id

2018 3472 2223 3526 donum
2263 3487 2293 3526 a
2324 3482 2518 3546 natura
2553 3487 2660 3525 non
2703 3474 3064 3541 accepissent,
3118 3486 3216 3526 sua
3255 3471 3592 3541 benignitate

2021 3565 2344 3620 beneﬁcium
2377 3565 2650 3620 conferre.
2685 3565 2753 3618 At
2789 3566 2838 3620 id
2871 3567 3211 3635 propositum
3244 3579 3350 3619 non
3402 3565 3474 3618 ita
3500 3579 3590 3618 er-

2020 3673 2087 3727 ga
2120 3672 2312 3712 omnes
2337 3657 2595 3722 servavit,
2623 3664 2684 3710 ut
2729 3658 2877 3711 omni
2911 3655 3130 3711 defectu
3167 3671 3396 3710 vacuum
3428 3655 3592 3709 bene-

2018 3752 2201 3805 Iicium
2234 3751 2411 3805 daret.
2447 3751 2586 3806 Aliis
2625 3751 2770 3805 enim
2821 3761 2971 3804 extra
3027 3749 3440 3803 matrimonium
3476 3749 3592 3818 (85)

2018 3843 2339 3913 acquirendi
2397 3843 2602 3898 liberos
2657 3850 2982 3913 potestatem
3019 3843 3169 3907 l‘eeit,
3235 3843 3376 3897 alios
3427 3841 3594 3910 hujus

2017 3936 2392 3990 beneﬁcentia:
2408 3944 2664 3991 exsortes
2685 3935 2928 4005 reliquit.
2952 3935 3276 4005 Quanquam
3293 3935 3413 4003 ejus
3433 3933 3591 4003 legis,

2017 4044 2138 4100 quze
2172 4029 2227 4082 in
2262 4028 2367 4083 hoc
2393 4029 2560 4083 semel
2581 4029 2723 4084 edita
2755 4036 2900 4084 esset
2938 4037 2994 4082 ut
3025 4029 3322 4082 liberorum
3357 4027 3595 4081 orbitate

2015 4122 2109 4192 qui
2136 4122 2320 4177 nullos
2351 4122 2636 4188 haberent,
2669 4123 2935 4177 liberaret
2985 4137 3050 4176 ac
3100 4137 3198 4176 sua
3229 4136 3333 4191 ope
3381 4131 3591 4190 patres,

2017 4216 2221 4286 quibus
2243 4230 2309 4269 ex
2342 4215 2695 4269 matrimonio
2727 4216 2779 4268 id
2809 4231 2932 4271 esse
2969 4229 3075 4268 non
3125 4213 3474 4282 contigisset,
3511 4211 3594 4266 ef-

2019 4309 2222 4370 ﬁceret,
2244 4307 2520 4376 pertinere
2545 4305 2612 4360 ad
2636 4322 2826 4362 omnes
2849 4306 3263 4362 beneﬁcentiam
3300 4308 3594 4359 convenie-

2026 4399 2142 4452 bat.
2192 4396 2388 4451 Vernm
2426 4396 2517 4450 illa
2550 4396 2602 4450 id
2637 4400 2713 4450 ita
2746 4412 2856 4450 non
2893 4396 3043 4462 vult,
3099 4396 3193 4450 sed
3239 4394 3417 4463 rejicit
3467 4394 3602 4451 illos

2019 4489 2112 4558 qui
2149 4489 2370 4543 lethalia
2410 4489 2560 4559 passi
2613 4499 2777 4543 sunt:
2815 4503 3048 4558 quorum
3080 4495 3260 4541 tamen
3311 4486 3458 4556 quod
3508 4486 3598 4540 in-

324 4582 360 4649 ὴ
397 4579 562 4648 φύσις
595 4579 696 4631 οὐκ
733 4571 844 4631 οἶδε
875 4576 1041 4646 γονῆς
1088 4573 1480 4645 κληρονόμους,
1511 4573 1722 4635 τούτοις
1749 4571 1858 4624 οὐδ’
1887 4575 1912 4624 ό

2016 4579 2165 4649 juria
2196 4579 2379 4634 allecti
2410 4617 2425 4641 ,
2457 4579 2874 4649 generandiqne
2925 4577 3184 4633 Iacultate
3220 4575 3435 4646 privati?-
3457 4576 3592 4636 sint,

327 4671 496 4741 νόμος
546 4670 802 4741 τοιαύτης
868 4668 1170 4740 μεταδώσει
1223 4666 1610 4736 κληρονομίας.
1668 4664 1807 4727 Τοὺς
1857 4664 1914 4716 δὲ

2023 4671 2278 4726 misereri
2308 4685 2408 4740 par
2441 4681 2580 4726 erat.
2640 4670 2892 4741 Repulsa:
2935 4678 3116 4724 autem
3168 4684 3400 4724 causam
3453 4667 3594 4722 hanc

1607 4804 1840 4860 VARI/ﬁ
1881 4805 2286 4865 LECTIONES.

442 4959 490 4989 “
531 4955 643 5010 Ecl.
679 4951 1205 5024 opovapovoﬁoav.
1252 4949 1296 4981 ’⁷
1333 4948 1406 5001 Ita
1439 4946 1633 5024 Ziiich.
1697 4958 1751 5001 et
1791 4947 1904 5024 Erl.
1941 4947 2183 5024 _St:rimg.
2237 4950 2582 5024 eice._"lta
2611 4950 2974 5024 Ecl.,reliqui
3003 4951 3130 5018 γάρ.
3185 4949 3229 4981 ’³
3273 4947 3366 5002 Est
3389 4948 3442 5002 in
3475 4948 3590 5007 Ecl.

333 5027 471 5082 Nov.
502 5028 584 5080 I7.
645 5028 659 5056 '
688 5018 1049 5078 Sic-correxit
1076 5022 1364 5090 Agylzeus;
1402 5020 1560 5072 codd.
1585 5018 1868 5088 διανομήν.
1939 5021 1959 5050 ⁸
1991 5019 2084 5074 Sic
2108 5018 2346 5075 correxit
2383 5019 2727 5091 Stephanus;
2761 5018 2933 5076 Codd.
2962 5025 3244 5090 μετόχους.

1884 5159 2109 5216 NOTAE.

411 5307 524 5377 (ῗὸ)
564 5304 759 5361 Tacito
789 5318 1070 5358 consensu
1106 5303 1250 5357 ﬁlius
1279 5301 1658 5377 emancipatus
1682 5301 1905 5377 dicitur,

339 5378 387 5430 si
422 5372 577 5448 patre
609 5395 718 5431 non
749 5377 1036 5444 ignorante
1056 5374 1350 5448 separatim
1373 5372 1614 5447 rationes
1648 5373 1908 5448 instituit,

342 5444 439 5502 aut
471 5449 702 5504 seorsim
730 5450 882 5502 vivit.
918 5445 1138 5498 tametsi
1181 5444 1470 5514 conjugem
1508 5445 1617 5495 non
1650 5445 1831 5505 habet,
1856 5456 1910 5496 et

344 5519 416 5570 ita
471 5521 770 5588 abrogatur
812 5519 846 5568 Ι.
884 5517 938 5578 5,
991 5515 1053 5568 C.
1085 5514 1160 5570 De
1218 5522 1551 5588 emanerpat.
1591 5530 1718 5588 quae
1749 5523 1910 5588 negat

345 5591 509 5644 modo
533 5583 806 5644 consensu
837 5589 998 5658 (citra
1040 5587 1442 5641 soiemnitatem
1492 5583 1809 5652 verborum)
1845 5587 1908 5636 li-

347 5659 450 5712 lios
469 5659 826 5728 emancipari.

415 5729 522 5799 (79)
549 5734 630 5785 An
666 5725 717 5783 id
742 5727 960 5780 videtur
987 5728 1158 5790 velle,
1206 5725 1344 5779 lilios
1374 5726 1577 5799 nuptiis
1597 5732 1908 5799 contractis

346 5794 620 5856 voluntate
651 5807 867 5870 patrum
903 5799 1068 5852 tacite
1100 5794 1474 5867 emancipatos
1519 5797 1692 5853 videri
1719 5797 1740 5847 ?
1791 5794 1909 5848 Non

610 5893 880 5955 PATROL.
915 5891 1030 5951 Gn.
1063 5890 1246 5952 CVII.

2024 5307 2285 5374 arhitror,
2313 5311 2669 5378 quantumvis
2694 5310 2746 5365 id
2799 5309 2988 5363 multis
3020 5307 3156 5362 locis
3204 5308 3364 5360 hmlie
3403 5309 3474 5361 sit
3520 5324 3604 5362 re-

1987 5441 1991 5444 ’
2021 5389 2539 5523 ῗιῗὲδῖίίὺτοείιιυι·
2567 5449 2594 5523 §
2622 5451 2655 5506 9
2706 5449 2880 5506 lustit.
2911 5449 2984 5504 De
3023 5448 3210 5516 adopt.
3246 5448 3279 5501 Ι.
3303 5445 3359 5508 ‘32,
3395 5447 3423 5519 ἓ
3457 5449 3506 5514 I,
3544 5448 3598 5499 ll‘.

2023 5520 2093 5573 De
2125 5526 2284 5589 adop.
2391 5520 2394 5521 ⁷
2575 5520 2590 5523 “

2093 5589 2206 5659 (81)
2247 5607 2378 5653 xvu,
2403 5591 2608 5645 dicitur
2636 5593 2727 5655 2|,
2763 5589 2948 5646 Harm.
2979 5591 3033 5654 8,
3067 5592 3124 5645 4.

2093 5662 2208 5731 (82)
2248 5661 2381 5715 Nov.
2416 5661 2507 5726 '22,
2533 5661 2668 5717 Nov.
2702 5663 2792 5717 59.

2097 5733 2209 5800 (85)
2238 5731 2342 5788 Per
2376 5736 2722 5802 adeptionem
2746 5734 2869 5790 scil.

3080 5885 3147 5945 16
