4078 6300
517 281 626 347 483

1769 277 2042 343 LEONIS
2079 272 2546 338 PHILOSOPHI

3676 271 3794 337 ‘34

515 395 693 469 ponit,
722 396 866 467 quod
894 393 1070 451 dicat:
1096 391 1245 461 Quos
1280 390 1495 465 (ει-85)
1518 400 1711 449 natura
1744 391 1811 446 ad
1834 405 2100 463 generan-

2202 388 2308 458 ἀρα
2346 387 2469 458 οὐχὶ
2517 390 2549 458 ἡ
2580 386 2763 456 φύσις,
2790 385 2931 443 ἀλλά
2960 384 3264 461 ἀνθρώπων
3294 385 3477 442 ἀδικία
3509 386 3611 457 τὴν
3649 386 3792 458 uxr,—

516 486 650 542 dum
679 500 790 541 non
826 485 1057 542 idoneos
1114 485 1353 548 noverit,
1407 484 1509 540 hos
1560 499 1740 557 neque
1779 485 1948 553 legem
1999 485 2102 539 hoc

516 577 782 636 beneﬁcio
806 578 1151 635 aﬂ‘eeturam.
1179 579 1251 633 At
1281 592 1413 634 vero
1446 592 1556 634 nou
1591 576 1708 650 (86)
1746 584 1969 644 natura,
2003 575 2101 632 sed

516 672 801 729 hominum
822 673 1027 743 injuria
1051 673 1139 730 his
1170 672 1473 743 generandi
1508 670 1617 726 vim
1651 670 1877 726 ademit.

587 762 695 831 Qui
721 764 999 831 homines,
1066 766 1111 821 si
1144 774 1346 836 praeter
1387 764 1650 835 iniuriam
1685 779 1847 835 quam
1880 762 1949 819 ab
1999 762 2099 816 ho-

518 856 761 913 minibus
786 858 1439 922 sustinuerunt,alteram
1471 872 1570 929 per
1623 857 1773 929 leges
1806 871 1917 912 non
1967 854 2095 911 sub-

518 948 681 1012 irent,
700 948 924 1021 dignum
950 950 1066 1005 fore
1102 951 1449 1021 imperatoria
1473 961 1661 1006 nostra
1692 948 1949 1020 majestas
1980 954 2095 1001 rata

518 1040 731 1106 statuit,
764 1049 823 1095 ut
853 1042 897 1097 si
932 1043 1198 1112 adoptare
1229 1042 1449 1109 vellent,
1496 1044 1724 1098 liberam
1770 1042 1822 1097 id
1857 1041 2095 1096 faciendi

519 1140 846 1201 potestatem
912 1132 1178 1187 haberent
1252 1133 1387 1204 (87).
1460 1131 1729 1189 Existimo
1767 1133 1912 1188 enim
1967 1132 2111 1187 illic‘

521 1222 852 1278 beneﬁcium
888 1225 1067 1294 magis
1096 1239 1216 1279 esse
1250 1225 1647 1292 necessarium,
1689 1224 1778 1280 ubi
1829 1223 1949 1293 ejus
1992 1225 2095 1278 im-

518 1312 748 1381 pensius
772 1313 1072 1381 requiritur
1121 1312 1352 1368 utilitas.
1407 1310 1691 1368 Eunuchis
1731 1320 1917 1367 autem
1953 1327 2093 1382 prae-

520 1405 678 1474 cipue
731 1405 1029 1459 liberorum
1060 1404 1376 1474 acquisitio,
1413 1420 1533 1476 quae
1556 1420 1651 1475 per
1683 1406 1855 1475 legem
1900 1405 1977 1470 tit,
2014 1413 2098 1461 est

520 1498 856 1561 necessaria,
894 1511 1071 1567 eoque
1098 1496 1293 1569 magis,
1324 1496 1472 1567 quod
1507 1512 1612 1550 una
1646 1498 1745 1551 hac
1771 1497 2008 1561 ratione,
2036 1505 2095 1551 ut

521 1598 703 1659 patres
727 1590 861 1654 sint,
896 1600 1309 1659 consequantur
1354 1591 1538 1658 itaque
1574 1588 1871 1644 liberorum
1931 1588 2095 1643 mini-

521 1680 690 1737 sterio
727 1680 865 1752 ipsis
907 1680 1015 1735 frui
1043 1681 1365 1750 contingat:
1395 1695 1504 1751 quo
1537 1680 1893 1735 inhumanum
1921 1691 2094 1750 esset,

2208 479 2463 551 ρονομίαν
2494 479 2766 550 ἀφείλετο.

2275 748 2384 812 Οὓς
2414 750 2448 821 ἡ
2474 736 2722 821 βασιλεία
2749 750 2782 821 η
2793 749 2906 822 μῶν
2939 749 3002 806 εὖ
3037 750 3182 823 ἔχειν
3214 753 3671 826 ὑπολαμϐάνουσα
3704 756 3788 829 μὴ

2202 842 2336 913 πρὸς
2370 843 2435 913 τῇ
2459 840 2636 912 ζημίᾳ
2655 841 2723 912 ἣν
2752 841 2810 910 ἐξ
2839 839 3141 913 ἀνθρώπων
3176 845 3489 917 ὑπέστησαν
3517 846 3789 919 δευτέραν

2202 934 2424 1005 ὑπέχειν
2455 934 2476 966 ³
2507 934 2598 989 διὰ
2639 932 2736 989 τοῦ
2772 934 2940 1005 νόμου
2979 934 3202 1007 ζημίαν,
3245 937 3489 1004 θεσπίζει
3517 940 3541 972 ⁵
3598 939 3790 1011 βουλο-

2203 1028 2395 1097 μένους
2439 1027 2799 1083 υἱοποιεῖσθαι
2830 1026 3110 1083 ἀκώλυτον
3165 1029 3309 1101 ἔχειν
3349 1031 3449 1103 τὴν
3500 1032 3783 1107 βούλησιν.

2199 1114 2366 1190 Οἶμαι
2398 1120 2509 1193 γάρ
2534 1121 2653 1193 ἐκεῖ
2684 1121 2885 1191 μᾶλλον
2925 1122 3231 1194 ἀναγκαίαν
3251 1126 3481 1197 ὁρᾶσθαι
3511 1126 3612 1195 τὴν
3639 1129 3660 1161 ⁸
3683 1122 3783 1183 66'-

2198 1212 2476 1284 εργεσίαν,
2525 1207 2588 1268 οὗ
2632 1213 2693 1267 τὸ
2731 1214 2790 1280 ἐξ
2839 1215 3009 1287 αὐτῆς
3051 1215 3328 1289 ὠφέλιμον
3357 1220 3787 1291 χρειωδέστερον

2200 1305 2464 1373 πέφυκεν.
2491 1304 2782 1376 Εὐνούχοις
2810 1305 2868 1358 δὲ
2920 1306 3161 1379 μάλιστα
3187 1309 3221 1379 ἡ
3251 1311 3316 1362 ὲκ
3343 1309 3437 1363 τοῦ
3464 1311 3632 1382 νόμου
3655 1329 3789 1365 παι-

2196 1395 2405 1450 δοποιία
2428 1395 2681 1450 τοσοῦτον
2700 1399 3122 1471 χρειωδεστάτη,
3146 1399 3268 1453 ὅσον
3296 1401 3389 1454 καὶ
3419 1403 3581 1471 μόνον
3603 1403 3785 1475 τούτῳ

2197 1488 2534 1560 λαμῦάνουσι
2574 1489 2652 1560 τῷ
2701 1491 2887 1561 τρόπῳ
2933 1490 2995 1544 τὸ
3045 1486 3184 1545 εἶναι
3220 1494 3491 1564 πατέρεςο
3536 1497 3632 1548 καὶ
3678 1496 3782 1565 τῆς

2199 1582 2350 1652 παρὰ
2372 1582 2503 1635 υίῶν
2534 1581 2833 1653 θεραπείας
2853 1582 3025 1647 οὕτως
3045 1585 3229 1649 αὐτοῖς
3244 1586 3575 1641 ἀπολαύσειν
3603 1589 3781 1660 ὑπάρ-

2199 1674 2280 1741 Est
2310 1676 2351 1738 ⁸,
2401 1669 2470 1747 ἦς
2499 1675 2619 1728 οὐκ
2649 1674 2765 1728 ἔστι
2810 1674 3195 1746 φιλάνθρωπον
3240 1677 3323 1732 ὅτι
3375 1680 3485 1733 τῶν
3530 1679 3777 1758 τονίμων

521 1773 589 1839 si,
617 1747 766 1844 quod
826 1773 1161 1845 genitalibus
1211 1747 1427 1843 privati-
1472 1774 1602 1839 sint,
1661 1775 1887 1845 insuper
1929 1747 2095 1829 etiam

2202 1766 2599 1837 ἀπεστέρηνται
2625 1766 2833 1840 μορίων
2856 1770 3394 1841 συναποπερεῖσθαι.
3429 1747 3573 1826 Ἀλλδ
3588 1747 3781 1847 ὥσπερ

521 1869 895 1937 privarentur.
933 1866 1040 1922 Sed
1099 1866 1557 1937 quemadmodum
1593 1865 1709 1938 (88)
1734 1868 1822 1922 cui
1863 1866 1975 1938 (89)
2003 1882 2098 1922 vo-

522 1959 600 2015 cis
633 1974 768 2015 nsus
800 1959 1091 2030 ademptus
1120 1968 1226 2021 est,
1261 1974 1382 2030 qua:
1408 1959 1603 2030 linguae
1639 1948 1825 2014 munia
1849 1968 1980 2015 sunt
2002 1975 2097 2031 per

522 2064 743 2105 manum
769 2049 1091 2121 adimplere,
1124 2058 1179 2106 et
1205 2050 1296 2120 qui
1328 2064 1637 2106 sermonem
1667 2050 1836 2106 labris
1872 2051 2099 2109 fundere

522 2142 732 2213 nequit,
758 2156 853 2213 per
886 2142 1217 2213 scripturam
1243 2142 1309 2196 ad
1343 2141 1681 2198 ordinandas
1701 2158 1790 2198 res
1816 2158 1944 2200 suas
1968 2160 2097 2216 pro-

523 2235 713 2290 rvidere
753 2250 860 2289 non
885 2232 1211 2306 prohibetur
1243 2233 1385 2305 (90),
1451 2235 1523 2287 ita
1582 2249 1759 2305 neque
1804 2234 1923 2306 qui,
1954 2233 2098 2307 quod

523 2324 849 2394 genitalibus
881 2324 1081 2394 privati
1112 2333 1261 2389 sunt,
1295 2324 1497 2380 liberos
1548 2341 1657 2380 non
1717 2318 1939 2392 habent,
2000 2327 2100 2383 bo-

524 2432 644 2472 rum
703 2416 1067 2487 indigentiam
1126 2418 1234 2473 alio
1282 2419 1445 2474 modo
1505 2434 1867 2490 compensare
1911 2430 2101 2478 vetan-

524 2508 651 2564 dum
682 2518 786 2567 est.

949 2604 1420 2663 CONSTITUTIO
1452 2604 1665 2663 XXVII.

630 2696 699 2750 Ut
725 2698 930 2767 pariter
954 2698 1066 2771 (91)
1097 2701 1341 2755 omnibus
1374 2700 1487 2773 (92)
1524 2701 1781 2769 adoptare
1828 2699 2001 2755 liceat.

604 2784 749 2842 ldem
772 2788 1069 2859 imperator
1118 2791 1293 2847 eidem
1328 2790 1601 2864 Styliauo.

588 2877 732 2933 Cum
773 2896 869 2937 eos
896 2883 988 2951 qui
1022 2898 1120 2939 sua
1164 2884 1446 2940 industria
1496 2899 1610 2940 rem
1647 2884 1883 2956 aliquam
1912 2884 2104 2941 buma-

526 2985 608 3025 na:
620 2972 744 3027 vitae
762 2974 947 3028 utilem
972 2975 1293 3032 adinvenire
1312 2976 1557 3042 student,
1579 2978 1632 3031 in
1651 2978 2101 3033 rommuneillam

2196 1858 2225 1911 ὁ
2262 1856 2449 1928 φωνῆς
2473 1858 2925 1930 ἀποτετμημένος
2952 1859 3015 1913 ού
3044 1861 3347 1918 κεκώλυται
3373 1864 3445 1917 τά
3473 1864 3573 1935 τῆς
3604 1866 3779 1934 γλώτ-

2198 1966 2299 2020 της
2334 1949 2684 2022 ἀναπληροῦν
2709 1950 2798 2004 διὰ
2827 1952 2927 2023 τῆς
2954 1953 3159 2026 χειρὸς,
3189 1954 3300 2010 οὐδ’
3327 1955 3387 2020 ὃς
3414 1958 3434 1988 ⁷
3465 1960 3664 2031 ἀπορεῖ
3688 1960 3782 2014 λό-

2198 2058 2294 2111 γον
2324 2041 2415 2096 διά
2442 2042 2668 2113 χειλέων
2702 2043 3053 2115 ὲρεύξασθαι,
3089 2046 3280 2103 τοῦτον
3313 2048 3402 2103 διὰ
3431 2052 3530 2123 τῆς
3558 2053 3782 2123 γραφῆς

2200 2138 2277 2199 εἰς
2311 2136 2409 2208 τὴν
2436 2138 2564 2208 περὶ
2594 2136 2703 2192 τῶν
2736 2137 2955 2192 οἰκείων
2985 2138 3228 2205 διάταξιν
3262 2143 3523 2215 προάγειν
3544 2145 3783 2218 ἀποτρέ-

2201 2245 2385 2294 πεται,
2409 2227 2555 2282 οὕτω
2587 2227 2831 2301 προσῆκε
2853 2230 2875 2263 ⁸
2904 2229 2999 2285 καὶ
3035 2233 3162 2297 τοὺς
3194 2234 3482 2306 ἀφαιρέσει
3509 2234 3617 2291 τῶν
3650 2255 3783 2291 παι·

2201 2322 2433 2377 δοποιῶν
2487 2322 2666 2394 μελῶν
2693 2339 2753 2376 τε
2802 2324 2896 2377 καὶ
2939 2324 3145 2396 μορίων
3178 2328 3200 2360 ⁸
3230 2329 3396 2398 γονῆς
3439 2329 3784 2402 ἀποροῦντας

2205 2414 2280 2486 μὴ
2309 2413 2537 2468 κωλύειν
2569 2414 2742 2486 ἑτέρῳ
2785 2413 2974 2486 τρόπῳ
3023 2419 3466 2491 παραμυθεῖσθαι
3504 2421 3608 2493 τὴν
3640 2423 3782 2478 ἀπο·

2204 2524 2344 2578 ριαν.

2670 2605 2987 2661 ΔΙΔΤΔΞΙΣ
3033 2603 3138 2661 KZ'
3180 2605 3293 2638 ¹⁹·¹¹

2378 2700 2517 2770 Περὶ
2548 2700 2654 2755 τοῦ
2682 2702 2903 2770 ἐπίσης
2932 2701 3163 2767 πάντας
3190 2700 3604 2758 υίοθετεῖσθαι.

2287 2792 2346 2846 '0
2375 2792 2537 2857 αὐτὸς
2569 2792 2825 2864 βασιλεὺς
2858 2793 3133 2864 Στυλιανῷ
3164 2791 3244 2864 τῷ
3276 2792 3447 2862 αὐτῷ.

2275 2885 2387 2940 Καὶ
2428 2885 2609 2949 καλῶς
2634 2888 2677 2918 "
2707 2886 2915 2957 πρέπον
2968 2887 3202 2957 ὑπάρχει
3255 2884 3353 2958 τὴν
3400 2884 3668 2955 ὠφέλειαν
3726 2887 3787 2939 ἓν

2208 2976 2374 3049 κοινῷ
2401 2975 2789 3031 κατατίθεσθαι
2819 2976 2945 3040 τοὺς
2983 2975 3173 3045 ὄφελός
3204 2994 3258 3030 τι
3297 2975 3540 3049 ἐξευρεῖν
3570 2976 3651 3046 τῷ
3681 2976 3784 3049 βεῳ

527 3076 860 3134 proponere,
914 3082 1081 3137 quam
1133 3068 1246 3140 (93)
1283 3070 1452 3125 certis
1490 3070 1806 3126 hominibus
1840 3071 2100 3126 devovere

2209 3071 2466 3135 σπουδαῖς
2512 3068 2742 3135 οἰκείαις
2796 3069 3266 3142 προθυμηθέντας,
3315 3068 3439 3141 ἥτδ
3492 3068 3785 3141 βούλεσθαι

526 3154 776 3225 aliosque
832 3158 953 3227 ejus
998 3170 1251 3230 expertes
1291 3160 1612 3232 relinquere
1664 3161 1954 3218 decentius
1994 3163 2100 3217 sit:

526 3244 640 3305 tum
675 3264 803 3307 vero
833 3252 991 3323 longe
1026 3255 1194 3326 magis
1248 3254 1427 3326 legum
1453 3256 1780 3311 beneﬁcium
1811 3270 2106 3311 commune

526 3358 660 3399 esse
693 3347 968 3400 convenit.
1020 3344 1154 3401 Nam
1200 3345 1346 3402 sicut
1383 3330 1488 3404 sub
1537 3349 1806 3420 principe.
1864 3349 2103 3417 virtute,

531 3437 613 3491 sic
643 3437 748 3492 sub
782 3437 1015 3509 legibus,
1044 3446 1317 3510 quotquot
1348 3440 1458 3497 illis
1486 3456 1745 3511 paremus
1783 3448 1946 3513 atque
1970 3442 2119 3498 sub-'

528 3529 630 3582 diti
661 3544 879 3594 sumus,
915 3533 1134 3587 illarum
1162 3533 1430 3589 beneﬁcio
1466 3535 1519 3588 in
1552 3550 1845 3591 commune
1873 3535 1978 3591 frui
2011 3536 2107 3591 de-

533 3623 750 3678 bemus.
781 3626 850 3676 At
888 3624 1018 3693 quid
1048 3625 1153 3681 sibi
1202 3626 1316 3679 vult
1372 3627 1475 3682 hoc
1532 3627 1905 3697 procemium?
1947 3628 2105 3696 Quod

530 3729 653 3768 cum
680 3715 977 3771 liberorum
1008 3718 1245 3773 orbitate
1278 3716 1527 3775 infelices
1587 3719 1822 3776 liberare
1867 3720 2103 3778 infortu-

532 3807 625 3863 nio
650 3808 736 3863 lex
774 3809 957 3874 vellet,
997 3809 1280 3880 adoptare,
1326 3817 1381 3865 et
1421 3809 1565 3881 quod
1617 3824 1646 3863 a
1674 3818 1871 3865 natura
1931 3814 2104 3885 accipi

533 3915 645 3956 non
671 3910 880 3972 posset,
908 3903 1167 3974 opinione
1190 3917 1535 3974 comparare,
1573 3902 1822 3974 iubendo
1844 3921 1951 3961 non
1975 3921 2104 3979 erga

534 4009 729 4050 omnes
762 3995 1017 4052 similiter
1052 3995 1287 4051 servarit
1316 3995 1659 4067 propositum
1688 4012 1702 4051 :
1755 4006 1919 4069 atque
1952 4000 2102 4056 viros

534 4084 755 4157 quidem
787 4095 842 4143 et
871 4086 1151 4154 mulieres,
1175 4100 1313 4158 quas
1340 4094 1536 4143 natura
1579 4096 1871 4159 postquam
1898 4097 2101 4148 matres

2205 3165 2397 3236 μέχρις
2426 3162 2583 3216 ὲνίων
2616 3160 2923 3231 προσώπων
2957 3160 3315 3232 περιορίζειν,
3350 3162 3476 3224 τοὺς
3497 3161 3544 3216 δ’
3587 3162 3783 3226 ἄλλους

2204 3254 2505 3326 ἀμετόχους
2537 3252 2743 3324 ταύτης
2782 3254 2903 3324 ὲᾷν,
2938 3253 3074 3307 πολὺ
3112 3252 3169 3307 δὲ
3211 3253 3373 3308 πλέον
3412 3255 3662 3325 προσῆκε
3683 3256 3785 3328 τὴν

2204 3348 2269 3401 ὲκ
2293 3345 2403 3400 τῶν
2441 3347 2621 3417 νόμων
2654 3346 2975 3419 εὐεργεσίαν
3016 3341 3157 3400 εῖναι
3191 3346 3399 3418 κοινήν.
3429 3346 3646 3419 Ὥσπερ
3673 3348 3784 3419 γάρ

2205 3439 2300 3492 ἐπὶ
2327 3438 2588 3510 ἄρχοντος
2611 3438 2833 3508 ἀρετῆς,
2868 3436 3011 3492 οὕτω
3038 3438 3134 3492 καὶ
3164 3437 3257 3490 ἐπὶ
3285 3437 3465 3510 νόμων
3490 3438 3783 3509 ὀφείλομεν

2206 3532 2361 3603 κοινῇ
2400 3529 2495 3584 τοῦ
2518 3529 2728 3584 ἐκεῖθεν
2757 3528 3054 3585 ἀπολαύειν
3088 3527 3256 3583 καλοῦ
3284 3528 3429 3585 ἅπαν
3458 3529 3518 3584 τδ
3543 3531 3785 3603 ἀρχόμε-

2208 3625 2298 3678 νόν
2322 3642 2381 3679 τε
2405 3624 2499 3678 καὶ
2520 3624 2899 3695 ὑποκείμενον.
2923 3622 2988 3677 Τί
3010 3620 3169 3677 τοῦτο
3194 3623 3343 3693 λέγει
3373 3622 3433 3677 τὸ
3460 3624 3745 3696 προοίμιον
3765 3641 3784 3691 ;

2210 3714 2336 3771 Ὅτι
2349 3718 2461 3778 τοῖς
2476 3717 2767 3786 ἀτυχοῦσιν
2791 3716 3049 3771 ἀπαιδίαν
3070 3714 3218 3770 λύειν
3243 3714 3562 3786 βουλόμενος
3582 3714 3784 3771 166w-

2206 3809 2430 3882 τύχημα
2477 3809 2640 3879 νόμος
2680 3810 2737 3863 ὲν
2777 3808 2863 3881 τῷ⁶
2892 3809 3252 3864 υίοθετεῖσθαι
3297 3809 3661 3880 προστάσσειν
3686 3810 3784 3869 καὶ

2208 3905 2401 3979 γνώμῃ
2434 3906 2610 3959 ἐκεῖνο
2642 3902 2875 3958 κτᾶσθαι
2900 3902 2931 3956 ὃ
2961 3902 3038 3974 μὴ
3062 3901 3292 3974 εὔπορον
3330 3900 3376 3933 ⁸³
3414 3901 3600 3956 λαϐεῖν
3629 3901 3785 3972 παρά

2208 3998 2310 4066 τῆς
2354 3996 2590 4065 φύσεως,
2642 3996 2703 4048 ού
2752 3996 2888 4065 πρὸς
2932 3996 3162 4057 πάντας
3192 3993 3393 4064 ὁμοίως
3425 3991 3648 4046 διέσωσε
3681 3994 3786 4062 τὴν

2209 4088 2552 4164 προαίρεσιν,
2583 4085 2699 4143 ἀλλ’
2726 4085 2949 4158 ἀνδράσι
2975 4084 3074 4157 μὲν
3104 4086 3199 4140 καὶ
3220 4082 3483 4155 γυναιξὶν,
3518 4084 3584 4149 ἀς
3614 4083 3785 4152 eryth-

1808 4269 2042 4328 ‘o'AliUE
2076 4270 2481 4330 LECTIONES.

605 4392 714 4467 ’_ln_
747 4391 945 4467 zuiclt1
971 4400 1026 4467 et
1058 4391 1433 4467 Meermtcod.
1451 4394 1697 4467 ἐπέχειν.
1730 4466 1733 4467 ν
1775 4395 1795 4427 δ
1818 4393 1957 4451 Hinc
1988 4363 2313 4467 iucipitEcl.
2383 4396 2407 4429 ⁸
2438 4393 2550 4467 Ecl.
2576 4391 2729 4449 addit
2751 4392 2951 4467 ⁴πεῖ-σοιν.
3028 4388 3049 4419 ⁸
3074 4386 3187 4467 Ecl:
3219 4368 3504 4467 ὑπάρξειν.
3564 4395 3586 4427 ⁷
3607 4388 3784 4467 codd.

534 4464 583 4539 ᾇ,
773 4462 985 4539 οῦδ-ἃν
1006 4464 1267 4539 ἀπορῇ.--
1289 4463 1315 4495 ⁸
1343 4462 1431 4539 Ιιιι-
1451 4453 1767 4539 Ε-ριίᾯυάὰ.
1798 4467 1858 4539 τὸ
1889 4453 2189 4539 προσήκειν
2225 4467 2304 4521 vel
2338 4465 2642 4539 προσήκει.

1393 4536 1435 4566 ³³
1475 4535 1787 4606 Stephanus
1823 4535 2106 4608 legendum
2139 4546 2291 4607 putat
2327 4535 2532 4600 ἀλ).ως;

538 4535 654 4569 ίοοιί
673 4534 768 4589 Est
804 4535 860 4588 in
892 4534 1007 4589 Ecl.
1034 4532 1181 4590 Nov:
1204 4533 1292 4590 18.

537 4603 679 4662 forte
698 4603 1011 4676 εὐποροῦσι.

2755 4464 2776 4494 ⁹
2804 4460 2919 4516 Ecl.
2953 4474 3063 4515 non
3099 4458 3259 4532 habet
3280 4458 3356 4532 “te
3402 4460 3522 4532 xai._
3555 4461 3784 4532 μορίων.

2602 4534 2858 4607 Agylzeus
2902 4532 3005 4603 legi
3038 4529 3154 4585 vult
3202 4528 3423 4600 μᾶλλον.
3482 4529 3528 4562 ⁸⁸
3558 4528 3787 4591 Rectius

2039 4720 2274 4780 NOTAE.

609 4836 1005 4916 (Sl-Qﬁiliatip
1034 4838 1318 4916 dubitandi
1346 4843 1581 4916 sumitur
1606 4860 1675 4900 ex
1701 4845 1729 4916 §
1751 4845 2006 4901 9.lnstit.
2028 4844 2104 4901 De
2134 4855 2180 4911 ι)
2284 4844 2396 4916 (88)
2421 4843 2583 4899 Ratio
2640 4841 2925 4916 decidendi
2968 4839 3402 4916 satis..elegatts.
3437 4836 3632 4916 Possis
3670 4850 3725 4897 et
3752 4857 3783 4895 a

538 4908 729 4989 adept.
758 4911 795 4963 Ι.
827 4913 886 4989 ᾖ.
916 4908 1013 4989 §l,
1048 4910 1105 4966 ll.
1134 4910 1209 4967 De
1230 4912 1413 4989 adopt.
1441 4912 1629 4989 Potest
1660 4908 1745 4989 sic
1762 4932 1826 4972 ea
1857 4916 2045 4989 augeri
2074 4924 2099 4969 ι’

540 4982 822 5056 [heredem
853 4982 1139 5056 instituere
1167 4985 1440 5056 eunuchis
1474 5001 1581 5039 non
1621 4987 1794 5052 licuit,
1820 4990 1855 5044 ι.
1890 4982 2010 5056 6ξὲ
2044 4989 2093 5049 l,

538 5051 595 5125 ﬂ".
625 5051 697 5107 De
730 5051 910 5125 libera,
934 5053 1039 5125 vel
1077 5054 1484 5125 matrimonium
1523 5051 1874 5125 contrahere,
1930 5051 2094 5121 l.'59,

540 5124 595 5199 in
622 5121 805 5199 li_n._ﬂ._
829 5121 903 5199 De
926 5123 1052 5199 jure
1078 5124 1191 5199 dot.
1216 5139 1232 5189 ;
1258 5139 1383 5178 nam
1402 5127 1555 5199 quod
1587 5127 1809 5199 dicitur,
1832 5121 1930 5199 pro
1952 5142 2098 5199 more

543 5195 691 5248 bosis
721 5193 929 5255 haberi,
956 5194 1009 5250 id
1041 5195 1213 5251 levius
1241 5204 1344 5261 est,
1401 5193 1444 5251 l.
1478 5197 1531 5263 7,
1566 5198 1621 5253 Π.
1655 5198 1729 5255 De
1758 5193 1947 5255 ted—im.
1982 5197 2096 5252 Ho-

541 5265 1221 5337 dieteslamentuntl‘acerc
1242 5277 1496 5334 possunt,
1522 5270 1558 5322 ι.
1579 5271 1631 5335 5,
1657 5271 1720 5325 G.
1741 5270 1843 5337 Qui
1877 5279 2096 5325 testam.

604 5324 720 5415 (δῦ)
760 5335 1149 5415 liuuuchinon
1206 5324 1340 5390 ﬁunt
1366 5324 1683 5415 natura,:ut
1706 5324 1793 5415 hi}:
1818 5324 2000 5415 :7_licet
2047 5341 2100 5415 in

540 5404 868 5477 quibusdinn
902 5406 1240 5475 spadonibus
1266 5417 1456 5463 contra
1514 5411 1549 5463 Ι.
1569 5404 1708 5477 ⁷128,
1739 5411 1792 5467 ll".
1850 5410 1923 5466 De
1950 5412 2101 5464 verb.

541 5477 647 5554 sig.
676 5475 876 5554 quibus
933 5478 1153 5554 adeptio
1183 5481 1451 5554 permissa
1502 5482 1540 5536 l.
1595 5475 1777 5546 4min
1812 5482 1908 5537 ﬁn.
1938 5479 1995 5537 θ’.
2030 5480 2106 5536 De

540 5545 977 5616 adop.DilTeruut
998 5545 1142 5614 enim
1163 5545 1460 5607 aeasuatis
1484 5555 1550 5608 de
1571 5554 1773 5623 quibus
1791 5555 1880 5609 bic
1896 5555 2103 5624 agitur;

540 5614 655 5672 dixi
684 5615 748 5671 ad
775 5615 838 5670 D.
864 5618 897 5671 l.
942 5619 1064 5673 ιεε.

585 5630 655 5672 tm
684 5630 748 5671 att
777 5630 838 5670 υ.
864 5630 897 5671 ι.
942 5630 1064 5673 1⁸28.

616 5687 730 5758 (87)
756 5684 893 5767 Olim
919 5692 1442 5767 castratiadomare
1480 5709 1590 5751 non
1644 5703 1921 5767 poterant,
1954 5702 2009 5751 et
2035 5695 2108 5749 ita

543 5756 839 5829 abrogatur
916 5761 969 5829 9,
1003 5760 1058 5817 d.
1096 5781 1113 5813 ι
1157 5764 1208 5819 1.

2208 4910 2457 4971 εἱιιὶὶιῖἱιι
2488 4919 2652 4969 etiam
2687 4914 3015 4969 conﬁrmare
3057 4929 3070 4964 :
3104 4910 3265 4965 Licet
3299 4910 3574 4966 etnutchis
3607 4920 3785 4966 testa-

2204 4999 2450 5113 naculum
2502 4986 2704 5053 facere,
2755 4983 2921 5049 1.10,
2970 4982 3034 5038 C.
3077 4982 3181 5048 Qui
3240 4988 3591 5049 testamenta,
3648 4997 3783 5055 ergo

2204 5071 2235 5111 a
2279 5066 2492 5113 outare.

2203 5066 2492 5113 adoutare.

2278 5125 2391 5201 (89)
2422 5128 2485 5201 ιε.
2513 5126 2603 5193 10,
2637 5125 2694 5182 θ’.
2722 5125 2827 5192 Qui
2857 5130 3210 5201 testamenta.

2279 5194 2391 5271 (90)
2421 5198 2486 5254 Et
2514 5208 2760 5271 econtra
2785 5196 2877 5271 qui
2909 5210 3105 5249 manus
3143 5195 3351 5262 amisit,
3372 5194 3556 5252 verbis
3582 5196 3781 5252 testari

2206 5267 2482 5344 potesthl.
2505 5270 2601 5344 sit,
2634 5267 2689 5323 θ’.
2722 5267 2826 5344 Qui
2855 5274 3211 5344 _testamenta.

2276 5336 2475 5410 (91η.
2503 5339 2689 5410 l_larm.
2717 5336 2897 5410 8,-94,

2280 5399 2391 5482 (92)
2432 5399 2607 5482 Etiam
2654 5399 2893 5482 feminis
2934 5422 3076 5482 quae
3102 5421 3381 5482 nunquam
3428 5407 3633 5482 liberos
3679 5406 3782 5460 ha-

2208 5475 2467 5545 buerunt,
2497 5475 2553 5537 et
2597 5483 2672 5535 ita
2723 5475 3018 5552 abrogatur
3053 5479 3080 5550 ᾗ
3115 5477 3202 5532 l0.
3241 5475 3365 5532 'lust
3428 5476 3501 5531 De
3525 5478 3686 5547 adop.
3727 5487 3784 5532 et

2211 5558 2248 5611 l.
2284 5555 2335 5615 5.
2369 5553 2433 5608 (Σ.
2469 5553 2539 5607 lle
2574 5554 2758 5619 adopt.

2291 5625 2401 5696 (93)
2433 5616 2717 5692 Superllue
2745 5623 2844 5696 uni
2867 5628 2961 5696 aut
2996 5619 3185 5696 paucis
3214 5619 3501 5696 scribitur,
3519 5687 3534 5696 .
3553 5616 3793 5696 ubi__esl.‘

2218 5686 2396 5752 causa
2437 5686 2786 5749 cunctorum.
2812 5686 3057 5747 Salvian.
3116 5689 3184 5744 ad
3221 5690 3431 5747 eccles.
3454 5687 3609 5744 Adde
3640 5686 3780 5742 Nov.

2218 5766 2358 5825 Just.
2398 5765 2489 5834 60,
2523 5780 2643 5836 cap.
2676 5763 2730 5834 l,
2771 5765 2826 5821 in
2862 5762 2958 5818 lin.
