4078 6300
375 277 489 344 ιεο

1475 275 1838 340 NOVELLE
1884 276 2556 343 CONSTITUTIONES.

3540 288 3648 356 486

380 412 502 466 ρισε
533 393 633 468 μὲν
657 395 692 467 ἡ
729 392 892 465 φύσις
924 394 1190 468 μητέρας,
1231 397 1310 460 είς
1345 388 1599 452 ἀπαιδίαν
1631 396 1688 449 δὲ
1729 399 1956 467 ἀφαιρε-

2065 400 2310 454 novisset
2370 399 2483 470 (95)
2549 398 2903 471 ademptione
2955 399 3162 457 sobolis
3216 400 3283 457 ad.
3345 402 3646 462 liberorum

381 505 466 542 σει
510 489 612 561 τῆς
652 488 818 559 γονῆς
859 490 1186 560 περιέστησε
1219 489 1285 551 ’⁸.
1319 489 1380 542 τὸ
1423 488 1722 560 υίοθέτημα
1753 489 1958 558 ἐδωρήο

378 599 531 648 σατο,
561 583 848 653 εὐνούχους
877 583 933 636 δὲ
959 583 1054 638 καὶ
1085 583 1302 651 γύναια.
1328 578 1403 636 ὧν
1429 581 1584 636 οὔπω
1605 582 1714 635 τῶν
1741 582 1957 635 κόλπων

373 675 404 728 ὁ
430 673 527 729 τοῦ
553 674 742 743 γένους
776 675 978 746 ἤνθησε
1029 675 1250 746 στάχυς,
1283 675 1384 728 ούκ
1417 674 1600 738 ἀξίους
1638 674 1821 745 ἔκρινε
1862 671 1956 727 τοῦ

370 768 839 839 εὐεργετήματος,
871 769 970 838 οὐχ
997 768 1108 837 ὁρῶ
1137 767 1258 820 τίνα
1298 767 1499 837 τρόπον
1527 767 1671 820 οὔτω
1701 765 1954 837 μικρολο-

367 858 660 930 γούμενος.
705 863 783 916 Οὐ
811 863 922 931 γὰρ
975 861 1056 914 ὅτι
1111 860 1447 932 ὲζημίωνται
1502 859 1562 912 τὸ
1611 854 1749 914 εἶναι
1795 861 1956 927 φύσει

367 952 609 1022 πατέρες
655 952 922 1024 εὐνοῦχοι,
965 952 1052 1006 διά
1081 952 1239 1005 τοῦτο
1283 954 1435 1024 νόμῳ
1462 951 1560 1024 τὴν
1599 952 1803 1024 ζημίαν
1833 953 1955 1006 έπι-

368 1045 572 1100 τείνειν
602 1045 729 1117 χρὴ,
767 1045 903 1100 ἀλλά
936 1045 1249 1098 τούναντίον
1287 1045 1490 1116 μᾶλλον
1532 1043 1592 1096 τὸ
1631 1045 1843 1098 ἐκεῖθεν
1870 1047 1954 1098 ἐν·

371 1139 488 1204 δεὲς
519 1141 692 1211 έτέρῳ
720 1139 909 1210 τρόπῳ
942 1137 1017 1210 μὴ
1040 1138 1271 1192 κωλύειν
1315 1137 1654 1212 πορίζεσθαι,
1689 1138 1873 1202 καθὼς
1897 1133 1956 1192 ὲν

367 1235 489 1296 ταῖς
517 1232 705 1296 ἄλλαις
731 1231 1059 1285 κολοϐὡσεσι
1089 1232 1199 1285 τῶν
1221 1232 1466 1301 φυσικῶν
1497 1232 1812 1303 ἐνεργειῶν,
1842 1227 1955 1285 οἷον

369 1326 462 1378 ἐπὶ
500 1324 700 1395 χειρῶν
727 1324 820 1377 καὶ
858 1323 1033 1379 ποδῶν
1063 1324 1159 1377 καὶ⁵
1198 1325 1252 1378 εί
1278 1341 1329 1377 τι
1375 1325 1502 1378 ἄλλο
1550 1325 1954 1395 ἀπεστέρηνται

366 1415 670 1487 ἄνθρωποι,
703 1417 764 1469 οὐ
809 1416 1112 1470 κωλύονται
1145 1418 1237 1470 τὸν
1271 1417 1498 1470 δυνατὸν
1537 1417 1738 1489 τρόπον
1772 1435 1954 1490 παρα-

369 1509 657 1580 μυθεῖσθαι
687 1510 785 1579 τὴν
834 1509 1156 1564 κολόὸωσιν.
1207 1511 1316 1562 Καὶ
1363 1509 1470 1581 μὴν
1503 1510 1625 1563 οὐδὲ
1663 1514 1952 1578 γυναῖκας,

363 1601 500 1655 διότι
529 1601 601 1671 μὴ
624 1601 883 1669 ὤφθησαν
913 1602 1170 1675 μητέρες,
1204 1602 1424 1670 εὔλογόν
1452 1603 1600 1655 ἐστιν
1622 1601 1955 1672 ἀποτρέπειν

366 1695 747 1752 υίοθετείσθαι.
785 1697 880 1759 Τίς
910 1697 1021 1768 γάρ
1063 1701 1092 1751 ό
1122 1697 1281 1766 λόγος
1317 1697 1411 1750 τοῦ
1457 1697 1555 1758 τὰς
1589 1696 1707 1766 μὲν,
1733 1697 1816 1749 ὅτι
1846 1698 1952 1767 ἀφ-

2067 492 2363 546 orbitatem
2437 491 2773 562 redegisset,
2835 493 3129 564 adeptandi
3181 495 3308 564 jure
3370 497 3645 554 donarit:

2065 585 2350 641 eunuchos
2401 584 2514 655 (95)
2571 599 2701 638 vero
2755 593 2808 640 et
2858 587 3210 651 mulieres,e
3241 604 3476 658 quarum
3526 592 3653 648 sinn

2066 677 2310 731 nondum
2376 675 2518 732 ullus
2567 675 2711 732 fetus
2772 676 3120 741 cllioruisset.
3179 678 3446 735 benelicio
3505 681 3651 736 indi-

2066 784 2200 837 gnos
2231 769 2528 833 censuerit,
2579 777 2690 823 tam
2745 769 2950 824 utiliter
3006 774 3193 826 nescio
3241 773 3518 842 quomodo
3563 788 3654 826 ra-

2066 862 2343 916 tiocinata.
2375 861 2497 916 Non
2529 863 2676 918 enim
2729 863 2856 933 quia
2919 862 3019 920 boc
3060 864 3430 928 incommodo,
3466 873 3524 918 ut
3557 881 3654 919 na-

2068 965 2187 1008 tura
2241 961 2420 1023 patres
2478 969 2600 1009 esse
2647 962 2945 1025 nequeant,
3003 955 3238 1010 eunuchi
3287 955 3464 1010 affecti
3518 956 3651 1023 sint,

2065 1049 2328 1102 continuo
2382 1047 2522 1102 idem
2555 1049 2963 1104 incommodum
2992 1049 3105 1119 lege
3145 1049 3330 1120 augeri
3362 1050 3472 1121 (96)
3496 1066 3653 1122 opor-

2064 1147 2187 1194 tet:
2228 1137 2324 1194 sed
2358 1154 2388 1193 e
2415 1139 2632 1195 diverso
2701 1140 2824 1210 ejus
2880 1141 2957 1197 rei
3013 1140 3288 1196 defectum
3322 1143 3429 1198 alio
3489 1143 3651 1199 modo

2063 1230 2411 1295 compensari
2465 1245 2574 1284 non
2630 1232 2946 1300 prohibere,
2982 1233 3145 1300 longe
3180 1234 3355 1305 magis
3389 1249 3486 1305 par
3516 1243 3646 1290 est:

2064 1319 2523 1390 quemadmodum
2589 1322 2716 1377 aliis
2757 1324 3043 1389 membris,
3102 1340 3223 1394 qua:
3265 1325 3332 1378 ad
3401 1329 3649 1382 actiones

2063 1413 2344 1466 naturales
2390 1412 2744 1482 requiruntur
2789 1416 2870 1486 (ιιι
2909 1415 3164 1471 inanibus
3207 1415 3348 1486 (97),
3393 1417 3648 1488 pedibus)

2063 1505 2354 1569 mutilatis,
2411 1512 2506 1558 aut
2535 1504 2582 1558 si
2610 1519 2718 1575 qua
2747 1506 2852 1560 alia
2907 1516 3062 1576 parte
3111 1508 3308 1576 privati
3333 1508 3444 1563 sint
3467 1510 3648 1564 homi-

2063 1611 2184 1661 nes,
2209 1596 2286 1650 illi
2334 1611 2666 1667 quocunque
2718 1605 2952 1666 possunt
2999 1596 3162 1651 modo
3244 1599 3643 1654 mutilationem

2063 1687 2270 1742 sarcire
2306 1701 2414 1740 non
2443 1687 2819 1756 prohibentur.
2859 1684 2979 1740 Jam
3013 1702 3142 1742 vero
3179 1703 3356 1746 neque
3389 1690 3646 1745 mulieres;

362 1786 642 1856 ῃρέθησαν
658 1787 766 1839 τῶν
791 1788 1017 1852 παίδων,
1043 1789 1448 1858 φιλοτιμεῖσθαι
1469 1789 1630 1842 πάλιν
1648 1789 1956 1858 κτήσειτῶν

2065 1780 2191 1850 quia
2250 1788 2454 1835 matres
2481 1795 2591 1834 non
2644 1778 2887 1845 fuerint,
2923 1794 2991 1835 ne
3053 1781 3313 1850 adoptent
3376 1784 3644 1843 coerceri,

363 1878 595 1944 παίδων,
628 1881 726 1942 τὰς
750 1880 827 1947 δὲ,
861 1881 943 1934 ὅτι
981 1881 1264 1944 παντελῶς
1293 1880 1489 1951 ἄποροι
1517 1880 1764 1934 τοιούτου
1797 1881 1959 1950 γεγό-

364 1985 491 2021 νασι
521 1971 822 2040 κτήματος,
846 1970 936 2023 διὰ
977 1971 1092 2041 βίου
1124 1971 1300 2044 ταύτῃ
1325 1975 1390 2043 τῇ
1435 1972 1640 2043 ἀπορία
1673 1972 1958 2042 βούλεσθαι

363 2059 570 2124 ταύτας
627 2061 830 2132 συζῇν;
866 2064 930 2116 Ei
961 2064 1070 2135 γὰρ
1119 2063 1277 2118 τοῦτο
1328 2066 1563 2136 μάλιστα
1591 2064 1650 2118 τὸ
1701 2066 1810 2118 ἀπὸ
1849 2065 1959 2120 τῶν

364 2152 576 2206 παίδων
631 2155 925 2226 χρήσιμον,
974 2155 1119 2225 λέγω
1161 2157 1226 2228 δὴ
1267 2157 1630 2229 γηροτροφία,
1683 2157 1799 2220 πῶς
1839 2158 1960 2229 ούχῖ.

364 2243 465 2296 καὶ
492 2244 721 2309 ταύταις
749 2247 1034 2311 κάκείναις
1068 2246 1128 2313 ἐξ
1154 2247 1273 2301 ἴσου
1317 2250 1572 2319 μετέχειν
1602 2249 1702 2320 τῆς
1732 2251 1958 2324 εὐεργε-

365 2336 490 2401 σίας
523 2337 731 2412 ἔπρεπε
782 2343 1123 2412 παρασχεῖν;
1152 2341 1315 2398 Οὕτω
1343 2344 1454 2415 γὰρ
1493 2342 1560 2397 ἂν
1595 2344 1690 2398 καὶ
1737 2344 1891 2408 ὅσαις
1927 2344 1956 2395 ὁ

366 2430 483 2500 βίος
517 2432 684 2500 πένης
717 2434 810 2487 καὶ
837 2435 1064 2505 ἄπορος,
1097 2435 1408 2506 κουφοτέρα
1446 2435 1688 2506 ὑπῆρξεν
1727 2438 1759 2507 ἡ
1797 2437 1957 2490 πενία

362 2525 476 2586 τοῖς
523 2525 675 2577 παισὶ
709 2524 1128 2596 βοηθουμέναις,
1155 2528 1253 2582 καὶ
1284 2529 1410 2582 ὅσαι
1435 2528 1527 2581 τὸν
1559 2527 1674 2598 βίον
1706 2529 1763 2582 ὲν
1785 2529 1956 2598 ἀφθο-

360 2612 454 2684 νίᾳ
490 2616 582 2667 καὶ
597 2615 815 2687 πλούτῳ
844 2617 1146 2688 φερόμενον
1175 2617 1382 2690 έχουσι,
1411 2619 1505 2671 καὶ
1535 2617 1756 2681 ταύταις
1782 2619 1960 2672 υἱοθε-

366 2705 460 2757 σία
503 2707 894 2778 συμφέρουσα·
928 2711 957 2762 ὁ
987 2711 1097 2780 γὰρ
1141 2711 1221 2772 εἰς
1250 2709 1406 2775 τάξιν
1445 2709 1562 2763 υἱοῦ
1611 2710 1958 2782 προφερόμε-

365 2813 458 2859 νος
487 2799 564 2860 si;
591 2798 779 2853 ἐκεῖνα
803 2802 897 2853 καὶ
922 2800 1368 2872 ὑπηρετούμενος
1399 2803 1466 2872 τῇ
1503 2803 1673 2871 μητρὶ
1700 2802 1792 2854 καὶ
1819 2802 1957 2874 ὑπὲρ

364 2889 537 2960 αὐτῆς
585 2891 904 2957 σπουδάζων
957 2892 1104 2964 ἅπερ
1134 2893 1284 2946 ἐστὶν
1321 2892 1470 2958 εἰκὸς
1508 2893 1672 2946 παῖδα
1716 2898 1958 2966 φρονεῖν,

361 2985 469 3053 τήν
497 3001 555 3037 τε
590 2986 912 3056 περιουσίαν
945 2987 1027 3051 εἰς
1060 2986 1121 3039 τὸ
1140 2986 1572 3058 ἀκαινοτόμητον
1610 2988 1958 3060 οἰκονομήσει

363 3078 462 3130 καὶ
485 3079 546 3131 τὸ
582 3069 748 3148 βάρος
777 3080 884 3133 τῶν
915 3081 1214 3153 φροντίδων
1242 3081 1724 3153 συμμεριξόμενος
1750 3085 1818 3154 τῇ
1856 3099 1960 3154 μη-

360 3173 455 3242 τρὶ
475 3171 840 3243 εὐθυμότερον
878 3174 1049 3246 αὐτὴν
1077 3174 1270 3246 βιῶναι
1308 3173 1747 3246 παρασκευάσει.
1841 3211 1845 3213 »

2060 1873 2263 1927 rationi
2284 1879 2718 1928 consentaneum
2757 1880 2864 1928 est.
2903 1871 3036 1938 Quae
3077 1874 3224 1928 enim
3286 1876 3428 1930 ratio
3455 1884 3562 1941 est,
3589 1893 3620 1930 υ

2061 1966 2191 2031 illis,
2218 1965 2362 2033 quod
2398 1964 2589 2021 liberis
2638 1965 2843 2019 orbatae
2873 1966 3007 2030 sint,
3043 1965 3228 2021 denuo
3280 1969 3649 2038 acquirendo-

2061 2072 2182 2111 rum
2212 2058 2510 2113 liberorum
2538 2056 2632 2128 jus
2657 2057 2894 2128 largiare
2926 2074 2940 2112 :
2972 2058 3071 2113 bas
3097 2043 3250 2126 vero,
3274 2060 3422 2131 quod
3457 2062 3648 2118 istius-

2062 2151 2206 2204 modi
2244 2149 2609 2220 possessionis
2643 2165 2873 2220 prorsus
2901 2150 3095 2221 inopes
3129 2151 3355 2220 fuerint,
3393 2170 3490 2226 per
3530 2171 3650 2211 om-

2060 2258 2184 2298 nem
2221 2245 2384 2298 vitam
2416 2245 2474 2300 in
2507 2243 2596 2297 illa
2637 2244 2822 2314 inapia
2866 2244 3051 2300 vivere
3102 2246 3278 2302 velis?
3307 2247 3372 2302 Et
3415 2261 3565 2305 certe
3599 2251 3646 2306 si

2062 2338 2177 2391 haec
2210 2337 2482 2407 praecipua
2553 2337 2854 2392 liberorum
2907 2338 3116 2396 utilitas
3143 2350 3249 2405 est,
3283 2347 3343 2395 ut
3392 2349 3649 2411 parentes

2060 2429 2114 2483 in
2143 2432 2296 2486 senio
2344 2438 2655 2486 sustentent
2681 2450 2694 2486 :
2730 2447 2840 2500 quo
2868 2441 3030 2502 pacto
3058 2448 3168 2488 non
3203 2441 3316 2488 tam
3371 2434 3458 2491 bis
3479 2450 3646 2506 quam

2063 2523 2172 2578 illis
2189 2539 2256 2578 ex
2281 2538 2442 2592 aequo
2486 2531 2548 2577 ut
2577 2522 2827 2578 beneficii
2886 2524 3184 2595 participes
3229 2535 3418 2582 essent
3445 2541 3649 2586 concc-

2059 2613 2189 2670 dere
2217 2630 2434 2684 wquum
2465 2616 2608 2670 fuit?
2644 2616 2738 2670 Sic
2763 2617 2910 2671 enim
2934 2617 3137 2687 quibus
3154 2628 3350 2675 tenues
3371 2630 3648 2692 arctaeque

2061 2706 2352 2764 facultates
2386 2719 2537 2775 sunt,
2570 2709 2810 2764 ﬁliorum
2835 2726 2938 2780 ope
2963 2721 3021 2766 et
3045 2711 3254 2767 auxilio
3305 2713 3480 2768 levior
3512 2728 3648 2785 pau-

2059 2809 2244 2871 pertas
2301 2811 2494 2857 esset:
2529 2817 2652 2873 quze
2699 2817 2830 2857 vero
2880 2803 3004 2859 illas
3070 2807 3218 2860 omni
3270 2821 3454 2860 rerum
3486 2807 3646 2878 copia

2060 2896 2344 2952 afﬂuentes
2373 2896 2598 2962 habent,
2631 2903 2685 2952 et
2715 2896 2800 2951 bis
2843 2896 3068 2967 adeptio
3113 2896 3474 2955 conduceret.
3502 2897 3641 2955 Nam

2060 2989 2154 3058 qui
2184 2989 2241 3043 in
2274 2988 2370 3044 ﬁlii
2401 2988 2584 3043 locum
2635 2999 2954 3058 assumptus
2982 2996 3150 3055 esset,
3179 2988 3226 3044 is
3253 2997 3309 3044 et
3341 2989 3648 3046 inserviens

2060 3083 2246 3150 matri,
2273 3089 2330 3136 et
2352 3096 2452 3152 pro
2477 3082 2573 3136 illa
2607 3097 2730 3153 quae
2759 3097 2853 3154 par
2885 3090 2971 3137 est
3016 3081 3188 3136 filium
3236 3082 3418 3138 facere
3453 3082 3648 3139 sedulo

1983 3161 2032 3226 Β
2064 3164 2393 3248 exsequens,
2423 3192 2550 3233 cum
2579 3179 2720 3234 bona
2745 3177 2916 3244 illius,
2945 3177 3023 3232 ita
3057 3180 3187 3234 utin
3215 3194 3318 3235 suo
3351 3188 3500 3235 statu
3532 3196 3649 3238 ma-

363 3273 582 3332 nerent,
645 3266 1064 3324 administraret
1097 3276 1251 3324 :tum
1281 3284 1407 3324 cum
1479 3279 1655 3325 matre
1678 3281 1941 3323 curarum
1981 3282 2125 3325 onus
2153 3271 2392 3339 partitus
2418 3279 2478 3327 ut
2508 3271 2603 3327 illa
2638 3271 2995 3342 tranquillius
3061 3271 3353 3345 laetiusque
3412 3275 3645 3338 viveret,

361 3359 626 3418 enicaret.

437 3454 746 3527 Τοιγαροῦν
786 3455 828 3487 ¹⁸
849 3456 884 3526 ἡ
906 3453 1157 3528 ἡμετέρα
1187 3453 1436 3527 βασιλεία
1471 3455 1598 3520 τοὺς
1625 3457 1699 3527 μὴ
1733 3455 1956 3526 ἐπιτρέ-

365 3567 569 3613 ποντας
599 3550 800 3620 νόμους
833 3548 1199 3603 υίοθετεῖσθαι
1244 3549 1390 3621 ἅπερ
1433 3548 1646 3620 ἔφημεν
1684 3549 1955 3620 πρόσωπα

364 3645 469 3714 τῆς
514 3640 819 3712 ἐπιτροπῆς
868 3641 1396 3714 ἀποχειροτονοῦσα,
1460 3643 1626 3695 πᾶσιν
1682 3641 1955 3694 ἐκτίθεται

367 3737 532 3806 νόμον
578 3737 692 3798 τοῖς
741 3734 1091 3804 βουλομένοις
1140 3734 1524 3799 υίοποιεϊσθαι,
1572 3733 1638 3786 ἄν
1667 3733 1728 3786 τέ
1760 3749 1842 3796 τις
1885 3731 1956 3787 τὰ

366 3829 616 3901 άρῤἑνων
659 3828 962 3900 ἀφῄρηται,
997 3829 1065 3882 ἄν
1094 3829 1154 3882 τέ
1192 3844 1314 3882 τινα
1355 3827 1510 3881 ούπω
1529 3826 1678 3898 ἥλιος
1711 3821 1817 3880 εἶδε
1851 3844 1956 3897 μηεη

366 3923 524 3992 τέρα,
557 3922 746 3975 ἄδειαν
777 3923 1177 3993 παρεχόμενον,
1220 3923 1282 3974 ού
1319 3922 1478 3992 μόνον
1511 3921 1578 3974 δι’
1619 3921 1763 3992 ὅπερ
1808 3916 1963 3973 εἷπον

367 4015 512 4069 καλά
535 4016 598 4068 ὲκ
633 4015 732 4085 τῆς
773 4016 1050 4078 υίοθεσίας
1080 4017 1364 4086 γινόμενα,
1399 4014 1516 4066 ἀλλ’
1551 4015 1637 4067 ὅτι
1665 4014 1758 4066 καὶ
1781 4014 1841 4066 τὸ
1862 4012 1961 4083 τῆς

371 4109 672 4180 παρθενίας
705 4109 903 4179 σεμνὸν
933 4109 1029 4162 καὶ
1056 4110 1121 4162 ἐκ
1151 4109 1344 4160 τούτου
1373 4104 1689 4176 τιμώμενον
1717 4105 1956 4175 καθορῶ.

374 4204 440 4256 At
481 4203 584 4272 γὰρ
612 4204 735 4256 ὅσαι
774 4201 976 4272 μᾶλλον
1009 4202 1257 4271 γαμικῆς
1290 4200 1506 4271 ὁμιλίας
1547 4198 1752 4270 τιμῶσι
1787 4200 1830 4231 ⁸⁸
1859 4199 1958 4270 μὲν

370 4296 471 4364 τὴν
503 4295 820 4365 παρθενίαν,
871 4295 1223 4367 προτιμῶσαι
1255 4293 1312 4346 δὲ
1344 4294 1493 4364 ὅμως
1546 4291 1754 4346 παίδων
1788 4291 1950 4362 έρωτι

377 4387 674 4451 νύττονται,
705 4386 863 4440 τοῦτο
887 4387 982 4440 καὶ
1007 4388 1252 4458 γαμικῆς
1276 4387 1494 4458 ὁμιλίας
1524 4386 1680 4449 ὲκτδς
1719 4402 1953 4456 προσγι-

371 4482 597 4551 νόμενον
625 4480 819 4543 αύταῖς
855 4480 1062 4551 δρῶσαι
1088 4480 1150 4533 τὸ
1194 4480 1392 4552 σεμνὸν
1428 4480 1528 4550 τῆς
1567 4477 1862 4549 παρθενίας
1891 4476 1952 4529 οὐ

373 4575 743 4644 περιόψονται.
1394 4629 1398 4633 .

444 4673 518 4725 Οὑ
550 4673 656 4743 γάρ
683 4673 748 4743 δὴ
784 4672 954 4737 ἄξιον,
1009 4671 1146 4724 διότι
1190 4669 1322 4742 θῆλυ
1373 4670 1664 4740 πρόσωπον
1715 4668 1949 4734 ύπεξου-

375 4765 521 4828 σίους
578 4765 724 4836 ἔχειν
782 4765 979 4828 παῖδας
1038 4761 1140 4817 οὐκ
1198 4765 1445 4832 ἐφεῖται,
1509 4762 1596 4815 διὰ
1652 4762 1809 4815 τοῦτο
1875 4763 1951 4833 μὴ

374 4859 575 4925 ἐξεῖναι
631 4858 1015 4912 υἱοθετεῖσθαι.
1071 4856 1294 4929 Πρῶτον
1330 4855 1427 4926 μὲν
1467 4855 1549 4908 ὅτι
1584 4856 1637 4909 εἴ
1670 4873 1755 4918 τις
1795 4854 1953 4907 τοῦτο

375 4952 830 5024 συγχωρήσοι,ού
857 4951 1014 5023 μόνον
1043 4951 1138 5014 τὰς
1163 4949 1392 5012 ἀτόκους
1415 4946 1525 5000 τῶν
1554 4945 1830 5016 γυναικῶν
1856 4945 1956 5015 τῆς

2134 3453 2331 3509 Nostra
2387 3454 2574 3525 itaque
2640 3453 2997 3525 imperatoria
3033 3455 3318 3527 majestas,
3347 3457 3416 3514 iis
3433 3459 3648 3530 legibus

2062 3562 2186 3615 qua:
2216 3545 2478 3616 adoptare
2522 3546 2609 3602 bis
2633 3561 2774 3616 quos
2831 3547 3076 3604 diximus
3124 3564 3234 3603 non
3287 3553 3642 3620 permittunt,

2064 3639 2600 3696 administrationem
2649 3640 2946 3712 abrogatis,
3006 3641 3225 3712 evulgat
3277 3643 3475 3714 legem,
3526 3663 3648 3717 qua!

2063 3735 2321 3789 omnibus
2355 3735 2449 3804 qui
2500 3732 2764 3804 adoptare
2830 3734 3018 3799 velint,
3073 3735 3191 3792 sive
3235 3738 3513 3807 quispiam
3545 3741 3645 3796 viri

2066 3825 2326 3879 facultate
2388 3826 2619 3880 orbatus
2673 3824 2768 3889 sit,
2821 3826 2938 3880 sive
2999 3826 3240 3896 aliquam
3270 3829 3382 3899 (98)
3410 3831 3645 3888 necdum

2064 3926 2296 3974 matrem
2323 3919 2407 3973 sol
2439 3918 2659 3982 viderit,
2692 3918 2813 3992 ejus
2843 3918 3079 3973 faciendi
3113 3929 3434 3989 potestatem
3475 3923 3646 3980 facit:

2064 4025 2172 4065 non
2195 4012 2374 4065 solum
2395 4019 2577 4066 autem
2599 4012 2668 4066 ob
2680 4013 3096 4069 commoditates
3111 4028 3249 4086 quas
3268 4030 3331 4069 ex
3353 4014 3648 4086 adeptione

2064 4118 2291 4158 manare
2317 4103 2453 4168 dixi,
2483 4105 2576 4159 sed
2604 4104 2771 4160 etiam
2790 4107 2936 4175 quod
2957 4105 3084 4162 inde
3109 4107 3447 4177 virginitatis
3477 4110 3646 4165 decus

2061 4198 2410 4251 cohonestari
2435 4197 2892 4252 animadvertam.
2915 4196 2970 4251 Si
2991 4198 3212 4267 quidem
3233 4215 3354 4269 qua:
3371 4201 3644 4272 conjugali

2060 4290 2450 4346 consuetudini
2510 4290 2877 4361 virginitatem
2913 4299 3279 4362 anteponunt,
3312 4293 3645 4367 interimque

2061 4385 2359 4439 liberorum
2402 4383 2681 4440 desiderio
2705 4395 3046 4455 punguntur,
3075 4401 3200 4441 eum
3235 4388 3286 4441 id
3318 4397 3476 4444 extra
3530 4405 3646 4444 ma~

2064 4478 2307 4532 trimonii
2331 4479 2789 4534 consuetudinem
2809 4479 3075 4549 consequi
3096 4497 3153 4535 se
3173 4495 3336 4550 posse
3357 4482 3640 4550 videbunt,

1989 4610 2032 4664 Β
2063 4570 2397 4641 virginitatis
2432 4573 2772 4626 honestatem
2807 4571 3083 4641 negligere
3108 4586 3217 4626 non
3265 4574 3640 4632 sustinebunt.

2135 4661 2327 4733 Reque
2385 4676 2550 4731 porro
2601 4676 2786 4715 verum
2827 4669 3026 4729 estut,
3074 4663 3201 4733 quia
3251 4665 3471 4719 mulieri
3506 4665 3643 4722 libe-

2061 4770 2154 4810 ros
2181 4755 2233 4808 in
2255 4762 2524 4825 potestate
2552 4755 2752 4810 habere
2789 4755 3117 4823 permissum
3152 4771 3259 4810 non
3297 4759 3643 4824 est,idcirco

2064 4849 2332 4920 adoptare
2380 4849 2457 4903 illi
2515 4863 2624 4904 non
2671 4848 2852 4903 liceat.
2910 4847 3152 4904 Primum
3201 4851 3347 4906 enim
3386 4853 3552 4922 quia,
3595 4855 3641 4910 si

2066 4944 2191 5014 quis
2229 4943 2332 4998 hoc
2358 4944 2632 5007 admittat,
2669 4958 2778 4998 non
2816 4941 2994 4999 solum
3038 4943 3318 5009 mulieres,
3348 4960 3468 5015 qua:
3502 4962 3643 5000 nun-

1574 5055 1578 5058 ’
1650 5082 1879 5141 vanus
1937 5081 2339 5138 LECTIONES.

441 5190 487 5223 “
513 5189 751 5263 Scrimg.
787 5188 1120 5262 παρέστησε.
1183 5188 1227 5219 ³⁵
1256 5185 1456 5258 Incipit
1490 5185 1602 5240 Ecl.
1678 5184 1722 5215 "
1745 5181 1858 5237 Ecl.
1893 5180 2223 5253 προτιμῶσι.

1899 5296 2129 5356 NOTAE.

449 5422 561 5492 (9ft)
595 5421 804 5476 Sensus
833 5426 948 5492 est;
973 5418 1157 5473 Veteri
1182 5419 1306 5492 jure
1329 5415 1547 5492 feminis
1572 5416 1715 5492 (qua:
1750 5423 1953 5492 niatres

383 5484 643 5558 fuissent)
678 5501 889 5545 tantum
919 5491 1146 5545 licuisse
1183 5484 1456 5558 adoptare
1515 5486 1570 5540 in
1599 5484 1861 5542 solatium
1892 5484 1960 5546 li:

381 5568 637 5621 berorum
674 5563 1027 5627 amissorum,
1055 5561 1092 5615 ι.
1124 5559 1177 5624 5,
1212 5561 1274 5616 C.
1301 5559 1374 5615 De
1403 5562 1564 5627 adop.

451 5636 567 5706 (95)
621 5632 878 5688 Eunuchi
938 5626 1020 5687 et,
1066 5632 1335 5706 mulieres
1374 5626 1654 5706 imprOles
1693 5626 1958 5706 adoptare

381 5696 503 5775 iure
547 5696 716 5760 'veteri
758 5720 869 5759 non
927 5710 1248 5775 potuerunt.
1307 5701 1380 5757 De
1419 5696 1691 5757 eunuchis
1729 5698 1845 5754 dixi
1889 5696 1957 5751 ad

404 5723 503 5763 ure
547 5723 716 5760 veteri
758 5723 869 5759 non
927 5723 1248 5775 patuerunt.
1307 5723 1380 5757 UB

375 5723 515 5835 hev.
544 5775 637 5846 26,
663 5791 712 5834 s.
742 5775 866 5833 eod.
1405 5791 1415 5802 ο

2132 5413 2248 5484 (96)
2281 5414 2515 5470 Amictio
2548 5413 2749 5469 nullius
2777 5413 3054 5484 augenda,
3085 5410 3300 5484 Novell,
3325 5410 3480 5481 40,j.
3516 5413 3642 5467 cod.

2133 5483 2248 5557 (97)
2282 5485 2385 5553 Qui
2423 5501 2620 5541 manus
2651 5484 2835 5557 auiisit
2861 5483 3049 5540 verbis
3108 5483 3304 5541 testari
3348 5491 3552 5555 potest.
3587 5484 3642 5537 ιι.

2061 5555 2201 5613 Nov.
2232 5557 2320 5621 26,
2354 5567 2408 5614 et
2440 5557 2477 5610 Ι.
2530 5557 2622 5622 10,
2653 5556 2709 5610 ιι.
2736 5555 2830 5622 qui
2862 5564 3083 5612 testam.

2134 5627 2252 5698 (98)
2301 5628 2513 5683 Sensus
2565 5621 2651 5683 εει
2688 5645 2701 5681 :
2743 5621 3000 5682 Feminas
3041 5627 3203 5698 (licet
3233 5639 3513 5697 nunquam
3545 5621 3643 5681 lla-

2065 5701 2287 5758 budrint
2314 5701 2539 5756 liberosl
2565 5700 2827 5772 adoptare
2854 5713 3041 5774 posse.
