4078 6300
349 458 460 527 489

1451 463 1816 526 ΝΟνΕΜΑΕ
1881 462 2561 527 CONSTITUTIONES.

3522 461 3635 531 490

345 576 523 643 ἄξιος,
550 576 580 630 ὁ
607 574 662 630 δὲ
689 576 737 631 εἰ
770 574 864 633 τοῦ
896 575 1092 650 καιροῦ
1133 573 1357 630 ἔλαττον
1383 573 1522 646 ἔχων
1551 576 1650 628 οὐκ
1684 572 1926 629 ἐλαττοῦ·

2046 579 2139 641 sit,
2176 575 2421 632 nondum
2486 581 2670 630 autem
2725 571 2863 630 satis
2914 572 3112 645 sapere
3156 573 3418 646 coeperit,
3453 574 3631 632 admi-

341 685 436 722 ται
477 670 794 742 φρονήσεως
826 673 921 725 καὶ
973 669 1067 725 τοῦ
1102 669 1277 742 ὀρθῶς
1314 669 1382 722 τά
1429 669 1733 739 πράγματα
1767 684 1937 741 μετα-

343 761 716 834 χειρίζεσθαι,
770 763 1203 834 ἁπειρχθήσεται
1237 762 1337 834 τῆς
1389 760 1744 832 διοικήσεως;
1783 760 1940 814 Ἐπεὶ

346 851 440 908 οὖν
470 857 570 926 οὐχ
599 851 762 928 ἦττον
794 857 935 910 κατὰ
967 856 1096 910 νοῦν
1123 856 1154 926 ἦ
1183 856 1241 909 τὸ
1273 855 1434 926 σῶμα
1469 854 1820 926 διαφέρουσιν
1841 855 1940 909 άν-

342 948 579 1020 θρωποι.
624 951 722 1004 καὶ
763 952 811 1004 οἱ
844 951 943 1022 μὲν
972 951 1389 1021 εὐσταθέστεροι
1424 950 1515 1004 τὸν
1557 949 1814 1020 λογισμὸν
1844 951 1941 1002 καὶ

344 1042 455 1114 πρὸ
483 1043 580 1097 τοῦ
617 1046 1008 1116 νενομισμένου
1039 1044 1257 1116 καιροῦ,
1285 1045 1332 1098 οξ
1359 1046 1415 1098 δὲ
1449 1045 1542 1098 καὶ
1568 1043 1938 1114 ὑπερϐάλλονο

339 1153 433 1202 τες
466 1137 629 1193 αὐτὸν
658 1140 716 1192 ὲν
747 1137 1004 1193 εὐσταθεῖ
1033 1140 1132 1210 τὴν
1162 1139 1402 1193 διάνοιαν
1435 1139 1494 1192 οὐ
1525 1133 1826 1209 πεπήγασι,
1859 1137 1938 1210 τῷ

339 1227 405 1299 δὴ
439 1231 613 1284 ταῦτα
660 1230 945 1302 βούλεσθαι
996 1231 1230 1294 ἐλλιπῶς
1280 1231 1423 1300 ἔχειν
1468 1230 1570 1302 τὴν
1613 1228 1936 1300 νομοθεσίαν

341 1323 539 1391 ἐποίει,
572 1324 669 1378 καὶ
697 1325 872 1388 ἄλλως
895 1327 952 1379 δέ
991 1344 1106 1389 πως
1134 1326 1352 1397 πρῶτον
1385 1325 1505 1395 μὲν,
1537 1326 1618 1379 ὅτι
1650 1324 1726 1396 μὴ
1755 1324 1937 1396 ῥᾴδιον

344 1415 547 1488 μᾶλλον
585 1417 640 1471 δὲ
669 1418 950 1484 παντελῶς
990 1418 1252 1471 ἀδύνατον
1295 1421 1431 1489 πρὸς
1477 1418 1688 1481 πάντας
1728 1417 1940 1473 διαϐαί-

341 1525 454 1561 νειν
484 1508 579 1562 τοῦ
612 1511 906 1579 νομοθέτου
944 1511 1006 1564 τὸ
1033 1508 1305 1582 βούλημα.
1336 1511 1462 1575 Πῶς
1493 1510 1601 1580 γὰρ
1627 1511 1674 1563 oi
1706 1509 1811 1580 γῆς
1842 1511 1938 1564 καὶ

343 1600 619 1672 θαλάσσης
659 1606 889 1676 μακροῖς
924 1602 1290 1674 διειργόμενοι
1332 1603 1720 1674 διαστήμασιν,
1755 1603 1840 1656 ἵνα
1869 1604 1938 1658 τὰ

341 1692 481 1746 ἄλλα
509 1693 743 1768 δυσχερῆ
779 1695 876 1749 τοῦ
915 1695 1031 1766 βίου
1063 1696 1231 1762 ἐάσω,
1261 1696 1453 1760 νόσους
1506 1698 1602 1750 καὶ
1642 1696 1844 1767 φόϐους
1879 1695 1940 1760 ἐξ

347 1787 646 1858 ἐπιϐουλῆς
693 1789 902 1860 ἐχθρῶν
937 1790 1031 1844 καὶ
1062 1790 1242 1861 μελῶν
1285 1790 1567 1863 πηρώσεις
1591 1792 1640 1863 (ὃ
1673 1792 1938 1856 πολλάκις

349 1880 462 1934 οὐδ’
495 1882 589 1934 ἐπὶ
640 1881 826 1952 χώρας
872 1882 1054 1938 δίδωσι
1104 1884 1375 1956 προϊέναι,
1424 1885 1500 1956 μὴ
1538 1887 1620 1938 ὅτι
1661 1901 1723 1954 γε
1769 1885 1937 1956 ὑπερ-

2045 669 2378 725 nistratione
2408 666 2610 738 dignus
2636 663 2920 736 judicatus
2941 661 3109 718 fuerit
3138 662 3282 730 :ille,
3311 679 3629 735 quanquam

2042 764 2344 818 etiamnqu
2395 758 2544 815 intra
2563 773 2682 814 eam
2712 764 2928 812 aetatem
2975 757 3069 822 sit,
3105 756 3392 827 prudentia
3446 765 3632 812 tamen

2042 873 2152 912 non
2210 855 2567 920 desiituatur,
2602 863 2660 906 ttt
2689 859 2837 905 recte
2867 865 2958 906 res
3000 864 3130 904 snas
3160 849 3632 906 administrandas

2043 949 2326 1020 suscipere
2365 963 2472 1003 non
2519 946 2712 1017 possit,
2739 944 2808 1000 ab
2844 942 3329 998 administratione
3358 936 3633 1000 arCendus

2042 1043 2191 1099 erit?
2249 1039 2480 1109 Quando
2533 1039 2701 1110 igitur
2775 1051 2886 1093 non
2947 1023 3131 1092 minus
3206 1035 3393 1090 animo
3463 1051 3630 1106 quam

2042 1151 2272 1207 corpore
2308 1136 2451 1188 inter
2481 1147 2604 1188 sese
2631 1131 2883 1185 homines
2926 1127 3208 1194 diil‘erunt,
3241 1137 3295 1182 et
3324 1126 3416 1181 alii
3456 1128 3624 1183 etiam

2044 1238 2171 1285 ante
2203 1227 2509 1300 legitimum
2544 1232 2764 1295 tempus
2808 1222 3079 1277 rationem
3107 1221 3248 1276 bene
3269 1220 3632 1276 constitutam

2045 1323 2270 1388 habent,
2351 1319 2475 1375 aliis
2531 1332 2659 1374 vero
2708 1317 2872 1373 etiam
2937 1315 2990 1370 id
3033 1314 3414 1385 supergressis
3472 1329 3629 1370 mens

2043 1416 2287 1471 nondum
2331 1411 2574 1469 stabilita
2616 1417 2724 1475 est,
2772 1406 2920 1479 quod
2984 1407 3071 1462 lex
3107 1407 3223 1461 haec
3255 1406 3330 1460 ita
3369 1404 3629 1471 vellet,ut

2042 1507 2362 1563 delectuosa
2423 1503 2618 1560 eadem
2683 1509 2854 1563 esset,
2887 1499 3098 1555 factum
3119 1507 3226 1555 est.
3267 1498 3410 1566 Quin
3435 1508 3489 1554 et
3518 1500 3628 1554 alia

2045 1601 2209 1669 hujus
2272 1595 2631 1670 lcgislationis
2684 1593 3030 1650 incommoda
3089 1600 3242 1649 sunt.
3275 1593 3353 1648 Ac
3389 1593 3631 1665 primum.

2040 1691 2261 1764 quidem
2294 1689 2441 1759 quod
2468 1686 2704 1750 dillicilc,
2741 1686 2851 1740 imo
2878 1700 3006 1740 vero
3040 1700 3266 1756 prorsus
3289 1684 3626 1756 impossibile

2041 1787 2134 1852 sit,
2166 1791 2226 1838 nt
2253 1783 2320 1838 ad
2368 1797 2558 1838 omnes
2605 1779 2939 1853 legislatoris
3007 1779 3265 1835 voluntas
3323 1780 3626 1851 pertingat.

2041 1876 2329 1944 Quomodo
2359 1889 2595 1945 namque
2626 1874 2720 1945 qui
2751 1872 2931 1944 longis
2958 1881 3120 1928 terras
3155 1873 3438 1943 marisque
3463 1873 3626 1929 disti-

346 1974 530 2046 ορίους
563 1976 881 2031 στέλλεσθαι
915 1978 1188 2050 πορείας),
1226 1979 1340 2044 πῶς
1363 1980 1421 2032 οὐ
1455 1978 1787 2050 κωλυόμενοι
1811 1979 1926 2032 τού·

2041 1979 2241 2026 nentur
2271 1967 2579 2024 intervallis
2603 1969 2685 2038 (ut
2704 1967 2924 2022 interim
2943 1965 3081 2022 alias
3101 1965 3228 2020 vitae
3252 1964 3623 2028 difﬁcultates,

334 2084 454 2132 τοις
492 2069 586 2122 καὶ
622 2071 837 2141 μυρίοις
866 2071 1099 2142 ἑτέροις,
1126 2071 1163 2126 ἃ.
1198 2072 1296 2142 τὴν
1337 2071 1688 2145 ἀνθρωπίνην
1713 2073 1931 2142 συνέχει

336 2158 504 2232 ζωὴν,
537 2164 688 2233 παρὰ
732 2165 902 2235 μόνης
926 2167 1027 2235 τῆς
1073 2165 1361 2236 βασιλικῆς
1411 2165 1790 2229 κατανεύσεως
1825 2165 1934 2220 τῶν

333 2250 550 2305 οἰκείων
577 2256 922 2324 πραγμάτων
952 2254 1351 2326 ἀξιωθήσονται
1381 2255 1482 2326 τῆς
1508 2256 1850 2329 ἐπιτροπῆς;

2046 2073 2104 2118 ut
2135 2063 2380 2124 morbos,
2409 2061 2738 2116 insidiarum
2769 2059 3056 2116 hostilium
3094 2066 3295 2122 metus,
3343 2057 3626 2113 membro-

2042 2171 2275 2226 rumque
2307 2152 2681 2209 mutiiationes
2721 2154 2970 2207 omittam
3012 2169 3025 2206 :
3061 2167 3182 2222 quae
3210 2165 3453 2221 persaepe
3479 2149 3624 2204 dilli-

2031 2251 2288 2314 cultates,
2319 2263 2386 2304 ne
2408 2251 2461 2302 in
2495 2249 2618 2318 ipso
2663 2245 2884 2316 quidem
2914 2245 3194 2301 domicilii
3225 2245 3348 2299 loco
3379 2243 3621 2315 prodire,

333 2345 536 2400 nedum
563 2347 913 2419 longinquam
949 2350 1346 2419 profectionem
1373 2350 1660 2420 suscipere
1695 2348 2065 2420 permittunt),
2115 2345 2417 2416 quomodo,
2468 2344 2692 2413 inquam
2722 2381 2738 2408 ,
2807 2340 2960 2396 hisce
3029 2340 3450 2409 s'excentisque,
3500 2350 3625 2407 qua)

331 2444 644 2498 mortalium
686 2445 850 2499 vitam
888 2446 1124 2500 allidunt
1184 2447 1348 2503 rebus
1397 2446 1520 2500 aliis
1538 2445 1921 2502 adolescentes
1963 2444 2232 2514 impediti,
2263 2455 2442 2496 rerum
2462 2453 2687 2495 suarum
2734 2436 3270 2494 administrationem
3325 2435 3394 2489 ab
3461 2435 3623 2490 unius

330 2537 680 2603 imperatoris
713 2547 844 2592 nutu
873 2540 1100 2608 petent?

404 2627 584 2698 Ὅπερ
627 2624 741 2696 οὖν,
775 2629 954 2693 καθὼς
998 2630 1311 2703 ἔμπροσθεν
1352 2630 1588 2702 ἔφημεν,
1635 2631 1804 2684 ὲνέδει
1849 2633 1914 2703 τῇ

330 2718 664 2790 νομοθεσίᾳ,
714 2722 1302 2794 προσαναπληροῦντες
1361 2723 1522 2777 τοῦτο
1578 2723 1916 2793 κελεύομεν,

329 2812 448 2874 τοῖς
491 2811 592 2884 ήδη
653 2811 1008 2885 διαϐεϐηκόσι
1061 2817 1167 2869 τῶν
1228 2816 1436 2871 παίδων
1477 2817 1564 2870 τὸν
1612 2815 1776 2888 ἀτελῆ
1820 2817 1920 2888 τῆς

330 2902 554 2972 ⁴ήλικίας
586 2907 778 2977 καιρὸν
822 2908 1093 2978 (τουτέστι
1134 2913 1248 2974 τοῖς
1287 2911 1386 2982 μὲν
1439 2910 1666 2982 ἀνδράσι
1707 2911 1795 2964 τὸν
1842 2911 1922 2963 εἰ-

336 2997 556 3065 κοστὸν,
586 2989 715 3064 ’ταῖς
744 2999 989 3074 θηλείαις
1020 3004 1076 3056 δὲ
1124 3005 1215 3058 τὸν
1261 3006 1776 3076 ὀκτωκαιδέκατον),
1825 3005 1920 3060 καὶ

334 3089 565 3163 γνώμης
627 3096 961 3150 καταστάσει
1013 3097 1460 3170 ρυθμιζομένοις,
1509 3104 1603 3153 καὶ
1652 3100 1919 3171 φρόνησιν

336 3183 756 3256 συλλεξαμένοις
777 3228 790 3253 ,
829 3189 919 3260 ὑφ’
947 3186 1015 3263 ἦς
1049 3191 1110 3245 τδ
1141 3191 1406 3258 δεσπόζον
1447 3195 1833 3266 ἡνιοχούμενον
1863 3194 1924 3247 οὐ

330 3275 655 3349 λυμανεῖται
698 3284 812 3346 τοῖς
862 3285 1192 3356 πράγμασιν
1237 3287 1347 3341 οὐδ’
1387 3289 1702 3353 ὲπιϐλαϐὦς
1737 3289 1922 3354 αὐτοῖς

331 3370 397 3422 τὸ
443 3370 730 3437 δεσπόζειν
758 3375 957 3448 ὀφθείη
1013 3380 1387 3452 παρασχεθὲν,
1433 3381 1533 3453 τὴν
1568 3382 1677 3436 τῶν
1706 3383 1923 3437 οἰκείων

2096 2627 2252 2695 Quod
2277 2639 2408 2696 ergo
2428 2624 2596 2694 (sicut
2617 2621 2870 2690 superius
2891 2620 3152 2691 diximus)
3176 2621 3502 2691 legislationi
3520 2621 3617 2678 de-

2035 2719 2237 2784 erat,id
2257 2717 2641 2788 adimplentes,
2666 2715 2948 2786 jubemus,
2978 2725 3037 2771 ut
3064 2714 3234 2787 (8-10)
3258 2717 3352 2788 qtti
3383 2719 3635 2793 puberes.

2026 2813 2360 2885 imperfectae
2416 2811 2594 2866 aetatis
2654 2818 2868 2889 tempus
2891 2810 3002 2879 jam
3037 2818 3370 2879 superarunt
3408 2809 3626 2882 (mares.

2029 2923 2223 2979 nempe
2253 2923 2459 2962 annum
2484 2905 2575 2970 20,
2606 2905 2822 2961 femina:
2848 2920 2981 2960 vero
3003 2904 3091 2976 18)
3119 2905 3481 2977 animumque
3545 2907 3622 2961 ad.

2029 3017 2116 3056 res
2147 3001 2418 3071 gerendas
2450 2998 2708 3054 idoneum
2749 2998 2977 3067 habent,
3006 3013 3068 3054 ac
3091 2998 3463 3070 prudentiam,
3493 3015 3617 3072 qua:

2031 3093 2444 3149 administratio
2493 3090 2770 3147 relreuata
2827 3105 2915 3146 res
2949 3105 3059 3146 non
3093 3091 3406 3160 labefactet,
3437 3102 3495 3147 ut
3519 3093 3615 3148 illa

2029 3194 2293 3241 nocenter
2338 3200 2606 3240 concessa
2675 3199 2782 3237 non
2827 3182 3098 3251 videatur,
3139 3184 3484 3256 collegerunt
3527 3186 3615 3242 his

2027 3278 2188 3348 plena
2251 3293 2436 3333 rerum
2471 3292 2699 3331 suarum
2742 3277 3046 3332 auctoritas
3084 3277 3262 3333 detur.
3286 3277 3614 3349 Accipiunto

2027 3370 2213 3443 itaque
2247 3369 2324 3437 hi,
2357 3369 2620 3440 jnstaque
2666 3377 2934 3439 potestate
2976 3385 3063 3426 res
3113 3385 3243 3426 snas
3284 3379 3510 3440 agunto.
3544 3372 3611 3426 At

331 3463 636 3535 ἐπιτροπὴν
682 3465 957 3522 δίδοσθαι’
1008 3471 1191 3525 τοίνυν
1243 3465 1390 3525 οῦτοι
1434 3473 1529 3525 καὶ
1587 3471 1921 3543 λαϐέτωσαν,

2031 3463 2232 3533 quibus
2272 3462 2479 3532 rerum}
2509 3471 2656 3517 recte
2702 3462 3072 3532 gerendarum
3117 3462 3389 3534 judicium
3431 3462 3612 3520 adhuc

333 3553 434 3607 καὶ
458 3554 891 3621 δεσποζέτωσαν.
949 3561 1010 3614 Ol
1035 3562 1080 3615 δ’
1115 3562 1195 3616 ἔτι
1223 3563 1490 3634 λογισμοῦ
1520 3564 1615 3617 τοῦ
1648 3565 1912 3638 κυϐερνή·

334 3662 526 3713 σοντος
558 3650 761 3716 ἐνδεεῖς
787 3655 882 3707 καὶ
926 3654 1016 3708 διὰ
1042 3655 1202 3710 τοῦτο
1231 3655 1523 3726 μέλλοντες
1571 3657 1693 3710 ἀντὶ
1720 3656 1814 3711 τοῦ
1840 3658 1924 3711 δε-

337 3742 566 3808 σπόζειν
600 3745 774 3815 (αὐτοὶ
817 3745 922 3800 ὑπὸ
965 3749 1153 3812 ἀνοίας
1187 3748 1600 3820 δεσποζόμενοι)
1634 3751 1921 3821 ἐπιζήμιοι

336 3832 553 3897 ἑαυτοῖς
608 3836 896 3906 ὑπάρξειν,
951 3837 1055 3892 κᾶν
1105 3838 1254 3911 πέρα
1306 3839 1401 3894 τοῦ
1448 3840 1646 3911 καιροῦ
1693 3842 1922 3910 ἥκοντες

331 3925 596 3997 ὁρῶνται,
628 3929 689 3982 οὐ
720 3928 981 4001 λήψονται
1004 3947 1019 3960 '
1047 3934 1098 3987 εί
1127 3933 1238 4005 γὰρ
1260 3933 1397 4005 ὅπερ
1421 3927 1489 4004 ἦν
1513 3935 1733 3998 σκοπὸς,
1762 3934 1822 3987 τὸ
1854 3936 1922 3989 τά

333 4022 685 4092 προσήκοντα
739 4024 924 4089 καλῶς
970 4027 1420 4098 οἰκονομεῖσθαι,
1474 4026 1636 4080 τοῦτο
1689 4026 1769 4080 ἔτι
1821 4028 1922 4082 οὐκ

333 4111 486 4166 εστιν
525 4113 818 4186 ἐπίδημον,
868 4116 986 4181 πῶς
1017 4118 1123 4173 κᾶν
1157 4120 1427 4190 ἑπίδημος
1471 4119 1505 4190 ή
1540 4118 1760 4190 ήλικία,
1797 4123 1921 4174 ἐπι-

333 4205 557 4275 σφαλῶς
579 4212 765 4272 αὐτοῖς
795 4211 1192 4281 ὲμπιστευθείη
1218 4210 1254 4265 ἃ
1279 4215 1345 4284 τῇ
1377 4212 1595 4282 ἐκείνης
1625 4214 1920 4285 ἐπιστασία

329 4297 394 4348 οὑ
429 4297 610 4361 καλῶς
654 4300 1096 4370 διοικηθήσεται;
1139 4299 1302 4354 υΰτω
1348 4301 1404 4354 δὲ
1434 4301 1542 4371 ἄρα
1580 4301 1674 4353 καὶ
1705 4300 1920 4354 δυνατοὶ

329 4390 483 4454 ὄντες
507 4390 827 4462 πράγμασιν
853 4394 1183 4455 ἐπιστατεῖν,
1216 4393 1320 4446 κᾶν
1353 4392 1426 4463 μὴ
1470 4393 1613 4464 πρὸς
1658 4393 1749 4448 τὸν
1790 4403 1914 4449 καις-

336 4482 430 4550 ρὸν
460 4481 703 4550 ἔφθασαν
735 4486 838 4554 τῆς
885 4485 1244 4551 ἐπιστασίας,
1293 4487 1353 4538 οὐ
1389 4485 1918 4558 κωλυθήσονταιχὲν

333 4576 440 4644 γὰρ
495 4572 556 4627 τὸ
613 4573 979 4647 ζητούμενον,
1027 4576 1088 4630 τὸ
1133 4576 1210 4650 μὴ
1260 4577 1606 4650 λυμήνασθαι
1655 4582 1767 4644 τοῖς
1817 4581 1918 4634 ὑπ·

329 4668 593 4737 ἄρχουσιν
615 4709 630 4734 ,
677 4662 740 4722 οῦ
777 4671 1160 4742 παραστάντος
1190 4672 1442 4743 περιττόν
1468 4673 1587 4727 ἐστι
1617 4673 1706 4728 τὸν
1723 4674 1768 4705 ³³
1795 4691 1914 4727 και-

333 4760 428 4832 ρὸν
457 4762 559 4815 ἀνα
568 4762 774 4832 μένειν.

2027 3555 2206 3618 deest,
2240 3567 2307 3609 eo
2334 3552 2481 3625 quod
2515 3553 2619 3609 sibi
2652 3554 2789 3624 ipsis
2836 3554 3051 3625 (utpote
3116 3555 3210 3624 qui
3252 3569 3376 3610 cum
3412 3557 3612 3626 guber-

2026 3661 2161 3704 nare
2188 3648 2443 3714 debcant,
2473 3647 2860 3719 imprudentiae
2896 3648 3127 3715 imperio
3149 3649 3433 3719 regantur)
3457 3649 3610 3703 dam-

2023 3743 2148 3797 nosi
2208 3742 2372 3797 futuri
2419 3742 2572 3805 sint,
2619 3741 2833 3796 etiamsi
2878 3740 2933 3796 id
2977 3750 3193 3812 tempus
3234 3742 3617 3813 praetergressi.

2023 3833 2249 3898 i'nerint,
2287 3849 2396 3887 non
2420 3833 2746 3905 percipient.
2783 3833 2840 3888 Si
2893 3832 3139 3904 quidem,
3195 3833 3289 3904 qui
3348 3833 3607 3904 proposi-

2024 3936 2114 3985 tus
2146 3928 2271 3983 ﬁnis
2319 3936 2462 3990 erat,
2493 3937 2553 3983 ut
2586 3929 2728 3983 bona
2789 3939 2938 3984 recte
2984 3928 3522 3995 administrarentur,
3561 3928 3608 3984 is

2022 4019 2256 4073 necdum
2308 4033 2551 4089 praesens
2595 4019 2683 4086 sit,
2720 4034 2827 4090 qua
2853 4020 3091 4088 ratione,
3126 4035 3440 4092 quanquam
3471 4030 3607 4077 mtas

2022 4111 2328 4176 advenerit,
2386 4127 2511 4167 eum
2556 4111 2803 4184 periculo
2830 4112 2969 4183 ipsis
3015 4114 3454 4180 committentur,
3483 4130 3606 4185 qua:

2022 4203 2197 4273 ipsius
2224 4205 2621 4274 procuratione
2670 4220 2780 4260 non
2838 4214 2989 4260 recte
3025 4205 3608 4262 administrabmitur?

2019 4295 2101 4351 Ad
2138 4297 2284 4352 hunc
2325 4312 2458 4367 ergo
2488 4299 2712 4351 modum
2735 4298 2828 4369 qui
2853 4300 3018 4354 rebus
3049 4298 3343 4370 prudenter
3366 4315 3604 4370 pmesse

2020 4401 2298 4462 poterunt,
2346 4393 2563 4447 tametsi
2594 4393 2707 4464 (il)
2737 4392 2804 4448 ad
2829 4392 3333 4449 administrationis
3384 4402 3611 4466 tempus.

2019 4485 2164 4540 haud
2196 4486 2326 4540 dum
2364 4486 2740 4556 pervenerint,
2778 4502 2885 4542 non
2919 4486 3383 4558 prohibebantur.
3423 4486 3600 4543 Unum

2018 4588 2102 4634 est
2121 4578 2266 4634 enim
2296 4581 2438 4650 quod
2475 4581 2799 4650 requiritur,
2840 4595 2911 4636 ne
2964 4580 3106 4636 bona
3168 4579 3597 4637 labefactentur.

2019 4672 2170 4738 Quod
2213 4689 2338 4727 cum
2390 4674 2553 4738 adsit,
2617 4688 3093 4744 supervacaneum
3133 4682 3218 4732 est
3250 4683 3464 4731 tetatem
3497 4691 3596 4731 ex-

2017 4774 2288 4834 spectare.

405 4857 515 4910 Καὶ
549 4857 624 4928 μὴ
684 4859 848 4928 μόνον
897 4858 956 4913 δὲ
1009 4858 1349 4930 βασιλείαν¹⁸
1393 4861 1495 4934 τὴν
1540 4862 1649 4916 τῶν
1699 4863 1913 4917 οἰκείων

2090 4861 2287 4915 Etnou
2315 4869 2524 4915 tantum
2579 4862 2879 4932 imperator
2933 4878 3115 4919 rerum
3147 4878 3368 4920 suarum
3402 4880 3595 4936 procu-

329 4951 682 5022 πραγμάτων
725 4952 1030 5025 ἐπιτροπὴν
1077 4955 1171 5008 καὶ
1229 4954 1501 5025 διοίκησιν
1562 4955 1913 5028 ἐγχειρίζειν,

2015 4955 2283 5008 rationem
2358 4953 3005 5026 administrationemque
3062 4956 3362 5022 concedet,
3402 4972 3592 5011 verum

327 5042 469 5099 ἀλλὰ
491 5045 588 5098 καὶ
617 5046 744 5109 τοὺς
767 5047 825 5099 ὲν
859 5047 1079 5118 ἑκάστῳ
1112 5047 1304 5120 ἄρχειν
1349 5048 1616 5120 λαχόντας
1643 5049 1795 5120 τόπῳ
1819 5052 1916 5104 καὶ

2031 5049 2175 5101 :tiam
2219 5046 2331 5119 (12)
2357 5046 2564 5118 quibus
2603 5047 2875 5117 cujusque
2913 5047 3017 5103 loci
3053 5048 3409 5120 magistratus
3453 5051 3595 5106 obti-

331 5137 540 5207 κρίνειν
570 5138 632 5192 τὸ
666 5139 948 5194 ἀκώλυτον
995 5139 1238 5211 ἔχοντας.
1291 5139 1450 5195 Οῦτω
1488 5141 1597 5214 γὰρ
1626 5141 1778 5212 καὶή
1818 5141 1912 5196 τοῦ

2031 5141 2170 5209 gerit,
2203 5141 2530 5210 plenamque
2575 5141 3023 5211 jurisdictionem
3078 5141 3301 5197 habent.
3334 5143 3413 5196 lta
3444 5143 3590 5197 enim

331 5229 625 5299 νομοθέτου
658 5232 888 5302 πρόνοια
923 5231 1132 5295 πάντας
1175 5230 1360 5301 ὀνήσει
1395 5233 1520 5296 τοὺς
1573 5231 1910 5305 χρῄζοντας,

329 5323 425 5375 καὶ
447 5323 475 5376 ὁ
499 5323 666 5394 νόμος
694 5323 897 5395 μᾶλλον
933 5324 993 5378 τὸ
1021 5325 1222 5378 οἰκεῖον
1257 5325 1567 5396 ἐνεργήσει.

2013 5231 2342 5296 legislatoris
2391 5233 2738 5303 providentia
2780 5232 3040 5288 omnibus
3098 5233 3195 5302 qni
3245 5233 3598 5305 indigebunt,

2009 5325 2159 5381 utilis
2188 5325 2315 5392 erit,
2349 5333 2513 5397 atque
2544 5326 2630 5382 lex
2656 5325 2764 5382 vim
2796 5339 2953 5382 suam
2973 5324 3146 5396 magis
3176 5334 3414 5382 exseret.

1649 5465 1885 5524 VARUE
1922 5466 2326 5523 LECTIONES.

433 5583 482 5616 ³³
527 5581 704 5638 Codd.
759 5595 814 5640 et
870 5583 999 5639 editi
1035 5582 1115 5640 τό.

1205 5585 1250 5617 ’⁸
1274 5584 1470 5640 Znich.
1495 5592 1549 5640 et
1585 5583 1808 5642 Meerm.
1833 5584 2077 5655 βασιλέα.
2115 5584 2351 5655 Serimg.
2400 5586 2731 5646 Βασιλεύειν.

1843 5704 2068 5762 NOTAE.

410 5817 590 5888 (8-10)
622 5815 747 5873 για.
783 5816 845 5873 C.
885 5815 956 5873 De
987 5818 1074 5874 liis
1115 5819 1207 5886 qui
1251 5818 1464 5873 veniam
1493 5827 1640 5874 sitat.
1675 5819 1863 5889 impet.

385 5890 518 6013 l(tri)
546 5889 711 5960 quue
750 5890 1090 5964 additurlcgi
1131 5891 1185 5948 2.
1218 5889 1280 5945 C.
1316 5889 1389 5946 De
1423 5890 1506 5946 liis
1557 5891 1648 5962 qui
1688 5892 1902 5947 veniam

333 5977 377 6017 ae
405 5977 432 6014 a
463 5978 524 6016 is.

2086 5824 2198 5905 (ἰὲ)
2253 5825 2440 5908 idque
2472 5828 2690 5908 additur
2741 5829 2847 5902 legi
2883 5831 2931 5899 ἰ,
2963 5832 3016 5900 2,
3049 5829 3106 5898 5,
3136 5832 3187 5890 4.
3221 5833 3359 5891 Cod.
3388 5833 3463 5894 Dc
3499 5835 3591 5896 his

2014 5910 2107 5964 qui
2141 5912 2355 5952 veniant
2379 5907 2578 5956 aetatis.
