  <div class='ocr_page' id='page_1' title='image "/cluster/home/n/w/nwhite01/storage/ocr_20150623/107/mdp.39015028571910/289.png"; bbox 0 0 4078 6300; ppageno 0'>
   <div class='ocr_carea' id='block_1_1' title="bbox 517 383 1674 548">
    <p class='ocr_par' dir='ltr' id='par_1_1' title="bbox 517 383 1674 548">
     <span class='ocr_line' id='line_1_1' title="bbox 517 383 1674 548; baseline 0.002 -8"><span class='ocrx_word' id='word_1_1' title='bbox 517 383 623 452; x_wconf 60' lang='grc'><strong>491</strong></span> <span class='ocrx_word' id='word_1_2' title='bbox 987 489 1453 548; x_wconf 66' lang='lat' dir='ltr'><strong>CONSTITUTIO</strong></span> <span class='ocrx_word' id='word_1_3' title='bbox 1487 491 1674 547; x_wconf 75' lang='lat' dir='ltr'><strong>X.\l.\.</strong></span> 
     </span>
    </p>
   </div>
   <div class='ocr_carea' id='block_1_2' title="bbox 521 583 2096 655">
    <p class='ocr_par' dir='ltr' id='par_1_2' title="bbox 521 583 2096 655">
     <span class='ocr_line' id='line_1_2' title="bbox 521 583 2096 655; baseline -0.005 -10"><span class='ocrx_word' id='word_1_4' title='bbox 521 590 586 644; x_wconf 76' lang='lat' dir='ltr'><strong>Ut</strong></span> <span class='ocrx_word' id='word_1_5' title='bbox 619 589 941 645; x_wconf 73' lang='lat' dir='ltr'><strong>ancillarum</strong></span> <span class='ocrx_word' id='word_1_6' title='bbox 971 594 1156 655; x_wconf 81' lang='lat' dir='ltr'><strong>partus</strong></span> <span class='ocrx_word' id='word_1_7' title='bbox 1198 587 1337 653; x_wconf 81' lang='lat' dir='ltr'><strong>apud</strong></span> <span class='ocrx_word' id='word_1_8' title='bbox 1377 585 1563 650; x_wconf 21' lang='lat' dir='ltr'><strong>alium,</strong></span> <span class='ocrx_word' id='word_1_9' title='bbox 1592 583 1786 650; x_wconf 77' lang='lat' dir='ltr'><strong>editus,</strong></span> <span class='ocrx_word' id='word_1_10' title='bbox 1838 585 1905 637; x_wconf 84' lang='lat' dir='ltr'><strong>ad</strong></span> <span class='ocrx_word' id='word_1_11' title='bbox 1929 585 2096 652; x_wconf 80' lang='lat' dir='ltr'><strong>ipsius</strong></span> 
     </span>
    </p>
   </div>
   <div class='ocr_carea' id='block_1_3' title="bbox 1021 657 1600 726">
    <p class='ocr_par' dir='ltr' id='par_1_3' title="bbox 1021 657 1600 726">
     <span class='ocr_line' id='line_1_3' title="bbox 1021 657 1600 726; baseline 0 -16"><span class='ocrx_word' id='word_1_12' title='bbox 1021 657 1295 710; x_wconf 82' lang='lat' dir='ltr'><strong>dominum</strong></span> <span class='ocrx_word' id='word_1_13' title='bbox 1323 665 1600 726; x_wconf 74' lang='lat' dir='ltr'><strong>sequatur.</strong></span> 
     </span>
    </p>
   </div>
   <div class='ocr_carea' id='block_1_4' title="bbox 592 875 1560 951">
    <p class='ocr_par' dir='ltr' id='par_1_4' title="bbox 592 875 1560 951">
     <span class='ocr_line' id='line_1_4' title="bbox 592 875 1560 951; baseline -0.006 -17"><span class='ocrx_word' id='word_1_14' title='bbox 592 880 738 936; x_wconf 83' lang='lat' dir='ltr'><strong>idem</strong></span> <span class='ocrx_word' id='word_1_15' title='bbox 766 881 1064 951; x_wconf 77' lang='lat' dir='ltr'><strong>imperator</strong></span> <span class='ocrx_word' id='word_1_16' title='bbox 1091 879 1268 934; x_wconf 89' lang='lat' dir='ltr'><strong>eidem</strong></span> <span class='ocrx_word' id='word_1_17' title='bbox 1293 875 1560 948; x_wconf 86' lang='lat' dir='ltr'><strong>Styliano.</strong></span> 
     </span>
    </p>
   </div>
   <div class='ocr_carea' id='block_1_5' title="bbox 589 966 2099 1041">
    <p class='ocr_par' dir='ltr' id='par_1_5' title="bbox 589 966 2099 1041">
     <span class='ocr_line' id='line_1_5' title="bbox 589 966 2099 1041; baseline -0.005 -13"><span class='ocrx_word' id='word_1_18' title='bbox 589 971 1058 1041; x_wconf 82' lang='lat' dir='ltr'><strong>Quemadmodum</strong></span> <span class='ocrx_word' id='word_1_19' title='bbox 1093 971 1241 1027; x_wconf 86' lang='lat' dir='ltr'><strong>hunc</strong></span> <span class='ocrx_word' id='word_1_20' title='bbox 1265 983 1596 1033; x_wconf 84' lang='lat' dir='ltr'><strong>sermonem,</strong></span> <span class='ocrx_word' id='word_1_21' title='bbox 1632 969 1723 1037; x_wconf 83' lang='lat' dir='ltr'><strong>qui</strong></span> <span class='ocrx_word' id='word_1_22' title='bbox 1748 966 1951 1021; x_wconf 87' lang='lat' dir='ltr'><strong>nullam</strong></span> <span class='ocrx_word' id='word_1_23' title='bbox 1991 985 2099 1037; x_wconf 71' lang='lat' dir='ltr'><strong>pia,-</strong></span> 
     </span>
    </p>
   </div>
   <div class='ocr_carea' id='block_1_6' title="bbox 519 1063 2100 1136">
    <p class='ocr_par' dir='ltr' id='par_1_6' title="bbox 519 1063 2100 1136">
     <span class='ocr_line' id='line_1_6' title="bbox 519 1063 2100 1136; baseline -0.004 -14"><span class='ocrx_word' id='word_1_24' title='bbox 519 1084 577 1122; x_wconf 87' lang='lat' dir='ltr'><strong>se</strong></span> <span class='ocrx_word' id='word_1_25' title='bbox 605 1066 708 1122; x_wconf 79' lang='lat' dir='ltr'><strong>fert</strong></span> <span class='ocrx_word' id='word_1_26' title='bbox 751 1066 1019 1122; x_wconf 78' lang='lat' dir='ltr'><strong>mendacii</strong></span> <span class='ocrx_word' id='word_1_27' title='bbox 1060 1063 1495 1136; x_wconf 75' lang='lat' dir='ltr'><strong>perversitatem,</strong></span> <span class='ocrx_word' id='word_1_28' title='bbox 1542 1077 1729 1116; x_wconf 90' lang='lat' dir='ltr'><strong>verum</strong></span> <span class='ocrx_word' id='word_1_29' title='bbox 1771 1076 1895 1117; x_wconf 87' lang='lat' dir='ltr'><strong>esse</strong></span> <span class='ocrx_word' id='word_1_30' title='bbox 1938 1070 2100 1130; x_wconf 86' lang='lat' dir='ltr'><strong>atque</strong></span> 
     </span>
    </p>
   </div>
   <div class='ocr_carea' id='block_1_7' title="bbox 525 1152 2097 1225">
    <p class='ocr_par' dir='ltr' id='par_1_7' title="bbox 525 1152 2097 1225">
     <span class='ocr_line' id='line_1_7' title="bbox 525 1152 2097 1225; baseline -0.003 -12"><span class='ocrx_word' id='word_1_31' title='bbox 525 1167 733 1214; x_wconf 85' lang='lat' dir='ltr'><strong>rectum</strong></span> <span class='ocrx_word' id='word_1_32' title='bbox 763 1159 990 1222; x_wconf 74' lang='lat' dir='ltr'><strong>sciurus,</strong></span> <span class='ocrx_word' id='word_1_33' title='bbox 1032 1159 1106 1212; x_wconf 87' lang='lat' dir='ltr'><strong>ita</strong></span> <span class='ocrx_word' id='word_1_34' title='bbox 1161 1156 1328 1211; x_wconf 90' lang='lat' dir='ltr'><strong>etiam</strong></span> <span class='ocrx_word' id='word_1_35' title='bbox 1390 1152 1573 1210; x_wconf 81' lang='lat' dir='ltr'><strong>veram</strong></span> <span class='ocrx_word' id='word_1_36' title='bbox 1607 1155 1802 1225; x_wconf 82' lang='lat' dir='ltr'><strong>legem,</strong></span> <span class='ocrx_word' id='word_1_37' title='bbox 1835 1171 1956 1225; x_wconf 76' lang='lat' dir='ltr'><strong>quae</strong></span> <span class='ocrx_word' id='word_1_38' title='bbox 1991 1155 2097 1209; x_wconf 88' lang='lat' dir='ltr'><strong>ini-</strong></span> 
     </span>
    </p>
   </div>
   <div class='ocr_carea' id='block_1_8' title="bbox 517 1247 2098 1321">
    <p class='ocr_par' dir='ltr' id='par_1_8' title="bbox 517 1247 2098 1321">
     <span class='ocr_line' id='line_1_8' title="bbox 517 1247 2098 1321; baseline -0.003 -17"><span class='ocrx_word' id='word_1_39' title='bbox 517 1251 728 1321; x_wconf 82' lang='lat' dir='ltr'><strong>quitate</strong></span> <span class='ocrx_word' id='word_1_40' title='bbox 761 1250 1000 1320; x_wconf 86' lang='lat' dir='ltr'><strong>perverti</strong></span> <span class='ocrx_word' id='word_1_41' title='bbox 1022 1263 1132 1304; x_wconf 90' lang='lat' dir='ltr'><strong>non</strong></span> <span class='ocrx_word' id='word_1_42' title='bbox 1164 1248 1615 1320; x_wconf 74' lang='lat' dir='ltr'><strong>deprehenditur.</strong></span> <span class='ocrx_word' id='word_1_43' title='bbox 1644 1249 1822 1317; x_wconf 78' lang='lat' dir='ltr'><strong>Atque</strong></span> <span class='ocrx_word' id='word_1_44' title='bbox 1857 1247 1995 1301; x_wconf 85' lang='lat' dir='ltr'><strong>adeo</strong></span> <span class='ocrx_word' id='word_1_45' title='bbox 2051 1248 2098 1302; x_wconf 90' lang='lat' dir='ltr'><strong>si</strong></span> 
     </span>
    </p>
   </div>
   <div class='ocr_carea' id='block_1_9' title="bbox 518 1340 2098 1413">
    <p class='ocr_par' dir='ltr' id='par_1_9' title="bbox 518 1340 2098 1413">
     <span class='ocr_line' id='line_1_9' title="bbox 518 1340 2098 1413; baseline -0.003 -17"><span class='ocrx_word' id='word_1_46' title='bbox 518 1359 628 1413; x_wconf 82' lang='lat' dir='ltr'><strong>qua</strong></span> <span class='ocrx_word' id='word_1_47' title='bbox 654 1344 707 1398; x_wconf 88' lang='lat' dir='ltr'><strong>id</strong></span> <span class='ocrx_word' id='word_1_48' title='bbox 736 1358 847 1398; x_wconf 90' lang='lat' dir='ltr'><strong>non</strong></span> <span class='ocrx_word' id='word_1_49' title='bbox 867 1342 1146 1407; x_wconf 87' lang='lat' dir='ltr'><strong>observat,</strong></span> <span class='ocrx_word' id='word_1_50' title='bbox 1167 1358 1228 1397; x_wconf 90' lang='lat' dir='ltr'><strong>ea</strong></span> <span class='ocrx_word' id='word_1_51' title='bbox 1254 1342 1335 1396; x_wconf 82' lang='lat' dir='ltr'><strong>lex</strong></span> <span class='ocrx_word' id='word_1_52' title='bbox 1371 1355 1479 1395; x_wconf 89' lang='lat' dir='ltr'><strong>non</strong></span> <span class='ocrx_word' id='word_1_53' title='bbox 1512 1351 1618 1404; x_wconf 87' lang='lat' dir='ltr'><strong>est,</strong></span> <span class='ocrx_word' id='word_1_54' title='bbox 1640 1340 1890 1410; x_wconf 85' lang='lat' dir='ltr'><strong>quamvis</strong></span> <span class='ocrx_word' id='word_1_55' title='bbox 1918 1353 1979 1393; x_wconf 87' lang='lat' dir='ltr'><strong>ea</strong></span> <span class='ocrx_word' id='word_1_56' title='bbox 2001 1354 2098 1408; x_wconf 88' lang='lat' dir='ltr'><strong>ap-</strong></span> 
     </span>
    </p>
   </div>
   <div class='ocr_carea' id='block_1_10' title="bbox 518 1429 2099 1506">
    <p class='ocr_par' dir='ltr' id='par_1_10' title="bbox 518 1429 2099 1506">
     <span class='ocr_line' id='line_1_10' title="bbox 518 1429 2099 1506; baseline -0.002 -20"><span class='ocrx_word' id='word_1_57' title='bbox 518 1433 812 1506; x_wconf 77' lang='lat' dir='ltr'><strong>pellatione</strong></span> <span class='ocrx_word' id='word_1_58' title='bbox 833 1433 1196 1504; x_wconf 81' lang='lat' dir='ltr'><strong>diguahabita</strong></span> <span class='ocrx_word' id='word_1_59' title='bbox 1220 1433 1311 1488; x_wconf 88' lang='lat' dir='ltr'><strong>sit.</strong></span> <span class='ocrx_word' id='word_1_60' title='bbox 1329 1433 1384 1486; x_wconf 74' lang='lat' dir='ltr'><strong>Si</strong></span> <span class='ocrx_word' id='word_1_61' title='bbox 1403 1432 1547 1487; x_wconf 90' lang='lat' dir='ltr'><strong>enim</strong></span> <span class='ocrx_word' id='word_1_62' title='bbox 1578 1431 1682 1485; x_wconf 87' lang='lat' dir='ltr'><strong>hoc</strong></span> <span class='ocrx_word' id='word_1_63' title='bbox 1699 1431 1831 1501; x_wconf 82' lang='lat' dir='ltr'><strong>legis</strong></span> <span class='ocrx_word' id='word_1_64' title='bbox 1846 1441 1926 1486; x_wconf 89' lang='lat' dir='ltr'><strong>est</strong></span> <span class='ocrx_word' id='word_1_65' title='bbox 1962 1429 2099 1502; x_wconf 78' lang='lat' dir='ltr'><strong>(l5),</strong></span> 
     </span>
    </p>
   </div>
   <div class='ocr_carea' id='block_1_11' title="bbox 518 1524 2102 1598">
    <p class='ocr_par' dir='ltr' id='par_1_11' title="bbox 518 1524 2102 1598">
     <span class='ocr_line' id='line_1_11' title="bbox 518 1524 2102 1598; baseline -0.001 -16"><span class='ocrx_word' id='word_1_66' title='bbox 518 1539 575 1583; x_wconf 78' lang='lat' dir='ltr'><strong>ut</strong></span> <span class='ocrx_word' id='word_1_67' title='bbox 625 1530 809 1598; x_wconf 74' lang='lat' dir='ltr'><strong>cuique</strong></span> <span class='ocrx_word' id='word_1_68' title='bbox 857 1527 949 1596; x_wconf 78' lang='lat' dir='ltr'><strong>jus</strong></span> <span class='ocrx_word' id='word_1_69' title='bbox 1006 1543 1158 1581; x_wconf 82' lang='lat' dir='ltr'><strong>suum</strong></span> <span class='ocrx_word' id='word_1_70' title='bbox 1217 1525 1439 1590; x_wconf 78' lang='lat' dir='ltr'><strong>tribuat,</strong></span> <span class='ocrx_word' id='word_1_71' title='bbox 1493 1524 1768 1596; x_wconf 82' lang='lat' dir='ltr'><strong>quomodo</strong></span> <span class='ocrx_word' id='word_1_72' title='bbox 1824 1541 1946 1595; x_wconf 71' lang='lat' dir='ltr'><strong>quae</strong></span> <span class='ocrx_word' id='word_1_73' title='bbox 1998 1525 2102 1580; x_wconf 88' lang='lat' dir='ltr'><strong>hoc</strong></span> 
     </span>
    </p>
   </div>
   <div class='ocr_carea' id='block_1_12' title="bbox 518 1617 2102 1690">
    <p class='ocr_par' dir='ltr' id='par_1_12' title="bbox 518 1617 2102 1690">
     <span class='ocr_line' id='line_1_12' title="bbox 518 1617 2102 1690; baseline 0.001 -18"><span class='ocrx_word' id='word_1_74' title='bbox 518 1635 630 1673; x_wconf 84' lang='lat' dir='ltr'><strong>non</strong></span> <span class='ocrx_word' id='word_1_75' title='bbox 665 1626 905 1690; x_wconf 65' lang='lat' dir='ltr'><strong>pratstat,</strong></span> <span class='ocrx_word' id='word_1_76' title='bbox 959 1618 1043 1672; x_wconf 79' lang='lat' dir='ltr'><strong>lex</strong></span> <span class='ocrx_word' id='word_1_77' title='bbox 1076 1617 1212 1672; x_wconf 88' lang='lat' dir='ltr'><strong>erit?</strong></span> <span class='ocrx_word' id='word_1_78' title='bbox 1245 1619 1316 1672; x_wconf 84' lang='lat' dir='ltr'><strong>At</strong></span> <span class='ocrx_word' id='word_1_79' title='bbox 1355 1633 1478 1672; x_wconf 88' lang='lat' dir='ltr'><strong>cum</strong></span> <span class='ocrx_word' id='word_1_80' title='bbox 1516 1617 1633 1672; x_wconf 70' lang='lat' dir='ltr'><strong>alia:</strong></span> <span class='ocrx_word' id='word_1_81' title='bbox 1678 1617 1844 1672; x_wconf 85' lang='lat' dir='ltr'><strong>etiam</strong></span> <span class='ocrx_word' id='word_1_82' title='bbox 1879 1618 2102 1673; x_wconf 83' lang='lat' dir='ltr'><strong>nomine</strong></span> 
     </span>
    </p>
   </div>
   <div class='ocr_carea' id='block_1_13' title="bbox 516 1708 2093 1779">
    <p class='ocr_par' dir='ltr' id='par_1_13' title="bbox 516 1708 2093 1779">
     <span class='ocr_line' id='line_1_13' title="bbox 516 1708 2093 1779; baseline -0.001 -16"><span class='ocrx_word' id='word_1_83' title='bbox 516 1719 680 1763; x_wconf 81' lang='lat' dir='ltr'><strong>tenus</strong></span> <span class='ocrx_word' id='word_1_84' title='bbox 724 1709 871 1779; x_wconf 89' lang='lat' dir='ltr'><strong>leges</strong></span> <span class='ocrx_word' id='word_1_85' title='bbox 911 1709 964 1764; x_wconf 89' lang='lat' dir='ltr'><strong>id</strong></span> <span class='ocrx_word' id='word_1_86' title='bbox 993 1708 1336 1764; x_wconf 88' lang='lat' dir='ltr'><strong>committere</strong></span> <span class='ocrx_word' id='word_1_87' title='bbox 1388 1708 1745 1779; x_wconf 65' lang='lat' dir='ltr'><strong>deprehensa:</strong></span> <span class='ocrx_word' id='word_1_88' title='bbox 1800 1719 1950 1773; x_wconf 88' lang='lat' dir='ltr'><strong>sunt,</strong></span> <span class='ocrx_word' id='word_1_89' title='bbox 1980 1717 2093 1763; x_wconf 87' lang='lat' dir='ltr'><strong>tum</strong></span> 
     </span>
    </p>
   </div>
   <div class='ocr_carea' id='block_1_14' title="bbox 517 1782 2099 1870">
    <p class='ocr_par' dir='ltr' id='par_1_14' title="bbox 517 1782 2099 1870">
     <span class='ocr_line' id='line_1_14' title="bbox 517 1782 2099 1870; baseline 0 -17"><span class='ocrx_word' id='word_1_90' title='bbox 517 1816 650 1856; x_wconf 84' lang='lat' dir='ltr'><strong>vero</strong></span> <span class='ocrx_word' id='word_1_91' title='bbox 675 1782 766 1855; x_wconf 88' lang='lat' dir='ltr'><strong>illa</strong></span> <span class='ocrx_word' id='word_1_92' title='bbox 797 1799 913 1870; x_wconf 75' lang='lat' dir='ltr'><strong>(i4)</strong></span> <span class='ocrx_word' id='word_1_93' title='bbox 961 1800 1221 1864; x_wconf 77' lang='lat' dir='ltr'><strong>maxime,</strong></span> <span class='ocrx_word' id='word_1_94' title='bbox 1259 1814 1380 1869; x_wconf 70' lang='lat' dir='ltr'><strong>qua:</strong></span> <span class='ocrx_word' id='word_1_95' title='bbox 1431 1806 1648 1868; x_wconf 87' lang='lat' dir='ltr'><strong>partum</strong></span> <span class='ocrx_word' id='word_1_96' title='bbox 1684 1798 1922 1863; x_wconf 69' lang='lat' dir='ltr'><strong>ancillae,</strong></span> <span class='ocrx_word' id='word_1_97' title='bbox 1977 1813 2099 1869; x_wconf 75' lang='lat' dir='ltr'><strong>qua:</strong></span> 
     </span>
    </p>
   </div>
   <div class='ocr_carea' id='block_1_15' title="bbox 521 1888 2093 1962">
    <p class='ocr_par' dir='ltr' id='par_1_15' title="bbox 521 1888 2093 1962">
     <span class='ocr_line' id='line_1_15' title="bbox 521 1888 2093 1962; baseline -0.001 -16"><span class='ocrx_word' id='word_1_98' title='bbox 521 1907 627 1946; x_wconf 87' lang='lat' dir='ltr'><strong>non</strong></span> <span class='ocrx_word' id='word_1_99' title='bbox 654 1891 797 1962; x_wconf 86' lang='lat' dir='ltr'><strong>apud</strong></span> <span class='ocrx_word' id='word_1_100' title='bbox 833 1889 1138 1955; x_wconf 88' lang='lat' dir='ltr'><strong>dominum,</strong></span> <span class='ocrx_word' id='word_1_101' title='bbox 1164 1891 1258 1945; x_wconf 91' lang='lat' dir='ltr'><strong>sed</strong></span> <span class='ocrx_word' id='word_1_102' title='bbox 1288 1891 1436 1944; x_wconf 84' lang='lat' dir='ltr'><strong>furto</strong></span> <span class='ocrx_word' id='word_1_103' title='bbox 1465 1888 1646 1943; x_wconf 87' lang='lat' dir='ltr'><strong>aliove</strong></span> <span class='ocrx_word' id='word_1_104' title='bbox 1687 1890 1850 1944; x_wconf 84' lang='lat' dir='ltr'><strong>modo</strong></span> <span class='ocrx_word' id='word_1_105' title='bbox 1885 1888 2093 1945; x_wconf 86' lang='lat' dir='ltr'><strong>subdu-</strong></span> 
     </span>
    </p>
   </div>
   <div class='ocr_carea' id='block_1_16' title="bbox 516 1982 2098 2055">
    <p class='ocr_par' dir='ltr' id='par_1_16' title="bbox 516 1982 2098 2055">
     <span class='ocr_line' id='line_1_16' title="bbox 516 1982 2098 2055; baseline -0.002 -14"><span class='ocrx_word' id='word_1_106' title='bbox 516 1993 627 2049; x_wconf 87' lang='lat' dir='ltr'><strong>cta,</strong></span> <span class='ocrx_word' id='word_1_107' title='bbox 663 1983 807 2054; x_wconf 90' lang='lat' dir='ltr'><strong>apud</strong></span> <span class='ocrx_word' id='word_1_108' title='bbox 833 1984 1000 2040; x_wconf 89' lang='lat' dir='ltr'><strong>alium</strong></span> <span class='ocrx_word' id='word_1_109' title='bbox 1029 1983 1342 2054; x_wconf 84' lang='lat' dir='ltr'><strong>quempiam</strong></span> <span class='ocrx_word' id='word_1_110' title='bbox 1369 1982 1601 2053; x_wconf 70' lang='lat' dir='ltr'><strong>peperit,</strong></span> <span class='ocrx_word' id='word_1_111' title='bbox 1643 1992 1936 2055; x_wconf 81' lang='lat' dir='ltr'><strong>postquam</strong></span> <span class='ocrx_word' id='word_1_112' title='bbox 1967 1982 2098 2038; x_wconf 79' lang='lat' dir='ltr'><strong>faci-</strong></span> 
     </span>
    </p>
   </div>
   <div class='ocr_carea' id='block_1_17' title="bbox 517 2072 2096 2138">
    <p class='ocr_par' dir='ltr' id='par_1_17' title="bbox 517 2072 2096 2138">
     <span class='ocr_line' id='line_1_17' title="bbox 517 2072 2096 2138; baseline 0.001 -10"><span class='ocrx_word' id='word_1_113' title='bbox 517 2090 624 2128; x_wconf 85' lang='lat' dir='ltr'><strong>nus</strong></span> <span class='ocrx_word' id='word_1_114' title='bbox 666 2073 926 2138; x_wconf 87' lang='lat' dir='ltr'><strong>innotuit,</strong></span> <span class='ocrx_word' id='word_1_115' title='bbox 957 2088 1066 2128; x_wconf 91' lang='lat' dir='ltr'><strong>non</strong></span> <span class='ocrx_word' id='word_1_116' title='bbox 1107 2088 1232 2127; x_wconf 87' lang='lat' dir='ltr'><strong>cum</strong></span> <span class='ocrx_word' id='word_1_117' title='bbox 1276 2081 1452 2128; x_wconf 87' lang='lat' dir='ltr'><strong>matre</strong></span> <span class='ocrx_word' id='word_1_118' title='bbox 1504 2072 1572 2127; x_wconf 91' lang='lat' dir='ltr'><strong>ad</strong></span> <span class='ocrx_word' id='word_1_119' title='bbox 1604 2088 1766 2130; x_wconf 88' lang='lat' dir='ltr'><strong>suum</strong></span> <span class='ocrx_word' id='word_1_120' title='bbox 1809 2073 2096 2129; x_wconf 83' lang='lat' dir='ltr'><strong>dominum</strong></span> 
     </span>
    </p>
   </div>
   <div class='ocr_carea' id='block_1_18' title="bbox 517 2166 2096 2246">
    <p class='ocr_par' dir='ltr' id='par_1_18' title="bbox 517 2166 2096 2246">
     <span class='ocr_line' id='line_1_18' title="bbox 517 2166 2096 2246; baseline 0.006 -26"><span class='ocrx_word' id='word_1_121' title='bbox 517 2166 692 2232; x_wconf 79' lang='lat' dir='ltr'><strong>abire,</strong></span> <span class='ocrx_word' id='word_1_122' title='bbox 728 2166 822 2221; x_wconf 87' lang='lat' dir='ltr'><strong>sed</strong></span> <span class='ocrx_word' id='word_1_123' title='bbox 852 2167 921 2221; x_wconf 91' lang='lat' dir='ltr'><strong>ah</strong></span> <span class='ocrx_word' id='word_1_124' title='bbox 951 2166 1056 2223; x_wconf 90' lang='lat' dir='ltr'><strong>hoc</strong></span> <span class='ocrx_word' id='word_1_125' title='bbox 1089 2183 1252 2240; x_wconf 89' lang='lat' dir='ltr'><strong>quem</strong></span> <span class='ocrx_word' id='word_1_126' title='bbox 1299 2171 1465 2228; x_wconf 87' lang='lat' dir='ltr'><strong>alieni</strong></span> <span class='ocrx_word' id='word_1_127' title='bbox 1509 2174 1772 2246; x_wconf 85' lang='lat' dir='ltr'><strong>mancipii</strong></span> <span class='ocrx_word' id='word_1_128' title='bbox 1811 2173 2096 2229; x_wconf 76' lang='lat' dir='ltr'><strong>dominum</strong></span> 
     </span>
    </p>
   </div>
   <div class='ocr_carea' id='block_1_19' title="bbox 519 2261 1420 2336">
    <p class='ocr_par' dir='ltr' id='par_1_19' title="bbox 519 2261 1420 2336">
     <span class='ocr_line' id='line_1_19' title="bbox 519 2261 1420 2336; baseline 0.008 -23"><span class='ocrx_word' id='word_1_129' title='bbox 519 2261 693 2316; x_wconf 75' lang='lat' dir='ltr'><strong>fuisse</strong></span> <span class='ocrx_word' id='word_1_130' title='bbox 723 2269 964 2328; x_wconf 82' lang='lat' dir='ltr'><strong>constat,</strong></span> <span class='ocrx_word' id='word_1_131' title='bbox 988 2263 1218 2319; x_wconf 88' lang='lat' dir='ltr'><strong>detineri</strong></span> <span class='ocrx_word' id='word_1_132' title='bbox 1239 2263 1420 2336; x_wconf 71' lang='lat' dir='ltr'><strong>jubci.</strong></span> 
     </span>
    </p>
   </div>
   <div class='ocr_carea' id='block_1_20' title="bbox 591 2353 2094 2426">
    <p class='ocr_par' dir='ltr' id='par_1_20' title="bbox 591 2353 2094 2426">
     <span class='ocr_line' id='line_1_20' title="bbox 591 2353 2094 2426; baseline 0.005 -19"><span class='ocrx_word' id='word_1_133' title='bbox 591 2354 710 2410; x_wconf 84' lang='lat' dir='ltr'><strong>Hoc</strong></span> <span class='ocrx_word' id='word_1_134' title='bbox 746 2353 937 2425; x_wconf 87' lang='lat' dir='ltr'><strong>itaque</strong></span> <span class='ocrx_word' id='word_1_135' title='bbox 960 2354 1092 2426; x_wconf 89' lang='lat' dir='ltr'><strong>quia</strong></span> <span class='ocrx_word' id='word_1_136' title='bbox 1125 2371 1240 2412; x_wconf 90' lang='lat' dir='ltr'><strong>non</strong></span> <span class='ocrx_word' id='word_1_137' title='bbox 1278 2368 1428 2415; x_wconf 85' lang='lat' dir='ltr'><strong>recte</strong></span> <span class='ocrx_word' id='word_1_138' title='bbox 1451 2373 1512 2415; x_wconf 88' lang='lat' dir='ltr'><strong>se</strong></span> <span class='ocrx_word' id='word_1_139' title='bbox 1553 2360 1755 2417; x_wconf 80' lang='lat' dir='ltr'><strong>habere</strong></span> <span class='ocrx_word' id='word_1_140' title='bbox 1779 2363 1952 2418; x_wconf 82' lang='lat' dir='ltr'><strong>visum</strong></span> <span class='ocrx_word' id='word_1_141' title='bbox 1985 2370 2094 2426; x_wconf 78' lang='lat' dir='ltr'><strong>est,</strong></span> 
     </span>
    </p>
   </div>
   <div class='ocr_carea' id='block_1_21' title="bbox 517 2444 2095 2522">
    <p class='ocr_par' dir='ltr' id='par_1_21' title="bbox 517 2444 2095 2522">
     <span class='ocr_line' id='line_1_21' title="bbox 517 2444 2095 2522; baseline 0.008 -24"><span class='ocrx_word' id='word_1_142' title='bbox 517 2444 869 2500; x_wconf 83' lang='lat' dir='ltr'><strong>convenienti</strong></span> <span class='ocrx_word' id='word_1_143' title='bbox 895 2445 1121 2501; x_wconf 81' lang='lat' dir='ltr'><strong>medela</strong></span> <span class='ocrx_word' id='word_1_144' title='bbox 1149 2462 1254 2504; x_wconf 86' lang='lat' dir='ltr'><strong>nos</strong></span> <span class='ocrx_word' id='word_1_145' title='bbox 1291 2448 1525 2522; x_wconf 78' lang='lat' dir='ltr'><strong>dignati,</strong></span> <span class='ocrx_word' id='word_1_146' title='bbox 1578 2453 1660 2507; x_wconf 90' lang='lat' dir='ltr'><strong>uti</strong></span> <span class='ocrx_word' id='word_1_147' title='bbox 1696 2468 1833 2511; x_wconf 77' lang='lat' dir='ltr'><strong>suus</strong></span> <span class='ocrx_word' id='word_1_148' title='bbox 1861 2465 2095 2511; x_wconf 81' lang='lat' dir='ltr'><strong>matrem</strong></span> 
     </span>
    </p>
   </div>
   <div class='ocr_carea' id='block_1_22' title="bbox 519 2539 2096 2619">
    <p class='ocr_par' dir='ltr' id='par_1_22' title="bbox 519 2539 2096 2619">
     <span class='ocr_line' id='line_1_22' title="bbox 519 2539 2096 2619; baseline 0.006 -27"><span class='ocrx_word' id='word_1_149' title='bbox 519 2545 711 2607; x_wconf 82' lang='lat' dir='ltr'><strong>partus</strong></span> <span class='ocrx_word' id='word_1_150' title='bbox 749 2547 1032 2609; x_wconf 78' lang='lat' dir='ltr'><strong>sequatur,</strong></span> <span class='ocrx_word' id='word_1_151' title='bbox 1054 2539 1334 2609; x_wconf 78' lang='lat' dir='ltr'><strong>iubemus.</strong></span> <span class='ocrx_word' id='word_1_152' title='bbox 1370 2541 1487 2598; x_wconf 84' lang='lat' dir='ltr'><strong>Non</strong></span> <span class='ocrx_word' id='word_1_153' title='bbox 1517 2547 1661 2602; x_wconf 84' lang='lat' dir='ltr'><strong>enim</strong></span> <span class='ocrx_word' id='word_1_154' title='bbox 1686 2547 1815 2618; x_wconf 85' lang='lat' dir='ltr'><strong>quia</strong></span> <span class='ocrx_word' id='word_1_155' title='bbox 1849 2546 1953 2614; x_wconf 81' lang='lat' dir='ltr'><strong>fur,</strong></span> <span class='ocrx_word' id='word_1_156' title='bbox 1973 2562 2096 2619; x_wconf 80' lang='lat' dir='ltr'><strong>quae</strong></span> 
     </span>
    </p>
   </div>
   <div class='ocr_carea' id='block_1_23' title="bbox 519 2630 2096 2704">
    <p class='ocr_par' dir='ltr' id='par_1_23' title="bbox 519 2630 2096 2704">
     <span class='ocr_line' id='line_1_23' title="bbox 519 2630 2096 2704; baseline 0.008 -20"><span class='ocrx_word' id='word_1_157' title='bbox 519 2632 605 2686; x_wconf 81' lang='lat' dir='ltr'><strong>lex</strong></span> <span class='ocrx_word' id='word_1_158' title='bbox 630 2630 856 2686; x_wconf 90' lang='lat' dir='ltr'><strong>domino</strong></span> <span class='ocrx_word' id='word_1_159' title='bbox 888 2633 1122 2700; x_wconf 87' lang='lat' dir='ltr'><strong>persolvi</strong></span> <span class='ocrx_word' id='word_1_160' title='bbox 1171 2633 1371 2691; x_wconf 87' lang='lat' dir='ltr'><strong>debere</strong></span> <span class='ocrx_word' id='word_1_161' title='bbox 1403 2634 1654 2692; x_wconf 85' lang='lat' dir='ltr'><strong>decernit</strong></span> <span class='ocrx_word' id='word_1_162' title='bbox 1675 2679 1695 2704; x_wconf 93' lang='lat'><strong>,</strong></span> <span class='ocrx_word' id='word_1_163' title='bbox 1729 2641 1965 2703; x_wconf 86' lang='lat' dir='ltr'><strong>obtinet,</strong></span> <span class='ocrx_word' id='word_1_164' title='bbox 2013 2641 2096 2696; x_wconf 86' lang='lat' dir='ltr'><strong>id-</strong></span> 
     </span>
    </p>
   </div>
   <div class='ocr_carea' id='block_1_24' title="bbox 515 2724 2096 2806">
    <p class='ocr_par' dir='ltr' id='par_1_24' title="bbox 515 2724 2096 2806">
     <span class='ocr_line' id='line_1_24' title="bbox 515 2724 2096 2806; baseline 0.008 -27"><span class='ocrx_word' id='word_1_165' title='bbox 515 2724 668 2780; x_wconf 86' lang='lat' dir='ltr'><strong>circo</strong></span> <span class='ocrx_word' id='word_1_166' title='bbox 700 2726 863 2778; x_wconf 78' lang='lat' dir='ltr'><strong>etiam</strong></span> <span class='ocrx_word' id='word_1_167' title='bbox 894 2725 982 2780; x_wconf 87' lang='lat' dir='ltr'><strong>ille</strong></span> <span class='ocrx_word' id='word_1_168' title='bbox 1014 2727 1228 2782; x_wconf 76' lang='lat' dir='ltr'><strong>ancillae</strong></span> <span class='ocrx_word' id='word_1_169' title='bbox 1257 2743 1374 2784; x_wconf 68' lang='lat' dir='ltr'><strong>suae</strong></span> <span class='ocrx_word' id='word_1_170' title='bbox 1408 2742 1567 2801; x_wconf 88' lang='lat' dir='ltr'><strong>partu</strong></span> <span class='ocrx_word' id='word_1_171' title='bbox 1592 2733 1818 2804; x_wconf 81' lang='lat' dir='ltr'><strong>privari,</strong></span> <span class='ocrx_word' id='word_1_172' title='bbox 1857 2749 2096 2806; x_wconf 87' lang='lat' dir='ltr'><strong>eumque</strong></span> 
     </span>
    </p>
   </div>
   <div class='ocr_carea' id='block_1_25' title="bbox 517 2815 2093 2884">
    <p class='ocr_par' dir='ltr' id='par_1_25' title="bbox 517 2815 2093 2884">
     <span class='ocr_line' id='line_1_25' title="bbox 517 2815 2093 2884; baseline 0.008 -12"><span class='ocrx_word' id='word_1_173' title='bbox 517 2815 884 2872; x_wconf 86' lang='lat' dir='ltr'><strong>aliuslucrari</strong></span> <span class='ocrx_word' id='word_1_174' title='bbox 921 2817 1106 2874; x_wconf 85' lang='lat' dir='ltr'><strong>debet.</strong></span> <span class='ocrx_word' id='word_1_175' title='bbox 1156 2820 1238 2875; x_wconf 79' lang='lat' dir='ltr'><strong>Ad</strong></span> <span class='ocrx_word' id='word_1_176' title='bbox 1290 2820 1505 2880; x_wconf 89' lang='lat' dir='ltr'><strong>lucrum</strong></span> <span class='ocrx_word' id='word_1_177' title='bbox 1562 2833 1746 2882; x_wconf 77' lang='lat' dir='ltr'><strong>autem</strong></span> <span class='ocrx_word' id='word_1_178' title='bbox 1792 2825 1922 2883; x_wconf 86' lang='lat' dir='ltr'><strong>huic</strong></span> <span class='ocrx_word' id='word_1_179' title='bbox 1955 2829 2093 2884; x_wconf 88' lang='lat' dir='ltr'><strong>satis</strong></span> 
     </span>
    </p>
   </div>
   <div class='ocr_carea' id='block_1_26' title="bbox 520 2908 2094 2988">
    <p class='ocr_par' dir='ltr' id='par_1_26' title="bbox 520 2908 2094 2988">
     <span class='ocr_line' id='line_1_26' title="bbox 520 2908 2094 2988; baseline 0.01 -26"><span class='ocrx_word' id='word_1_180' title='bbox 520 2911 612 2975; x_wconf 87' lang='lat' dir='ltr'><strong>sit,</strong></span> <span class='ocrx_word' id='word_1_181' title='bbox 647 2909 791 2978; x_wconf 90' lang='lat' dir='ltr'><strong>quod</strong></span> <span class='ocrx_word' id='word_1_182' title='bbox 817 2908 928 2980; x_wconf 80' lang='lat' dir='ltr'><strong>(l5)</strong></span> <span class='ocrx_word' id='word_1_183' title='bbox 960 2910 1050 2966; x_wconf 89' lang='lat' dir='ltr'><strong>illa</strong></span> <span class='ocrx_word' id='word_1_184' title='bbox 1075 2912 1142 2966; x_wconf 88' lang='lat' dir='ltr'><strong>ad</strong></span> <span class='ocrx_word' id='word_1_185' title='bbox 1171 2913 1540 2971; x_wconf 88' lang='lat' dir='ltr'><strong>ministerium</strong></span> <span class='ocrx_word' id='word_1_186' title='bbox 1568 2933 1669 2988; x_wconf 90' lang='lat' dir='ltr'><strong>pro</strong></span> <span class='ocrx_word' id='word_1_187' title='bbox 1691 2919 1927 2976; x_wconf 85' lang='lat' dir='ltr'><strong>arbitrio</strong></span> <span class='ocrx_word' id='word_1_188' title='bbox 1959 2937 2094 2977; x_wconf 90' lang='lat' dir='ltr'><strong>usus</strong></span> 
     </span>
    </p>
   </div>
   <div class='ocr_carea' id='block_1_27' title="bbox 515 3003 2092 3083">
    <p class='ocr_par' dir='ltr' id='par_1_27' title="bbox 515 3003 2092 3083">
     <span class='ocr_line' id='line_1_27' title="bbox 515 3003 2092 3083; baseline 0.008 -24"><span class='ocrx_word' id='word_1_189' title='bbox 515 3011 620 3060; x_wconf 82' lang='lat' dir='ltr'><strong>est.</strong></span> <span class='ocrx_word' id='word_1_190' title='bbox 663 3005 734 3062; x_wconf 82' lang='grc' dir='ltr'>Δι</span> <span class='ocrx_word' id='word_1_191' title='bbox 763 3003 964 3060; x_wconf 81' lang='lat' dir='ltr'><strong>dixerit</strong></span> <span class='ocrx_word' id='word_1_192' title='bbox 985 3006 1186 3077; x_wconf 89' lang='lat' dir='ltr'><strong>aliquis</strong></span> <span class='ocrx_word' id='word_1_193' title='bbox 1229 3027 1243 3063; x_wconf 91' lang='lat'><strong>:</strong></span> <span class='ocrx_word' id='word_1_194' title='bbox 1277 3008 1383 3064; x_wconf 89' lang='lat' dir='ltr'><strong>Sed</strong></span> <span class='ocrx_word' id='word_1_195' title='bbox 1423 3010 1470 3067; x_wconf 89' lang='lat' dir='ltr'><strong>si</strong></span> <span class='ocrx_word' id='word_1_196' title='bbox 1497 3012 1629 3082; x_wconf 88' lang='lat' dir='ltr'><strong>quid</strong></span> <span class='ocrx_word' id='word_1_197' title='bbox 1666 3013 1722 3068; x_wconf 91' lang='lat' dir='ltr'><strong>in</strong></span> <span class='ocrx_word' id='word_1_198' title='bbox 1756 3015 1928 3083; x_wconf 88' lang='lat' dir='ltr'><strong>illam,</strong></span> <span class='ocrx_word' id='word_1_199' title='bbox 1962 3017 2092 3072; x_wconf 91' lang='lat' dir='ltr'><strong>dum</strong></span> 
     </span>
    </p>
   </div>
   <div class='ocr_carea' id='block_1_28' title="bbox 515 3095 2095 3182">
    <p class='ocr_par' dir='ltr' id='par_1_28' title="bbox 515 3095 2095 3182">
     <span class='ocr_line' id='line_1_28' title="bbox 515 3095 2095 3182; baseline 0.011 -34"><span class='ocrx_word' id='word_1_200' title='bbox 515 3095 780 3165; x_wconf 81' lang='lat' dir='ltr'><strong>possedit,</strong></span> <span class='ocrx_word' id='word_1_201' title='bbox 845 3097 1194 3167; x_wconf 87' lang='lat' dir='ltr'><strong>impenderit,</strong></span> <span class='ocrx_word' id='word_1_202' title='bbox 1248 3111 1464 3172; x_wconf 87' lang='lat' dir='ltr'><strong>oportet</strong></span> <span class='ocrx_word' id='word_1_203' title='bbox 1497 3114 1552 3160; x_wconf 91' lang='lat' dir='ltr'><strong>et</strong></span> <span class='ocrx_word' id='word_1_204' title='bbox 1601 3107 1780 3176; x_wconf 89' lang='lat' dir='ltr'><strong>ipsum</strong></span> <span class='ocrx_word' id='word_1_205' title='bbox 1823 3124 1888 3163; x_wconf 79' lang='lat' dir='ltr'><strong>ex</strong></span> <span class='ocrx_word' id='word_1_206' title='bbox 1917 3112 2095 3182; x_wconf 87' lang='lat' dir='ltr'><strong>pretio</strong></span> 
     </span>
    </p>
   </div>
   <div class='ocr_carea' id='block_1_29' title="bbox 519 3188 2166 3300">
    <p class='ocr_par' dir='ltr' id='par_1_29' title="bbox 519 3188 2166 3300">
     <span class='ocr_line' id='line_1_29' title="bbox 519 3188 2166 3300; baseline 0.01 -59"><span class='ocrx_word' id='word_1_207' title='bbox 519 3189 752 3245; x_wconf 84' lang='lat' dir='ltr'><strong>lucrari:</strong></span> <span class='ocrx_word' id='word_1_208' title='bbox 783 3188 1016 3260; x_wconf 86' lang='lat' dir='ltr'><strong>ideoque</strong></span> <span class='ocrx_word' id='word_1_209' title='bbox 1053 3192 1295 3248; x_wconf 89' lang='lat' dir='ltr'><strong>alienum</strong></span> <span class='ocrx_word' id='word_1_210' title='bbox 1330 3210 1439 3252; x_wconf 89' lang='lat' dir='ltr'><strong>non</strong></span> <span class='ocrx_word' id='word_1_211' title='bbox 1471 3206 1555 3252; x_wconf 89' lang='lat' dir='ltr'><strong>est</strong></span> <span class='ocrx_word' id='word_1_212' title='bbox 1587 3208 1803 3268; x_wconf 80' lang='lat' dir='ltr'><strong>partum</strong></span> <span class='ocrx_word' id='word_1_213' title='bbox 1831 3202 1974 3271; x_wconf 88' lang='lat' dir='ltr'><strong>apud</strong></span> <span class='ocrx_word' id='word_1_214' title='bbox 2015 3203 2095 3274; x_wconf 85' lang='lat' dir='ltr'><strong>ip—</strong></span> <span class='ocrx_word' id='word_1_215' title='bbox 2119 3235 2166 3300; x_wconf 66' lang='grc' dir='ltr'>ε</span> 
     </span>
    </p>
   </div>
   <div class='ocr_carea' id='block_1_30' title="bbox 516 3286 2094 3362">
    <p class='ocr_par' dir='ltr' id='par_1_30' title="bbox 516 3286 2094 3362">
     <span class='ocr_line' id='line_1_30' title="bbox 516 3286 2094 3362; baseline 0.011 -26"><span class='ocrx_word' id='word_1_216' title='bbox 516 3297 638 3337; x_wconf 87' lang='lat' dir='ltr'><strong>sum</strong></span> <span class='ocrx_word' id='word_1_217' title='bbox 674 3297 1016 3353; x_wconf 87' lang='lat' dir='ltr'><strong>permanere.</strong></span> <span class='ocrx_word' id='word_1_218' title='bbox 1047 3286 1212 3355; x_wconf 84' lang='lat' dir='ltr'><strong>Atqui</strong></span> <span class='ocrx_word' id='word_1_219' title='bbox 1248 3286 1294 3342; x_wconf 92' lang='lat' dir='ltr'><strong>si</strong></span> <span class='ocrx_word' id='word_1_220' title='bbox 1321 3290 1592 3362; x_wconf 87' lang='lat' dir='ltr'><strong>quispiam</strong></span> <span class='ocrx_word' id='word_1_221' title='bbox 1646 3293 1712 3348; x_wconf 87' lang='lat' dir='ltr'><strong>ad</strong></span> <span class='ocrx_word' id='word_1_222' title='bbox 1734 3293 2094 3353; x_wconf 88' lang='lat' dir='ltr'><strong>detinendum</strong></span> 
     </span>
    </p>
   </div>
   <div class='ocr_carea' id='block_1_31' title="bbox 519 3373 2097 3456">
    <p class='ocr_par' dir='ltr' id='par_1_31' title="bbox 519 3373 2097 3456">
     <span class='ocr_line' id='line_1_31' title="bbox 519 3373 2097 3456; baseline 0.011 -29"><span class='ocrx_word' id='word_1_223' title='bbox 519 3373 691 3429; x_wconf 82' lang='lat' dir='ltr'><strong>fetum</strong></span> <span class='ocrx_word' id='word_1_224' title='bbox 725 3375 832 3430; x_wconf 86' lang='lat' dir='ltr'><strong>hoc</strong></span> <span class='ocrx_word' id='word_1_225' title='bbox 897 3376 1166 3432; x_wconf 87' lang='lat' dir='ltr'><strong>rationem</strong></span> <span class='ocrx_word' id='word_1_226' title='bbox 1214 3381 1458 3450; x_wconf 82' lang='lat' dir='ltr'><strong>praebere</strong></span> <span class='ocrx_word' id='word_1_227' title='bbox 1510 3391 1686 3454; x_wconf 85' lang='lat' dir='ltr'><strong>putat,</strong></span> <span class='ocrx_word' id='word_1_228' title='bbox 1726 3388 2000 3456; x_wconf 90' lang='lat' dir='ltr'><strong>quomodo</strong></span> <span class='ocrx_word' id='word_1_229' title='bbox 2036 3398 2097 3444; x_wconf 90' lang='lat' dir='ltr'><strong>ut</strong></span> 
     </span>
    </p>
   </div>
   <div class='ocr_carea' id='block_1_32' title="bbox 515 3467 2094 3551">
    <p class='ocr_par' dir='ltr' id='par_1_32' title="bbox 515 3467 2094 3551">
     <span class='ocr_line' id='line_1_32' title="bbox 515 3467 2094 3551; baseline 0.011 -32"><span class='ocrx_word' id='word_1_230' title='bbox 515 3467 604 3521; x_wconf 88' lang='lat' dir='ltr'><strong>ille</strong></span> <span class='ocrx_word' id='word_1_231' title='bbox 640 3475 876 3522; x_wconf 89' lang='lat' dir='ltr'><strong>matrem</strong></span> <span class='ocrx_word' id='word_1_232' title='bbox 934 3471 1089 3540; x_wconf 83' lang='lat' dir='ltr'><strong>sequi</strong></span> <span class='ocrx_word' id='word_1_233' title='bbox 1121 3470 1338 3540; x_wconf 84' lang='lat' dir='ltr'><strong>debeat,</strong></span> <span class='ocrx_word' id='word_1_234' title='bbox 1391 3490 1424 3529; x_wconf 89' lang='lat' dir='ltr'><strong>a</strong></span> <span class='ocrx_word' id='word_1_235' title='bbox 1467 3473 1694 3532; x_wconf 84' lang='lat' dir='ltr'><strong>domino</strong></span> <span class='ocrx_word' id='word_1_236' title='bbox 1750 3480 2094 3551; x_wconf 87' lang='lat' dir='ltr'><strong>persolutum</strong></span> 
     </span>
    </p>
   </div>
   <div class='ocr_carea' id='block_1_33' title="bbox 516 3556 2093 3639">
    <p class='ocr_par' dir='ltr' id='par_1_33' title="bbox 516 3556 2093 3639">
     <span class='ocr_line' id='line_1_33' title="bbox 516 3556 2093 3639; baseline 0.012 -29"><span class='ocrx_word' id='word_1_237' title='bbox 516 3556 753 3625; x_wconf 89' lang='lat' dir='ltr'><strong>pretium</strong></span> <span class='ocrx_word' id='word_1_238' title='bbox 810 3573 920 3614; x_wconf 90' lang='lat' dir='ltr'><strong>non</strong></span> <span class='ocrx_word' id='word_1_239' title='bbox 984 3561 1250 3633; x_wconf 84' lang='lat' dir='ltr'><strong>majorem</strong></span> <span class='ocrx_word' id='word_1_240' title='bbox 1289 3565 1602 3635; x_wconf 62' lang='lat' dir='ltr'><strong>praebebit?</strong></span> <span class='ocrx_word' id='word_1_241' title='bbox 1633 3570 1780 3637; x_wconf 81' lang='lat' dir='ltr'><strong>Quin</strong></span> <span class='ocrx_word' id='word_1_242' title='bbox 1815 3573 2093 3639; x_wconf 85' lang='lat' dir='ltr'><strong>quomodo</strong></span> 
     </span>
    </p>
   </div>
   <div class='ocr_carea' id='block_1_34' title="bbox 515 3649 2094 3735">
    <p class='ocr_par' dir='ltr' id='par_1_34' title="bbox 515 3649 2094 3735">
     <span class='ocr_line' id='line_1_34' title="bbox 515 3649 2094 3735; baseline 0.015 -34"><span class='ocrx_word' id='word_1_243' title='bbox 515 3649 933 3706; x_wconf 68' lang='lat' dir='ltr'><strong>convenientium</strong></span> <span class='ocrx_word' id='word_1_244' title='bbox 957 3667 1067 3708; x_wconf 87' lang='lat' dir='ltr'><strong>non</strong></span> <span class='ocrx_word' id='word_1_245' title='bbox 1097 3661 1203 3720; x_wconf 90' lang='lat' dir='ltr'><strong>est,</strong></span> <span class='ocrx_word' id='word_1_246' title='bbox 1237 3655 1285 3712; x_wconf 87' lang='lat' dir='ltr'><strong>si</strong></span> <span class='ocrx_word' id='word_1_247' title='bbox 1316 3657 1411 3729; x_wconf 87' lang='lat' dir='ltr'><strong>qui</strong></span> <span class='ocrx_word' id='word_1_248' title='bbox 1447 3660 1704 3729; x_wconf 83' lang='lat' dir='ltr'><strong>perdidit,</strong></span> <span class='ocrx_word' id='word_1_249' title='bbox 1734 3663 1972 3735; x_wconf 85' lang='lat' dir='ltr'><strong>indeque</strong></span> <span class='ocrx_word' id='word_1_250' title='bbox 1995 3667 2094 3724; x_wconf 84' lang='lat' dir='ltr'><strong>do—</strong></span> 
     </span>
    </p>
   </div>
   <div class='ocr_carea' id='block_1_35' title="bbox 519 3740 2098 3816">
    <p class='ocr_par' dir='ltr' id='par_1_35' title="bbox 519 3740 2098 3816">
     <span class='ocr_line' id='line_1_35' title="bbox 519 3740 2098 3816; baseline 0.013 -23"><span class='ocrx_word' id='word_1_251' title='bbox 519 3740 665 3796; x_wconf 80' lang='lat' dir='ltr'><strong>lores</strong></span> <span class='ocrx_word' id='word_1_252' title='bbox 698 3741 757 3797; x_wconf 90' lang='lat' dir='ltr'><strong>in</strong></span> <span class='ocrx_word' id='word_1_253' title='bbox 789 3745 956 3799; x_wconf 87' lang='lat' dir='ltr'><strong>corde</strong></span> <span class='ocrx_word' id='word_1_254' title='bbox 1008 3747 1258 3815; x_wconf 88' lang='lat' dir='ltr'><strong>pertulit,</strong></span> <span class='ocrx_word' id='word_1_255' title='bbox 1309 3764 1377 3804; x_wconf 78' lang='lat' dir='ltr'><strong>ex</strong></span> <span class='ocrx_word' id='word_1_256' title='bbox 1425 3754 1745 3810; x_wconf 81' lang='lat' dir='ltr'><strong>accessione</strong></span> <span class='ocrx_word' id='word_1_257' title='bbox 1773 3755 2098 3816; x_wconf 76' lang='lat' dir='ltr'><strong>delinimeu—</strong></span> 
     </span>
    </p>
   </div>
   <div class='ocr_carea' id='block_1_36' title="bbox 517 3832 2095 3918">
    <p class='ocr_par' dir='ltr' id='par_1_36' title="bbox 517 3832 2095 3918">
     <span class='ocr_line' id='line_1_36' title="bbox 517 3832 2095 3918; baseline 0.015 -35"><span class='ocrx_word' id='word_1_258' title='bbox 517 3839 637 3885; x_wconf 85' lang='lat' dir='ltr'><strong>tum</strong></span> <span class='ocrx_word' id='word_1_259' title='bbox 673 3832 917 3900; x_wconf 80' lang='lat' dir='ltr'><strong>sentiat,</strong></span> <span class='ocrx_word' id='word_1_260' title='bbox 945 3850 1108 3904; x_wconf 83' lang='lat' dir='ltr'><strong>quam</strong></span> <span class='ocrx_word' id='word_1_261' title='bbox 1135 3838 1181 3891; x_wconf 67' lang='lat' dir='ltr'><strong>si</strong></span> <span class='ocrx_word' id='word_1_262' title='bbox 1205 3838 1300 3895; x_wconf 87' lang='lat' dir='ltr'><strong>ille</strong></span> <span class='ocrx_word' id='word_1_263' title='bbox 1335 3854 1456 3896; x_wconf 84' lang='lat' dir='ltr'><strong>eam</strong></span> <span class='ocrx_word' id='word_1_264' title='bbox 1491 3841 1709 3910; x_wconf 76' lang='lat' dir='ltr'><strong>habeat,</strong></span> <span class='ocrx_word' id='word_1_265' title='bbox 1739 3847 1834 3916; x_wconf 86' lang='lat' dir='ltr'><strong>qui</strong></span> <span class='ocrx_word' id='word_1_266' title='bbox 1869 3859 2095 3918; x_wconf 74' lang='lat' dir='ltr'><strong>pmter-</strong></span> 
     </span>
    </p>
   </div>
   <div class='ocr_carea' id='block_1_37' title="bbox 515 3926 2093 4012">
    <p class='ocr_par' dir='ltr' id='par_1_37' title="bbox 515 3926 2093 4012">
     <span class='ocr_line' id='line_1_37' title="bbox 515 3926 2093 4012; baseline 0.016 -36"><span class='ocrx_word' id='word_1_267' title='bbox 515 3941 679 3994; x_wconf 81' lang='lat' dir='ltr'><strong>quam</strong></span> <span class='ocrx_word' id='word_1_268' title='bbox 708 3926 857 3997; x_wconf 87' lang='lat' dir='ltr'><strong>quod</strong></span> <span class='ocrx_word' id='word_1_269' title='bbox 900 3929 1038 3983; x_wconf 85' lang='lat' dir='ltr'><strong>nihil</strong></span> <span class='ocrx_word' id='word_1_270' title='bbox 1083 3932 1270 3986; x_wconf 76' lang='lat' dir='ltr'><strong>amisit</strong></span> <span class='ocrx_word' id='word_1_271' title='bbox 1311 3932 1406 4005; x_wconf 85' lang='lat' dir='ltr'><strong>(ab</strong></span> <span class='ocrx_word' id='word_1_272' title='bbox 1459 3936 1555 3992; x_wconf 90' lang='lat' dir='ltr'><strong>illo</strong></span> <span class='ocrx_word' id='word_1_273' title='bbox 1618 3941 1766 3996; x_wconf 89' lang='lat' dir='ltr'><strong>enim</strong></span> <span class='ocrx_word' id='word_1_274' title='bbox 1823 3944 1916 4012; x_wconf 88' lang='lat' dir='ltr'><strong>qui</strong></span> <span class='ocrx_word' id='word_1_275' title='bbox 1945 3944 2093 4002; x_wconf 74' lang='lat' dir='ltr'><strong>furto</strong></span> 
     </span>
    </p>
   </div>
   <div class='ocr_carea' id='block_1_38' title="bbox 515 4018 2092 4106">
    <p class='ocr_par' dir='ltr' id='par_1_38' title="bbox 515 4018 2092 4106">
     <span class='ocr_line' id='line_1_38' title="bbox 515 4018 2092 4106; baseline 0.015 -34"><span class='ocrx_word' id='word_1_276' title='bbox 515 4018 843 4077; x_wconf 77' lang='lat' dir='ltr'><strong>subductam</strong></span> <span class='ocrx_word' id='word_1_277' title='bbox 877 4023 1136 4080; x_wconf 82' lang='lat' dir='ltr'><strong>ancillam</strong></span> <span class='ocrx_word' id='word_1_278' title='bbox 1197 4027 1301 4096; x_wconf 88' lang='lat' dir='ltr'><strong>ipsi</strong></span> <span class='ocrx_word' id='word_1_279' title='bbox 1353 4031 1620 4102; x_wconf 85' lang='lat' dir='ltr'><strong>vendidit,</strong></span> <span class='ocrx_word' id='word_1_280' title='bbox 1656 4038 1890 4106; x_wconf 89' lang='lat' dir='ltr'><strong>pretium</strong></span> <span class='ocrx_word' id='word_1_281' title='bbox 1930 4056 2092 4095; x_wconf 67' lang='lat' dir='ltr'><strong>recu~</strong></span> 
     </span>
    </p>
   </div>
   <div class='ocr_carea' id='block_1_39' title="bbox 517 4113 2093 4188">
    <p class='ocr_par' dir='ltr' id='par_1_39' title="bbox 517 4113 2093 4188">
     <span class='ocr_line' id='line_1_39' title="bbox 517 4113 2093 4188; baseline 0.016 -26"><span class='ocrx_word' id='word_1_282' title='bbox 517 4128 714 4181; x_wconf 84' lang='lat' dir='ltr'><strong>perare</strong></span> <span class='ocrx_word' id='word_1_283' title='bbox 740 4113 914 4186; x_wconf 87' lang='lat' dir='ltr'><strong>licet),</strong></span> <span class='ocrx_word' id='word_1_284' title='bbox 960 4117 1173 4173; x_wconf 65' lang='lat' dir='ltr'><strong>ancilla</strong></span> <span class='ocrx_word' id='word_1_285' title='bbox 1227 4118 1392 4175; x_wconf 89' lang='lat' dir='ltr'><strong>ctiam</strong></span> <span class='ocrx_word' id='word_1_286' title='bbox 1427 4124 1800 4182; x_wconf 89' lang='lat' dir='ltr'><strong>ministerium</strong></span> <span class='ocrx_word' id='word_1_287' title='bbox 1848 4130 2093 4188; x_wconf 88' lang='lat' dir='ltr'><strong>lucratus</strong></span> 
     </span>
    </p>
   </div>
   <div class='ocr_carea' id='block_1_40' title="bbox 513 4204 2092 4293">
    <p class='ocr_par' dir='ltr' id='par_1_40' title="bbox 513 4204 2092 4293">
     <span class='ocr_line' id='line_1_40' title="bbox 513 4204 2092 4293; baseline 0.011 -31"><span class='ocrx_word' id='word_1_288' title='bbox 513 4204 992 4280; x_wconf 66' lang='lat' dir='ltr'><strong>est3Neutiquam</strong></span> <span class='ocrx_word' id='word_1_289' title='bbox 1029 4229 1150 4283; x_wconf 88' lang='lat' dir='ltr'><strong>ergo</strong></span> <span class='ocrx_word' id='word_1_290' title='bbox 1186 4214 1486 4284; x_wconf 90' lang='lat' dir='ltr'><strong>(quomodo</strong></span> <span class='ocrx_word' id='word_1_291' title='bbox 1532 4217 1796 4293; x_wconf 79' lang='lat' dir='ltr'><strong>diximus)</strong></span> <span class='ocrx_word' id='word_1_292' title='bbox 1854 4222 2092 4280; x_wconf 79' lang='lat' dir='ltr'><strong>detinea-</strong></span> 
     </span>
    </p>
   </div>
   <div class='ocr_carea' id='block_1_41' title="bbox 515 4302 2090 4379">
    <p class='ocr_par' dir='ltr' id='par_1_41' title="bbox 515 4302 2090 4379">
     <span class='ocr_line' id='line_1_41' title="bbox 515 4302 2090 4379; baseline 0.012 -27"><span class='ocrx_word' id='word_1_293' title='bbox 515 4311 600 4353; x_wconf 79' lang='lat' dir='ltr'><strong>tur</strong></span> <span class='ocrx_word' id='word_1_294' title='bbox 632 4315 840 4371; x_wconf 79' lang='lat' dir='ltr'><strong>partus,</strong></span> <span class='ocrx_word' id='word_1_295' title='bbox 879 4302 974 4359; x_wconf 85' lang='lat' dir='ltr'><strong>sed</strong></span> <span class='ocrx_word' id='word_1_296' title='bbox 999 4307 1462 4374; x_wconf 88' lang='lat' dir='ltr'><strong>quemadmodum</strong></span> <span class='ocrx_word' id='word_1_297' title='bbox 1498 4320 1752 4379; x_wconf 88' lang='lat' dir='ltr'><strong>matrem,</strong></span> <span class='ocrx_word' id='word_1_298' title='bbox 1795 4313 1877 4370; x_wconf 85' lang='lat' dir='ltr'><strong>sic</strong></span> <span class='ocrx_word' id='word_1_299' title='bbox 1926 4316 2090 4371; x_wconf 89' lang='lat' dir='ltr'><strong>etiam</strong></span> 
     </span>
    </p>
   </div>
   <div class='ocr_carea' id='block_1_42' title="bbox 517 4394 2091 4478">
    <p class='ocr_par' dir='ltr' id='par_1_42' title="bbox 517 4394 2091 4478">
     <span class='ocr_line' id='line_1_42' title="bbox 517 4394 2091 4478; baseline 0.011 -31"><span class='ocrx_word' id='word_1_300' title='bbox 517 4394 686 4449; x_wconf 88' lang='lat' dir='ltr'><strong>tilium</strong></span> <span class='ocrx_word' id='word_1_301' title='bbox 720 4394 870 4465; x_wconf 88' lang='lat' dir='ltr'><strong>prior</strong></span> <span class='ocrx_word' id='word_1_302' title='bbox 899 4396 1397 4457; x_wconf 89' lang='lat' dir='ltr'><strong>dominushabeat.</strong></span> <span class='ocrx_word' id='word_1_303' title='bbox 1432 4402 1557 4460; x_wconf 88' lang='lat' dir='ltr'><strong>Sive</strong></span> <span class='ocrx_word' id='word_1_304' title='bbox 1576 4407 1722 4461; x_wconf 87' lang='lat' dir='ltr'><strong>enim</strong></span> <span class='ocrx_word' id='word_1_305' title='bbox 1745 4407 1838 4478; x_wconf 91' lang='lat' dir='ltr'><strong>qui</strong></span> <span class='ocrx_word' id='word_1_306' title='bbox 1882 4408 2091 4465; x_wconf 83' lang='lat' dir='ltr'><strong>furtum</strong></span> 
     </span>
    </p>
   </div>
   <div class='ocr_carea' id='block_1_43' title="bbox 514 4486 2092 4567">
    <p class='ocr_par' dir='ltr' id='par_1_43' title="bbox 514 4486 2092 4567">
     <span class='ocr_line' id='line_1_43' title="bbox 514 4486 2092 4567; baseline 0.011 -26"><span class='ocrx_word' id='word_1_307' title='bbox 514 4486 812 4554; x_wconf 86' lang='lat' dir='ltr'><strong>commisit,</strong></span> <span class='ocrx_word' id='word_1_308' title='bbox 843 4487 997 4546; x_wconf 86' lang='lat' dir='ltr'><strong>dives</strong></span> <span class='ocrx_word' id='word_1_309' title='bbox 1034 4488 1127 4553; x_wconf 86' lang='lat' dir='ltr'><strong>sit,</strong></span> <span class='ocrx_word' id='word_1_310' title='bbox 1163 4499 1390 4564; x_wconf 88' lang='lat' dir='ltr'><strong>tumque</strong></span> <span class='ocrx_word' id='word_1_311' title='bbox 1444 4494 1550 4560; x_wconf 88' lang='lat' dir='ltr'><strong>ipsi</strong></span> <span class='ocrx_word' id='word_1_312' title='bbox 1582 4498 1728 4567; x_wconf 83' lang='lat' dir='ltr'><strong>quod</strong></span> <span class='ocrx_word' id='word_1_313' title='bbox 1762 4501 1902 4555; x_wconf 85' lang='lat' dir='ltr'><strong>male</strong></span> <span class='ocrx_word' id='word_1_314' title='bbox 1935 4516 2092 4559; x_wconf 87' lang='lat' dir='ltr'><strong>acce-</strong></span> 
     </span>
    </p>
   </div>
   <div class='ocr_carea' id='block_1_44' title="bbox 1767 375 2533 440">
    <p class='ocr_par' dir='ltr' id='par_1_44' title="bbox 1767 375 2533 440">
     <span class='ocr_line' id='line_1_44' title="bbox 1767 375 2533 440; baseline -0.008 0"><span class='ocrx_word' id='word_1_315' title='bbox 1767 376 2048 440; x_wconf 75' lang='lat' dir='ltr'><strong>LEONIS</strong></span> <span class='ocrx_word' id='word_1_316' title='bbox 2077 375 2533 437; x_wconf 78' lang='lat' dir='ltr'><strong>PHILOSOPIII</strong></span> 
     </span>
    </p>
   </div>
   <div class='ocr_carea' id='block_1_45' title="bbox 3681 386 3788 449">
    <p class='ocr_par' dir='ltr' id='par_1_45' title="bbox 3681 386 3788 449">
     <span class='ocr_line' id='line_1_45' title="bbox 3681 386 3788 449; baseline 0.019 -1"><span class='ocrx_word' id='word_1_317' title='bbox 3681 386 3788 449; x_wconf 71' lang='grc'><strong>492</strong></span> 
     </span>
    </p>
   </div>
   <div class='ocr_carea' id='block_1_46' title="bbox 2745 489 3222 547">
    <p class='ocr_par' dir='ltr' id='par_1_46' title="bbox 2745 489 3222 547">
     <span class='ocr_line' id='line_1_46' title="bbox 2745 489 3222 547; baseline 0.015 -7"><span class='ocrx_word' id='word_1_318' title='bbox 2745 489 3061 543; x_wconf 75' lang='grc' dir='ltr'><strong>ΔΙΑΤΔΞΙΣ</strong></span> <span class='ocrx_word' id='word_1_319' title='bbox 3099 489 3222 547; x_wconf 84' lang='grc' dir='ltr'><strong>ΚΘ’.</strong></span> 
     </span>
    </p>
   </div>
   <div class='ocr_carea' id='block_1_47' title="bbox 2199 578 3790 656">
    <p class='ocr_par' dir='ltr' id='par_1_47' title="bbox 2199 578 3790 656">
     <span class='ocr_line' id='line_1_47' title="bbox 2199 578 3790 656; baseline 0.006 -24"><span class='ocrx_word' id='word_1_320' title='bbox 2199 579 2341 656; x_wconf 55' lang='grc' dir='ltr'>Περί</span> <span class='ocrx_word' id='word_1_321' title='bbox 2366 579 2468 656; x_wconf 80' lang='grc' dir='ltr'>τοῦ</span> <span class='ocrx_word' id='word_1_322' title='bbox 2497 578 2646 656; x_wconf 65' lang='grc' dir='ltr'>δεῖν,</span> <span class='ocrx_word' id='word_1_323' title='bbox 2679 582 2984 652; x_wconf 80' lang='grc' dir='ltr'><strong>τεκούσης</strong></span> <span class='ocrx_word' id='word_1_324' title='bbox 3011 585 3382 653; x_wconf 68' lang='grc' dir='ltr'><strong>θεραπαίνης</strong></span> <span class='ocrx_word' id='word_1_325' title='bbox 3407 587 3497 656; x_wconf 74' lang='grc' dir='ltr'>μὴ</span> <span class='ocrx_word' id='word_1_326' title='bbox 3526 588 3689 656; x_wconf 79' lang='grc' dir='ltr'>παρὰ</span> <span class='ocrx_word' id='word_1_327' title='bbox 3709 587 3790 655; x_wconf 81' lang='grc' dir='ltr'>τῷ</span> 
     </span>
    </p>
   </div>
   <div class='ocr_carea' id='block_1_48' title="bbox 2276 652 3790 726">
    <p class='ocr_par' dir='ltr' id='par_1_48' title="bbox 2276 652 3790 726">
     <span class='ocr_line' id='line_1_48' title="bbox 2276 652 3790 726; baseline 0.007 -22"><span class='ocrx_word' id='word_1_328' title='bbox 2276 654 2476 726; x_wconf 61' lang='grc' dir='ltr'>οἶκείξρ</span> <span class='ocrx_word' id='word_1_329' title='bbox 2521 652 2792 726; x_wconf 53' lang='grc' dir='ltr'>δεσπότῃ</span> <span class='ocrx_word' id='word_1_330' title='bbox 2819 693 2836 718; x_wconf 91' lang='grc'><strong>,</strong></span> <span class='ocrx_word' id='word_1_331' title='bbox 2878 656 3042 711; x_wconf 77' lang='grc' dir='ltr'><strong>ἀλλὰ</strong></span> <span class='ocrx_word' id='word_1_332' title='bbox 3076 652 3236 724; x_wconf 57' lang='grc' dir='ltr'>παρ’</span> <span class='ocrx_word' id='word_1_333' title='bbox 3289 652 3498 726; x_wconf 68' lang='grc' dir='ltr'>ἑτέρῳ,</span> <span class='ocrx_word' id='word_1_334' title='bbox 3554 652 3661 714; x_wconf 70' lang='grc' dir='ltr'>τόν</span> <span class='ocrx_word' id='word_1_335' title='bbox 3697 652 3790 714; x_wconf 72' lang='grc' dir='ltr'>τό·</span> 
     </span>
    </p>
   </div>
   <div class='ocr_carea' id='block_1_49' title="bbox 2272 721 3791 796">
    <p class='ocr_par' dir='ltr' id='par_1_49' title="bbox 2272 721 3791 796">
     <span class='ocr_line' id='line_1_49' title="bbox 2272 721 3791 796; baseline 0.007 -21"><span class='ocrx_word' id='word_1_336' title='bbox 2272 739 2384 776; x_wconf 78' lang='grc' dir='ltr'>κον</span> <span class='ocrx_word' id='word_1_337' title='bbox 2409 721 2530 796; x_wconf 75' lang='grc' dir='ltr'><strong>ᾄμᾳ</strong></span> <span class='ocrx_word' id='word_1_338' title='bbox 2555 721 2631 792; x_wconf 80' lang='grc' dir='ltr'>τῇ</span> <span class='ocrx_word' id='word_1_339' title='bbox 2666 721 2929 796; x_wconf 73' lang='grc' dir='ltr'>τεκούσῃ</span> <span class='ocrx_word' id='word_1_340' title='bbox 2957 727 3110 796; x_wconf 81' lang='grc' dir='ltr'>πρὸς</span> <span class='ocrx_word' id='word_1_341' title='bbox 3134 721 3241 782; x_wconf 76' lang='grc' dir='ltr'>τόν</span> <span class='ocrx_word' id='word_1_342' title='bbox 3296 721 3521 785; x_wconf 63' lang='grc' dir='ltr'>οὶνξεῖοτρ</span> <span class='ocrx_word' id='word_1_343' title='bbox 3575 730 3791 786; x_wconf 71' lang='grc' dir='ltr'>δεσπό-</span> 
     </span>
    </p>
   </div>
   <div class='ocr_carea' id='block_1_50' title="bbox 2273 794 2792 864">
    <p class='ocr_par' dir='ltr' id='par_1_50' title="bbox 2273 794 2792 864">
     <span class='ocr_line' id='line_1_50' title="bbox 2273 794 2792 864; baseline 0.012 -19"><span class='ocrx_word' id='word_1_344' title='bbox 2273 809 2385 860; x_wconf 75' lang='grc' dir='ltr'>την</span> <span class='ocrx_word' id='word_1_345' title='bbox 2401 794 2792 864; x_wconf 80' lang='grc' dir='ltr'><strong>ἀπέρχεσθαι.</strong></span> 
     </span>
    </p>
   </div>
   <div class='ocr_carea' id='block_1_51' title="bbox 2283 887 3426 964">
    <p class='ocr_par' dir='ltr' id='par_1_51' title="bbox 2283 887 3426 964">
     <span class='ocr_line' id='line_1_51' title="bbox 2283 887 3426 964; baseline 0.007 -25"><span class='ocrx_word' id='word_1_346' title='bbox 2283 887 2342 939; x_wconf 86' lang='grc'><strong>’0</strong></span> <span class='ocrx_word' id='word_1_347' title='bbox 2367 888 2531 951; x_wconf 76' lang='grc' dir='ltr'>αὐτὸς</span> <span class='ocrx_word' id='word_1_348' title='bbox 2561 889 2814 960; x_wconf 78' lang='grc' dir='ltr'>βασιλεὺς</span> <span class='ocrx_word' id='word_1_349' title='bbox 2837 891 3120 962; x_wconf 86' lang='grc' dir='ltr'>Στυλιανῷ</span> <span class='ocrx_word' id='word_1_350' title='bbox 3141 893 3222 964; x_wconf 80' lang='grc' dir='ltr'>τῷ</span> <span class='ocrx_word' id='word_1_351' title='bbox 3253 893 3426 964; x_wconf 80' lang='grc' dir='ltr'>αὐτῷ.</span> 
     </span>
    </p>
   </div>
   <div class='ocr_carea' id='block_1_52' title="bbox 2273 980 3781 1060">
    <p class='ocr_par' dir='ltr' id='par_1_52' title="bbox 2273 980 3781 1060">
     <span class='ocr_line' id='line_1_52' title="bbox 2273 980 3781 1060; baseline 0.005 -27"><span class='ocrx_word' id='word_1_352' title='bbox 2273 980 2490 1051; x_wconf 80' lang='grc' dir='ltr'>Ὠσπερ</span> <span class='ocrx_word' id='word_1_353' title='bbox 2517 982 2691 1054; x_wconf 84' lang='grc' dir='ltr'>ἀληθῆ</span> <span class='ocrx_word' id='word_1_354' title='bbox 2717 984 2810 1037; x_wconf 64' lang='grc' dir='ltr'><strong>καλ⁵</strong></span> <span class='ocrx_word' id='word_1_355' title='bbox 2840 984 3000 1055; x_wconf 80' lang='grc' dir='ltr'>όρθδν</span> <span class='ocrx_word' id='word_1_356' title='bbox 3040 985 3201 1055; x_wconf 83' lang='grc' dir='ltr'>λόγον</span> <span class='ocrx_word' id='word_1_357' title='bbox 3230 988 3392 1060; x_wconf 84' lang='grc' dir='ltr'><strong>ἴσμεν</strong></span> <span class='ocrx_word' id='word_1_358' title='bbox 3420 988 3512 1042; x_wconf 83' lang='grc' dir='ltr'><strong>τδν</strong></span> <span class='ocrx_word' id='word_1_359' title='bbox 3554 987 3781 1059; x_wconf 71' lang='grc' dir='ltr'>ψεύδους</span> 
     </span>
    </p>
   </div>
   <div class='ocr_carea' id='block_1_53' title="bbox 2201 1071 3782 1152">
    <p class='ocr_par' dir='ltr' id='par_1_53' title="bbox 2201 1071 3782 1152">
     <span class='ocr_line' id='line_1_53' title="bbox 2201 1071 3782 1152; baseline 0.007 -29"><span class='ocrx_word' id='word_1_360' title='bbox 2201 1071 2530 1143; x_wconf 77' lang='grc' dir='ltr'>διαστροφὴν</span> <span class='ocrx_word' id='word_1_361' title='bbox 2564 1075 2666 1127; x_wconf 73' lang='grc' dir='ltr'>οὐκ</span> <span class='ocrx_word' id='word_1_362' title='bbox 2698 1076 3058 1145; x_wconf 72' lang='grc' dir='ltr'>ἐμφαίνοντα,</span> <span class='ocrx_word' id='word_1_363' title='bbox 3090 1078 3235 1132; x_wconf 75' lang='grc' dir='ltr'>οὕτω</span> <span class='ocrx_word' id='word_1_364' title='bbox 3261 1080 3356 1134; x_wconf 76' lang='grc' dir='ltr'>καὶ</span> <span class='ocrx_word' id='word_1_365' title='bbox 3382 1080 3561 1152; x_wconf 80' lang='grc' dir='ltr'>ἀληθῆ</span> <span class='ocrx_word' id='word_1_366' title='bbox 3595 1081 3782 1152; x_wconf 86' lang='grc' dir='ltr'>νόμον,</span> 
     </span>
    </p>
   </div>
   <div class='ocr_carea' id='block_1_54' title="bbox 2205 1163 3784 1243">
    <p class='ocr_par' dir='ltr' id='par_1_54' title="bbox 2205 1163 3784 1243">
     <span class='ocr_line' id='line_1_54' title="bbox 2205 1163 3784 1243; baseline 0.006 -27"><span class='ocrx_word' id='word_1_367' title='bbox 2205 1163 2260 1229; x_wconf 74' lang='grc' dir='ltr'><strong>ός</strong></span> <span class='ocrx_word' id='word_1_368' title='bbox 2290 1163 2368 1236; x_wconf 79' lang='grc' dir='ltr'><strong>μή</strong></span> <span class='ocrx_word' id='word_1_369' title='bbox 2398 1164 2683 1237; x_wconf 72' lang='grc' dir='ltr'><strong>ἐλέγχεται</strong></span> <span class='ocrx_word' id='word_1_370' title='bbox 2712 1167 2791 1238; x_wconf 84' lang='grc' dir='ltr'>τῷ</span> <span class='ocrx_word' id='word_1_371' title='bbox 2842 1168 3014 1240; x_wconf 80' lang='grc' dir='ltr'>ἀδίκῳ</span> <span class='ocrx_word' id='word_1_372' title='bbox 3059 1174 3587 1243; x_wconf 75' lang='grc' dir='ltr'><strong>παρατρεπόμενος·</strong></span> <span class='ocrx_word' id='word_1_373' title='bbox 3630 1173 3707 1236; x_wconf 81' lang='grc' dir='ltr'><strong>ὡς</strong></span> <span class='ocrx_word' id='word_1_374' title='bbox 3732 1172 3784 1226; x_wconf 75' lang='grc' dir='ltr'>ετ</span> 
     </span>
    </p>
   </div>
   <div class='ocr_carea' id='block_1_55' title="bbox 2206 1259 3784 1336">
    <p class='ocr_par' dir='ltr' id='par_1_55' title="bbox 2206 1259 3784 1336">
     <span class='ocr_line' id='line_1_55' title="bbox 2206 1259 3784 1336; baseline 0.004 -24"><span class='ocrx_word' id='word_1_375' title='bbox 2206 1259 2269 1327; x_wconf 80' lang='grc' dir='ltr'><strong>γέ</strong></span> <span class='ocrx_word' id='word_1_376' title='bbox 2299 1275 2386 1322; x_wconf 88' lang='grc' dir='ltr'><strong>τις</strong></span> <span class='ocrx_word' id='word_1_377' title='bbox 2418 1259 2580 1314; x_wconf 82' lang='grc' dir='ltr'>τοῦτο</span> <span class='ocrx_word' id='word_1_378' title='bbox 2607 1260 2669 1313; x_wconf 87' lang='grc' dir='ltr'>οὐ</span> <span class='ocrx_word' id='word_1_379' title='bbox 2699 1260 2976 1329; x_wconf 76' lang='grc' dir='ltr'><strong>διασώζει,</strong></span> <span class='ocrx_word' id='word_1_380' title='bbox 3007 1263 3108 1316; x_wconf 80' lang='grc' dir='ltr'>οὐκ</span> <span class='ocrx_word' id='word_1_381' title='bbox 3142 1265 3208 1317; x_wconf 84' lang='grc' dir='ltr'>ἂν</span> <span class='ocrx_word' id='word_1_382' title='bbox 3239 1265 3325 1333; x_wconf 79' lang='grc' dir='ltr'>εἴη</span> <span class='ocrx_word' id='word_1_383' title='bbox 3353 1265 3536 1336; x_wconf 85' lang='grc' dir='ltr'>νόμος,</span> <span class='ocrx_word' id='word_1_384' title='bbox 3556 1266 3660 1319; x_wconf 78' lang='grc' dir='ltr'>κᾶν</span> <span class='ocrx_word' id='word_1_385' title='bbox 3687 1267 3784 1336; x_wconf 82' lang='grc' dir='ltr'>τῆς</span> 
     </span>
    </p>
   </div>
   <div class='ocr_carea' id='block_1_56' title="bbox 2202 1353 3780 1430">
    <p class='ocr_par' dir='ltr' id='par_1_56' title="bbox 2202 1353 3780 1430">
     <span class='ocr_line' id='line_1_56' title="bbox 2202 1353 3780 1430; baseline 0.003 -24"><span class='ocrx_word' id='word_1_386' title='bbox 2202 1353 2460 1424; x_wconf 78' lang='grc' dir='ltr'><strong>τοιαύτης</strong></span> <span class='ocrx_word' id='word_1_387' title='bbox 2495 1356 2872 1427; x_wconf 75' lang='grc' dir='ltr'><strong>προσηγορίας</strong></span> <span class='ocrx_word' id='word_1_388' title='bbox 2903 1355 3154 1426; x_wconf 72' lang='grc' dir='ltr'>ἠξίωται.</span> <span class='ocrx_word' id='word_1_389' title='bbox 3188 1358 3252 1411; x_wconf 81' lang='lat' dir='ltr'><strong>El</strong></span> <span class='ocrx_word' id='word_1_390' title='bbox 3283 1358 3394 1430; x_wconf 82' lang='grc' dir='ltr'><strong>γὰρ</strong></span> <span class='ocrx_word' id='word_1_391' title='bbox 3423 1358 3586 1412; x_wconf 83' lang='grc' dir='ltr'>τοῦτο</span> <span class='ocrx_word' id='word_1_392' title='bbox 3615 1358 3780 1428; x_wconf 76' lang='grc' dir='ltr'>νόμον</span> 
     </span>
    </p>
   </div>
   <div class='ocr_carea' id='block_1_57' title="bbox 2203 1447 3783 1525">
    <p class='ocr_par' dir='ltr' id='par_1_57' title="bbox 2203 1447 3783 1525">
     <span class='ocr_line' id='line_1_57' title="bbox 2203 1447 3783 1525; baseline 0.002 -24"><span class='ocrx_word' id='word_1_393' title='bbox 2203 1448 2272 1502; x_wconf 81' lang='grc' dir='ltr'><strong>τό</strong></span> <span class='ocrx_word' id='word_1_394' title='bbox 2289 1447 2492 1519; x_wconf 77' lang='grc' dir='ltr'>νέμειν</span> <span class='ocrx_word' id='word_1_395' title='bbox 2528 1448 2674 1518; x_wconf 79' lang='grc' dir='ltr'>ὅπερ</span> <span class='ocrx_word' id='word_1_396' title='bbox 2703 1449 2938 1518; x_wconf 76' lang='grc' dir='ltr'>ἑκάστῳ</span> <span class='ocrx_word' id='word_1_397' title='bbox 2955 1451 3262 1520; x_wconf 75' lang='grc' dir='ltr'>ἁρμόδιον,</span> <span class='ocrx_word' id='word_1_398' title='bbox 3305 1453 3421 1517; x_wconf 83' lang='grc' dir='ltr'><strong>πῶς</strong></span> <span class='ocrx_word' id='word_1_399' title='bbox 3453 1452 3484 1505; x_wconf 84' lang='grc' dir='ltr'><strong>ό</strong></span> <span class='ocrx_word' id='word_1_400' title='bbox 3516 1453 3594 1525; x_wconf 84' lang='grc' dir='ltr'>μὴ</span> <span class='ocrx_word' id='word_1_401' title='bbox 3627 1452 3783 1506; x_wconf 79' lang='grc' dir='ltr'>τοῦτο</span> 
     </span>
    </p>
   </div>
   <div class='ocr_carea' id='block_1_58' title="bbox 2206 1541 3784 1616">
    <p class='ocr_par' dir='ltr' id='par_1_58' title="bbox 2206 1541 3784 1616">
     <span class='ocr_line' id='line_1_58' title="bbox 2206 1541 3784 1616; baseline 0.001 -21"><span class='ocrx_word' id='word_1_402' title='bbox 2206 1541 2376 1595; x_wconf 83' lang='grc' dir='ltr'>ποιῶν</span> <span class='ocrx_word' id='word_1_403' title='bbox 2417 1542 2581 1613; x_wconf 77' lang='grc' dir='ltr'>νόμος</span> <span class='ocrx_word' id='word_1_404' title='bbox 2623 1542 2807 1610; x_wconf 62' lang='lat' dir='ltr'><strong>ierat;</strong></span> <span class='ocrx_word' id='word_1_405' title='bbox 2847 1544 3211 1616; x_wconf 79' lang='grc' dir='ltr'>Πεφὼρανται</span> <span class='ocrx_word' id='word_1_406' title='bbox 3250 1545 3351 1615; x_wconf 81' lang='grc' dir='ltr'>μὲν</span> <span class='ocrx_word' id='word_1_407' title='bbox 3392 1544 3456 1616; x_wconf 82' lang='grc' dir='ltr'>δὴ</span> <span class='ocrx_word' id='word_1_408' title='bbox 3487 1545 3579 1599; x_wconf 76' lang='grc' dir='ltr'><strong>καὶ</strong></span> <span class='ocrx_word' id='word_1_409' title='bbox 3606 1545 3784 1615; x_wconf 77' lang='grc' dir='ltr'>ἕτεροι</span> 
     </span>
    </p>
   </div>
   <div class='ocr_carea' id='block_1_59' title="bbox 2204 1631 3780 1710">
    <p class='ocr_par' dir='ltr' id='par_1_59' title="bbox 2204 1631 3780 1710">
     <span class='ocr_line' id='line_1_59' title="bbox 2204 1631 3780 1710; baseline 0.001 -23"><span class='ocrx_word' id='word_1_410' title='bbox 2204 1631 2537 1703; x_wconf 80' lang='grc' dir='ltr'>καλούμενοι</span> <span class='ocrx_word' id='word_1_411' title='bbox 2589 1635 2745 1706; x_wconf 81' lang='grc' dir='ltr'>νόμοι</span> <span class='ocrx_word' id='word_1_412' title='bbox 2785 1635 2947 1690; x_wconf 84' lang='grc' dir='ltr'>τοῦτο</span> <span class='ocrx_word' id='word_1_413' title='bbox 2995 1637 3293 1704; x_wconf 75' lang='grc' dir='ltr'>παθόντες,</span> <span class='ocrx_word' id='word_1_414' title='bbox 3358 1637 3460 1709; x_wconf 80' lang='grc' dir='ltr'>οὐχ</span> <span class='ocrx_word' id='word_1_415' title='bbox 3509 1632 3676 1710; x_wconf 81' lang='grc' dir='ltr'>ἦττον</span> <span class='ocrx_word' id='word_1_416' title='bbox 3727 1638 3780 1690; x_wconf 75' lang='grc' dir='ltr'>δὲ</span> 
     </span>
    </p>
   </div>
   <div class='ocr_carea' id='block_1_60' title="bbox 2205 1725 3782 1802">
    <p class='ocr_par' dir='ltr' id='par_1_60' title="bbox 2205 1725 3782 1802">
     <span class='ocr_line' id='line_1_60' title="bbox 2205 1725 3782 1802; baseline 0.003 -23"><span class='ocrx_word' id='word_1_417' title='bbox 2205 1725 2462 1791; x_wconf 83' lang='grc' dir='ltr'>κάκεῖνος</span> <span class='ocrx_word' id='word_1_418' title='bbox 2478 1729 2525 1759; x_wconf 76' lang='grc'><strong>’⁸</strong></span> <span class='ocrx_word' id='word_1_419' title='bbox 2555 1729 2584 1782; x_wconf 88' lang='grc' dir='ltr'><strong>ό</strong></span> <span class='ocrx_word' id='word_1_420' title='bbox 2603 1729 2704 1799; x_wconf 80' lang='grc' dir='ltr'>τὴν</span> <span class='ocrx_word' id='word_1_421' title='bbox 2735 1728 2898 1800; x_wconf 80' lang='grc' dir='ltr'>γονὴν</span> <span class='ocrx_word' id='word_1_422' title='bbox 2927 1731 3028 1798; x_wconf 79' lang='grc' dir='ltr'>τῆς</span> <span class='ocrx_word' id='word_1_423' title='bbox 3059 1731 3135 1800; x_wconf 81' lang='grc' dir='ltr'>μὴ</span> <span class='ocrx_word' id='word_1_424' title='bbox 3177 1730 3333 1802; x_wconf 84' lang='grc' dir='ltr'><strong>παρά</strong></span> <span class='ocrx_word' id='word_1_425' title='bbox 3361 1729 3438 1802; x_wconf 81' lang='grc' dir='ltr'>τῷ</span> <span class='ocrx_word' id='word_1_426' title='bbox 3477 1731 3668 1802; x_wconf 77' lang='grc' dir='ltr'>οἰκείῳ</span> <span class='ocrx_word' id='word_1_427' title='bbox 3699 1732 3782 1785; x_wconf 86' lang='grc' dir='ltr'>δε-</span> 
     </span>
    </p>
   </div>
   <div class='ocr_carea' id='block_1_61' title="bbox 2207 1818 3784 1897">
    <p class='ocr_par' dir='ltr' id='par_1_61' title="bbox 2207 1818 3784 1897">
     <span class='ocr_line' id='line_1_61' title="bbox 2207 1818 3784 1897; baseline 0.005 -26"><span class='ocrx_word' id='word_1_428' title='bbox 2207 1818 2405 1894; x_wconf 79' lang='grc' dir='ltr'>σπότῃ,</span> <span class='ocrx_word' id='word_1_429' title='bbox 2435 1818 2572 1874; x_wconf 83' lang='grc' dir='ltr'><strong>ἀλλά</strong></span> <span class='ocrx_word' id='word_1_430' title='bbox 2595 1823 2725 1892; x_wconf 80' lang='grc' dir='ltr'>παρ’</span> <span class='ocrx_word' id='word_1_431' title='bbox 2751 1821 2943 1894; x_wconf 81' lang='grc' dir='ltr'>ἑτέρῳ,</span> <span class='ocrx_word' id='word_1_432' title='bbox 2974 1824 3006 1894; x_wconf 81' lang='grc' dir='ltr'>ἢ</span> <span class='ocrx_word' id='word_1_433' title='bbox 3034 1823 3312 1894; x_wconf 78' lang='grc' dir='ltr'>συλήσεως</span> <span class='ocrx_word' id='word_1_434' title='bbox 3335 1824 3522 1895; x_wconf 78' lang='grc' dir='ltr'>τρόπῳ</span> <span class='ocrx_word' id='word_1_435' title='bbox 3549 1825 3582 1895; x_wconf 80' lang='grc' dir='ltr'>ἢ</span> <span class='ocrx_word' id='word_1_436' title='bbox 3613 1825 3784 1897; x_wconf 79' lang='grc' dir='ltr'>ἑτέρῳ</span> 
     </span>
    </p>
   </div>
   <div class='ocr_carea' id='block_1_62' title="bbox 2198 1909 3783 1991">
    <p class='ocr_par' dir='ltr' id='par_1_62' title="bbox 2198 1909 3783 1991">
     <span class='ocr_line' id='line_1_62' title="bbox 2198 1909 3783 1991; baseline 0.004 -25"><span class='ocrx_word' id='word_1_437' title='bbox 2198 1914 2307 1967; x_wconf 73' lang='grc' dir='ltr'>τινὶ</span> <span class='ocrx_word' id='word_1_438' title='bbox 2338 1913 2439 1978; x_wconf 80' lang='grc' dir='ltr'>τὰς</span> <span class='ocrx_word' id='word_1_439' title='bbox 2468 1913 2664 1980; x_wconf 81' lang='grc' dir='ltr'>ὠδῖνας</span> <span class='ocrx_word' id='word_1_440' title='bbox 2704 1916 3130 1987; x_wconf 82' lang='grc' dir='ltr'>ἁπολυσαμένης</span> <span class='ocrx_word' id='word_1_441' title='bbox 3169 1909 3530 1991; x_wconf 75' lang='grc' dir='ltr'>θεραπαίνης,</span> <span class='ocrx_word' id='word_1_442' title='bbox 3567 1919 3783 1972; x_wconf 77' lang='grc' dir='ltr'>ἐπειδὰν</span> 
     </span>
    </p>
   </div>
   <div class='ocr_carea' id='block_1_63' title="bbox 2197 2002 3785 2086">
    <p class='ocr_par' dir='ltr' id='par_1_63' title="bbox 2197 2002 3785 2086">
     <span class='ocr_line' id='line_1_63' title="bbox 2197 2002 3785 2086; baseline 0.004 -28"><span class='ocrx_word' id='word_1_443' title='bbox 2197 2004 2262 2058; x_wconf 77' lang='grc' dir='ltr'>τὸ</span> <span class='ocrx_word' id='word_1_444' title='bbox 2293 2002 2666 2077; x_wconf 77' lang='grc' dir='ltr'>κακούργημα</span> <span class='ocrx_word' id='word_1_445' title='bbox 2711 2008 2790 2084; x_wconf 65' lang='grc' dir='ltr'><strong>εἰς</strong></span> <span class='ocrx_word' id='word_1_446' title='bbox 2835 2008 3040 2076; x_wconf 83' lang='grc' dir='ltr'>γνῶσιν</span> <span class='ocrx_word' id='word_1_447' title='bbox 3068 2008 3200 2086; x_wconf 71' lang='grc' dir='ltr'>ἔλθῃ</span> <span class='ocrx_word' id='word_1_448' title='bbox 3224 2050 3240 2076; x_wconf 92' lang='grc'><strong>,</strong></span> <span class='ocrx_word' id='word_1_449' title='bbox 3276 2009 3785 2084; x_wconf 79' lang='grc' dir='ltr'>παρακελευόμενος</span> 
     </span>
    </p>
   </div>
   <div class='ocr_carea' id='block_1_64' title="bbox 2201 2096 3784 2176">
    <p class='ocr_par' dir='ltr' id='par_1_64' title="bbox 2201 2096 3784 2176">
     <span class='ocr_line' id='line_1_64' title="bbox 2201 2096 3784 2176; baseline 0.006 -27"><span class='ocrx_word' id='word_1_450' title='bbox 2201 2097 2282 2168; x_wconf 82' lang='grc' dir='ltr'>μὴ</span> <span class='ocrx_word' id='word_1_451' title='bbox 2306 2096 2405 2153; x_wconf 74' lang='grc' dir='ltr'>σὺν</span> <span class='ocrx_word' id='word_1_452' title='bbox 2426 2101 2494 2170; x_wconf 72' lang='grc' dir='ltr'><strong>τῇ</strong></span> <span class='ocrx_word' id='word_1_453' title='bbox 2524 2100 2698 2170; x_wconf 77' lang='grc' dir='ltr'>μητρὶ</span> <span class='ocrx_word' id='word_1_454' title='bbox 2729 2101 2867 2171; x_wconf 81' lang='grc' dir='ltr'>πρὸς</span> <span class='ocrx_word' id='word_1_455' title='bbox 2899 2101 2991 2155; x_wconf 80' lang='grc' dir='ltr'>τὸν</span> <span class='ocrx_word' id='word_1_456' title='bbox 3020 2104 3221 2157; x_wconf 74' lang='grc' dir='ltr'>οἰκεῖον</span> <span class='ocrx_word' id='word_1_457' title='bbox 3245 2103 3517 2175; x_wconf 82' lang='grc' dir='ltr'><strong>δεσπότην</strong></span> <span class='ocrx_word' id='word_1_458' title='bbox 3545 2105 3784 2176; x_wconf 78' lang='grc' dir='ltr'>ἀπέρχε-</span> 
     </span>
    </p>
   </div>
   <div class='ocr_carea' id='block_1_65' title="bbox 2201 2189 3786 2269">
    <p class='ocr_par' dir='ltr' id='par_1_65' title="bbox 2201 2189 3786 2269">
     <span class='ocr_line' id='line_1_65' title="bbox 2201 2189 3786 2269; baseline 0.003 -25"><span class='ocrx_word' id='word_1_459' title='bbox 2201 2189 2505 2258; x_wconf 79' lang='grc' dir='ltr'>οθαι,ἀλλά</span> <span class='ocrx_word' id='word_1_460' title='bbox 2534 2193 3018 2265; x_wconf 83' lang='grc' dir='ltr'>παρακατέχεσθαι</span> <span class='ocrx_word' id='word_1_461' title='bbox 3049 2194 3157 2250; x_wconf 78' lang='grc' dir='ltr'><strong>ὑπὸ</strong></span> <span class='ocrx_word' id='word_1_462' title='bbox 3177 2194 3394 2265; x_wconf 82' lang='grc' dir='ltr'>τούτου,</span> <span class='ocrx_word' id='word_1_463' title='bbox 3413 2197 3474 2261; x_wconf 86' lang='grc' dir='ltr'><strong>δς</strong></span> <span class='ocrx_word' id='word_1_464' title='bbox 3498 2196 3786 2269; x_wconf 83' lang='grc' dir='ltr'>ἀλλοτρίου</span> 
     </span>
    </p>
   </div>
   <div class='ocr_carea' id='block_1_66' title="bbox 2199 2285 3002 2359">
    <p class='ocr_par' dir='ltr' id='par_1_66' title="bbox 2199 2285 3002 2359">
     <span class='ocr_line' id='line_1_66' title="bbox 2199 2285 3002 2359; baseline 0.009 -23"><span class='ocrx_word' id='word_1_465' title='bbox 2199 2286 2484 2355; x_wconf 79' lang='grc' dir='ltr'>κτήματος</span> <span class='ocrx_word' id='word_1_466' title='bbox 2519 2285 2678 2357; x_wconf 76' lang='grc' dir='ltr'>ὤφθη</span> <span class='ocrx_word' id='word_1_467' title='bbox 2710 2288 3002 2359; x_wconf 84' lang='grc' dir='ltr'>δεσπότης.</span> 
     </span>
    </p>
   </div>
   <div class='ocr_carea' id='block_1_67' title="bbox 2268 2370 3783 2453">
    <p class='ocr_par' dir='ltr' id='par_1_67' title="bbox 2268 2370 3783 2453">
     <span class='ocr_line' id='line_1_67' title="bbox 2268 2370 3783 2453; baseline 0.007 -29"><span class='ocrx_word' id='word_1_468' title='bbox 2268 2370 2440 2425; x_wconf 78' lang='grc' dir='ltr'>Τοῦτο</span> <span class='ocrx_word' id='word_1_469' title='bbox 2467 2371 2559 2428; x_wconf 78' lang='grc' dir='ltr'>οὖν</span> <span class='ocrx_word' id='word_1_470' title='bbox 2591 2377 2713 2429; x_wconf 78' lang='grc' dir='ltr'>ἐπεὶ</span> <span class='ocrx_word' id='word_1_471' title='bbox 2745 2377 2820 2447; x_wconf 86' lang='grc' dir='ltr'>μὴ</span> <span class='ocrx_word' id='word_1_472' title='bbox 2852 2377 3035 2442; x_wconf 82' lang='grc' dir='ltr'>καλῶς</span> <span class='ocrx_word' id='word_1_473' title='bbox 3079 2378 3230 2451; x_wconf 74' lang='grc' dir='ltr'>ἔχειν</span> <span class='ocrx_word' id='word_1_474' title='bbox 3277 2380 3448 2448; x_wconf 80' lang='grc' dir='ltr'>δοκεῖ,</span> <span class='ocrx_word' id='word_1_475' title='bbox 3477 2382 3578 2452; x_wconf 82' lang='grc' dir='ltr'>τῆς</span> <span class='ocrx_word' id='word_1_476' title='bbox 3610 2397 3783 2453; x_wconf 76' lang='grc' dir='ltr'>προσο</span> 
     </span>
    </p>
   </div>
   <div class='ocr_carea' id='block_1_68' title="bbox 2197 2464 3786 2544">
    <p class='ocr_par' dir='ltr' id='par_1_68' title="bbox 2197 2464 3786 2544">
     <span class='ocr_line' id='line_1_68' title="bbox 2197 2464 3786 2544; baseline 0.007 -28"><span class='ocrx_word' id='word_1_477' title='bbox 2197 2464 2441 2537; x_wconf 78' lang='grc' dir='ltr'>ηκούσης</span> <span class='ocrx_word' id='word_1_478' title='bbox 2472 2464 2772 2537; x_wconf 83' lang='grc' dir='ltr'>θεραπείας</span> <span class='ocrx_word' id='word_1_479' title='bbox 2802 2468 3083 2536; x_wconf 78' lang='grc' dir='ltr'>ἀξιοῦντες</span> <span class='ocrx_word' id='word_1_480' title='bbox 3105 2473 3266 2543; x_wconf 84' lang='grc' dir='ltr'>ήμείς</span> <span class='ocrx_word' id='word_1_481' title='bbox 3293 2473 3786 2544; x_wconf 81' lang='grc' dir='ltr'>παρακελευόμεθα</span> 
     </span>
    </p>
   </div>
   <div class='ocr_carea' id='block_1_69' title="bbox 2195 2557 3784 2636">
    <p class='ocr_par' dir='ltr' id='par_1_69' title="bbox 2195 2557 3784 2636">
     <span class='ocr_line' id='line_1_69' title="bbox 2195 2557 3784 2636; baseline 0.006 -28"><span class='ocrx_word' id='word_1_482' title='bbox 2195 2558 2262 2626; x_wconf 84' lang='grc' dir='ltr'>τῇ</span> <span class='ocrx_word' id='word_1_483' title='bbox 2288 2557 2524 2630; x_wconf 76' lang='grc' dir='ltr'>τεκούσῃ</span> <span class='ocrx_word' id='word_1_484' title='bbox 2553 2559 2647 2612; x_wconf 83' lang='grc' dir='ltr'>τὸν</span> <span class='ocrx_word' id='word_1_485' title='bbox 2677 2559 2808 2613; x_wconf 88' lang='grc' dir='ltr'>ῐδιον</span> <span class='ocrx_word' id='word_1_486' title='bbox 2835 2560 2996 2615; x_wconf 78' lang='grc' dir='ltr'>τόκον</span> <span class='ocrx_word' id='word_1_487' title='bbox 3019 2561 3360 2618; x_wconf 82' lang='grc' dir='ltr'>ἀκολουθεῖν.</span> <span class='ocrx_word' id='word_1_488' title='bbox 3389 2564 3462 2616; x_wconf 82' lang='grc' dir='ltr'><strong>Οὐ</strong></span> <span class='ocrx_word' id='word_1_489' title='bbox 3497 2562 3607 2636; x_wconf 83' lang='grc' dir='ltr'><strong>γάρ</strong></span> <span class='ocrx_word' id='word_1_490' title='bbox 3640 2565 3726 2619; x_wconf 75' lang='grc' dir='ltr'>ὅτι</span> <span class='ocrx_word' id='word_1_491' title='bbox 3752 2564 3784 2618; x_wconf 80' lang='grc' dir='ltr'><strong>ό</strong></span> 
     </span>
    </p>
   </div>
   <div class='ocr_carea' id='block_1_70' title="bbox 2197 2649 3786 2726">
    <p class='ocr_par' dir='ltr' id='par_1_70' title="bbox 2197 2649 3786 2726">
     <span class='ocr_line' id='line_1_70' title="bbox 2197 2649 3786 2726; baseline 0.004 -22"><span class='ocrx_word' id='word_1_492' title='bbox 2197 2649 2439 2723; x_wconf 71' lang='grc' dir='ltr'>κλέπτης</span> <span class='ocrx_word' id='word_1_493' title='bbox 2492 2653 2686 2724; x_wconf 80' lang='grc' dir='ltr'>ὑπέχει</span> <span class='ocrx_word' id='word_1_494' title='bbox 2735 2652 2774 2708; x_wconf 76' lang='grc' dir='ltr'><strong>ἃ.</strong></span> <span class='ocrx_word' id='word_1_495' title='bbox 2824 2653 3053 2726; x_wconf 79' lang='grc' dir='ltr'>διορίζει</span> <span class='ocrx_word' id='word_1_496' title='bbox 3101 2656 3130 2707; x_wconf 85' lang='grc' dir='ltr'><strong>ό</strong></span> <span class='ocrx_word' id='word_1_497' title='bbox 3182 2657 3349 2726; x_wconf 80' lang='grc' dir='ltr'>νόμος</span> <span class='ocrx_word' id='word_1_498' title='bbox 3398 2656 3561 2710; x_wconf 78' lang='grc' dir='ltr'>αὐτὸν</span> <span class='ocrx_word' id='word_1_499' title='bbox 3607 2673 3786 2712; x_wconf 84' lang='grc' dir='ltr'>κατα-</span> 
     </span>
    </p>
   </div>
   <div class='ocr_carea' id='block_1_71' title="bbox 2197 2747 3787 2825">
    <p class='ocr_par' dir='ltr' id='par_1_71' title="bbox 2197 2747 3787 2825">
     <span class='ocr_line' id='line_1_71' title="bbox 2197 2747 3787 2825; baseline 0.006 -26"><span class='ocrx_word' id='word_1_500' title='bbox 2197 2747 2417 2802; x_wconf 78' lang='grc' dir='ltr'>δάλλειν</span> <span class='ocrx_word' id='word_1_501' title='bbox 2447 2748 2525 2819; x_wconf 79' lang='grc' dir='ltr'><strong>τῷ</strong></span> <span class='ocrx_word' id='word_1_502' title='bbox 2559 2750 2797 2820; x_wconf 78' lang='grc' dir='ltr'>δεσπότῃ</span> <span class='ocrx_word' id='word_1_503' title='bbox 2820 2790 2836 2816; x_wconf 93' lang='grc'><strong>,</strong></span> <span class='ocrx_word' id='word_1_504' title='bbox 2872 2749 2962 2806; x_wconf 78' lang='grc' dir='ltr'><strong>διὰ</strong></span> <span class='ocrx_word' id='word_1_505' title='bbox 3004 2751 3166 2805; x_wconf 80' lang='grc' dir='ltr'>τοῦτο</span> <span class='ocrx_word' id='word_1_506' title='bbox 3215 2752 3654 2825; x_wconf 76' lang='grc' dir='ltr'>ἀποστερήσεται</span> <span class='ocrx_word' id='word_1_507' title='bbox 3686 2755 3787 2825; x_wconf 80' lang='grc' dir='ltr'>μὲν</span> 
     </span>
    </p>
   </div>
   <div class='ocr_carea' id='block_1_72' title="bbox 2196 2838 3787 2918">
    <p class='ocr_par' dir='ltr' id='par_1_72' title="bbox 2196 2838 3787 2918">
     <span class='ocr_line' id='line_1_72' title="bbox 2196 2838 3787 2918; baseline 0.004 -24"><span class='ocrx_word' id='word_1_508' title='bbox 2196 2841 2363 2906; x_wconf 76' lang='grc' dir='ltr'>αὐτὸς</span> <span class='ocrx_word' id='word_1_509' title='bbox 2391 2841 2482 2894; x_wconf 80' lang='grc' dir='ltr'>τὸν</span> <span class='ocrx_word' id='word_1_510' title='bbox 2508 2842 2669 2895; x_wconf 86' lang='grc' dir='ltr'>τόκον</span> <span class='ocrx_word' id='word_1_511' title='bbox 2704 2843 2804 2914; x_wconf 82' lang='grc' dir='ltr'>τῆς</span> <span class='ocrx_word' id='word_1_512' title='bbox 2848 2838 3065 2907; x_wconf 73' lang='grc' dir='ltr'>οἰκείας</span> <span class='ocrx_word' id='word_1_513' title='bbox 3104 2844 3446 2916; x_wconf 82' lang='grc' dir='ltr'>θεραπαίνης</span> <span class='ocrx_word' id='word_1_514' title='bbox 3468 2885 3485 2908; x_wconf 93' lang='grc'><strong>,</strong></span> <span class='ocrx_word' id='word_1_515' title='bbox 3521 2845 3787 2918; x_wconf 80' lang='grc' dir='ltr'>κερδήσει</span> 
     </span>
    </p>
   </div>
   <div class='ocr_carea' id='block_1_73' title="bbox 2195 2929 3787 3007">
    <p class='ocr_par' dir='ltr' id='par_1_73' title="bbox 2195 2929 3787 3007">
     <span class='ocr_line' id='line_1_73' title="bbox 2195 2929 3787 3007; baseline 0.006 -24"><span class='ocrx_word' id='word_1_516' title='bbox 2195 2929 2254 2983; x_wconf 77' lang='grc' dir='ltr'>δὲ</span> <span class='ocrx_word' id='word_1_517' title='bbox 2279 2929 2471 2984; x_wconf 84' lang='grc' dir='ltr'>τοῦτον</span> <span class='ocrx_word' id='word_1_518' title='bbox 2504 2930 2697 2994; x_wconf 75' lang='grc' dir='ltr'>ἄλλος’</span> <span class='ocrx_word' id='word_1_519' title='bbox 2732 2932 2895 3004; x_wconf 77' lang='grc' dir='ltr'>ἀρκεῖ</span> <span class='ocrx_word' id='word_1_520' title='bbox 2917 2934 3024 3004; x_wconf 78' lang='grc' dir='ltr'>γὰρ</span> <span class='ocrx_word' id='word_1_521' title='bbox 3048 2935 3226 3006; x_wconf 79' lang='grc' dir='ltr'>τούτῳ</span> <span class='ocrx_word' id='word_1_522' title='bbox 3269 2936 3405 3007; x_wconf 81' lang='grc' dir='ltr'>πρὸς</span> <span class='ocrx_word' id='word_1_523' title='bbox 3442 2936 3655 3007; x_wconf 83' lang='grc' dir='ltr'>κέρδος,</span> <span class='ocrx_word' id='word_1_524' title='bbox 3685 2938 3787 2993; x_wconf 84' lang='grc' dir='ltr'>ὅσα</span> 
     </span>
    </p>
   </div>
   <div class='ocr_carea' id='block_1_74' title="bbox 2196 3021 3786 3100">
    <p class='ocr_par' dir='ltr' id='par_1_74' title="bbox 2196 3021 3786 3100">
     <span class='ocr_line' id='line_1_74' title="bbox 2196 3021 3786 3100; baseline 0.007 -26"><span class='ocrx_word' id='word_1_525' title='bbox 2196 3023 2278 3085; x_wconf 81' lang='grc' dir='ltr'>εἰς</span> <span class='ocrx_word' id='word_1_526' title='bbox 2331 3021 2640 3094; x_wconf 81' lang='grc' dir='ltr'>ὑπηρεσίαν</span> <span class='ocrx_word' id='word_1_527' title='bbox 2692 3024 2832 3096; x_wconf 72' lang='grc' dir='ltr'>αὐτῇ</span> <span class='ocrx_word' id='word_1_528' title='bbox 2888 3024 3267 3097; x_wconf 81' lang='grc' dir='ltr'>ἀπεχρήσατο.</span> <span class='ocrx_word' id='word_1_529' title='bbox 3326 3028 3522 3095; x_wconf 68' lang='lat' dir='ltr'><strong>Nai&quot;,</strong></span> <span class='ocrx_word' id='word_1_530' title='bbox 3594 3032 3786 3100; x_wconf 62' lang='grc' dir='ltr'>φησὶν,</span> 
     </span>
    </p>
   </div>
   <div class='ocr_carea' id='block_1_75' title="bbox 2197 3113 3789 3191">
    <p class='ocr_par' dir='ltr' id='par_1_75' title="bbox 2197 3113 3789 3191">
     <span class='ocr_line' id='line_1_75' title="bbox 2197 3113 3789 3191; baseline 0.006 -22"><span class='ocrx_word' id='word_1_531' title='bbox 2197 3113 2315 3169; x_wconf 84' lang='grc' dir='ltr'>ἀλλ’</span> <span class='ocrx_word' id='word_1_532' title='bbox 2370 3115 2422 3168; x_wconf 79' lang='grc' dir='ltr'><strong>εί</strong></span> <span class='ocrx_word' id='word_1_533' title='bbox 2474 3117 2641 3185; x_wconf 82' lang='grc' dir='ltr'>τιμὴν</span> <span class='ocrx_word' id='word_1_534' title='bbox 2700 3116 2841 3189; x_wconf 81' lang='grc' dir='ltr'>ὑπὲρ</span> <span class='ocrx_word' id='word_1_535' title='bbox 2897 3117 3069 3190; x_wconf 81' lang='grc' dir='ltr'>αὐτῆς</span> <span class='ocrx_word' id='word_1_536' title='bbox 3123 3120 3550 3191; x_wconf 78' lang='grc' dir='ltr'>κατατιθέμενος</span> <span class='ocrx_word' id='word_1_537' title='bbox 3613 3122 3789 3191; x_wconf 78' lang='grc' dir='ltr'>οὕτως</span> 
     </span>
    </p>
   </div>
   <div class='ocr_carea' id='block_1_76' title="bbox 2198 3209 3788 3288">
    <p class='ocr_par' dir='ltr' id='par_1_76' title="bbox 2198 3209 3788 3288">
     <span class='ocr_line' id='line_1_76' title="bbox 2198 3209 3788 3288; baseline 0.006 -26"><span class='ocrx_word' id='word_1_538' title='bbox 2198 3209 2490 3282; x_wconf 78' lang='grc' dir='ltr'>ἐκτήσατο,</span> <span class='ocrx_word' id='word_1_539' title='bbox 2517 3209 2597 3264; x_wconf 84' lang='grc' dir='ltr'>δεῖ</span> <span class='ocrx_word' id='word_1_540' title='bbox 2625 3228 2678 3264; x_wconf 85' lang='grc' dir='ltr'><strong>τι</strong></span> <span class='ocrx_word' id='word_1_541' title='bbox 2709 3212 2803 3264; x_wconf 79' lang='grc' dir='ltr'>καὶ</span> <span class='ocrx_word' id='word_1_542' title='bbox 2824 3209 3014 3266; x_wconf 82' lang='grc' dir='ltr'>τοῦτον</span> <span class='ocrx_word' id='word_1_543' title='bbox 3048 3212 3354 3286; x_wconf 86' lang='grc' dir='ltr'>κερδαίνειν</span> <span class='ocrx_word' id='word_1_544' title='bbox 3384 3215 3448 3268; x_wconf 71' lang='grc' dir='ltr'>ἐκ</span> <span class='ocrx_word' id='word_1_545' title='bbox 3478 3213 3578 3269; x_wconf 79' lang='grc' dir='ltr'>τοῦ</span> <span class='ocrx_word' id='word_1_546' title='bbox 3621 3220 3788 3288; x_wconf 79' lang='grc' dir='ltr'>τιμή-</span> 
     </span>
    </p>
   </div>
   <div class='ocr_carea' id='block_1_77' title="bbox 2197 3303 3786 3383">
    <p class='ocr_par' dir='ltr' id='par_1_77' title="bbox 2197 3303 3786 3383">
     <span class='ocr_line' id='line_1_77' title="bbox 2197 3303 3786 3383; baseline 0.005 -27"><span class='ocrx_word' id='word_1_547' title='bbox 2197 3319 2409 3374; x_wconf 85' lang='grc' dir='ltr'>ματος,</span> <span class='ocrx_word' id='word_1_548' title='bbox 2458 3305 2556 3360; x_wconf 73' lang='grc' dir='ltr'>καὶ</span> <span class='ocrx_word' id='word_1_549' title='bbox 2595 3303 2687 3358; x_wconf 76' lang='grc' dir='ltr'><strong>διὰ</strong></span> <span class='ocrx_word' id='word_1_550' title='bbox 2727 3304 2888 3360; x_wconf 78' lang='grc' dir='ltr'>τοῦτο</span> <span class='ocrx_word' id='word_1_551' title='bbox 2917 3307 2980 3359; x_wconf 69' lang='grc' dir='ltr'>τὸ</span> <span class='ocrx_word' id='word_1_552' title='bbox 3017 3307 3212 3379; x_wconf 79' lang='grc' dir='ltr'>τεχθὲν</span> <span class='ocrx_word' id='word_1_553' title='bbox 3259 3309 3360 3362; x_wconf 82' lang='grc' dir='ltr'>οὐκ</span> <span class='ocrx_word' id='word_1_554' title='bbox 3401 3308 3606 3363; x_wconf 83' lang='grc' dir='ltr'>ἄτοπον</span> <span class='ocrx_word' id='word_1_555' title='bbox 3653 3313 3786 3383; x_wconf 82' lang='grc' dir='ltr'>παρ’</span> 
     </span>
    </p>
   </div>
   <div class='ocr_carea' id='block_1_78' title="bbox 2195 3395 3785 3471">
    <p class='ocr_par' dir='ltr' id='par_1_78' title="bbox 2195 3395 3785 3471">
     <span class='ocr_line' id='line_1_78' title="bbox 2195 3395 3785 3471; baseline 0.005 -22"><span class='ocrx_word' id='word_1_556' title='bbox 2195 3395 2346 3468; x_wconf 81' lang='grc' dir='ltr'>αὐτῷ</span> <span class='ocrx_word' id='word_1_557' title='bbox 2368 3395 2664 3467; x_wconf 84' lang='grc' dir='ltr'>διαμένειν.</span> <span class='ocrx_word' id='word_1_558' title='bbox 2705 3397 2846 3450; x_wconf 80' lang='grc' dir='ltr'>Ἀλλ’</span> <span class='ocrx_word' id='word_1_559' title='bbox 2872 3400 2920 3452; x_wconf 81' lang='grc' dir='ltr'><strong>εί</strong></span> <span class='ocrx_word' id='word_1_560' title='bbox 2947 3396 3110 3453; x_wconf 84' lang='grc' dir='ltr'>τοῦτό</span> <span class='ocrx_word' id='word_1_561' title='bbox 3152 3417 3242 3464; x_wconf 86' lang='grc' dir='ltr'><strong>τις</strong></span> <span class='ocrx_word' id='word_1_562' title='bbox 3265 3401 3491 3471; x_wconf 73' lang='grc' dir='ltr'>εὔλογον</span> <span class='ocrx_word' id='word_1_563' title='bbox 3515 3398 3660 3458; x_wconf 76' lang='grc' dir='ltr'>εἶναι</span> <span class='ocrx_word' id='word_1_564' title='bbox 3690 3422 3785 3457; x_wconf 83' lang='grc' dir='ltr'>νο-</span> 
     </span>
    </p>
   </div>
   <div class='ocr_carea' id='block_1_79' title="bbox 2199 3488 3788 3563">
    <p class='ocr_par' dir='ltr' id='par_1_79' title="bbox 2199 3488 3788 3563">
     <span class='ocr_line' id='line_1_79' title="bbox 2199 3488 3788 3563; baseline 0.004 -20"><span class='ocrx_word' id='word_1_565' title='bbox 2199 3488 2347 3559; x_wconf 75' lang='grc' dir='ltr'>μίξει</span> <span class='ocrx_word' id='word_1_566' title='bbox 2385 3489 2465 3553; x_wconf 84' lang='grc' dir='ltr'><strong>εἰς</strong></span> <span class='ocrx_word' id='word_1_567' title='bbox 2507 3489 2841 3560; x_wconf 79' lang='grc' dir='ltr'>κατάσχεσιν</span> <span class='ocrx_word' id='word_1_568' title='bbox 2867 3491 2966 3545; x_wconf 75' lang='grc' dir='ltr'>τοῦ</span> <span class='ocrx_word' id='word_1_569' title='bbox 3005 3493 3293 3563; x_wconf 80' lang='grc' dir='ltr'>κυήματος</span> <span class='ocrx_word' id='word_1_570' title='bbox 3312 3533 3328 3559; x_wconf 93' lang='grc'><strong>,</strong></span> <span class='ocrx_word' id='word_1_571' title='bbox 3361 3495 3480 3558; x_wconf 85' lang='grc' dir='ltr'>πῶς</span> <span class='ocrx_word' id='word_1_572' title='bbox 3502 3495 3604 3549; x_wconf 76' lang='grc' dir='ltr'>οὐκ</span> <span class='ocrx_word' id='word_1_573' title='bbox 3634 3498 3788 3550; x_wconf 77' lang='grc' dir='ltr'>εὐλο-</span> 
     </span>
    </p>
   </div>
   <div class='ocr_carea' id='block_1_80' title="bbox 2194 3582 3784 3659">
    <p class='ocr_par' dir='ltr' id='par_1_80' title="bbox 2194 3582 3784 3659">
     <span class='ocr_line' id='line_1_80' title="bbox 2194 3582 3784 3659; baseline 0.005 -24"><span class='ocrx_word' id='word_1_574' title='bbox 2194 3582 2437 3654; x_wconf 77' lang='grc' dir='ltr'>γώτερον</span> <span class='ocrx_word' id='word_1_575' title='bbox 2467 3582 2548 3647; x_wconf 79' lang='grc' dir='ltr'><strong>τίς</strong></span> <span class='ocrx_word' id='word_1_576' title='bbox 2576 3584 2635 3636; x_wconf 78' lang='grc' dir='ltr'>τὸ</span> <span class='ocrx_word' id='word_1_577' title='bbox 2665 3583 2897 3638; x_wconf 68' lang='grc' dir='ltr'>ἔπεσθαι</span> <span class='ocrx_word' id='word_1_578' title='bbox 2928 3586 2962 3656; x_wconf 82' lang='grc' dir='ltr'><strong>ἡ</strong></span> <span class='ocrx_word' id='word_1_579' title='bbox 2996 3585 3092 3640; x_wconf 84' lang='grc' dir='ltr'>τοῦ</span> <span class='ocrx_word' id='word_1_580' title='bbox 3142 3586 3336 3659; x_wconf 85' lang='grc' dir='ltr'>πρώην</span> <span class='ocrx_word' id='word_1_581' title='bbox 3381 3588 3648 3642; x_wconf 85' lang='grc' dir='ltr'>δεσπότου</span> <span class='ocrx_word' id='word_1_582' title='bbox 3687 3589 3784 3644; x_wconf 78' lang='grc' dir='ltr'><strong>τοῦ</strong></span> 
     </span>
    </p>
   </div>
   <div class='ocr_carea' id='block_1_81' title="bbox 2193 3670 3782 3747">
    <p class='ocr_par' dir='ltr' id='par_1_81' title="bbox 2193 3670 3782 3747">
     <span class='ocr_line' id='line_1_81' title="bbox 2193 3670 3782 3747; baseline 0.008 -25"><span class='ocrx_word' id='word_1_583' title='bbox 2193 3670 2505 3741; x_wconf 74' lang='grc' dir='ltr'>τιμήματος</span> <span class='ocrx_word' id='word_1_584' title='bbox 2530 3671 2884 3741; x_wconf 75' lang='grc' dir='ltr'>προλαϐοῦσα</span> <span class='ocrx_word' id='word_1_585' title='bbox 2925 3673 3204 3747; x_wconf 78' lang='grc' dir='ltr'>καταδολή</span> <span class='ocrx_word' id='word_1_586' title='bbox 3229 3693 3245 3742; x_wconf 87' lang='lat'><strong>;</strong></span> <span class='ocrx_word' id='word_1_587' title='bbox 3277 3676 3396 3740; x_wconf 83' lang='grc' dir='ltr'>πῶς</span> <span class='ocrx_word' id='word_1_588' title='bbox 3423 3676 3470 3730; x_wconf 86' lang='grc' dir='ltr'>δ’</span> <span class='ocrx_word' id='word_1_589' title='bbox 3501 3679 3604 3733; x_wconf 85' lang='grc' dir='ltr'>οὐκ</span> <span class='ocrx_word' id='word_1_590' title='bbox 3629 3680 3782 3733; x_wconf 74' lang='grc' dir='ltr'>ἐστιν</span> 
     </span>
    </p>
   </div>
   <div class='ocr_carea' id='block_1_82' title="bbox 2196 3760 3786 3839">
    <p class='ocr_par' dir='ltr' id='par_1_82' title="bbox 2196 3760 3786 3839">
     <span class='ocr_line' id='line_1_82' title="bbox 2196 3760 3786 3839; baseline 0.009 -24"><span class='ocrx_word' id='word_1_591' title='bbox 2196 3760 2605 3835; x_wconf 79' lang='grc' dir='ltr'>ἁρμοδιώτερον</span> <span class='ocrx_word' id='word_1_592' title='bbox 2628 3763 2722 3818; x_wconf 84' lang='grc' dir='ltr'>τὸν</span> <span class='ocrx_word' id='word_1_593' title='bbox 2752 3765 3068 3821; x_wconf 80' lang='grc' dir='ltr'>ὑποστάντα</span> <span class='ocrx_word' id='word_1_594' title='bbox 3098 3769 3200 3837; x_wconf 86' lang='grc' dir='ltr'>τὴν</span> <span class='ocrx_word' id='word_1_595' title='bbox 3225 3769 3507 3827; x_wconf 83' lang='grc' dir='ltr'>ἀπώλειαν</span> <span class='ocrx_word' id='word_1_596' title='bbox 3538 3773 3636 3826; x_wconf 77' lang='grc' dir='ltr'>καὶ</span> <span class='ocrx_word' id='word_1_597' title='bbox 3660 3767 3786 3839; x_wconf 82' lang='grc' dir='ltr'>ταῖς</span> 
     </span>
    </p>
   </div>
   <div class='ocr_carea' id='block_1_83' title="bbox 2195 3852 3783 3934">
    <p class='ocr_par' dir='ltr' id='par_1_83' title="bbox 2195 3852 3783 3934">
     <span class='ocr_line' id='line_1_83' title="bbox 2195 3852 3783 3934; baseline 0.008 -27"><span class='ocrx_word' id='word_1_598' title='bbox 2195 3852 2408 3907; x_wconf 77' lang='grc' dir='ltr'>ἐκεῖθεν</span> <span class='ocrx_word' id='word_1_599' title='bbox 2434 3854 2695 3926; x_wconf 74' lang='grc' dir='ltr'>ἀλγηδόσι</span> <span class='ocrx_word' id='word_1_600' title='bbox 2725 3856 3059 3929; x_wconf 76' lang='grc' dir='ltr'>βεϐλημένον</span> <span class='ocrx_word' id='word_1_601' title='bbox 3089 3860 3188 3929; x_wconf 81' lang='grc' dir='ltr'>τὴν</span> <span class='ocrx_word' id='word_1_602' title='bbox 3216 3861 3447 3932; x_wconf 84' lang='grc' dir='ltr'>καρδίαν</span> <span class='ocrx_word' id='word_1_603' title='bbox 3479 3862 3559 3933; x_wconf 84' lang='grc' dir='ltr'>τῷ</span> <span class='ocrx_word' id='word_1_604' title='bbox 3589 3865 3783 3934; x_wconf 83' lang='grc' dir='ltr'>κέρδει</span> 
     </span>
    </p>
   </div>
   <div class='ocr_carea' id='block_1_84' title="bbox 2178 3945 3786 4028">
    <p class='ocr_par' dir='ltr' id='par_1_84' title="bbox 2178 3945 3786 4028">
     <span class='ocr_line' id='line_1_84' title="bbox 2178 3945 3786 4028; baseline 0.007 -30"><span class='ocrx_word' id='word_1_605' title='bbox 2178 3945 2622 4021; x_wconf 71' lang='grc' dir='ltr'>θεραπεύεσθαι,</span> <span class='ocrx_word' id='word_1_606' title='bbox 2649 3949 2786 4002; x_wconf 85' lang='grc' dir='ltr'>ἀλλὰ</span> <span class='ocrx_word' id='word_1_607' title='bbox 2817 3949 2890 4022; x_wconf 80' lang='grc' dir='ltr'>μὴ</span> <span class='ocrx_word' id='word_1_608' title='bbox 2934 3952 3145 4005; x_wconf 73' lang='grc' dir='ltr'>ἐκεῖνον</span> <span class='ocrx_word' id='word_1_609' title='bbox 3170 3951 3330 4005; x_wconf 83' lang='grc' dir='ltr'>τοῦτο</span> <span class='ocrx_word' id='word_1_610' title='bbox 3355 3952 3524 4025; x_wconf 78' lang='grc' dir='ltr'>ἔχειν,</span> <span class='ocrx_word' id='word_1_611' title='bbox 3558 3955 3619 4020; x_wconf 79' lang='grc' dir='ltr'>ὃς</span> <span class='ocrx_word' id='word_1_612' title='bbox 3643 3957 3786 4028; x_wconf 71' lang='grc' dir='ltr'>πρὸς</span> 
     </span>
    </p>
   </div>
   <div class='ocr_carea' id='block_1_85' title="bbox 2195 4037 3785 4121">
    <p class='ocr_par' dir='ltr' id='par_1_85' title="bbox 2195 4037 3785 4121">
     <span class='ocr_line' id='line_1_85' title="bbox 2195 4037 3785 4121; baseline 0.007 -28"><span class='ocrx_word' id='word_1_613' title='bbox 2195 4037 2274 4109; x_wconf 85' lang='grc' dir='ltr'>τῷ</span> <span class='ocrx_word' id='word_1_614' title='bbox 2323 4039 2490 4112; x_wconf 79' lang='grc' dir='ltr'>μηδὲν</span> <span class='ocrx_word' id='word_1_615' title='bbox 2544 4041 2952 4096; x_wconf 86' lang='grc' dir='ltr'>ἀπολωλεκέναι</span> <span class='ocrx_word' id='word_1_616' title='bbox 2990 4044 3191 4114; x_wconf 71' lang='grc' dir='ltr'>(ἔξεστι</span> <span class='ocrx_word' id='word_1_617' title='bbox 3218 4046 3329 4117; x_wconf 81' lang='grc' dir='ltr'>γὰρ</span> <span class='ocrx_word' id='word_1_618' title='bbox 3359 4048 3509 4118; x_wconf 84' lang='grc' dir='ltr'>αὐτῷ</span> <span class='ocrx_word' id='word_1_619' title='bbox 3531 4051 3785 4121; x_wconf 81' lang='grc' dir='ltr'>ἀναλαμ-</span> 
     </span>
    </p>
   </div>
   <div class='ocr_carea' id='block_1_86' title="bbox 2195 4131 3785 4211">
    <p class='ocr_par' dir='ltr' id='par_1_86' title="bbox 2195 4131 3785 4211">
     <span class='ocr_line' id='line_1_86' title="bbox 2195 4131 3785 4211; baseline 0.009 -27"><span class='ocrx_word' id='word_1_620' title='bbox 2195 4131 2378 4186; x_wconf 78' lang='grc' dir='ltr'>ϐάνειν</span> <span class='ocrx_word' id='word_1_621' title='bbox 2407 4133 2468 4186; x_wconf 80' lang='grc' dir='ltr'>τὸ</span> <span class='ocrx_word' id='word_1_622' title='bbox 2501 4135 2718 4204; x_wconf 82' lang='grc' dir='ltr'>τίμημα</span> <span class='ocrx_word' id='word_1_623' title='bbox 2742 4135 2869 4205; x_wconf 89' lang='grc' dir='ltr'>παρ’</span> <span class='ocrx_word' id='word_1_624' title='bbox 2889 4131 2949 4190; x_wconf 78' lang='grc' dir='ltr'><strong>οὗ</strong></span> <span class='ocrx_word' id='word_1_625' title='bbox 2972 4137 3291 4209; x_wconf 86' lang='grc' dir='ltr'>κλαπεῑσαή</span> <span class='ocrx_word' id='word_1_626' title='bbox 3327 4140 3634 4211; x_wconf 79' lang='grc' dir='ltr'>θεράπαινα</span> <span class='ocrx_word' id='word_1_627' title='bbox 3682 4147 3785 4198; x_wconf 72' lang='grc' dir='ltr'><strong>ἀπε</strong></span> 
     </span>
    </p>
   </div>
   <div class='ocr_carea' id='block_1_87' title="bbox 2191 4223 3782 4306">
    <p class='ocr_par' dir='ltr' id='par_1_87' title="bbox 2191 4223 3782 4306">
     <span class='ocr_line' id='line_1_87' title="bbox 2191 4223 3782 4306; baseline 0.009 -32"><span class='ocrx_word' id='word_1_628' title='bbox 2191 4223 2530 4295; x_wconf 84' lang='grc' dir='ltr'>ημπόληται)</span> <span class='ocrx_word' id='word_1_629' title='bbox 2546 4225 2640 4278; x_wconf 83' lang='grc' dir='ltr'>καὶ</span> <span class='ocrx_word' id='word_1_630' title='bbox 2662 4225 2730 4278; x_wconf 74' lang='grc' dir='ltr'>τὰ</span> <span class='ocrx_word' id='word_1_631' title='bbox 2750 4226 2848 4279; x_wconf 87' lang='grc' dir='ltr'>ὅσα</span> <span class='ocrx_word' id='word_1_632' title='bbox 2869 4228 3252 4298; x_wconf 72' lang='grc' dir='ltr'>ὑπηρετήσατο</span> <span class='ocrx_word' id='word_1_633' title='bbox 3273 4233 3541 4302; x_wconf 84' lang='grc' dir='ltr'>κερδήσας</span> <span class='ocrx_word' id='word_1_634' title='bbox 3556 4236 3782 4306; x_wconf 76' lang='grc' dir='ltr'>όρᾶταις</span> 
     </span>
    </p>
   </div>
   <div class='ocr_carea' id='block_1_88' title="bbox 2198 4313 3779 4396">
    <p class='ocr_par' dir='ltr' id='par_1_88' title="bbox 2198 4313 3779 4396">
     <span class='ocr_line' id='line_1_88' title="bbox 2198 4313 3779 4396; baseline 0.006 -27"><span class='ocrx_word' id='word_1_635' title='bbox 2198 4315 2481 4386; x_wconf 79' lang='grc' dir='ltr'>Οὐδαμῶς</span> <span class='ocrx_word' id='word_1_636' title='bbox 2531 4313 2645 4374; x_wconf 78' lang='grc' dir='ltr'><strong>οὖν</strong></span> <span class='ocrx_word' id='word_1_637' title='bbox 2691 4317 2763 4372; x_wconf 85' lang='grc' dir='ltr'><strong>ἑν</strong></span> <span class='ocrx_word' id='word_1_638' title='bbox 2812 4319 3044 4389; x_wconf 79' lang='grc' dir='ltr'>κατοχῇ</span> <span class='ocrx_word' id='word_1_639' title='bbox 3073 4321 3266 4387; x_wconf 77' lang='grc' dir='ltr'>ἔσται,</span> <span class='ocrx_word' id='word_1_640' title='bbox 3315 4323 3498 4387; x_wconf 86' lang='grc' dir='ltr'>καθὼς</span> <span class='ocrx_word' id='word_1_641' title='bbox 3540 4325 3779 4396; x_wconf 76' lang='grc' dir='ltr'>ἔφημεν,</span> 
     </span>
    </p>
   </div>
   <div class='ocr_carea' id='block_1_89' title="bbox 2192 4408 3778 4486">
    <p class='ocr_par' dir='ltr' id='par_1_89' title="bbox 2192 4408 3778 4486">
     <span class='ocr_line' id='line_1_89' title="bbox 2192 4408 3778 4486; baseline 0.008 -25"><span class='ocrx_word' id='word_1_642' title='bbox 2192 4408 2258 4462; x_wconf 81' lang='grc' dir='ltr'>τὸ</span> <span class='ocrx_word' id='word_1_643' title='bbox 2295 4409 2542 4478; x_wconf 82' lang='grc' dir='ltr'>τεχθὲν,</span> <span class='ocrx_word' id='word_1_644' title='bbox 2559 4409 2674 4462; x_wconf 85' lang='grc' dir='ltr'>ἀλλ’</span> <span class='ocrx_word' id='word_1_645' title='bbox 2700 4410 2889 4481; x_wconf 85' lang='grc' dir='ltr'>ὥσπερ</span> <span class='ocrx_word' id='word_1_646' title='bbox 2914 4413 3014 4483; x_wconf 82' lang='grc' dir='ltr'>τὴν</span> <span class='ocrx_word' id='word_1_647' title='bbox 3040 4415 3268 4486; x_wconf 84' lang='grc' dir='ltr'>μητέρα,</span> <span class='ocrx_word' id='word_1_648' title='bbox 3304 4415 3448 4470; x_wconf 77' lang='grc' dir='ltr'>οὕτω</span> <span class='ocrx_word' id='word_1_649' title='bbox 3474 4419 3566 4471; x_wconf 74' lang='grc' dir='ltr'>καὶ</span> <span class='ocrx_word' id='word_1_650' title='bbox 3593 4419 3654 4473; x_wconf 71' lang='grc' dir='ltr'>τὸ</span> <span class='ocrx_word' id='word_1_651' title='bbox 3688 4421 3778 4472; x_wconf 70' lang='grc' dir='ltr'>τέο</span> 
     </span>
    </p>
   </div>
   <div class='ocr_carea' id='block_1_90' title="bbox 2196 4506 3782 4587">
    <p class='ocr_par' dir='ltr' id='par_1_90' title="bbox 2196 4506 3782 4587">
     <span class='ocr_line' id='line_1_90' title="bbox 2196 4506 3782 4587; baseline 0.008 -30"><span class='ocrx_word' id='word_1_652' title='bbox 2196 4521 2322 4558; x_wconf 88' lang='grc' dir='ltr'>κνον</span> <span class='ocrx_word' id='word_1_653' title='bbox 2363 4507 2391 4558; x_wconf 89' lang='grc' dir='ltr'><strong>ὁ</strong></span> <span class='ocrx_word' id='word_1_654' title='bbox 2440 4507 2704 4577; x_wconf 85' lang='grc' dir='ltr'>πρότερος</span> <span class='ocrx_word' id='word_1_655' title='bbox 2736 4506 2848 4572; x_wconf 73' lang='grc' dir='ltr'>ἕξει</span> <span class='ocrx_word' id='word_1_656' title='bbox 2875 4508 3166 4580; x_wconf 75' lang='grc' dir='ltr'>δεσπότης.</span> <span class='ocrx_word' id='word_1_657' title='bbox 3194 4511 3294 4565; x_wconf 79' lang='grc' dir='ltr'>Ἂν</span> <span class='ocrx_word' id='word_1_658' title='bbox 3344 4530 3404 4567; x_wconf 84' lang='grc' dir='ltr'><strong>τε</strong></span> <span class='ocrx_word' id='word_1_659' title='bbox 3443 4515 3553 4583; x_wconf 84' lang='grc' dir='ltr'>γὰρ</span> <span class='ocrx_word' id='word_1_660' title='bbox 3595 4517 3623 4569; x_wconf 91' lang='grc' dir='ltr'><strong>ό</strong></span> <span class='ocrx_word' id='word_1_661' title='bbox 3679 4516 3782 4587; x_wconf 78' lang='grc' dir='ltr'>τὴν</span> 
     </span>
    </p>
   </div>
   <div class='ocr_carea' id='block_1_91' title="bbox 517 4581 2095 4679">
    <p class='ocr_par' dir='ltr' id='par_1_91' title="bbox 517 4581 2091 4667">
     <span class='ocr_line' id='line_1_91' title="bbox 517 4581 2091 4667; baseline 0.011 -32"><span class='ocrx_word' id='word_1_662' title='bbox 517 4581 612 4652; x_wconf 87' lang='lat' dir='ltr'><strong>pit,</strong></span> <span class='ocrx_word' id='word_1_663' title='bbox 649 4581 770 4651; x_wconf 82' lang='lat' dir='ltr'><strong>ejus</strong></span> <span class='ocrx_word' id='word_1_664' title='bbox 823 4583 1063 4654; x_wconf 87' lang='lat' dir='ltr'><strong>pretium</strong></span> <span class='ocrx_word' id='word_1_665' title='bbox 1126 4585 1338 4650; x_wconf 82' lang='lat' dir='ltr'><strong>reddat,</strong></span> <span class='ocrx_word' id='word_1_666' title='bbox 1395 4589 1532 4644; x_wconf 91' lang='lat' dir='ltr'><strong>nihil</strong></span> <span class='ocrx_word' id='word_1_667' title='bbox 1581 4593 1821 4663; x_wconf 87' lang='lat' dir='ltr'><strong>amplius</strong></span> <span class='ocrx_word' id='word_1_668' title='bbox 1879 4598 2091 4667; x_wconf 80' lang='lat' dir='ltr'><strong>negotii</strong></span> 
     </span>
    </p>
   </div>
   <div class='ocr_carea' id='block_1_92' title="bbox 2197 4581 3783 4679">
    <p class='ocr_par' dir='ltr' id='par_1_92' title="bbox 2203 4581 3783 4679">
     <span class='ocr_line' id='line_1_92' title="bbox 2203 4581 3783 4679; baseline 0.008 -28"><span class='ocrx_word' id='word_1_669' title='bbox 2203 4598 2410 4668; x_wconf 81' lang='grc' dir='ltr'>κλοπὴν</span> <span class='ocrx_word' id='word_1_670' title='bbox 2457 4601 2836 4672; x_wconf 78' lang='grc' dir='ltr'>ἐργασάμενος</span> <span class='ocrx_word' id='word_1_671' title='bbox 2883 4603 2990 4656; x_wconf 83' lang='grc' dir='ltr'><strong>τῶν</strong></span> <span class='ocrx_word' id='word_1_672' title='bbox 3033 4604 3284 4675; x_wconf 78' lang='grc' dir='ltr'>εὐπόρων</span> <span class='ocrx_word' id='word_1_673' title='bbox 3311 4601 3380 4679; x_wconf 80' lang='grc' dir='ltr'>ᾗ,</span> <span class='ocrx_word' id='word_1_674' title='bbox 3431 4581 3783 4674; x_wconf 74' lang='grc' dir='ltr'>ἀποδιδόντος</span> 
     </span>
    </p>
   </div>
   <div class='ocr_carea' id='block_1_93' title="bbox 517 4675 2086 4758">
    <p class='ocr_par' dir='ltr' id='par_1_93' title="bbox 517 4675 2086 4758">
     <span class='ocr_line' id='line_1_93' title="bbox 517 4675 2086 4758; baseline 0.012 -30"><span class='ocrx_word' id='word_1_675' title='bbox 517 4681 716 4730; x_wconf 87' lang='lat' dir='ltr'><strong>restet:</strong></span> <span class='ocrx_word' id='word_1_676' title='bbox 751 4675 867 4730; x_wconf 90' lang='lat' dir='ltr'><strong>sive</strong></span> <span class='ocrx_word' id='word_1_677' title='bbox 898 4686 1149 4734; x_wconf 89' lang='lat' dir='ltr'><strong>mortuus</strong></span> <span class='ocrx_word' id='word_1_678' title='bbox 1181 4691 1277 4734; x_wconf 83' lang='lat' dir='ltr'><strong>aut</strong></span> <span class='ocrx_word' id='word_1_679' title='bbox 1313 4681 1468 4739; x_wconf 89' lang='lat' dir='ltr'><strong>vivus</strong></span> <span class='ocrx_word' id='word_1_680' title='bbox 1497 4682 1676 4740; x_wconf 89' lang='lat' dir='ltr'><strong>adhuc</strong></span> <span class='ocrx_word' id='word_1_681' title='bbox 1714 4687 1896 4758; x_wconf 90' lang='lat' dir='ltr'><strong>inopia</strong></span> <span class='ocrx_word' id='word_1_682' title='bbox 1929 4691 2086 4747; x_wconf 85' lang='lat' dir='ltr'><strong>labo-</strong></span> 
     </span>
    </p>
   </div>
   <div class='ocr_carea' id='block_1_94' title="bbox 515 4767 2078 4851">
    <p class='ocr_par' dir='ltr' id='par_1_94' title="bbox 515 4767 2078 4851">
     <span class='ocr_line' id='line_1_94' title="bbox 515 4767 2078 4851; baseline 0.013 -33"><span class='ocrx_word' id='word_1_683' title='bbox 515 4773 618 4828; x_wconf 83' lang='lat' dir='ltr'><strong>ret,</strong></span> <span class='ocrx_word' id='word_1_684' title='bbox 647 4774 705 4820; x_wconf 90' lang='lat' dir='ltr'><strong>ut</strong></span> <span class='ocrx_word' id='word_1_685' title='bbox 729 4782 851 4837; x_wconf 71' lang='lat' dir='ltr'><strong>quae</strong></span> <span class='ocrx_word' id='word_1_686' title='bbox 870 4768 953 4822; x_wconf 80' lang='lat' dir='ltr'><strong>lex</strong></span> <span class='ocrx_word' id='word_1_687' title='bbox 983 4783 1013 4822; x_wconf 87' lang='lat' dir='ltr'><strong>a</strong></span> <span class='ocrx_word' id='word_1_688' title='bbox 1046 4767 1264 4826; x_wconf 78' lang='lat' dir='ltr'><strong>furibus</strong></span> <span class='ocrx_word' id='word_1_689' title='bbox 1280 4773 1474 4842; x_wconf 79' lang='lat' dir='ltr'><strong>exigit,</strong></span> <span class='ocrx_word' id='word_1_690' title='bbox 1498 4777 1783 4833; x_wconf 81' lang='lat' dir='ltr'><strong>exsolvere</strong></span> <span class='ocrx_word' id='word_1_691' title='bbox 1820 4793 2078 4851; x_wconf 80' lang='lat' dir='ltr'><strong>nequeat,</strong></span> 
     </span>
    </p>
   </div>
   <div class='ocr_carea' id='block_1_95' title="bbox 514 4867 2085 4942">
    <p class='ocr_par' dir='ltr' id='par_1_95' title="bbox 514 4867 2085 4942">
     <span class='ocr_line' id='line_1_95' title="bbox 514 4867 2085 4942; baseline 0.012 -30"><span class='ocrx_word' id='word_1_692' title='bbox 514 4867 628 4912; x_wconf 89' lang='lat' dir='ltr'><strong>tum</strong></span> <span class='ocrx_word' id='word_1_693' title='bbox 659 4876 789 4914; x_wconf 89' lang='lat' dir='ltr'><strong>vero</strong></span> <span class='ocrx_word' id='word_1_694' title='bbox 809 4877 1030 4933; x_wconf 90' lang='lat' dir='ltr'><strong>quoque</strong></span> <span class='ocrx_word' id='word_1_695' title='bbox 1079 4867 1171 4934; x_wconf 86' lang='lat' dir='ltr'><strong>qui</strong></span> <span class='ocrx_word' id='word_1_696' title='bbox 1213 4867 1467 4920; x_wconf 84' lang='lat' dir='ltr'><strong>ancillam</strong></span> <span class='ocrx_word' id='word_1_697' title='bbox 1521 4869 1726 4936; x_wconf 88' lang='lat' dir='ltr'><strong>amisit,</strong></span> <span class='ocrx_word' id='word_1_698' title='bbox 1777 4873 1900 4942; x_wconf 88' lang='lat' dir='ltr'><strong>ejus</strong></span> <span class='ocrx_word' id='word_1_699' title='bbox 1935 4877 2085 4931; x_wconf 87' lang='lat' dir='ltr'><strong>cala-</strong></span> 
     </span>
    </p>
   </div>
   <div class='ocr_carea' id='block_1_96' title="bbox 513 4954 2088 5040">
    <p class='ocr_par' dir='ltr' id='par_1_96' title="bbox 513 4954 2088 5040">
     <span class='ocr_line' id='line_1_96' title="bbox 513 4954 2088 5040; baseline 0.014 -35"><span class='ocrx_word' id='word_1_700' title='bbox 513 4954 753 5009; x_wconf 85' lang='lat' dir='ltr'><strong>mitatem</strong></span> <span class='ocrx_word' id='word_1_701' title='bbox 787 4957 881 5012; x_wconf 89' lang='lat' dir='ltr'><strong>lilii</strong></span> <span class='ocrx_word' id='word_1_702' title='bbox 921 4974 1046 5013; x_wconf 90' lang='lat' dir='ltr'><strong>cum</strong></span> <span class='ocrx_word' id='word_1_703' title='bbox 1075 4965 1250 5015; x_wconf 88' lang='lat' dir='ltr'><strong>matre</strong></span> <span class='ocrx_word' id='word_1_704' title='bbox 1275 4961 1584 5032; x_wconf 87' lang='lat' dir='ltr'><strong>receptione</strong></span> <span class='ocrx_word' id='word_1_705' title='bbox 1627 4961 1846 5021; x_wconf 89' lang='lat' dir='ltr'><strong>deliniri</strong></span> <span class='ocrx_word' id='word_1_706' title='bbox 1875 4971 2088 5040; x_wconf 69' lang='lat' dir='ltr'><strong>aequius</strong></span> 
     </span>
    </p>
   </div>
   <div class='ocr_carea' id='block_1_97' title="bbox 514 5046 605 5097">
    <p class='ocr_par' dir='ltr' id='par_1_97' title="bbox 514 5046 605 5097">
     <span class='ocr_line' id='line_1_97' title="bbox 514 5046 605 5097; baseline 0 -1"><span class='ocrx_word' id='word_1_707' title='bbox 514 5046 605 5097; x_wconf 85' lang='lat' dir='ltr'><strong>sit.</strong></span> 
     </span>
    </p>
   </div>
   <div class='ocr_carea' id='block_1_98' title="bbox 2194 4690 3783 4768">
    <p class='ocr_par' dir='ltr' id='par_1_98' title="bbox 2194 4690 3783 4768">
     <span class='ocr_line' id='line_1_98' title="bbox 2194 4690 3783 4768; baseline 0.008 -24"><span class='ocrx_word' id='word_1_708' title='bbox 2194 4690 2420 4744; x_wconf 73' lang='grc' dir='ltr'><strong>αὑτοῦ²⁷</strong></span> <span class='ocrx_word' id='word_1_709' title='bbox 2470 4691 2649 4764; x_wconf 80' lang='grc' dir='ltr'>ἥνπερ</span> <span class='ocrx_word' id='word_1_710' title='bbox 2713 4694 2898 4758; x_wconf 83' lang='grc' dir='ltr'>κακῶς</span> <span class='ocrx_word' id='word_1_711' title='bbox 2948 4693 3109 4749; x_wconf 71' lang='grc' dir='ltr'>ἔλασε</span> <span class='ocrx_word' id='word_1_712' title='bbox 3157 4697 3358 4768; x_wconf 82' lang='grc' dir='ltr'>τιμὴν,</span> <span class='ocrx_word' id='word_1_713' title='bbox 3405 4699 3560 4752; x_wconf 80' lang='grc' dir='ltr'>οὐδὲν</span> <span class='ocrx_word' id='word_1_714' title='bbox 3613 4702 3783 4756; x_wconf 83' lang='grc' dir='ltr'>πλέον</span> 
     </span>
    </p>
   </div>
   <div class='ocr_carea' id='block_1_99' title="bbox 2195 4783 3780 4863">
    <p class='ocr_par' dir='ltr' id='par_1_99' title="bbox 2195 4783 3780 4863">
     <span class='ocr_line' id='line_1_99' title="bbox 2195 4783 3780 4863; baseline 0.009 -30"><span class='ocrx_word' id='word_1_715' title='bbox 2195 4783 2674 4854; x_wconf 80' lang='grc' dir='ltr'>πολυπραγμονεῖν</span> <span class='ocrx_word' id='word_1_716' title='bbox 2711 4787 2951 4855; x_wconf 81' lang='grc' dir='ltr'>ὀφείλει,</span> <span class='ocrx_word' id='word_1_717' title='bbox 2985 4787 3050 4843; x_wconf 80' lang='grc' dir='ltr'>ἄν</span> <span class='ocrx_word' id='word_1_718' title='bbox 3072 4806 3133 4842; x_wconf 87' lang='grc' dir='ltr'><strong>τε</strong></span> <span class='ocrx_word' id='word_1_719' title='bbox 3175 4788 3370 4854; x_wconf 84' lang='grc' dir='ltr'>θανὼν,</span> <span class='ocrx_word' id='word_1_720' title='bbox 3415 4790 3447 4861; x_wconf 76' lang='grc' dir='ltr'><strong>ἥ</strong></span> <span class='ocrx_word' id='word_1_721' title='bbox 3488 4789 3600 4854; x_wconf 82' lang='grc' dir='ltr'><strong>ζῶν</strong></span> <span class='ocrx_word' id='word_1_722' title='bbox 3655 4793 3780 4863; x_wconf 87' lang='grc' dir='ltr'>μὲν,</span> 
     </span>
    </p>
   </div>
   <div class='ocr_carea' id='block_1_100' title="bbox 2191 4876 3781 4960">
    <p class='ocr_par' dir='ltr' id='par_1_100' title="bbox 2191 4876 3781 4960">
     <span class='ocr_line' id='line_1_100' title="bbox 2191 4876 3781 4960; baseline 0.009 -32"><span class='ocrx_word' id='word_1_723' title='bbox 2191 4876 2417 4948; x_wconf 81' lang='grc' dir='ltr'>ἀπορῶν</span> <span class='ocrx_word' id='word_1_724' title='bbox 2465 4879 2523 4932; x_wconf 85' lang='grc' dir='ltr'>δὲ</span> <span class='ocrx_word' id='word_1_725' title='bbox 2570 4882 2649 4944; x_wconf 76' lang='grc' dir='ltr'>εἰς</span> <span class='ocrx_word' id='word_1_726' title='bbox 2704 4879 2912 4934; x_wconf 73' lang='grc' dir='ltr'>ἔκτισιν</span> <span class='ocrx_word' id='word_1_727' title='bbox 2944 4881 2980 4937; x_wconf 78' lang='grc' dir='ltr'><strong>ἃ</strong></span> <span class='ocrx_word' id='word_1_728' title='bbox 3010 4883 3142 4947; x_wconf 82' lang='grc' dir='ltr'>τοὺς</span> <span class='ocrx_word' id='word_1_729' title='bbox 3183 4883 3518 4950; x_wconf 80' lang='grc' dir='ltr'>κλέπτοντας</span> <span class='ocrx_word' id='word_1_730' title='bbox 3549 4889 3578 4940; x_wconf 90' lang='grc' dir='ltr'><strong>ό</strong></span> <span class='ocrx_word' id='word_1_731' title='bbox 3609 4887 3781 4960; x_wconf 87' lang='grc' dir='ltr'>νόμος</span> 
     </span>
    </p>
   </div>
   <div class='ocr_carea' id='block_1_101' title="bbox 2193 4971 3781 5049">
    <p class='ocr_par' dir='ltr' id='par_1_101' title="bbox 2193 4971 3781 5049">
     <span class='ocr_line' id='line_1_101' title="bbox 2193 4971 3781 5049; baseline 0.009 -27"><span class='ocrx_word' id='word_1_732' title='bbox 2193 4971 2609 5041; x_wconf 73' lang='grc' dir='ltr'>εἰσπράττεται,</span> <span class='ocrx_word' id='word_1_733' title='bbox 2667 4973 2764 5027; x_wconf 78' lang='grc' dir='ltr'>καὶ</span> <span class='ocrx_word' id='word_1_734' title='bbox 2799 4974 2974 5040; x_wconf 80' lang='grc' dir='ltr'>οὕτως</span> <span class='ocrx_word' id='word_1_735' title='bbox 2999 4975 3338 5049; x_wconf 88' lang='grc' dir='ltr'>δικαιότερον</span> <span class='ocrx_word' id='word_1_736' title='bbox 3363 4978 3458 5032; x_wconf 81' lang='grc' dir='ltr'>τὸν</span> <span class='ocrx_word' id='word_1_737' title='bbox 3490 4979 3781 5036; x_wconf 73' lang='grc' dir='ltr'>ἀπολωλεσ</span> 
     </span>
    </p>
   </div>
   <div class='ocr_carea' id='block_1_102' title="bbox 2197 5061 3782 5146">
    <p class='ocr_par' dir='ltr' id='par_1_102' title="bbox 2197 5061 3782 5146">
     <span class='ocr_line' id='line_1_102' title="bbox 2197 5061 3782 5146; baseline 0.01 -33"><span class='ocrx_word' id='word_1_738' title='bbox 2197 5061 2331 5114; x_wconf 84' lang='grc' dir='ltr'>κότα.</span> <span class='ocrx_word' id='word_1_739' title='bbox 2380 5063 2482 5134; x_wconf 85' lang='grc' dir='ltr'>τὴν</span> <span class='ocrx_word' id='word_1_740' title='bbox 2533 5063 2871 5136; x_wconf 80' lang='grc' dir='ltr'>θεράπαιναν</span> <span class='ocrx_word' id='word_1_741' title='bbox 2899 5070 2965 5138; x_wconf 75' lang='grc' dir='ltr'>τῇ</span> <span class='ocrx_word' id='word_1_742' title='bbox 2993 5066 3090 5122; x_wconf 83' lang='grc' dir='ltr'><strong>τοῦ</strong></span> <span class='ocrx_word' id='word_1_743' title='bbox 3135 5069 3324 5134; x_wconf 82' lang='grc' dir='ltr'>παιδὸς</span> <span class='ocrx_word' id='word_1_744' title='bbox 3371 5071 3470 5126; x_wconf 85' lang='grc' dir='ltr'>σὺν</span> <span class='ocrx_word' id='word_1_745' title='bbox 3499 5072 3566 5144; x_wconf 76' lang='grc' dir='ltr'>τῇ</span> <span class='ocrx_word' id='word_1_746' title='bbox 3604 5073 3782 5146; x_wconf 73' lang='grc' dir='ltr'>μητρὶ</span> 
     </span>
    </p>
   </div>
   <div class='ocr_carea' id='block_1_103' title="bbox 2199 5155 3457 5232">
    <p class='ocr_par' dir='ltr' id='par_1_103' title="bbox 2199 5155 3457 5232">
     <span class='ocr_line' id='line_1_103' title="bbox 2199 5155 3457 5232; baseline 0.009 -23"><span class='ocrx_word' id='word_1_747' title='bbox 2199 5155 2470 5227; x_wconf 75' lang='grc' dir='ltr'>ἀναλήψει</span> <span class='ocrx_word' id='word_1_748' title='bbox 2499 5158 3009 5231; x_wconf 81' lang='grc' dir='ltr'>παραμυθήσασθαι</span> <span class='ocrx_word' id='word_1_749' title='bbox 3033 5161 3132 5232; x_wconf 82' lang='grc' dir='ltr'>τὴν</span> <span class='ocrx_word' id='word_1_750' title='bbox 3156 5160 3457 5220; x_wconf 77' lang='grc' dir='ltr'>ἀπώλειαν.</span> 
     </span>
    </p>
   </div>
   <div class='ocr_carea' id='block_1_104' title="bbox 1791 5304 2470 5373">
    <p class='ocr_par' dir='ltr' id='par_1_104' title="bbox 1791 5304 2470 5373">
     <span class='ocr_line' id='line_1_104' title="bbox 1791 5304 2470 5373; baseline 0.022 -14"><span class='ocrx_word' id='word_1_751' title='bbox 1791 5304 2026 5366; x_wconf 67' lang='lat' dir='ltr'><strong>VARUS</strong></span> <span class='ocrx_word' id='word_1_752' title='bbox 2066 5314 2470 5373; x_wconf 75' lang='lat' dir='ltr'><strong>LECTIONES.</strong></span> 
     </span>
    </p>
   </div>
   <div class='ocr_carea' id='block_1_105' title="bbox 555 5415 2251 5505">
    <p class='ocr_par' dir='ltr' id='par_1_105' title="bbox 555 5415 2251 5505">
     <span class='ocr_line' id='line_1_105' title="bbox 555 5415 2251 5505; baseline 0.012 -34"><span class='ocrx_word' id='word_1_753' title='bbox 555 5417 601 5449; x_wconf 79' lang='lat'>”</span> <span class='ocrx_word' id='word_1_754' title='bbox 633 5415 868 5492; x_wconf 81' lang='lat' dir='ltr'><strong>Scrimg.</strong></span> <span class='ocrx_word' id='word_1_755' title='bbox 903 5419 949 5475; x_wconf 78' lang='grc' dir='ltr'>δ’</span> <span class='ocrx_word' id='word_1_756' title='bbox 972 5419 1199 5482; x_wconf 76' lang='grc' dir='ltr'>ἐκεῖνος.</span> <span class='ocrx_word' id='word_1_757' title='bbox 1269 5419 1315 5450; x_wconf 64' lang='grc' dir='ltr'><strong>’δ</strong></span> <span class='ocrx_word' id='word_1_758' title='bbox 1331 5418 1502 5476; x_wconf 77' lang='lat' dir='ltr'><strong>Codd.</strong></span> <span class='ocrx_word' id='word_1_759' title='bbox 1539 5421 1654 5478; x_wconf 80' lang='grc' dir='ltr'>καί.</span> <span class='ocrx_word' id='word_1_760' title='bbox 1715 5424 1760 5456; x_wconf 78' lang='grc'><strong>’⁷</strong></span> <span class='ocrx_word' id='word_1_761' title='bbox 1790 5423 2024 5502; x_wconf 81' lang='lat' dir='ltr'><strong>Scrimg.</strong></span> <span class='ocrx_word' id='word_1_762' title='bbox 2081 5433 2251 5505; x_wconf 79' lang='grc' dir='ltr'>αὐτῷ.</span> 
     </span>
    </p>
   </div>
   <div class='ocr_carea' id='block_1_106' title="bbox 2002 5571 2230 5632">
    <p class='ocr_par' dir='ltr' id='par_1_106' title="bbox 2002 5571 2230 5632">
     <span class='ocr_line' id='line_1_106' title="bbox 2002 5571 2230 5632; baseline 0.022 -6"><span class='ocrx_word' id='word_1_763' title='bbox 2002 5571 2230 5632; x_wconf 65' lang='grc' dir='ltr'><strong>ΝΟΤιΕ.</strong></span> 
     </span>
    </p>
   </div>
   <div class='ocr_carea' id='block_1_107' title="bbox 581 5698 1603 5782">
    <p class='ocr_par' dir='ltr' id='par_1_107' title="bbox 581 5698 1603 5782">
     <span class='ocr_line' id='line_1_107' title="bbox 581 5698 1603 5782; baseline 0.009 -23"><span class='ocrx_word' id='word_1_764' title='bbox 725 5706 793 5782; x_wconf 86' lang='lat' dir='ltr'><strong>_L.</strong></span> <span class='ocrx_word' id='word_1_765' title='bbox 826 5705 991 5782; x_wconf 51' lang='grc' dir='ltr'>μθ,</span> <span class='ocrx_word' id='word_1_766' title='bbox 1030 5705 1102 5782; x_wconf 86' lang='lat' dir='ltr'><strong>D_e</strong></span> <span class='ocrx_word' id='word_1_767' title='bbox 1126 5709 1342 5782; x_wconf 83' lang='lat' dir='ltr'><strong>justitia</strong></span> <span class='ocrx_word' id='word_1_768' title='bbox 1367 5720 1420 5766; x_wconf 84' lang='lat' dir='ltr'><strong>et</strong></span> <span class='ocrx_word' id='word_1_769' title='bbox 1457 5713 1603 5782; x_wconf 74' lang='lat' dir='ltr'><strong>jure.</strong></span> 
     </span>
    </p>
   </div>
   <div class='ocr_carea' id='block_1_108' title="bbox 579 5774 2079 5858">
    <p class='ocr_par' dir='ltr' id='par_1_108' title="bbox 579 5774 2079 5858">
     <span class='ocr_line' id='line_1_108' title="bbox 579 5774 2079 5858; baseline 0.013 -30"><span class='ocrx_word' id='word_1_770' title='bbox 579 5775 692 5858; x_wconf 59' lang='grc' dir='ltr'><strong>μέ)</strong></span> <span class='ocrx_word' id='word_1_771' title='bbox 724 5774 784 5858; x_wconf 54' lang='grc' dir='ltr'>ει.</span> <span class='ocrx_word' id='word_1_772' title='bbox 820 5777 907 5858; x_wconf 62' lang='lat' dir='ltr'><strong>to,</strong></span> <span class='ocrx_word' id='word_1_773' title='bbox 937 5780 994 5833; x_wconf 86' lang='lat' dir='ltr'><strong>in</strong></span> <span class='ocrx_word' id='word_1_774' title='bbox 1056 5774 1148 5844; x_wconf 73' lang='lat' dir='ltr'><strong>an;</strong></span> <span class='ocrx_word' id='word_1_775' title='bbox 1188 5781 1346 5847; x_wconf 74' lang='lat'><strong>1.53.</strong></span> <span class='ocrx_word' id='word_1_776' title='bbox 1407 5774 1471 5838; x_wconf 75' lang='lat' dir='ltr'><strong>ir:</strong></span> <span class='ocrx_word' id='word_1_777' title='bbox 1516 5785 1590 5841; x_wconf 87' lang='lat' dir='ltr'><strong>De</strong></span> <span class='ocrx_word' id='word_1_778' title='bbox 1629 5802 1860 5858; x_wconf 84' lang='lat' dir='ltr'><strong>usucap.</strong></span> <span class='ocrx_word' id='word_1_779' title='bbox 1913 5789 1949 5843; x_wconf 84' lang='lat'><strong>1.</strong></span> <span class='ocrx_word' id='word_1_780' title='bbox 1985 5791 2079 5853; x_wconf 73' lang='lat' dir='ltr'><strong>te.</strong></span> 
     </span>
    </p>
   </div>
   <div class='ocr_carea' id='block_1_109' title="bbox 506 5843 936 5919">
    <p class='ocr_par' dir='ltr' id='par_1_109' title="bbox 506 5843 936 5919">
     <span class='ocr_line' id='line_1_109' title="bbox 506 5843 936 5919; baseline 0.014 -22"><span class='ocrx_word' id='word_1_781' title='bbox 506 5843 692 5919; x_wconf 45' lang='lat' dir='ltr'><strong>gitti.</strong></span> <span class='ocrx_word' id='word_1_782' title='bbox 723 5847 796 5919; x_wconf 68' lang='lat' dir='ltr'><strong>[le</strong></span> <span class='ocrx_word' id='word_1_783' title='bbox 827 5848 936 5902; x_wconf 82' lang='lat' dir='ltr'><strong>iur.</strong></span> 
     </span>
    </p>
   </div>
   <div class='ocr_carea' id='block_1_110' title="bbox 581 5917 2080 6006">
    <p class='ocr_par' dir='ltr' id='par_1_110' title="bbox 581 5917 2080 6006">
     <span class='ocr_line' id='line_1_110' title="bbox 581 5917 2080 6006; baseline 0.013 -35"><span class='ocrx_word' id='word_1_784' title='bbox 581 5917 691 5990; x_wconf 75' lang='lat'><strong>(15)</strong></span> <span class='ocrx_word' id='word_1_785' title='bbox 723 5917 794 5975; x_wconf 82' lang='lat' dir='ltr'><strong>Ex</strong></span> <span class='ocrx_word' id='word_1_786' title='bbox 846 5920 948 5978; x_wconf 88' lang='lat' dir='ltr'><strong>hoc</strong></span> <span class='ocrx_word' id='word_1_787' title='bbox 991 5920 1112 5977; x_wconf 85' lang='lat' dir='ltr'><strong>loco</strong></span> <span class='ocrx_word' id='word_1_788' title='bbox 1166 5935 1340 5996; x_wconf 83' lang='lat' dir='ltr'><strong>potest</strong></span> <span class='ocrx_word' id='word_1_789' title='bbox 1385 5928 1625 5998; x_wconf 79' lang='lat' dir='ltr'><strong>defendi,</strong></span> <span class='ocrx_word' id='word_1_790' title='bbox 1681 5939 1918 5989; x_wconf 80' lang='lat' dir='ltr'><strong>tutorem</strong></span> <span class='ocrx_word' id='word_1_791' title='bbox 1981 5951 2080 6006; x_wconf 87' lang='lat' dir='ltr'><strong>pu-</strong></span> 
     </span>
    </p>
   </div>
   <div class='ocr_carea' id='block_1_111' title="bbox 2183 5724 3774 5814">
    <p class='ocr_par' dir='ltr' id='par_1_111' title="bbox 2183 5724 3774 5814">
     <span class='ocr_line' id='line_1_111' title="bbox 2183 5724 3774 5814; baseline 0.007 -36"><span class='ocrx_word' id='word_1_792' title='bbox 2183 5724 2325 5794; x_wconf 74' lang='lat' dir='ltr'><strong>pillae</strong></span> <span class='ocrx_word' id='word_1_793' title='bbox 2341 5726 2560 5809; x_wconf 76' lang='lat' dir='ltr'><strong>plenam</strong></span> <span class='ocrx_word' id='word_1_794' title='bbox 2585 5725 2976 5814; x_wconf 68' lang='lat' dir='ltr'><strong>alimentorum</strong></span> <span class='ocrx_word' id='word_1_795' title='bbox 2991 5724 3326 5814; x_wconf 74' lang='lat' dir='ltr'><strong>pensionem</strong></span> <span class='ocrx_word' id='word_1_796' title='bbox 3359 5729 3774 5814; x_wconf 63' lang='lat' dir='ltr'><strong>imputarenon</strong></span> 
     </span>
    </p>
   </div>
   <div class='ocr_carea' id='block_1_112' title="bbox 2181 5798 3770 5926">
    <p class='ocr_par' dir='ltr' id='par_1_112' title="bbox 2181 5798 3770 5926">
     <span class='ocr_line' id='line_1_112' title="bbox 2181 5798 3770 5925; baseline 0.005 -73"><span class='ocrx_word' id='word_1_797' title='bbox 2181 5813 2364 5925; x_wconf 57' lang='lat' dir='ltr'><strong>posset.</strong></span> <span class='ocrx_word' id='word_1_798' title='bbox 2397 5799 2445 5853; x_wconf 88' lang='lat' dir='ltr'><strong>si</strong></span> <span class='ocrx_word' id='word_1_799' title='bbox 2469 5798 2698 5922; x_wconf 61' lang='lat' dir='ltr'><strong>pupillae</strong></span> <span class='ocrx_word' id='word_1_800' title='bbox 2720 5798 3045 5854; x_wconf 89' lang='lat' dir='ltr'><strong>ministerio</strong></span> <span class='ocrx_word' id='word_1_801' title='bbox 3066 5812 3228 5855; x_wconf 85' lang='lat' dir='ltr'><strong>suum</strong></span> <span class='ocrx_word' id='word_1_802' title='bbox 3258 5799 3325 5855; x_wconf 87' lang='lat' dir='ltr'><strong>ad</strong></span> <span class='ocrx_word' id='word_1_803' title='bbox 3371 5798 3770 5874; x_wconf 71' lang='lat' dir='ltr'><strong>compendium</strong></span> 
     </span>
     <span class='ocr_line' id='line_1_113' title="bbox 2181 5883 2531 5926; baseline -0.009 -2"><span class='ocrx_word' id='word_1_804' title='bbox 2181 5883 2315 5925; x_wconf 82' lang='lat' dir='ltr'><strong>usus</strong></span> <span class='ocrx_word' id='word_1_805' title='bbox 2364 5885 2531 5926; x_wconf 78' lang='lat' dir='ltr'><strong>ueri.</strong></span> 
     </span>
    </p>
   </div>
  </div>
