4078 6300
405 449 510 520 501

1516 456 1880 518 NOVELLZE
1911 451 2590 515 CONSTITUTIONES.

3570 448 3676 513 502

405 569 639 639 λέγουσι,
672 569 770 640 τῆς
799 567 972 640 τυχης
1003 567 1038 640 ἠ
1083 569 1336 641 ἀνισότης
1365 569 1426 622 οὐ
1470 571 1745 642 συγχωρεῖ
1799 567 1981 640 μένειν

2091 563 2261 631 aiunt)
2294 561 2498 617 durare
2545 560 2953 615 matrimonium
2990 559 3225 615 fortuna:
3274 575 3381 616 non
3411 561 3525 632 (46)
3551 579 3676 634 per-

400 662 496 718 τδν
518 662 721 732 γάμον,
759 662 877 727 πῶς
911 664 960 716 εἰ
999 663 1135 735 πρὸς
1167 662 1484 734 ἐλευθερίαν
1517 661 1928 731 ἐπανακληθείη
1959 661 1988 712 ὁ

401 753 773 825 αἰχμάλωτος,
794 755 933 825 μετά
978 755 1076 826 τὴν
1112 753 1205 808 τοῦ
1233 755 1413 824 γά-μου
1453 754 1697 808 διάλυσιν
1736 752 1876 825 πρὸς
1927 753 1986 804 τὸ

406 845 520 899 ἴσον
537 846 941 918 ἐπανελθούσης
973 849 1077 920 τῆς
1119 848 1292 920 τύχης
1340 849 1433 902 καὶ
1463 847 1792 917 ἀμφοτέρων
1832 847 1987 900 ὲλευ-

405 937 607 1008 θερίως
631 939 912 1008 βιούντων,
944 942 1045 995 οὐκ
1069 944 1148 1005 εἰς
1178 941 1237 994 τὸ
1271 940 1384 995 ἴσον
1423 944 1451 996 ὀ
1473 943 1650 1013 γάμος
1687 942 1852 997 πάλιν
1887 944 1987 997 ἐπ⁴

404 1029 788 1096 ανελεύσεται;
821 1033 928 1085 [Ιοῦ
973 1033 1029 1085 δὲ
1063 1032 1123 1085 τδ
1163 1032 1546 1104 φιλάνθρωπον
1588 1034 1849 1104 καθαρὸν,
1887 1034 1988 1104 ξη-

409 1118 570 1189 μιοῦν
628 1120 729 1190 μὲν
778 1123 843 1193 τῇ
879 1121 988 1175 τῶν
1045 1124 1398 1178 οἰκειοτάτων
1441 1123 1619 1196 μελῶν
1676 1125 1986 1196 ἀφαιρέσει,

407 1216 702 1287 πειρᾶσθαι
751 1216 808 1270 δὲ
851 1216 949 1289 τὴν
992 1215 1194 1288 ζημίαν
1254 1216 1696 1290 παραμυθεῖσθαι
1771 1218 1988 1271 ἀντεισ-

412 1312 602 1378 αγωγῇ
629 1310 735 1363 τῶν
777 1310 952 1364 ἄλλων
985 1311 1314 1382 κτημάτων;
1347 1311 1472 1375 Πῶς
1499 1312 1555 1364 δὲ
1581 1311 1743 1381 μέχρι
1762 1311 1852 1364 καὶ
1879 1309 1989 1365 τῶν

408 1397 759 1466 φαυλοτάτων
792 1400 961 1471 αὐτῆς
991 1401 1309 1472 περιουσίας
1353 1401 1462 1455 τῶν
1495 1400 1854 1472 αἰχμαλώτων
1897 1400 1988 1454 λο⁴

408 1495 623 1563 γίζεται
649 1496 694 1527 ⁸¹
731 1495 1155 1567 φυλαττομένων
1197 1496 1382 1559 αὐτοῖς
1422 1493 1528 1549 τῶν
1575 1493 1822 1558 δικαίων,
1870 1493 1990 1563 οὐχὶ

409 1586 704 1642 πάνδεινον
729 1589 774 1620 ³³
799 1586 878 1659 τῷ
925 1587 1328 1659 μείζονιμέρει
1355 1587 1520 1658 (φημὶ
1566 1586 1631 1657 δὴ
1673 1590 1740 1658 τῇ
1775 1585 1868 1641 τοῦ
1910 1589 1988 1639 οἱ·

409 1679 560 1733 κείου
592 1679 788 1750 μέλους
830 1681 1184 1754 συντηρήσει)
1235 1682 1567 1735 κινδυνεύειν
1605 1680 1802 1743 αὐτοὺς
1846 1680 1920 1750 μὴ
1943 1679 1990 1710 ⁸³

407 1773 612 1841 ὁμοίως
632 1773 920 1841 ἀξιοῦσθαι
944 1775 1053 1829 τῶν
1080 1775 1329 1842 δικαίων,
1348 1776 1462 1830 ἀλλ’
1481 1773 1618 1829 εἶναι
1635 1776 1988 1846 ἀνεπίσχετον

407 1866 510 1939 τὴν
542 1866 770 1939 ζημίαν,
799 1871 848 1922 εἰ
871 1868 1032 1924 τοῦτο
1060 1871 1151 1924 ἐπὶ
1175 1870 1403 1942 γνώμην
1430 1870 1556 1940 ἥκοι
1586 1869 1800 1942 θατέρῳ
1831 1869 1987 1941 μέρει

2091 657 2260 712 mittit
2292 655 2658 725 inaequalitas,
2691 654 2967 725 quomodo
2995 653 3040 707 si
3076 654 3143 707 ad
3177 655 3483 708 libertatem
3518 669 3677 712 revo-

2088 749 2676 817 cetureaptivus,cum
2721 753 2846 817 post
2889 747 3675 825 matrimoniidissolutionem

2086 843 2153 896 ad
2178 841 2601 912 aequabilitatem
2635 839 2856 894 fortuna
2906 841 3401 912 redeat,amboque
3431 843 3483 897 in
3511 843 3676 898 liber-

2087 941 2200 988 tate
2262 933 2471 995 vivant,
2541 933 2609 987 ad
2661 933 3026 1002 aequalitatem
3099 935 3506 988 matrimonium
3563 951 3675 990 non

2087 1025 2329 1081 redibit?
2388 1025 2520 1091 Quae
2576 1041 2705 1080 vero
2758 1025 2849 1080 illa
2907 1026 3127 1082 sincera
3186 1029 3525 1096 humanitas,
3554 1046 3677 1099 qme

2087 1122 2551 1178 amicissimorum
2586 1121 2955 1176 membrorum
2994 1124 3372 1179 subtractione
3412 1126 3673 1181 damnum

2090 1213 2316 1277 inferre,
2353 1213 2696 1284 aliorumque
2725 1215 3121 1271 substitutione
3151 1217 3204 1270 id
3232 1219 3390 1287 quasi
3462 1221 3674 1274 sarcire

2088 1306 2355 1363 conatur?
2395 1305 2681 1371 Quomodo
2737 1305 2973 1369 item,et
3001 1308 3046 1361 si
3094 1324 3268 1378 usque
3299 1309 3364 1362 ad
3405 1310 3675 1366 vilissima

2087 1417 2317 1472 qumque
2346 1399 2685 1470 captivorum
2737 1399 3046 1454 substantia
3088 1399 3214 1470 jure
3242 1410 3500 1471 statuque
3528 1403 3676 1472 ipso-

2090 1513 2208 1549 rum
2238 1493 2452 1564 integro
2477 1501 2715 1560 laxetur,
2741 1495 2866 1548 illos
2891 1509 2996 1547 non
3021 1493 3093 1547 ita
3116 1497 3496 1564 praestantiore
3525 1506 3678 1565 parte

2091 1587 2194 1653 (sui
2256 1602 2454 1657 nempe
2483 1587 2710 1640 membri
2759 1587 3204 1659 conservatione)
3271 1597 3438 1658 atque
3488 1603 3674 1643 rerum

2091 1678 2460 1750 suarumjurc
2484 1679 2780 1747 periclitari
2815 1679 2976 1743 velte,
3032 1679 3479 1750 immensumque
3527 1680 3678 1734 dam-

2092 1789 2219 1828 nnm
2258 1772 2393 1838 fore,
2431 1771 2476 1827 si
2509 1773 2680 1826 altera
2709 1787 2836 1844 pars
2875 1773 3182 1828 membrum
3209 1789 3366 1827 suum
3403 1773 3678 1844 negligere

2092 1868 2144 1922 in
2177 1867 2423 1921 animum
2449 1865 2695 1929 inducat,
2724 1881 2831 1920 non
2864 1883 3129 1937 perquam
3157 1875 3242 1923 est
3275 1865 3628 1921 manili-stum
3650 1865 3678 1919 ἲ

407 1959 673 2032 ἀλογῆσαι
710 1962 807 2016 τοῦ
837 1962 1038 2016 οἰκείου
1067 1939 1379 2035 μέλους-ςτί
1398 1960 1490 2018 οὖν
1519 1981 1660 2034 φημι
1702 1939 1989 2033 ὲήγῶςἚάν

2094 1959 2233 2026 Quid
2268 1960 2433 2029 igitur
2468 1959 2606 2030 ego?
2633 1959 2693 2014 Si
2715 1974 2840 2013 cum
2866 1960 3041 2016 altera
3094 1976 3224 2032 pars
3254 1963 3310 2015 in
3359 1960 3679 2030 captivitate

404 2069 516 2123 περ
545 2053 641 2107 τοῦ
675 2053 794 2118 ἑνὸς
825 2053 1027 2125 μέρους
1057 2056 1115 2108 ὲν
1153 2054 1501 2126 αἰχμαλωσίᾳ
1529 2055 1706 2119 ὄντος,
1729 2055 1791 2108 τὸ
1826 2055 1986 2109 ἀπεί-

408 2162 574 2215 ρατον
618 2147 1026 2219 διαμεμενηκὸς
1063 2148 1165 2218 τῆς
1194 2149 1572 2220 αἰχμαλωσίας
1615 2149 1804 2221 ἐτέρου
1853 2149 1989 2221 πρὸς

404 2238 705 2310 συνάφειαν
737 2239 859 2306 ἴδοι,
889 2240 1178 2296 ἐπανέλθοι
1211 2241 1268 2295 δὲ
1296 2241 1393 2312 τῆς
1419 2241 1797 2312 αἰχμαλωσίας
1830 2240 1893 2296 τὺ
1931 2239 1988 2297 ὲν

402 2329 578 2404 ταύτῃ
609 2333 1044 2403 κατεσχημένον,
1066 2333 1254 2388 ἄδειαν
1271 2328 1412 2387 εἶναι
1441 2332 1591 2404 αὐτῷ
1611 2333 1658 2365 ⁸⁸
1687 2332 1748 2386 τὸ
1767 2333 1987 2401 οἰκεῖον,

406 2430 456 2480 εἰ
495 2426 758 2497 βούλοιτο,
806 2429 1290 2501 ἐπαναλαμϐάνειν
1332 2429 1531 2502 μέλος,
1579 2430 1674 2484 καὶ
1723 2430 1993 2502 μηδαμῶς

404 2522 541 2577 διότι
583 2522 756 2594 ἑτέρῳ
791 2523 1037 2596 συνήφθη
1066 2525 1195 2587 τοὺς
1235 2523 1296 2588 ἐξ
1341 2525 1516 2596 ἀρχῆς
1545 2525 1990 2593 καινοτομείσθαι

405 2615 640 2685 γάμους.
695 2616 759 2669 Εἰ
799 2615 908 2687 γὰρ
960 2616 994 2687 ἡ
1045 2614 1314 2685 γενψένη
1352 2617 1490 2685 πρὸς
1523 2616 1710 2686 ἕτερον
1761 2613 1992 2688 ὓστερον

406 2703 673 2774 συνάφεια
704 2706 845 2774 δόξει
876 2707 1019 2761 τισὶν
1049 2707 1332 2771 ἀδιάλυτος
1359 2706 1423 2762 ἀν
1451 2710 1748 2779 διαμεῖναι,
1779 2707 1899 2773 πῶς
1926 2709 1990 2762 οὐ

403 2796 744 2868 δικαιότερον
794 2799 828 2868 ἡ
862 2797 1102 2869 ἀρχῆθεν
1151 2798 1262 2852 τῶν
1309 2801 1503 2870 γάμων
1545 2799 1806 2870 συνάφεια
1853 2801 1993 2871 πρὸς

404 2890 506 2962 τὴν
535 2890 747 2945 οἰκείαν
773 2892 1112 2947 κατάστασιν
1141 2892 1598 2958 ὲπανελεύσεται;
1637 2893 1730 2946 καὶ
1762 2895 1831 2959 εἰ,
1855 2894 1990 2948 διότι

403 2981 673 3055 ἀλλοτρίῳ
710 2973 880 3054 μέρει
929 2982 1222 3050 συνῆπται,
1279 2983 1377 3037 οὐκ
1405 2983 1695 3050 ἐπιτρέπει
1747 3001 1834 3046 τις
1869 2983 1991 3036 δια-

408 3077 576 3146 σπᾷν,
611 3075 733 3140 πῶς
763 3077 866 3130 οὐκ
895 3073 1139 3145 εὔλογον,
1165 3077 1300 3130 διότι
1329 3077 1424 3130 τοῦ
1465 3078 1670 3130 οἰκείου
1700 3077 1991 3149 ἀπερῤἀγη

409 3169 610 3242 μέρους
637 3170 705 3234 ³⁸,
735 3167 894 3222 τοῦτο
924 3168 1061 3239 πρὸς
1094 3168 1195 3237 τὴν
1242 3168 1383 3222 ἰδίαν
1430 3169 1741 3240 οἰκειότητα
1790 3186 1992 3240 συναρ-

2091 2052 2185 2115 sit,
2231 2050 2404 2106 altera
2428 2065 2548 2121 quae
2581 2065 2608 2104 a
2649 2050 2969 2121 captivitate
2991 2050 3162 2106 libera
3190 2053 3415 2118 mansit,
3453 2052 3519 2106 ad
3543 2051 3678 2107 alte‘

2090 2146 2207 2201 rius
2261 2143 2577 2214 coniugium
2630 2145 2937 2214 respexerit
2975 2185 2992 2211 ,
3025 2145 3374 2214 postliminio
3423 2159 3554 2201 vero
3590 2161 3672 2200 re-

2090 2247 2336 2294 vertatur
2365 2253 2486 2310 qua:
2509 2237 2563 2292 in
2595 2237 2913 2309 captivitate
2941 2237 3162 2294 detenta
3197 2240 3300 2294 fuit
3322 2259 3336 2294 :
3361 2248 3420 2293 ut
3454 2238 3530 2293 illi
3561 2237 3676 2311 (47)

2091 2333 2135 2388 si
2163 2332 2313 2397 velit,
2360 2347 2520 2387 suum
2561 2330 2870 2385 membrum
2907 2331 3204 2401 recipiendi
3236 2331 3467 2386 facultas
3492 2332 3584 2396 sit,
3614 2345 3679 2386 ac

2091 2443 2437 2499 nequaquam
2507 2428 2653 2498 quod
2712 2427 2870 2483 alteri
2897 2427 3253 2497 coniunctum
3302 2427 3489 2489 fuerit,
3522 2429 3680 2497 prius

2092 2522 2508 2578 matrimonium
2545 2521 2864 2577 innovetur.
2897 2521 2954 2576 Si
2982 2521 3127 2577 enim
3178 2521 3496 2591 coniugium
3554 2535 3680 2574 cum

2092 2615 2267 2670 altero
2310 2613 2663 2684 postmodum
2704 2615 2902 2668 initum
2938 2613 3215 2670 videbitur
3251 2613 3529 2684 aliquibus
3564 2612 3682 2669 dis-

2091 2707 2230 2763 solvi
2260 2721 2368 2761 non
2401 2715 2678 2777 oportere,
2711 2705 2992 2777 quomodo
3027 2721 3135 2761 non
3163 2706 3376 2776 aaqnitts
3408 2705 3596 2770 fuerit,
3630 2704 3677 2760 si

2094 2803 2304 2870 primus
2338 2801 2672 2855 matrimonii
2709 2816 2883 2856 nexus
2918 2801 2972 2854 in
3005 2815 3169 2855 suum
3232 2809 3438 2856 statum
3493 2814 3681 2855 rever-

2092 2891 2276 2946 tatur?
2311 2891 2372 2945 Et
2400 2892 2533 2947 sieo
2568 2891 2711 2962 quod
2759 2892 2952 2948 alienae
3003 2892 3143 2963 parti
3175 2892 3533 2963 coniunctum
3585 2893 3681 2955 sit,

2100 2987 2150 3039 id
2185 2984 2457 3057 quispiam
2527 2986 2684 3041 avelli
2723 3002 2829 3040 non
2863 2987 3184 3056 permittat:
3217 2985 3493 3056 quomodo
3530 2984 3678 3054 quod

2094 3094 2122 3131 a
2147 3094 2243 3132 sua
2277 3087 2432 3147 parte
2493 3080 2787 3149 abruptum
2823 3079 2915 3146 sit,
2950 3079 3000 3133 id
3042 3080 3095 3134 in
3121 3095 3281 3134 suum
3316 3079 3493 3133 locmn
3523 3078 3684 3133 resti-

2095 3172 2195 3235 tui,
2244 3172 2444 3226 rationi
2508 3187 2620 3227 non
2673 3172 2837 3226 fuerit
2863 3182 3301 3227 consentaneum
3337 3172 3455 3227 ?At
3485 3171 3684 3225 dixerit

409 3256 628 3326 μόζειν;
661 3258 772 3312 Καί
819 3258 866 3290 ⁸⁷
917 3274 1102 3329 φησιν,
1141 3257 1304 3311 Ἀλλὰ
1355 3259 1546 3329 κέρδος
1607 3259 1816 3327 γίνεται
1881 3260 1989 3312 τῶν

2094 3265 2291 3334 aliquis
2328 3283 2341 3318 :
2396 3266 2501 3319 Sed
2546 3265 2840 3319 inlucrum
2887 3265 3119 3334 captivis
3173 3264 3319 3319 cedit
3380 3262 3525 3334 quod
3558 3277 3683 3332 pro-

405 3351 772 3422 αἰχμαλώτων
796 3355 861 3406 ὲκ
900 3353 1000 3421 τῆς
1024 3352 1167 3406 κατὰ
1205 3353 1537 3423 προπέτειαν
1579 3353 1690 3406 τῶν
1719 3353 1990 3424 δευτέρων

406 3448 602 3515 γάμων
635 3444 850 3516 ὁμιλίας
892 3447 924 3514 ή
959 3446 1338 3514 ἀντεισαγωγὴ
1385 3447 1482 3515 τῆς
1520 3445 1803 3508 ἐκτίσεως.
1850 3445 1988 3499 Ἀλλ’

404 3532 561 3602 οὗτος
597 3540 625 3592 ὁ
655 3539 811 3605 λόγος
841 3537 1068 3608 ἄμεινον
1099 3538 1144 3569 ⁵⁸
1175 3533 1240 3608 ἦν
1277 3537 1351 3608 μὴ
1377 3539 1459 3590 ὃτι
1503 3555 1568 3606 γε
1599 3536 1822 3607 χειλέων
1853 3554 1988 3607 προα

407 3631 607 3695 ελθεῖν,
639 3631 774 3685 ἀλλά
806 3631 925 3703 μηδ’
961 3632 1054 3685 ἐπὶ
1094 3631 1334 3708 διάνοιαν
1373 3630 1483 3684 τῶν
1514 3632 1692 3685 ταῦτα
1718 3648 1992 3702 πεφρονη-

407 3726 581 3781 κότων
601 3724 1026 3796 ἀναϐεϐηκέναι.
1049 3725 1173 3788 Πῶς
1195 3725 1304 3795 γὰρ
1326 3725 1426 3778 οὐκ
1451 3725 1693 3794 ἐσχάτως
1715 3726 1794 3788 εἰς
1817 3724 1992 3794 φρένα

403 3817 678 3890 δυστυχὴς
713 3818 808 3872 καὶ
852 3818 1079 3890 ἄπορος,
1108 3816 1170 3882 ὃς
1198 3817 1292 3871 τοῦ
1323 3817 1526 3871 οἰκείου
1563 3818 1760 3888 μέλους
1794 3820 1992 3873 ἀλλάτ-

403 3928 563 3968 τεται
593 3913 858 3984 χρήματα
877 3929 894 3978 ;

477 4005 821 4078 Θεσπίζομεν
857 4007 904 4039 ³⁸
946 4001 1062 4073 οὖν,
1103 4005 1368 4078 μηδαμῶς
1397 4006 1476 4060 ἔτι
1518 4005 1660 4078 πρὸς
1691 4005 1991 4076 συνάφειαν

405 4103 599 4176 ἐτέρου
628 4104 722 4157 τδν
751 4103 1047 4177 ἀπείρατον
1080 4105 1432 4177 μεμενηκότα
1473 4104 1573 4175 τῆς
1606 4104 1990 4173 αἰχμαλωσίας

405 4197 687 4270 ἔρχεσθαι,
712 4197 827 4252 ἀλλ’
852 4197 999 4262 ὅσοις
1022 4197 1088 4253 ἂν
1121 4198 1322 4269 δήποτε
1359 4199 1575 4267 χρόνοις
1611 4200 1668 4251 ὲν
1713 4197 1992 4266 αἰχμαλω-

407 4290 502 4362 σίᾳ
618 4291 664 4323 ⁸⁸
705 4291 765 4344 τὸ
820 4293 939 4344 ἐκεῖ
984 4289 1540 4361 ταλαιπωρούμενον,
1581 4289 1897 4361 περιμένειν
1932 4289 1992 4342 τὸ

406 4383 617 4456 ἕτερον,
655 4383 757 4438 κᾶν
792 4386 928 4454 μήτε
976 4383 1256 4456 ἔγγραφος
1287 4382 1519 4454 δήλωσις
1555 4384 1692 4454 μήτε
1744 4384 1991 4454 ἄγραφος

407 4476 619 4533 ἐκεῖθεν
646 4477 1071 4549 καταλαμϐάνῃ.
1114 4478 1179 4530 Εἰ
1235 4476 1292 4530 δὲ
1324 4475 1479 4546 παρά
1519 4476 1668 4530 τόνδε
1696 4477 1787 4529 τὸν
1826 4478 1990 4546 νόμον

409 4570 721 4644 βουληθεῖέν
749 4588 893 4636 τινες
933 4574 1000 4642 τῇ
1036 4571 1174 4640 πρὸς
1214 4569 1504 4641 δευτέρους
1552 4571 1763 4640 γάμους
1797 4571 1988 4641 ὁμιλίᾳ

404 4667 518 4721 τῶν
562 4665 846 4738 προτέρων
894 4665 1332 4737 διαρῤήγνυσθαι
1381 4664 1476 4718 καὶ
1522 4664 1646 4734 οὐχ).
1692 4662 1840 4718 κατά
1890 4663 1988 4734 τὴν

406 4761 795 4835 παρατήρησιν
835 4759 936 4829 τὴν
978 4752 1036 4812 ἐν
1063 4760 1130 4830 τῇ
1178 4756 1278 4830 pd."
1308 4759 1479 4830 νεαρᾷ
1501 4757 1544 4789 ⁸⁸
1583 4757 1850 4827 περὶτῶν
1889 4773 1991 4824 γυ-

406 4854 613 4909 ναικῶν
644 4851 756 4907 τῶν
797 4854 854 4906 ἐν
888 4848 1193 4919 ὲξπεδίτοις
1221 4851 1391 4905 ὄντων
1435 4851 1718 4922 κειμένην,
1753 4853 1990 4906 ἴστωσαν

406 4947 483 5011 ὡς
511 4949 654 5009 ταῖς
683 4947 898 5008 ποιναῖς
937 4945 1317 4999 ὑποκείσονται
1362 4948 1482 5008 ταῖς
1514 4946 1574 4998 ὲν
1610 4947 1674 5016 τῇ
1720 4945 1990 5019 εἰρημένῃ

405 5037 650 5103 διατάξει
685 5034 1080 5107 τεταγμέναις,
1135 5034 1380 5106 δηλονότι
1423 5035 1608 5099 ἀδείας
1656 5033 1862 5106 οὔσης,
1912 5037 1989 5102 ὡς

2095 3371 2214 3429 pfer
2250 3361 2478 3414 alterum
2530 3358 2838 3414 temeritate
2873 3356 3213 3412 centractum
3250 3357 3682 3422 matrimonium,

2094 3467 2192 3520 per
2239 3451 2745 3522 compensationem
2800 3464 2977 3520 paenae
3037 3447 3261 3502 nomine
3307 3447 3679 3503 introductum

2093 3553 2199 3601 est.
2238 3545 2434 3600 Verum
2489 3544 2638 3598 hunc
2674 3558 2986 3598 sermonem
3041 3560 3151 3599 non
3194 3543 3320 3596 dico
3370 3557 3478 3594 non
3511 3540 3684 3596 labris

2093 3638 2347 3709 exprimi,
2409 3637 2506 3692 sed
2553 3652 2621 3690 ne
2675 3635 2729 3690 in
2789 3647 3024 3691 mentem
3078 3637 3298 3707 quidem
3361 3635 3683 3691 auctoribus

2093 3733 2212 3802 ejus
2245 3733 2430 3786 venire
2465 3732 2665 3788 melius
2714 3731 2903 3787 fuerit.
2944 3729 3079 3784 Nam
3119 3730 3538 3800 quomodoille,
3587 3731 3682 3800 qui

2094 3827 2399 3880 membrum
2437 3841 2597 3880 suum
2637 3825 2884 3896 pecuniis
2913 3836 3240 3891 commutat,
3275 3840 3382 3878 non
3437 3831 3683 3879 extrema

2091 3918 2291 3973 mentis
2321 3918 2640 3973 infelicitate
2662 3927 2717 3973 et
2756 3918 2984 3988 penuria
3015 3917 3270 3971 laborat?

2166 4011 2456 4067 Sancimus
2482 4013 2686 4081 itaque,
2744 4021 2804 4066 ut
2851 4025 3200 4081 nequaquam
3263 4011 3502 4080 amplius
3559 4025 3682 4079 quae

2093 4121 2221 4176 pars
2267 4105 2588 4160 aservitute
2623 4106 2829 4159 intacta
2879 4103 3101 4169 mansit,
3139 4100 3208 4158 ad
3256 4104 3484 4160 alterius
3551 4120 3682 4158 con-
3730 4115 3735 4121 '

2089 4200 2298 4270 jugium
2348 4199 2601 4269 procedat
2640 4198 2775 4253 :sed
2811 4205 3168 4268 quotcunque
3210 4197 3371 4252 annis
3421 4197 3595 4251 altera
3622 4195 3676 4250 in

2095 4295 2376 4350 servitutis
2412 4293 2635 4348 miseria
2685 4291 3051 4355 detinebitur,
3113 4291 3331 4347 tametsi
3389 4289 3502 4361 (48)
3550 4291 3680 4347 inde

2094 4385 2298 4441 nullam
2331 4400 2509 4454 neque
2545 4384 2611 4439 de
2637 4385 2872 4455 scripto,
2925 4399 3105 4451 neque
3134 4384 3274 4439 citra
3309 4384 3579 4453 scriptum
3605 4385 3683 4440 si—

2092 4480 2496 4551 gniﬁcationem
2531 4480 2789 4549 accipiat,
2823 4479 2969 4532 illam
3004 4486 3314 4548 exspectet.
3345 4479 3409 4534 Et
3462 4480 3606 4550 quod
3633 4480 3681 4536 si

2095 4580 2294 4643 praeter
2330 4571 2472 4626 hanc
2495 4572 2667 4642 legem
2719 4572 2948 4628 alterius
2981 4573 3318 4649 matrimonii
3345 4573 3683 4631 commercio

2095 4681 2124 4718 a
2159 4666 2340 4736 priore
2382 4665 2629 4735 abrumpi
2678 4665 2846 4734 aliqui
2904 4665 3097 4732 velint,
3128 4667 3296 4736 idque
3326 4682 3435 4721 non
3477 4682 3684 4723 secun-

2091 4760 2692 4816 dumrobservationem
2740 4760 2792 4814 in
2842 4759 3063 4816 Novella
3120 4763 3418 4817 centesima
3462 4763 3677 4818 decima

2091 4853 2322 4923 septima
2388 4852 2456 4908 de
2499 4853 2769 4909 uxoribus
2825 4869 3041 4921 eorum,
3099 4856 3192 4925 qui
3246 4856 3300 4911 in
3334 4858 3682 4928 expeditione

2093 4954 2221 4998 sunt
2251 4944 2445 5010 relata,
2474 4944 2564 4998 tiat
2592 4961 2607 4998 :
2637 4945 2854 4999 seiunto
2898 4946 2998 5010 illi,
3034 4947 3179 5018 quod
3216 4948 3412 5018 positis
3453 4949 3506 5004 in
3535 4947 3680 5004 dicta

2092 5036 2490 5092 constitutione
2538 5037 2718 5108 poenis
2775 5039 3167 5108 subiacebunt.
3233 5041 3463 5112 Insuper
3512 5029 3679 5098 etiam

408 5129 642 5204 ἔφαμεν.
700 5129 750 5184 εἰ
779 5126 1151 5204 ἀναρῤυσθείη
1191 5127 1292 5200 τῆς
1346 5125 1729 5199 αἰχμαλωσίας
1773 5126 1835 5182 τὸ
1878 5128 1989 5182 ἐκεί

2100 5129 2586 5203 (quemadmodum
2610 5131 2876 5202 diximus)
2904 5134 3022 5190 utsi
3051 5136 3142 5203 qui
3170 5135 3452 5192 servitutis
3480 5151 3677 5193 aerum-

1685 5268 1917 5326 VARUE
1958 5269 2366 5331 LECTIONES.

473 5439 522 5476 ³³
545 5439 726 5513 Locus
743 5442 1056 5513 cerruptus.
1073 5433 1409 5513 §tepbanus,
1442 5446 1686 5513 quocum
1702 5431 1950 5513 Agylaens
1997 5432 2128 5513 facit
2156 5451 2170 5487 :
2194 5434 2313 5513 πῶς
2328 5434 2383 5489 δὲ
2413 5436 2463 5489 εἰ
2482 5436 2644 5513 μέχρι
2669 5439 2758 5492 καὶ
2787 5439 2896 5513 τῶν
2926 5439 3089 5506 (paul.
3113 5440 3337 5513 uitri-1;";
3357 5442 3673 5513 περιουσία.

407 5507 632 5567 [lectius
653 5507 804 5590 forte
843 5527 856 5590 ς
895 5502 1012 5570 πῶς
1068 5502 1217 5590 ὃς-ιεί
1247 5503 1429 5590 ¹μέχρι
1463 5502 1564 5590 καὶ
1619 5502 1738 5590 Eii):
1757 5502 2128 5590 φαυλοτάτων
2175 5507 2356 5590 αὲτῷν
2389 5502 2696 5590 περιουσία,
2729 5510 2847 5566 κτλ.
2985 5513 3140 5590 _Agyl_.
3179 5502 3678 5590 w&\r_6qlo_\_5._Minttl

407 5590 576 5636 recte.
652 5580 699 5614 “
733 5577 896 5636 Forte
923 5575 1359 5636 ommittendum
1406 5575 1523 5630 καί.

405 5666 554 5709 corr.
583 5651 845 5723 ἀμείνων.

1627 5576 1672 5650 ιτ
1704 5572 2151 5650 ξπῃπιαύτῇ.
2193 5578 2254 5650 _"
2286 5572 2554 5650 cherim,
2592 5572 2806 5650 μέλους.

949 5650 971 5683 ³
1006 5647 1121 5704 Ecl.
1146 5646 1314 5718 incip.
1389 5646 1435 5679 “
1473 5645 1550 5702 Ita
1574 5645 1691 5702 Ecl.
1714 5641 1913 5702 Codd:
1932 5641 2021 5719 ἦν.
2085 5641 2156 5680 ”⁶¹
2186 5641 2481 5704 Justiniani
2511 5641 2645 5706 No'v.
2678 5641 2800 5718 H7,
2833 5668 2882 5708 c.
2915 5654 3001 5709 Η.

2906 5581 3173 5657 ‘_’_Stc‘pb.
3202 5585 3313 5641 ναί.
3337 5581 3350 5587 ⁷
3397 5581 3447 5618 ⁵⁸
3476 5583 3673 5657 Steph.

1986 5788 2221 5846 NOTAE.

481 5908 594 5982 (46)
621 5909 686 5966 ι..
714 5908 806 5982 454,
833 5906 891 5962 θ’.
939 5904 1014 5982 De
1046 5904 1256 5982 _i:itu;_l
1297 5905 1360 5982 Α,
1493 5902 1760 5982 Dedivor.
1785 5921 1801 5972 ;
1827 5912 1862 5962 t.
1904 5905 1988 5968 l9,

411 5986 453 6045 l.
479 5974 666 6053 56,1.
705 5979 930 6047 Soluto,
963 5979 1001 6036 ι.
1040 5977 1125 6043 12,
1151 5976 1178 6049 §
1210 5977 1263 6043 4,
1289 5975 1346 6032 0‘.
1378 5975 1452 6034 De
1473 5974 1725 6047 captivis.

2171 5906 2285 5974 (47)
2319 5905 2521 5978 Νοι-ρις.
2551 5919 2567 5960 ι
2593 5909 2671 5971 a7,
2713 5924 2830 5978 ων.
2869 5909 2950 5964 Il.

2176 5978 2288 6049 (48)
2319 5977 2474 6046 Quod
2503 5977 2822 6052 exigebatur
2858 5982 2913 6037 d.
2933 5997 2982 6037 ς.
3014 5983 3102 6039 ll.
