4078 6300
341 337 447 404 505

1440 334 1806 397 NOVELLIE
1859 332 2531 396 CONSTITUTIONES.

3500 337 3610 402 506

338 455 521 523 νόμον,
550 449 676 506 οὔτε
701 452 791 506 τὸν
830 450 930 522 τῆς
960 449 1235 514 πολιτείας
1264 449 1451 514 ἁπλῶς
1484 449 1913 522 συγκροτοῦντες

2021 448 2166 518 quod
2196 449 2406 505 civilem
2435 449 2760 521 simpliciter
2787 452 3130 520 collidamus,
3158 454 3300 512 hanc
3337 452 3605 512 adversus

338 543 436 614 τὴν
468 546 598 616 περὶ
635 543 733 598 τοῦ
765 543 989 616 κορικοῦ
1033 544 1283 614 ἅρπαγος
1314 541 1544 614 γνώμην
1590 544 1915 615 ἐκφέρομεν,

338 637 453 689 ἀλλ’
476 633 586 689 οἷον
612 637 730 690 όδόν
763 654 886 690 τινα
923 635 1016 690 τοῦ
1046 635 1160 706 βίου
1189 637 1300 699 τοῖς
1332 635 1625 706 πράγμασι
1657 638 1758 706 τὴν
1785 654 1919 708 συμ-

339 729 614 799 φέρουσαν
663 732 1130 800 κατανοήσαντες,
1180 728 1410 801 ὲπείπερ
1460 729 1675 799 εἴδομεν
1717 732 1784 799 τῇ
1821 728 1916 783 τοῦ

341 818 489 887 ἱεροῦ
545 819 863 890 συμπαθείᾳ
931 820 1098 890 νόμου
1138 818 1326 890 ὥσπερ
1387 821 1806 891 ἀναιδευόμενον
1859 821 1919 875 τὸ

341 910 536 973 κακον,
569 913 636 981 τῇ
668 911 723 964 δὲ
773 911 865 964 τοῦ
905 910 1187 965 πολιτικοῦ
1219 910 1387 981 νόμου
1431 913 1704 984 αὐστηρίᾳ
1748 930 1918 969 κατα-

341 1002 718 1072 στελλὸμενον,
755 1003 845 1056 διὰ
879 1002 1036 1056 τοῦτο
1068 1003 1167 1072 τῆς
1201 1003 1402 1072 μᾶλλον
1433 1003 1819 1074 ἐπαμυνούσης
1847 1008 1915 1076 τῇ

341 1095 674 1148 καταστάσει
737 1095 844 1147 τῶν
897 1096 1239 1165 πραγμάτων
1284 1095 1586 1165 ἐγενόμεθα
1636 1099 1914 1168 προνοίας.

341 1186 607 1240 Βούλεται
645 1188 744 1257 μὲν
773 1188 882 1257 γὰρ
911 1188 940 1240 ὁ
983 1187 1258 1252 πολιτικὸς
1316 1188 1480 1258 νόμος
1524 1188 1582 1241 οὗ
1622 1189 1781 1258 μόνον
1827 1191 1917 1242 τὸν

337 1280 406 1332 δι’
436 1282 690 1350 ἁρπαγῆς
716 1282 810 1334 καὶ
840 1281 958 1351 βίας
992 1281 1192 1352 φθορέα
1217 1281 1474 1350 γεγονότα
1502 1281 1670 1352 κόρης
1704 1282 1918 1354 θανάτῳ

337 1373 782 1443 ὑπαγορευθῆναι
813 1375 884 1435 ⁷⁸,
923 1374 1002 1427 ἔτι
1040 1375 1096 1427 δὲ
1133 1375 1229 1428 καὶ
1268 1376 1404 1444 πρὸς
1437 1376 1502 1445 τῇ
1543 1373 1636 1428 τοῦ
1686 1375 1915 1429 θανάτου

338 1464 462 1535 δίκῃ
516 1465 610 1518 καὶ
664 1465 761 1535 τὴν
793 1464 1026 1537 ὓπαρξιν
1081 1467 1467 1536 ἀφαιρεῖσθαι,
1502 1467 1629 1520 ὅταν
1675 1467 1917 1535 εὐγενεῖς

337 1549 471 1610 ὦσιν
500 1557 556 1608 αί
582 1556 959 1628 φθειρόμεναι,
987 1557 1122 1612 ἀλλὰ
1160 1559 1470 1623 κάκείνους,
1502 1558 1552 1612 οἳ
1603 1559 1918 1629 συναντιλήο

2022 539 2253 612 virginis
2307 551 2582 612 raptorem
2653 545 2984 600 sententiam
3056 545 3446 617 proferimus:
3508 547 3601 602 sed

2021 643 2378 707 posteaquam
2414 637 2558 691 velut
2592 637 2678 692 via
2713 639 2946 707 quadam
2980 643 3148 695 rebus
3182 639 3439 694 humanis
3465 655 3604 694 con-

2021 729 2244 786 ducibili
2306 727 2655 800 investigata,
2699 730 3181 785 commiseratione
3239 744 3412 786 sacra:
3471 727 3607 798 legis

2021 823 2073 877 id
2108 822 2315 876 malum
2351 821 2513 891 quasi
2546 821 2905 888 insolescere,
2937 821 3118 877 civilis
3174 837 3306 878 vero
3348 820 3482 890 legis
3502 835 3603 872 au-

2021 918 2270 973 steritate
2305 916 2594 985 supprimi,
2647 917 3008 987 cognovimus
3041 959 3056 984 ,
3114 918 3168 972 in
3205 933 3328 973 eam
3383 926 3606 974 senten-

2020 1010 2174 1073 tiam,
2212 1009 2356 1063 unde
2392 1024 2571 1063 rerum
2634 1010 2800 1065 statui
2857 1011 2978 1080 plus
3037 1011 3267 1066 subsidii
3312 1018 3478 1075 esset,
3520 1011 3606 1066 in-

2020 1100 2374 1154 clinavimus.
2411 1096 2534 1152 Vult
2562 1111 2740 1154 autem
2770 1101 2950 1156 civilis
2987 1102 3071 1156 lex
3110 1102 3243 1172 (56),
3281 1111 3338 1156 nt
3374 1118 3485 1160 non
3511 1119 3603 1160 so-

2019 1192 2130 1248 lum
2167 1192 2262 1261 qui
2293 1208 2387 1262 per
2426 1202 2639 1261 raptum
2696 1203 2750 1248 et
2799 1195 2906 1246 vim
2969 1194 3240 1264 virginem
3305 1194 3598 1265 ingenuam

2020 1286 2312 1356 stupravit,
2349 1287 2510 1340 morti
2538 1285 2848 1347 addicatur.
2891 1287 3228 1358 iusuperque
3258 1304 3426 1358 supra
3453 1303 3600 1343 mor-

2019 1374 2092 1430 tis
2150 1373 2616 1441 adjudicationem
2665 1374 2825 1438 bonis
2891 1377 3160 1444 privetur,
3209 1392 3398 1431 verum
3432 1378 3596 1432 etiam

2019 1467 2115 1538 qui
2146 1466 2199 1519 in
2234 1466 2443 1519 scelere
2477 1465 2801 1534 adjumento
2832 1465 3057 1519 fuerunt
3115 1466 3362 1524 eamdem
3397 1475 3448 1521 et
3479 1483 3600 1537 pa:-

2019 1574 2142 1612 nam
2174 1564 2228 1611 et
2259 1557 2485 1609 multam
2518 1557 2864 1611 sustineant:
2893 1557 3057 1626 idque
3104 1567 3219 1612 tum
3249 1559 3440 1624 etiam,
3470 1574 3597 1612 cum

337 1665 536 1720 πτορες
589 1648 849 1720 ὤφθησαν
887 1649 981 1703 τοῦ
1041 1651 1573 1722 ἀνοσιουργήματος,
1609 1651 1707 1722 τὴν
1745 1650 1913 1720 αὐτὴν

2021 1648 2329 1704 voluntarie
2366 1661 2423 1701 se
2451 1647 2650 1702 mulier
2691 1648 2894 1716 raptori
2932 1648 3161 1702 dedidit.
3206 1648 3346 1715 Quin
3390 1658 3446 1703 et
3478 1648 3599 1719 ejus

337 1737 667 1806 ὑφίστασθαι
693 1741 882 1809 ποινὴν
914 1740 1007 1792 καὶ
1031 1740 1256 1812 ζημίαν,
1290 1742 1381 1795 καὶ
1404 1741 1559 1795 τοῦτο
1586 1742 1829 1809 γίνεσθαι
1868 1741 1917 1774 ⁷⁸

333 1829 532 1895 οὕτως,
567 1829 670 1884 κᾶν
726 1831 926 1902 ἑαυτὴν
954 1831 1158 1885 ἑκοῦσα
1203 1834 1236 1902 ἡ
1273 1833 1409 1903 γυνὴ
1456 1832 1532 1904 τῷ
1575 1834 1786 1903 ἆρπαγι
1829 1834 1913 1886 ὲν-

2018 1834 2119 1888 nit.
2150 1829 2336 1899 Neque
2371 1845 2498 1884 vero
2527 1838 2658 1885 tunc
2685 1831 2884 1896 solum,
2913 1833 3008 1886 sed
3029 1832 3214 1897 etiam,
3246 1833 3292 1887 si
3330 1847 3454 1888 cum
3488 1848 3600 1904 quo

333 1923 625 1996 εχείρισεν.
664 1925 738 1977 Ού
788 1926 896 1996 μὴν
933 1926 1070 1981 ἀλλὰ
1104 1925 1199 1980 καὶ
1230 1927 1321 1978 τὸν
1361 1925 1567 1996 ταύτης
1608 1925 1820 1997 πατέρα
1857 1928 1913 1980 ὲν

2016 1932 2260 1994 tempore
2305 1934 2495 1994 raptus
2563 1926 3038 1991 committeretur,
3087 1925 3207 1995 ejus
3251 1927 3326 1982 rei
3372 1928 3598 1998 ignarus

335 2016 642 2088 συνειδήσει
677 2019 1024 2072 καταστάντα
1052 2018 1156 2088 τῆς¹
1178 2018 1429 2088 πράξεως
1457 2019 1726 2090 ὑπερορίᾳ
1759 2019 1913 2072 κολά-

2020 2017 2206 2078 fuerit,
2243 2017 2423 2071 ﬁliolae
2475 2016 2819 2070 vitiatiouem
2857 2017 3204 2085 postmodum
3266 2017 3418 2088 parvi
3457 2033 3593 2091 pen-

334 2110 454 2174 ζει·
482 2113 577 2164 καὶ
607 2111 668 2164 οὐ
721 2110 973 2164 τοσοῦτον
1016 2109 1198 2180 μόνον,
1231 2109 1366 2163 ἀλλὰ
1417 2111 1510 2162 καὶ
1562 2111 1610 2162 εί
1641 2109 1716 2179 μὴ
1767 2107 1913 2179 παρὰ

2019 2107 2134 2169 dat,
2172 2123 2375 2178 renque
2401 2106 2677 2177 judicium
2713 2107 2976 2170 remittat,
3007 2118 3101 2162 aut
3135 2108 3448 2163 istiusmodi
3480 2123 3598 2164 ma-

329 2201 426 2254 τδν
449 2201 661 2270 καιρὸν,
682 2202 805 2255 καθ’
830 2201 888 2254 ὃν
915 2203 946 2272 ή
973 2201 1198 2273 ἁρπαγὴ
1220 2199 1570 2271 τετόλμηται,
1598 2200 1854 2263 συνειδὼς
1873 2200 1913 2232 ⁷⁸

2018 2200 2336 2254 trimonium
2375 2199 2665 2268 approbet,
2700 2200 2755 2254 in
2797 2202 3025 2256 incuriae
3062 2216 3280 2272 pinnam
3337 2201 3596 2271 deportas-

329 2290 638 2362 ἐλέγχεται,
670 2294 821 2363 ὅμως
860 2293 918 2346 δὲ
967 2292 1227 2364 ὀλιγωρίᾳ
1256 2292 1430 2355 διδοὺς
1472 2291 1572 2361 τὴν
1616 2290 1709 2343 τοῦ
1741 2292 1913 2358 θυγα-

2026 2294 2224 2348 tionem
2285 2294 2574 2348 sustineat.
2615 2292 2794 2364 Atque
2853 2294 2966 2349 haec
3033 2294 3254 2366 quidem
3313 2295 3597 2356 veteribus

329 2383 486 2454 τρίου
525 2384 825 2455 διαφθορὰν
853 2385 946 2438 καὶ
977 2386 1158 2453 ἀφιεὶς
1188 2385 1288 2452 τῆς
1316 2383 1471 2455 δίκης
1502 2383 1592 2436 τὸν
1642 2383 1845 2453 ἔνοχον,
1879 2381 1911 2453 ἦ
2024 2383 2298 2450 placuere.

329 2475 422 2528 τὸν
451 2476 693 2532 τοιοῦτον
723 2478 898 2550 γάμον
922 2477 1340 2548 ἀποδεχόμενος,
1367 2474 1558 2546 ποινὴν
1580 2476 1774 2547 ὑπέχει
1805 2478 1906 2550 τῆς
1945 2477 2238 2547 ὀλιγωρίας
2282 2475 2461 2546 φυγὴν
2483 2476 2797 2548 ὑπερόριον.
2869 2476 3056 2531 Ταῦτα
3101 2478 3202 2549 μὲν
3263 2477 3436 2532 ἐδόκει
3483 2480 3598 2548 τοῖς

328 2569 521 2626 πάλαι.

414 2709 474 2762 ὐ
502 2707 546 2760 δ’
574 2707 900 2778 ἀείμνηστος
935 2705 1094 2776 ἡμῶν
1125 2703 1308 2774 πατὴρ
1349 2703 1453 2758 ούκ
1487 2704 1566 2766 είς
1610 2703 1779 2774 μόνην
1810 2701 1908 2769 τὴν

2091 2697 2289 2751 Verum
2331 2694 2677 2764 sempiternw
2712 2696 2989 2750 memoriae
3043 2706 3197 2766 pater
3250 2706 3439 2753 noster
3487 2714 3598 2756 non

329 2801 588 2873 ἁρπαγὴν
619 2799 713 2853 τοῦ
747 2799 971 2869 γυναίου
1020 2798 1435 2866 ἀποσκοπήσας,
1471 2796 1606 2850 ἀλλὰ
1649 2797 1743 2850 καὶ
1780 2793 1913 2865 πρὸς

2020 2800 2232 2846 tantum
2271 2791 2323 2845 in
2372 2790 2616 2845 mulieris
2673 2802 2908 2860 raptum,
2959 2807 3143 2846 verum
3195 2795 3359 2848 etiam
3407 2797 3598 2851 incir-

337 2896 406 2949 τὰ
438 2894 573 2948 ἄλλα
614 2892 1172 2963 παρακολουθῄματα,
1207 2889 1344 2960 πρὸς
1373 2892 1558 2943 ἐκεῖνα
1604 2889 1703 2959 τὴν
1734 2888 1913 2958 ψῆφον

2020 2883 2382 2940 cumstantias
2436 2883 2626 2938 oculos
2690 2884 2931 2954 dirigens
2965 2926 2978 2949 ,
3027 2885 3093 2939 ad
3162 2887 3310 2941 illam
3372 2899 3599 2945 semen-

327 2988 714 3060 ὲναρμόζεται,
766 2987 861 3041 καὶ
900 2985 1165 3047 θεσπίζει.
1211 2984 1351 3054 μετά
1421 2983 1518 3052 μὲν
1567 2981 1746 3034 ὅπλων
1800 2980 1913 3052 ἦτοι

2019 2976 2150 3029 tiam
2210 2973 2590 3028 accommodat
2625 2989 2687 3028 ac
2739 2975 2940 3039 sancit,
3005 2977 3151 3030 utsi
3210 2992 3334 3032 cum
3399 2981 3594 3045 armis,

332 3081 503 3153 ξιφῶν
531 3079 564 3151 ἥ
595 3081 773 3135 ἄλλων
797 3078 966 3132 τινῶν
1000 3077 1126 3131 ἄνευ
1171 3075 1357 3145 ξίφους
1406 3072 1768 3144 ἀναιρετικῶν
1819 3072 1913 3140 τῆς

2025 3068 2141 3121 sive
2175 3065 2376 3137 gladiis
2402 3064 2594 3119 aliisve
2656 3067 2934 3120 nonnullis
2983 3077 3181 3136 prazter
3231 3069 3470 3138 gladium
3519 3072 3598 3127 le-

327 3171 592 3242 ἁρπαγῆς
632 3167 1034 3237 γεγενημένης,
1093 3165 1236 3234 ξίφει
1268 3163 1631 3232 τιμωρεῖσθαι
1668 3163 1758 3216 τὸν
1795 3161 1913 3230 βια-

2038 3158 2238 3217 talibus
2282 3167 2471 3226 raptus
2522 3157 2853 3210 commissus
2888 3157 2998 3220 sit,
3049 3157 3140 3225 qui
3198 3169 3411 3228 raptum
3448 3161 3595 3226 l'ecit,

332 3265 594 3334 σάμενον,
658 3261 733 3325 ὡς
783 3261 850 3313 δι’
882 3254 957 3313 ὧν
1026 3257 1142 3328 μεθ’
1185 3255 1365 3310 ὃπλων
1418 3255 1511 3308 ἐπὶ
1556 3254 1656 3324 τὴν
1715 3253 1913 3324 πρᾶξιν

2018 3251 2196 3321 gladio
2229 3248 2486 3318 puniatur
2515 3288 2530 3314 ,
2576 3255 2764 3316 utpote
2789 3248 2881 3317 qui
2911 3263 2976 3302 eo
3003 3247 3145 3317 quod
3174 3263 3299 3303 cum
3334 3252 3504 3307 armis
3525 3253 3592 3308 ad

2019 1750 2253 1812 patrem,
2293 1739 2338 1794 si
2389 1738 2512 1792 facti
2553 1741 2810 1793 conscius
2862 1738 3049 1806 fuerit,
3087 1740 3466 1811 deportatione
3497 1757 3597 1812 pu-
3701 1731 3703 1733 ’

329 3356 635 3426 ἐχώρησεν,
664 3354 764 3407 οὐκ
791 3353 944 3416 ὄντος
974 3349 1142 3406 αὐτοῦ
1195 3351 1289 3405 καὶ
1335 3350 1649 3419 μιαιφονίας
1696 3347 1874 3402 ἀθὼου
1894 3363 1908 3378 ο

325 3449 456 3511 τοὺς
491 3447 548 3500 δὲ
585 3446 1120 3516 συνεπειλημμένους
1150 3444 1182 3515 ἢ
1217 3443 1523 3506 συνειδότας
1555 3443 1601 3474 ⁷⁸
1636 3441 1669 3514 ἢ
1705 3459 1915 3495 συνεισ-

330 3542 564 3608 άγοντας
593 3539 639 3571 ⁷⁷
697 3537 934 3608 σπουδὴν
983 3536 1129 3608 ῥινὸς
1164 3537 1372 3606 ἐκτομῇ
1419 3534 1513 3587 καὶ
1549 3534 1769 3605 μάστιξι
1818 3534 1914 3588 καί⁵

327 3631 553 3703 κουρείᾳ
588 3633 653 3702 τῇ
684 3632 741 3684 ὲν
780 3630 899 3702 χρῷ
927 3629 1291 3699 τιμωρεῖσθαι
1315 3645 1330 3659 ·
1364 3626 1542 3680 ὃπλων
1575 3626 1632 3680 δὲ
1668 3627 1742 3697 μὴ
1775 3643 1916 3696 συμ-

325 3723 612 3794 παρόντων
649 3724 714 3792 τῇ
751 3721 862 3792 βίᾳ,
894 3721 970 3792 μὴ
993 3719 1036 3752 ⁷⁸
1067 3719 1231 3790 μέχρι
1254 3719 1414 3790 φόνου
1445 3718 1542 3788 τὴν
1570 3717 1727 3786 δίκην
1755 3717 1911 3788 ὁρᾷν,

325 3817 403 3880 ὡς
443 3817 565 3870 οὐδὲ
593 3815 694 3885 τῆς
751 3814 1070 3883 μιαιφονίας
1109 3813 1294 3884 χώραν
1343 3810 1601 3883 ἐχούσης,
1640 3809 1778 3863 ἀλλὰ
1819 3810 1912 3863 τὸν

328 3911 428 3982 μὲν
459 3911 726 3980 αὐθέντην
767 3910 866 3977 τῆς
922 3909 1183 3979 ἁρπαγῆς
1241 3910 1323 3970 είς
1370 3907 1553 3978 χειρὸς
1582 3903 1911 3960 κινδυνεύειν

322 4002 640 4071 ἀποκοπὴν,
680 4003 808 4064 τοὺς
857 4001 914 4055 δὲ
956 4000 1586 4071 συνυπουργησαμένους
1643 3997 1674 4067 ἢ
1716 4015 1909 4051 κοινω-

323 4098 596 4168 νήσαντας
627 4096 802 4158 ἄλλως
850 4094 1067 4165 μάστιξι
1127 4095 1222 4148 καὶ
1255 4092 1478 4163 κουρείᾳ
1504 4092 1598 4145 καὶ
1643 4091 1911 4161 ὑπερορίᾳ

322 4187 422 4258 τὴν
449 4187 606 4257 δίκην
635 4185 1081 4257 εἰσπράττεσθαι.
1121 4185 1256 4255 Περὶ
1311 4184 1412 4254 μὲν
1462 4182 1554 4235 οὖν
1582 4183 1680 4252 τῆς
1715 4183 1796 4244 είς
1847 4180 1910 4234 τὸ

325 4278 488 4349 σῶμα
520 4277 724 4348 ζημίας
755 4271 914 4341 οὗτος
938 4279 1072 4347 ὅρος
1105 4293 1120 4308 ο
1156 4275 1192 4330 ἃ.
1229 4275 1274 4328 δ’
1307 4278 1386 4338 εἰς
1414 4276 1673 4346 χρήματα
1703 4275 1904 4344 ἀφορᾷ,

322 4370 501 4424 ταῦτα
527 4372 588 4424 τὺ
629 4371 1036 4442 άμεταποίητον
1076 4369 1171 4424 κα)⁸
1224 4368 1447 4436 ἐνεργὸν
1484 4367 1905 4437 συγκεχώρηται

323 4464 515 4534 φέρειν
547 4464 650 4534 τῆς
690 4463 927 4535 ἀρχῆθεν
954 4461 1298 4534 νομοθεσίας.
1345 4459 1507 4515 Ἀλλά
1539 4459 1714 4515 ταῦτα
1740 4460 1837 4531 μὲν
1872 4460 1901 4513 ό

2019 3343 2070 3397 id
2103 3343 2304 3396 factum
2343 3340 2697 3410 processerit,
2736 3356 2913 3410 neque
2952 3341 3021 3394 ab
3048 3341 3346 3396 homicidio
3391 3341 3593 3398 immu-

2018 3437 2103 3491 nis
2159 3438 2230 3490 sit
2290 3452 2302 3488 :
2366 3434 2458 3503 qui
2523 3448 2651 3487 vero
2714 3435 2993 3502 suppetias
3067 3434 3333 3501 tulerint,
3391 3436 3590 3491 [active

2017 3532 2422 3597 perpetratores
2472 3516 2846 3595 susceperint,
2901 3539 3035 3578 naso
3084 3528 3590 3590 inutilentur-,,ver-

2015 3617 2296 3679 berentur,
2332 3625 2383 3669 et
2409 3624 2535 3670 cute
2560 3627 2719 3670 tenus
2742 3617 3090 3670 tonileanlur.
3121 3616 3349 3682 Quando
3402 3631 3587 3675 autem

2013 3724 2163 3763 arma
2219 3709 2488 3763 violentia:
2546 3708 2790 3762 adhibita
2851 3723 2957 3761 non
3029 3719 3244 3774 essent,
3314 3717 3372 3764 ut
3436 3727 3589 3765 mor-

2014 3808 2122 3854 tem
2155 3801 2428 3856 sententia
2460 3816 2567 3854 non
2613 3807 2844 3868 spectet,
2875 3800 3019 3869 quod
3084 3815 3276 3869 nempe
3326 3809 3458 3854 tunc
3491 3802 3592 3856 ho-

2013 3893 2295 3949 micidium
2322 3893 2505 3946 locum
2531 3907 2636 3946 non
2667 3891 2918 3946 habuerit
2968 3909 2980 3946 :
3025 3893 3119 3947 sed
3164 3905 3350 3961 raptus
3397 3903 3592 3948 auctor

2014 4002 2210 4041 manus
2237 3984 2444 4057 (57-60)
2474 3985 2813 4039 mutilatione
2833 3985 3198 4053 periclitetur;
3226 3985 3317 4054 qui
3342 4000 3468 4040 vero
3491 3988 3592 4042 mi-

2011 4078 2300 4133 nisterium
2371 4077 2738 4147 priebuerint,
2789 4076 3064 4146 alioquive
3109 4092 3170 4132 se
3215 4078 3305 4134 isti
3359 4078 3438 4132 rei
3483 4078 3590 4132 im-

2013 4169 2360 4233 miscuerint,
2398 4169 2742 4232 verberibus,
2803 4177 3029 4222 tonsura
3090 4179 3142 4223 et
3193 4169 3580 4240 depOrtationo

2011 4276 2202 4332 poenas
2219 4261 2480 4330 pendant.
2513 4264 2591 4314 Ac
2621 4275 2753 4314 sane
2781 4261 3086 4329 corporalis
3117 4275 3290 4328 pinna:
3341 4260 3456 4314 lucc
3502 4273 3597 4320 est,

2011 4356 2306 4425 descriptio
2339 4373 2352 4408 :
2386 4351 2531 4422 quod
2565 4369 2698 4407 vero
2753 4352 2816 4405 ad
2857 4353 3230 4422 pecuniariam
3269 4353 3484 4418 attinet,
3514 4368 3584 4406 ne

2023 4464 2051 4501 a
2084 4446 2358 4514 primitiva
2388 4443 2730 4515 legislatione
2757 4452 3020 4507 mutetur,
3047 4444 3276 4513 ejusque
3329 4442 3582 4499 ellectum

320 4519 978 4629 ⁷ἡμέτεροςἰῐιτιτοθὲσιπίζει
1002 4519 1188 4627 πατήρ
1210 4569 1226 4585 ⁸
1255 4519 1335 4618 οἷς
1358 4554 1650 4625 σύμψηφον
1673 4519 1898 4623 γνιῦμην

2016 4535 2619 4606 retineat,permittitur
2649 4534 2785 4606 (6i).
2825 4537 3000 4602 Atque
3019 4535 3131 4588 haec
3165 4534 3389 4603 quidem
3429 4541 3584 4600 pater

322 4625 419 4704 καὶ
447 4625 609 4719 ἡμεῖς
629 4650 1016 4720 ἀναδεχόμενοι
1041 4625 1235 4718 τήνήτε
1265 4648 1322 4700 ἑν
1343 4645 1423 4716 τῷ
1462 4645 1691 4716 παρόντι
1720 4644 1898 4715 καιρῷ

2016 4637 2193 4684 noster
2219 4629 2419 4693 sancit,
2456 4642 2690 4697 quorum
2743 4633 2798 4681 et
2827 4643 2928 4681 nos
2980 4625 3422 4696 approbatricem
3455 4640 3582 4681 sen-

319 4738 422 4793 καὶ
553 4739 746 4794 ἔπειτα
762 4716 991 4810 τί-τιμήν
1010 4754 1071 4790 τε
1096 4716 1502 4808 καὶγὲνέργειαν
1520 4739 1587 4807 τῇ
1609 4735 1902 4807 νομοθεσίᾳ

2016 4720 2232 4775 Lentiam
2295 4721 2690 4788 suscipientes,
2749 4717 3148 4786 legislationem
3214 4716 3359 4770 illam
3418 4725 3472 4770 et
3526 4716 3580 4768 in

320 4829 838 4904 ἑπισφραγιζόμεθα

2005 4825 2249 4882 praesens
2275 4819 2330 4866 et
2361 4811 2415 4866 in
2446 4809 2694 4866 futurum
2737 4809 3068 4864 auctoritate
3093 4815 3148 4863 et
3201 4807 3398 4864 etIectu
3422 4806 3576 4862 obsi-

2007 4903 2315 4974 gnavhnus.

1638 5083 1875 5142 νΑιιιίΕ
1916 5082 2322 5140 LECTIONES.

369 5277 422 5312 "
453 5275 644 5331 Zuich.
679 5282 734 5330 et
767 5272 984 5329 Meerm.
1013 5273 1338 5341 ὑπάγεσθαι.
1423 5273 1467 5303 ⁷⁵
1495 5270 1728 5341 scrimg.
1751 5266 2054 5341 Tevécﬂgt._
2113 5265 2161 5341 '__‘
2185 5263 2359 5320 Codd.
2397 5262 2716 5325 συνειδότος.

2801 5261 2843 5293 ⁷⁷
2873 5262 2960 5318 Ita.
2997 5259 3112 5316 Ecl.
3169 5258 3340 5316 Codd.
3401 5256 3580 5313 συνείο

323 5364 516 5411 σοντας
550 5348 876 5414 ἀγαγόντας.
927 5343 1113 5399 "Ecl.
1138 5337 1306 5414 μηδέ.
1362 5343 1404 5375 ⁷⁸
1433 5343 1510 5396 lta
1541 5340 1658 5395 Ecl.
1683 5337 1864 5395 Codd.
1893 5339 1970 5409 τῷ
2009 5338 2088 5401 είς
2127 5337 2339 5390 ἔπειτα.

1808 5500 2037 5558 NOTAE.

323 5650 532 5704 Novell.
574 5649 674 5704 M3
718 5657 772 5704 et
802 5648 927 5711 150,
959 5647 1032 5704 De
1054 5662 1117 5702 ea
1147 5660 1269 5717 quae
1319 5645 1523 5714 raptori
1578 5658 1682 5700 suo
1711 5644 1886 5712 nubit,

323 5718 588 5786 5,llarm.
613 5719 666 5784 7,
694 5719 842 5773 Clar.
877 5719 929 5782 5,
974 5728 1114 5774 sent.
1151 5719 1176 5789 ς
1217 5717 1443 5787 liaptus.

399 5791 508 5860 (56)
538 5791 599 5844 ί).
625 5792 660 5844 l.
692 5805 787 5844 nn.

2069 5639 2282 5710 (57-60)
2321 5641 2393 5696 De
2441 5653 2641 5694 manus
2697 5636 3040 5692 mutilatione
3096 5633 3161 5688 ad
3232 5630 3367 5687 Nov.
3428 5631 3570 5700 151,

1997 5723 2048 5765 c.
2080 5711 2165 5764 l3.

2072 5779 2185 5851 (61)
2220 5779 2404 5852 anue
2434 5780 2485 5835 in
2520 5796 2576 5835 re
2606 5779 2741 5835 nihil
2769 5788 3010 5836 mutatur
3039 5777 3094 5836 ιι,
3128 5780 3162 5831 l.
3191 5776 3376 5834 unica.
