  <div class='ocr_page' id='page_1' title='image "/cluster/home/n/w/nwhite01/storage/ocr_20150623/107/mdp.39015028571910/298.png"; bbox 0 0 4078 6300; ppageno 0'>
   <div class='ocr_carea' id='block_1_1' title="bbox 307 317 417 385">
    <p class='ocr_par' dir='ltr' id='par_1_1' title="bbox 307 317 417 385">
     <span class='ocr_line' id='line_1_1' title="bbox 307 317 417 385; baseline 0.018 -3"><span class='ocrx_word' id='word_1_1' title='bbox 307 317 417 385; x_wconf 72' lang='lat'><strong>509</strong></span> 
     </span>
    </p>
   </div>
   <div class='ocr_carea' id='block_1_2' title="bbox 1412 309 2502 376">
    <p class='ocr_par' dir='ltr' id='par_1_2' title="bbox 1412 309 2502 376">
     <span class='ocr_line' id='line_1_2' title="bbox 1412 309 2502 376; baseline -0.004 0"><span class='ocrx_word' id='word_1_2' title='bbox 1412 313 1784 376; x_wconf 64' lang='lat' dir='ltr'><strong>NOVELLAE</strong></span> <span class='ocrx_word' id='word_1_3' title='bbox 1820 309 2502 373; x_wconf 81' lang='lat' dir='ltr'><strong>CONSTITUTIONES.</strong></span> 
     </span>
    </p>
   </div>
   <div class='ocr_carea' id='block_1_3' title="bbox 3483 306 3590 372">
    <p class='ocr_par' dir='ltr' id='par_1_3' title="bbox 3483 306 3590 372">
     <span class='ocr_line' id='line_1_3' title="bbox 3483 306 3590 372; baseline 0 -1"><span class='ocrx_word' id='word_1_4' title='bbox 3483 306 3590 372; x_wconf 84' lang='lat' dir='ltr'><strong>5I0</strong></span> 
     </span>
    </p>
   </div>
   <div class='ocr_carea' id='block_1_4' title="bbox 307 419 1924 502">
    <p class='ocr_par' dir='ltr' id='par_1_4' title="bbox 307 425 1900 502">
     <span class='ocr_line' id='line_1_4' title="bbox 307 425 1900 502; baseline -0.005 -17"><span class='ocrx_word' id='word_1_5' title='bbox 307 429 628 502; x_wconf 75' lang='grc' dir='ltr'><strong>ἐλευθερίας</strong></span> <span class='ocrx_word' id='word_1_6' title='bbox 671 426 774 493; x_wconf 83' lang='grc' dir='ltr'><strong>τὰς</strong></span> <span class='ocrx_word' id='word_1_7' title='bbox 803 425 999 492; x_wconf 84' lang='grc' dir='ltr'>ὠδῖνας</span> <span class='ocrx_word' id='word_1_8' title='bbox 1037 426 1280 482; x_wconf 82' lang='grc' dir='ltr'>ἀπέλυσε</span> <span class='ocrx_word' id='word_1_9' title='bbox 1332 426 1401 491; x_wconf 85' lang='grc'><strong>⁹⁰,</strong></span> <span class='ocrx_word' id='word_1_10' title='bbox 1425 427 1493 480; x_wconf 82' lang='grc' dir='ltr'>τὰ</span> <span class='ocrx_word' id='word_1_11' title='bbox 1541 425 1648 480; x_wconf 83' lang='grc' dir='ltr'>τῶν</span> <span class='ocrx_word' id='word_1_12' title='bbox 1697 429 1900 493; x_wconf 78' lang='grc' dir='ltr'><strong>γονέων</strong></span> 
     </span>
    </p>
   </div>
   <div class='ocr_carea' id='block_1_5' title="bbox 2030 419 3590 502">
    <p class='ocr_par' dir='ltr' id='par_1_5' title="bbox 2030 419 3590 492">
     <span class='ocr_line' id='line_1_5' title="bbox 2030 419 3590 492; baseline -0.001 -18"><span class='ocrx_word' id='word_1_13' title='bbox 2030 424 2140 478; x_wconf 84' lang='lat' dir='ltr'><strong>lore</strong></span> <span class='ocrx_word' id='word_1_14' title='bbox 2191 423 2370 492; x_wconf 87' lang='lat' dir='ltr'><strong>ipsum</strong></span> <span class='ocrx_word' id='word_1_15' title='bbox 2437 432 2614 478; x_wconf 83' lang='lat' dir='ltr'><strong>mater</strong></span> <span class='ocrx_word' id='word_1_16' title='bbox 2672 421 2901 492; x_wconf 90' lang='lat' dir='ltr'><strong>peperit,</strong></span> <span class='ocrx_word' id='word_1_17' title='bbox 2931 427 3220 491; x_wconf 80' lang='lat' dir='ltr'><strong>parentum</strong></span> <span class='ocrx_word' id='word_1_18' title='bbox 3263 419 3590 475; x_wconf 70' lang='lat' dir='ltr'><strong>substantiae</strong></span> 
     </span>
    </p>
   </div>
   <div class='ocr_carea' id='block_1_6' title="bbox 296 517 1899 593">
    <p class='ocr_par' dir='ltr' id='par_1_6' title="bbox 296 517 1899 593">
     <span class='ocr_line' id='line_1_6' title="bbox 296 517 1899 593; baseline -0.003 -18"><span class='ocrx_word' id='word_1_19' title='bbox 296 521 742 593; x_wconf 26' lang='lat' dir='ltr'><strong>,xkqpovopeltw,</strong></span> <span class='ocrx_word' id='word_1_20' title='bbox 774 521 880 578; x_wconf 76' lang='grc' dir='ltr'>κᾶν</span> <span class='ocrx_word' id='word_1_21' title='bbox 899 537 959 574; x_wconf 89' lang='grc' dir='ltr'><strong>τε</strong></span> <span class='ocrx_word' id='word_1_22' title='bbox 994 520 1329 592; x_wconf 80' lang='grc' dir='ltr'><strong>ἀμφοτέροις</strong></span> <span class='ocrx_word' id='word_1_23' title='bbox 1356 522 1468 582; x_wconf 84' lang='grc' dir='ltr'>τοῖς</span> <span class='ocrx_word' id='word_1_24' title='bbox 1521 517 1742 588; x_wconf 80' lang='grc' dir='ltr'>γονεῦσι</span> <span class='ocrx_word' id='word_1_25' title='bbox 1788 517 1899 570; x_wconf 84' lang='grc' dir='ltr'>τῶν</span> 
     </span>
    </p>
   </div>
   <div class='ocr_carea' id='block_1_7' title="bbox 305 611 1898 685">
    <p class='ocr_par' dir='ltr' id='par_1_7' title="bbox 305 611 1898 685">
     <span class='ocr_line' id='line_1_7' title="bbox 305 611 1898 685; baseline -0.001 -19"><span class='ocrx_word' id='word_1_26' title='bbox 305 615 409 685; x_wconf 82' lang='grc' dir='ltr'>τῆς</span> <span class='ocrx_word' id='word_1_27' title='bbox 446 613 830 685; x_wconf 71' lang='grc' dir='ltr'><strong>αἰχμαλωσίας</strong></span> <span class='ocrx_word' id='word_1_28' title='bbox 870 612 1084 683; x_wconf 83' lang='grc' dir='ltr'>δεσμῶν</span> <span class='ocrx_word' id='word_1_29' title='bbox 1113 613 1148 684; x_wconf 80' lang='grc' dir='ltr'>ή</span> <span class='ocrx_word' id='word_1_30' title='bbox 1187 613 1339 676; x_wconf 82' lang='grc' dir='ltr'>λύσις</span> <span class='ocrx_word' id='word_1_31' title='bbox 1386 612 1676 683; x_wconf 81' lang='grc' dir='ltr'><strong>περιέσται</strong></span> <span class='ocrx_word' id='word_1_32' title='bbox 1725 611 1758 681; x_wconf 82' lang='grc' dir='ltr'><strong>ἢ</strong></span> <span class='ocrx_word' id='word_1_33' title='bbox 1800 611 1898 682; x_wconf 84' lang='grc' dir='ltr'>μὴ,</span> 
     </span>
    </p>
   </div>
   <div class='ocr_carea' id='block_1_8' title="bbox 310 702 1902 779">
    <p class='ocr_par' dir='ltr' id='par_1_8' title="bbox 310 702 1902 779">
     <span class='ocr_line' id='line_1_8' title="bbox 310 702 1902 779; baseline -0.002 -21"><span class='ocrx_word' id='word_1_34' title='bbox 310 704 412 758; x_wconf 79' lang='grc' dir='ltr'><strong>κάν</strong></span> <span class='ocrx_word' id='word_1_35' title='bbox 440 723 500 760; x_wconf 86' lang='grc' dir='ltr'><strong>τε</strong></span> <span class='ocrx_word' id='word_1_36' title='bbox 527 706 647 770; x_wconf 77' lang='grc' dir='ltr'>ἐνὸς</span> <span class='ocrx_word' id='word_1_37' title='bbox 715 705 1074 779; x_wconf 73' lang='grc' dir='ltr'><strong>τετυχηκότος</strong></span> <span class='ocrx_word' id='word_1_38' title='bbox 1092 705 1135 736; x_wconf 82' lang='grc'><strong>⁹¹</strong></span> <span class='ocrx_word' id='word_1_39' title='bbox 1179 706 1277 777; x_wconf 80' lang='grc' dir='ltr'>τῆς</span> <span class='ocrx_word' id='word_1_40' title='bbox 1306 703 1515 768; x_wconf 83' lang='grc' dir='ltr'>λύσεως</span> <span class='ocrx_word' id='word_1_41' title='bbox 1574 702 1800 772; x_wconf 79' lang='grc' dir='ltr'>θάτερος</span> <span class='ocrx_word' id='word_1_42' title='bbox 1844 705 1902 755; x_wconf 80' lang='grc' dir='ltr'><strong>ἐν</strong></span> 
     </span>
    </p>
   </div>
   <div class='ocr_carea' id='block_1_9' title="bbox 310 797 1902 871">
    <p class='ocr_par' dir='ltr' id='par_1_9' title="bbox 310 797 1902 871">
     <span class='ocr_line' id='line_1_9' title="bbox 310 797 1902 871; baseline -0.003 -17"><span class='ocrx_word' id='word_1_43' title='bbox 310 803 426 865; x_wconf 88' lang='grc' dir='ltr'>τοῖς</span> <span class='ocrx_word' id='word_1_44' title='bbox 487 801 709 871; x_wconf 82' lang='grc' dir='ltr'><strong>δεσμοῖς</strong></span> <span class='ocrx_word' id='word_1_45' title='bbox 755 803 855 870; x_wconf 76' lang='grc' dir='ltr'>τῆς</span> <span class='ocrx_word' id='word_1_46' title='bbox 898 801 1189 870; x_wconf 80' lang='grc' dir='ltr'>συμφορᾶς</span> <span class='ocrx_word' id='word_1_47' title='bbox 1241 798 1607 870; x_wconf 77' lang='grc' dir='ltr'>καταστρέψει</span> <span class='ocrx_word' id='word_1_48' title='bbox 1644 797 1735 851; x_wconf 80' lang='grc' dir='ltr'>τὸν</span> <span class='ocrx_word' id='word_1_49' title='bbox 1765 797 1902 868; x_wconf 82' lang='grc' dir='ltr'>βίον,</span> 
     </span>
    </p>
   </div>
   <div class='ocr_carea' id='block_1_10' title="bbox 313 891 1905 965">
    <p class='ocr_par' dir='ltr' id='par_1_10' title="bbox 313 891 1905 965">
     <span class='ocr_line' id='line_1_10' title="bbox 313 891 1905 965; baseline -0.001 -19"><span class='ocrx_word' id='word_1_50' title='bbox 313 892 416 946; x_wconf 80' lang='grc' dir='ltr'><strong>κάν</strong></span> <span class='ocrx_word' id='word_1_51' title='bbox 445 909 506 944; x_wconf 89' lang='grc' dir='ltr'><strong>τε</strong></span> <span class='ocrx_word' id='word_1_52' title='bbox 540 893 845 964; x_wconf 73' lang='grc' dir='ltr'>ἀμφότεροι</span> <span class='ocrx_word' id='word_1_53' title='bbox 882 895 931 947; x_wconf 76' lang='lat' dir='ltr'><strong>oi</strong></span> <span class='ocrx_word' id='word_1_54' title='bbox 965 896 1142 963; x_wconf 81' lang='grc' dir='ltr'>γονεῖς</span> <span class='ocrx_word' id='word_1_55' title='bbox 1171 896 1228 948; x_wconf 87' lang='grc' dir='ltr'><strong>ἐν</strong></span> <span class='ocrx_word' id='word_1_56' title='bbox 1248 896 1314 965; x_wconf 79' lang='grc' dir='ltr'>τῇ</span> <span class='ocrx_word' id='word_1_57' title='bbox 1339 891 1690 965; x_wconf 77' lang='grc' dir='ltr'>αἰχμαλωσίᾳ</span> <span class='ocrx_word' id='word_1_58' title='bbox 1714 891 1905 947; x_wconf 87' lang='grc' dir='ltr'>τελευ-</span> 
     </span>
    </p>
   </div>
   <div class='ocr_carea' id='block_1_11' title="bbox 313 982 1907 1057">
    <p class='ocr_par' dir='ltr' id='par_1_11' title="bbox 313 982 1907 1057">
     <span class='ocr_line' id='line_1_11' title="bbox 313 982 1907 1057; baseline -0.001 -21"><span class='ocrx_word' id='word_1_59' title='bbox 313 986 596 1053; x_wconf 71' lang='grc' dir='ltr'>τήσωσιν*</span> <span class='ocrx_word' id='word_1_60' title='bbox 632 985 681 1038; x_wconf 85' lang='grc' dir='ltr'><strong>εί</strong></span> <span class='ocrx_word' id='word_1_61' title='bbox 728 983 804 1057; x_wconf 83' lang='grc' dir='ltr'>μὴ</span> <span class='ocrx_word' id='word_1_62' title='bbox 860 984 972 1056; x_wconf 78' lang='grc' dir='ltr'>ἄρα</span> <span class='ocrx_word' id='word_1_63' title='bbox 1019 1001 1084 1054; x_wconf 88' lang='grc' dir='ltr'><strong>γε</strong></span> <span class='ocrx_word' id='word_1_64' title='bbox 1134 985 1232 1056; x_wconf 84' lang='grc' dir='ltr'>τὴν</span> <span class='ocrx_word' id='word_1_65' title='bbox 1286 983 1549 1054; x_wconf 83' lang='grc' dir='ltr'>τελευτὴν</span> <span class='ocrx_word' id='word_1_66' title='bbox 1613 982 1907 1055; x_wconf 81' lang='grc' dir='ltr'>προφθάσῃ</span> 
     </span>
    </p>
   </div>
   <div class='ocr_carea' id='block_1_12' title="bbox 315 1075 1905 1150">
    <p class='ocr_par' dir='ltr' id='par_1_12' title="bbox 315 1075 1905 1150">
     <span class='ocr_line' id='line_1_12' title="bbox 315 1075 1905 1150; baseline 0.001 -22"><span class='ocrx_word' id='word_1_67' title='bbox 315 1075 639 1147; x_wconf 79' lang='grc' dir='ltr'>διαθέμενος</span> <span class='ocrx_word' id='word_1_68' title='bbox 667 1093 681 1106; x_wconf 91' lang='grc'><strong>·</strong></span> <span class='ocrx_word' id='word_1_69' title='bbox 719 1077 842 1131; x_wconf 83' lang='grc' dir='ltr'>τότε</span> <span class='ocrx_word' id='word_1_70' title='bbox 867 1078 980 1150; x_wconf 81' lang='grc' dir='ltr'><strong>γὰρ</strong></span> <span class='ocrx_word' id='word_1_71' title='bbox 1004 1079 1190 1132; x_wconf 79' lang='grc' dir='ltr'>ἐκεῖνα</span> <span class='ocrx_word' id='word_1_72' title='bbox 1221 1078 1651 1150; x_wconf 82' lang='grc' dir='ltr'>κληρονομήσει,</span> <span class='ocrx_word' id='word_1_73' title='bbox 1680 1077 1717 1132; x_wconf 76' lang='grc' dir='ltr'>ἃ</span> <span class='ocrx_word' id='word_1_74' title='bbox 1748 1079 1806 1132; x_wconf 82' lang='grc' dir='ltr'><strong>ἐν</strong></span> <span class='ocrx_word' id='word_1_75' title='bbox 1837 1080 1905 1149; x_wconf 87' lang='grc' dir='ltr'><strong>τῇ</strong></span> 
     </span>
    </p>
   </div>
   <div class='ocr_carea' id='block_1_13' title="bbox 327 1152 1908 1241">
    <p class='ocr_par' dir='ltr' id='par_1_13' title="bbox 327 1152 1908 1241">
     <span class='ocr_line' id='line_1_13' title="bbox 327 1152 1908 1241; baseline 0 -18"><span class='ocrx_word' id='word_1_76' title='bbox 327 1168 492 1241; x_wconf 78' lang='grc' dir='ltr'>βουλῇ</span> <span class='ocrx_word' id='word_1_77' title='bbox 515 1169 610 1224; x_wconf 81' lang='grc' dir='ltr'><strong>τοῦ</strong></span> <span class='ocrx_word' id='word_1_78' title='bbox 645 1152 969 1241; x_wconf 77' lang='grc' dir='ltr'>διαθεμένου</span> <span class='ocrx_word' id='word_1_79' title='bbox 995 1170 1199 1239; x_wconf 80' lang='grc' dir='ltr'>γονέως</span> <span class='ocrx_word' id='word_1_80' title='bbox 1237 1173 1441 1237; x_wconf 86' lang='grc' dir='ltr'>κεῖται,</span> <span class='ocrx_word' id='word_1_81' title='bbox 1497 1169 1908 1241; x_wconf 79' lang='grc' dir='ltr'>φυλαττομένης</span> 
     </span>
    </p>
   </div>
   <div class='ocr_carea' id='block_1_14' title="bbox 299 1261 1906 1337">
    <p class='ocr_par' dir='ltr' id='par_1_14' title="bbox 299 1261 1906 1337">
     <span class='ocr_line' id='line_1_14' title="bbox 299 1261 1906 1337; baseline 0.003 -23"><span class='ocrx_word' id='word_1_82' title='bbox 299 1263 397 1333; x_wconf 82' lang='grc' dir='ltr'>.τῷ</span> <span class='ocrx_word' id='word_1_83' title='bbox 445 1261 598 1316; x_wconf 67' lang='grc' dir='ltr'>παιδὶ</span> <span class='ocrx_word' id='word_1_84' title='bbox 620 1263 717 1333; x_wconf 77' lang='grc' dir='ltr'>τῆς</span> <span class='ocrx_word' id='word_1_85' title='bbox 750 1267 816 1318; x_wconf 83' lang='grc' dir='ltr'><strong>ἐκ</strong></span> <span class='ocrx_word' id='word_1_86' title='bbox 841 1263 935 1317; x_wconf 79' lang='grc' dir='ltr'>τοῦ</span> <span class='ocrx_word' id='word_1_87' title='bbox 969 1265 1137 1334; x_wconf 77' lang='grc' dir='ltr'>νόμου</span> <span class='ocrx_word' id='word_1_88' title='bbox 1171 1264 1571 1337; x_wconf 83' lang='grc' dir='ltr'>τετραουγκίου</span> <span class='ocrx_word' id='word_1_89' title='bbox 1609 1263 1906 1334; x_wconf 72' lang='grc' dir='ltr'>βοηθείας.</span> 
     </span>
    </p>
   </div>
   <div class='ocr_carea' id='block_1_15' title="bbox 868 1356 1351 1412">
    <p class='ocr_par' dir='ltr' id='par_1_15' title="bbox 868 1356 1351 1412">
     <span class='ocr_line' id='line_1_15' title="bbox 868 1356 1351 1412; baseline 0.006 -3"><span class='ocrx_word' id='word_1_90' title='bbox 868 1356 1182 1410; x_wconf 77' lang='grc' dir='ltr'><strong>ΔΙΑΤΑΞΙΣ</strong></span> <span class='ocrx_word' id='word_1_91' title='bbox 1227 1356 1351 1412; x_wconf 89' lang='grc' dir='ltr'><strong>ΛΖ’.</strong></span> 
     </span>
    </p>
   </div>
   <div class='ocr_carea' id='block_1_16' title="bbox 320 1448 1912 1519">
    <p class='ocr_par' dir='ltr' id='par_1_16' title="bbox 320 1448 1912 1519">
     <span class='ocr_line' id='line_1_16' title="bbox 320 1448 1912 1519; baseline 0 -17"><span class='ocrx_word' id='word_1_92' title='bbox 320 1449 463 1518; x_wconf 75' lang='grc' dir='ltr'>Περὶ</span> <span class='ocrx_word' id='word_1_93' title='bbox 499 1448 605 1504; x_wconf 85' lang='grc' dir='ltr'>τοῦ</span> <span class='ocrx_word' id='word_1_94' title='bbox 647 1451 749 1504; x_wconf 77' lang='grc' dir='ltr'><strong>τὸν</strong></span> <span class='ocrx_word' id='word_1_95' title='bbox 805 1451 1282 1519; x_wconf 77' lang='grc' dir='ltr'>ἐλευθερωθέντα</span> <span class='ocrx_word' id='word_1_96' title='bbox 1332 1451 1562 1507; x_wconf 78' lang='grc' dir='ltr'>δοῦλον</span> <span class='ocrx_word' id='word_1_97' title='bbox 1590 1451 1662 1504; x_wconf 82' lang='grc' dir='ltr'>οὺ</span> <span class='ocrx_word' id='word_1_98' title='bbox 1717 1449 1912 1517; x_wconf 75' lang='grc' dir='ltr'>μόνον</span> 
     </span>
    </p>
   </div>
   <div class='ocr_carea' id='block_1_17' title="bbox 392 1520 1910 1590">
    <p class='ocr_par' dir='ltr' id='par_1_17' title="bbox 392 1520 1910 1590">
     <span class='ocr_line' id='line_1_17' title="bbox 392 1520 1910 1590; baseline 0 -17"><span class='ocrx_word' id='word_1_99' title='bbox 392 1521 544 1574; x_wconf 82' lang='grc' dir='ltr'>κατὰ</span> <span class='ocrx_word' id='word_1_100' title='bbox 574 1528 646 1590; x_wconf 71' lang='grc' dir='ltr'>τά</span> <span class='ocrx_word' id='word_1_101' title='bbox 698 1520 858 1576; x_wconf 72' lang='grc' dir='ltr'>ἄλλα</span> <span class='ocrx_word' id='word_1_102' title='bbox 911 1523 1138 1590; x_wconf 76' lang='grc' dir='ltr'>διάγειν</span> <span class='ocrx_word' id='word_1_103' title='bbox 1191 1521 1556 1590; x_wconf 78' lang='grc' dir='ltr'>ἐλευθέρως.</span> <span class='ocrx_word' id='word_1_104' title='bbox 1608 1521 1768 1576; x_wconf 70' lang='grc' dir='ltr'>ἀλλὰ</span> <span class='ocrx_word' id='word_1_105' title='bbox 1811 1521 1910 1574; x_wconf 77' lang='grc' dir='ltr'>καὶ</span> 
     </span>
    </p>
   </div>
   <div class='ocr_carea' id='block_1_18' title="bbox 395 1589 1909 1662">
    <p class='ocr_par' dir='ltr' id='par_1_18' title="bbox 395 1589 1909 1662">
     <span class='ocr_line' id='line_1_18' title="bbox 395 1589 1909 1662; baseline 0.001 -20"><span class='ocrx_word' id='word_1_106' title='bbox 395 1590 528 1659; x_wconf 77' lang='grc' dir='ltr'>περὶ</span> <span class='ocrx_word' id='word_1_107' title='bbox 550 1589 669 1644; x_wconf 76' lang='grc' dir='ltr'><strong>τῶν</strong></span> <span class='ocrx_word' id='word_1_108' title='bbox 688 1594 922 1646; x_wconf 74' lang='grc' dir='ltr'>οίκείων</span> <span class='ocrx_word' id='word_1_109' title='bbox 950 1589 1047 1647; x_wconf 68' lang='grc' dir='ltr'><strong>ἐπ’</strong></span> <span class='ocrx_word' id='word_1_110' title='bbox 1075 1593 1280 1660; x_wconf 78' lang='grc' dir='ltr'>ἀδείας</span> <span class='ocrx_word' id='word_1_111' title='bbox 1309 1589 1476 1662; x_wconf 76' lang='grc' dir='ltr'>ἔχειν</span> <span class='ocrx_word' id='word_1_112' title='bbox 1516 1593 1909 1647; x_wconf 80' lang='grc' dir='ltr'>διατίθεσθαι.</span> 
     </span>
    </p>
   </div>
   <div class='ocr_carea' id='block_1_19' title="bbox 407 1685 1557 1758">
    <p class='ocr_par' dir='ltr' id='par_1_19' title="bbox 407 1685 1557 1758">
     <span class='ocr_line' id='line_1_19' title="bbox 407 1685 1557 1758; baseline 0.003 -20"><span class='ocrx_word' id='word_1_113' title='bbox 407 1685 466 1738; x_wconf 89' lang='lat'><strong>&#39;0</strong></span> <span class='ocrx_word' id='word_1_114' title='bbox 499 1685 661 1748; x_wconf 71' lang='grc' dir='ltr'>αὐτὸς</span> <span class='ocrx_word' id='word_1_115' title='bbox 689 1685 943 1755; x_wconf 77' lang='grc' dir='ltr'>βασιλεὺς</span> <span class='ocrx_word' id='word_1_116' title='bbox 981 1686 1255 1757; x_wconf 81' lang='grc' dir='ltr'>Στυλιανῷ</span> <span class='ocrx_word' id='word_1_117' title='bbox 1277 1686 1354 1758; x_wconf 80' lang='grc' dir='ltr'>τῷ</span> <span class='ocrx_word' id='word_1_118' title='bbox 1385 1687 1557 1757; x_wconf 83' lang='grc' dir='ltr'>αὐτῷ.</span> 
     </span>
    </p>
   </div>
   <div class='ocr_carea' id='block_1_20' title="bbox 2006 513 3592 584">
    <p class='ocr_par' dir='ltr' id='par_1_20' title="bbox 2006 513 3592 584">
     <span class='ocr_line' id='line_1_20' title="bbox 2006 513 3592 584; baseline -0.006 -12"><span class='ocrx_word' id='word_1_119' title='bbox 2006 519 2178 573; x_wconf 72' lang='lat' dir='ltr'><strong>haeres</strong></span> <span class='ocrx_word' id='word_1_120' title='bbox 2202 520 2274 571; x_wconf 91' lang='lat' dir='ltr'><strong>sit</strong></span> <span class='ocrx_word' id='word_1_121' title='bbox 2311 536 2324 571; x_wconf 90' lang='lat'><strong>:</strong></span> <span class='ocrx_word' id='word_1_122' title='bbox 2354 517 2521 584; x_wconf 88' lang='lat' dir='ltr'><strong>idque</strong></span> <span class='ocrx_word' id='word_1_123' title='bbox 2543 516 2660 573; x_wconf 85' lang='lat' dir='ltr'><strong>sive</strong></span> <span class='ocrx_word' id='word_1_124' title='bbox 2684 516 2956 571; x_wconf 86' lang='lat' dir='ltr'><strong>ambobus</strong></span> <span class='ocrx_word' id='word_1_125' title='bbox 2989 513 3315 584; x_wconf 82' lang='lat' dir='ltr'><strong>parentibus</strong></span> <span class='ocrx_word' id='word_1_126' title='bbox 3349 526 3380 566; x_wconf 87' lang='lat' dir='ltr'><strong>e</strong></span> <span class='ocrx_word' id='word_1_127' title='bbox 3413 515 3592 581; x_wconf 87' lang='lat' dir='ltr'><strong>capti-</strong></span> 
     </span>
    </p>
   </div>
   <div class='ocr_carea' id='block_1_21' title="bbox 2004 606 3592 680">
    <p class='ocr_par' dir='ltr' id='par_1_21' title="bbox 2004 606 3592 680">
     <span class='ocr_line' id='line_1_21' title="bbox 2004 606 3592 680; baseline -0.003 -15"><span class='ocrx_word' id='word_1_128' title='bbox 2004 612 2190 668; x_wconf 84' lang='lat' dir='ltr'><strong>vitatis</strong></span> <span class='ocrx_word' id='word_1_129' title='bbox 2228 612 2463 667; x_wconf 85' lang='lat' dir='ltr'><strong>vinculis</strong></span> <span class='ocrx_word' id='word_1_130' title='bbox 2491 612 2710 668; x_wconf 88' lang='lat' dir='ltr'><strong>liberari</strong></span> <span class='ocrx_word' id='word_1_131' title='bbox 2729 612 3033 680; x_wconf 86' lang='lat' dir='ltr'><strong>continget,</strong></span> <span class='ocrx_word' id='word_1_132' title='bbox 3053 615 3149 662; x_wconf 80' lang='lat' dir='ltr'><strong>aut</strong></span> <span class='ocrx_word' id='word_1_133' title='bbox 3173 623 3277 662; x_wconf 86' lang='lat' dir='ltr'><strong>non</strong></span> <span class='ocrx_word' id='word_1_134' title='bbox 3298 624 3312 661; x_wconf 89' lang='lat'><strong>:</strong></span> <span class='ocrx_word' id='word_1_135' title='bbox 3333 608 3449 663; x_wconf 86' lang='lat' dir='ltr'><strong>sive</strong></span> <span class='ocrx_word' id='word_1_136' title='bbox 3475 606 3592 676; x_wconf 80' lang='lat'><strong>(70)</strong></span> 
     </span>
    </p>
   </div>
   <div class='ocr_carea' id='block_1_22' title="bbox 2004 700 3593 762">
    <p class='ocr_par' dir='ltr' id='par_1_22' title="bbox 2004 700 3593 762">
     <span class='ocr_line' id='line_1_22' title="bbox 2004 700 3593 762; baseline -0.004 -2"><span class='ocrx_word' id='word_1_137' title='bbox 2004 722 2129 761; x_wconf 89' lang='lat' dir='ltr'><strong>cum</strong></span> <span class='ocrx_word' id='word_1_138' title='bbox 2199 722 2344 762; x_wconf 91' lang='lat' dir='ltr'><strong>unus</strong></span> <span class='ocrx_word' id='word_1_139' title='bbox 2398 721 2591 761; x_wconf 87' lang='lat' dir='ltr'><strong>eorum</strong></span> <span class='ocrx_word' id='word_1_140' title='bbox 2650 705 2959 760; x_wconf 86' lang='lat' dir='ltr'><strong>libertatem</strong></span> <span class='ocrx_word' id='word_1_141' title='bbox 3011 711 3208 758; x_wconf 85' lang='lat' dir='ltr'><strong>nactus</strong></span> <span class='ocrx_word' id='word_1_142' title='bbox 3243 701 3336 762; x_wconf 87' lang='lat' dir='ltr'><strong>sit.</strong></span> <span class='ocrx_word' id='word_1_143' title='bbox 3365 700 3507 756; x_wconf 88' lang='lat' dir='ltr'><strong>alter</strong></span> <span class='ocrx_word' id='word_1_144' title='bbox 3537 701 3593 755; x_wconf 86' lang='lat' dir='ltr'><strong>in</strong></span> 
     </span>
    </p>
   </div>
   <div class='ocr_carea' id='block_1_23' title="bbox 2006 792 3598 863">
    <p class='ocr_par' dir='ltr' id='par_1_23' title="bbox 2006 792 3598 863">
     <span class='ocr_line' id='line_1_23' title="bbox 2006 792 3598 863; baseline -0.003 -10"><span class='ocrx_word' id='word_1_145' title='bbox 2006 797 2342 854; x_wconf 79' lang='lat' dir='ltr'><strong>calamitatis</strong></span> <span class='ocrx_word' id='word_1_146' title='bbox 2401 798 2639 854; x_wconf 85' lang='lat' dir='ltr'><strong>vinculis</strong></span> <span class='ocrx_word' id='word_1_147' title='bbox 2684 797 2856 852; x_wconf 85' lang='lat' dir='ltr'><strong>vitam</strong></span> <span class='ocrx_word' id='word_1_148' title='bbox 2913 794 3119 850; x_wconf 71' lang='lat' dir='ltr'><strong>finiet:</strong></span> <span class='ocrx_word' id='word_1_149' title='bbox 3182 794 3300 850; x_wconf 85' lang='lat' dir='ltr'><strong>sive</strong></span> <span class='ocrx_word' id='word_1_150' title='bbox 3355 792 3598 863; x_wconf 86' lang='lat' dir='ltr'><strong>denique</strong></span> 
     </span>
    </p>
   </div>
   <div class='ocr_carea' id='block_1_24' title="bbox 2009 890 3598 964">
    <p class='ocr_par' dir='ltr' id='par_1_24' title="bbox 2009 890 3598 964">
     <span class='ocr_line' id='line_1_24' title="bbox 2009 890 3598 964; baseline -0.006 -15"><span class='ocrx_word' id='word_1_151' title='bbox 2009 901 2236 963; x_wconf 88' lang='lat' dir='ltr'><strong>uterque</strong></span> <span class='ocrx_word' id='word_1_152' title='bbox 2259 907 2462 964; x_wconf 86' lang='lat' dir='ltr'><strong>parens</strong></span> <span class='ocrx_word' id='word_1_153' title='bbox 2489 895 2545 947; x_wconf 90' lang='lat' dir='ltr'><strong>in</strong></span> <span class='ocrx_word' id='word_1_154' title='bbox 2576 890 2894 963; x_wconf 85' lang='lat' dir='ltr'><strong>captivitate</strong></span> <span class='ocrx_word' id='word_1_155' title='bbox 2927 890 3217 954; x_wconf 88' lang='lat' dir='ltr'><strong>morietur,</strong></span> <span class='ocrx_word' id='word_1_156' title='bbox 3251 894 3408 943; x_wconf 83' lang='lat' dir='ltr'><strong>extra</strong></span> <span class='ocrx_word' id='word_1_157' title='bbox 3429 901 3598 958; x_wconf 83' lang='lat' dir='ltr'><strong>quam</strong></span> 
     </span>
    </p>
   </div>
   <div class='ocr_carea' id='block_1_25' title="bbox 1984 981 3600 1054">
    <p class='ocr_par' dir='ltr' id='par_1_25' title="bbox 1984 981 3600 1054">
     <span class='ocr_line' id='line_1_25' title="bbox 1984 981 3600 1054; baseline -0.006 -12"><span class='ocrx_word' id='word_1_158' title='bbox 1984 988 2055 1042; x_wconf 85' lang='lat' dir='ltr'><strong>-si</strong></span> <span class='ocrx_word' id='word_1_159' title='bbox 2089 995 2321 1043; x_wconf 86' lang='lat' dir='ltr'><strong>mortem</strong></span> <span class='ocrx_word' id='word_1_160' title='bbox 2374 994 2709 1043; x_wconf 87' lang='lat' dir='ltr'><strong>testamento</strong></span> <span class='ocrx_word' id='word_1_161' title='bbox 2732 985 3022 1042; x_wconf 90' lang='lat' dir='ltr'><strong>condendo</strong></span> <span class='ocrx_word' id='word_1_162' title='bbox 3057 981 3414 1054; x_wconf 69' lang='lat' dir='ltr'><strong>praeveniant.</strong></span> <span class='ocrx_word' id='word_1_163' title='bbox 3441 981 3600 1036; x_wconf 87' lang='lat' dir='ltr'><strong>Tunc</strong></span> 
     </span>
    </p>
   </div>
   <div class='ocr_carea' id='block_1_26' title="bbox 2009 1075 3598 1153">
    <p class='ocr_par' dir='ltr' id='par_1_26' title="bbox 2009 1075 3598 1153">
     <span class='ocr_line' id='line_1_26' title="bbox 2009 1075 3598 1153; baseline -0.006 -15"><span class='ocrx_word' id='word_1_164' title='bbox 2009 1083 2154 1138; x_wconf 80' lang='lat' dir='ltr'><strong>enim</strong></span> <span class='ocrx_word' id='word_1_165' title='bbox 2184 1081 2262 1137; x_wconf 88' lang='lat' dir='ltr'><strong>illi</strong></span> <span class='ocrx_word' id='word_1_166' title='bbox 2298 1097 2439 1153; x_wconf 90' lang='lat' dir='ltr'><strong>quos</strong></span> <span class='ocrx_word' id='word_1_167' title='bbox 2493 1089 2726 1137; x_wconf 84' lang='lat' dir='ltr'><strong>testator</strong></span> <span class='ocrx_word' id='word_1_168' title='bbox 2777 1080 3038 1146; x_wconf 89' lang='lat' dir='ltr'><strong>voluerit,</strong></span> <span class='ocrx_word' id='word_1_169' title='bbox 3093 1075 3338 1132; x_wconf 75' lang='lat' dir='ltr'><strong>lueredes</strong></span> <span class='ocrx_word' id='word_1_170' title='bbox 3387 1084 3598 1130; x_wconf 88' lang='lat' dir='ltr'><strong>erunt:</strong></span> 
     </span>
    </p>
   </div>
   <div class='ocr_carea' id='block_1_27' title="bbox 2012 1169 3601 1248">
    <p class='ocr_par' dir='ltr' id='par_1_27' title="bbox 2012 1169 3601 1248">
     <span class='ocr_line' id='line_1_27' title="bbox 2012 1169 3601 1248; baseline -0.003 -19"><span class='ocrx_word' id='word_1_171' title='bbox 2012 1186 2193 1231; x_wconf 84' lang='lat' dir='ltr'><strong>tamen</strong></span> <span class='ocrx_word' id='word_1_172' title='bbox 2221 1184 2278 1230; x_wconf 92' lang='lat' dir='ltr'><strong>ut</strong></span> <span class='ocrx_word' id='word_1_173' title='bbox 2309 1177 2526 1232; x_wconf 81' lang='lat' dir='ltr'><strong>trientis</strong></span> <span class='ocrx_word' id='word_1_174' title='bbox 2578 1176 2884 1248; x_wconf 85' lang='lat' dir='ltr'><strong>legitimum</strong></span> <span class='ocrx_word' id='word_1_175' title='bbox 2923 1172 3235 1230; x_wconf 87' lang='lat' dir='ltr'><strong>subsidium</strong></span> <span class='ocrx_word' id='word_1_176' title='bbox 3273 1169 3386 1224; x_wconf 84' lang='lat' dir='ltr'><strong>ﬁlio</strong></span> <span class='ocrx_word' id='word_1_177' title='bbox 3409 1183 3601 1226; x_wconf 51' lang='lat' dir='ltr'><strong>serve-</strong></span> 
     </span>
    </p>
   </div>
   <div class='ocr_carea' id='block_1_28' title="bbox 2012 1278 2120 1323">
    <p class='ocr_par' dir='ltr' id='par_1_28' title="bbox 2012 1278 2120 1323">
     <span class='ocr_line' id='line_1_28' title="bbox 2012 1278 2120 1323; baseline 0.009 -1"><span class='ocrx_word' id='word_1_178' title='bbox 2012 1278 2120 1323; x_wconf 89' lang='lat' dir='ltr'><strong>tur.</strong></span> 
     </span>
    </p>
   </div>
   <div class='ocr_carea' id='block_1_29' title="bbox 2400 1358 3210 1417">
    <p class='ocr_par' dir='ltr' id='par_1_29' title="bbox 2400 1358 3210 1417">
     <span class='ocr_line' id='line_1_29' title="bbox 2400 1358 3210 1417; baseline -0.006 0"><span class='ocrx_word' id='word_1_179' title='bbox 2400 1360 2867 1417; x_wconf 75' lang='lat' dir='ltr'><strong>CONSTITUTIO</strong></span> <span class='ocrx_word' id='word_1_180' title='bbox 2939 1358 3210 1414; x_wconf 73' lang='lat' dir='ltr'><strong>XXXVII.</strong></span> 
     </span>
    </p>
   </div>
   <div class='ocr_carea' id='block_1_30' title="bbox 2017 1453 3602 1516">
    <p class='ocr_par' dir='ltr' id='par_1_30' title="bbox 2017 1453 3602 1516">
     <span class='ocr_line' id='line_1_30' title="bbox 2017 1453 3602 1516; baseline -0.008 0"><span class='ocrx_word' id='word_1_181' title='bbox 2017 1460 2081 1516; x_wconf 87' lang='lat' dir='ltr'><strong>Ut</strong></span> <span class='ocrx_word' id='word_1_182' title='bbox 2111 1461 2315 1515; x_wconf 82' lang='lat' dir='ltr'><strong>domini</strong></span> <span class='ocrx_word' id='word_1_183' title='bbox 2379 1466 2692 1512; x_wconf 78' lang='lat' dir='ltr'><strong>testamento</strong></span> <span class='ocrx_word' id='word_1_184' title='bbox 2739 1456 3125 1515; x_wconf 77' lang='lat' dir='ltr'><strong>manumissus,</strong></span> <span class='ocrx_word' id='word_1_185' title='bbox 3169 1454 3217 1507; x_wconf 89' lang='lat' dir='ltr'><strong>si</strong></span> <span class='ocrx_word' id='word_1_186' title='bbox 3279 1454 3437 1508; x_wconf 82' lang='lat' dir='ltr'><strong>illum</strong></span> <span class='ocrx_word' id='word_1_187' title='bbox 3506 1453 3602 1505; x_wconf 77' lang='lat' dir='ltr'><strong>de-</strong></span> 
     </span>
    </p>
   </div>
   <div class='ocr_carea' id='block_1_31' title="bbox 2082 1525 3605 1597">
    <p class='ocr_par' dir='ltr' id='par_1_31' title="bbox 2082 1525 3605 1597">
     <span class='ocr_line' id='line_1_31' title="bbox 2082 1525 3605 1597; baseline -0.006 -11"><span class='ocrx_word' id='word_1_188' title='bbox 2082 1534 2301 1586; x_wconf 84' lang='lat' dir='ltr'><strong>cessisse</strong></span> <span class='ocrx_word' id='word_1_189' title='bbox 2353 1531 2658 1597; x_wconf 71' lang='lat' dir='ltr'><strong>aditumque</strong></span> <span class='ocrx_word' id='word_1_190' title='bbox 2705 1528 2800 1597; x_wconf 85' lang='lat' dir='ltr'><strong>jus</strong></span> <span class='ocrx_word' id='word_1_191' title='bbox 2837 1525 3201 1580; x_wconf 70' lang='lat' dir='ltr'><strong>[nereditatem</strong></span> <span class='ocrx_word' id='word_1_192' title='bbox 3243 1541 3356 1580; x_wconf 77' lang='lat' dir='ltr'><strong>esse</strong></span> <span class='ocrx_word' id='word_1_193' title='bbox 3379 1527 3605 1596; x_wconf 80' lang='lat' dir='ltr'><strong>ignoret,</strong></span> 
     </span>
    </p>
   </div>
   <div class='ocr_carea' id='block_1_32' title="bbox 2087 1602 2636 1672">
    <p class='ocr_par' dir='ltr' id='par_1_32' title="bbox 2087 1602 2636 1672">
     <span class='ocr_line' id='line_1_32' title="bbox 2087 1602 2636 1672; baseline -0.004 -16"><span class='ocrx_word' id='word_1_194' title='bbox 2087 1604 2272 1656; x_wconf 87' lang='lat' dir='ltr'><strong>testari</strong></span> <span class='ocrx_word' id='word_1_195' title='bbox 2301 1603 2468 1672; x_wconf 79' lang='lat' dir='ltr'><strong>possit</strong></span> <span class='ocrx_word' id='word_1_196' title='bbox 2502 1602 2636 1669; x_wconf 85' lang='grc'>(71).</span> 
     </span>
    </p>
   </div>
   <div class='ocr_carea' id='block_1_33' title="bbox 2085 1691 3093 1765">
    <p class='ocr_par' dir='ltr' id='par_1_33' title="bbox 2085 1691 3093 1765">
     <span class='ocr_line' id='line_1_33' title="bbox 2085 1691 3093 1765; baseline -0.006 -15"><span class='ocrx_word' id='word_1_197' title='bbox 2085 1696 2233 1751; x_wconf 87' lang='lat' dir='ltr'><strong>Idem</strong></span> <span class='ocrx_word' id='word_1_198' title='bbox 2273 1695 2575 1765; x_wconf 72' lang='lat' dir='ltr'><strong>imperator</strong></span> <span class='ocrx_word' id='word_1_199' title='bbox 2610 1694 2786 1748; x_wconf 85' lang='lat' dir='ltr'><strong>eidem</strong></span> <span class='ocrx_word' id='word_1_200' title='bbox 2824 1691 3093 1764; x_wconf 81' lang='lat' dir='ltr'><strong>Styliano.</strong></span> 
     </span>
    </p>
   </div>
   <div class='ocr_carea' id='block_1_34' title="bbox 395 1779 1924 1858">
    <p class='ocr_par' dir='ltr' id='par_1_34' title="bbox 395 1779 1919 1853">
     <span class='ocr_line' id='line_1_34' title="bbox 395 1779 1919 1853; baseline 0.002 -20"><span class='ocrx_word' id='word_1_201' title='bbox 395 1780 506 1834; x_wconf 79' lang='lat' dir='ltr'><strong>Kal.</strong></span> <span class='ocrx_word' id='word_1_202' title='bbox 533 1779 609 1850; x_wconf 84' lang='grc' dir='ltr'><strong>τῷ</strong></span> <span class='ocrx_word' id='word_1_203' title='bbox 627 1780 855 1852; x_wconf 82' lang='grc' dir='ltr'>παρόντι</span> <span class='ocrx_word' id='word_1_204' title='bbox 876 1781 1028 1853; x_wconf 83' lang='grc' dir='ltr'>νόμῳ</span> <span class='ocrx_word' id='word_1_205' title='bbox 1045 1781 1158 1835; x_wconf 66' lang='lat' dir='ltr'><strong>me</strong></span> <span class='ocrx_word' id='word_1_206' title='bbox 1171 1783 1344 1835; x_wconf 86' lang='grc' dir='ltr'>ίποντι</span> <span class='ocrx_word' id='word_1_207' title='bbox 1367 1780 1503 1851; x_wconf 81' lang='grc' dir='ltr'>πρὸς</span> <span class='ocrx_word' id='word_1_208' title='bbox 1531 1780 1741 1836; x_wconf 86' lang='grc' dir='ltr'>τελείαν</span> <span class='ocrx_word' id='word_1_209' title='bbox 1759 1781 1919 1836; x_wconf 78' lang='grc' dir='ltr'>κατὰ·</span> 
     </span>
    </p>
   </div>
   <div class='ocr_carea' id='block_1_35' title="bbox 2030 1779 3605 1858">
    <p class='ocr_par' dir='ltr' id='par_1_35' title="bbox 2096 1787 3605 1858">
     <span class='ocr_line' id='line_1_35' title="bbox 2096 1787 3605 1858; baseline -0.003 -14"><span class='ocrx_word' id='word_1_210' title='bbox 2096 1787 2550 1844; x_wconf 78' lang='lat' dir='ltr'><strong>Praesentietiam</strong></span> <span class='ocrx_word' id='word_1_211' title='bbox 2594 1787 2700 1858; x_wconf 77' lang='lat' dir='ltr'><strong>legi</strong></span> <span class='ocrx_word' id='word_1_212' title='bbox 2745 1789 2900 1858; x_wconf 90' lang='lat' dir='ltr'><strong>plena</strong></span> <span class='ocrx_word' id='word_1_213' title='bbox 2932 1789 3278 1846; x_wconf 89' lang='lat' dir='ltr'><strong>absolutione</strong></span> <span class='ocrx_word' id='word_1_214' title='bbox 3312 1787 3605 1849; x_wconf 83' lang='lat' dir='ltr'><strong>deﬁcienti,</strong></span> 
     </span>
    </p>
   </div>
   <div class='ocr_carea' id='block_1_36' title="bbox 329 1873 1918 1946">
    <p class='ocr_par' dir='ltr' id='par_1_36' title="bbox 329 1873 1918 1946">
     <span class='ocr_line' id='line_1_36' title="bbox 329 1873 1918 1946; baseline 0 -22"><span class='ocrx_word' id='word_1_215' title='bbox 329 1889 521 1926; x_wconf 87' lang='grc' dir='ltr'>στασιν</span> <span class='ocrx_word' id='word_1_216' title='bbox 533 1874 668 1944; x_wconf 80' lang='grc' dir='ltr'>ὅπερ</span> <span class='ocrx_word' id='word_1_217' title='bbox 683 1874 824 1927; x_wconf 79' lang='grc' dir='ltr'>ἐνδεῖ</span> <span class='ocrx_word' id='word_1_218' title='bbox 846 1873 1039 1928; x_wconf 82' lang='grc' dir='ltr'>τούτου</span> <span class='ocrx_word' id='word_1_219' title='bbox 1055 1877 1121 1945; x_wconf 79' lang='grc' dir='ltr'>τῇ</span> <span class='ocrx_word' id='word_1_220' title='bbox 1150 1873 1438 1946; x_wconf 79' lang='grc' dir='ltr'>προσθήκῃ</span> <span class='ocrx_word' id='word_1_221' title='bbox 1462 1874 1522 1927; x_wconf 83' lang='grc' dir='ltr'>τὸ</span> <span class='ocrx_word' id='word_1_222' title='bbox 1541 1874 1751 1944; x_wconf 82' lang='grc' dir='ltr'>πρέπον</span> <span class='ocrx_word' id='word_1_223' title='bbox 1770 1873 1918 1943; x_wconf 84' lang='grc' dir='ltr'>αὺτῴ</span> 
     </span>
    </p>
   </div>
   <div class='ocr_carea' id='block_1_37' title="bbox 325 1966 1922 2039">
    <p class='ocr_par' dir='ltr' id='par_1_37' title="bbox 325 1966 1922 2039">
     <span class='ocr_line' id='line_1_37' title="bbox 325 1966 1922 2039; baseline 0 -20"><span class='ocrx_word' id='word_1_224' title='bbox 325 1966 580 2020; x_wconf 81' lang='grc' dir='ltr'>ἀποδιδόα</span> <span class='ocrx_word' id='word_1_225' title='bbox 589 1983 687 2039; x_wconf 87' lang='grc' dir='ltr'><strong>μεν</strong></span> <span class='ocrx_word' id='word_1_226' title='bbox 717 1968 921 2039; x_wconf 79' lang='grc' dir='ltr'>σχῆμα.</span> <span class='ocrx_word' id='word_1_227' title='bbox 933 1966 1070 2038; x_wconf 74' lang='grc' dir='ltr'>Φησὶ</span> <span class='ocrx_word' id='word_1_228' title='bbox 1082 1966 1259 2021; x_wconf 79' lang='grc' dir='ltr'>τοίνυν</span> <span class='ocrx_word' id='word_1_229' title='bbox 1274 1967 1401 2038; x_wconf 75' lang='grc' dir='ltr'>περὶ</span> <span class='ocrx_word' id='word_1_230' title='bbox 1416 1967 1626 2021; x_wconf 75' lang='grc' dir='ltr'>οἰκέτου</span> <span class='ocrx_word' id='word_1_231' title='bbox 1641 1969 1698 2022; x_wconf 82' lang='grc' dir='ltr'><strong>ἐν</strong></span> <span class='ocrx_word' id='word_1_232' title='bbox 1729 1966 1922 2021; x_wconf 85' lang='grc' dir='ltr'>δεσπο-</span> 
     </span>
    </p>
   </div>
   <div class='ocr_carea' id='block_1_38' title="bbox 329 2058 1923 2134">
    <p class='ocr_par' dir='ltr' id='par_1_38' title="bbox 329 2058 1923 2134">
     <span class='ocr_line' id='line_1_38' title="bbox 329 2058 1923 2134; baseline 0.001 -22"><span class='ocrx_word' id='word_1_233' title='bbox 329 2061 644 2134; x_wconf 34' lang='grc' dir='ltr'>τικῇιαὺτοῦ</span> <span class='ocrx_word' id='word_1_234' title='bbox 658 2058 987 2114; x_wconf 80' lang='grc' dir='ltr'>διατυπώσει</span> <span class='ocrx_word' id='word_1_235' title='bbox 1019 2060 1328 2133; x_wconf 81' lang='grc' dir='ltr'>ὁρισθέντος</span> <span class='ocrx_word' id='word_1_236' title='bbox 1353 2061 1665 2132; x_wconf 79' lang='grc' dir='ltr'>ἐλευθερίας</span> <span class='ocrx_word' id='word_1_237' title='bbox 1693 2060 1923 2132; x_wconf 81' lang='grc' dir='ltr'>ἀξιωθῆ-</span> 
     </span>
    </p>
   </div>
   <div class='ocr_carea' id='block_1_39' title="bbox 327 2153 1921 2225">
    <p class='ocr_par' dir='ltr' id='par_1_39' title="bbox 327 2153 1921 2225">
     <span class='ocr_line' id='line_1_39' title="bbox 327 2153 1921 2225; baseline 0.001 -20"><span class='ocrx_word' id='word_1_238' title='bbox 327 2153 769 2222; x_wconf 81' lang='grc' dir='ltr'>ναι,ἀγνοοῦντος</span> <span class='ocrx_word' id='word_1_239' title='bbox 796 2153 930 2207; x_wconf 83' lang='grc' dir='ltr'>δὲτὸ</span> <span class='ocrx_word' id='word_1_240' title='bbox 951 2154 1227 2225; x_wconf 82' lang='grc' dir='ltr'>διάταγμα</span> <span class='ocrx_word' id='word_1_241' title='bbox 1253 2154 1447 2209; x_wconf 68' lang='grc' dir='ltr'>καὶδιὲι</span> <span class='ocrx_word' id='word_1_242' title='bbox 1469 2155 1627 2209; x_wconf 73' lang='grc' dir='ltr'>τοῦτο</span> <span class='ocrx_word' id='word_1_243' title='bbox 1639 2155 1921 2225; x_wconf 84' lang='grc' dir='ltr'>λογισμοῖς</span> 
     </span>
    </p>
   </div>
   <div class='ocr_carea' id='block_1_40' title="bbox 328 2246 1924 2320">
    <p class='ocr_par' dir='ltr' id='par_1_40' title="bbox 328 2246 1924 2320">
     <span class='ocr_line' id='line_1_40' title="bbox 328 2246 1924 2320; baseline 0 -19"><span class='ocrx_word' id='word_1_244' title='bbox 328 2247 651 2319; x_wconf 74' lang='grc' dir='ltr'>ἀμφιϐόλοις</span> <span class='ocrx_word' id='word_1_245' title='bbox 668 2246 981 2319; x_wconf 73' lang='grc' dir='ltr'>ἐλευθερίας</span> <span class='ocrx_word' id='word_1_246' title='bbox 997 2249 1379 2319; x_wconf 77' lang='grc' dir='ltr'>ἀντεχομένου,</span> <span class='ocrx_word' id='word_1_247' title='bbox 1393 2248 1529 2312; x_wconf 79' lang='grc' dir='ltr'>τέως</span> <span class='ocrx_word' id='word_1_248' title='bbox 1546 2249 1643 2319; x_wconf 88' lang='grc' dir='ltr'>μὲν</span> <span class='ocrx_word' id='word_1_249' title='bbox 1659 2249 1924 2320; x_wconf 85' lang='grc' dir='ltr'>μηδαμῶς</span> 
     </span>
    </p>
   </div>
   <div class='ocr_carea' id='block_1_41' title="bbox 330 2341 1921 2414">
    <p class='ocr_par' dir='ltr' id='par_1_41' title="bbox 330 2341 1921 2414">
     <span class='ocr_line' id='line_1_41' title="bbox 330 2341 1921 2414; baseline -0.002 -17"><span class='ocrx_word' id='word_1_250' title='bbox 330 2342 497 2397; x_wconf 80' lang='grc' dir='ltr'>αὑτὸν</span> <span class='ocrx_word' id='word_1_251' title='bbox 525 2341 612 2395; x_wconf 72' lang='grc' dir='ltr'>διὰ</span> <span class='ocrx_word' id='word_1_252' title='bbox 636 2341 735 2413; x_wconf 84' lang='grc' dir='ltr'>τὴν</span> <span class='ocrx_word' id='word_1_253' title='bbox 764 2342 988 2411; x_wconf 81' lang='grc' dir='ltr'>ἄγνοιαν</span> <span class='ocrx_word' id='word_1_254' title='bbox 1018 2343 1116 2414; x_wconf 83' lang='grc' dir='ltr'>τῆς</span> <span class='ocrx_word' id='word_1_255' title='bbox 1141 2342 1455 2414; x_wconf 77' lang='grc' dir='ltr'>ἐλευθερίας</span> <span class='ocrx_word' id='word_1_256' title='bbox 1479 2343 1921 2414; x_wconf 82' lang='grc' dir='ltr'>ἀποστερεῖσθαι,</span> 
     </span>
    </p>
   </div>
   <div class='ocr_carea' id='block_1_42' title="bbox 330 2433 1926 2508">
    <p class='ocr_par' dir='ltr' id='par_1_42' title="bbox 330 2433 1926 2508">
     <span class='ocr_line' id='line_1_42' title="bbox 330 2433 1926 2508; baseline 0 -20"><span class='ocrx_word' id='word_1_257' title='bbox 330 2433 470 2488; x_wconf 72' lang='grc' dir='ltr'>ἀλλὰ</span> <span class='ocrx_word' id='word_1_258' title='bbox 496 2434 702 2502; x_wconf 82' lang='grc' dir='ltr'>διάγειν</span> <span class='ocrx_word' id='word_1_259' title='bbox 719 2436 880 2488; x_wconf 73' lang='grc' dir='ltr'>αὑτὸν</span> <span class='ocrx_word' id='word_1_260' title='bbox 901 2435 1571 2508; x_wconf 80' lang='grc' dir='ltr'>ἐλευθέρως,διατίθεσθαι</span> <span class='ocrx_word' id='word_1_261' title='bbox 1591 2437 1647 2490; x_wconf 86' lang='grc' dir='ltr'><strong>δέ</strong></span> <span class='ocrx_word' id='word_1_262' title='bbox 1664 2436 1826 2490; x_wconf 68' lang='grc' dir='ltr'>αὑτὸν</span> <span class='ocrx_word' id='word_1_263' title='bbox 1850 2436 1926 2499; x_wconf 83' lang='grc' dir='ltr'>ὡς</span> 
     </span>
    </p>
   </div>
   <div class='ocr_carea' id='block_1_43' title="bbox 332 2522 1926 2602">
    <p class='ocr_par' dir='ltr' id='par_1_43' title="bbox 332 2522 1926 2602">
     <span class='ocr_line' id='line_1_43' title="bbox 332 2522 1926 2602; baseline -0.001 -21"><span class='ocrx_word' id='word_1_264' title='bbox 332 2527 621 2602; x_wconf 61' lang='grc' dir='ltr'>ἐλεύθερον</span> <span class='ocrx_word' id='word_1_265' title='bbox 637 2527 722 2580; x_wconf 74' lang='grc' dir='ltr'><strong>ἐπ’</strong></span> <span class='ocrx_word' id='word_1_266' title='bbox 741 2527 924 2589; x_wconf 80' lang='grc' dir='ltr'>ἀδείας</span> <span class='ocrx_word' id='word_1_267' title='bbox 941 2527 1016 2599; x_wconf 82' lang='grc' dir='ltr'>μὴ</span> <span class='ocrx_word' id='word_1_268' title='bbox 1033 2525 1176 2599; x_wconf 77' lang='grc' dir='ltr'>ἔχειν</span> <span class='ocrx_word' id='word_1_269' title='bbox 1190 2543 1205 2558; x_wconf 76' lang='grc' dir='ltr'><strong>ο</strong></span> <span class='ocrx_word' id='word_1_270' title='bbox 1225 2522 1336 2583; x_wconf 73' lang='grc' dir='ltr'>οἷον</span> <span class='ocrx_word' id='word_1_271' title='bbox 1352 2530 1650 2597; x_wconf 76' lang='grc' dir='ltr'>μεταγνοὺς</span> <span class='ocrx_word' id='word_1_272' title='bbox 1671 2529 1830 2598; x_wconf 83' lang='grc' dir='ltr'>μέχρι</span> <span class='ocrx_word' id='word_1_273' title='bbox 1845 2527 1926 2580; x_wconf 84' lang='grc' dir='ltr'>τέ-</span> 
     </span>
    </p>
   </div>
   <div class='ocr_carea' id='block_1_44' title="bbox 333 2620 1926 2694">
    <p class='ocr_par' dir='ltr' id='par_1_44' title="bbox 333 2620 1926 2694">
     <span class='ocr_line' id='line_1_44' title="bbox 333 2620 1926 2694; baseline 0 -18"><span class='ocrx_word' id='word_1_274' title='bbox 333 2621 462 2684; x_wconf 81' lang='grc' dir='ltr'>λους</span> <span class='ocrx_word' id='word_1_275' title='bbox 485 2623 550 2694; x_wconf 77' lang='grc' dir='ltr'>ἢν</span> <span class='ocrx_word' id='word_1_276' title='bbox 567 2620 781 2675; x_wconf 85' lang='grc' dir='ltr'>δίδωσιν</span> <span class='ocrx_word' id='word_1_277' title='bbox 799 2620 1111 2694; x_wconf 75' lang='grc' dir='ltr'>ἐλευθερίαν</span> <span class='ocrx_word' id='word_1_278' title='bbox 1127 2621 1279 2692; x_wconf 80' lang='grc' dir='ltr'>αὐτῷ</span> <span class='ocrx_word' id='word_1_279' title='bbox 1302 2624 1576 2693; x_wconf 87' lang='grc' dir='ltr'>παρεῖναι.</span> <span class='ocrx_word' id='word_1_280' title='bbox 1596 2623 1688 2692; x_wconf 85' lang='grc' dir='ltr'><strong>Μὴ</strong></span> <span class='ocrx_word' id='word_1_281' title='bbox 1718 2624 1825 2693; x_wconf 83' lang='grc' dir='ltr'>γὰρ</span> <span class='ocrx_word' id='word_1_282' title='bbox 1836 2621 1926 2676; x_wconf 78' lang='grc' dir='ltr'><strong>οὕ-</strong></span> 
     </span>
    </p>
   </div>
   <div class='ocr_carea' id='block_1_45' title="bbox 334 2715 1930 2787">
    <p class='ocr_par' dir='ltr' id='par_1_45' title="bbox 334 2715 1930 2787">
     <span class='ocr_line' id='line_1_45' title="bbox 334 2715 1930 2787; baseline 0 -19"><span class='ocrx_word' id='word_1_283' title='bbox 334 2732 440 2787; x_wconf 88' lang='grc' dir='ltr'><strong>σης</strong></span> <span class='ocrx_word' id='word_1_284' title='bbox 459 2716 708 2783; x_wconf 82' lang='grc' dir='ltr'>ἐξουσίας</span> <span class='ocrx_word' id='word_1_285' title='bbox 741 2715 817 2780; x_wconf 85' lang='grc' dir='ltr'><strong>ὡς</strong></span> <span class='ocrx_word' id='word_1_286' title='bbox 841 2715 1110 2787; x_wconf 81' lang='grc' dir='ltr'>ἐλευθέρῳ</span> <span class='ocrx_word' id='word_1_287' title='bbox 1130 2716 1461 2770; x_wconf 81' lang='grc' dir='ltr'>διατίθεσθαι</span> <span class='ocrx_word' id='word_1_288' title='bbox 1487 2716 1554 2769; x_wconf 75' lang='grc' dir='ltr'><strong>τὰ</strong></span> <span class='ocrx_word' id='word_1_289' title='bbox 1588 2718 1781 2781; x_wconf 83' lang='grc' dir='ltr'>οἰκεῖα,</span> <span class='ocrx_word' id='word_1_290' title='bbox 1812 2716 1930 2780; x_wconf 83' lang='grc' dir='ltr'>πῶς</span> 
     </span>
    </p>
   </div>
   <div class='ocr_carea' id='block_1_46' title="bbox 335 2808 1929 2884">
    <p class='ocr_par' dir='ltr' id='par_1_46' title="bbox 335 2808 1929 2884">
     <span class='ocr_line' id='line_1_46' title="bbox 335 2808 1929 2884; baseline 0.001 -24"><span class='ocrx_word' id='word_1_291' title='bbox 335 2809 473 2884; x_wconf 63' lang='grc' dir='ltr'><strong>οὐχὶ.⁵</strong></span> <span class='ocrx_word' id='word_1_292' title='bbox 509 2809 670 2864; x_wconf 80' lang='grc' dir='ltr'>πάλιν</span> <span class='ocrx_word' id='word_1_293' title='bbox 719 2810 855 2880; x_wconf 75' lang='grc' dir='ltr'>πρὸς</span> <span class='ocrx_word' id='word_1_294' title='bbox 905 2809 1002 2881; x_wconf 78' lang='grc' dir='ltr'>τὴν</span> <span class='ocrx_word' id='word_1_295' title='bbox 1053 2811 1326 2882; x_wconf 81' lang='grc' dir='ltr'>προτέραν</span> <span class='ocrx_word' id='word_1_296' title='bbox 1365 2809 1629 2881; x_wconf 78' lang='grc' dir='ltr'>ἐπανήξει</span> <span class='ocrx_word' id='word_1_297' title='bbox 1657 2808 1929 2877; x_wconf 80' lang='grc' dir='ltr'>δουλείαν;</span> 
     </span>
    </p>
   </div>
   <div class='ocr_carea' id='block_1_47' title="bbox 425 2899 1932 2978">
    <p class='ocr_par' dir='ltr' id='par_1_47' title="bbox 425 2899 1932 2978">
     <span class='ocr_line' id='line_1_47' title="bbox 425 2899 1932 2978; baseline 0.003 -23"><span class='ocrx_word' id='word_1_298' title='bbox 425 2901 617 2973; x_wconf 83' lang='grc' dir='ltr'>Ἡμεῖς</span> <span class='ocrx_word' id='word_1_299' title='bbox 643 2899 736 2957; x_wconf 78' lang='grc' dir='ltr'><strong>οὖν</strong></span> <span class='ocrx_word' id='word_1_300' title='bbox 768 2920 971 2976; x_wconf 84' lang='grc' dir='ltr'>φαμεν,</span> <span class='ocrx_word' id='word_1_301' title='bbox 1004 2904 1302 2977; x_wconf 79' lang='grc' dir='ltr'>ἐπειδήπερ</span> <span class='ocrx_word' id='word_1_302' title='bbox 1333 2904 1486 2970; x_wconf 79' lang='grc' dir='ltr'>τάξιν</span> <span class='ocrx_word' id='word_1_303' title='bbox 1517 2906 1610 2958; x_wconf 73' lang='grc' dir='ltr'>καὶ</span> <span class='ocrx_word' id='word_1_304' title='bbox 1657 2905 1932 2978; x_wconf 77' lang='grc' dir='ltr'>διαγωγὴν</span> 
     </span>
    </p>
   </div>
   <div class='ocr_carea' id='block_1_48' title="bbox 342 2993 1935 3070">
    <p class='ocr_par' dir='ltr' id='par_1_48' title="bbox 342 2993 1935 3070">
     <span class='ocr_line' id='line_1_48' title="bbox 342 2993 1935 3070; baseline 0.001 -20"><span class='ocrx_word' id='word_1_305' title='bbox 342 2993 638 3066; x_wconf 75' lang='grc' dir='ltr'>ἐλευθέραν</span> <span class='ocrx_word' id='word_1_306' title='bbox 655 2995 931 3068; x_wconf 84' lang='grc' dir='ltr'>παρέσχεν</span> <span class='ocrx_word' id='word_1_307' title='bbox 962 2996 990 3048; x_wconf 83' lang='grc' dir='ltr'><strong>ὁ</strong></span> <span class='ocrx_word' id='word_1_308' title='bbox 1021 2996 1207 3068; x_wconf 87' lang='grc' dir='ltr'>νόμος,</span> <span class='ocrx_word' id='word_1_309' title='bbox 1233 2998 1328 3051; x_wconf 81' lang='grc' dir='ltr'>καὶ</span> <span class='ocrx_word' id='word_1_310' title='bbox 1357 2998 1426 3052; x_wconf 86' lang='grc' dir='ltr'>τὰ</span> <span class='ocrx_word' id='word_1_311' title='bbox 1457 2997 1592 3051; x_wconf 80' lang='grc' dir='ltr'>ἄλλα</span> <span class='ocrx_word' id='word_1_312' title='bbox 1621 2997 1880 3070; x_wconf 77' lang='grc' dir='ltr'>παρέξειν</span> <span class='ocrx_word' id='word_1_313' title='bbox 1899 2999 1935 3052; x_wconf 71' lang='grc' dir='ltr'>ἃ.</span> 
     </span>
    </p>
   </div>
   <div class='ocr_carea' id='block_1_49' title="bbox 2023 1881 3608 1955">
    <p class='ocr_par' dir='ltr' id='par_1_49' title="bbox 2023 1881 3608 1955">
     <span class='ocr_line' id='line_1_49' title="bbox 2023 1881 3608 1955; baseline -0.003 -16"><span class='ocrx_word' id='word_1_314' title='bbox 2023 1883 2144 1954; x_wconf 83' lang='lat' dir='ltr'><strong>ejus</strong></span> <span class='ocrx_word' id='word_1_315' title='bbox 2173 1883 2318 1955; x_wconf 91' lang='lat' dir='ltr'><strong>quod</strong></span> <span class='ocrx_word' id='word_1_316' title='bbox 2352 1882 2507 1937; x_wconf 87' lang='lat' dir='ltr'><strong>deest</strong></span> <span class='ocrx_word' id='word_1_317' title='bbox 2542 1881 2826 1937; x_wconf 86' lang='lat' dir='ltr'><strong>additione</strong></span> <span class='ocrx_word' id='word_1_318' title='bbox 2871 1882 3127 1938; x_wconf 86' lang='lat' dir='ltr'><strong>decoram</strong></span> <span class='ocrx_word' id='word_1_319' title='bbox 3164 1883 3393 1936; x_wconf 77' lang='lat' dir='ltr'><strong>formam</strong></span> <span class='ocrx_word' id='word_1_320' title='bbox 3430 1883 3608 1951; x_wconf 89' lang='lat' dir='ltr'><strong>impo-</strong></span> 
     </span>
    </p>
   </div>
   <div class='ocr_carea' id='block_1_50' title="bbox 2025 1974 3610 2047">
    <p class='ocr_par' dir='ltr' id='par_1_50' title="bbox 2025 1974 3610 2047">
     <span class='ocr_line' id='line_1_50' title="bbox 2025 1974 3610 2047; baseline -0.003 -15"><span class='ocrx_word' id='word_1_321' title='bbox 2025 1979 2227 2032; x_wconf 85' lang='lat' dir='ltr'><strong>nimus.</strong></span> <span class='ocrx_word' id='word_1_322' title='bbox 2286 1977 2380 2031; x_wconf 84' lang='lat' dir='ltr'><strong>Ait</strong></span> <span class='ocrx_word' id='word_1_323' title='bbox 2442 1985 2622 2031; x_wconf 85' lang='lat' dir='ltr'><strong>autem</strong></span> <span class='ocrx_word' id='word_1_324' title='bbox 2657 1976 2792 2047; x_wconf 71' lang='lat'>(72),</span> <span class='ocrx_word' id='word_1_325' title='bbox 2855 1993 3072 2032; x_wconf 87' lang='lat' dir='ltr'><strong>servum</strong></span> <span class='ocrx_word' id='word_1_326' title='bbox 3106 1977 3201 2047; x_wconf 85' lang='lat' dir='ltr'><strong>qui</strong></span> <span class='ocrx_word' id='word_1_327' title='bbox 3249 1993 3373 2032; x_wconf 91' lang='lat' dir='ltr'><strong>cum</strong></span> <span class='ocrx_word' id='word_1_328' title='bbox 3402 1974 3610 2032; x_wconf 88' lang='lat' dir='ltr'><strong>domini</strong></span> 
     </span>
    </p>
   </div>
   <div class='ocr_carea' id='block_1_51' title="bbox 2025 2070 3612 2140">
    <p class='ocr_par' dir='ltr' id='par_1_51' title="bbox 2025 2070 3612 2140">
     <span class='ocr_line' id='line_1_51' title="bbox 2025 2070 3612 2140; baseline -0.003 -15"><span class='ocrx_word' id='word_1_329' title='bbox 2025 2071 2109 2125; x_wconf 86' lang='lat' dir='ltr'><strong>sui</strong></span> <span class='ocrx_word' id='word_1_330' title='bbox 2165 2077 2495 2125; x_wconf 86' lang='lat' dir='ltr'><strong>testamento</strong></span> <span class='ocrx_word' id='word_1_331' title='bbox 2563 2070 2699 2125; x_wconf 89' lang='lat' dir='ltr'><strong>liber</strong></span> <span class='ocrx_word' id='word_1_332' title='bbox 2751 2085 2876 2126; x_wconf 88' lang='lat' dir='ltr'><strong>esse</strong></span> <span class='ocrx_word' id='word_1_333' title='bbox 2919 2071 3111 2140; x_wconf 81' lang='lat' dir='ltr'><strong>jussus</strong></span> <span class='ocrx_word' id='word_1_334' title='bbox 3159 2071 3254 2132; x_wconf 87' lang='lat' dir='ltr'><strong>sit,</strong></span> <span class='ocrx_word' id='word_1_335' title='bbox 3282 2070 3334 2125; x_wconf 91' lang='lat' dir='ltr'><strong>id</strong></span> <span class='ocrx_word' id='word_1_336' title='bbox 3370 2071 3612 2140; x_wconf 82' lang='lat' dir='ltr'><strong>ignorat,</strong></span> 
     </span>
    </p>
   </div>
   <div class='ocr_carea' id='block_1_52' title="bbox 2028 2161 3612 2233">
    <p class='ocr_par' dir='ltr' id='par_1_52' title="bbox 2028 2161 3612 2233">
     <span class='ocr_line' id='line_1_52' title="bbox 2028 2161 3612 2233; baseline -0.001 -17"><span class='ocrx_word' id='word_1_337' title='bbox 2028 2164 2260 2233; x_wconf 85' lang='lat' dir='ltr'><strong>ideoque</strong></span> <span class='ocrx_word' id='word_1_338' title='bbox 2318 2161 2547 2219; x_wconf 82' lang='lat' dir='ltr'><strong>incertis</strong></span> <span class='ocrx_word' id='word_1_339' title='bbox 2617 2164 2927 2219; x_wconf 84' lang='lat' dir='ltr'><strong>rationibus</strong></span> <span class='ocrx_word' id='word_1_340' title='bbox 3015 2164 3323 2218; x_wconf 84' lang='lat' dir='ltr'><strong>libertatem</strong></span> <span class='ocrx_word' id='word_1_341' title='bbox 3377 2162 3612 2222; x_wconf 86' lang='lat' dir='ltr'><strong>obtinet.</strong></span> 
     </span>
    </p>
   </div>
   <div class='ocr_carea' id='block_1_53' title="bbox 2028 2256 3617 2327">
    <p class='ocr_par' dir='ltr' id='par_1_53' title="bbox 2028 2256 3617 2327">
     <span class='ocr_line' id='line_1_53' title="bbox 2028 2256 3617 2327; baseline -0.001 -16"><span class='ocrx_word' id='word_1_342' title='bbox 2028 2256 2236 2311; x_wconf 85' lang='lat' dir='ltr'><strong>interea</strong></span> <span class='ocrx_word' id='word_1_343' title='bbox 2293 2272 2643 2327; x_wconf 85' lang='lat' dir='ltr'><strong>nequaquam</strong></span> <span class='ocrx_word' id='word_1_344' title='bbox 2681 2264 2901 2327; x_wconf 88' lang='lat' dir='ltr'><strong>propter</strong></span> <span class='ocrx_word' id='word_1_345' title='bbox 2942 2257 3308 2327; x_wconf 74' lang='lat' dir='ltr'><strong>ignorantiam</strong></span> <span class='ocrx_word' id='word_1_346' title='bbox 3365 2256 3617 2311; x_wconf 88' lang='lat' dir='ltr'><strong>libertate</strong></span> 
     </span>
    </p>
   </div>
   <div class='ocr_carea' id='block_1_54' title="bbox 2028 2346 3618 2418">
    <p class='ocr_par' dir='ltr' id='par_1_54' title="bbox 2028 2346 3618 2418">
     <span class='ocr_line' id='line_1_54' title="bbox 2028 2346 3618 2418; baseline 0 -19"><span class='ocrx_word' id='word_1_347' title='bbox 2028 2347 2260 2418; x_wconf 85' lang='lat' dir='ltr'><strong>privari,</strong></span> <span class='ocrx_word' id='word_1_348' title='bbox 2293 2348 2388 2402; x_wconf 85' lang='lat' dir='ltr'><strong>sed</strong></span> <span class='ocrx_word' id='word_1_349' title='bbox 2420 2347 2474 2400; x_wconf 93' lang='lat' dir='ltr'><strong>in</strong></span> <span class='ocrx_word' id='word_1_350' title='bbox 2509 2346 2764 2401; x_wconf 83' lang='lat' dir='ltr'><strong>libertate</strong></span> <span class='ocrx_word' id='word_1_351' title='bbox 2793 2347 2977 2402; x_wconf 84' lang='lat' dir='ltr'><strong>vivere</strong></span> <span class='ocrx_word' id='word_1_352' title='bbox 3013 2366 3027 2400; x_wconf 74' lang='grc' dir='ltr'>ε</span> <span class='ocrx_word' id='word_1_353' title='bbox 3065 2355 3121 2401; x_wconf 86' lang='grc' dir='ltr'><strong>ιιι</strong></span> <span class='ocrx_word' id='word_1_354' title='bbox 3149 2357 3333 2402; x_wconf 84' lang='lat' dir='ltr'><strong>autem</strong></span> <span class='ocrx_word' id='word_1_355' title='bbox 3356 2357 3618 2416; x_wconf 88' lang='lat' dir='ltr'><strong>tanquam</strong></span> 
     </span>
    </p>
   </div>
   <div class='ocr_carea' id='block_1_55' title="bbox 2031 2439 3618 2510">
    <p class='ocr_par' dir='ltr' id='par_1_55' title="bbox 2031 2439 3618 2510">
     <span class='ocr_line' id='line_1_55' title="bbox 2031 2439 3618 2510; baseline -0.001 -18"><span class='ocrx_word' id='word_1_356' title='bbox 2031 2439 2166 2494; x_wconf 87' lang='lat' dir='ltr'><strong>liber</strong></span> <span class='ocrx_word' id='word_1_357' title='bbox 2210 2448 2460 2502; x_wconf 83' lang='lat' dir='ltr'><strong>testetur,</strong></span> <span class='ocrx_word' id='word_1_358' title='bbox 2500 2440 2676 2509; x_wconf 85' lang='lat' dir='ltr'><strong>ipsum</strong></span> <span class='ocrx_word' id='word_1_359' title='bbox 2707 2447 3031 2509; x_wconf 84' lang='lat' dir='ltr'><strong>potestatem</strong></span> <span class='ocrx_word' id='word_1_360' title='bbox 3058 2456 3166 2495; x_wconf 87' lang='lat' dir='ltr'><strong>non</strong></span> <span class='ocrx_word' id='word_1_361' title='bbox 3195 2441 3432 2496; x_wconf 89' lang='lat' dir='ltr'><strong>habere:</strong></span> <span class='ocrx_word' id='word_1_362' title='bbox 3461 2439 3618 2510; x_wconf 85' lang='lat' dir='ltr'><strong>quasi</strong></span> 
     </span>
    </p>
   </div>
   <div class='ocr_carea' id='block_1_56' title="bbox 2031 2531 3618 2603">
    <p class='ocr_par' dir='ltr' id='par_1_56' title="bbox 2031 2531 3618 2603">
     <span class='ocr_line' id='line_1_56' title="bbox 2031 2531 3618 2603; baseline -0.004 -15"><span class='ocrx_word' id='word_1_363' title='bbox 2031 2533 2287 2588; x_wconf 87' lang='lat' dir='ltr'><strong>videlicet</strong></span> <span class='ocrx_word' id='word_1_364' title='bbox 2339 2533 2488 2586; x_wconf 85' lang='lat' dir='ltr'><strong>illam</strong></span> <span class='ocrx_word' id='word_1_365' title='bbox 2545 2535 2832 2602; x_wconf 74' lang='lat' dir='ltr'><strong>pwniteat,</strong></span> <span class='ocrx_word' id='word_1_366' title='bbox 2893 2549 3060 2603; x_wconf 88' lang='lat' dir='ltr'><strong>quam</strong></span> <span class='ocrx_word' id='word_1_367' title='bbox 3104 2534 3415 2588; x_wconf 86' lang='lat' dir='ltr'><strong>libertatem</strong></span> <span class='ocrx_word' id='word_1_368' title='bbox 3445 2531 3618 2597; x_wconf 83' lang='lat' dir='ltr'><strong>dedit,</strong></span> 
     </span>
    </p>
   </div>
   <div class='ocr_carea' id='block_1_57' title="bbox 2033 2625 3622 2696">
    <p class='ocr_par' dir='ltr' id='par_1_57' title="bbox 2033 2625 3622 2696">
     <span class='ocr_line' id='line_1_57' title="bbox 2033 2625 3622 2696; baseline -0.001 -18"><span class='ocrx_word' id='word_1_369' title='bbox 2033 2625 2175 2678; x_wconf 88' lang='lat' dir='ltr'><strong>hanc</strong></span> <span class='ocrx_word' id='word_1_370' title='bbox 2213 2625 2317 2695; x_wconf 90' lang='lat' dir='ltr'><strong>ipsi</strong></span> <span class='ocrx_word' id='word_1_371' title='bbox 2349 2635 2617 2696; x_wconf 75' lang='lat' dir='ltr'><strong>perpetuo</strong></span> <span class='ocrx_word' id='word_1_372' title='bbox 2702 2637 3038 2696; x_wconf 87' lang='lat' dir='ltr'><strong>competere.</strong></span> <span class='ocrx_word' id='word_1_373' title='bbox 3095 2625 3232 2680; x_wconf 84' lang='lat' dir='ltr'><strong>Cum</strong></span> <span class='ocrx_word' id='word_1_374' title='bbox 3265 2628 3411 2680; x_wconf 88' lang='lat' dir='ltr'><strong>enim</strong></span> <span class='ocrx_word' id='word_1_375' title='bbox 3444 2625 3519 2679; x_wconf 90' lang='lat' dir='ltr'><strong>illi</strong></span> <span class='ocrx_word' id='word_1_376' title='bbox 3561 2631 3622 2678; x_wconf 79' lang='lat' dir='ltr'><strong>ut</strong></span> 
     </span>
    </p>
   </div>
   <div class='ocr_carea' id='block_1_58' title="bbox 2033 2720 3623 2791">
    <p class='ocr_par' dir='ltr' id='par_1_58' title="bbox 2033 2720 3623 2791">
     <span class='ocr_line' id='line_1_58' title="bbox 2033 2720 3623 2791; baseline -0.001 -17"><span class='ocrx_word' id='word_1_377' title='bbox 2033 2720 2210 2776; x_wconf 88' lang='lat' dir='ltr'><strong>libero</strong></span> <span class='ocrx_word' id='word_1_378' title='bbox 2243 2721 2310 2775; x_wconf 90' lang='lat' dir='ltr'><strong>de</strong></span> <span class='ocrx_word' id='word_1_379' title='bbox 2345 2721 2507 2774; x_wconf 87' lang='lat' dir='ltr'><strong>rebus</strong></span> <span class='ocrx_word' id='word_1_380' title='bbox 2545 2721 2661 2778; x_wconf 90' lang='lat' dir='ltr'><strong>suis</strong></span> <span class='ocrx_word' id='word_1_381' title='bbox 2690 2722 2932 2778; x_wconf 87' lang='lat' dir='ltr'><strong>testandi</strong></span> <span class='ocrx_word' id='word_1_382' title='bbox 2962 2720 3193 2777; x_wconf 78' lang='lat' dir='ltr'><strong>facultas</strong></span> <span class='ocrx_word' id='word_1_383' title='bbox 3221 2737 3329 2775; x_wconf 90' lang='lat' dir='ltr'><strong>non</strong></span> <span class='ocrx_word' id='word_1_384' title='bbox 3366 2720 3461 2788; x_wconf 89' lang='lat' dir='ltr'><strong>sit,</strong></span> <span class='ocrx_word' id='word_1_385' title='bbox 3482 2733 3623 2791; x_wconf 87' lang='lat' dir='ltr'><strong>quo-</strong></span> 
     </span>
    </p>
   </div>
   <div class='ocr_carea' id='block_1_59' title="bbox 2037 2811 3305 2884">
    <p class='ocr_par' dir='ltr' id='par_1_59' title="bbox 2037 2811 3305 2884">
     <span class='ocr_line' id='line_1_59' title="bbox 2037 2811 3305 2884; baseline -0.001 -16"><span class='ocrx_word' id='word_1_386' title='bbox 2037 2811 2202 2868; x_wconf 89' lang='lat' dir='ltr'><strong>modo</strong></span> <span class='ocrx_word' id='word_1_387' title='bbox 2228 2827 2334 2867; x_wconf 91' lang='lat' dir='ltr'><strong>non</strong></span> <span class='ocrx_word' id='word_1_388' title='bbox 2368 2813 2434 2869; x_wconf 91' lang='lat' dir='ltr'><strong>ad</strong></span> <span class='ocrx_word' id='word_1_389' title='bbox 2459 2815 2746 2884; x_wconf 86' lang='lat' dir='ltr'><strong>pristinam</strong></span> <span class='ocrx_word' id='word_1_390' title='bbox 2783 2815 3098 2870; x_wconf 88' lang='lat' dir='ltr'><strong>servitutem</strong></span> <span class='ocrx_word' id='word_1_391' title='bbox 3133 2814 3305 2869; x_wconf 78' lang='lat' dir='ltr'><strong>redit?</strong></span> 
     </span>
    </p>
   </div>
   <div class='ocr_carea' id='block_1_60' title="bbox 2104 2902 3625 2976">
    <p class='ocr_par' dir='ltr' id='par_1_60' title="bbox 2104 2902 3625 2976">
     <span class='ocr_line' id='line_1_60' title="bbox 2104 2902 3625 2976; baseline -0.001 -16"><span class='ocrx_word' id='word_1_392' title='bbox 2104 2902 2217 2962; x_wconf 87' lang='lat' dir='ltr'><strong>Nos</strong></span> <span class='ocrx_word' id='word_1_393' title='bbox 2241 2905 2430 2976; x_wconf 85' lang='lat' dir='ltr'><strong>itaque</strong></span> <span class='ocrx_word' id='word_1_394' title='bbox 2470 2905 2732 2971; x_wconf 80' lang='lat' dir='ltr'><strong>dicimus,</strong></span> <span class='ocrx_word' id='word_1_395' title='bbox 2786 2913 3146 2975; x_wconf 83' lang='lat' dir='ltr'><strong>posteaquam</strong></span> <span class='ocrx_word' id='word_1_396' title='bbox 3214 2905 3446 2975; x_wconf 86' lang='lat' dir='ltr'><strong>gradum</strong></span> <span class='ocrx_word' id='word_1_397' title='bbox 3508 2913 3625 2960; x_wconf 82' lang='lat' dir='ltr'><strong>sta-</strong></span> 
     </span>
    </p>
   </div>
   <div class='ocr_carea' id='block_1_61' title="bbox 2038 2994 3626 3070">
    <p class='ocr_par' dir='ltr' id='par_1_61' title="bbox 2038 2994 3626 3070">
     <span class='ocr_line' id='line_1_61' title="bbox 2038 2994 3626 3070; baseline -0.001 -16"><span class='ocrx_word' id='word_1_398' title='bbox 2038 3009 2265 3070; x_wconf 88' lang='lat' dir='ltr'><strong>tumque</strong></span> <span class='ocrx_word' id='word_1_399' title='bbox 2294 3000 2416 3054; x_wconf 65' lang='lat' dir='ltr'><strong>vitte</strong></span> <span class='ocrx_word' id='word_1_400' title='bbox 2457 3000 2696 3055; x_wconf 82' lang='lat' dir='ltr'><strong>liberum</strong></span> <span class='ocrx_word' id='word_1_401' title='bbox 2730 3002 2968 3070; x_wconf 68' lang='lat' dir='ltr'><strong>praebuit</strong></span> <span class='ocrx_word' id='word_1_402' title='bbox 2996 3003 3104 3067; x_wconf 86' lang='lat' dir='ltr'><strong>lex,</strong></span> <span class='ocrx_word' id='word_1_403' title='bbox 3143 2994 3291 3053; x_wconf 86' lang='lat' dir='ltr'><strong>illam</strong></span> <span class='ocrx_word' id='word_1_404' title='bbox 3317 3001 3483 3055; x_wconf 89' lang='lat' dir='ltr'><strong>etiam</strong></span> <span class='ocrx_word' id='word_1_405' title='bbox 3513 2999 3626 3069; x_wconf 77' lang='lat'><strong>(75)</strong></span> 
     </span>
    </p>
   </div>
   <div class='ocr_carea' id='block_1_62' title="bbox 341 3084 1924 3164">
    <p class='ocr_par' dir='ltr' id='par_1_62' title="bbox 341 3084 1924 3163">
     <span class='ocr_line' id='line_1_62' title="bbox 341 3084 1924 3163; baseline 0.001 -20"><span class='ocrx_word' id='word_1_406' title='bbox 341 3093 414 3163; x_wconf 78' lang='grc' dir='ltr'>τῇ</span> <span class='ocrx_word' id='word_1_407' title='bbox 449 3089 734 3163; x_wconf 77' lang='grc' dir='ltr'>ἐλευθερίᾳ</span> <span class='ocrx_word' id='word_1_408' title='bbox 777 3090 1094 3146; x_wconf 79' lang='grc' dir='ltr'>συνέπεται.</span> <span class='ocrx_word' id='word_1_409' title='bbox 1128 3089 1191 3144; x_wconf 83' lang='lat' dir='ltr'><strong>El</strong></span> <span class='ocrx_word' id='word_1_410' title='bbox 1219 3084 1328 3160; x_wconf 67' lang='grc' dir='ltr'><strong>γὰρ</strong></span> <span class='ocrx_word' id='word_1_411' title='bbox 1359 3092 1590 3147; x_wconf 84' lang='grc' dir='ltr'>κωλύειν</span> <span class='ocrx_word' id='word_1_412' title='bbox 1631 3093 1796 3147; x_wconf 79' lang='grc' dir='ltr'>αὑτὸν</span> <span class='ocrx_word' id='word_1_413' title='bbox 1827 3094 1924 3147; x_wconf 76' lang='grc' dir='ltr'>ἔδει</span> 
     </span>
    </p>
   </div>
   <div class='ocr_carea' id='block_1_63' title="bbox 2030 3084 3625 3164">
    <p class='ocr_par' dir='ltr' id='par_1_63' title="bbox 2039 3089 3625 3164">
     <span class='ocr_line' id='line_1_63' title="bbox 2039 3089 3625 3164; baseline -0.003 -16"><span class='ocrx_word' id='word_1_414' title='bbox 2039 3095 2145 3148; x_wconf 84' lang='lat' dir='ltr'><strong>alia</strong></span> <span class='ocrx_word' id='word_1_415' title='bbox 2176 3109 2297 3164; x_wconf 60' lang='lat' dir='ltr'><strong>quas</strong></span> <span class='ocrx_word' id='word_1_416' title='bbox 2341 3092 2652 3149; x_wconf 85' lang='lat' dir='ltr'><strong>libertatem</strong></span> <span class='ocrx_word' id='word_1_417' title='bbox 2681 3095 3037 3158; x_wconf 84' lang='lat' dir='ltr'><strong>comitantur,</strong></span> <span class='ocrx_word' id='word_1_418' title='bbox 3074 3093 3455 3162; x_wconf 67' lang='lat' dir='ltr'><strong>praebituram.</strong></span> <span class='ocrx_word' id='word_1_419' title='bbox 3490 3089 3625 3144; x_wconf 80' lang='lat' dir='ltr'><strong>Nam</strong></span> 
     </span>
    </p>
   </div>
   <div class='ocr_carea' id='block_1_64' title="bbox 344 3165 1924 3258">
    <p class='ocr_par' dir='ltr' id='par_1_64' title="bbox 344 3180 1924 3258">
     <span class='ocr_line' id='line_1_64' title="bbox 344 3180 1924 3258; baseline 0.002 -21"><span class='ocrx_word' id='word_1_420' title='bbox 344 3187 418 3238; x_wconf 74' lang='grc' dir='ltr'>τὰ</span> <span class='ocrx_word' id='word_1_421' title='bbox 466 3185 576 3239; x_wconf 85' lang='grc' dir='ltr'><strong>τῶν</strong></span> <span class='ocrx_word' id='word_1_422' title='bbox 632 3180 1260 3257; x_wconf 18' lang='grc' dir='ltr'>ἐλευθέρωννπράττειν,</span> <span class='ocrx_word' id='word_1_423' title='bbox 1293 3187 1345 3240; x_wconf 86' lang='grc' dir='ltr'><strong>τί</strong></span> <span class='ocrx_word' id='word_1_424' title='bbox 1402 3187 1502 3258; x_wconf 83' lang='grc' dir='ltr'>τὴν</span> <span class='ocrx_word' id='word_1_425' title='bbox 1547 3186 1862 3258; x_wconf 81' lang='grc' dir='ltr'>ἐλευθερίαν</span> <span class='ocrx_word' id='word_1_426' title='bbox 1889 3187 1924 3218; x_wconf 81' lang='grc'><strong>’¹</strong></span> 
     </span>
    </p>
   </div>
   <div class='ocr_carea' id='block_1_65' title="bbox 2030 3165 3630 3258">
    <p class='ocr_par' dir='ltr' id='par_1_65' title="bbox 2042 3183 3630 3257">
     <span class='ocr_line' id='line_1_65' title="bbox 2042 3183 3630 3257; baseline -0.002 -16"><span class='ocrx_word' id='word_1_427' title='bbox 2042 3187 2086 3241; x_wconf 93' lang='lat' dir='ltr'><strong>si</strong></span> <span class='ocrx_word' id='word_1_428' title='bbox 2112 3188 2291 3256; x_wconf 82' lang='lat' dir='ltr'><strong>ipsum</strong></span> <span class='ocrx_word' id='word_1_429' title='bbox 2337 3186 2517 3241; x_wconf 76' lang='lat' dir='ltr'><strong>facere</strong></span> <span class='ocrx_word' id='word_1_430' title='bbox 2584 3202 2705 3257; x_wconf 69' lang='lat' dir='ltr'><strong>qua:</strong></span> <span class='ocrx_word' id='word_1_431' title='bbox 2741 3186 3060 3241; x_wconf 86' lang='lat' dir='ltr'><strong>hominibus</strong></span> <span class='ocrx_word' id='word_1_432' title='bbox 3122 3185 3314 3241; x_wconf 90' lang='lat' dir='ltr'><strong>liberis</strong></span> <span class='ocrx_word' id='word_1_433' title='bbox 3363 3183 3630 3239; x_wconf 62' lang='lat' dir='ltr'><strong>duntaitst</strong></span> 
     </span>
    </p>
   </div>
   <div class='ocr_carea' id='block_1_66' title="bbox 345 3277 1884 3351">
    <p class='ocr_par' dir='ltr' id='par_1_66' title="bbox 345 3277 1884 3351">
     <span class='ocr_line' id='line_1_66' title="bbox 345 3277 1884 3351; baseline 0.001 -21"><span class='ocrx_word' id='word_1_434' title='bbox 345 3278 450 3330; x_wconf 81' lang='grc' dir='ltr'>οὐκ</span> <span class='ocrx_word' id='word_1_435' title='bbox 513 3277 828 3342; x_wconf 72' lang='grc' dir='ltr'>ἐκώλυσεν;</span> <span class='ocrx_word' id='word_1_436' title='bbox 890 3277 1050 3331; x_wconf 83' lang='grc' dir='ltr'><strong>Ἀλλὰ</strong></span> <span class='ocrx_word' id='word_1_437' title='bbox 1120 3277 1326 3332; x_wconf 80' lang='grc' dir='ltr'>τούτων</span> <span class='ocrx_word' id='word_1_438' title='bbox 1368 3279 1520 3345; x_wconf 78' lang='grc' dir='ltr'>ἄξιον</span> <span class='ocrx_word' id='word_1_439' title='bbox 1582 3279 1785 3351; x_wconf 88' lang='grc' dir='ltr'>κρίνων</span> <span class='ocrx_word' id='word_1_440' title='bbox 1837 3279 1884 3311; x_wconf 76' lang='grc'><strong>⁸³</strong></span> 
     </span>
    </p>
   </div>
   <div class='ocr_carea' id='block_1_67' title="bbox 347 3370 1941 3445">
    <p class='ocr_par' dir='ltr' id='par_1_67' title="bbox 347 3370 1941 3445">
     <span class='ocr_line' id='line_1_67' title="bbox 347 3370 1941 3445; baseline 0.001 -21"><span class='ocrx_word' id='word_1_441' title='bbox 347 3372 472 3435; x_wconf 82' lang='grc' dir='ltr'><strong>πῶς</strong></span> <span class='ocrx_word' id='word_1_442' title='bbox 527 3372 649 3442; x_wconf 71' lang='grc' dir='ltr'>οὐχὶ</span> <span class='ocrx_word' id='word_1_443' title='bbox 702 3370 975 3426; x_wconf 85' lang='grc' dir='ltr'>κάκείνων</span> <span class='ocrx_word' id='word_1_444' title='bbox 1031 3370 1256 3439; x_wconf 80' lang='grc' dir='ltr'>ἀξιώσει</span> <span class='ocrx_word' id='word_1_445' title='bbox 1314 3372 1423 3426; x_wconf 83' lang='grc' dir='ltr'><strong>τῶν</strong></span> <span class='ocrx_word' id='word_1_446' title='bbox 1483 3373 1852 3445; x_wconf 82' lang='grc' dir='ltr'>πραγμάτων,</span> <span class='ocrx_word' id='word_1_447' title='bbox 1904 3372 1941 3426; x_wconf 82' lang='grc' dir='ltr'>ἃ.</span> 
     </span>
    </p>
   </div>
   <div class='ocr_carea' id='block_1_68' title="bbox 349 3459 1942 3534">
    <p class='ocr_par' dir='ltr' id='par_1_68' title="bbox 349 3459 1942 3534">
     <span class='ocr_line' id='line_1_68' title="bbox 349 3459 1942 3534; baseline 0 -19"><span class='ocrx_word' id='word_1_448' title='bbox 349 3463 527 3516; x_wconf 78' lang='grc' dir='ltr'>ποιεῖν</span> <span class='ocrx_word' id='word_1_449' title='bbox 541 3460 748 3532; x_wconf 87' lang='grc' dir='ltr'>κυρίως</span> <span class='ocrx_word' id='word_1_450' title='bbox 760 3461 806 3494; x_wconf 63' lang='grc' dir='ltr'><strong>’δ</strong></span> <span class='ocrx_word' id='word_1_451' title='bbox 826 3459 1011 3530; x_wconf 78' lang='grc' dir='ltr'>ἕχειτὸ</span> <span class='ocrx_word' id='word_1_452' title='bbox 1032 3460 1133 3531; x_wconf 85' lang='grc' dir='ltr'>τῆς</span> <span class='ocrx_word' id='word_1_453' title='bbox 1150 3461 1462 3534; x_wconf 84' lang='grc' dir='ltr'>ἐλευθερίας</span> <span class='ocrx_word' id='word_1_454' title='bbox 1483 3462 1706 3532; x_wconf 77' lang='grc' dir='ltr'>ἀξίωμα</span> <span class='ocrx_word' id='word_1_455' title='bbox 1721 3478 1737 3527; x_wconf 87' lang='lat'><strong>;</strong></span> <span class='ocrx_word' id='word_1_456' title='bbox 1755 3461 1942 3515; x_wconf 83' lang='grc' dir='ltr'>Ἔστω</span> 
     </span>
    </p>
   </div>
   <div class='ocr_carea' id='block_1_69' title="bbox 347 3558 1944 3632">
    <p class='ocr_par' dir='ltr' id='par_1_69' title="bbox 347 3558 1944 3632">
     <span class='ocr_line' id='line_1_69' title="bbox 347 3558 1944 3632; baseline 0 -19"><span class='ocrx_word' id='word_1_457' title='bbox 347 3558 646 3630; x_wconf 77' lang='grc' dir='ltr'>τοιγαροῦν</span> <span class='ocrx_word' id='word_1_458' title='bbox 685 3561 712 3612; x_wconf 86' lang='grc' dir='ltr'>ὁ</span> <span class='ocrx_word' id='word_1_459' title='bbox 769 3558 1214 3629; x_wconf 78' lang='grc' dir='ltr'>ὴλευθερωμένος</span> <span class='ocrx_word' id='word_1_460' title='bbox 1253 3559 1469 3632; x_wconf 84' lang='grc' dir='ltr'>ἀληθῶς</span> <span class='ocrx_word' id='word_1_461' title='bbox 1515 3559 1818 3632; x_wconf 81' lang='grc' dir='ltr'>ἐλεύθερος,</span> <span class='ocrx_word' id='word_1_462' title='bbox 1846 3559 1944 3613; x_wconf 77' lang='grc' dir='ltr'>καὶ</span> 
     </span>
    </p>
   </div>
   <div class='ocr_carea' id='block_1_70' title="bbox 350 3651 1943 3724">
    <p class='ocr_par' dir='ltr' id='par_1_70' title="bbox 350 3651 1943 3724">
     <span class='ocr_line' id='line_1_70' title="bbox 350 3651 1943 3724; baseline -0.002 -16"><span class='ocrx_word' id='word_1_463' title='bbox 350 3653 680 3709; x_wconf 86' lang='grc' dir='ltr'>διατιθέσθω</span> <span class='ocrx_word' id='word_1_464' title='bbox 702 3655 830 3724; x_wconf 73' lang='grc' dir='ltr'>περὶ</span> <span class='ocrx_word' id='word_1_465' title='bbox 859 3651 968 3706; x_wconf 80' lang='grc' dir='ltr'>τῶν</span> <span class='ocrx_word' id='word_1_466' title='bbox 997 3653 1245 3721; x_wconf 75' lang='grc' dir='ltr'>οἰκείων,</span> <span class='ocrx_word' id='word_1_467' title='bbox 1274 3654 1375 3706; x_wconf 82' lang='grc' dir='ltr'>ὅσα</span> <span class='ocrx_word' id='word_1_468' title='bbox 1403 3651 1702 3724; x_wconf 84' lang='grc' dir='ltr'>δεσποτικὴ</span> <span class='ocrx_word' id='word_1_469' title='bbox 1745 3652 1943 3722; x_wconf 85' lang='grc' dir='ltr'>γνώμη</span> 
     </span>
    </p>
   </div>
   <div class='ocr_carea' id='block_1_71' title="bbox 354 3746 1947 3820">
    <p class='ocr_par' dir='ltr' id='par_1_71' title="bbox 354 3746 1947 3820">
     <span class='ocr_line' id='line_1_71' title="bbox 354 3746 1947 3820; baseline -0.003 -17"><span class='ocrx_word' id='word_1_470' title='bbox 354 3749 560 3802; x_wconf 71' lang='grc' dir='ltr'>ἔδωκεν</span> <span class='ocrx_word' id='word_1_471' title='bbox 615 3748 764 3801; x_wconf 78' lang='grc' dir='ltr'>αὐτῶ</span> <span class='ocrx_word' id='word_1_472' title='bbox 827 3747 1176 3818; x_wconf 82' lang='grc' dir='ltr'>ἀναφαίρετα</span> <span class='ocrx_word' id='word_1_473' title='bbox 1207 3787 1222 3811; x_wconf 88' lang='grc'><strong>,</strong></span> <span class='ocrx_word' id='word_1_474' title='bbox 1283 3747 1357 3812; x_wconf 87' lang='grc' dir='ltr'>ὡς</span> <span class='ocrx_word' id='word_1_475' title='bbox 1415 3747 1481 3800; x_wconf 83' lang='grc' dir='ltr'>ἂν</span> <span class='ocrx_word' id='word_1_476' title='bbox 1538 3746 1782 3820; x_wconf 82' lang='grc' dir='ltr'>βούλοιτο</span> <span class='ocrx_word' id='word_1_477' title='bbox 1833 3746 1947 3799; x_wconf 85' lang='grc' dir='ltr'>δια-</span> 
     </span>
    </p>
   </div>
   <div class='ocr_carea' id='block_1_72' title="bbox 353 3839 1946 3915">
    <p class='ocr_par' dir='ltr' id='par_1_72' title="bbox 353 3839 1946 3915">
     <span class='ocr_line' id='line_1_72' title="bbox 353 3839 1946 3915; baseline -0.003 -17"><span class='ocrx_word' id='word_1_478' title='bbox 353 3841 628 3898; x_wconf 82' lang='grc' dir='ltr'>τίθεσθαι.</span> <span class='ocrx_word' id='word_1_479' title='bbox 683 3841 759 3895; x_wconf 82' lang='grc' dir='ltr'><strong>υῦ</strong></span> <span class='ocrx_word' id='word_1_480' title='bbox 826 3839 937 3914; x_wconf 83' lang='grc' dir='ltr'>γὰρ</span> <span class='ocrx_word' id='word_1_481' title='bbox 998 3841 1208 3915; x_wconf 81' lang='grc' dir='ltr'>πρέπον</span> <span class='ocrx_word' id='word_1_482' title='bbox 1249 3843 1308 3896; x_wconf 85' lang='grc' dir='ltr'><strong>ἐν</strong></span> <span class='ocrx_word' id='word_1_483' title='bbox 1348 3841 1428 3912; x_wconf 82' lang='grc' dir='ltr'>τῷ</span> <span class='ocrx_word' id='word_1_484' title='bbox 1495 3841 1716 3913; x_wconf 74' lang='grc' dir='ltr'>φανερῷ</span> <span class='ocrx_word' id='word_1_485' title='bbox 1778 3839 1946 3912; x_wconf 73' lang='grc' dir='ltr'>τιμὴν</span> 
     </span>
    </p>
   </div>
   <div class='ocr_carea' id='block_1_73' title="bbox 355 3933 1946 4008">
    <p class='ocr_par' dir='ltr' id='par_1_73' title="bbox 355 3933 1946 4008">
     <span class='ocr_line' id='line_1_73' title="bbox 355 3933 1946 4008; baseline -0.001 -18"><span class='ocrx_word' id='word_1_486' title='bbox 355 3936 461 4007; x_wconf 84' lang='grc' dir='ltr'>τῆς</span> <span class='ocrx_word' id='word_1_487' title='bbox 508 3934 824 4008; x_wconf 81' lang='grc' dir='ltr'>ἐλευθερίας</span> <span class='ocrx_word' id='word_1_488' title='bbox 851 3933 1087 3991; x_wconf 77' lang='grc' dir='ltr'>λαϐόντα</span> <span class='ocrx_word' id='word_1_489' title='bbox 1117 3933 1184 3988; x_wconf 79' lang='grc' dir='ltr'>δι’</span> <span class='ocrx_word' id='word_1_490' title='bbox 1213 3933 1483 4006; x_wconf 79' lang='grc' dir='ltr'>ὑπόληψιν</span> <span class='ocrx_word' id='word_1_491' title='bbox 1519 3935 1713 4006; x_wconf 79' lang='grc' dir='ltr'>ἄδηλον</span> <span class='ocrx_word' id='word_1_492' title='bbox 1744 3934 1946 4005; x_wconf 82' lang='grc' dir='ltr'>ἀτιμά-</span> 
     </span>
    </p>
   </div>
   <div class='ocr_carea' id='block_1_74' title="bbox 359 4027 1553 4102">
    <p class='ocr_par' dir='ltr' id='par_1_74' title="bbox 359 4027 1553 4102">
     <span class='ocr_line' id='line_1_74' title="bbox 359 4027 1553 4102; baseline 0.002 -19"><span class='ocrx_word' id='word_1_493' title='bbox 359 4029 554 4096; x_wconf 79' lang='grc' dir='ltr'>ζεσθαι</span> <span class='ocrx_word' id='word_1_494' title='bbox 586 4030 682 4084; x_wconf 72' lang='grc' dir='ltr'>καὶ</span> <span class='ocrx_word' id='word_1_495' title='bbox 705 4029 800 4084; x_wconf 77' lang='grc' dir='ltr'>τοῦ</span> <span class='ocrx_word' id='word_1_496' title='bbox 829 4028 1132 4090; x_wconf 84' lang='grc' dir='ltr'>διατιθέναι</span> <span class='ocrx_word' id='word_1_497' title='bbox 1161 4027 1553 4102; x_wconf 85' lang='grc' dir='ltr'>ἀπείργεσθαι.</span> 
     </span>
    </p>
   </div>
   <div class='ocr_carea' id='block_1_75' title="bbox 924 4211 1401 4267">
    <p class='ocr_par' dir='ltr' id='par_1_75' title="bbox 924 4211 1401 4267">
     <span class='ocr_line' id='line_1_75' title="bbox 924 4211 1401 4267; baseline 0.002 -2"><span class='ocrx_word' id='word_1_498' title='bbox 924 4211 1238 4267; x_wconf 81' lang='grc' dir='ltr'><strong>ΔΙΑΤΑΞΙΣ</strong></span> <span class='ocrx_word' id='word_1_499' title='bbox 1269 4211 1401 4266; x_wconf 80' lang='grc' dir='ltr'>ΑΠ’.</span> 
     </span>
    </p>
   </div>
   <div class='ocr_carea' id='block_1_76' title="bbox 1920 3277 3630 3363">
    <p class='ocr_par' dir='ltr' id='par_1_76' title="bbox 1920 3277 3630 3363">
     <span class='ocr_line' id='line_1_76' title="bbox 1920 3277 3630 3363; baseline -0.002 -29"><span class='ocrx_word' id='word_1_500' title='bbox 1920 3317 1936 3343; x_wconf 87' lang='grc'><strong>,</strong></span> <span class='ocrx_word' id='word_1_501' title='bbox 2043 3281 2232 3346; x_wconf 88' lang='lat' dir='ltr'><strong>licent,</strong></span> <span class='ocrx_word' id='word_1_502' title='bbox 2279 3280 2578 3351; x_wconf 85' lang='lat' dir='ltr'><strong>prohibere</strong></span> <span class='ocrx_word' id='word_1_503' title='bbox 2599 3280 2923 3363; x_wconf 36' lang='lat' dir='ltr'><strong>.oportebat,</strong></span> <span class='ocrx_word' id='word_1_504' title='bbox 2957 3279 3078 3350; x_wconf 89' lang='lat' dir='ltr'><strong>ipsa</strong></span> <span class='ocrx_word' id='word_1_505' title='bbox 3115 3293 3247 3334; x_wconf 84' lang='lat' dir='ltr'><strong>vero</strong></span> <span class='ocrx_word' id='word_1_506' title='bbox 3283 3277 3333 3331; x_wconf 92' lang='lat' dir='ltr'><strong>id</strong></span> <span class='ocrx_word' id='word_1_507' title='bbox 3365 3293 3473 3333; x_wconf 89' lang='lat' dir='ltr'><strong>non</strong></span> <span class='ocrx_word' id='word_1_508' title='bbox 3501 3293 3630 3348; x_wconf 82' lang='lat' dir='ltr'><strong>pro-</strong></span> 
     </span>
    </p>
   </div>
   <div class='ocr_carea' id='block_1_77' title="bbox 2045 3369 3628 3442">
    <p class='ocr_par' dir='ltr' id='par_1_77' title="bbox 2045 3369 3628 3442">
     <span class='ocr_line' id='line_1_77' title="bbox 2045 3369 3628 3442; baseline -0.001 -17"><span class='ocrx_word' id='word_1_509' title='bbox 2045 3371 2242 3432; x_wconf 85' lang='lat' dir='ltr'><strong>hibuit,</strong></span> <span class='ocrx_word' id='word_1_510' title='bbox 2269 3371 2361 3426; x_wconf 86' lang='lat' dir='ltr'><strong>sed</strong></span> <span class='ocrx_word' id='word_1_511' title='bbox 2381 3370 2606 3442; x_wconf 88' lang='lat' dir='ltr'><strong>dignum</strong></span> <span class='ocrx_word' id='word_1_512' title='bbox 2630 3371 2782 3424; x_wconf 86' lang='lat' dir='ltr'><strong>illum</strong></span> <span class='ocrx_word' id='word_1_513' title='bbox 2803 3371 2894 3440; x_wconf 91' lang='lat' dir='ltr'><strong>qui</strong></span> <span class='ocrx_word' id='word_1_514' title='bbox 2916 3370 3109 3425; x_wconf 76' lang='lat' dir='ltr'><strong>istliaec</strong></span> <span class='ocrx_word' id='word_1_515' title='bbox 3142 3369 3589 3441; x_wconf 84' lang='lat' dir='ltr'><strong>I&#39;aciatjudicavit</strong></span> <span class='ocrx_word' id='word_1_516' title='bbox 3615 3388 3628 3424; x_wconf 94' lang='lat'>:</span> 
     </span>
    </p>
   </div>
   <div class='ocr_carea' id='block_1_78' title="bbox 2045 3463 3633 3535">
    <p class='ocr_par' dir='ltr' id='par_1_78' title="bbox 2045 3463 3633 3535">
     <span class='ocr_line' id='line_1_78' title="bbox 2045 3463 3633 3535; baseline 0 -17"><span class='ocrx_word' id='word_1_517' title='bbox 2045 3480 2219 3535; x_wconf 89' lang='lat' dir='ltr'><strong>quare</strong></span> <span class='ocrx_word' id='word_1_518' title='bbox 2248 3465 2379 3519; x_wconf 90' lang='lat' dir='ltr'><strong>item</strong></span> <span class='ocrx_word' id='word_1_519' title='bbox 2420 3464 2543 3519; x_wconf 88' lang='lat' dir='ltr'><strong>istis</strong></span> <span class='ocrx_word' id='word_1_520' title='bbox 2577 3463 2895 3518; x_wconf 84' lang='lat' dir='ltr'><strong>actionibus</strong></span> <span class='ocrx_word' id='word_1_521' title='bbox 2935 3479 3057 3534; x_wconf 63' lang='lat' dir='ltr'><strong>qua:</strong></span> <span class='ocrx_word' id='word_1_522' title='bbox 3087 3463 3309 3534; x_wconf 87' lang='lat' dir='ltr'><strong>proprie</strong></span> <span class='ocrx_word' id='word_1_523' title='bbox 3362 3463 3633 3518; x_wconf 86' lang='lat' dir='ltr'><strong>libertatis</strong></span> 
     </span>
    </p>
   </div>
   <div class='ocr_carea' id='block_1_79' title="bbox 2045 3552 3634 3627">
    <p class='ocr_par' dir='ltr' id='par_1_79' title="bbox 2045 3552 3634 3627">
     <span class='ocr_line' id='line_1_79' title="bbox 2045 3552 3634 3627; baseline 0.001 -19"><span class='ocrx_word' id='word_1_524' title='bbox 2045 3554 2681 3627; x_wconf 82' lang='lat' dir='ltr'><strong>dignitati&#39;compeluut,</strong></span> <span class='ocrx_word' id='word_1_525' title='bbox 2717 3556 2871 3610; x_wconf 90' lang='lat' dir='ltr'><strong>illum</strong></span> <span class='ocrx_word' id='word_1_526' title='bbox 2923 3571 3032 3610; x_wconf 84' lang='lat' dir='ltr'><strong>non</strong></span> <span class='ocrx_word' id='word_1_527' title='bbox 3090 3555 3444 3627; x_wconf 80' lang='lat' dir='ltr'><strong>dignabitur?</strong></span> <span class='ocrx_word' id='word_1_528' title='bbox 3501 3552 3634 3610; x_wconf 85' lang='lat' dir='ltr'><strong>Esto</strong></span> 
     </span>
    </p>
   </div>
   <div class='ocr_carea' id='block_1_80' title="bbox 2045 3645 3636 3718">
    <p class='ocr_par' dir='ltr' id='par_1_80' title="bbox 2045 3645 3636 3718">
     <span class='ocr_line' id='line_1_80' title="bbox 2045 3645 3636 3718; baseline -0.003 -16"><span class='ocrx_word' id='word_1_529' title='bbox 2045 3646 2218 3718; x_wconf 79' lang='lat' dir='ltr'><strong>igitur</strong></span> <span class='ocrx_word' id='word_1_530' title='bbox 2249 3645 2503 3702; x_wconf 88' lang='lat' dir='ltr'><strong>libertate</strong></span> <span class='ocrx_word' id='word_1_531' title='bbox 2559 3647 2822 3711; x_wconf 85' lang='lat' dir='ltr'><strong>donatus,</strong></span> <span class='ocrx_word' id='word_1_532' title='bbox 2856 3661 3045 3701; x_wconf 84' lang='lat' dir='ltr'><strong>revera</strong></span> <span class='ocrx_word' id='word_1_533' title='bbox 3094 3645 3256 3709; x_wconf 87' lang='lat' dir='ltr'><strong>liber,</strong></span> <span class='ocrx_word' id='word_1_534' title='bbox 3297 3646 3636 3716; x_wconf 86' lang='lat' dir='ltr'><strong>statuitoque</strong></span> 
     </span>
    </p>
   </div>
   <div class='ocr_carea' id='block_1_81' title="bbox 2047 3740 3636 3812">
    <p class='ocr_par' dir='ltr' id='par_1_81' title="bbox 2047 3740 3636 3812">
     <span class='ocr_line' id='line_1_81' title="bbox 2047 3740 3636 3812; baseline -0.003 -16"><span class='ocrx_word' id='word_1_535' title='bbox 2047 3742 2116 3797; x_wconf 91' lang='lat' dir='ltr'><strong>de</strong></span> <span class='ocrx_word' id='word_1_536' title='bbox 2150 3741 2315 3797; x_wconf 88' lang='lat' dir='ltr'><strong>rebus</strong></span> <span class='ocrx_word' id='word_1_537' title='bbox 2350 3755 2490 3812; x_wconf 89' lang='lat' dir='ltr'><strong>quas</strong></span> <span class='ocrx_word' id='word_1_538' title='bbox 2522 3740 2600 3795; x_wconf 91' lang='lat' dir='ltr'><strong>illi</strong></span> <span class='ocrx_word' id='word_1_539' title='bbox 2628 3741 2890 3796; x_wconf 90' lang='lat' dir='ltr'><strong>dominus</strong></span> <span class='ocrx_word' id='word_1_540' title='bbox 2936 3741 3169 3796; x_wconf 86' lang='lat' dir='ltr'><strong>eximias</strong></span> <span class='ocrx_word' id='word_1_541' title='bbox 3202 3740 3374 3804; x_wconf 79' lang='lat' dir='ltr'><strong>dedit,</strong></span> <span class='ocrx_word' id='word_1_542' title='bbox 3406 3754 3636 3810; x_wconf 88' lang='lat' dir='ltr'><strong>quomo-</strong></span> 
     </span>
    </p>
   </div>
   <div class='ocr_carea' id='block_1_82' title="bbox 2050 3832 3638 3904">
    <p class='ocr_par' dir='ltr' id='par_1_82' title="bbox 2050 3832 3638 3904">
     <span class='ocr_line' id='line_1_82' title="bbox 2050 3832 3638 3904; baseline -0.001 -16"><span class='ocrx_word' id='word_1_543' title='bbox 2050 3836 2347 3903; x_wconf 85' lang='lat' dir='ltr'><strong>docunque</strong></span> <span class='ocrx_word' id='word_1_544' title='bbox 2406 3835 2586 3896; x_wconf 82' lang='lat' dir='ltr'><strong>visum</strong></span> <span class='ocrx_word' id='word_1_545' title='bbox 2635 3835 2728 3891; x_wconf 89' lang='lat' dir='ltr'><strong>sit.</strong></span> <span class='ocrx_word' id='word_1_546' title='bbox 2775 3832 2896 3889; x_wconf 82' lang='lat' dir='ltr'><strong>Non</strong></span> <span class='ocrx_word' id='word_1_547' title='bbox 2936 3836 3095 3890; x_wconf 86' lang='lat' dir='ltr'><strong>decet</strong></span> <span class='ocrx_word' id='word_1_548' title='bbox 3134 3835 3310 3900; x_wconf 89' lang='lat' dir='ltr'><strong>enim,</strong></span> <span class='ocrx_word' id='word_1_549' title='bbox 3349 3842 3408 3888; x_wconf 89' lang='lat' dir='ltr'><strong>ut</strong></span> <span class='ocrx_word' id='word_1_550' title='bbox 3439 3835 3534 3904; x_wconf 90' lang='lat' dir='ltr'><strong>qui</strong></span> <span class='ocrx_word' id='word_1_551' title='bbox 3567 3834 3638 3889; x_wconf 54' lang='lat' dir='ltr'><strong>lic</strong></span> 
     </span>
    </p>
   </div>
   <div class='ocr_carea' id='block_1_83' title="bbox 2054 3925 3639 4000">
    <p class='ocr_par' dir='ltr' id='par_1_83' title="bbox 2054 3925 3639 4000">
     <span class='ocr_line' id='line_1_83' title="bbox 2054 3925 3639 4000; baseline -0.002 -18"><span class='ocrx_word' id='word_1_552' title='bbox 2054 3929 2282 3984; x_wconf 80' lang='lat' dir='ltr'><strong>liertatis</strong></span> <span class='ocrx_word' id='word_1_553' title='bbox 2342 3928 2663 4000; x_wconf 83' lang='lat' dir='ltr'><strong>dignitatem</strong></span> <span class='ocrx_word' id='word_1_554' title='bbox 2702 3927 2996 3982; x_wconf 78' lang='lat' dir='ltr'><strong>manifeste</strong></span> <span class='ocrx_word' id='word_1_555' title='bbox 3040 3927 3276 3997; x_wconf 81' lang='lat' dir='ltr'><strong>acoepit,</strong></span> <span class='ocrx_word' id='word_1_556' title='bbox 3307 3927 3379 3981; x_wconf 91' lang='lat' dir='ltr'><strong>ob</strong></span> <span class='ocrx_word' id='word_1_557' title='bbox 3410 3925 3523 3998; x_wconf 61' lang='lat'><strong>(74)</strong></span> <span class='ocrx_word' id='word_1_558' title='bbox 3553 3925 3639 3980; x_wconf 84' lang='lat' dir='ltr'><strong>in-</strong></span> 
     </span>
    </p>
   </div>
   <div class='ocr_carea' id='block_1_84' title="bbox 2052 4019 3638 4092">
    <p class='ocr_par' dir='ltr' id='par_1_84' title="bbox 2052 4019 3638 4092">
     <span class='ocr_line' id='line_1_84' title="bbox 2052 4019 3638 4092; baseline -0.001 -16"><span class='ocrx_word' id='word_1_559' title='bbox 2052 4031 2259 4076; x_wconf 81' lang='lat' dir='ltr'><strong>certam</strong></span> <span class='ocrx_word' id='word_1_560' title='bbox 2311 4021 2688 4092; x_wconf 75' lang='lat' dir='ltr'><strong>suspicionem</strong></span> <span class='ocrx_word' id='word_1_561' title='bbox 2737 4021 3038 4092; x_wconf 81' lang='lat' dir='ltr'><strong>ignominia</strong></span> <span class='ocrx_word' id='word_1_562' title='bbox 3070 4019 3360 4087; x_wconf 88' lang='lat' dir='ltr'><strong>alliciatur,</strong></span> <span class='ocrx_word' id='word_1_563' title='bbox 3416 4028 3638 4090; x_wconf 87' lang='lat' dir='ltr'><strong>atquea</strong></span> 
     </span>
    </p>
   </div>
   <div class='ocr_carea' id='block_1_85' title="bbox 2053 4113 2616 4171">
    <p class='ocr_par' dir='ltr' id='par_1_85' title="bbox 2053 4113 2616 4171">
     <span class='ocr_line' id='line_1_85' title="bbox 2053 4113 2616 4171; baseline -0.004 -2"><span class='ocrx_word' id='word_1_564' title='bbox 2053 4113 2308 4171; x_wconf 87' lang='lat' dir='ltr'><strong>testando</strong></span> <span class='ocrx_word' id='word_1_565' title='bbox 2341 4124 2616 4168; x_wconf 78' lang='lat' dir='ltr'><strong>arceatur.</strong></span> 
     </span>
    </p>
   </div>
   <div class='ocr_carea' id='block_1_86' title="bbox 2445 4205 3243 4264">
    <p class='ocr_par' dir='ltr' id='par_1_86' title="bbox 2445 4205 3243 4264">
     <span class='ocr_line' id='line_1_86' title="bbox 2445 4205 3243 4264; baseline 0.003 -2"><span class='ocrx_word' id='word_1_566' title='bbox 2445 4205 2922 4264; x_wconf 71' lang='lat' dir='ltr'><strong>CONS&#39;I&#39;I&#39;I‘UTIO</strong></span> <span class='ocrx_word' id='word_1_567' title='bbox 2947 4206 3243 4264; x_wconf 77' lang='lat' dir='ltr'><strong>XXXVIII.</strong></span> 
     </span>
    </p>
   </div>
   <div class='ocr_carea' id='block_1_87' title="bbox 364 4301 1924 4378">
    <p class='ocr_par' dir='ltr' id='par_1_87' title="bbox 364 4303 1924 4378">
     <span class='ocr_line' id='line_1_87' title="bbox 364 4303 1924 4378; baseline -0.002 -15"><span class='ocrx_word' id='word_1_568' title='bbox 364 4308 506 4378; x_wconf 74' lang='grc' dir='ltr'>Περὶ</span> <span class='ocrx_word' id='word_1_569' title='bbox 539 4306 648 4378; x_wconf 69' lang='grc' dir='ltr'>τοῦ</span> <span class='ocrx_word' id='word_1_570' title='bbox 673 4308 813 4372; x_wconf 83' lang='grc' dir='ltr'>τοὺς</span> <span class='ocrx_word' id='word_1_571' title='bbox 839 4303 1398 4378; x_wconf 14' lang='grc' dir='ltr'>,βασιλέωςίοίκέτςις</span> <span class='ocrx_word' id='word_1_572' title='bbox 1416 4305 1550 4374; x_wconf 78' lang='grc' dir='ltr'>περὶ</span> <span class='ocrx_word' id='word_1_573' title='bbox 1574 4303 1691 4360; x_wconf 86' lang='grc' dir='ltr'><strong>τῶν</strong></span> <span class='ocrx_word' id='word_1_574' title='bbox 1717 4307 1924 4361; x_wconf 61' lang='grc' dir='ltr'>οἱκείωι</span> 
     </span>
    </p>
   </div>
   <div class='ocr_carea' id='block_1_88' title="bbox 2030 4301 3640 4378">
    <p class='ocr_par' dir='ltr' id='par_1_88' title="bbox 2060 4301 3640 4378">
     <span class='ocr_line' id='line_1_88' title="bbox 2060 4301 3640 4378; baseline 0 -21"><span class='ocrx_word' id='word_1_575' title='bbox 2060 4301 2130 4357; x_wconf 82' lang='lat' dir='ltr'><strong>Ut</strong></span> <span class='ocrx_word' id='word_1_576' title='bbox 2175 4303 2511 4372; x_wconf 80' lang='lat' dir='ltr'><strong>imperatoris</strong></span> <span class='ocrx_word' id='word_1_577' title='bbox 2541 4304 2658 4378; x_wconf 68' lang='grc' dir='ltr'><strong>Δ(75)</strong></span> <span class='ocrx_word' id='word_1_578' title='bbox 2716 4304 2851 4358; x_wconf 80' lang='lat' dir='ltr'><strong>servi</strong></span> <span class='ocrx_word' id='word_1_579' title='bbox 2899 4303 2962 4358; x_wconf 87' lang='lat' dir='ltr'><strong>de</strong></span> <span class='ocrx_word' id='word_1_580' title='bbox 3009 4305 3161 4378; x_wconf 77' lang='lat' dir='ltr'><strong>rebus</strong></span> <span class='ocrx_word' id='word_1_581' title='bbox 3212 4304 3322 4358; x_wconf 81' lang='lat' dir='ltr'><strong>suis</strong></span> <span class='ocrx_word' id='word_1_582' title='bbox 3379 4304 3640 4374; x_wconf 85' lang='lat' dir='ltr'><strong>quomodo</strong></span> 
     </span>
    </p>
   </div>
   <div class='ocr_carea' id='block_1_89' title="bbox 435 4374 1955 4449">
    <p class='ocr_par' dir='ltr' id='par_1_89' title="bbox 435 4374 1955 4449">
     <span class='ocr_line' id='line_1_89' title="bbox 435 4374 1955 4449; baseline 0 -17"><span class='ocrx_word' id='word_1_583' title='bbox 435 4374 619 4446; x_wconf 81' lang='grc' dir='ltr'><strong>ὧςᾶν</strong></span> <span class='ocrx_word' id='word_1_584' title='bbox 643 4379 992 4444; x_wconf 75' lang='grc' dir='ltr'>,ϐούλωνται</span> <span class='ocrx_word' id='word_1_585' title='bbox 1027 4377 1261 4449; x_wconf 80' lang='grc' dir='ltr'>ὁρίζειν,</span> <span class='ocrx_word' id='word_1_586' title='bbox 1307 4374 1529 4444; x_wconf 81' lang='grc' dir='ltr'>ζῶντάς</span> <span class='ocrx_word' id='word_1_587' title='bbox 1578 4395 1642 4433; x_wconf 80' lang='grc' dir='ltr'><strong>τε</strong></span> <span class='ocrx_word' id='word_1_588' title='bbox 1690 4378 1791 4433; x_wconf 77' lang='grc' dir='ltr'>καί</span> <span class='ocrx_word' id='word_1_589' title='bbox 1845 4379 1955 4432; x_wconf 77' lang='grc' dir='ltr'><strong>τὸν</strong></span> 
     </span>
    </p>
   </div>
   <div class='ocr_carea' id='block_1_90' title="bbox 431 4451 1044 4516">
    <p class='ocr_par' dir='ltr' id='par_1_90' title="bbox 431 4451 1044 4516">
     <span class='ocr_line' id='line_1_90' title="bbox 431 4451 1044 4516; baseline -0.002 -11"><span class='ocrx_word' id='word_1_590' title='bbox 431 4452 579 4515; x_wconf 79' lang='grc' dir='ltr'>,βίον</span> <span class='ocrx_word' id='word_1_591' title='bbox 605 4451 1044 4516; x_wconf 65' lang='grc' dir='ltr'>καταλύοντας.</span> 
     </span>
    </p>
   </div>
   <div class='ocr_carea' id='block_1_91' title="bbox 452 4544 1635 4618">
    <p class='ocr_par' dir='ltr' id='par_1_91' title="bbox 452 4544 1635 4618">
     <span class='ocr_line' id='line_1_91' title="bbox 452 4544 1635 4618; baseline -0.002 -19"><span class='ocrx_word' id='word_1_592' title='bbox 452 4547 513 4599; x_wconf 84' lang='grc' dir='ltr'>ὐ</span> <span class='ocrx_word' id='word_1_593' title='bbox 541 4545 703 4609; x_wconf 70' lang='grc' dir='ltr'>αὐτὸς</span> <span class='ocrx_word' id='word_1_594' title='bbox 741 4544 998 4616; x_wconf 80' lang='grc' dir='ltr'>βασιλεὺς</span> <span class='ocrx_word' id='word_1_595' title='bbox 1052 4545 1327 4618; x_wconf 85' lang='grc' dir='ltr'>Στυλιανῷ</span> <span class='ocrx_word' id='word_1_596' title='bbox 1355 4545 1434 4617; x_wconf 82' lang='grc' dir='ltr'>τῷ</span> <span class='ocrx_word' id='word_1_597' title='bbox 1465 4544 1635 4617; x_wconf 80' lang='grc' dir='ltr'>αὐτῷ.</span> 
     </span>
    </p>
   </div>
   <div class='ocr_carea' id='block_1_92' title="bbox 455 4634 1958 4710">
    <p class='ocr_par' dir='ltr' id='par_1_92' title="bbox 455 4634 1958 4710">
     <span class='ocr_line' id='line_1_92' title="bbox 455 4634 1958 4710; baseline -0.003 -16"><span class='ocrx_word' id='word_1_598' title='bbox 455 4639 610 4710; x_wconf 78' lang='grc' dir='ltr'>Ἐμοὶ</span> <span class='ocrx_word' id='word_1_599' title='bbox 634 4640 785 4693; x_wconf 86' lang='grc' dir='ltr'>δοκεῖ</span> <span class='ocrx_word' id='word_1_600' title='bbox 810 4642 905 4693; x_wconf 74' lang='grc' dir='ltr'>καὶ</span> <span class='ocrx_word' id='word_1_601' title='bbox 927 4638 1088 4693; x_wconf 73' lang='grc' dir='ltr'>τοῦτο</span> <span class='ocrx_word' id='word_1_602' title='bbox 1112 4639 1399 4705; x_wconf 81' lang='grc' dir='ltr'>πλεονεξία</span> <span class='ocrx_word' id='word_1_603' title='bbox 1419 4656 1503 4703; x_wconf 87' lang='grc' dir='ltr'><strong>τις</strong></span> <span class='ocrx_word' id='word_1_604' title='bbox 1529 4634 1690 4704; x_wconf 78' lang='grc' dir='ltr'>εἶναι,</span> <span class='ocrx_word' id='word_1_605' title='bbox 1722 4637 1770 4690; x_wconf 87' lang='grc' dir='ltr'>εἰ</span> <span class='ocrx_word' id='word_1_606' title='bbox 1789 4635 1884 4690; x_wconf 74' lang='grc' dir='ltr'>καὶ</span> <span class='ocrx_word' id='word_1_607' title='bbox 1896 4638 1958 4689; x_wconf 75' lang='grc' dir='ltr'>τὸ</span> 
     </span>
    </p>
   </div>
   <div class='ocr_carea' id='block_1_93' title="bbox 362 4727 1958 4806">
    <p class='ocr_par' dir='ltr' id='par_1_93' title="bbox 362 4727 1958 4806">
     <span class='ocr_line' id='line_1_93' title="bbox 362 4727 1958 4806; baseline -0.005 -17"><span class='ocrx_word' id='word_1_608' title='bbox 362 4736 609 4806; x_wconf 78' lang='grc' dir='ltr'>πρᾶγμα</span> <span class='ocrx_word' id='word_1_609' title='bbox 643 4727 831 4806; x_wconf 83' lang='grc' dir='ltr'>σχῆμα</span> <span class='ocrx_word' id='word_1_610' title='bbox 882 4735 1248 4805; x_wconf 81' lang='grc' dir='ltr'>εὐπρόσωπον</span> <span class='ocrx_word' id='word_1_611' title='bbox 1276 4732 1568 4787; x_wconf 83' lang='grc' dir='ltr'>ὑποδύεται</span> <span class='ocrx_word' id='word_1_612' title='bbox 1611 4731 1713 4801; x_wconf 79' lang='grc' dir='ltr'>τὴν</span> <span class='ocrx_word' id='word_1_613' title='bbox 1749 4731 1814 4784; x_wconf 91' lang='grc' dir='ltr'><strong>ἐκ</strong></span> <span class='ocrx_word' id='word_1_614' title='bbox 1861 4727 1958 4782; x_wconf 82' lang='grc' dir='ltr'><strong>τοῦ</strong></span> 
     </span>
    </p>
   </div>
   <div class='ocr_carea' id='block_1_94' title="bbox 371 4825 1958 4901">
    <p class='ocr_par' dir='ltr' id='par_1_94' title="bbox 371 4825 1958 4901">
     <span class='ocr_line' id='line_1_94' title="bbox 371 4825 1958 4901; baseline -0.004 -19"><span class='ocrx_word' id='word_1_615' title='bbox 371 4831 543 4901; x_wconf 79' lang='grc' dir='ltr'>νόμου</span> <span class='ocrx_word' id='word_1_616' title='bbox 577 4829 848 4896; x_wconf 82' lang='grc' dir='ltr'>διάταξιν,</span> <span class='ocrx_word' id='word_1_617' title='bbox 881 4830 1026 4898; x_wconf 89' lang='grc' dir='ltr'>λέγω</span> <span class='ocrx_word' id='word_1_618' title='bbox 1054 4829 1117 4899; x_wconf 82' lang='grc' dir='ltr'>δὴ</span> <span class='ocrx_word' id='word_1_619' title='bbox 1151 4828 1212 4882; x_wconf 79' lang='grc' dir='ltr'>τὸ</span> <span class='ocrx_word' id='word_1_620' title='bbox 1259 4826 1333 4899; x_wconf 81' lang='grc' dir='ltr'>μὴ</span> <span class='ocrx_word' id='word_1_621' title='bbox 1364 4828 1479 4890; x_wconf 82' lang='grc' dir='ltr'>τοῖς</span> <span class='ocrx_word' id='word_1_622' title='bbox 1515 4825 1760 4889; x_wconf 78' lang='grc' dir='ltr'>οἰκέταις</span> <span class='ocrx_word' id='word_1_623' title='bbox 1779 4840 1958 4894; x_wconf 84' lang='grc' dir='ltr'>παρα-</span> 
     </span>
    </p>
   </div>
   <div class='ocr_carea' id='block_1_95' title="bbox 373 4915 1958 4996">
    <p class='ocr_par' dir='ltr' id='par_1_95' title="bbox 373 4915 1958 4996">
     <span class='ocr_line' id='line_1_95' title="bbox 373 4915 1958 4996; baseline -0.007 -18"><span class='ocrx_word' id='word_1_624' title='bbox 373 4924 578 4996; x_wconf 86' lang='grc' dir='ltr'>χωρεῖν</span> <span class='ocrx_word' id='word_1_625' title='bbox 608 4922 739 4996; x_wconf 79' lang='grc' dir='ltr'>περὶ</span> <span class='ocrx_word' id='word_1_626' title='bbox 793 4921 902 4976; x_wconf 84' lang='grc' dir='ltr'><strong>τῶν</strong></span> <span class='ocrx_word' id='word_1_627' title='bbox 935 4921 1153 4976; x_wconf 74' lang='grc' dir='ltr'>οἰκείων</span> <span class='ocrx_word' id='word_1_628' title='bbox 1212 4919 1556 4992; x_wconf 84' lang='grc' dir='ltr'>πραγμάτων</span> <span class='ocrx_word' id='word_1_629' title='bbox 1596 4915 1958 4980; x_wconf 87' lang='grc' dir='ltr'>διατίθεσθαι,</span> 
     </span>
    </p>
   </div>
   <div class='ocr_carea' id='block_1_96' title="bbox 2473 4374 3197 4446">
    <p class='ocr_par' dir='ltr' id='par_1_96' title="bbox 2473 4374 3197 4446">
     <span class='ocr_line' id='line_1_96' title="bbox 2473 4374 3197 4446; baseline 0 -17"><span class='ocrx_word' id='word_1_630' title='bbox 2473 4374 2629 4429; x_wconf 66' lang='lat' dir='ltr'><strong>velint</strong></span> <span class='ocrx_word' id='word_1_631' title='bbox 2646 4417 2661 4442; x_wconf 91' lang='lat'><strong>,</strong></span> <span class='ocrx_word' id='word_1_632' title='bbox 2687 4385 2923 4429; x_wconf 83' lang='lat' dir='ltr'><strong>statuere</strong></span> <span class='ocrx_word' id='word_1_633' title='bbox 2971 4377 3197 4446; x_wconf 81' lang='lat' dir='ltr'><strong>possint.</strong></span> 
     </span>
    </p>
   </div>
   <div class='ocr_carea' id='block_1_97' title="bbox 1988 4520 3129 4605">
    <p class='ocr_par' dir='ltr' id='par_1_97' title="bbox 1988 4520 3129 4605">
     <span class='ocr_line' id='line_1_97' title="bbox 1988 4520 3129 4605; baseline 0 -16"><span class='ocrx_word' id='word_1_634' title='bbox 1988 4520 2033 4577; x_wconf 73' lang='grc' dir='ltr'><strong>ι)</strong></span> <span class='ocrx_word' id='word_1_635' title='bbox 2130 4534 2278 4590; x_wconf 89' lang='lat' dir='ltr'><strong>Idem</strong></span> <span class='ocrx_word' id='word_1_636' title='bbox 2319 4533 2618 4605; x_wconf 88' lang='lat' dir='ltr'><strong>imperator</strong></span> <span class='ocrx_word' id='word_1_637' title='bbox 2656 4534 2832 4590; x_wconf 90' lang='lat' dir='ltr'><strong>eidem</strong></span> <span class='ocrx_word' id='word_1_638' title='bbox 2856 4533 3129 4604; x_wconf 86' lang='lat' dir='ltr'><strong>Styliano.</strong></span> 
     </span>
    </p>
   </div>
   <div class='ocr_carea' id='block_1_98' title="bbox 2132 4627 3646 4699">
    <p class='ocr_par' dir='ltr' id='par_1_98' title="bbox 2132 4627 3646 4699">
     <span class='ocr_line' id='line_1_98' title="bbox 2132 4627 3646 4699; baseline -0.001 -16"><span class='ocrx_word' id='word_1_639' title='bbox 2132 4631 2248 4686; x_wconf 82' lang='lat' dir='ltr'><strong>Hoc</strong></span> <span class='ocrx_word' id='word_1_640' title='bbox 2277 4643 2515 4699; x_wconf 85' lang='lat' dir='ltr'><strong>quoque,</strong></span> <span class='ocrx_word' id='word_1_641' title='bbox 2556 4643 2868 4698; x_wconf 88' lang='lat' dir='ltr'><strong>quanquam</strong></span> <span class='ocrx_word' id='word_1_642' title='bbox 2904 4627 3248 4697; x_wconf 85' lang='lat' dir='ltr'><strong>plausibilem</strong></span> <span class='ocrx_word' id='word_1_643' title='bbox 3276 4642 3387 4697; x_wconf 69' lang='lat' dir='ltr'><strong>prae</strong></span> <span class='ocrx_word' id='word_1_644' title='bbox 3421 4634 3482 4683; x_wconf 88' lang='lat' dir='ltr'><strong>se</strong></span> <span class='ocrx_word' id='word_1_645' title='bbox 3518 4643 3646 4698; x_wconf 88' lang='lat' dir='ltr'><strong>spe-</strong></span> 
     </span>
    </p>
   </div>
   <div class='ocr_carea' id='block_1_99' title="bbox 2061 4719 3646 4796">
    <p class='ocr_par' dir='ltr' id='par_1_99' title="bbox 2061 4719 3646 4796">
     <span class='ocr_line' id='line_1_99' title="bbox 2061 4719 3646 4796; baseline -0.004 -16"><span class='ocrx_word' id='word_1_646' title='bbox 2061 4725 2202 4780; x_wconf 91' lang='lat' dir='ltr'><strong>ciem</strong></span> <span class='ocrx_word' id='word_1_647' title='bbox 2234 4724 2485 4796; x_wconf 77' lang='lat' dir='ltr'><strong>(legalem</strong></span> <span class='ocrx_word' id='word_1_648' title='bbox 2541 4737 2738 4792; x_wconf 85' lang='lat' dir='ltr'><strong>nempe</strong></span> <span class='ocrx_word' id='word_1_649' title='bbox 2780 4720 3209 4791; x_wconf 86' lang='lat' dir='ltr'><strong>ordinationem)</strong></span> <span class='ocrx_word' id='word_1_650' title='bbox 3247 4719 3406 4786; x_wconf 86' lang='lat' dir='ltr'><strong>lerat,</strong></span> <span class='ocrx_word' id='word_1_651' title='bbox 3474 4719 3646 4791; x_wconf 68' lang='lat' dir='ltr'><strong>tequi-</strong></span> 
     </span>
    </p>
   </div>
   <div class='ocr_carea' id='block_1_100' title="bbox 2063 4813 3646 4881">
    <p class='ocr_par' dir='ltr' id='par_1_100' title="bbox 2063 4813 3646 4881">
     <span class='ocr_line' id='line_1_100' title="bbox 2063 4813 3646 4881; baseline -0.004 -8"><span class='ocrx_word' id='word_1_652' title='bbox 2063 4828 2230 4874; x_wconf 87' lang='lat' dir='ltr'><strong>tatem</strong></span> <span class='ocrx_word' id='word_1_653' title='bbox 2271 4817 2402 4872; x_wconf 91' lang='lat' dir='ltr'><strong>mihi</strong></span> <span class='ocrx_word' id='word_1_654' title='bbox 2440 4825 2621 4871; x_wconf 89' lang='lat' dir='ltr'><strong>tamen</strong></span> <span class='ocrx_word' id='word_1_655' title='bbox 2675 4814 2946 4870; x_wconf 83' lang='lat' dir='ltr'><strong>excedere</strong></span> <span class='ocrx_word' id='word_1_656' title='bbox 3002 4813 3253 4881; x_wconf 89' lang='lat' dir='ltr'><strong>videtur;</strong></span> <span class='ocrx_word' id='word_1_657' title='bbox 3295 4813 3419 4869; x_wconf 83' lang='lat' dir='ltr'><strong>dico</strong></span> <span class='ocrx_word' id='word_1_658' title='bbox 3441 4823 3646 4878; x_wconf 86' lang='lat' dir='ltr'><strong>autem,</strong></span> 
     </span>
    </p>
   </div>
   <div class='ocr_carea' id='block_1_101' title="bbox 2062 4908 3647 4985">
    <p class='ocr_par' dir='ltr' id='par_1_101' title="bbox 2062 4908 3647 4985">
     <span class='ocr_line' id='line_1_101' title="bbox 2062 4908 3647 4985; baseline -0.004 -16"><span class='ocrx_word' id='word_1_659' title='bbox 2062 4915 2208 4985; x_wconf 90' lang='lat' dir='ltr'><strong>quod</strong></span> <span class='ocrx_word' id='word_1_660' title='bbox 2236 4913 2414 4969; x_wconf 85' lang='lat' dir='ltr'><strong>servis</strong></span> <span class='ocrx_word' id='word_1_661' title='bbox 2442 4911 2510 4967; x_wconf 89' lang='lat' dir='ltr'><strong>de</strong></span> <span class='ocrx_word' id='word_1_662' title='bbox 2541 4911 2704 4967; x_wconf 90' lang='lat' dir='ltr'><strong>rebus</strong></span> <span class='ocrx_word' id='word_1_663' title='bbox 2729 4911 2848 4966; x_wconf 85' lang='lat' dir='ltr'><strong>suis</strong></span> <span class='ocrx_word' id='word_1_664' title='bbox 2874 4917 3117 4966; x_wconf 88' lang='lat' dir='ltr'><strong>statuere</strong></span> <span class='ocrx_word' id='word_1_665' title='bbox 3145 4924 3253 4965; x_wconf 89' lang='lat' dir='ltr'><strong>non</strong></span> <span class='ocrx_word' id='word_1_666' title='bbox 3277 4908 3647 4980; x_wconf 82' lang='lat' dir='ltr'><strong>permittitur;</strong></span> 
     </span>
    </p>
   </div>
   <div class='ocr_carea' id='block_1_102' title="bbox 1665 5049 2350 5117">
    <p class='ocr_par' dir='ltr' id='par_1_102' title="bbox 1665 5049 2350 5117">
     <span class='ocr_line' id='line_1_102' title="bbox 1665 5049 2350 5117; baseline 0 -10"><span class='ocrx_word' id='word_1_667' title='bbox 1665 5052 1902 5117; x_wconf 60' lang='lat' dir='ltr'><strong>VARIA‘J</strong></span> <span class='ocrx_word' id='word_1_668' title='bbox 1938 5049 2350 5107; x_wconf 80' lang='lat' dir='ltr'><strong>LECTIONES.</strong></span> 
     </span>
    </p>
   </div>
   <div class='ocr_carea' id='block_1_103' title="bbox 373 5226 1104 5298">
    <p class='ocr_par' dir='ltr' id='par_1_103' title="bbox 373 5226 1104 5298">
     <span class='ocr_line' id='line_1_103' title="bbox 373 5226 1104 5298; baseline -0.011 -9"><span class='ocrx_word' id='word_1_669' title='bbox 373 5239 530 5289; x_wconf 86' lang='lat' dir='ltr'><strong>runt.</strong></span> <span class='ocrx_word' id='word_1_670' title='bbox 605 5226 652 5262; x_wconf 74' lang='lat'>&quot;</span> <span class='ocrx_word' id='word_1_671' title='bbox 679 5226 853 5283; x_wconf 84' lang='lat' dir='ltr'><strong>Codd.</strong></span> <span class='ocrx_word' id='word_1_672' title='bbox 878 5227 1104 5298; x_wconf 85' lang='grc' dir='ltr'>κρίνειν.</span> 
     </span>
    </p>
   </div>
   <div class='ocr_carea' id='block_1_104' title="bbox 428 5139 3652 5262">
    <p class='ocr_par' dir='ltr' id='par_1_104' title="bbox 428 5139 3652 5262">
     <span class='ocr_line' id='line_1_104' title="bbox 428 5139 3652 5226; baseline 0.002 -34"><span class='ocrx_word' id='word_1_673' title='bbox 428 5160 475 5192; x_wconf 80' lang='lat' dir='ltr'><strong>u</strong></span> <span class='ocrx_word' id='word_1_674' title='bbox 507 5157 599 5213; x_wconf 69' lang='grc' dir='ltr'>διε</span> <span class='ocrx_word' id='word_1_675' title='bbox 639 5157 696 5212; x_wconf 71' lang='grc' dir='ltr'>ιι,</span> <span class='ocrx_word' id='word_1_676' title='bbox 739 5163 794 5212; x_wconf 70' lang='grc' dir='ltr'><strong>ει</strong></span> <span class='ocrx_word' id='word_1_677' title='bbox 819 5153 998 5226; x_wconf 79' lang='lat' dir='ltr'><strong>Agyl.,</strong></span> <span class='ocrx_word' id='word_1_678' title='bbox 1033 5169 1136 5225; x_wconf 89' lang='lat' dir='ltr'><strong>sup</strong></span> <span class='ocrx_word' id='word_1_679' title='bbox 1177 5152 1309 5216; x_wconf 91' lang='lat' dir='ltr'><strong>lent,</strong></span> <span class='ocrx_word' id='word_1_680' title='bbox 1338 5151 1372 5214; x_wconf 82' lang='grc' dir='ltr'>ἡ</span> <span class='ocrx_word' id='word_1_681' title='bbox 1405 5150 1610 5221; x_wconf 79' lang='grc' dir='ltr'>μήτηρ.</span> <span class='ocrx_word' id='word_1_682' title='bbox 1658 5147 1702 5178; x_wconf 71' lang='grc' dir='ltr'>’ί</span> <span class='ocrx_word' id='word_1_683' title='bbox 1733 5144 1848 5202; x_wconf 83' lang='lat' dir='ltr'><strong>Ecl.</strong></span> <span class='ocrx_word' id='word_1_684' title='bbox 1884 5143 2261 5214; x_wconf 80' lang='grc' dir='ltr'>ἐντυχηκότος.</span> <span class='ocrx_word' id='word_1_685' title='bbox 2301 5143 2365 5174; x_wconf 62' lang='grc'><strong>’⁹¹</strong></span> <span class='ocrx_word' id='word_1_686' title='bbox 2399 5139 2574 5226; x_wconf 57' lang='lat' dir='ltr'><strong>Vprba</strong></span> <span class='ocrx_word' id='word_1_687' title='bbox 2593 5142 2643 5195; x_wconf 86' lang='grc' dir='ltr'><strong>τί</strong></span> <span class='ocrx_word' id='word_1_688' title='bbox 2670 5141 2767 5211; x_wconf 80' lang='grc' dir='ltr'>τὴν</span> <span class='ocrx_word' id='word_1_689' title='bbox 2800 5140 2981 5223; x_wconf 72' lang='grc' dir='ltr'>ἐλευθ.</span> <span class='ocrx_word' id='word_1_690' title='bbox 3009 5140 3150 5212; x_wconf 85' lang='lat' dir='ltr'><strong>apud</strong></span> <span class='ocrx_word' id='word_1_691' title='bbox 3184 5139 3413 5225; x_wconf 76' lang='lat' dir='ltr'><strong>Scrimg.</strong></span> <span class='ocrx_word' id='word_1_692' title='bbox 3436 5142 3652 5198; x_wconf 80' lang='lat' dir='ltr'><strong>excide-</strong></span> 
     </span>
     <span class='ocr_line' id='line_1_105' title="bbox 429 5169 3508 5262; baseline 0 0"><span class='ocrx_word' id='word_1_693' title='bbox 429 5239 503 5262; x_wconf 78' lang='grc' dir='ltr'>...ι</span> <span class='ocrx_word' id='word_1_694' title='bbox 604 5172 652 5262; x_wconf 53' lang='lat' dir='ltr'><strong>re</strong></span> <span class='ocrx_word' id='word_1_695' title='bbox 679 5226 830 5262; x_wconf 72' lang='lat' dir='ltr'><strong>nmm</strong></span> <span class='ocrx_word' id='word_1_696' title='bbox 878 5227 1083 5262; x_wconf 70' lang='grc' dir='ltr'>νηιυειυ</span> <span class='ocrx_word' id='word_1_697' title='bbox 1135 5169 1268 5262; x_wconf 58' lang='grc' dir='ltr'><strong>ευριπ</strong></span> <span class='ocrx_word' id='word_1_698' title='bbox 1292 5241 1304 5253; x_wconf 78' lang='grc' dir='ltr'><strong><em>ο</em></strong></span> <span class='ocrx_word' id='word_1_699' title='bbox 1331 5221 1556 5262; x_wconf 62' lang='lat' dir='ltr'><strong>unitum)-</strong></span> <span class='ocrx_word' id='word_1_700' title='bbox 1580 5218 1681 5262; x_wconf 82' lang='lat' dir='ltr'><strong>Alii</strong></span> <span class='ocrx_word' id='word_1_701' title='bbox 1699 5216 1874 5262; x_wconf 69' lang='lat' dir='ltr'><strong>amittat</strong></span> <span class='ocrx_word' id='word_1_702' title='bbox 1903 5217 1986 5262; x_wconf 74' lang='lat' dir='ltr'><strong>vel</strong></span> <span class='ocrx_word' id='word_1_703' title='bbox 2012 5216 2216 5262; x_wconf 73' lang='grc' dir='ltr'>ἔκρινε.</span> <span class='ocrx_word' id='word_1_704' title='bbox 2267 5213 2313 5248; x_wconf 64' lang='grc'><strong>⁸⁸</strong></span> <span class='ocrx_word' id='word_1_705' title='bbox 2348 5212 2538 5262; x_wconf 80' lang='lat' dir='ltr'><strong>Zumli.</strong></span> <span class='ocrx_word' id='word_1_706' title='bbox 2574 5224 2627 5262; x_wconf 84' lang='lat' dir='ltr'><strong>et</strong></span> <span class='ocrx_word' id='word_1_707' title='bbox 2660 5212 2880 5262; x_wconf 73' lang='lat' dir='ltr'><strong>Mearm.</strong></span> <span class='ocrx_word' id='word_1_708' title='bbox 2902 5229 3091 5262; x_wconf 66' lang='grc' dir='ltr'>κυροῖ.</span> <span class='ocrx_word' id='word_1_709' title='bbox 3121 5211 3272 5262; x_wconf 82' lang='lat' dir='ltr'><strong>Haud</strong></span> <span class='ocrx_word' id='word_1_710' title='bbox 3308 5221 3508 5262; x_wconf 80' lang='lat' dir='ltr'><strong>tuente-</strong></span> 
     </span>
    </p>
   </div>
   <div class='ocr_carea' id='block_1_105' title="bbox 1173 5211 3508 5292">
    <p class='ocr_par' dir='ltr' id='par_1_105' title="bbox 1173 5211 3508 5292">
     <span class='ocr_line' id='line_1_106' title="bbox 1173 5211 3508 5292; baseline -0.004 -12"><span class='ocrx_word' id='word_1_711' title='bbox 1173 5211 1305 5280; x_wconf 68' lang='grc' dir='ltr'>εολὲ</span> <span class='ocrx_word' id='word_1_712' title='bbox 1331 5211 1681 5292; x_wconf 69' lang='grc' dir='ltr'>κρίνωνΪΑΙίἰ</span> <span class='ocrx_word' id='word_1_713' title='bbox 1699 5216 1874 5289; x_wconf 85' lang='grc' dir='ltr'>κρίνει</span> <span class='ocrx_word' id='word_1_714' title='bbox 1903 5217 1987 5270; x_wconf 89' lang='lat' dir='ltr'><strong>vel</strong></span> <span class='ocrx_word' id='word_1_715' title='bbox 2012 5211 2216 5284; x_wconf 71' lang='grc' dir='ltr'>ἔκρινε.</span> <span class='ocrx_word' id='word_1_716' title='bbox 2267 5213 2313 5248; x_wconf 66' lang='grc'><strong>⁸⁸</strong></span> <span class='ocrx_word' id='word_1_717' title='bbox 2348 5212 2538 5269; x_wconf 81' lang='lat' dir='ltr'><strong>Zuiclt.</strong></span> <span class='ocrx_word' id='word_1_718' title='bbox 2574 5224 2627 5270; x_wconf 91' lang='lat' dir='ltr'><strong>et</strong></span> <span class='ocrx_word' id='word_1_719' title='bbox 2660 5212 2880 5268; x_wconf 76' lang='lat' dir='ltr'><strong>Mecrtn.</strong></span> <span class='ocrx_word' id='word_1_720' title='bbox 2902 5211 3091 5284; x_wconf 72' lang='grc' dir='ltr'>κῦρος.</span> <span class='ocrx_word' id='word_1_721' title='bbox 3121 5211 3272 5267; x_wconf 83' lang='lat' dir='ltr'><strong>Haud</strong></span> <span class='ocrx_word' id='word_1_722' title='bbox 3308 5211 3508 5286; x_wconf 82' lang='lat' dir='ltr'><strong>inepte.</strong></span> 
     </span>
    </p>
   </div>
   <div class='ocr_carea' id='block_1_106' title="bbox 1911 5324 2140 5384">
    <p class='ocr_par' dir='ltr' id='par_1_106' title="bbox 1911 5324 2140 5384">
     <span class='ocr_line' id='line_1_107' title="bbox 1911 5324 2140 5384; baseline -0.013 0"><span class='ocrx_word' id='word_1_723' title='bbox 1911 5324 2140 5384; x_wconf 67' lang='lat' dir='ltr'><strong>NOTAE.</strong></span> 
     </span>
    </p>
   </div>
   <div class='ocr_carea' id='block_1_107' title="bbox 453 5425 1965 5514">
    <p class='ocr_par' dir='ltr' id='par_1_107' title="bbox 453 5425 1965 5514">
     <span class='ocr_line' id='line_1_108' title="bbox 453 5425 1965 5514; baseline -0.011 -19"><span class='ocrx_word' id='word_1_724' title='bbox 453 5438 566 5514; x_wconf 75' lang='lat'><strong>(70)</strong></span> <span class='ocrx_word' id='word_1_725' title='bbox 601 5435 666 5491; x_wconf 82' lang='lat' dir='ltr'><strong>Et</strong></span> <span class='ocrx_word' id='word_1_726' title='bbox 689 5437 793 5492; x_wconf 87' lang='lat' dir='ltr'><strong>hoc</strong></span> <span class='ocrx_word' id='word_1_727' title='bbox 823 5431 1082 5504; x_wconf 84' lang='lat' dir='ltr'><strong>adjicitur</strong></span> <span class='ocrx_word' id='word_1_728' title='bbox 1113 5430 1168 5486; x_wconf 89' lang='lat' dir='ltr'><strong>d.</strong></span> <span class='ocrx_word' id='word_1_729' title='bbox 1202 5429 1240 5485; x_wconf 94' lang='lat' dir='ltr'><strong>l.</strong></span> <span class='ocrx_word' id='word_1_730' title='bbox 1272 5429 1323 5492; x_wconf 87' lang='lat' dir='ltr'><strong>l,</strong></span> <span class='ocrx_word' id='word_1_731' title='bbox 1373 5426 1510 5483; x_wconf 88' lang='lat' dir='ltr'><strong>Cod.</strong></span> <span class='ocrx_word' id='word_1_732' title='bbox 1578 5425 1652 5483; x_wconf 92' lang='lat' dir='ltr'><strong>Dc</strong></span> <span class='ocrx_word' id='word_1_733' title='bbox 1718 5428 1965 5498; x_wconf 79' lang='lat' dir='ltr'><strong>postliin.</strong></span> 
     </span>
    </p>
   </div>
   <div class='ocr_carea' id='block_1_108' title="bbox 381 5528 1672 5656">
    <p class='ocr_par' dir='ltr' id='par_1_108' title="bbox 381 5528 1672 5656">
     <span class='ocr_line' id='line_1_109' title="bbox 381 5528 1672 5656; baseline -0.012 -18"><span class='ocrx_word' id='word_1_734' title='bbox 603 5582 668 5656; x_wconf 69' lang='lat' dir='ltr'><strong>Et</strong></span> <span class='ocrx_word' id='word_1_735' title='bbox 688 5582 777 5656; x_wconf 81' lang='lat' dir='ltr'><strong>ita</strong></span> <span class='ocrx_word' id='word_1_736' title='bbox 803 5579 1103 5650; x_wconf 73' lang='lat' dir='ltr'><strong>abrogatur</strong></span> <span class='ocrx_word' id='word_1_737' title='bbox 1133 5574 1171 5630; x_wconf 93' lang='lat' dir='ltr'><strong>l.</strong></span> <span class='ocrx_word' id='word_1_738' title='bbox 1201 5572 1289 5637; x_wconf 79' lang='grc'>14,</span> <span class='ocrx_word' id='word_1_739' title='bbox 1323 5568 1378 5624; x_wconf 80' lang='lat' dir='ltr'><strong>ll&#39;.</strong></span> <span class='ocrx_word' id='word_1_740' title='bbox 1407 5568 1514 5636; x_wconf 87' lang='lat' dir='ltr'><strong>Qui</strong></span> <span class='ocrx_word' id='word_1_741' title='bbox 1541 5577 1672 5625; x_wconf 80' lang='lat' dir='ltr'><strong>test.</strong></span> 
     </span>
    </p>
   </div>
   <div class='ocr_carea' id='block_1_109' title="bbox 456 5654 810 5726">
    <p class='ocr_par' dir='ltr' id='par_1_109' title="bbox 456 5654 810 5726">
     <span class='ocr_line' id='line_1_110' title="bbox 456 5654 810 5726; baseline -0.006 -16"><span class='ocrx_word' id='word_1_742' title='bbox 456 5654 571 5726; x_wconf 64' lang='grc' dir='ltr'>(γε)</span> <span class='ocrx_word' id='word_1_743' title='bbox 601 5654 664 5709; x_wconf 82' lang='grc' dir='ltr'>ι).</span> <span class='ocrx_word' id='word_1_744' title='bbox 688 5654 723 5708; x_wconf 92' lang='grc' dir='ltr'><strong>ι.</strong></span> <span class='ocrx_word' id='word_1_745' title='bbox 759 5655 810 5726; x_wconf 70' lang='grc' dir='ltr'><strong>ι,</strong></span> 
     </span>
    </p>
   </div>
   <div class='ocr_carea' id='block_1_110' title="bbox 457 5664 571 5799">
    <p class='ocr_par' dir='ltr' id='par_1_110' title="bbox 457 5664 571 5799">
     <span class='ocr_line' id='line_1_111' title="bbox 457 5664 571 5799; baseline 0.167 -24"><span class='ocrx_word' id='word_1_746' title='bbox 457 5664 571 5799; x_wconf 62' lang='grc' dir='ltr'><strong>ἱξζέ</strong></span> 
     </span>
    </p>
   </div>
   <div class='ocr_carea' id='block_1_111' title="bbox 390 5779 1971 5860">
    <p class='ocr_par' dir='ltr' id='par_1_111' title="bbox 390 5779 1971 5860">
     <span class='ocr_line' id='line_1_112' title="bbox 390 5779 1971 5860; baseline -0.011 -8"><span class='ocrx_word' id='word_1_747' title='bbox 390 5779 479 5853; x_wconf 64' lang='lat' dir='ltr'><strong>tui-</strong></span> <span class='ocrx_word' id='word_1_748' title='bbox 511 5779 843 5860; x_wconf 80' lang='lat' dir='ltr'><strong>libertatem,</strong></span> <span class='ocrx_word' id='word_1_749' title='bbox 897 5779 1039 5848; x_wconf 42' lang='lat' dir='ltr'><strong>data&#39;</strong></span> <span class='ocrx_word' id='word_1_750' title='bbox 1061 5779 1228 5842; x_wconf 77' lang='lat' dir='ltr'><strong>etiam</strong></span> <span class='ocrx_word' id='word_1_751' title='bbox 1286 5786 1568 5850; x_wconf 87' lang='lat' dir='ltr'><strong>videntur,</strong></span> <span class='ocrx_word' id='word_1_752' title='bbox 1599 5799 1713 5855; x_wconf 83' lang='lat' dir='ltr'><strong>arg.</strong></span> <span class='ocrx_word' id='word_1_753' title='bbox 1748 5779 1884 5848; x_wconf 42' lang='lat' dir='ltr'><strong>l._2,</strong></span> <span class='ocrx_word' id='word_1_754' title='bbox 1917 5779 1971 5835; x_wconf 75' lang='grc' dir='ltr'>θ’.</span> 
     </span>
    </p>
   </div>
   <div class='ocr_carea' id='block_1_112' title="bbox 391 5868 771 5939">
    <p class='ocr_par' dir='ltr' id='par_1_112' title="bbox 391 5868 771 5939">
     <span class='ocr_line' id='line_1_113' title="bbox 391 5868 771 5939; baseline -0.008 -17"><span class='ocrx_word' id='word_1_755' title='bbox 391 5869 466 5925; x_wconf 89' lang='lat' dir='ltr'><strong>De</strong></span> <span class='ocrx_word' id='word_1_756' title='bbox 492 5868 771 5939; x_wconf 80' lang='lat' dir='ltr'><strong>jurisdict.</strong></span> 
     </span>
    </p>
   </div>
   <div class='ocr_carea' id='block_1_113' title="bbox 606 5714 1970 5785">
    <p class='ocr_par' dir='ltr' id='par_1_113' title="bbox 606 5714 1970 5785">
     <span class='ocr_line' id='line_1_114' title="bbox 606 5714 1970 5785; baseline -0.012 -6"><span class='ocrx_word' id='word_1_757' title='bbox 606 5727 739 5779; x_wconf 88' lang='lat' dir='ltr'><strong>Data</strong></span> <span class='ocrx_word' id='word_1_758' title='bbox 774 5724 1044 5784; x_wconf 86' lang='lat' dir='ltr'><strong>libertate,</strong></span> <span class='ocrx_word' id='word_1_759' title='bbox 1078 5729 1198 5785; x_wconf 59' lang='lat' dir='ltr'><strong>quas</strong></span> <span class='ocrx_word' id='word_1_760' title='bbox 1237 5714 1559 5771; x_wconf 82' lang='lat' dir='ltr'><strong>necessario</strong></span> <span class='ocrx_word' id='word_1_761' title='bbox 1611 5725 1970 5785; x_wconf 63' lang='lat' dir='ltr'><strong>consequuti:</strong></span> 
     </span>
    </p>
   </div>
   <div class='ocr_carea' id='block_1_114' title="bbox 2135 5416 3653 5489">
    <p class='ocr_par' dir='ltr' id='par_1_114' title="bbox 2135 5416 3653 5489">
     <span class='ocr_line' id='line_1_115' title="bbox 2135 5416 3653 5489; baseline 0.003 -18"><span class='ocrx_word' id='word_1_762' title='bbox 2135 5416 2255 5488; x_wconf 67' lang='grc'><strong>(74)</strong></span> <span class='ocrx_word' id='word_1_763' title='bbox 2285 5417 2361 5472; x_wconf 89' lang='lat' dir='ltr'><strong>Ea</strong></span> <span class='ocrx_word' id='word_1_764' title='bbox 2396 5417 2500 5472; x_wconf 83' lang='lat' dir='ltr'><strong>fuit</strong></span> <span class='ocrx_word' id='word_1_765' title='bbox 2555 5417 2698 5478; x_wconf 82' lang='lat' dir='ltr'><strong>ratio</strong></span> <span class='ocrx_word' id='word_1_766' title='bbox 2749 5417 3041 5472; x_wconf 88' lang='lat' dir='ltr'><strong>decidendi</strong></span> <span class='ocrx_word' id='word_1_767' title='bbox 3097 5419 3394 5485; x_wconf 83' lang='lat' dir='ltr'><strong>veteribus,</strong></span> <span class='ocrx_word' id='word_1_768' title='bbox 3449 5417 3518 5473; x_wconf 88' lang='lat' dir='ltr'><strong>de</strong></span> <span class='ocrx_word' id='word_1_769' title='bbox 3546 5435 3653 5489; x_wconf 87' lang='lat' dir='ltr'><strong>qua</strong></span> 
     </span>
    </p>
   </div>
   <div class='ocr_carea' id='block_1_115' title="bbox 2069 5489 3653 5557">
    <p class='ocr_par' dir='ltr' id='par_1_115' title="bbox 2069 5489 3653 5557">
     <span class='ocr_line' id='line_1_116' title="bbox 2069 5489 3653 5557; baseline 0.001 -14"><span class='ocrx_word' id='word_1_770' title='bbox 2069 5490 2184 5544; x_wconf 89' lang='lat' dir='ltr'><strong>vid.</strong></span> <span class='ocrx_word' id='word_1_771' title='bbox 2225 5492 2259 5542; x_wconf 92' lang='grc' dir='ltr'>Ι.</span> <span class='ocrx_word' id='word_1_772' title='bbox 2303 5491 2357 5555; x_wconf 70' lang='grc'>4,</span> <span class='ocrx_word' id='word_1_773' title='bbox 2392 5492 2446 5543; x_wconf 89' lang='lat' dir='ltr'><strong>in</strong></span> <span class='ocrx_word' id='word_1_774' title='bbox 2507 5490 2600 5550; x_wconf 81' lang='lat' dir='ltr'><strong>lin,</strong></span> <span class='ocrx_word' id='word_1_775' title='bbox 2662 5492 2699 5544; x_wconf 94' lang='lat' dir='ltr'><strong>l.</strong></span> <span class='ocrx_word' id='word_1_776' title='bbox 2749 5491 2836 5554; x_wconf 80' lang='grc'>15,</span> <span class='ocrx_word' id='word_1_777' title='bbox 2880 5489 2933 5546; x_wconf 68' lang='grc'>11⁷.</span> <span class='ocrx_word' id='word_1_778' title='bbox 2973 5490 3074 5555; x_wconf 89' lang='lat' dir='ltr'><strong>Qui</strong></span> <span class='ocrx_word' id='word_1_779' title='bbox 3121 5500 3490 5545; x_wconf 85' lang='lat' dir='ltr'><strong>testamenta:</strong></span> <span class='ocrx_word' id='word_1_780' title='bbox 3525 5491 3560 5546; x_wconf 96' lang='lat' dir='ltr'><strong>l.</strong></span> <span class='ocrx_word' id='word_1_781' title='bbox 3601 5494 3653 5557; x_wconf 87' lang='grc'><strong>1,</strong></span> 
     </span>
    </p>
   </div>
   <div class='ocr_carea' id='block_1_116' title="bbox 2076 5560 3098 5632">
    <p class='ocr_par' dir='ltr' id='par_1_116' title="bbox 2076 5560 3098 5632">
     <span class='ocr_line' id='line_1_117' title="bbox 2076 5560 3098 5632; baseline 0 -19"><span class='ocrx_word' id='word_1_782' title='bbox 2076 5561 2129 5614; x_wconf 85' lang='lat' dir='ltr'><strong>Il.</strong></span> <span class='ocrx_word' id='word_1_783' title='bbox 2165 5561 2427 5632; x_wconf 80' lang='lat' dir='ltr'><strong>Delegat.</strong></span> <span class='ocrx_word' id='word_1_784' title='bbox 2462 5561 2528 5623; x_wconf 73' lang='grc' dir='ltr'>ὃς</span> <span class='ocrx_word' id='word_1_785' title='bbox 2573 5560 2788 5629; x_wconf 83' lang='lat' dir='ltr'><strong>Ulpian.</strong></span> <span class='ocrx_word' id='word_1_786' title='bbox 2825 5562 2916 5624; x_wconf 66' lang='grc' dir='ltr'>ΞΟ,</span> <span class='ocrx_word' id='word_1_787' title='bbox 2949 5560 2976 5632; x_wconf 78' lang='lat'><strong>§</strong></span> <span class='ocrx_word' id='word_1_788' title='bbox 3020 5562 3098 5613; x_wconf 92' lang='lat' dir='ltr'><strong>II.</strong></span> 
     </span>
    </p>
   </div>
   <div class='ocr_carea' id='block_1_117' title="bbox 2153 5631 3659 5704">
    <p class='ocr_par' dir='ltr' id='par_1_117' title="bbox 2153 5631 3659 5704">
     <span class='ocr_line' id='line_1_118' title="bbox 2153 5631 3659 5704; baseline 0.003 -21"><span class='ocrx_word' id='word_1_789' title='bbox 2153 5631 2265 5704; x_wconf 72' lang='lat'><strong>(75)</strong></span> <span class='ocrx_word' id='word_1_790' title='bbox 2290 5635 2369 5685; x_wconf 73' lang='lat' dir='ltr'><strong>Ad</strong></span> <span class='ocrx_word' id='word_1_791' title='bbox 2400 5634 2649 5687; x_wconf 83' lang='lat' dir='ltr'><strong>eumdem</strong></span> <span class='ocrx_word' id='word_1_792' title='bbox 2711 5633 2931 5704; x_wconf 76' lang='lat' dir='ltr'><strong>modum</strong></span> <span class='ocrx_word' id='word_1_793' title='bbox 2958 5631 3095 5704; x_wconf 39' lang='lat' dir='ltr'><strong>&#39;olitn</strong></span> <span class='ocrx_word' id='word_1_794' title='bbox 3127 5635 3302 5688; x_wconf 85' lang='lat' dir='ltr'><strong>servis</strong></span> <span class='ocrx_word' id='word_1_795' title='bbox 3326 5634 3512 5703; x_wconf 87' lang='lat' dir='ltr'><strong>populi</strong></span> <span class='ocrx_word' id='word_1_796' title='bbox 3551 5632 3659 5688; x_wconf 73' lang='lat' dir='ltr'><strong>llo-</strong></span> 
     </span>
    </p>
   </div>
   <div class='ocr_carea' id='block_1_118' title="bbox 2079 5703 3660 5774">
    <p class='ocr_par' dir='ltr' id='par_1_118' title="bbox 2079 5703 3660 5774">
     <span class='ocr_line' id='line_1_119' title="bbox 2079 5703 3660 5774; baseline -0.004 -14"><span class='ocrx_word' id='word_1_797' title='bbox 2079 5703 2227 5762; x_wconf 81' lang='lat' dir='ltr'><strong>mani</strong></span> <span class='ocrx_word' id='word_1_798' title='bbox 2263 5706 2450 5757; x_wconf 88' lang='lat' dir='ltr'><strong>testari</strong></span> <span class='ocrx_word' id='word_1_799' title='bbox 2485 5705 2662 5758; x_wconf 86' lang='lat' dir='ltr'><strong>licuit.</strong></span> <span class='ocrx_word' id='word_1_800' title='bbox 2696 5704 2823 5773; x_wconf 88' lang='lat' dir='ltr'><strong>Ulp.</strong></span> <span class='ocrx_word' id='word_1_801' title='bbox 2861 5703 2952 5767; x_wconf 70' lang='lat'><strong>&#39;20,</strong></span> <span class='ocrx_word' id='word_1_802' title='bbox 2989 5706 3039 5756; x_wconf 91' lang='lat' dir='ltr'><strong>in</strong></span> <span class='ocrx_word' id='word_1_803' title='bbox 3072 5703 3165 5757; x_wconf 85' lang='lat' dir='ltr'><strong>ﬁn.</strong></span> <span class='ocrx_word' id='word_1_804' title='bbox 3202 5709 3377 5760; x_wconf 82' lang='lat' dir='ltr'><strong>servis</strong></span> <span class='ocrx_word' id='word_1_805' title='bbox 3417 5706 3660 5774; x_wconf 79' lang='lat' dir='ltr'><strong>privatu-</strong></span> 
     </span>
    </p>
   </div>
   <div class='ocr_carea' id='block_1_119' title="bbox 2081 5774 3662 5848">
    <p class='ocr_par' dir='ltr' id='par_1_119' title="bbox 2081 5774 3662 5848">
     <span class='ocr_line' id='line_1_120' title="bbox 2081 5774 3662 5848; baseline 0 -16"><span class='ocrx_word' id='word_1_806' title='bbox 2081 5791 2200 5832; x_wconf 83' lang='lat' dir='ltr'><strong>I&#39;ttm</strong></span> <span class='ocrx_word' id='word_1_807' title='bbox 2225 5787 2320 5828; x_wconf 89' lang='lat' dir='ltr'><strong>aut</strong></span> <span class='ocrx_word' id='word_1_808' title='bbox 2353 5775 2599 5832; x_wconf 84' lang='lat' dir='ltr'><strong>civitatis</strong></span> <span class='ocrx_word' id='word_1_809' title='bbox 2631 5792 2740 5832; x_wconf 87' lang='lat' dir='ltr'><strong>non</strong></span> <span class='ocrx_word' id='word_1_810' title='bbox 2771 5778 2951 5844; x_wconf 88' lang='lat' dir='ltr'><strong>licuit,</strong></span> <span class='ocrx_word' id='word_1_811' title='bbox 2985 5777 3021 5832; x_wconf 90' lang='grc' dir='ltr'><strong>ι.</strong></span> <span class='ocrx_word' id='word_1_812' title='bbox 3047 5775 3135 5844; x_wconf 84' lang='grc'>16,</span> <span class='ocrx_word' id='word_1_813' title='bbox 3174 5774 3208 5829; x_wconf 92' lang='lat' dir='ltr'><strong>l.</strong></span> <span class='ocrx_word' id='word_1_814' title='bbox 3238 5777 3327 5848; x_wconf 76' lang='lat' dir='ltr'><strong>I7,</strong></span> <span class='ocrx_word' id='word_1_815' title='bbox 3352 5774 3410 5831; x_wconf 76' lang='lat' dir='ltr'><strong>II.</strong></span> <span class='ocrx_word' id='word_1_816' title='bbox 3454 5774 3556 5843; x_wconf 84' lang='lat' dir='ltr'><strong>Qui</strong></span> <span class='ocrx_word' id='word_1_817' title='bbox 3589 5787 3662 5832; x_wconf 80' lang='lat' dir='ltr'><strong>te-</strong></span> 
     </span>
    </p>
   </div>
   <div class='ocr_carea' id='block_1_120' title="bbox 2081 5853 2375 5908">
    <p class='ocr_par' dir='ltr' id='par_1_120' title="bbox 2081 5853 2375 5908">
     <span class='ocr_line' id='line_1_121' title="bbox 2081 5853 2375 5908; baseline -0.014 -4"><span class='ocrx_word' id='word_1_818' title='bbox 2081 5853 2375 5908; x_wconf 83' lang='lat' dir='ltr'><strong>stameula.</strong></span> 
     </span>
    </p>
   </div>
  </div>
