4080 6302
501 320 604 392 Sil

1684 318 1884 383 LEON
1889 318 1965 383 IS
1997 314 2461 379 PHILOSOPHI

3680 311 3786 378 512

502 434 597 490 sed
619 445 738 504 qua
765 430 1047 489 laboribus
1072 433 1192 487 suis
1215 428 1514 499 arduisque
1536 430 1620 498 (ut
1640 430 1917 501 conjicere
1944 427 2092 499 licet)

2198 429 2335 483 ἀλλὰ
2364 429 2472 481 τῶν
2528 429 2790 499 καμάτων
2820 426 3002 483 αὐτῶν
3025 426 3119 481 καὶ
3148 425 3278 492 τῶν,
3310 426 3386 493 ὡς
3414 427 3590 495 εἰκδς,
3618 442 3785 485 πολυ-

502 524 777 582 molestiis
832 526 1173 595 quaesierint,
1204 542 1265 580 ea
1320 525 1593 596 cujusque
1645 524 1857 579 domini
1896 538 2094 578 manus

500 619 787 691 colligunt.
820 618 897 673 Ac
922 633 1059 674 sane
1096 618 1283 672 mirari
1315 618 1487 684 subit,
1519 615 1801 686 quomodo
1836 616 1906 672 ab
1930 615 2092 670 initio

500 710 611 767 lata
639 712 724 767 lex
760 712 897 766 nihil
947 711 1347 767 moderationis
1409 724 1588 781 neque
1646 710 1925 780 aequitatis
1962 709 2094 763 huic

501 804 581 858 rei
612 804 944 859 attribuerit.
1004 802 1393 859 Verumtamen
1434 802 1469 857 ii
1496 802 1757 872 equibus
1822 812 1949 856 nata
1987 802 2090 856 ista

500 899 583 955 lex
648 910 755 966 est,
791 909 955 971 atque
984 900 1123 957 adeo
1154 902 1239 955 lex
1290 902 1411 972 ipsa
1448 901 1517 957 ab
1552 901 1699 966 aliis,
1735 912 1795 956 ut
1821 900 2091 970 cujusque

499 994 760 1047 voluntas,
805 988 929 1055 fert,
967 990 1359 1060 appt'obautor.
1395 990 1707 1063 Egoautem
1740 1008 2093 1063 nequaquam

500 1079 627 1135 illus
670 1081 865 1151 probo,
920 1096 1099 1151 neque
1158 1083 1290 1137 illud
1358 1085 1621 1155 placitum
1660 1085 1719 1139 in
1776 1084 2088 1155 servis(76)

498 1171 637 1227 meis
691 1171 943 1229 obtinere
994 1177 1219 1229 sinam:
1256 1175 1355 1231 sed
1411 1186 1629 1243 contra,
1698 1178 1915 1247 plenam
1952 1177 2091 1246 ipsis

498 1262 1061 1319 administrandarutu
1118 1282 1301 1321 rerum
1365 1282 1592 1323 suarum
1634 1276 1968 1339 potestatem
2004 1269 2086 1322 fa-

496 1360 605 1411 cio.

572 1448 647 1503 Ex
683 1449 790 1503 hoc
813 1450 997 1521 itaque
1036 1460 1283 1523 tempore
1319 1454 1373 1508 in
1423 1470 1644 1509 omnem
1705 1456 2086 1525 posteritatem

498 1541 845 1613 imperatoris
908 1545 1053 1599 servi
1111 1561 1294 1600 rerum
1351 1563 1576 1602 suarum
1632 1563 1824 1604 revera
1877 1548 2086 1603 domini

497 1644 664 1691 sunto
700 1654 715 1691 :
749 1636 823 1691 ita
853 1652 1009 1702 sane,
1055 1646 1113 1692 ut
1156 1639 1274 1694 sire
1334 1642 1457 1695 sani
1526 1644 1660 1708 sint,
1726 1642 1842 1696 sive
1894 1642 2084 1713 regroti

496 1737 728 1785 mortem
762 1730 1053 1787 imminere
1076 1739 1290 1801 putent,
1332 1734 1400 1787 de
1427 1734 1593 1789 rebus
1623 1734 1743 1789 suis
1772 1749 1872 1804 pro
1934 1734 2084 1788 arbi-

2201 526 2379 579 πόνων
2410 523 2626 595 μόχθων
2655 521 2755 594 τὴν
2800 516 2996 592 κτῆσιν
3028 521 3129 591 τὴν
3187 521 3423 576 ἑκάστου
3449 521 3785 595 δεσποτικὴν

2199 621 2358 689 χεῖρα
2379 618 2658 685 συλλέγειν
2694 631 2709 646 ·
2735 616 2833 669 καὶ
2854 614 3120 685 θαυμάζω
3140 614 3233 669 τὸν
3263 614 3321 683 ἐξ
3351 615 3529 687 ἀρχῆς
3559 615 3786 687 θέμενον

2196 715 2290 769 τδν
2316 713 2501 783 νόμον,
2532 711 2649 775 πῶς
2675 711 2828 766 οὐδέν
2858 728 2910 763 τι
2947 710 3167 783 μέτριον
3185 710 3281 763 καὶ
3328 710 3571 775 ὶπιεικὲς
3610 712 3785 783 τούτῳ

2199 808 2555 880 προσένειμε.
2593 805 2739 876 Πλὴν
2783 804 2901 859 ἀλλ’
2943 806 2998 857 οἶ
3028 822 3087 859 τε
3118 805 3355 875 πατέρες
3402 806 3497 859 τοῦ
3538 805 3783 859 τοιούτω

2196 900 2364 971 νόμου
2397 901 2490 952 καί¹
2529 898 2558 949 ὁ
2596 897 2759 963 νόμος
2813 896 3092 968 ἐχέτωσαν
3151 895 3306 967 παρὰ
3349 899 3461 960 τοῖς
3494 896 3680 961 ἄλλοις
3727 896 3785 952 τὸ

2200 992 2523 1057 ἀποδεκτὸν,
2550 991 2625 1055 ὡς
2656 992 2689 1063 ἡ
2722 990 2955 1045 ἑκάστου
2986 989 3143 1059 φέρει
3176 988 3392 1061 γνώμη,
3420 990 3530 1059 ἐγὼ
3565 991 3625 1044 δὲ
3660 991 3782 1045 τού-

2196 1104 2310 1151 τοις
2360 1086 2613 1157 οὐδαμῶς
2651 1085 2911 1155 άπονέμω
2958 1085 3145 1155 χώραν
3190 1084 3488 1156 ἀποδοχῆς,
3520 1084 3633 1138 οὐδ’
3692 1086 3782 1139 ἐπὶ

2196 1184 2311 1244 τοῖς
2341 1182 2494 1251 ἐμοῖς
2542 1179 2786 1242 οἰκέταις
2833 1178 3177 1249 συγχωρήσω
3234 1178 3450 1231 κεῖσθαι
3493 1180 3556 1231 τὸ
3582 1180 3779 1250 δόγμα,

2196 1273 2380 1326 πᾶσαν
2417 1271 2602 1327 ἄδειαν
2640 1272 2770 1342 περὶ
2798 1270 2899 1339 τῆς
2930 1270 3040 1324 τῶν
3070 1271 3416 1343 πραγμάτοιν
3458 1272 3781 1344 διοικήσεως

2195 1365 2408 1426 τούτοις
2436 1363 2812 1433 παρεχόμενος
2841 1363 2911 1415 ⁸⁸.

2263 1456 2569 1528 Τοιγαροῦν
2625 1456 2734 1509 ἀπὸ
2775 1455 2869 1509 τοῦ
2900 1455 2997 1508 νῦν
3043 1456 3140 1510 καὶ
3190 1456 3326 1528 πρὸς
3356 1457 3449 1510 τὸν
3487 1459 3781 1528 μετέπειτα

2197 1551 2311 1622 βίον
2328 1550 2571 1605 ἔστωσαν
2598 1550 2646 1602 οἱ
2666 1547 2928 1620 βασιλέως
2962 1549 3174 1603 οἰκέται
3198 1550 3267 1602 τά
3283 1550 3458 1603 οἰκεῖα
3480 1554 3781 1623 πράγματα

2193 1644 2410 1715 άληθῶς
2472 1642 2652 1696 οἰκεῖα
2696 1639 3049 1712 κεκτημένοι,
3106 1642 3166 1694 ὲν
3209 1640 3286 1712 τῷ
3340 1641 3417 1714 μὴ
3472 1643 3571 1713 τὴν
3636 1644 3781 1710 ego”-

2195 1743 2318 1797 σίαν
2371 1739 2727 1811 ἀφαιρεῖσθαι
2776 1739 2852 1801 ὡς
2908 1737 2976 1791 ἂν
3039 1736 3336 1807 βούλωνται
3400 1738 3531 1809 περὶ
3603 1739 3781 1791 αὐτῶν

497 1821 609 1875 trio
665 1820 941 1881 statuendi
1020 1832 1292 1894 potestate
1338 1841 1445 1879 non
1507 1830 1797 1896 priventur
1837 1866 1852 1891 ,
1899 1842 2081 1896 neque

2196 1834 2432 1907 ὁρίζειν,
2487 1833 2551 1885 ἄν
2598 1849 2659 1885 τε
2721 1830 2856 1900 πρὸς
2913 1828 3065 1900 ἡλίου
3129 1829 3305 1898 αὐγάς
3373 1830 3781 1901 περιστρέφων-

499 1916 780 1971 servitutis
828 1917 1047 1971 nomine
1073 1932 1137 1972 ex
1173 1932 1357 1972 rerum
1427 1932 1567 1989 quas
1604 1916 1958 1988 possederint
1988 1916 2090 1970 do-

499 2006 672 2061 minio
723 2008 1089 2077 expellantur.
1132 2007 1207 2063 De
1258 2009 1609 2080 imperatoris
1677 2010 1849 2081 igitur
1914 2009 2093 2065 servis

499 2107 617 2163 haec
676 2109 891 2163 noviter
950 2109 1058 2163 lata
1106 2109 1193 2163 lex
1248 2117 1391 2173 esto,
1445 2110 1801 2181 vigoremque
1861 2108 2091 2163 habeto.

500 2200 917 2273 Ilagistratibus
971 2194 1153 2258 autem
1189 2203 1523 2274 reliqmeque
1558 2203 1892 2273 promiscua:
1924 2202 2090 2272 plebi,

500 2294 548 2349 si
582 2295 709 2349 huic
742 2304 931 2349 nostro
959 2296 1164 2364 placito
1213 2296 1571 2365 acquiescere
1601 2295 1800 2360 nolint,
1834 2292 1901 2348 ad
1936 2301 2092 2349 rete-

501 2401 620 2442 rem
660 2386 730 2441 de
753 2386 1053 2443 servilibus
1112 2387 1271 2441 bonis
1311 2388 1482 2458 legem
1521 2386 1801 2457 respicere
1832 2384 1917 2441 l‘as
1949 2394 2091 2443 esto.

912 2695 1391 2755 CONSTI'I‘UTIO
1438 2694 1680 2751 XXXIX.

504 2817 571 2876 Ut
602 2814 858 2890 prodigus
880 2831 1000 2886 qum
1050 2830 1116 2869 ea;
1150 2830 1205 2867 re
1236 2813 1401 2937 ipsi}?
1461 2813 1565 2867 sint
1597 2810 1710 2882 (77)
1777 2809 1951 2880 facere
1976 2808 2090 2877 (78)

1204 2901 1344 2937 nam
1378 2924 1391 2937 .

1204 2901 1391 2954 p088”.

570 2977 715 3037 Idem
751 2980 1053 3055 imperator
1080 2976 1258 3033 eidem
1298 2974 1568 3047 Styliano.

570 3069 885 3127 Mortalium
921 3084 1084 3137 nemo
1117 3069 1183 3123 ad
1220 3082 1341 3123 eam
1370 3066 1775 3121 absolutionem
1817 3068 2092 3136 pervenit,

2196 1942 2306 1989 ται,
2365 1925 2431 1979 άν
2466 1941 2524 1976 τε
2554 1922 2645 1975 τὸν
2690 1920 2805 1992 βίον
2849 1913 2952 1974 ὦσι
3010 1920 3396 1986 καταλύοντες,
3432 1922 3554 1992 μηδ’
3616 1923 3781 1976 ’ἑνεκα

2196 2018 2296 2088 τῆς
2345 2015 2591 2080 δουλείας
2648 2007 2723 2068 ὧν
2795 2012 3039 2084 ὑπῆρχον
3074 2013 3252 2085 κύριοι
3312 2014 3656 2085 πραγμάτων
3702 2016 3783 2083 ἐξ·

2196 2110 2504 2181 ωθούμενοι
2558 2106 2659 2176 τῆς
2692 2106 3036 2177 κυριότητος.
3066 2106 3201 2176 Περὶ
3235 2106 3334 2175 μὲν
3366 2106 3458 2160 οὖν
3519 2107 3781 2179 βασιλέως

2195 2205 2425 2259 οἰκετῶν
2460 2196 2615 2266 οὗτος
2655 2198 2987 2254 κεκαινίσθω
3008 2201 3105 2253 καί
3144 2200 3418 2271 κρατείτω
3449 2202 3633 2272 νόμος,
3664 2207 3778 2268 τοῖς

2195 2300 2243 2354 δ’
2262 2301 2492 2369 ἄρχουσι
2524 2296 2622 2350 καὶ
2643 2294 2722 2365 τῷ
2744 2293 2889 2365 ἄλλῳ
2917 2293 3017 2363 τῆς
3048 2293 3331 2359 πολιτείας
3354 2294 3707 2366 πληρώματι,
3731 2297 3786 2350 εἰ

2197 2409 2260 2459 γε
2295 2388 2369 2461 μὴ
2402 2388 2676 2460 βούλοιντο
2703 2385 2838 2457 πρὸς
2870 2384 2970 2455 τὴν
2999 2386 3278 2459 ἡμετέραν
3300 2389 3527 2459 γνώμην
3548 2391 3779 2463 άφορᾷν,

2196 2483 2413 2549 ἐξέσται
2455 2482 2592 2553 πρὸς
2625 2480 2716 2533 τὸν
2748 2479 2978 2552 ἀρχαῖον
3022 2478 3157 2551 περὶ
3200 2478 3311 2533 τῶν
3336 2479 3599 2536 δουλικῶν
3642 2500 3783 2556 πραο

2194 2574 2427 2647 γμάτων
2457 2574 2621 2645 νόμον
2645 2574 2801 2647 δρᾷν.

2711 2689 3028 2744 ΔῙΛΤΑΞΙΣ
3078 2689 3182 2744 ΔΘ⁹
3215 2690 3282 2745 ’⁸.

2198 2806 2337 2876 Περὶ
2366 2805 2474 2861 τοῦ
2513 2806 2623 2860 τὸν
2666 2805 2906 2860 ἄσωτον
2939 2804 3014 2859 τὰ
3066 2806 3455 2876 συμφέροντα
3510 2805 3777 2864 διοικεῖν.

2285 2966 2342 3021 Ὀ
2371 2965 2531 3029 αὐτὸς
2560 2964 2813 3035 βασιλεὺς
2844 2964 3118 3036 Στυλιανῷ
3146 2964 3223 3036 τῷ
3256 2964 3426 3036 αὐτῷ.

2273 3060 2465 3124 Οὐδεὶς
2492 3061 2550 3114 ὲν
2591 3058 2900 3130 ἀνθρώποις
2931 3060 3104 3124 οὕτως
3138 3062 3220 3123 εἰς
3267 3059 3438 3130 ἄκρον
3472 3060 3779 3132 κατήντησε

499 3173 562 3221 ut
594 3182 701 3220 non
734 3164 971 3220 obnoxie
1021 3159 1316 3231 aliquando
1379 3175 1469 3215 res
1526 3175 1654 3215 suas
1702 3168 1885 3231 gerat;
1921 3176 2092 3230 neque

2198 3154 2559 3225 τελειότητος,
2587 3152 2663 3217 ὡς
2708 3152 2977 3223 μηδέποτε
3004 3153 3325 3225 ἀσύμφορόν
3356 3170 3407 3205 τι
3429 3152 3610 3223 ἑαυτῷ
3636 3170 3778 3221 πρα-

498 3258 794 3328 quisquam
838 3256 914 3326 (ni
948 3254 1131 3321 fallor)
1173 3254 1246 3307 ita
1310 3252 1539 3323 desipit,
1572 3252 1705 3323 quin
1762 3252 1958 3306 crebro
1988 3255 2093 3309 sibi

502 3351 658 3407 utilis
692 3366 819 3406 esse
852 3348 1049 3420 possit.
1073 3346 1265 3417 Neque
1295 3346 1443 3399 enim
1465 3347 1558 3415 qui
1588 3330 1642 3399 in
1674 3344 1931 3400 omnibus
1962 3361 2095 3415 pru-

499 3445 705 3500 dentite
751 3459 866 3499 sua:
922 3443 1063 3508 fidit,
1099 3442 1249 3497 hunc
1284 3441 1469 3496 omnia
1530 3440 2095 3509 irrepreheusibiliter

502 3539 686 3595 facere
718 3538 852 3595 sinit
880 3538 1026 3593 Deus
1061 3553 1076 3591 :
1110 3552 1287 3606 neque
1320 3535 1485 3597 idem,
1515 3548 1640 3589 cum
1682 3543 1901 3588 creator
1945 3550 2095 3591 crea-

499 3644 749 3704 tur.cque
779 3648 892 3687 suae
916 3639 1139 3687 curator
1163 3630 1255 3693 sit,
1292 3628 1493 3683 mentis
1522 3628 1740 3698 inopem
1778 3642 1874 3697 per
1906 3630 2091 3683 omnia

508 3743 575 3781 cx
600 3725 972 3797 imprudentia
1010 3723 1270 3780 frustrati
1324 3720 1614 3791 permittit.
1681 3718 1951 3775 Praefatns
1990 3721 2093 3775 hoc

500 3834 624 3876 sunt
680 3826 905 3889 propter
970 3816 1118 3871 illam
1155 3818 1325 3887 legem
1358 3812 1494 3884 (79),
1555 3829 1676 3883 qua:
1710 3815 1995 3883 prodigum
2026 3814 2095 3867 de

503 3913 669 3968 rebus
698 3911 817 3965 suis
840 3910 1140 3981 quidquam
1174 3918 1269 3963 aut
1289 3908 1425 3963 relle
1448 3914 1541 3961 aut
1565 3915 1808 3962 statuere
1836 3909 2095 3963 omnibus

503 4006 685 4063 modis
714 4004 994 4075 prohibet.
1024 4002 1199 4069 Quam
1243 4001 1465 4073 quidem
1502 4000 1697 4071 legem,
1735 3999 2004 4069 conjectis
2038 4002 2092 4055 in

499 4114 590 4156 res
620 4109 806 4172 gestas
844 4096 1046 4159 oculis,
1088 4110 1188 4165 pro
1230 4095 1452 4148 illarum
1485 4094 1720 4153 ratione.
1757 4108 1863 4145 non
1905 4102 2088 4146 autem

498 4194 575 4248 ita
614 4190 943 4263 simpliciter
1012 4191 1235 4245 sancire
1273 4228 1288 4253 ,
1320 4198 1375 4243 et
1414 4190 1462 4244 si
1510 4187 1643 4258 quid
1700 4186 1966 4241 inutiliter
1999 4201 2095 4256 ge-

496 4296 648 4344 stum
686 4293 859 4349 esset,
924 4298 1033 4337 non
1090 4281 1424 4343 admittere,
1456 4281 1509 4335 in
1551 4296 1661 4349 quo
1724 4295 1854 4333 vero
1907 4279 2091 4350 aliqua

498 4378 709 4435 utilitas
762 4374 1170 4439 verteretur,“
1226 4375 1516 4445 suscipere
1571 4373 1880 4443 oportebat.
1935 4372 2092 4427 Nunc

498 4488 634 4530 vero
670 4471 807 4526 nihil
849 4468 1161 4525 istiusmodi
1196 4468 1529 4537 praescribit,
1557 4467 1653 4522 sed
1687 4468 1740 4520 in
1773 4466 2088 4523 universum

498 4567 728 4639 prodigo
760 4564 830 4620 de
860 4562 1038 4619 rebus
1066 4560 1195 4616 suis
1217 4559 1566 4617 consultandi
1623 4566 1945 4629 potestatem
1977 4559 2094 4614 adi-
2126 4594 2169 4649 D

499 4662 620 4717 mit.

570 4753 631 4808 Id
657 4765 760 4805 nos
782 4756 937 4805 recto
954 4746 1312 4819 judicionon
1355 4742 1943 4815 conveniresuspicati
1966 4784 1982 4809 ,
2005 4744 2090 4800 le-

448 4820 451 4823 !
499 4864 620 4921 gem
656 4845 817 4899 illam.
842 4843 1180 4900 relaxantes.
1219 4837 1540 4902 statuimus,
1572 4844 1631 4889 ut
1672 4852 1795 4906 qua!
1817 4836 2087 4907 judicium

498 4950 797 4996 erroneum
815 4931 1075 5004 quodque
1098 4928 1387 5001 prodigum
1411 4928 1680 4998 designet,
1702 4929 1892 4994 dictet,
1912 4944 2089 4998 neque

500 5032 920 5104 approbatione,
944 5039 1123 5095 neque
1140 5022 1562 5077 conﬁrmatione
1577 5020 1741 5091 digna
1764 5021 2087 5085 habeantur,

2198 3243 2569 3315 γματεύεσθαι
2604 3284 2619 3311 ,
2686 3244 2778 3296 καὶ
2834 3243 3011 3308 οὐδεὶς
3065 3241 3239 3306 οὔτως
3309 3238 3465 3314 οἶμαι
3514 3236 3779 3314 δυστυχὴς

2198 3339 2381 3411 ἄκρως
2409 3340 2489 3401 είς
2522 3337 2749 3409 φρένας,
2769 3338 2844 3400 ὡς
2878 3336 2953 3408 μὴ
2984 3336 3247 3399 πολλάκις
3284 3335 3464 3407 ἑαυτῷ
3500 3337 3776 3407 χρήσιμος

2196 3430 2473 3498 γενέσθαι.
2500 3428 2638 3483 Οὔτε
2680 3431 2789 3501 γὰρ
2834 3429 2925 3482 τὸν
2982 3430 3157 3499 πάντη
3193 3431 3259 3500 τῇ
3311 3427 3509 3482 ἑαυτοῦ
3564 3428 3779 3482 συνέσει

2198 3518 2505 3591 θαρροῦντα
2538 3520 2717 3573 πάντα
2747 3518 3007 3590 πράττειν
3030 3520 3385 3591 ἀνεμεσήτως
3425 3520 3491 3592 ἐᾷ
3518 3520 3579 3574 τὸ
3603 3520 3778 3585 Θείον,

2196 3612 2319 3665 οὔτε
2364 3613 2455 3667 τὸν
2490 3612 2649 3666 ἐνδεᾶ
2678 3612 2946 3675 συνέσεως
2986 3612 3234 3683 πλάστης
3277 3610 3353 3665 ὢν
3380 3613 3474 3666 καὶ
3520 3610 3616 3666 τοῦ
3648 3610 3779 3665 ἰδίου

2197 3707 2516 3776 πλάσματος
2546 3706 2802 3777 κηδεμὼν
2830 3705 2922 3759 διὰ
2952 3706 3150 3770 παντὸς
3184 3706 3381 3777 ἀφίησι
3421 3709 3489 3777 τῇ
3519 3707 3781 3778 άσυυεσίᾳ

2198 3797 2548 3866 σφάλλεσθαι.
2586 3797 2760 3853 Τοῦτο
2800 3798 3284 3872 ὲπροοιμιασάμην
3333 3798 3402 3852 δι’
3437 3799 3645 3854 ἐκεῖνον
3689 3799 3781 3853 τὸν

2196 3893 2384 3964 νόμον,
2412 3893 2473 3957 ὃς
2528 3894 2880 3948 παντάπασιν
2927 3893 3240 3947 ἀποκωλύει
3286 3892 3377 3947 τὸν
3412 3892 3621 3947 ἄσωτον
3653 3894 3780 3963 περὶ

2194 3988 2304 4039 τῶν
2344 3986 2612 4056 οἰκείωνῆ
2656 3985 2949 4058 βούλεσθαί
2976 4004 3031 4040 τι
3063 3986 3097 4059 ἢ
3128 3984 3484 4041 διατίθεσθαι,
3515 3984 3778 4053 Καίτοιγε

2195 4081 2362 4150 ἐχρῆν
2384 4080 2656 4152 ἐνορῶντα
2689 4081 2768 4144 εἰς
2796 4079 2867 4133 τὰ
2886 4080 3318 4151 οίκονομούμενα
3356 4079 3490 4150 πρὸς
3514 4079 3616 4150 τὴν
3634 4077 3779 4133 tatel-

2195 4192 2302 4227 νων
2354 4174 2633 4239 θεσπίζειν
2668 4174 3023 4240 κατάστασιν,
3052 4173 3189 4227 ἀλλὰ
3239 4175 3314 4245 μὴ
3364 4172 3537 4238 οὕτως
3565 4172 3776 4238 ἁπλῶς,

2195 4271 2290 4323 καὶ
2338 4269 2388 4322 εί
2433 4269 2535 4340 μὲν
2563 4269 2608 4302 ’⁷
2658 4267 2979 4340 ἀσύμφορόν
3010 4286 3060 4321 τι
3092 4268 3489 4339 διῳκονόμητο,
3523 4266 3598 4339 μὴ
3627 4268 3778 4338 δέχε-

2197 4365 2350 4431 σθαι,
2382 4368 2430 4419 εἰ
2454 4364 2511 4417 δὲ
2573 4363 2872 4429 λυσιτελὲς,
2907 4361 3300 4432 καταδέχεσθαι
3324 4377 3339 4391 °
3370 4360 3467 4415 νῦν
3521 4360 3581 4416 δὲ
3628 4361 3779 4415 οὐδὲν

2194 4460 2437 4514 τοιοῦτον
2458 4455 2705 4528 διορίζει,
2727 4455 2862 4510 ἀλλὰ
2879 4454 3138 4522 καθάπαξ
3168 4452 3449 4508 ἀποκλείει
3476 4451 3556 4524 τῷ
3582 4452 3779 4525 ἀσώτῳ

2194 4554 2294 4624 τὴν
2343 4552 2471 4623 περὶ
2522 4551 2632 4604 τῶν
2692 4549 2915 4603 οἰκείων
2953 4547 3169 4619 βουλήν.

2265 4729 2437 4785 Τοῦτο
2464 4732 2625 4801 ἡμεῖς
2647 4728 2781 4801 ὀρθῇ
2808 4728 2975 4799 ψήφῳ
3005 4728 3081 4797 μὴ
3126 4726 3426 4798 προσήκειν
3469 4725 3779 4798 ὑπολαμβά-

2196 4835 2380 4883 νοντες
2414 4818 2850 4887 διαστειλάμενοι
2894 4816 3229 4887 θεσπίζομεν
3280 4816 3349 4880 ’⁸,
3409 4814 3447 4870 ἃ
3505 4817 3608 4887 μὲν
3661 4818 3781 4889 κρίο

2199 4930 2282 4977 σις
2307 4912 2626 4983 ἑσφαλμένη
2649 4910 2854 4967 καὶτὸν
2876 4910 3086 4964 ἄσωτον
3106 4928 3175 4981 χα
3185 4910 3590 4981 ρακτηρίζουσα
3609 4910 3777 4981 λέγει.

2202 5006 2341 5078 μήτε
2400 5006 2670 5077 ἀποδοχῆς
2725 5006 2863 5077 μήτε
2932 5004 3227 5075 κυρώσεως
3291 5004 3703 5071 ἀξιούσθωσαν,
3744 5004 3781 5057 ά

1821 5178 2058 5233 νΛιΒΙᾸΕ
2100 5174 2509 5233 LECTIONES.

549 5280 595 5312 "
628 5276 799 5333 Codd.
819 5277 1003 5331 ἄδειαν
1038 5272 1411 5345 παρεχόμενον
1425 5271 1565 5345 ,περὶ
1587 5271 1687 5345 τῆς
1710 5302 1783 5313 -
1804 5272 2017 5334 τούτοις
2060 5268 2396 5341 παρέχομαι.

499 5350 675 5406 Codd.
706 5350 809 5404 κᾶν
845 5349 944 5420 μή.
1018 5346 1066 5378 ’⁸
1094 5344 1287 5415 Incipit
1343 5343 1457 5397 Ecl.

2486 5266 2534 5300 "
2564 5264 2681 5320 Ecl.
2716 5260 2852 5317 Νυν.
2883 5261 2975 5317 ει.
3084 5260 3131 5292 ’⁷
3152 5259 3227 5314 Ita
3250 5273 3397 5315 corr.
3428 5258 3776 5332 Stephanus;

2036 5452 2271 5510 NOT/E.

582 5565 693 5637 (76)
732 5565 837 5620 Lex
862 5573 945 5621 est
967 5564 1248 5634 specialis,
1269 5576 1391 5632 qua:
1422 5557 1488 5637 ad
1522 5572 1715 5637 omnes
1749 5568 1937 5637 servos
1974 5567 2082 5635 non

504 5626 802 5710 porrigitur
831 5654 845 5691 :
879 5626 1156 5710 interdum
1205 5626 1388 5710 tamen
1458 5630 1813 5710 humaniores
1867 5626 2080 5710 domini

505 5698 685 5765 servis
728 5710 916 5764 testari
954 5707 1376 5772 permittebant;
1424 5702 1521 5757 sed
1570 5701 1712 5755 inter
1742 5698 2081 5752 domesticos

504 5788 744 5835 tantum.
772 5778 896 5835 Vid.
924 5777 1064 5831 Plin.
1094 5775 1146 5840 8,
1174 5791 1225 5832 c.
1257 5775 1343 5829 16.

580 5849 691 5922 (77)
726 5834 807 5905 Τά
859 5834 1228 5921 συμφέροντα,
1280 5855 1335 5901 ct
1388 5846 1463 5901 ita
1506 5834 1850 5912 abrogatur§
1876 5836 1911 5890 9.
1949 5834 2083 5893 Inst.

2190 5551 2361 5617 QII“).
2384 5567 2490 5605 nun
2520 5560 2603 5605 est
2624 5550 2880 5617 permiss.
2902 5542 3041 5603 facit
3072 5548 3109 5603 l.
3139 5548 3187 5615 Ι,
3208 5547 3264 5603 θ’.
3302 5547 3377 5603 De
3396 5544 3777 5613 curatoribus;

2193 5624 2280 5676 γίιΙ
2329 5624 2365 5676 Ι.
2405 5622 2492 5685 18,
2524 5622 2580 5676 Π.
2611 5622 2713 5685 Qui
2743 5630 2961 5675 testam.

2270 5694 2379 5761 ('78)
2416 5692 2550 5746 Tum
2586 5686 2727 5747 inter
2764 5693 2939 5752 vivos.
2962 5702 3071 5743 tum
3109 5690 3301 5747 mortis
3326 5703 3495 5745 causa
3512 5686 3557 5758 .j.
3583 5686 3709 5744 eod.

2272 5766 2382 5836 (γυ)
2415 5763 2475 5817 ι).
2516 5761 2544 5835 5
2587 5764 2650 5831 ες
2684 5762 2739 5818 d.
2768 5763 2805 5818 ι.
2837 5763 2899 5829 l;
2930 5761 2985 5816 (ι.
3011 5762 3047 5816 l.
3084 5762 3170 5815 l8.
