4078 6300
401 282 527 365 ἐκ)
1574 290 1849 354 LEONIS
1883 289 2344 352 PHILOSOPHI
3558 288 3667 355 διε

406 410 549 481 ipsis
569 406 955 471 decreverunt,
988 416 1178 460 verum
1209 401 1371 457 etiam
1404 400 1516 471 (87)
1540 401 1714 470 ipsam
1751 398 1983 471 captivi-
2012 452 2016 462 ,

2085 398 2271 470 ἕτερον
2303 397 2403 468 τὴν
2438 394 2817 469 αἰχμαλωσίαν
2846 396 3195 451 ἐπιτείνουσι.
3233 396 3356 463 Πῶς
3393 397 3505 470 γὰρ
3540 398 3671 469 οὑχὶ

400 510 569 559 talem
601 499 706 555 alio
737 497 897 553 modo
920 496 1240 552 intendunt.
1264 494 1550 561 Quomodo
1579 493 1725 548 enim
1755 506 1975 547 rursum

2085 490 2312 554 τούτους
2346 489 2509 544 πάλιν
2558 488 3095 561 αἰχμαλωτίζουσιν;
3150 489 3183 560 ἢ
3228 490 3346 553 πῶς
3375 490 3479 544 οὐκ
3514 488 3672 555 αὔξε-

400 594 523 651 illos
551 593 605 648 in
637 590 1050 662 captivitatem,
1088 602 1196 642 non
1252 586 1499 642 ducunt?
1563 593 1657 639 aut
1705 582 1981 653 quomodo

2085 600 2177 637 ται
2228 585 2289 636 τὸ
2337 581 2511 636 δεινὸν
2569 583 2663 636 καὶ
2710 581 2873 651 ἀλγος
2920 580 3374 652 ἀπαραμύθητον,
3423 582 3521 635 καὶ
3571 581 3671 636 τοῦ

400 687 607 742 malum
647 683 1132 753 irrecreabilisque
1164 681 1391 736 tristitia
1422 694 1527 734 non
1562 679 1887 747 adaugetur,
1927 684 1982 729 et

2089 675 2323 731 θανάτου
2376 675 2601 745 κέντρον
2655 672 3058 743 ἑπωδυνότερον
3115 675 3256 727 κατὰ
3293 675 3393 744 τῆς
3437 673 3676 745 καρδίας

400 784 580 833 morte
643 775 981 830 acerbiorem
1050 772 1105 825 in
1177 770 1344 824 corde
1416 770 1665 839 captivus
1738 764 1982 822 enrcum-

2089 766 2435 836 αἰχμάλωτος
2481 764 2664 836 φέρων
2711 763 2899 818 ἄπεισι
2946 764 3055 818 τῶν
3106 764 3485 837 ἀνθρωπίνων,
3539 766 3679 819 ὅταν

403 866 588 922 terens
614 866 890 926 aculeum,
917 862 1082 918 rebus
1105 860 1317 917 excedit
1340 860 1614 924 humanis,
1635 856 1855 929 quando
1874 871 1984 911 non

2132 859 2148 910 i
2214 858 2373 927 μόνον
2432 857 2490 909 ὲν
2563 856 2911 929 αἰχμαλωσίᾳ
2966 859 3319 928 καταστρέφῃ
3374 856 3467 910 τὸν
3515 856 3677 927 βίον,
3737 854 3742 861 “

403 959 582 1014 solum
617 958 671 1011 in
706 955 1023 1027 captivitate
1038 954 1205 1008 vitam
1228 951 1366 1013 (init,
1397 966 1582 1005 verum
1610 951 1773 1005 etiam
1800 948 1847 1005 si
1874 964 1983 1020 qua

2091 949 2227 1003 ἀλλά
2255 950 2351 1003 καὶ
2403 949 2459 1003 et
2503 967 2626 1005 τινα
2676 950 2736 1003 ἐν
2777 950 2900 1012 ,τοῖς
2952 948 3246 1020 ὁμοφύλοις
3300 943 3441 1003 οἶδεν
3486 948 3680 1018 ἑαυτῷ

404 1049 547 1120 apud
566 1046 905 1103 contribules
926 1045 1069 1100 bona
1092 1043 1277 1104 habet,
1298 1043 1366 1097 de
1395 1043 1479 1098 his
1498 1041 1576 1095 illi
1610 1040 1984 1097 constituendi

2094 1041 2403 1113 προσοῦσαν
2438 1040 2694 1113 ὓπαρξιν,
2740 1042 2870 1110 περί
2890 1042 3110 1111 ταύτης
3139 1042 3239 1094 οὐκ
3272 1041 3386 1095 ἔστι
3419 1040 3680 1111 βουλεύε-

326 1131 331 1136 ’
404 1149 652 1212 potestas
670 1153 776 1209 non
805 1144 910 1202 est,
929 1136 1024 1191 sed
1045 1136 1163 1191 suis
1184 1135 1351 1190 rebus
1377 1142 1639 1205 tanquam
1670 1134 1867 1189 alienis
1890 1149 1936 1188 ει

2094 1134 2220 1188 σθαι
2267 1134 2478 1204 κύριος,
2521 1134 2637 1188 ἀλλ’
2689 1133 2973 1198 ἐξωθεῖται
3017 1133 3128 1187 τῶν
3166 1134 3381 1187 οἰκείων
3414 1133 3491 1196 ὡς
3521 1133 3680 1188 ἀλλο-

342 1296 345 1297 ν
403 1233 630 1305 pellitur
667 1246 683 1285 :
715 1238 769 1286 et
825 1243 945 1299 qua)
985 1227 1103 1283 suis
1170 1226 1450 1282 laboribus
1503 1226 1803 1296 quaesierit,
1858 1240 1952 1296 pro

2091 1224 2280 1296 τρίων,
2310 1224 2405 1278 καὶ
2455 1224 2565 1278 τῶν
2610 1225 2795 1288 πόνοις
2843 1225 3066 1289 οἰκείοις
3115 1224 3424 1299 κτηθέντων
3467 1226 3567 1297 τῆς
3593 1224 3679 1278 οῖ-

403 1337 510 1393 que
535 1320 737 1391 quibus
775 1328 1033 1388 suscepto
1063 1318 1310 1387 periculo
1336 1317 1393 1373 in
1444 1318 1776 1387 captivorum
1814 1317 1987 1373 inlor-

2095 1317 2356 1386 κονομίας
2418 1315 2743 1371 ἐκϐάλλεται
2765 1357 2781 1382 ,
2842 1310 2920 1371 ὢν
2979 1318 3185 1381 ἐκεῖνος
3239 1315 3680 1387 προκινδυνεύων

401 1412 619 1466 tnnium
658 1411 872 1473 incidit,
905 1409 974 1464 ab
1007 1409 1202 1464 horum
1264 1407 1676 1478 dispensatione
1732 1409 1989 1478 ejicitur‘!

2094 1411 2175 1472 εἰς
2232 1408 2300 1461 τά
2342 1408 2453 1462 τῶν
2507 1409 2857 1481 δορυλήπτων
2914 1409 3154 1480 κατέστη
3192 1407 3385 1476 δεινάς
3440 1407 3567 1483 Πῶς
3591 1408 3676 1472 δὲ,

402 1501 691 1568 Quomodo
713 1501 864 1565 item,
890 1501 933 1554 si
956 1514 1096 1570 quos
1113 1501 1450 1555 necessarios
1478 1500 1725 1570 captivus
1743 1498 1905 1555 habet
1931 1510 1991 1555 ut

2096 1501 2147 1553 εἰ
2172 1499 2313 1561 τινές
2337 1498 2539 1570 εἰσιτῷ
2576 1498 2908 1571 αἰχμαλώτῳ
2937 1500 3078 1554 κατά
3103 1498 3257 1569 γένος
3295 1498 3676 1569 διαφέροντες,

404 1594 633 1658 liberos,
656 1606 903 1657 uxorem,
924 1589 1244 1650 fratres.aut
1265 1593 1420 1657 alios,
1439 1608 1579 1663 quos
1592 1592 1659 1647 ad
1676 1593 1848 1662 ipsius
1877 1594 1991 1648 hat-

2095 1589 2129 1659 ἢ
2159 1590 2323 1644 τέκνα
2363 1591 2397 1661 ἢ
2442 1590 2645 1662 γυνὴῆ
2680 1590 2884 1662 ἀδελφὴ
2912 1590 2946 1660 ἢ
2976 1590 3157 1663 ἕτεροι
3199 1588 3294 1653 οὓς
3344 1589 3680 1661 ἐπικλήρους

407 1686 699 1741 reditatem
731 1684 817 1739 lex
846 1690 1027 1751 vocat,
1055 1684 1092 1738 ii
1122 1699 1231 1739 non
1259 1684 1508 1740 similiter
1538 1699 1726 1740 omnes
1745 1685 1991 1740 obversis

2098 1678 2239 1736 οἶδεν
2287 1683 2316 1735 ό
2366 1683 2552 1753 νόμος,
2608 1682 2731 1753 οὐχὶ
2782 1681 2981 1745 πάντες
3029 1680 3229 1752 ὁμοίως
3283 1680 3419 1749 πρὸς
3468 1679 3569 1752 τὴν
3619 1680 3682 1746 ἑξ

407 1772 852 1832 ἰηίιαποάἰιδιοηι
871 1775 937 1829 ab
968 1774 1231 1830 intestato
1275 1775 1340 1830 ad
1365 1790 1424 1830 se
1446 1774 1833 1831 devolvendam
1864 1788 1997 1829 ocu-

2101 1775 2380 1829 ἀδιαθέτου
2435 1774 2741 1846 ἐρχομένην
2794 1773 2978 1836 αὐτοῖς
3030 1772 3395 1844 κληρονομίαν
3446 1772 3684 1827 ἀποϐλέ-

408 1863 503 1931 lis,
536 1879 724 1920 curam
752 1865 1020 1922 liberandi
1053 1865 1276 1936 captivi,
1299 1866 1445 1921 illius
1480 1866 1877 1935 consequendae
1903 1880 2000 1934 spe

2101 1868 2300 1938 ψαντες
2354 1870 2419 1939 τῇ
2469 1866 2674 1936 ταύτης
2718 1865 2893 1920 ἑλπίδι
2941 1864 3040 1937 τὴν
3070 1866 3199 1936 περὶ
3237 1864 3332 1919 τοῦ
3385 1863 3687 1933 συγγενοῦς

413 1974 514 2017 sua
544 1958 839 2015 omittent?
868 1957 1130 2014 Novimus
1159 1958 1429 2029 siquidem
1489 1974 1578 2014 res
1624 1960 1913 2021 humanas,
1939 1965 1999 2012 ut

2101 1958 2450 2032 αἰχμαλώτου
2478 1962 2579 2031 τῆς
2608 1958 2923 2029 ἐλευθερίας
2947 1942 3637 2028 παρήσουσιν“’ὲπιμέλειαν
3665 1971 3683 2020 ;

420 2049 586 2122 pauci
619 2049 910 2104 admodum
939 2065 1125 2106 verum
1163 2063 1402 2105 amorem
1443 2058 1794 2117 conservent,
1846 2052 1996 2118 ejus-

2106 2051 2295 2120 Ἰσμεν
2325 2051 2434 2121 γὰρ
2473 2050 2535 2104 τὸ
2588 2048 2953 2120 ἀνθρώπινον,
3016 2048 3091 2111 ὡς
3144 2046 3505 2117 εὐαρίθμητοι
3559 2044 3686 2098 λίαν

411 2155 523 2212 que
546 2141 714 2196 unius
743 2140 918 2211 gratia
948 2141 1014 2195 ad
1048 2140 1427 2211 opitulandum
1452 2142 1786 2209 calamitate
1815 2142 1998 2212 impli-

2101 2142 2324 2214 φίλτρον
2389 2141 2643 2213 ἀληθινὸν
2710 2140 3059 2204 διασώζουσι,
3106 2140 3201 2193 καὶ
3260 2138 3452 2191 τούτου
3524 2136 3687 2207 μόνον

415 2231 543 2288 citis
560 2247 857 2304 paucorum
885 2233 1102 2288 animus
1127 2233 1418 2289 excitetur.
1452 2235 1516 2286 At
1542 2234 1633 2303 qui
1667 2249 1763 2304 spe
1801 2233 1998 2287 nanci-

2103 2235 2263 2290 ἕνεκα
2315 2235 2449 2308 πρὸς
2503 2234 2755 2305 βοήθειαν
2801 2233 2909 2287 τῶν
2967 2234 3239 2297 ἀλγεινοῖς
3282 2227 3686 2303 περιστοιχιζο·

422 2323 640 2403 scenda:
670 2322 957 2395 cujusdam
992 2325 1453 2381 remunerationis
1491 2326 1558 2380 ad
1586 2324 1875 2380 ferendum
1908 2326 1993 2380 in-

2104 2328 2280 2399 μένων
2321 2329 2355 2399 ἡ
2414 2326 2610 2398 γνώμη
2666 2325 2852 2388 αὐτοῖς
2903 2326 3271 2394 ἐπεγείρεται,
3331 2324 3381 2375 οἰ
3439 2322 3680 2374 πλεῖστοι

415 2414 728 2484 digentibus
778 2414 1041 2469 auxilium
1070 2414 1387 2485 procedant,
1422 2415 1616 2478 horum
1645 2431 1781 2481 sane
1844 2418 2001 2487 longe

2100 2420 2159 2475 δὲ
2188 2420 2484 2493 προσδοκίᾳ
2515 2418 2609 2473 τού
2643 2420 2830 2488 τυχεῖν
2860 2434 3009 2480 τινος
3054 2417 3279 2487 χάριτος
3303 2414 3396 2468 ἐπὶ
3428 2413 3683 2485 βοήθειαν

421 2510 699 2565 maximus
727 2521 811 2566 est
831 2526 1113 2566 numerus.
1168 2511 1285 2577 Qua
1324 2526 1384 2567 re
1419 2512 1602 2583 itaque
1635 2512 1766 2566 moti
1798 2526 2001 2583 cogna-

2101 2512 2339 2585 χωροῦσι
2384 2511 2493 2566 τῶν
2538 2510 2856 2582 χρῃζόντων
2908 2510 3005 2581 τῆς
3054 2508 3325 2578 βοηθείας.
3369 2505 3539 2561 Πόθεν
3591 2501 3686 2559 οὖν

418 2608 508 2655 tus
526 2601 775 2671 aliusque
795 2600 1065 2670 quispiam
1100 2599 1442 2670 captivorum
1464 2599 1768 2669 suscipiant
1786 2599 2002 2655 curam?

2104 2606 2244 2677 ὑπὲρ
2286 2606 2396 2659 τῶν
2438 2603 2865 2679 αἰχμαλώτωνῆ
2898 2603 3006 2656 τῶν
3038 2600 3316 2671 συγγενῶν
3360 2617 3447 2665 τις
3492 2599 3528 2671 ἢ
3571 2597 3688 2653 ἓτε-

432 2688 741 2760 Siquidem
771 2686 1046 2746 statuendi
1104 2689 1339 2746 facultas
1393 2692 1461 2746 de
1509 2692 1672 2747 rebus
1703 2691 1817 2747 suis
1866 2692 2000 2761 ipsis

2104 2715 2196 2771 ρος
2241 2699 2263 2731 ⁸
2321 2698 2580 2752 ἀναλάϐοι
2652 2696 2955 2767 φροντίδα;
3016 2696 3079 2748 Εἰ
3135 2695 3235 2765 μὲν
3284 2693 3393 2765 γάρ
3461 2688 3529 2766 ἦν
3595 2690 3686 2746 ἐπ’

420 2790 595 2848 esset,
625 2783 876 2839 nonnulli
914 2783 1154 2838 laborem
1218 2784 1544 2839 damnosum
1576 2783 1677 2837 sibi
1706 2797 1813 2837 non
1850 2782 1999 2837 futu-

2143 2786 2287 2852 δείας
2318 2788 2502 2851 αὐτοῖς
2536 2787 2665 2859 περί¹
2697 2787 2805 2839 τῶν
2830 2785 3048 2839 οἰκείων
3078 2783 3495 2855 βουλεύσασθαι,
3521 2780 3687 2852 ἔμελ·
3712 2824 3713 2827 η
3750 2804 3753 2807 π

426 2886 549 2926 rum
582 2878 925 2942 reputantes,
969 2886 1077 2926 non
1114 2871 1357 2943 segniter
1384 2871 1535 2925 illum
1564 2872 1876 2942 suscepturi
1913 2886 2000 2926 es-

2102 2879 2193 2933 λόν
2238 2897 2385 2943 τινες
2437 2878 2885 2949 ἀναλογιζόμενοι
2942 2877 3017 2941 ὡς
3082 2878 3183 2931 οὐκ
3228 2877 3463 2949 ἀκερδὴς
3501 2876 3686 2939 αὐτοῖς

430 2967 578 3015 sent.
613 2958 931 3030 Cogitarent
964 2961 1167 3015 etenim
1231 2968 1315 3031 (ut
1346 2961 1649 3016 verisimile
1677 2960 1783 3031 est)
1828 2961 1874 3017 si
1906 2970 1999 3016 aut

2082 2973 2255 3029 ⁴ἔσται
2311 2975 2340 3027 ό
2389 2973 2573 3037 πόνος,
2641 2971 2718 3043 μὴ
2772 2969 3033 3042 ῥᾳθύμως
3082 2969 3245 3024 αὑτὸν
3288 2967 3684 3038 ἀναδέχεσθαι*

426 3059 663 3108 conatus
689 3052 933 3122 ipsorum
970 3052 1037 3108 ad
1080 3052 1241 3109 linem
1266 3053 1653 3118 deduceretur,
1688 3053 1999 3123 captivique
2029 3123 2036 3138 Α

2105 3065 2347 3120 ἐνενόουν
2377 3065 2507 3138 γὰρ,
2539 3065 2615 3129 ὡς
2656 3064 2823 3129 εἰκὸς,
2871 3062 3011 3135 ώςῆ
3072 3063 3170 3131 τῆς
3222 3061 3459 3130 σπουδῆς
3508 3060 3689 3114 αὐτῶν

418 3144 731 3199 libertatem
761 3154 1350 3216 consequerentur,”
1388 3160 1591 3201 munus
1628 3146 1850 3216 aliquod
1877 3161 2000 3203 esse

2106 3112 2834 3228 ;i;';g,;.;“3;.gae;.at.g;
2874 3112 3696 3222 ;;t".a;';t,,...‘t;:...s.‘.

422 3249 528 3304 pro
563 3249 731 3305 opera
762 3250 862 3291 sua
882 3245 937 3291 et
988 3236 1175 3290 labore
1228 3247 1577 3309 accepturos,
1639 3247 1733 3292 aut
1762 3238 1924 3294 etiam
1961 3240 2005 3294 si

2111 3248 2299 3321 θερίας
2353 3247 2628 3318 τυχόντων
2677 3249 2696 3279 ⁷
2754 3246 2938 3313 ἕξουσί
2986 3262 3109 3299 τινα
3141 3245 3303 3316 χάριν
3344 3244 3481 3312 ὑπὲρ
3508 3235 3584 3296 ὧν
3612 3243 3694 3297 δι·-

420 3338 653 3384 conalus
675 3327 835 3384 linem
870 3343 1021 3384 mors
1045 3330 1405 3400 praeveniens,
1439 3332 1714 3402 captivum
1742 3331 1810 3387 de
1830 3332 2010 3388 medio

2112 3338 2476 3403 εσπούδασαν,
2510 3339 2543 3411 ἢ
2594 3338 2698 3391 κᾶν
2740 3336 2839 3408 τὴν
2874 3334 3097 3390 ἐκείνων
3142 3334 3378 3406 σπουδὴν
3410 3336 3438 3387 ὁ
3463 3333 3696 3395 θάνατος

423 3419 667 3482 tolleret,
705 3420 861 3474 illum
926 3420 983 3475 in
1022 3428 1352 3477 testamento
1406 3437 1506 3478 suo
1553 3439 1677 3478 eum
1712 3425 1801 3491 qui
1836 3425 2010 3493 ipsius

2113 3434 2434 3505 προφθάσας
2490 3433 2549 3486 ὲν
2598 3433 2820 3502 δεσμοῖς
2867 3432 2997 3485 ὄντα
3042 3430 3200 3485 λάϐοι
3258 3430 3352 3483 τὸν
3384 3428 3690 3499 ἄνθρωπον,

421 3528 611 3569 curam
683 3511 996 3577 habuisset,
1031 3514 1242 3583 majore
1276 3515 1529 3584 portione
1564 3530 1726 3585 quam
1771 3517 1892 3570 illos
1916 3516 2008 3586 qui

2113 3527 2171 3581 ὲν
2204 3528 2270 3597 τῇ
2303 3525 2434 3598 περὶ
2465 3525 2574 3580 τῶν
2617 3524 2837 3579 οἰκείων
2867 3522 3107 3589 διατάξει
3137 3522 3293 3576 ἔσται
3333 3522 3478 3583 τινὸς
3512 3519 3695 3574 πλείο-

422 3604 606 3675 ipsum
639 3603 1025 3674 neglexissent
1050 3604 1427 3674 dignaturum.
1455 3605 1573 3660 Non
1633 3609 1779 3662 enim
1816 3609 2011 3662 imme-

2115 3637 2205 3685 νος
2258 3619 2427 3687 ἀξιῶν
2482 3618 2698 3691 μερίδος
2746 3617 2839 3672 τὸν
2889 3616 3031 3687 ὑπὲρ
3082 3614 3249 3669 αὐτοῦ
3297 3607 3693 3687 πεφροντικότα

424 3710 631 3751 morem
663 3694 778 3750 fore
842 3697 1045 3766 ipsum,
1080 3711 1259 3767 neque
1287 3697 1505 3754 labores
1555 3698 1711 3753 nihili
1737 3698 2008 3755 facturum

2114 3712 2225 3766 τῶν
2276 3712 2457 3777 ἄλλως
2498 3711 2523 3745 ⁸
2570 3710 2928 3782 ἠμεληκότων
2954 3726 2968 3739 ο
3010 3711 3072 3763 οὐ
3128 3708 3239 3780 γὰρ
3285 3707 3696 3777 ἀμνημονήσειν

427 3784 864 3842 arbitrarentur.
914 3785 1029 3841 liae
1062 3786 1230 3858 igitur
1286 3787 1502 3865 ratione
1534 3786 2013 3859 (quemadmodum

2117 3805 2281 3861 αὐτὸν
2333 3806 2427 3860 καὶ
2483 3805 2636 3877 παρά
2683 3803 2887 3874 φαῦλον
2938 3804 3069 3866 τοὺς
3126 3802 3321 3864 πόνους
3375 3798 3695 3869 ποιήσεσθαι

426 3876 559 3945 dixi)
602 3874 845 3931 futurum
880 3885 1051 3944 esset,
1094 3876 1172 3931 uti
1209 3877 1379 3950 aliqui
1440 3893 1546 3933 non
1576 3880 1923 3951 indiligenter
1946 3882 2013 3937 ad

2120 3896 2525 3969 ὑπελάμϐανον.
2566 3874 2801 3960 ’Τούτοις
2855 3892 2970 3963 οὖν,
3012 3894 3198 3965 ὥσπερ
3246 3892 3422 3963 ἔφην,
3466 3894 3578 3954 τοῖς
3614 3889 3694 3944 λο-

425 3987 835 4041 liberandorum
897 3987 1240 4059 captivorum
1303 4003 1489 4043 curam
1554 4005 1676 4046 sese
1718 3993 2011 4060 erigerent.

2118 3993 2339 4063 γισμοῖς
2395 3988 2623 4061 ἔμελλόν
2662 4006 2805 4051 τινες
2853 3989 2915 4042 οὐ
2974 3986 3235 4064 ῥᾳθύμως
3289 3979 3371 4047 εἰς
3418 3985 3521 4055 τὴν
3562 3982 3698 4054 ὑπὲρ

424 4074 583 4131 Nunc
610 4093 737 4131 vero
766 4094 890 4132 cum
922 4077 977 4131 hi
1034 4079 1225 4134 testari
1264 4080 1685 4150 prohibeantur,
1722 4084 1801 4137 illi
1833 4094 2013 4140 autem

2121 4082 2436 4154 ἐλευθερίας
2462 4080 2572 4135 τῶν
2620 4078 2983 4150 αἰχμαλώτων
3014 4077 3251 4148 σπουδὴν
3281 4075 3653 4131 διανίστασθαι
3681 4090 3695 4107 ·

429 4169 500 4224 ab
537 4170 803 4225 intestato
879 4170 1138 4227 hmtedes
1175 4172 1228 4226 in
1287 4172 1427 4251 bona
1478 4174 1815 4251 concedant,
1871 4175 2016 4232 haud

2121 4175 2216 4229 νῦν
2275 4174 2354 4242 δὲ,
2412 4174 2522 4227 τῶν
2579 4173 2677 4243 μὲν
2726 4172 3090 4242 κωλυομένων
3137 4169 3544 4235 διατάττεσθαι,
3596 4166 3698 4222 τῶν

429 4266 568 4328 seio,
602 4263 671 4329 si,
710 4264 805 4333 qui
842 4262 1282 4332 proliberatione
1310 4248 1526 4321 labores
1550 4266 1833 4336 suscipiat,
1866 4269 2019 4338 quis-

2120 4267 2177 4321 δὲ
2221 4266 2281 4333 ἐξ
2318 4265 2600 4320 ἀδιαθέτου
2651 4264 3007 4336 κληρονόμων
3048 4264 3129 4327 εἰς
3176 4262 3276 4333 τὴν
3338 4255 3574 4332 ὕπαρξιν
3609 4260 3700 4332 ἐμ-

430 4372 596 4427 qnam
661 4355 900 4411 inveniri
934 4356 1132 4425 possit.
1174 4354 1567 4415 Successionis
1597 4360 1741 4414 enim
1778 4361 1847 4416 ab
1875 4353 2017 4416 inte;

2124 4360 2441 4420 ϐαινόντων,
2498 4359 2600 4412 οὑκ
2657 4354 2773 4411 οἶδα
2831 4357 2885 4410 εἴ
2930 4373 3013 4419 τις
3077 4355 3327 4425 εὑρεθείη
3388 4356 3515 4417 τοὺς
3564 4352 3699 4423 ὑπὲρ

429 4457 574 4503 stato
608 4463 735 4518 spes
771 4457 1061 4517 metusque
1123 4462 1191 4503 ne
1251 4448 1305 4503 in
1362 4466 1559 4504 vanum
1618 4451 1937 4517 laboretur,
1973 4453 2018 4508 si

2089 4448 2228 4520 »τῆς
2270 4449 2625 4522 ἀναῤῥύσεως
2666 4448 2861 4511 πόνους
2903 4446 3318 4517 ἀναδεξόμενος.
3371 4445 3446 4498 Ἥ
3493 4461 3551 4497 τε
3597 4444 3699 4515 γὰρ

440 4540 582 4595 forte
625 4540 1005 4595 liberationem
1063 4556 1212 4596 mors
1262 4552 1573 4611 Prievertat,
1632 4547 2018 4617 captivumque

2127 4542 2284 4605 ὲλτνὶς
2318 4542 2416 4611 τῆς
2458 4540 2519 4606 ἐξ
2565 4539 2849 4594 ἀδιαθέτου
2896 4539 3286 4612 κληρονομίας,
3336 4539 3431 4592 καὶ
3479 4540 3513 4610 ὴ
3557 4537 3702 4591 ἐνθύ-

431 4633 597 4688 rebus
634 4631 888 4687 humanis
937 4631 1163 4694 eximat,
1216 4632 1466 4687 homines
1520 4634 1789 4691 tardiores
1842 4635 2021 4707 (utne

2130 4652 2296 4707 μησις
2337 4634 2431 4689 τοῦ
2481 4635 2553 4705 μή
2613 4650 2744 4688 ποτε
2794 4632 2880 4687 διὰ
2914 4633 3080 4700 κενῆς
3117 4632 3306 4702 κάμοι,
3337 4629 3433 4693 τὰς
3459 4629 3653 4684 ἑαυτοῦ
3681 4631 3699 4661 ⁹

432 4743 663 4800 prorsus
720 4725 906 4780 animo
945 4726 1157 4781 alienos
1206 4725 1413 4796 dicam)
1464 4727 1531 4782 ad
1590 4729 2017 4799 aggrediendum

2127 4725 2365 4790 σπουδὰς
2425 4725 2519 4779 τοῦ
2552 4726 2785 4780 θανάτου
2850 4724 3217 4797 προλαϐόντος
3268 4724 3363 4778 καί
3398 4723 3491 4777 τὸν
3545 4723 3703 4792 αἰχμ-

429 4819 583 4885 iacit.
647 4816 805 4883 Quod
857 4832 992 4874 sane
1052 4832 1159 4872 non
1209 4817 1398 4872 itidem
1461 4820 1825 4890 contingeret,
1853 4823 1898 4877 si
1933 4822 2014 4877 lex

2126 4820 2332 4876 άλωτον
2389 4820 2459 4888 ,ἐξ
2511 4818 2814 4893 ἀνθρώπων
2872 4819 3232 4888 ἀφανίσαντος
3265 4858 3281 4884 ,
3354 4815 3704 4886 ὀκνηρότερον

430 4911 649 4964 illorum
678 4917 1009 4965 testamenta
1029 4912 1185 4964 irrita
1220 4925 1328 4964 non
1384 4910 1613 4966 faceret.
1642 4911 1759 4967 Jam
1809 4929 1939 4968 vero
1969 4916 2015 4969 si

2130 4915 2244 4985 (ἵνα
2297 4913 2372 4985 μὴ
2428 4915 2571 4983 λέγω
2631 4913 2911 4978 παντελῶς
2970 4913 3312 4985 ἀπρόθυμον)
3369 4912 3513 4963 ποιεῖ
3577 4908 3704 4980 πρὸς

430 5003 728 5057 liberandae
788 5003 983 5057 animae
1017 5005 1254 5075 pretium
1314 5004 1559 5074 proprias
1613 5004 1883 5073 cujusque
1942 5007 2022 5060 fa-

2124 5007 2224 5079 τὴν
2272 5006 2647 5078 ἐπιχείρησιν,
2702 5008 2840 5076 ὅπερ
2890 5005 3072 5058 οὐκέτι
3118 5004 3319 5074 ὁμοίως
3375 5001 3702 5061 συνέϐαινεν.

430 5097 666 5152 cullates
701 5104 851 5160 sunt,
879 5098 1158 5166 quomodo
1187 5112 1296 5153 non
1323 5098 1376 5151 in
1417 5098 1519 5153 hoc
1597 5101 1761 5171 etiam
1818 5102 2018 5171 captivi

2128 5100 2178 5152 εἰ
2240 5100 2315 5171 μὴ
2364 5102 2569 5170 ἄκυρον
2626 5100 2811 5162 αὐτοῖς
2861 5098 2895 5168 ὴ
2938 5097 3231 5169 νομοθεσία
3284 5095 3574 5168 εἰργάζετο
3614 5095 3704 5163 τὴν

432 5190 689 5260 iniuriam
728 5192 888 5262 longe
925 5192 1217 5262 maximam
1249 5191 1546 5255 sustinent,
1582 5191 1728 5261 quod
1752 5192 1880 5246 dum
1908 5210 2016 5247 non

2126 5191 2391 5255 διάταξιν.
2428 5192 2492 5245 Εἰ
2518 5192 2576 5244 δὲ
2616 5190 2723 5261 γὰρ
2776 5190 2973 5261 λύτρον
3015 5190 3198 5259 ψυχῆς
3254 5191 3285 5257 ὴ
3346 5187 3453 5239 ἰδία
3498 5180 3701 5255 κτῆσις,

434 5282 688 5337 sinuntur
738 5298 769 5335 a
804 5283 923 5354 lege
962 5282 1028 5337 de
1100 5280 1264 5335 rebus
1313 5279 1431 5336 suis
1486 5289 1752 5346 Statuere,
1802 5283 2019 5338 etiamsi

2128 5285 2244 5348 πῶς
2290 5284 2411 5355 οὐχὶ
2459 5286 2554 5339 καί
2585 5284 2729 5338 κατά
2761 5281 2921 5337 τοῦτο
2953 5283 3165 5341 ἀδικίαν
3219 5282 3528 5350 ἀκροτάτην
3584 5277 3704 5331 ὑπο-

1732 5414 1966 5471 ΥΑΒΙίΕ
2003 5418 2410 5475 LECTIONES.

490 5511 513 5542 ⁸
546 5508 732 5577 Steph.
764 5509 880 5562 vult
913 5509 1146 5581 ἑταῖρος.
1171 5577 1195 5581 _
1256 5505 1509 5581 TAZlIlCh.
1548 5517 1601 5560 et
1620 5504 1843 5581 :‘ileerm.
1868 5510 1959 5562 τοῦ
1982 5511 2329 5581 αἰχμαλώτου
2367 5510 2444 5564 ὲλ.
2476 5510 2747 5581 τυχόντος.
2848 5507 2871 5541 ⁸
2906 5506 3098 5565 Melius
3126 5504 3320 5561 ἄλλων.
3403 5503 3426 5535 δ’
3454 5500 3545 5558 Sic
3572 5515 3705 5559 corr.

438 5581 750 5651 Stephanus
779 5590 833 5636 et
853 5577 1124 5651 Agylazus.
1158 5577 1327 5634 Codd.
1352 5581 1429 5640 εἰς
1453 5578 1667 5631 ἑαυτοῦ.

1953 5668 2091 5726 NOT
2095 5670 2183 5730 1E.

512 5771 623 5837 (δῖ)
650 5770 846 5826 Adiit-ti
867 5744 1188 5826 sublevandi
1237 5775 1386 5832 sunt,
1414 5780 1521 5821 non
1572 5763 1837 5819 onerandi
1884 5763 2021 5821 Nov.
2062 5765 2151 5833 9.6,
2185 5765 2323 5820 infra
2357 5764 2479 5819 eod.
