  <div class='ocr_page' id='page_1' title='image "/cluster/home/n/w/nwhite01/storage/ocr_20150623/107/mdp.39015028571910/302.png"; bbox 0 0 4080 6302; ppageno 0'>
   <div class='ocr_carea' id='block_1_1' title="bbox 324 340 432 410">
    <p class='ocr_par' dir='ltr' id='par_1_1' title="bbox 324 340 432 410">
     <span class='ocr_line' id='line_1_1' title="bbox 324 340 432 410; baseline -0.019 -1"><span class='ocrx_word' id='word_1_1' title='bbox 324 340 432 410; x_wconf 76' lang='lat'><strong>517</strong></span> 
     </span>
    </p>
   </div>
   <div class='ocr_carea' id='block_1_2' title="bbox 1417 335 2493 403">
    <p class='ocr_par' dir='ltr' id='par_1_2' title="bbox 1417 335 2493 403">
     <span class='ocr_line' id='line_1_2' title="bbox 1417 335 2493 403; baseline -0.004 -1"><span class='ocrx_word' id='word_1_2' title='bbox 1417 340 1779 403; x_wconf 79' lang='lat' dir='ltr'><strong>NOVELL/E</strong></span> <span class='ocrx_word' id='word_1_3' title='bbox 1819 335 2493 398; x_wconf 74' lang='lat' dir='ltr'><strong>CONSTITUTIONES.</strong></span> 
     </span>
    </p>
   </div>
   <div class='ocr_carea' id='block_1_3' title="bbox 3479 325 3589 395">
    <p class='ocr_par' dir='ltr' id='par_1_3' title="bbox 3479 325 3589 395">
     <span class='ocr_line' id='line_1_3' title="bbox 3479 325 3589 395; baseline -0.055 1"><span class='ocrx_word' id='word_1_4' title='bbox 3479 325 3589 395; x_wconf 79' lang='lat'><strong>518</strong></span> 
     </span>
    </p>
   </div>
   <div class='ocr_carea' id='block_1_4' title="bbox 333 448 1938 530">
    <p class='ocr_par' dir='ltr' id='par_1_4' title="bbox 333 451 1908 530">
     <span class='ocr_line' id='line_1_4' title="bbox 333 451 1908 530; baseline -0.006 -17"><span class='ocrx_word' id='word_1_5' title='bbox 333 455 591 530; x_wconf 72' lang='grc' dir='ltr'>μένουσιν</span> <span class='ocrx_word' id='word_1_6' title='bbox 641 459 692 513; x_wconf 88' lang='lat' dir='ltr'><strong>ol</strong></span> <span class='ocrx_word' id='word_1_7' title='bbox 756 457 1114 530; x_wconf 68' lang='grc' dir='ltr'><strong>αἰχμάλωτοι,</strong></span> <span class='ocrx_word' id='word_1_8' title='bbox 1175 457 1276 511; x_wconf 78' lang='grc' dir='ltr'>οὐκ</span> <span class='ocrx_word' id='word_1_9' title='bbox 1335 457 1564 528; x_wconf 80' lang='grc' dir='ltr'>ἐώμενοι</span> <span class='ocrx_word' id='word_1_10' title='bbox 1614 455 1765 527; x_wconf 80' lang='grc' dir='ltr'>παρὰ</span> <span class='ocrx_word' id='word_1_11' title='bbox 1814 451 1908 506; x_wconf 78' lang='grc' dir='ltr'><strong>τοῦ</strong></span> 
     </span>
    </p>
   </div>
   <div class='ocr_carea' id='block_1_5' title="bbox 2041 448 3591 530">
    <p class='ocr_par' dir='ltr' id='par_1_5' title="bbox 2041 448 3591 522">
     <span class='ocr_line' id='line_1_5' title="bbox 2041 448 3591 522; baseline -0.003 -19"><span class='ocrx_word' id='word_1_12' title='bbox 2041 450 2182 506; x_wconf 75' lang='lat' dir='ltr'><strong>&#39;elint</strong></span> <span class='ocrx_word' id='word_1_13' title='bbox 2216 465 2313 522; x_wconf 88' lang='lat' dir='ltr'><strong>pro</strong></span> <span class='ocrx_word' id='word_1_14' title='bbox 2339 450 2629 507; x_wconf 85' lang='lat' dir='ltr'><strong>animabus</strong></span> <span class='ocrx_word' id='word_1_15' title='bbox 2662 449 2780 506; x_wconf 88' lang='lat' dir='ltr'><strong>suis</strong></span> <span class='ocrx_word' id='word_1_16' title='bbox 2801 448 2938 504; x_wconf 87' lang='lat' dir='ltr'><strong>nihil</strong></span> <span class='ocrx_word' id='word_1_17' title='bbox 2999 460 3180 502; x_wconf 86' lang='lat' dir='ltr'><strong>rerum</strong></span> <span class='ocrx_word' id='word_1_18' title='bbox 3205 458 3432 502; x_wconf 85' lang='lat' dir='ltr'><strong>suarum</strong></span> <span class='ocrx_word' id='word_1_19' title='bbox 3463 456 3591 498; x_wconf 88' lang='lat' dir='ltr'><strong>ero-</strong></span> 
     </span>
    </p>
   </div>
   <div class='ocr_carea' id='block_1_6' title="bbox 328 546 1913 623">
    <p class='ocr_par' dir='ltr' id='par_1_6' title="bbox 328 546 1913 623">
     <span class='ocr_line' id='line_1_6' title="bbox 328 546 1913 623; baseline -0.004 -17"><span class='ocrx_word' id='word_1_20' title='bbox 328 552 499 622; x_wconf 85' lang='grc' dir='ltr'>νόμου</span> <span class='ocrx_word' id='word_1_21' title='bbox 530 551 662 619; x_wconf 74' lang='grc' dir='ltr'>περὶ</span> <span class='ocrx_word' id='word_1_22' title='bbox 709 551 818 604; x_wconf 84' lang='grc' dir='ltr'>τῶν</span> <span class='ocrx_word' id='word_1_23' title='bbox 866 550 1180 622; x_wconf 78' lang='grc' dir='ltr'>προσόντων</span> <span class='ocrx_word' id='word_1_24' title='bbox 1223 549 1447 623; x_wconf 79' lang='grc' dir='ltr'>ὁρίζειν,</span> <span class='ocrx_word' id='word_1_25' title='bbox 1499 549 1566 603; x_wconf 77' lang='grc' dir='ltr'>ἂν</span> <span class='ocrx_word' id='word_1_26' title='bbox 1599 548 1755 602; x_wconf 83' lang='grc' dir='ltr'>τοῦτο</span> <span class='ocrx_word' id='word_1_27' title='bbox 1788 546 1913 617; x_wconf 78' lang='grc' dir='ltr'>βού-</span> 
     </span>
    </p>
   </div>
   <div class='ocr_carea' id='block_1_7' title="bbox 328 636 1910 711">
    <p class='ocr_par' dir='ltr' id='par_1_7' title="bbox 328 636 1910 711">
     <span class='ocr_line' id='line_1_7' title="bbox 328 636 1910 711; baseline -0.003 -18"><span class='ocrx_word' id='word_1_28' title='bbox 328 640 552 705; x_wconf 82' lang='grc' dir='ltr'>λωνται,</span> <span class='ocrx_word' id='word_1_29' title='bbox 581 639 722 711; x_wconf 82' lang='grc' dir='ltr'>ὑπὲρ</span> <span class='ocrx_word' id='word_1_30' title='bbox 752 638 928 711; x_wconf 76' lang='grc' dir='ltr'>ψυχῆς</span> <span class='ocrx_word' id='word_1_31' title='bbox 955 638 1136 694; x_wconf 78' lang='grc' dir='ltr'>αὐτῶν</span> <span class='ocrx_word' id='word_1_32' title='bbox 1172 656 1294 692; x_wconf 92' lang='grc' dir='ltr'>τινα</span> <span class='ocrx_word' id='word_1_33' title='bbox 1333 637 1750 709; x_wconf 83' lang='grc' dir='ltr'>διανενεμῆσθαι</span> <span class='ocrx_word' id='word_1_34' title='bbox 1802 636 1910 688; x_wconf 78' lang='grc' dir='ltr'>τῶν</span> 
     </span>
    </p>
   </div>
   <div class='ocr_carea' id='block_1_8' title="bbox 328 728 1912 803">
    <p class='ocr_par' dir='ltr' id='par_1_8' title="bbox 328 728 1912 803">
     <span class='ocr_line' id='line_1_8' title="bbox 328 728 1912 803; baseline -0.001 -19"><span class='ocrx_word' id='word_1_35' title='bbox 328 731 712 802; x_wconf 74' lang='grc' dir='ltr'>πραγμάτωνς</span> <span class='ocrx_word' id='word_1_36' title='bbox 757 731 883 785; x_wconf 86' lang='grc' dir='ltr'>Ἔτι</span> <span class='ocrx_word' id='word_1_37' title='bbox 907 748 969 800; x_wconf 82' lang='grc' dir='ltr'><strong>γε</strong></span> <span class='ocrx_word' id='word_1_38' title='bbox 1005 729 1113 803; x_wconf 74' lang='grc' dir='ltr'>μὴν</span> <span class='ocrx_word' id='word_1_39' title='bbox 1162 733 1257 786; x_wconf 80' lang='grc' dir='ltr'>καὶ</span> <span class='ocrx_word' id='word_1_40' title='bbox 1300 732 1369 786; x_wconf 79' lang='grc' dir='ltr'>τὰ</span> <span class='ocrx_word' id='word_1_41' title='bbox 1421 730 1553 802; x_wconf 76' lang='grc' dir='ltr'>περὶ</span> <span class='ocrx_word' id='word_1_42' title='bbox 1599 728 1912 800; x_wconf 73' lang='grc' dir='ltr'><strong>ἐλευθερίας</strong></span> 
     </span>
    </p>
   </div>
   <div class='ocr_carea' id='block_1_9' title="bbox 328 820 1914 893">
    <p class='ocr_par' dir='ltr' id='par_1_9' title="bbox 328 820 1914 893">
     <span class='ocr_line' id='line_1_9' title="bbox 328 820 1914 893; baseline -0.001 -18"><span class='ocrx_word' id='word_1_43' title='bbox 328 821 554 884; x_wconf 81' lang='grc' dir='ltr'><strong>ἀτόπως</strong></span> <span class='ocrx_word' id='word_1_44' title='bbox 585 821 650 875; x_wconf 80' lang='grc' dir='ltr'><strong>ἐκ</strong></span> <span class='ocrx_word' id='word_1_45' title='bbox 678 821 868 875; x_wconf 88' lang='grc' dir='ltr'>τούτου</span> <span class='ocrx_word' id='word_1_46' title='bbox 901 821 1245 893; x_wconf 76' lang='grc' dir='ltr'><strong>διακείμενα,</strong></span> <span class='ocrx_word' id='word_1_47' title='bbox 1288 822 1385 878; x_wconf 77' lang='grc' dir='ltr'>καὶ</span> <span class='ocrx_word' id='word_1_48' title='bbox 1426 823 1488 877; x_wconf 83' lang='grc' dir='ltr'>τὸ</span> <span class='ocrx_word' id='word_1_49' title='bbox 1541 821 1740 893; x_wconf 80' lang='grc' dir='ltr'>μᾶλλον</span> <span class='ocrx_word' id='word_1_50' title='bbox 1789 820 1914 875; x_wconf 82' lang='grc' dir='ltr'>ἀτο-</span> 
     </span>
    </p>
   </div>
   <div class='ocr_carea' id='block_1_10' title="bbox 331 907 1916 982">
    <p class='ocr_par' dir='ltr' id='par_1_10' title="bbox 331 907 1916 982">
     <span class='ocr_line' id='line_1_10' title="bbox 331 907 1916 982; baseline 0.003 -22"><span class='ocrx_word' id='word_1_51' title='bbox 331 907 616 972; x_wconf 82' lang='grc' dir='ltr'>πώτατον,</span> <span class='ocrx_word' id='word_1_52' title='bbox 680 910 762 964; x_wconf 81' lang='grc' dir='ltr'>ὅτι</span> <span class='ocrx_word' id='word_1_53' title='bbox 836 910 912 982; x_wconf 80' lang='grc' dir='ltr'>μὴ</span> <span class='ocrx_word' id='word_1_54' title='bbox 970 909 1254 982; x_wconf 80' lang='grc' dir='ltr'><strong>διδομένης</strong></span> <span class='ocrx_word' id='word_1_55' title='bbox 1325 910 1510 974; x_wconf 80' lang='grc' dir='ltr'>ἀδείας</span> <span class='ocrx_word' id='word_1_56' title='bbox 1572 912 1683 975; x_wconf 90' lang='grc' dir='ltr'>τοῖς</span> <span class='ocrx_word' id='word_1_57' title='bbox 1752 909 1916 980; x_wconf 84' lang='grc' dir='ltr'>αἰχμ-</span> 
     </span>
    </p>
   </div>
   <div class='ocr_carea' id='block_1_11' title="bbox 332 999 1912 1075">
    <p class='ocr_par' dir='ltr' id='par_1_11' title="bbox 332 999 1912 1075">
     <span class='ocr_line' id='line_1_11' title="bbox 332 999 1912 1075; baseline 0.004 -23"><span class='ocrx_word' id='word_1_58' title='bbox 332 999 566 1065; x_wconf 81' lang='grc' dir='ltr'>αλώτοις</span> <span class='ocrx_word' id='word_1_59' title='bbox 608 1001 890 1056; x_wconf 72' lang='grc' dir='ltr'><strong>διαθέσθαι</strong></span> <span class='ocrx_word' id='word_1_60' title='bbox 920 1004 1292 1059; x_wconf 86' lang='grc' dir='ltr'>ἀνακύπτουσι</span> <span class='ocrx_word' id='word_1_61' title='bbox 1312 1005 1571 1068; x_wconf 81' lang='grc' dir='ltr'><strong>πολλάκις</strong></span> <span class='ocrx_word' id='word_1_62' title='bbox 1602 1005 1702 1075; x_wconf 86' lang='grc' dir='ltr'>τῆς</span> <span class='ocrx_word' id='word_1_63' title='bbox 1734 1004 1912 1074; x_wconf 84' lang='grc' dir='ltr'>ὑπάρ-</span> 
     </span>
    </p>
   </div>
   <div class='ocr_carea' id='block_1_12' title="bbox 336 1092 1918 1170">
    <p class='ocr_par' dir='ltr' id='par_1_12' title="bbox 336 1092 1918 1170">
     <span class='ocr_line' id='line_1_12' title="bbox 336 1092 1918 1170; baseline 0.003 -24"><span class='ocrx_word' id='word_1_64' title='bbox 336 1092 474 1158; x_wconf 82' lang='grc' dir='ltr'>ξεως</span> <span class='ocrx_word' id='word_1_65' title='bbox 535 1095 818 1168; x_wconf 73' lang='grc' dir='ltr'><strong>κτήτορες,</strong></span> <span class='ocrx_word' id='word_1_66' title='bbox 860 1094 956 1160; x_wconf 79' lang='grc' dir='ltr'>οὓς</span> <span class='ocrx_word' id='word_1_67' title='bbox 1010 1098 1045 1168; x_wconf 80' lang='grc' dir='ltr'><strong>ἡ</strong></span> <span class='ocrx_word' id='word_1_68' title='bbox 1104 1097 1211 1151; x_wconf 85' lang='grc' dir='ltr'>τῶν</span> <span class='ocrx_word' id='word_1_69' title='bbox 1266 1098 1531 1170; x_wconf 77' lang='grc' dir='ltr'><strong>ἐχθίστων</strong></span> <span class='ocrx_word' id='word_1_70' title='bbox 1579 1095 1693 1169; x_wconf 75' lang='grc' dir='ltr'>εἶχε</span> <span class='ocrx_word' id='word_1_71' title='bbox 1754 1099 1918 1169; x_wconf 91' lang='grc' dir='ltr'>μοῖρα</span> 
     </span>
    </p>
   </div>
   <div class='ocr_carea' id='block_1_13' title="bbox 335 1186 1918 1260">
    <p class='ocr_par' dir='ltr' id='par_1_13' title="bbox 335 1186 1918 1260">
     <span class='ocr_line' id='line_1_13' title="bbox 335 1186 1918 1260; baseline 0.003 -23"><span class='ocrx_word' id='word_1_72' title='bbox 335 1187 433 1238; x_wconf 74' lang='grc' dir='ltr'>καὶ</span> <span class='ocrx_word' id='word_1_73' title='bbox 483 1186 592 1240; x_wconf 77' lang='grc' dir='ltr'>οὐδ’</span> <span class='ocrx_word' id='word_1_74' title='bbox 638 1188 831 1260; x_wconf 81' lang='grc' dir='ltr'>ἐνορᾷν</span> <span class='ocrx_word' id='word_1_75' title='bbox 865 1189 1066 1253; x_wconf 78' lang='grc' dir='ltr'>αὐτοὺς</span> <span class='ocrx_word' id='word_1_76' title='bbox 1093 1189 1150 1243; x_wconf 81' lang='grc' dir='ltr'><strong>ἐν</strong></span> <span class='ocrx_word' id='word_1_77' title='bbox 1189 1188 1356 1254; x_wconf 76' lang='grc' dir='ltr'>ζῶσιν</span> <span class='ocrx_word' id='word_1_78' title='bbox 1407 1190 1560 1254; x_wconf 77' lang='grc' dir='ltr'>ὄντες</span> <span class='ocrx_word' id='word_1_79' title='bbox 1618 1188 1918 1260; x_wconf 75' lang='grc' dir='ltr'><strong>ἠνείχοντο,</strong></span> 
     </span>
    </p>
   </div>
   <div class='ocr_carea' id='block_1_14' title="bbox 334 1270 1921 1350">
    <p class='ocr_par' dir='ltr' id='par_1_14' title="bbox 334 1270 1921 1350">
     <span class='ocr_line' id='line_1_14' title="bbox 334 1270 1921 1350; baseline 0.002 -21"><span class='ocrx_word' id='word_1_80' title='bbox 334 1270 400 1330; x_wconf 72' lang='grc' dir='ltr'><strong>οὗ</strong></span> <span class='ocrx_word' id='word_1_81' title='bbox 447 1279 502 1331; x_wconf 89' lang='grc' dir='ltr'><strong>τί</strong></span> <span class='ocrx_word' id='word_1_82' title='bbox 543 1278 610 1331; x_wconf 83' lang='grc' dir='ltr'>ἃν</span> <span class='ocrx_word' id='word_1_83' title='bbox 647 1278 734 1350; x_wconf 75' lang='grc' dir='ltr'>εἴη</span> <span class='ocrx_word' id='word_1_84' title='bbox 789 1278 1165 1349; x_wconf 82' lang='grc' dir='ltr'>φαυλότερον;</span> <span class='ocrx_word' id='word_1_85' title='bbox 1214 1279 1387 1334; x_wconf 81' lang='grc' dir='ltr'>Τοῦτο</span> <span class='ocrx_word' id='word_1_86' title='bbox 1431 1276 1525 1335; x_wconf 80' lang='grc' dir='ltr'>οὖν</span> <span class='ocrx_word' id='word_1_87' title='bbox 1574 1279 1748 1342; x_wconf 78' lang='grc' dir='ltr'>οὕτως</span> <span class='ocrx_word' id='word_1_88' title='bbox 1799 1277 1921 1349; x_wconf 76' lang='grc' dir='ltr'>ἔχον</span> 
     </span>
    </p>
   </div>
   <div class='ocr_carea' id='block_1_15' title="bbox 339 1369 1919 1444">
    <p class='ocr_par' dir='ltr' id='par_1_15' title="bbox 339 1369 1919 1444">
     <span class='ocr_line' id='line_1_15' title="bbox 339 1369 1919 1444; baseline -0.001 -21"><span class='ocrx_word' id='word_1_89' title='bbox 339 1371 439 1423; x_wconf 84' lang='grc' dir='ltr'>οὐκ</span> <span class='ocrx_word' id='word_1_90' title='bbox 468 1369 614 1435; x_wconf 75' lang='grc' dir='ltr'>ἔδοξε</span> <span class='ocrx_word' id='word_1_91' title='bbox 645 1375 713 1444; x_wconf 80' lang='grc' dir='ltr'>τῇ</span> <span class='ocrx_word' id='word_1_92' title='bbox 759 1371 1003 1442; x_wconf 75' lang='grc' dir='ltr'><strong>βασιλείᾳ</strong></span> <span class='ocrx_word' id='word_1_93' title='bbox 1051 1371 1208 1444; x_wconf 71' lang='grc' dir='ltr'>ἡμῶν</span> <span class='ocrx_word' id='word_1_94' title='bbox 1242 1371 1449 1426; x_wconf 84' lang='grc' dir='ltr'>δίκαιον</span> <span class='ocrx_word' id='word_1_95' title='bbox 1497 1374 1766 1443; x_wconf 82' lang='grc' dir='ltr'><strong>παριδεῖν,</strong></span> <span class='ocrx_word' id='word_1_96' title='bbox 1805 1370 1919 1426; x_wconf 78' lang='grc' dir='ltr'><strong>ἀλλ’</strong></span> 
     </span>
    </p>
   </div>
   <div class='ocr_carea' id='block_1_16' title="bbox 341 1458 1924 1538">
    <p class='ocr_par' dir='ltr' id='par_1_16' title="bbox 341 1458 1924 1538">
     <span class='ocr_line' id='line_1_16' title="bbox 341 1458 1924 1538; baseline 0.002 -23"><span class='ocrx_word' id='word_1_97' title='bbox 341 1458 533 1533; x_wconf 79' lang='grc' dir='ltr'>ὥσπερ</span> <span class='ocrx_word' id='word_1_98' title='bbox 596 1465 655 1517; x_wconf 90' lang='grc' dir='ltr'><strong>ἐν</strong></span> <span class='ocrx_word' id='word_1_99' title='bbox 715 1467 830 1528; x_wconf 87' lang='grc' dir='ltr'>τοῖς</span> <span class='ocrx_word' id='word_1_100' title='bbox 890 1465 1070 1529; x_wconf 82' lang='grc' dir='ltr'>ἄλλοις</span> <span class='ocrx_word' id='word_1_101' title='bbox 1128 1465 1273 1521; x_wconf 80' lang='grc' dir='ltr'>κατὰ</span> <span class='ocrx_word' id='word_1_102' title='bbox 1333 1465 1565 1538; x_wconf 86' lang='grc' dir='ltr'>δύναμιν</span> <span class='ocrx_word' id='word_1_103' title='bbox 1618 1466 1716 1533; x_wconf 82' lang='grc' dir='ltr'><strong>τὴν</strong></span> <span class='ocrx_word' id='word_1_104' title='bbox 1771 1465 1924 1536; x_wconf 87' lang='grc' dir='ltr'>παρὰ</span> 
     </span>
    </p>
   </div>
   <div class='ocr_carea' id='block_1_17' title="bbox 339 1547 1925 1626">
    <p class='ocr_par' dir='ltr' id='par_1_17' title="bbox 339 1547 1925 1626">
     <span class='ocr_line' id='line_1_17' title="bbox 339 1547 1925 1626; baseline 0.002 -22"><span class='ocrx_word' id='word_1_105' title='bbox 339 1547 438 1604; x_wconf 83' lang='grc' dir='ltr'>τοῦ</span> <span class='ocrx_word' id='word_1_106' title='bbox 471 1550 784 1622; x_wconf 81' lang='grc' dir='ltr'>κρείττονος</span> <span class='ocrx_word' id='word_1_107' title='bbox 820 1552 1106 1624; x_wconf 81' lang='grc' dir='ltr'>διδομένην</span> <span class='ocrx_word' id='word_1_108' title='bbox 1151 1552 1295 1606; x_wconf 82' lang='grc' dir='ltr'>ὥστε</span> <span class='ocrx_word' id='word_1_109' title='bbox 1348 1554 1449 1624; x_wconf 82' lang='grc' dir='ltr'>τὴν</span> <span class='ocrx_word' id='word_1_110' title='bbox 1496 1555 1774 1626; x_wconf 77' lang='grc' dir='ltr'><strong>ἡμετέραν</strong></span> <span class='ocrx_word' id='word_1_111' title='bbox 1825 1570 1925 1607; x_wconf 82' lang='grc' dir='ltr'>πο-</span> 
     </span>
    </p>
   </div>
   <div class='ocr_carea' id='block_1_18' title="bbox 340 1642 1926 1720">
    <p class='ocr_par' dir='ltr' id='par_1_18' title="bbox 340 1642 1926 1720">
     <span class='ocr_line' id='line_1_18' title="bbox 340 1642 1926 1720; baseline 0.003 -24"><span class='ocrx_word' id='word_1_112' title='bbox 340 1642 554 1698; x_wconf 88' lang='grc' dir='ltr'>λιτείαν</span> <span class='ocrx_word' id='word_1_113' title='bbox 624 1644 684 1698; x_wconf 82' lang='grc' dir='ltr'>εὖ</span> <span class='ocrx_word' id='word_1_114' title='bbox 753 1645 1210 1718; x_wconf 84' lang='grc' dir='ltr'>διοικονομεῖσθαι</span> <span class='ocrx_word' id='word_1_115' title='bbox 1267 1648 1729 1720; x_wconf 75' lang='grc' dir='ltr'>πεφροντίκαμεν,</span> <span class='ocrx_word' id='word_1_116' title='bbox 1783 1647 1926 1701; x_wconf 72' lang='grc' dir='ltr'>οὕτω</span> 
     </span>
    </p>
   </div>
   <div class='ocr_carea' id='block_1_19' title="bbox 341 1737 1924 1812">
    <p class='ocr_par' dir='ltr' id='par_1_19' title="bbox 341 1737 1924 1812">
     <span class='ocr_line' id='line_1_19' title="bbox 341 1737 1924 1812; baseline 0.004 -24"><span class='ocrx_word' id='word_1_117' title='bbox 341 1737 482 1807; x_wconf 71' lang='grc' dir='ltr'>πρὸς</span> <span class='ocrx_word' id='word_1_118' title='bbox 511 1737 572 1790; x_wconf 80' lang='grc' dir='ltr'>τὸ</span> <span class='ocrx_word' id='word_1_119' title='bbox 610 1737 834 1805; x_wconf 82' lang='grc' dir='ltr'>ἄμεινον</span> <span class='ocrx_word' id='word_1_120' title='bbox 894 1739 986 1792; x_wconf 73' lang='grc' dir='ltr'><strong>καὶ</strong></span> <span class='ocrx_word' id='word_1_121' title='bbox 1029 1739 1100 1793; x_wconf 82' lang='grc' dir='ltr'><strong>τὰ</strong></span> <span class='ocrx_word' id='word_1_122' title='bbox 1139 1740 1271 1812; x_wconf 80' lang='grc' dir='ltr'>περὶ</span> <span class='ocrx_word' id='word_1_123' title='bbox 1299 1739 1410 1794; x_wconf 86' lang='grc' dir='ltr'><strong>τῶν</strong></span> <span class='ocrx_word' id='word_1_124' title='bbox 1433 1739 1798 1812; x_wconf 76' lang='grc' dir='ltr'><strong>αἰχμαλώτων</strong></span> <span class='ocrx_word' id='word_1_125' title='bbox 1823 1741 1924 1794; x_wconf 72' lang='lat' dir='ltr'><strong>lm-</strong></span> 
     </span>
    </p>
   </div>
   <div class='ocr_carea' id='block_1_20' title="bbox 339 1828 1034 1902">
    <p class='ocr_par' dir='ltr' id='par_1_20' title="bbox 339 1828 1034 1902">
     <span class='ocr_line' id='line_1_20' title="bbox 339 1828 1034 1902; baseline 0.009 -20"><span class='ocrx_word' id='word_1_126' title='bbox 339 1828 606 1899; x_wconf 81' lang='grc' dir='ltr'>ανορθοῦν</span> <span class='ocrx_word' id='word_1_127' title='bbox 639 1830 1034 1902; x_wconf 82' lang='grc' dir='ltr'>διεγνώκαμεν.</span> 
     </span>
    </p>
   </div>
   <div class='ocr_carea' id='block_1_21' title="bbox 417 1919 1927 1999">
    <p class='ocr_par' dir='ltr' id='par_1_21' title="bbox 417 1919 1927 1999">
     <span class='ocr_line' id='line_1_21' title="bbox 417 1919 1927 1999; baseline 0.007 -27"><span class='ocrx_word' id='word_1_128' title='bbox 417 1919 762 1992; x_wconf 81' lang='grc' dir='ltr'>Θεσπίζομεν</span> <span class='ocrx_word' id='word_1_129' title='bbox 787 1923 827 1955; x_wconf 78' lang='grc'><strong>³·</strong></span> <span class='ocrx_word' id='word_1_130' title='bbox 861 1923 1065 1991; x_wconf 77' lang='grc' dir='ltr'><strong>τοίνυν,</strong></span> <span class='ocrx_word' id='word_1_131' title='bbox 1101 1924 1209 1978; x_wconf 79' lang='grc' dir='ltr'><strong>ἀπὸ</strong></span> <span class='ocrx_word' id='word_1_132' title='bbox 1235 1923 1330 1979; x_wconf 83' lang='grc' dir='ltr'><strong>τοῦ</strong></span> <span class='ocrx_word' id='word_1_133' title='bbox 1361 1924 1630 1996; x_wconf 82' lang='grc' dir='ltr'><strong>παρόντος</strong></span> <span class='ocrx_word' id='word_1_134' title='bbox 1663 1926 1927 1999; x_wconf 77' lang='grc' dir='ltr'>μηδαμῶς</span> 
     </span>
    </p>
   </div>
   <div class='ocr_carea' id='block_1_22' title="bbox 341 2013 1930 2088">
    <p class='ocr_par' dir='ltr' id='par_1_22' title="bbox 341 2013 1930 2088">
     <span class='ocr_line' id='line_1_22' title="bbox 341 2013 1930 2088; baseline 0.004 -23"><span class='ocrx_word' id='word_1_135' title='bbox 341 2015 474 2076; x_wconf 72' lang='grc' dir='ltr'>τοὺς</span> <span class='ocrx_word' id='word_1_136' title='bbox 515 2015 574 2066; x_wconf 87' lang='grc' dir='ltr'><strong>ἐν</strong></span> <span class='ocrx_word' id='word_1_137' title='bbox 625 2015 980 2088; x_wconf 77' lang='grc' dir='ltr'>αἰχμαλωσίᾳ</span> <span class='ocrx_word' id='word_1_138' title='bbox 1031 2017 1112 2088; x_wconf 82' lang='grc' dir='ltr'><strong>τῷ</strong></span> <span class='ocrx_word' id='word_1_139' title='bbox 1151 2017 1492 2088; x_wconf 75' lang='grc' dir='ltr'><strong>ἁπείργοντι⁹</strong></span> <span class='ocrx_word' id='word_1_140' title='bbox 1528 2013 1726 2083; x_wconf 82' lang='grc' dir='ltr'>αὐτοὺς</span> <span class='ocrx_word' id='word_1_141' title='bbox 1756 2018 1930 2074; x_wconf 89' lang='grc' dir='ltr'>διατί-</span> 
     </span>
    </p>
   </div>
   <div class='ocr_carea' id='block_1_23' title="bbox 344 2101 1928 2180">
    <p class='ocr_par' dir='ltr' id='par_1_23' title="bbox 344 2101 1928 2180">
     <span class='ocr_line' id='line_1_23' title="bbox 344 2101 1928 2180; baseline 0.004 -26"><span class='ocrx_word' id='word_1_142' title='bbox 344 2101 538 2155; x_wconf 87' lang='grc' dir='ltr'>θεσθαι</span> <span class='ocrx_word' id='word_1_143' title='bbox 587 2103 740 2173; x_wconf 83' lang='grc' dir='ltr'>νόμῳ</span> <span class='ocrx_word' id='word_1_144' title='bbox 791 2103 982 2178; x_wconf 84' lang='grc' dir='ltr'>ὡσπερ</span> <span class='ocrx_word' id='word_1_145' title='bbox 1018 2106 1115 2160; x_wconf 76' lang='grc' dir='ltr'>καὶ</span> <span class='ocrx_word' id='word_1_146' title='bbox 1158 2106 1218 2160; x_wconf 83' lang='grc' dir='ltr'>τὸ</span> <span class='ocrx_word' id='word_1_147' title='bbox 1271 2107 1540 2180; x_wconf 85' lang='grc' dir='ltr'>πρότερον</span> <span class='ocrx_word' id='word_1_148' title='bbox 1588 2107 1928 2170; x_wconf 82' lang='grc' dir='ltr'>ὑποκεῖσθαι,</span> 
     </span>
    </p>
   </div>
   <div class='ocr_carea' id='block_1_24' title="bbox 344 2192 1933 2273">
    <p class='ocr_par' dir='ltr' id='par_1_24' title="bbox 344 2192 1933 2273">
     <span class='ocr_line' id='line_1_24' title="bbox 344 2192 1933 2273; baseline 0.004 -27"><span class='ocrx_word' id='word_1_149' title='bbox 344 2192 464 2246; x_wconf 84' lang='grc' dir='ltr'><strong>ἀλλ’</strong></span> <span class='ocrx_word' id='word_1_150' title='bbox 537 2194 740 2258; x_wconf 84' lang='grc' dir='ltr'>ἐξεῖναι</span> <span class='ocrx_word' id='word_1_151' title='bbox 796 2195 1045 2263; x_wconf 77' lang='grc' dir='ltr'><strong>τούτοις,</strong></span> <span class='ocrx_word' id='word_1_152' title='bbox 1103 2199 1153 2254; x_wconf 85' lang='grc' dir='ltr'><strong>εί</strong></span> <span class='ocrx_word' id='word_1_153' title='bbox 1218 2199 1318 2270; x_wconf 81' lang='grc' dir='ltr'>μὲν</span> <span class='ocrx_word' id='word_1_154' title='bbox 1373 2195 1486 2253; x_wconf 76' lang='grc' dir='ltr'>οἷόν</span> <span class='ocrx_word' id='word_1_155' title='bbox 1549 2218 1608 2256; x_wconf 86' lang='grc' dir='ltr'><strong>τε</strong></span> <span class='ocrx_word' id='word_1_156' title='bbox 1660 2200 1933 2273; x_wconf 82' lang='grc' dir='ltr'>παρουσίᾳ</span> 
     </span>
    </p>
   </div>
   <div class='ocr_carea' id='block_1_25' title="bbox 345 2287 1932 2366">
    <p class='ocr_par' dir='ltr' id='par_1_25' title="bbox 345 2287 1932 2366">
     <span class='ocr_line' id='line_1_25' title="bbox 345 2287 1932 2366; baseline 0.006 -26"><span class='ocrx_word' id='word_1_157' title='bbox 345 2287 514 2342; x_wconf 78' lang='grc' dir='ltr'>πέντε</span> <span class='ocrx_word' id='word_1_158' title='bbox 587 2289 904 2362; x_wconf 86' lang='grc' dir='ltr'>μαρτύρων,</span> <span class='ocrx_word' id='word_1_159' title='bbox 963 2293 1013 2344; x_wconf 86' lang='grc' dir='ltr'><strong>εί</strong></span> <span class='ocrx_word' id='word_1_160' title='bbox 1084 2292 1140 2346; x_wconf 85' lang='grc' dir='ltr'>δὲ</span> <span class='ocrx_word' id='word_1_161' title='bbox 1209 2293 1284 2364; x_wconf 81' lang='grc' dir='ltr'>μὴ</span> <span class='ocrx_word' id='word_1_162' title='bbox 1340 2293 1530 2364; x_wconf 83' lang='grc' dir='ltr'>τριῶν,</span> <span class='ocrx_word' id='word_1_163' title='bbox 1590 2294 1700 2348; x_wconf 75' lang='grc' dir='ltr'>εἴτε</span> <span class='ocrx_word' id='word_1_164' title='bbox 1747 2297 1932 2366; x_wconf 83' lang='grc' dir='ltr'>γραφῇ</span> 
     </span>
    </p>
   </div>
   <div class='ocr_carea' id='block_1_26' title="bbox 345 2378 1936 2459">
    <p class='ocr_par' dir='ltr' id='par_1_26' title="bbox 345 2378 1936 2459">
     <span class='ocr_line' id='line_1_26' title="bbox 345 2378 1936 2459; baseline 0.005 -25"><span class='ocrx_word' id='word_1_165' title='bbox 345 2378 690 2454; x_wconf 77' lang='grc' dir='ltr'>παραδοῦναι</span> <span class='ocrx_word' id='word_1_166' title='bbox 757 2383 858 2454; x_wconf 83' lang='grc' dir='ltr'>τὴν</span> <span class='ocrx_word' id='word_1_167' title='bbox 919 2382 1177 2453; x_wconf 84' lang='grc' dir='ltr'>βούλησιν</span> <span class='ocrx_word' id='word_1_168' title='bbox 1237 2387 1348 2440; x_wconf 82' lang='grc' dir='ltr'>εἴτε</span> <span class='ocrx_word' id='word_1_169' title='bbox 1410 2385 1647 2459; x_wconf 79' lang='grc' dir='ltr'>ἀγράφῳ</span> <span class='ocrx_word' id='word_1_170' title='bbox 1694 2387 1936 2454; x_wconf 78' lang='grc' dir='ltr'>διατάξει</span> 
     </span>
    </p>
   </div>
   <div class='ocr_carea' id='block_1_27' title="bbox 346 2475 1939 2551">
    <p class='ocr_par' dir='ltr' id='par_1_27' title="bbox 346 2475 1939 2551">
     <span class='ocr_line' id='line_1_27' title="bbox 346 2475 1939 2551; baseline 0.004 -22"><span class='ocrx_word' id='word_1_171' title='bbox 346 2475 691 2539; x_wconf 74' lang='grc' dir='ltr'>ἐκτίθεσθαι,</span> <span class='ocrx_word' id='word_1_172' title='bbox 743 2477 990 2547; x_wconf 82' lang='grc' dir='ltr'>δηλονότι</span> <span class='ocrx_word' id='word_1_173' title='bbox 1049 2479 1200 2551; x_wconf 83' lang='grc' dir='ltr'><strong>ὅρκῳ</strong></span> <span class='ocrx_word' id='word_1_174' title='bbox 1249 2478 1616 2550; x_wconf 77' lang='grc' dir='ltr'>βεϐαιούντων</span> <span class='ocrx_word' id='word_1_175' title='bbox 1683 2481 1796 2537; x_wconf 83' lang='grc' dir='ltr'><strong>τῶν</strong></span> <span class='ocrx_word' id='word_1_176' title='bbox 1857 2483 1939 2547; x_wconf 85' lang='grc' dir='ltr'><strong>είς</strong></span> 
     </span>
    </p>
   </div>
   <div class='ocr_carea' id='block_1_28' title="bbox 345 2568 1942 2646">
    <p class='ocr_par' dir='ltr' id='par_1_28' title="bbox 345 2568 1942 2646">
     <span class='ocr_line' id='line_1_28' title="bbox 345 2568 1942 2646; baseline 0.005 -25"><span class='ocrx_word' id='word_1_177' title='bbox 345 2568 452 2639; x_wconf 78' lang='grc' dir='ltr'>τὴν</span> <span class='ocrx_word' id='word_1_178' title='bbox 510 2569 822 2642; x_wconf 80' lang='grc' dir='ltr'>μαρτυρίαν</span> <span class='ocrx_word' id='word_1_179' title='bbox 876 2571 1353 2642; x_wconf 82' lang='grc' dir='ltr'>παραληφθέντων</span> <span class='ocrx_word' id='word_1_180' title='bbox 1405 2571 1468 2626; x_wconf 81' lang='grc' dir='ltr'>τὸ</span> <span class='ocrx_word' id='word_1_181' title='bbox 1521 2574 1942 2646; x_wconf 83' lang='grc' dir='ltr'>ἀπαραποίητον</span> 
     </span>
    </p>
   </div>
   <div class='ocr_carea' id='block_1_29' title="bbox 348 2659 1986 2733">
    <p class='ocr_par' dir='ltr' id='par_1_29' title="bbox 348 2659 1986 2733">
     <span class='ocr_line' id='line_1_29' title="bbox 348 2659 1986 2733; baseline 0.004 -20"><span class='ocrx_word' id='word_1_182' title='bbox 348 2663 418 2733; x_wconf 78' lang='grc' dir='ltr'>τῇ</span> <span class='ocrx_word' id='word_1_183' title='bbox 453 2659 548 2714; x_wconf 84' lang='grc' dir='ltr'>τοῦ</span> <span class='ocrx_word' id='word_1_184' title='bbox 585 2661 1010 2732; x_wconf 81' lang='grc' dir='ltr'>τελευτήσαντος</span> <span class='ocrx_word' id='word_1_185' title='bbox 1039 2663 1393 2729; x_wconf 78' lang='grc' dir='ltr'>διατυπώσει,</span> <span class='ocrx_word' id='word_1_186' title='bbox 1425 2663 1490 2718; x_wconf 80' lang='grc' dir='ltr'>ἄν</span> <span class='ocrx_word' id='word_1_187' title='bbox 1529 2680 1589 2718; x_wconf 85' lang='grc' dir='ltr'><strong>τε</strong></span> <span class='ocrx_word' id='word_1_188' title='bbox 1617 2665 1823 2719; x_wconf 86' lang='grc' dir='ltr'>παίδων</span> <span class='ocrx_word' id='word_1_189' title='bbox 1854 2665 1942 2719; x_wconf 81' lang='grc' dir='ltr'>δν·</span> <span class='ocrx_word' id='word_1_190' title='bbox 1982 2660 1986 2664; x_wconf 71' lang='grc'><em>’</em></span> 
     </span>
    </p>
   </div>
   <div class='ocr_carea' id='block_1_30' title="bbox 353 2753 1940 2828">
    <p class='ocr_par' dir='ltr' id='par_1_30' title="bbox 353 2753 1940 2828">
     <span class='ocr_line' id='line_1_30' title="bbox 353 2753 1940 2828; baseline 0.003 -23"><span class='ocrx_word' id='word_1_191' title='bbox 353 2769 466 2806; x_wconf 85' lang='grc' dir='ltr'><strong>των</strong></span> <span class='ocrx_word' id='word_1_192' title='bbox 491 2754 732 2816; x_wconf 77' lang='grc' dir='ltr'>ἐκείνους</span> <span class='ocrx_word' id='word_1_193' title='bbox 761 2753 1143 2808; x_wconf 83' lang='grc' dir='ltr'>καταλείποιτο</span> <span class='ocrx_word' id='word_1_194' title='bbox 1157 2754 1200 2786; x_wconf 70' lang='grc' dir='ltr'><strong>ιο</strong></span> <span class='ocrx_word' id='word_1_195' title='bbox 1234 2755 1336 2824; x_wconf 77' lang='grc' dir='ltr'>τῆς</span> <span class='ocrx_word' id='word_1_196' title='bbox 1358 2762 1676 2826; x_wconf 80' lang='grc' dir='ltr'>περιουσίας</span> <span class='ocrx_word' id='word_1_197' title='bbox 1700 2754 1940 2828; x_wconf 86' lang='grc' dir='ltr'>κυρίους,</span> 
     </span>
    </p>
   </div>
   <div class='ocr_carea' id='block_1_31' title="bbox 354 2843 1944 2922">
    <p class='ocr_par' dir='ltr' id='par_1_31' title="bbox 354 2843 1944 2922">
     <span class='ocr_line' id='line_1_31' title="bbox 354 2843 1944 2922; baseline 0.003 -24"><span class='ocrx_word' id='word_1_198' title='bbox 354 2843 430 2921; x_wconf 64' lang='grc' dir='ltr'>ἄν</span> <span class='ocrx_word' id='word_1_199' title='bbox 453 2859 514 2896; x_wconf 90' lang='grc' dir='ltr'><strong>τε</strong></span> <span class='ocrx_word' id='word_1_200' title='bbox 541 2844 615 2914; x_wconf 84' lang='grc' dir='ltr'>μὴ</span> <span class='ocrx_word' id='word_1_201' title='bbox 643 2844 840 2908; x_wconf 88' lang='grc' dir='ltr'>παῖδας</span> <span class='ocrx_word' id='word_1_202' title='bbox 863 2843 1001 2914; x_wconf 76' lang='grc' dir='ltr'>ἔχων</span> <span class='ocrx_word' id='word_1_203' title='bbox 1025 2845 1244 2916; x_wconf 81' lang='grc' dir='ltr'>ἐτέρους</span> <span class='ocrx_word' id='word_1_204' title='bbox 1275 2847 1356 2908; x_wconf 82' lang='grc' dir='ltr'><strong>είς</strong></span> <span class='ocrx_word' id='word_1_205' title='bbox 1385 2845 1476 2900; x_wconf 78' lang='grc' dir='ltr'>τὸν</span> <span class='ocrx_word' id='word_1_206' title='bbox 1501 2845 1702 2918; x_wconf 82' lang='grc' dir='ltr'>κλῆρον</span> <span class='ocrx_word' id='word_1_207' title='bbox 1728 2847 1944 2922; x_wconf 72' lang='grc' dir='ltr'>εἰσάγῃ.</span> 
     </span>
    </p>
   </div>
   <div class='ocr_carea' id='block_1_32' title="bbox 354 2936 1948 3010">
    <p class='ocr_par' dir='ltr' id='par_1_32' title="bbox 354 2936 1948 3010">
     <span class='ocr_line' id='line_1_32' title="bbox 354 2936 1948 3010; baseline 0.001 -18"><span class='ocrx_word' id='word_1_208' title='bbox 354 2939 433 2992; x_wconf 83' lang='grc' dir='ltr'><strong>Οὐ</strong></span> <span class='ocrx_word' id='word_1_209' title='bbox 467 2938 577 3010; x_wconf 74' lang='grc' dir='ltr'><strong>γὰρ</strong></span> <span class='ocrx_word' id='word_1_210' title='bbox 611 2938 820 3002; x_wconf 67' lang='grc' dir='ltr'>δίκαιον</span> <span class='ocrx_word' id='word_1_211' title='bbox 844 2936 1144 3009; x_wconf 79' lang='grc' dir='ltr'>ἡγούμεθα,</span> <span class='ocrx_word' id='word_1_212' title='bbox 1168 2938 1295 3003; x_wconf 80' lang='grc' dir='ltr'>τοὺς</span> <span class='ocrx_word' id='word_1_213' title='bbox 1328 2939 1583 3010; x_wconf 63' lang='grc' dir='ltr'><strong>ἐπίο-ισιςΗ</strong></span> <span class='ocrx_word' id='word_1_214' title='bbox 1618 2941 1948 3010; x_wconf 76' lang='grc' dir='ltr'>μετέχοντας</span> 
     </span>
    </p>
   </div>
   <div class='ocr_carea' id='block_1_33' title="bbox 357 3028 1951 3105">
    <p class='ocr_par' dir='ltr' id='par_1_33' title="bbox 357 3028 1951 3105">
     <span class='ocr_line' id='line_1_33' title="bbox 357 3028 1951 3105; baseline 0.002 -23"><span class='ocrx_word' id='word_1_215' title='bbox 357 3030 454 3082; x_wconf 82' lang='grc' dir='ltr'><strong>τοῦ</strong></span> <span class='ocrx_word' id='word_1_216' title='bbox 489 3029 672 3083; x_wconf 83' lang='grc' dir='ltr'>κοινοῦ</span> <span class='ocrx_word' id='word_1_217' title='bbox 716 3029 816 3102; x_wconf 84' lang='grc' dir='ltr'>τῆς</span> <span class='ocrx_word' id='word_1_218' title='bbox 867 3028 1143 3093; x_wconf 86' lang='grc' dir='ltr'>πολιτείας</span> <span class='ocrx_word' id='word_1_219' title='bbox 1188 3029 1455 3100; x_wconf 80' lang='grc' dir='ltr'>ὀνόματος</span> <span class='ocrx_word' id='word_1_220' title='bbox 1514 3034 1588 3102; x_wconf 74' lang='grc' dir='ltr'>μὴ</span> <span class='ocrx_word' id='word_1_221' title='bbox 1641 3033 1730 3104; x_wconf 82' lang='grc' dir='ltr'><strong>ῐσῃ</strong></span> <span class='ocrx_word' id='word_1_222' title='bbox 1786 3031 1951 3105; x_wconf 63' lang='grc' dir='ltr'>μοίρᾳ.</span> 
     </span>
    </p>
   </div>
   <div class='ocr_carea' id='block_1_34' title="bbox 358 3122 1950 3194">
    <p class='ocr_par' dir='ltr' id='par_1_34' title="bbox 358 3122 1950 3194">
     <span class='ocr_line' id='line_1_34' title="bbox 358 3122 1950 3194; baseline 0.002 -18"><span class='ocrx_word' id='word_1_223' title='bbox 358 3123 470 3178; x_wconf 84' lang='grc' dir='ltr'>τῶν</span> <span class='ocrx_word' id='word_1_224' title='bbox 525 3124 622 3177; x_wconf 79' lang='grc' dir='ltr'><strong>τοῦ</strong></span> <span class='ocrx_word' id='word_1_225' title='bbox 676 3122 845 3194; x_wconf 87' lang='grc' dir='ltr'>νόμου</span> <span class='ocrx_word' id='word_1_226' title='bbox 919 3123 1146 3177; x_wconf 88' lang='grc' dir='ltr'>δικαίων</span> <span class='ocrx_word' id='word_1_227' title='bbox 1201 3124 1501 3194; x_wconf 86' lang='grc' dir='ltr'>τιμᾶσθαι,</span> <span class='ocrx_word' id='word_1_228' title='bbox 1562 3125 1686 3179; x_wconf 77' lang='grc' dir='ltr'>καθ’</span> <span class='ocrx_word' id='word_1_229' title='bbox 1741 3124 1837 3190; x_wconf 86' lang='grc' dir='ltr'><strong>οὒς</strong></span> <span class='ocrx_word' id='word_1_230' title='bbox 1890 3125 1950 3179; x_wconf 88' lang='grc' dir='ltr'>τὸ</span> 
     </span>
    </p>
   </div>
   <div class='ocr_carea' id='block_1_35' title="bbox 359 3215 1951 3293">
    <p class='ocr_par' dir='ltr' id='par_1_35' title="bbox 359 3215 1951 3293">
     <span class='ocr_line' id='line_1_35' title="bbox 359 3215 1951 3293; baseline 0.003 -23"><span class='ocrx_word' id='word_1_231' title='bbox 359 3218 635 3287; x_wconf 82' lang='grc' dir='ltr'>ὁμόφυλον</span> <span class='ocrx_word' id='word_1_232' title='bbox 688 3215 1058 3282; x_wconf 81' lang='grc' dir='ltr'>πολιτεύεται,</span> <span class='ocrx_word' id='word_1_233' title='bbox 1115 3216 1251 3272; x_wconf 79' lang='grc' dir='ltr'><strong>ἀλλὰ</strong></span> <span class='ocrx_word' id='word_1_234' title='bbox 1304 3218 1432 3282; x_wconf 79' lang='grc' dir='ltr'>τοὺς</span> <span class='ocrx_word' id='word_1_235' title='bbox 1477 3219 1578 3289; x_wconf 79' lang='grc' dir='ltr'>μὲν</span> <span class='ocrx_word' id='word_1_236' title='bbox 1619 3221 1951 3293; x_wconf 81' lang='grc' dir='ltr'>ἀπειράτους</span> 
     </span>
    </p>
   </div>
   <div class='ocr_carea' id='block_1_36' title="bbox 362 3307 1955 3387">
    <p class='ocr_par' dir='ltr' id='par_1_36' title="bbox 362 3307 1955 3387">
     <span class='ocr_line' id='line_1_36' title="bbox 362 3307 1955 3387; baseline 0.001 -21"><span class='ocrx_word' id='word_1_237' title='bbox 362 3311 749 3384; x_wconf 79' lang='grc' dir='ltr'>αἰχμαλωσίας</span> <span class='ocrx_word' id='word_1_238' title='bbox 793 3311 940 3384; x_wconf 82' lang='grc' dir='ltr'>ἔχειν</span> <span class='ocrx_word' id='word_1_239' title='bbox 988 3311 1239 3379; x_wconf 74' lang='grc' dir='ltr'>ἐξουσίαν</span> <span class='ocrx_word' id='word_1_240' title='bbox 1275 3314 1352 3378; x_wconf 87' lang='grc' dir='ltr'><strong>ὡς</strong></span> <span class='ocrx_word' id='word_1_241' title='bbox 1406 3307 1595 3379; x_wconf 80' lang='grc' dir='ltr'>αὐτοῖς</span> <span class='ocrx_word' id='word_1_242' title='bbox 1626 3313 1775 3370; x_wconf 83' lang='grc' dir='ltr'>δοκεῖ</span> <span class='ocrx_word' id='word_1_243' title='bbox 1824 3315 1955 3387; x_wconf 71' lang='grc' dir='ltr'>περὶ</span> 
     </span>
    </p>
   </div>
   <div class='ocr_carea' id='block_1_37' title="bbox 367 3403 1954 3478">
    <p class='ocr_par' dir='ltr' id='par_1_37' title="bbox 367 3403 1954 3478">
     <span class='ocr_line' id='line_1_37' title="bbox 367 3403 1954 3478; baseline 0.001 -20"><span class='ocrx_word' id='word_1_244' title='bbox 367 3406 476 3460; x_wconf 81' lang='grc' dir='ltr'><strong>τῶν</strong></span> <span class='ocrx_word' id='word_1_245' title='bbox 510 3404 659 3458; x_wconf 78' lang='grc' dir='ltr'>[δίων</span> <span class='ocrx_word' id='word_1_246' title='bbox 690 3403 1068 3474; x_wconf 85' lang='grc' dir='ltr'>βουλεύεσθαι,</span> <span class='ocrx_word' id='word_1_247' title='bbox 1100 3405 1230 3469; x_wconf 81' lang='grc' dir='ltr'>τοὺς</span> <span class='ocrx_word' id='word_1_248' title='bbox 1261 3405 1318 3459; x_wconf 81' lang='grc' dir='ltr'>δὲ</span> <span class='ocrx_word' id='word_1_249' title='bbox 1352 3405 1451 3477; x_wconf 82' lang='grc' dir='ltr'><strong>μὴ,</strong></span> <span class='ocrx_word' id='word_1_250' title='bbox 1474 3404 1665 3477; x_wconf 80' lang='grc' dir='ltr'>ὥσπερ</span> <span class='ocrx_word' id='word_1_251' title='bbox 1701 3405 1954 3478; x_wconf 76' lang='grc' dir='ltr'>ἔγκλημα</span> 
     </span>
    </p>
   </div>
   <div class='ocr_carea' id='block_1_38' title="bbox 369 3494 1957 3567">
    <p class='ocr_par' dir='ltr' id='par_1_38' title="bbox 369 3494 1957 3567">
     <span class='ocr_line' id='line_1_38' title="bbox 369 3494 1957 3567; baseline 0.001 -19"><span class='ocrx_word' id='word_1_252' title='bbox 369 3495 593 3567; x_wconf 70' lang='grc' dir='ltr'>ἔχοντας</span> <span class='ocrx_word' id='word_1_253' title='bbox 618 3494 1194 3567; x_wconf 83' lang='grc' dir='ltr'>δτιπροπο).εμοῦντες</span> <span class='ocrx_word' id='word_1_254' title='bbox 1208 3494 1316 3548; x_wconf 84' lang='grc' dir='ltr'><strong>τῶν</strong></span> <span class='ocrx_word' id='word_1_255' title='bbox 1346 3495 1635 3567; x_wconf 81' lang='grc' dir='ltr'>ὁμοφύλων</span> <span class='ocrx_word' id='word_1_256' title='bbox 1655 3495 1736 3560; x_wconf 81' lang='grc' dir='ltr'><strong>είς</strong></span> <span class='ocrx_word' id='word_1_257' title='bbox 1761 3497 1957 3566; x_wconf 76' lang='grc' dir='ltr'>πεῖραν</span> 
     </span>
    </p>
   </div>
   <div class='ocr_carea' id='block_1_39' title="bbox 367 3583 1953 3661">
    <p class='ocr_par' dir='ltr' id='par_1_39' title="bbox 367 3583 1953 3661">
     <span class='ocr_line' id='line_1_39' title="bbox 367 3583 1953 3661; baseline 0.001 -20"><span class='ocrx_word' id='word_1_258' title='bbox 367 3586 624 3651; x_wconf 80' lang='grc' dir='ltr'>ἁλώσεως</span> <span class='ocrx_word' id='word_1_259' title='bbox 648 3583 830 3658; x_wconf 79' lang='grc' dir='ltr'>ἦλθον.</span> <span class='ocrx_word' id='word_1_260' title='bbox 876 3589 938 3642; x_wconf 80' lang='lat' dir='ltr'><strong>Ei</strong></span> <span class='ocrx_word' id='word_1_261' title='bbox 985 3587 1234 3659; x_wconf 67' lang='grc' dir='ltr'>μέντοιγε</span> <span class='ocrx_word' id='word_1_262' title='bbox 1287 3605 1370 3653; x_wconf 89' lang='grc' dir='ltr'><strong>τις</strong></span> <span class='ocrx_word' id='word_1_263' title='bbox 1418 3587 1527 3642; x_wconf 83' lang='grc' dir='ltr'><strong>τῶν</strong></span> <span class='ocrx_word' id='word_1_264' title='bbox 1545 3587 1953 3661; x_wconf 78' lang='grc' dir='ltr'>δορυαλώτωνῆ</span> 
     </span>
    </p>
   </div>
   <div class='ocr_carea' id='block_1_40' title="bbox 370 3676 1958 3753">
    <p class='ocr_par' dir='ltr' id='par_1_40' title="bbox 370 3676 1958 3753">
     <span class='ocr_line' id='line_1_40' title="bbox 370 3676 1958 3753; baseline 0.001 -20"><span class='ocrx_word' id='word_1_265' title='bbox 370 3680 655 3751; x_wconf 82' lang='grc' dir='ltr'>ἐθελοντὴς</span> <span class='ocrx_word' id='word_1_266' title='bbox 689 3680 722 3750; x_wconf 80' lang='grc' dir='ltr'><strong>ἢ</strong></span> <span class='ocrx_word' id='word_1_267' title='bbox 758 3678 847 3751; x_wconf 82' lang='grc' dir='ltr'><strong>ὑφ’</strong></span> <span class='ocrx_word' id='word_1_268' title='bbox 877 3676 953 3736; x_wconf 80' lang='grc' dir='ltr'><strong>ὢν</strong></span> <span class='ocrx_word' id='word_1_269' title='bbox 977 3681 1262 3752; x_wconf 83' lang='grc' dir='ltr'>κατέχεται</span> <span class='ocrx_word' id='word_1_270' title='bbox 1290 3683 1335 3716; x_wconf 70' lang='grc'><strong>’³</strong></span> <span class='ocrx_word' id='word_1_271' title='bbox 1389 3680 1511 3753; x_wconf 88' lang='grc' dir='ltr'>βίαν</span> <span class='ocrx_word' id='word_1_272' title='bbox 1545 3681 1834 3752; x_wconf 79' lang='grc' dir='ltr'>ὑπομένων</span> <span class='ocrx_word' id='word_1_273' title='bbox 1865 3683 1958 3735; x_wconf 74' lang='grc' dir='ltr'>ἐπὶ</span> 
     </span>
    </p>
   </div>
   <div class='ocr_carea' id='block_1_41' title="bbox 372 3772 1958 3846">
    <p class='ocr_par' dir='ltr' id='par_1_41' title="bbox 372 3772 1958 3846">
     <span class='ocr_line' id='line_1_41' title="bbox 372 3772 1958 3846; baseline -0.001 -17"><span class='ocrx_word' id='word_1_274' title='bbox 372 3773 582 3844; x_wconf 82' lang='grc' dir='ltr'>ταύτην</span> <span class='ocrx_word' id='word_1_275' title='bbox 621 3772 767 3828; x_wconf 80' lang='grc' dir='ltr'>ἔλθοι</span> <span class='ocrx_word' id='word_1_276' title='bbox 793 3774 893 3841; x_wconf 85' lang='grc' dir='ltr'>τὴν</span> <span class='ocrx_word' id='word_1_277' title='bbox 919 3774 1171 3846; x_wconf 86' lang='grc' dir='ltr'>γνώμην,</span> <span class='ocrx_word' id='word_1_278' title='bbox 1201 3773 1342 3828; x_wconf 81' lang='grc' dir='ltr'>ὥστε</span> <span class='ocrx_word' id='word_1_279' title='bbox 1369 3776 1436 3828; x_wconf 82' lang='grc' dir='ltr'>τὰ</span> <span class='ocrx_word' id='word_1_280' title='bbox 1465 3773 1632 3828; x_wconf 82' lang='grc' dir='ltr'>αὐτοῦ</span> <span class='ocrx_word' id='word_1_281' title='bbox 1657 3775 1958 3846; x_wconf 81' lang='grc' dir='ltr'>πράγματα</span> 
     </span>
    </p>
   </div>
   <div class='ocr_carea' id='block_1_42' title="bbox 372 3863 1960 3935">
    <p class='ocr_par' dir='ltr' id='par_1_42' title="bbox 372 3863 1960 3935">
     <span class='ocr_line' id='line_1_42' title="bbox 372 3863 1960 3935; baseline 0.001 -17"><span class='ocrx_word' id='word_1_282' title='bbox 372 3865 454 3928; x_wconf 78' lang='grc' dir='ltr'><strong>είς</strong></span> <span class='ocrx_word' id='word_1_283' title='bbox 486 3864 612 3927; x_wconf 81' lang='grc' dir='ltr'>τοὺς</span> <span class='ocrx_word' id='word_1_284' title='bbox 643 3864 938 3935; x_wconf 81' lang='grc' dir='ltr'>πολεμίους</span> <span class='ocrx_word' id='word_1_285' title='bbox 989 3865 1190 3935; x_wconf 87' lang='grc' dir='ltr'>χωρεῖν</span> <span class='ocrx_word' id='word_1_286' title='bbox 1238 3863 1600 3927; x_wconf 85' lang='grc' dir='ltr'>διατυπῶσαι,</span> <span class='ocrx_word' id='word_1_287' title='bbox 1634 3866 1755 3919; x_wconf 81' lang='grc' dir='ltr'>τότε</span> <span class='ocrx_word' id='word_1_288' title='bbox 1803 3866 1960 3920; x_wconf 82' lang='grc' dir='ltr'>οὐδα-</span> 
     </span>
    </p>
   </div>
   <div class='ocr_carea' id='block_1_43' title="bbox 377 3953 1960 4029">
    <p class='ocr_par' dir='ltr' id='par_1_43' title="bbox 377 3953 1960 4029">
     <span class='ocr_line' id='line_1_43' title="bbox 377 3953 1960 4029; baseline 0 -18"><span class='ocrx_word' id='word_1_289' title='bbox 377 3957 497 4029; x_wconf 82' lang='grc' dir='ltr'>μῶς</span> <span class='ocrx_word' id='word_1_290' title='bbox 526 3957 597 4010; x_wconf 74' lang='grc' dir='ltr'><strong>τὰ</strong></span> <span class='ocrx_word' id='word_1_291' title='bbox 629 3957 924 4028; x_wconf 78' lang='grc' dir='ltr'>δεδογμένα</span> <span class='ocrx_word' id='word_1_292' title='bbox 963 3957 1160 4028; x_wconf 77' lang='grc' dir='ltr'>βέϐαια</span> <span class='ocrx_word' id='word_1_293' title='bbox 1196 3955 1352 4011; x_wconf 74' lang='grc' dir='ltr'>ἔσται</span> <span class='ocrx_word' id='word_1_294' title='bbox 1375 3956 1440 4017; x_wconf 81' lang='grc'><strong>¹³,</strong></span> <span class='ocrx_word' id='word_1_295' title='bbox 1468 3955 1584 4010; x_wconf 75' lang='grc' dir='ltr'><strong>ἀλλ’</strong></span> <span class='ocrx_word' id='word_1_296' title='bbox 1616 3953 1694 4020; x_wconf 84' lang='grc' dir='ltr'><strong>ὡς</strong></span> <span class='ocrx_word' id='word_1_297' title='bbox 1719 3957 1794 4028; x_wconf 83' lang='grc' dir='ltr'>μὴ</span> <span class='ocrx_word' id='word_1_298' title='bbox 1818 3959 1960 4012; x_wconf 87' lang='grc' dir='ltr'>κατὰ</span> 
     </span>
    </p>
   </div>
   <div class='ocr_carea' id='block_1_44' title="bbox 372 4047 1961 4121">
    <p class='ocr_par' dir='ltr' id='par_1_44' title="bbox 372 4047 1961 4121">
     <span class='ocr_line' id='line_1_44' title="bbox 372 4047 1961 4121; baseline 0.001 -19"><span class='ocrx_word' id='word_1_299' title='bbox 372 4049 436 4102; x_wconf 78' lang='grc' dir='ltr'>τὸ</span> <span class='ocrx_word' id='word_1_300' title='bbox 465 4047 676 4119; x_wconf 69' lang='grc' dir='ltr'>πρέπον</span> <span class='ocrx_word' id='word_1_301' title='bbox 701 4048 778 4119; x_wconf 82' lang='grc' dir='ltr'>τῷ</span> <span class='ocrx_word' id='word_1_302' title='bbox 808 4048 1151 4121; x_wconf 85' lang='grc' dir='ltr'>Χριστιανῶν</span> <span class='ocrx_word' id='word_1_303' title='bbox 1170 4047 1216 4080; x_wconf 75' lang='grc'><strong>¹⁸</strong></span> <span class='ocrx_word' id='word_1_304' title='bbox 1237 4047 1594 4118; x_wconf 86' lang='grc' dir='ltr'>πολιτεύματι</span> <span class='ocrx_word' id='word_1_305' title='bbox 1617 4049 1961 4121; x_wconf 84' lang='grc' dir='ltr'>γεγενημένη</span> 
     </span>
    </p>
   </div>
   <div class='ocr_carea' id='block_1_45' title="bbox 375 4141 1096 4210">
    <p class='ocr_par' dir='ltr' id='par_1_45' title="bbox 375 4141 1096 4210">
     <span class='ocr_line' id='line_1_45' title="bbox 375 4141 1096 4210; baseline -0.004 -14"><span class='ocrx_word' id='word_1_306' title='bbox 375 4143 694 4196; x_wconf 73' lang='grc' dir='ltr'>ἐκπεσεῖται</span> <span class='ocrx_word' id='word_1_307' title='bbox 717 4143 750 4210; x_wconf 80' lang='grc' dir='ltr'>ἡ</span> <span class='ocrx_word' id='word_1_308' title='bbox 778 4141 1096 4206; x_wconf 57' lang='lat' dir='ltr'><strong>atde-agis&quot;.</strong></span> 
     </span>
    </p>
   </div>
   <div class='ocr_carea' id='block_1_46' title="bbox 453 4233 1962 4309">
    <p class='ocr_par' dir='ltr' id='par_1_46' title="bbox 453 4233 1962 4309">
     <span class='ocr_line' id='line_1_46' title="bbox 453 4233 1962 4309; baseline 0.003 -24"><span class='ocrx_word' id='word_1_309' title='bbox 453 4233 640 4288; x_wconf 78' lang='grc' dir='ltr'>Ταῦτα</span> <span class='ocrx_word' id='word_1_310' title='bbox 693 4234 794 4306; x_wconf 82' lang='grc' dir='ltr'>μὲν</span> <span class='ocrx_word' id='word_1_311' title='bbox 837 4233 1108 4304; x_wconf 85' lang='grc' dir='ltr'>διωρίσθω</span> <span class='ocrx_word' id='word_1_312' title='bbox 1161 4234 1294 4306; x_wconf 73' lang='grc' dir='ltr'>περὶ</span> <span class='ocrx_word' id='word_1_313' title='bbox 1337 4235 1447 4289; x_wconf 85' lang='grc' dir='ltr'><strong>τῶν</strong></span> <span class='ocrx_word' id='word_1_314' title='bbox 1485 4235 1720 4309; x_wconf 77' lang='grc' dir='ltr'>διαθήκῃ</span> <span class='ocrx_word' id='word_1_315' title='bbox 1767 4235 1830 4290; x_wconf 83' lang='grc' dir='ltr'><strong>τδ</strong></span> <span class='ocrx_word' id='word_1_316' title='bbox 1861 4235 1962 4307; x_wconf 75' lang='grc' dir='ltr'>τῆς</span> 
     </span>
    </p>
   </div>
   <div class='ocr_carea' id='block_1_47' title="bbox 378 4325 1961 4399">
    <p class='ocr_par' dir='ltr' id='par_1_47' title="bbox 378 4325 1961 4399">
     <span class='ocr_line' id='line_1_47' title="bbox 378 4325 1961 4399; baseline 0.001 -19"><span class='ocrx_word' id='word_1_317' title='bbox 378 4325 527 4396; x_wconf 79' lang='grc' dir='ltr'>ζωῆς</span> <span class='ocrx_word' id='word_1_318' title='bbox 557 4325 709 4389; x_wconf 82' lang='grc' dir='ltr'>τέλος</span> <span class='ocrx_word' id='word_1_319' title='bbox 736 4326 1099 4397; x_wconf 80' lang='grc' dir='ltr'>προφθάσαι¹⁸</span> <span class='ocrx_word' id='word_1_320' title='bbox 1141 4327 1557 4399; x_wconf 85' lang='grc' dir='ltr'>διανοηθέντων.</span> <span class='ocrx_word' id='word_1_321' title='bbox 1618 4329 1680 4382; x_wconf 80' lang='grc' dir='ltr'><strong>ΕΞ</strong></span> <span class='ocrx_word' id='word_1_322' title='bbox 1702 4329 1747 4382; x_wconf 80' lang='grc' dir='ltr'>δ’</span> <span class='ocrx_word' id='word_1_323' title='bbox 1777 4330 1811 4399; x_wconf 84' lang='grc' dir='ltr'>ἠ</span> <span class='ocrx_word' id='word_1_324' title='bbox 1868 4329 1961 4384; x_wconf 82' lang='grc' dir='ltr'>τέ·-</span> 
     </span>
    </p>
   </div>
   <div class='ocr_carea' id='block_1_48' title="bbox 282 4417 1962 4494">
    <p class='ocr_par' dir='ltr' id='par_1_48' title="bbox 282 4417 1962 4494">
     <span class='ocr_line' id='line_1_48' title="bbox 282 4417 1962 4494; baseline 0.002 -22"><span class='ocrx_word' id='word_1_325' title='bbox 282 4436 290 4443; x_wconf 91' lang='grc'><strong>·</strong></span> <span class='ocrx_word' id='word_1_326' title='bbox 379 4417 520 4484; x_wconf 86' lang='grc' dir='ltr'>λειος</span> <span class='ocrx_word' id='word_1_327' title='bbox 565 4421 840 4475; x_wconf 80' lang='grc' dir='ltr'>ἐπιστᾶσα</span> <span class='ocrx_word' id='word_1_328' title='bbox 887 4420 983 4475; x_wconf 79' lang='grc' dir='ltr'><strong>τοῦ</strong></span> <span class='ocrx_word' id='word_1_329' title='bbox 1017 4421 1135 4493; x_wconf 88' lang='grc' dir='ltr'>βίου</span> <span class='ocrx_word' id='word_1_330' title='bbox 1162 4421 1346 4493; x_wconf 76' lang='grc' dir='ltr'>ἡμέρα</span> <span class='ocrx_word' id='word_1_331' title='bbox 1374 4421 1433 4488; x_wconf 81' lang='grc' dir='ltr'>ἐξ</span> <span class='ocrx_word' id='word_1_332' title='bbox 1466 4421 1773 4494; x_wconf 86' lang='grc' dir='ltr'>ἀνθρώπων</span> <span class='ocrx_word' id='word_1_333' title='bbox 1805 4422 1962 4476; x_wconf 79' lang='grc' dir='ltr'>ἀδιά-</span> 
     </span>
    </p>
   </div>
   <div class='ocr_carea' id='block_1_49' title="bbox 1957 1828 2006 1881">
    <p class='ocr_par' dir='ltr' id='par_1_49' title="bbox 1957 1828 2006 1881">
     <span class='ocr_line' id='line_1_49' title="bbox 1957 1828 2006 1881; baseline 0 0"><span class='ocrx_word' id='word_1_334' title='bbox 1957 1828 2006 1881; x_wconf 71' lang='grc' dir='ltr'><strong>Α</strong></span> 
     </span>
    </p>
   </div>
   <div class='ocr_carea' id='block_1_50' title="bbox 2013 535 3591 615">
    <p class='ocr_par' dir='ltr' id='par_1_50' title="bbox 2013 535 3591 615">
     <span class='ocr_line' id='line_1_50' title="bbox 2013 535 3591 615; baseline -0.005 -18"><span class='ocrx_word' id='word_1_335' title='bbox 2013 561 2142 615; x_wconf 73' lang='lat' dir='ltr'><strong>gare</strong></span> <span class='ocrx_word' id='word_1_336' title='bbox 2162 547 2423 615; x_wconf 84' lang='lat' dir='ltr'><strong>possent?</strong></span> <span class='ocrx_word' id='word_1_337' title='bbox 2444 545 2525 600; x_wconf 83' lang='lat' dir='ltr'><strong>Ad</strong></span> <span class='ocrx_word' id='word_1_338' title='bbox 2560 545 2674 600; x_wconf 69' lang='lat' dir='ltr'><strong>haec</strong></span> <span class='ocrx_word' id='word_1_339' title='bbox 2714 558 2879 615; x_wconf 90' lang='lat' dir='ltr'><strong>porro</strong></span> <span class='ocrx_word' id='word_1_340' title='bbox 2912 557 3037 598; x_wconf 90' lang='lat' dir='ltr'><strong>cum</strong></span> <span class='ocrx_word' id='word_1_341' title='bbox 3069 538 3412 596; x_wconf 86' lang='lat' dir='ltr'><strong>liberationis</strong></span> <span class='ocrx_word' id='word_1_342' title='bbox 3445 535 3591 591; x_wconf 90' lang='lat' dir='ltr'><strong>ratio</strong></span> 
     </span>
    </p>
   </div>
   <div class='ocr_carea' id='block_1_51' title="bbox 2017 631 3593 702">
    <p class='ocr_par' dir='ltr' id='par_1_51' title="bbox 2017 631 3593 702">
     <span class='ocr_line' id='line_1_51' title="bbox 2017 631 3593 702; baseline -0.005 -10"><span class='ocrx_word' id='word_1_343' title='bbox 2017 640 2143 694; x_wconf 90' lang='lat' dir='ltr'><strong>hinc</strong></span> <span class='ocrx_word' id='word_1_344' title='bbox 2166 639 2561 695; x_wconf 88' lang='lat' dir='ltr'><strong>absurditatem</strong></span> <span class='ocrx_word' id='word_1_345' title='bbox 2592 639 2906 702; x_wconf 88' lang='lat' dir='ltr'><strong>contrahat,</strong></span> <span class='ocrx_word' id='word_1_346' title='bbox 2943 646 3058 690; x_wconf 92' lang='lat' dir='ltr'><strong>tum</strong></span> <span class='ocrx_word' id='word_1_347' title='bbox 3093 649 3226 690; x_wconf 85' lang='lat' dir='ltr'><strong>vero</strong></span> <span class='ocrx_word' id='word_1_348' title='bbox 3287 631 3462 687; x_wconf 89' lang='lat' dir='ltr'><strong>multo</strong></span> <span class='ocrx_word' id='word_1_349' title='bbox 3494 631 3593 685; x_wconf 84' lang='lat' dir='ltr'><strong>ab-</strong></span> 
     </span>
    </p>
   </div>
   <div class='ocr_carea' id='block_1_52' title="bbox 2017 725 3596 802">
    <p class='ocr_par' dir='ltr' id='par_1_52' title="bbox 2017 725 3596 802">
     <span class='ocr_line' id='line_1_52' title="bbox 2017 725 3596 802; baseline -0.009 -14"><span class='ocrx_word' id='word_1_350' title='bbox 2017 731 2400 788; x_wconf 89' lang='lat' dir='ltr'><strong>surdissimum</strong></span> <span class='ocrx_word' id='word_1_351' title='bbox 2453 739 2564 798; x_wconf 88' lang='lat' dir='ltr'><strong>est,</strong></span> <span class='ocrx_word' id='word_1_352' title='bbox 2597 731 2742 802; x_wconf 90' lang='lat' dir='ltr'><strong>quod</strong></span> <span class='ocrx_word' id='word_1_353' title='bbox 2771 731 2900 786; x_wconf 90' lang='lat' dir='ltr'><strong>dum</strong></span> <span class='ocrx_word' id='word_1_354' title='bbox 2925 727 3158 784; x_wconf 89' lang='lat' dir='ltr'><strong>testandi</strong></span> <span class='ocrx_word' id='word_1_355' title='bbox 3219 725 3454 782; x_wconf 79' lang='lat' dir='ltr'><strong>facultas</strong></span> <span class='ocrx_word' id='word_1_356' title='bbox 3501 735 3596 776; x_wconf 80' lang='lat' dir='ltr'><strong>ca-</strong></span> 
     </span>
    </p>
   </div>
   <div class='ocr_carea' id='block_1_53' title="bbox 2017 809 3597 895">
    <p class='ocr_par' dir='ltr' id='par_1_53' title="bbox 2017 809 3597 895">
     <span class='ocr_line' id='line_1_53' title="bbox 2017 809 3597 895; baseline -0.007 -17"><span class='ocrx_word' id='word_1_357' title='bbox 2017 823 2183 895; x_wconf 90' lang='lat' dir='ltr'><strong>ptivis</strong></span> <span class='ocrx_word' id='word_1_358' title='bbox 2213 838 2324 878; x_wconf 88' lang='lat' dir='ltr'><strong>non</strong></span> <span class='ocrx_word' id='word_1_359' title='bbox 2355 823 2541 888; x_wconf 88' lang='lat' dir='ltr'><strong>datur,</strong></span> <span class='ocrx_word' id='word_1_360' title='bbox 2573 821 2892 892; x_wconf 84' lang='lat' dir='ltr'><strong>frequenter</strong></span> <span class='ocrx_word' id='word_1_361' title='bbox 2917 820 2997 874; x_wconf 86' lang='lat' dir='ltr'><strong>illi</strong></span> <span class='ocrx_word' id='word_1_362' title='bbox 3066 820 3163 890; x_wconf 86' lang='lat' dir='ltr'><strong>qui</strong></span> <span class='ocrx_word' id='word_1_363' title='bbox 3223 809 3597 872; x_wconf 82' lang='lat' dir='ltr'><strong>inimicissimi</strong></span> 
     </span>
    </p>
   </div>
   <div class='ocr_carea' id='block_1_54' title="bbox 2021 909 3600 988">
    <p class='ocr_par' dir='ltr' id='par_1_54' title="bbox 2021 909 3600 988">
     <span class='ocr_line' id='line_1_54' title="bbox 2021 909 3600 988; baseline -0.005 -18"><span class='ocrx_word' id='word_1_364' title='bbox 2021 915 2133 987; x_wconf 89' lang='lat'><strong>(88)</strong></span> <span class='ocrx_word' id='word_1_365' title='bbox 2169 914 2426 977; x_wconf 78' lang='lat' dir='ltr'><strong>fuissent,</strong></span> <span class='ocrx_word' id='word_1_366' title='bbox 2455 930 2707 988; x_wconf 85' lang='lat' dir='ltr'><strong>quosque</strong></span> <span class='ocrx_word' id='word_1_367' title='bbox 2727 915 2855 984; x_wconf 90' lang='lat' dir='ltr'><strong>ipsi,</strong></span> <span class='ocrx_word' id='word_1_368' title='bbox 2886 913 2933 968; x_wconf 89' lang='lat' dir='ltr'><strong>si</strong></span> <span class='ocrx_word' id='word_1_369' title='bbox 2951 913 3230 975; x_wconf 87' lang='lat' dir='ltr'><strong>viverent,</strong></span> <span class='ocrx_word' id='word_1_370' title='bbox 3260 925 3328 965; x_wconf 91' lang='lat' dir='ltr'><strong>ne</strong></span> <span class='ocrx_word' id='word_1_371' title='bbox 3346 909 3600 978; x_wconf 82' lang='lat' dir='ltr'><strong>aspicere</strong></span> 
     </span>
    </p>
   </div>
   <div class='ocr_carea' id='block_1_55' title="bbox 2019 1002 3598 1080">
    <p class='ocr_par' dir='ltr' id='par_1_55' title="bbox 2019 1002 3598 1080">
     <span class='ocr_line' id='line_1_55' title="bbox 2019 1002 3598 1080; baseline -0.006 -17"><span class='ocrx_word' id='word_1_372' title='bbox 2019 1009 2241 1080; x_wconf 90' lang='lat' dir='ltr'><strong>quidem</strong></span> <span class='ocrx_word' id='word_1_373' title='bbox 2263 1010 2621 1074; x_wconf 84' lang='lat' dir='ltr'><strong>sustinerent,</strong></span> <span class='ocrx_word' id='word_1_374' title='bbox 2660 1009 2881 1062; x_wconf 88' lang='lat' dir='ltr'><strong>illorum</strong></span> <span class='ocrx_word' id='word_1_375' title='bbox 2924 1004 3239 1061; x_wconf 78' lang='lat' dir='ltr'><strong>facultatem</strong></span> <span class='ocrx_word' id='word_1_376' title='bbox 3265 1002 3475 1059; x_wconf 86' lang='lat' dir='ltr'><strong>domini</strong></span> <span class='ocrx_word' id='word_1_377' title='bbox 3501 1016 3598 1056; x_wconf 80' lang='lat' dir='ltr'><strong>ex-</strong></span> 
     </span>
    </p>
   </div>
   <div class='ocr_carea' id='block_1_56' title="bbox 2021 1089 3603 1174">
    <p class='ocr_par' dir='ltr' id='par_1_56' title="bbox 2021 1089 3603 1174">
     <span class='ocr_line' id='line_1_56' title="bbox 2021 1089 3603 1174; baseline -0.008 -15"><span class='ocrx_word' id='word_1_378' title='bbox 2021 1104 2245 1159; x_wconf 83' lang='lat' dir='ltr'><strong>sistant.</strong></span> <span class='ocrx_word' id='word_1_379' title='bbox 2284 1101 2424 1169; x_wconf 85' lang='lat' dir='ltr'><strong>Qua,</strong></span> <span class='ocrx_word' id='word_1_380' title='bbox 2452 1117 2658 1174; x_wconf 85' lang='lat' dir='ltr'><strong>quaeso,</strong></span> <span class='ocrx_word' id='word_1_381' title='bbox 2717 1113 2766 1157; x_wconf 89' lang='lat' dir='ltr'><strong>te</strong></span> <span class='ocrx_word' id='word_1_382' title='bbox 2795 1101 2927 1171; x_wconf 89' lang='lat' dir='ltr'><strong>quid</strong></span> <span class='ocrx_word' id='word_1_383' title='bbox 2961 1099 3138 1170; x_wconf 88' lang='lat' dir='ltr'><strong>possit</strong></span> <span class='ocrx_word' id='word_1_384' title='bbox 3187 1112 3312 1155; x_wconf 89' lang='lat' dir='ltr'><strong>esse</strong></span> <span class='ocrx_word' id='word_1_385' title='bbox 3347 1089 3603 1164; x_wconf 79' lang='lat' dir='ltr'><strong>turpius?</strong></span> 
     </span>
    </p>
   </div>
   <div class='ocr_carea' id='block_1_57' title="bbox 2023 1190 3604 1273">
    <p class='ocr_par' dir='ltr' id='par_1_57' title="bbox 2023 1190 3604 1273">
     <span class='ocr_line' id='line_1_57' title="bbox 2023 1190 3604 1273; baseline -0.008 -21"><span class='ocrx_word' id='word_1_386' title='bbox 2023 1197 2138 1273; x_wconf 86' lang='lat' dir='ltr'><strong>Hoc</strong></span> <span class='ocrx_word' id='word_1_387' title='bbox 2163 1197 2328 1268; x_wconf 83' lang='lat' dir='ltr'><strong>igitur</strong></span> <span class='ocrx_word' id='word_1_388' title='bbox 2357 1211 2480 1252; x_wconf 92' lang='lat' dir='ltr'><strong>cum</strong></span> <span class='ocrx_word' id='word_1_389' title='bbox 2523 1195 2670 1250; x_wconf 89' lang='lat' dir='ltr'><strong>hunc</strong></span> <span class='ocrx_word' id='word_1_390' title='bbox 2708 1193 2773 1249; x_wconf 93' lang='lat' dir='ltr'><strong>ad</strong></span> <span class='ocrx_word' id='word_1_391' title='bbox 2805 1193 3028 1249; x_wconf 90' lang='lat' dir='ltr'><strong>modum</strong></span> <span class='ocrx_word' id='word_1_392' title='bbox 3061 1205 3185 1248; x_wconf 90' lang='lat' dir='ltr'><strong>sese</strong></span> <span class='ocrx_word' id='word_1_393' title='bbox 3223 1190 3446 1252; x_wconf 84' lang='lat' dir='ltr'><strong>habeat,</strong></span> <span class='ocrx_word' id='word_1_394' title='bbox 3489 1201 3604 1241; x_wconf 92' lang='lat' dir='ltr'><strong>non</strong></span> 
     </span>
    </p>
   </div>
   <div class='ocr_carea' id='block_1_58' title="bbox 2023 1276 3605 1360">
    <p class='ocr_par' dir='ltr' id='par_1_58' title="bbox 2023 1276 3605 1360">
     <span class='ocr_line' id='line_1_58' title="bbox 2023 1276 3605 1360; baseline -0.009 -16"><span class='ocrx_word' id='word_1_395' title='bbox 2023 1287 2225 1360; x_wconf 80' lang='lat' dir='ltr'><strong>negligi</strong></span> <span class='ocrx_word' id='word_1_396' title='bbox 2251 1288 2449 1342; x_wconf 83' lang='lat' dir='ltr'><strong>debere</strong></span> <span class='ocrx_word' id='word_1_397' title='bbox 2503 1285 2774 1355; x_wconf 87' lang='lat' dir='ltr'><strong>majestati</strong></span> <span class='ocrx_word' id='word_1_398' title='bbox 2842 1291 3044 1339; x_wconf 85' lang='lat' dir='ltr'><strong>nostrae</strong></span> <span class='ocrx_word' id='word_1_399' title='bbox 3089 1281 3269 1337; x_wconf 88' lang='lat' dir='ltr'><strong>visum</strong></span> <span class='ocrx_word' id='word_1_400' title='bbox 3331 1287 3416 1334; x_wconf 88' lang='lat' dir='ltr'><strong>est</strong></span> <span class='ocrx_word' id='word_1_401' title='bbox 3453 1295 3468 1331; x_wconf 89' lang='lat'><strong>:</strong></span> <span class='ocrx_word' id='word_1_402' title='bbox 3507 1276 3605 1332; x_wconf 87' lang='lat' dir='ltr'><strong>sed</strong></span> 
     </span>
    </p>
   </div>
   <div class='ocr_carea' id='block_1_59' title="bbox 2023 1368 3607 1448">
    <p class='ocr_par' dir='ltr' id='par_1_59' title="bbox 2023 1368 3607 1448">
     <span class='ocr_line' id='line_1_59' title="bbox 2023 1368 3607 1448; baseline -0.006 -15"><span class='ocrx_word' id='word_1_403' title='bbox 2023 1376 2486 1448; x_wconf 86' lang='lat' dir='ltr'><strong>quemadmodum</strong></span> <span class='ocrx_word' id='word_1_404' title='bbox 2528 1377 2582 1430; x_wconf 91' lang='lat' dir='ltr'><strong>in</strong></span> <span class='ocrx_word' id='word_1_405' title='bbox 2609 1376 2731 1430; x_wconf 90' lang='lat' dir='ltr'><strong>aliis</strong></span> <span class='ocrx_word' id='word_1_406' title='bbox 2762 1390 2861 1445; x_wconf 87' lang='lat' dir='ltr'><strong>pro</strong></span> <span class='ocrx_word' id='word_1_407' title='bbox 2907 1374 3118 1430; x_wconf 87' lang='lat' dir='ltr'><strong>viribus</strong></span> <span class='ocrx_word' id='word_1_408' title='bbox 3151 1371 3418 1426; x_wconf 90' lang='lat' dir='ltr'><strong>divinitus</strong></span> <span class='ocrx_word' id='word_1_409' title='bbox 3445 1368 3607 1424; x_wconf 82' lang='lat' dir='ltr'><strong>nobis</strong></span> 
     </span>
    </p>
   </div>
   <div class='ocr_carea' id='block_1_60' title="bbox 2025 1459 3609 1536">
    <p class='ocr_par' dir='ltr' id='par_1_60' title="bbox 2025 1459 3609 1536">
     <span class='ocr_line' id='line_1_60' title="bbox 2025 1459 3609 1536; baseline -0.008 -11"><span class='ocrx_word' id='word_1_410' title='bbox 2025 1469 2194 1531; x_wconf 88' lang='lat' dir='ltr'><strong>datis,</strong></span> <span class='ocrx_word' id='word_1_411' title='bbox 2230 1476 2289 1522; x_wconf 92' lang='lat' dir='ltr'><strong>ut</strong></span> <span class='ocrx_word' id='word_1_412' title='bbox 2323 1475 2473 1523; x_wconf 78' lang='lat' dir='ltr'><strong>recte</strong></span> <span class='ocrx_word' id='word_1_413' title='bbox 2509 1466 2819 1536; x_wconf 85' lang='lat' dir='ltr'><strong>respublica</strong></span> <span class='ocrx_word' id='word_1_414' title='bbox 2853 1473 3042 1520; x_wconf 83' lang='lat' dir='ltr'><strong>nostra</strong></span> <span class='ocrx_word' id='word_1_415' title='bbox 3076 1462 3413 1534; x_wconf 67' lang='lat' dir='ltr'><strong>gubernetur</strong></span> <span class='ocrx_word' id='word_1_416' title='bbox 3449 1459 3609 1515; x_wconf 85' lang='lat' dir='ltr'><strong>solli-</strong></span> 
     </span>
    </p>
   </div>
   <div class='ocr_carea' id='block_1_61' title="bbox 2026 1552 3612 1630">
    <p class='ocr_par' dir='ltr' id='par_1_61' title="bbox 2026 1552 3612 1630">
     <span class='ocr_line' id='line_1_61' title="bbox 2026 1552 3612 1630; baseline -0.006 -15"><span class='ocrx_word' id='word_1_417' title='bbox 2026 1559 2133 1615; x_wconf 89' lang='lat' dir='ltr'><strong>cite</strong></span> <span class='ocrx_word' id='word_1_418' title='bbox 2162 1558 2410 1630; x_wconf 80' lang='lat' dir='ltr'><strong>cgimus;</strong></span> <span class='ocrx_word' id='word_1_419' title='bbox 2437 1559 2517 1613; x_wconf 91' lang='lat' dir='ltr'><strong>sic</strong></span> <span class='ocrx_word' id='word_1_420' title='bbox 2545 1565 2600 1612; x_wconf 91' lang='lat' dir='ltr'><strong>et</strong></span> <span class='ocrx_word' id='word_1_421' title='bbox 2629 1556 2697 1612; x_wconf 89' lang='lat' dir='ltr'><strong>de</strong></span> <span class='ocrx_word' id='word_1_422' title='bbox 2756 1555 2988 1625; x_wconf 83' lang='lat' dir='ltr'><strong>captivis</strong></span> <span class='ocrx_word' id='word_1_423' title='bbox 3042 1560 3340 1617; x_wconf 84' lang='lat' dir='ltr'><strong>tractatum</strong></span> <span class='ocrx_word' id='word_1_424' title='bbox 3399 1552 3456 1606; x_wconf 88' lang='lat' dir='ltr'><strong>in</strong></span> <span class='ocrx_word' id='word_1_425' title='bbox 3494 1566 3612 1605; x_wconf 83' lang='lat' dir='ltr'><strong>me-</strong></span> 
     </span>
    </p>
   </div>
   <div class='ocr_carea' id='block_1_62' title="bbox 2027 1648 2831 1720">
    <p class='ocr_par' dir='ltr' id='par_1_62' title="bbox 2027 1648 2831 1720">
     <span class='ocr_line' id='line_1_62' title="bbox 2027 1648 2831 1720; baseline -0.005 -15"><span class='ocrx_word' id='word_1_426' title='bbox 2027 1649 2134 1706; x_wconf 83' lang='lat' dir='ltr'><strong>lius</strong></span> <span class='ocrx_word' id='word_1_427' title='bbox 2166 1650 2442 1720; x_wconf 83' lang='lat' dir='ltr'><strong>corrigere</strong></span> <span class='ocrx_word' id='word_1_428' title='bbox 2464 1648 2831 1704; x_wconf 77' lang='lat' dir='ltr'><strong>decrevimus.</strong></span> 
     </span>
    </p>
   </div>
   <div class='ocr_carea' id='block_1_63' title="bbox 2100 1915 3615 1988">
    <p class='ocr_par' dir='ltr' id='par_1_63' title="bbox 2100 1915 3615 1988">
     <span class='ocr_line' id='line_1_63' title="bbox 2100 1915 3615 1988; baseline -0.004 -14"><span class='ocrx_word' id='word_1_429' title='bbox 2100 1918 2395 1975; x_wconf 88' lang='lat' dir='ltr'><strong>Sancimus</strong></span> <span class='ocrx_word' id='word_1_430' title='bbox 2419 1926 2599 1974; x_wconf 88' lang='lat' dir='ltr'><strong>autem</strong></span> <span class='ocrx_word' id='word_1_431' title='bbox 2626 1927 2682 1972; x_wconf 85' lang='lat' dir='ltr'><strong>ut</strong></span> <span class='ocrx_word' id='word_1_432' title='bbox 2717 1917 2904 1974; x_wconf 82' lang='lat' dir='ltr'><strong>dehinc</strong></span> <span class='ocrx_word' id='word_1_433' title='bbox 2947 1917 3161 1988; x_wconf 77' lang='lat' dir='ltr'><strong>captivi,</strong></span> <span class='ocrx_word' id='word_1_434' title='bbox 3215 1930 3338 1987; x_wconf 65' lang='lat' dir='ltr'><strong>quas</strong></span> <span class='ocrx_word' id='word_1_435' title='bbox 3386 1915 3536 1986; x_wconf 85' lang='lat' dir='ltr'><strong>ipsos</strong></span> <span class='ocrx_word' id='word_1_436' title='bbox 3581 1926 3615 1968; x_wconf 71' lang='grc' dir='ltr'>ο</span> 
     </span>
    </p>
   </div>
   <div class='ocr_carea' id='block_1_64' title="bbox 2033 2009 3614 2084">
    <p class='ocr_par' dir='ltr' id='par_1_64' title="bbox 2033 2009 3614 2084">
     <span class='ocr_line' id='line_1_64' title="bbox 2033 2009 3614 2084; baseline -0.006 -15"><span class='ocrx_word' id='word_1_437' title='bbox 2033 2012 2287 2070; x_wconf 76' lang='lat' dir='ltr'><strong>teStando</strong></span> <span class='ocrx_word' id='word_1_438' title='bbox 2322 2023 2496 2078; x_wconf 82' lang='lat' dir='ltr'><strong>arcet,</strong></span> <span class='ocrx_word' id='word_1_439' title='bbox 2540 2012 2645 2084; x_wconf 79' lang='lat' dir='ltr'><strong>legi</strong></span> <span class='ocrx_word' id='word_1_440' title='bbox 2692 2011 3013 2082; x_wconf 87' lang='lat' dir='ltr'><strong>neutiquam</strong></span> <span class='ocrx_word' id='word_1_441' title='bbox 3070 2011 3294 2067; x_wconf 82' lang='lat' dir='ltr'><strong>obnoxii</strong></span> <span class='ocrx_word' id='word_1_442' title='bbox 3337 2009 3485 2065; x_wconf 83' lang='lat' dir='ltr'><strong>sint:</strong></span> <span class='ocrx_word' id='word_1_443' title='bbox 3515 2009 3614 2063; x_wconf 87' lang='lat' dir='ltr'><strong>sed</strong></span> 
     </span>
    </p>
   </div>
   <div class='ocr_carea' id='block_1_65' title="bbox 2033 2099 3619 2177">
    <p class='ocr_par' dir='ltr' id='par_1_65' title="bbox 2033 2099 3619 2177">
     <span class='ocr_line' id='line_1_65' title="bbox 2033 2099 3619 2177; baseline -0.008 -15"><span class='ocrx_word' id='word_1_444' title='bbox 2033 2115 2094 2162; x_wconf 87' lang='lat' dir='ltr'><strong>ut</strong></span> <span class='ocrx_word' id='word_1_445' title='bbox 2142 2107 2278 2177; x_wconf 89' lang='lat' dir='ltr'><strong>ipsis</strong></span> <span class='ocrx_word' id='word_1_446' title='bbox 2318 2105 2385 2177; x_wconf 90' lang='lat' dir='ltr'><strong>(si</strong></span> <span class='ocrx_word' id='word_1_447' title='bbox 2420 2104 2682 2176; x_wconf 83' lang='lat' dir='ltr'><strong>possibile</strong></span> <span class='ocrx_word' id='word_1_448' title='bbox 2702 2103 2796 2172; x_wconf 87' lang='lat' dir='ltr'><strong>sit)</strong></span> <span class='ocrx_word' id='word_1_449' title='bbox 2825 2105 3095 2174; x_wconf 89' lang='lat' dir='ltr'><strong>quinque,</strong></span> <span class='ocrx_word' id='word_1_450' title='bbox 3134 2102 3219 2158; x_wconf 86' lang='lat' dir='ltr'><strong>sin</strong></span> <span class='ocrx_word' id='word_1_451' title='bbox 3271 2100 3479 2161; x_wconf 82' lang='lat' dir='ltr'><strong>minus,</strong></span> <span class='ocrx_word' id='word_1_452' title='bbox 3516 2099 3619 2152; x_wconf 87' lang='lat' dir='ltr'><strong>tri-</strong></span> 
     </span>
    </p>
   </div>
   <div class='ocr_carea' id='block_1_66' title="bbox 2035 2194 3621 2269">
    <p class='ocr_par' dir='ltr' id='par_1_66' title="bbox 2035 2194 3621 2269">
     <span class='ocr_line' id='line_1_66' title="bbox 2035 2194 3621 2269; baseline -0.008 -12"><span class='ocrx_word' id='word_1_453' title='bbox 2035 2201 2136 2257; x_wconf 87' lang='lat' dir='ltr'><strong>bus</strong></span> <span class='ocrx_word' id='word_1_454' title='bbox 2161 2198 2398 2256; x_wconf 88' lang='lat' dir='ltr'><strong>testibus</strong></span> <span class='ocrx_word' id='word_1_455' title='bbox 2431 2197 2796 2268; x_wconf 83' lang='lat' dir='ltr'><strong>praesentibus</strong></span> <span class='ocrx_word' id='word_1_456' title='bbox 2844 2198 2988 2269; x_wconf 78' lang='lat'><strong>(89),</strong></span> <span class='ocrx_word' id='word_1_457' title='bbox 3021 2207 3326 2252; x_wconf 78' lang='lat' dir='ltr'><strong>extremam</strong></span> <span class='ocrx_word' id='word_1_458' title='bbox 3367 2194 3621 2248; x_wconf 81' lang='lat' dir='ltr'><strong>volunta-</strong></span> 
     </span>
    </p>
   </div>
   <div class='ocr_carea' id='block_1_67' title="bbox 2037 2280 3622 2356">
    <p class='ocr_par' dir='ltr' id='par_1_67' title="bbox 2037 2280 3622 2356">
     <span class='ocr_line' id='line_1_67' title="bbox 2037 2280 3622 2356; baseline -0.008 -10"><span class='ocrx_word' id='word_1_459' title='bbox 2037 2301 2168 2356; x_wconf 87' lang='lat' dir='ltr'><strong>tem,</strong></span> <span class='ocrx_word' id='word_1_460' title='bbox 2211 2291 2327 2347; x_wconf 79' lang='lat' dir='ltr'><strong>sive</strong></span> <span class='ocrx_word' id='word_1_461' title='bbox 2354 2289 2553 2345; x_wconf 88' lang='lat' dir='ltr'><strong>litteris</strong></span> <span class='ocrx_word' id='word_1_462' title='bbox 2585 2288 3000 2352; x_wconf 85' lang='lat' dir='ltr'><strong>commendare,</strong></span> <span class='ocrx_word' id='word_1_463' title='bbox 3036 2286 3152 2341; x_wconf 84' lang='lat' dir='ltr'><strong>sive</strong></span> <span class='ocrx_word' id='word_1_464' title='bbox 3182 2284 3298 2355; x_wconf 81' lang='grc'><strong>(90)</strong></span> <span class='ocrx_word' id='word_1_465' title='bbox 3330 2283 3451 2339; x_wconf 89' lang='lat' dir='ltr'><strong>sine</strong></span> <span class='ocrx_word' id='word_1_466' title='bbox 3485 2280 3622 2336; x_wconf 86' lang='lat' dir='ltr'><strong>scri-</strong></span> 
     </span>
    </p>
   </div>
   <div class='ocr_carea' id='block_1_68' title="bbox 2049 2377 3623 2457">
    <p class='ocr_par' dir='ltr' id='par_1_68' title="bbox 2049 2377 3623 2457">
     <span class='ocr_line' id='line_1_68' title="bbox 2049 2377 3623 2457; baseline -0.005 -19"><span class='ocrx_word' id='word_1_467' title='bbox 2049 2393 2146 2457; x_wconf 91' lang='lat' dir='ltr'><strong>pto</strong></span> <span class='ocrx_word' id='word_1_468' title='bbox 2183 2383 2547 2456; x_wconf 88' lang='lat' dir='ltr'><strong>pronuntiare</strong></span> <span class='ocrx_word' id='word_1_469' title='bbox 2587 2383 2787 2438; x_wconf 85' lang='lat' dir='ltr'><strong>liceat:</strong></span> <span class='ocrx_word' id='word_1_470' title='bbox 2822 2392 3004 2437; x_wconf 89' lang='lat' dir='ltr'><strong>tamen</strong></span> <span class='ocrx_word' id='word_1_471' title='bbox 3037 2391 3096 2435; x_wconf 89' lang='lat' dir='ltr'><strong>ut</strong></span> <span class='ocrx_word' id='word_1_472' title='bbox 3121 2380 3216 2451; x_wconf 87' lang='lat' dir='ltr'><strong>qui</strong></span> <span class='ocrx_word' id='word_1_473' title='bbox 3249 2377 3318 2433; x_wconf 90' lang='lat' dir='ltr'><strong>ad</strong></span> <span class='ocrx_word' id='word_1_474' title='bbox 3368 2377 3623 2433; x_wconf 84' lang='lat' dir='ltr'><strong>testimo-</strong></span> 
     </span>
    </p>
   </div>
   <div class='ocr_carea' id='block_1_69' title="bbox 2039 2467 3626 2548">
    <p class='ocr_par' dir='ltr' id='par_1_69' title="bbox 2039 2467 3626 2548">
     <span class='ocr_line' id='line_1_69' title="bbox 2039 2467 3626 2548; baseline -0.007 -16"><span class='ocrx_word' id='word_1_475' title='bbox 2039 2479 2194 2532; x_wconf 91' lang='lat' dir='ltr'><strong>nium</strong></span> <span class='ocrx_word' id='word_1_476' title='bbox 2223 2477 2498 2548; x_wconf 82' lang='lat' dir='ltr'><strong>assumpti</strong></span> <span class='ocrx_word' id='word_1_477' title='bbox 2535 2485 2684 2537; x_wconf 89' lang='lat' dir='ltr'><strong>sunt,</strong></span> <span class='ocrx_word' id='word_1_478' title='bbox 2732 2488 2923 2531; x_wconf 84' lang='lat' dir='ltr'><strong>revera</strong></span> <span class='ocrx_word' id='word_1_479' title='bbox 2962 2472 3110 2528; x_wconf 89' lang='lat' dir='ltr'><strong>illam</strong></span> <span class='ocrx_word' id='word_1_480' title='bbox 3140 2469 3383 2527; x_wconf 87' lang='lat' dir='ltr'><strong>defuncti</strong></span> <span class='ocrx_word' id='word_1_481' title='bbox 3426 2467 3626 2523; x_wconf 78' lang='lat' dir='ltr'><strong>volun-</strong></span> 
     </span>
    </p>
   </div>
   <div class='ocr_carea' id='block_1_70' title="bbox 2040 2561 3624 2640">
    <p class='ocr_par' dir='ltr' id='par_1_70' title="bbox 2040 2561 3624 2640">
     <span class='ocr_line' id='line_1_70' title="bbox 2040 2561 3624 2640; baseline -0.007 -15"><span class='ocrx_word' id='word_1_482' title='bbox 2040 2578 2210 2627; x_wconf 88' lang='lat' dir='ltr'><strong>tatem</strong></span> <span class='ocrx_word' id='word_1_483' title='bbox 2245 2585 2368 2625; x_wconf 85' lang='lat' dir='ltr'><strong>esse</strong></span> <span class='ocrx_word' id='word_1_484' title='bbox 2396 2567 2761 2640; x_wconf 83' lang='lat' dir='ltr'><strong>jurejurando</strong></span> <span class='ocrx_word' id='word_1_485' title='bbox 2787 2564 3090 2621; x_wconf 87' lang='lat' dir='ltr'><strong>allirment:</strong></span> <span class='ocrx_word' id='word_1_486' title='bbox 3139 2562 3304 2634; x_wconf 85' lang='lat' dir='ltr'><strong>idque</strong></span> <span class='ocrx_word' id='word_1_487' title='bbox 3352 2561 3469 2619; x_wconf 89' lang='lat' dir='ltr'><strong>sive</strong></span> <span class='ocrx_word' id='word_1_488' title='bbox 3496 2574 3624 2616; x_wconf 88' lang='lat' dir='ltr'><strong>cum</strong></span> 
     </span>
    </p>
   </div>
   <div class='ocr_carea' id='block_1_71' title="bbox 2041 2655 3628 2729">
    <p class='ocr_par' dir='ltr' id='par_1_71' title="bbox 2041 2655 3628 2729">
     <span class='ocr_line' id='line_1_71' title="bbox 2041 2655 3628 2729; baseline -0.007 -11"><span class='ocrx_word' id='word_1_489' title='bbox 2041 2663 2198 2719; x_wconf 89' lang='lat' dir='ltr'><strong>liberi</strong></span> <span class='ocrx_word' id='word_1_490' title='bbox 2240 2661 2483 2729; x_wconf 89' lang='lat' dir='ltr'><strong>subsint,</strong></span> <span class='ocrx_word' id='word_1_491' title='bbox 2511 2662 2637 2717; x_wconf 91' lang='lat' dir='ltr'><strong>illos</strong></span> <span class='ocrx_word' id='word_1_492' title='bbox 2678 2661 2950 2716; x_wconf 88' lang='lat' dir='ltr'><strong>bonorum</strong></span> <span class='ocrx_word' id='word_1_493' title='bbox 2983 2672 3209 2715; x_wconf 89' lang='lat' dir='ltr'><strong>suorum</strong></span> <span class='ocrx_word' id='word_1_494' title='bbox 3273 2655 3516 2710; x_wconf 66' lang='lat' dir='ltr'><strong>haeredcs</strong></span> <span class='ocrx_word' id='word_1_495' title='bbox 3541 2668 3628 2708; x_wconf 81' lang='lat' dir='ltr'><strong>re-</strong></span> 
     </span>
    </p>
   </div>
   <div class='ocr_carea' id='block_1_72' title="bbox 2045 2745 3626 2830">
    <p class='ocr_par' dir='ltr' id='par_1_72' title="bbox 2045 2745 3626 2830">
     <span class='ocr_line' id='line_1_72' title="bbox 2045 2745 3626 2830; baseline -0.008 -15"><span class='ocrx_word' id='word_1_496' title='bbox 2045 2759 2326 2830; x_wconf 88' lang='lat' dir='ltr'><strong>linquant,</strong></span> <span class='ocrx_word' id='word_1_497' title='bbox 2356 2757 2472 2814; x_wconf 88' lang='lat' dir='ltr'><strong>sive</strong></span> <span class='ocrx_word' id='word_1_498' title='bbox 2502 2771 2626 2812; x_wconf 90' lang='lat' dir='ltr'><strong>cum</strong></span> <span class='ocrx_word' id='word_1_499' title='bbox 2664 2755 2869 2810; x_wconf 87' lang='lat' dir='ltr'><strong>liberos</strong></span> <span class='ocrx_word' id='word_1_500' title='bbox 2904 2769 3013 2809; x_wconf 90' lang='lat' dir='ltr'><strong>nou</strong></span> <span class='ocrx_word' id='word_1_501' title='bbox 3071 2754 3336 2817; x_wconf 88' lang='lat' dir='ltr'><strong>habeant,</strong></span> <span class='ocrx_word' id='word_1_502' title='bbox 3394 2749 3536 2805; x_wconf 90' lang='lat' dir='ltr'><strong>alios</strong></span> <span class='ocrx_word' id='word_1_503' title='bbox 3569 2745 3626 2803; x_wconf 87' lang='lat' dir='ltr'><strong>ln</strong></span> 
     </span>
    </p>
   </div>
   <div class='ocr_carea' id='block_1_73' title="bbox 2048 2847 3632 2919">
    <p class='ocr_par' dir='ltr' id='par_1_73' title="bbox 2048 2847 3632 2919">
     <span class='ocr_line' id='line_1_73' title="bbox 2048 2847 3632 2919; baseline -0.008 -10"><span class='ocrx_word' id='word_1_504' title='bbox 2048 2853 2422 2910; x_wconf 83' lang='lat' dir='ltr'><strong>haereditatem</strong></span> <span class='ocrx_word' id='word_1_505' title='bbox 2460 2849 3100 2919; x_wconf 68' lang='lat' dir='ltr'><strong>introducmLIEquum</strong></span> <span class='ocrx_word' id='word_1_506' title='bbox 3149 2847 3294 2903; x_wconf 90' lang='lat' dir='ltr'><strong>enim</strong></span> <span class='ocrx_word' id='word_1_507' title='bbox 3333 2858 3442 2900; x_wconf 90' lang='lat' dir='ltr'><strong>non</strong></span> <span class='ocrx_word' id='word_1_508' title='bbox 3474 2851 3632 2914; x_wconf 58' lang='lat' dir='ltr'><strong>puta.</strong></span> 
     </span>
    </p>
   </div>
   <div class='ocr_carea' id='block_1_74' title="bbox 2050 2934 3625 3017">
    <p class='ocr_par' dir='ltr' id='par_1_74' title="bbox 2050 2934 3625 3017">
     <span class='ocr_line' id='line_1_74' title="bbox 2050 2934 3625 3017; baseline -0.008 -15"><span class='ocrx_word' id='word_1_509' title='bbox 2050 2944 2716 3017; x_wconf 82' lang='lat' dir='ltr'><strong>mus.utquicommunis</strong></span> <span class='ocrx_word' id='word_1_510' title='bbox 2744 2941 3062 3012; x_wconf 67' lang='lat' dir='ltr'><strong>reipublicae</strong></span> <span class='ocrx_word' id='word_1_511' title='bbox 3107 2937 3352 2994; x_wconf 86' lang='lat' dir='ltr'><strong>nominis</strong></span> <span class='ocrx_word' id='word_1_512' title='bbox 3399 2934 3625 3006; x_wconf 73' lang='lat' dir='ltr'><strong>aequali~</strong></span> 
     </span>
    </p>
   </div>
   <div class='ocr_carea' id='block_1_75' title="bbox 2052 3030 3636 3110">
    <p class='ocr_par' dir='ltr' id='par_1_75' title="bbox 2052 3030 3636 3110">
     <span class='ocr_line' id='line_1_75' title="bbox 2052 3030 3636 3110; baseline -0.008 -16"><span class='ocrx_word' id='word_1_513' title='bbox 2052 3047 2135 3095; x_wconf 83' lang='lat' dir='ltr'><strong>ter</strong></span> <span class='ocrx_word' id='word_1_514' title='bbox 2185 3039 2484 3110; x_wconf 83' lang='lat' dir='ltr'><strong>participes</strong></span> <span class='ocrx_word' id='word_1_515' title='bbox 2543 3043 2694 3098; x_wconf 86' lang='lat' dir='ltr'><strong>sunt.</strong></span> <span class='ocrx_word' id='word_1_516' title='bbox 2738 3034 3099 3106; x_wconf 76' lang='lat' dir='ltr'><strong>ejusdemque</strong></span> <span class='ocrx_word' id='word_1_517' title='bbox 3141 3046 3263 3087; x_wconf 84' lang='lat' dir='ltr'><strong>esse</strong></span> <span class='ocrx_word' id='word_1_518' title='bbox 3293 3030 3475 3102; x_wconf 76' lang='lat' dir='ltr'><strong>gentis</strong></span> <span class='ocrx_word' id='word_1_519' title='bbox 3503 3042 3636 3083; x_wconf 77' lang='lat' dir='ltr'><strong>cen~</strong></span> 
     </span>
    </p>
   </div>
   <div class='ocr_carea' id='block_1_76' title="bbox 2056 3127 3637 3200">
    <p class='ocr_par' dir='ltr' id='par_1_76' title="bbox 2056 3127 3637 3200">
     <span class='ocr_line' id='line_1_76' title="bbox 2056 3127 3637 3200; baseline -0.009 -10"><span class='ocrx_word' id='word_1_520' title='bbox 2056 3142 2290 3191; x_wconf 88' lang='lat' dir='ltr'><strong>sentur:</strong></span> <span class='ocrx_word' id='word_1_521' title='bbox 2321 3148 2432 3188; x_wconf 89' lang='lat' dir='ltr'><strong>non</strong></span> <span class='ocrx_word' id='word_1_522' title='bbox 2464 3130 2720 3200; x_wconf 65' lang='lat' dir='ltr'><strong>aequabili</strong></span> <span class='ocrx_word' id='word_1_523' title='bbox 2746 3145 2812 3185; x_wconf 82' lang='lat' dir='ltr'><strong>ex</strong></span> <span class='ocrx_word' id='word_1_524' title='bbox 2845 3130 2962 3200; x_wconf 82' lang='lat' dir='ltr'><strong>lege</strong></span> <span class='ocrx_word' id='word_1_525' title='bbox 2995 3128 3119 3199; x_wconf 77' lang='lat' dir='ltr'><strong>jure</strong></span> <span class='ocrx_word' id='word_1_526' title='bbox 3156 3128 3531 3182; x_wconf 83' lang='lat' dir='ltr'><strong>honorentur:</strong></span> <span class='ocrx_word' id='word_1_527' title='bbox 3575 3127 3637 3177; x_wconf 85' lang='lat' dir='ltr'><strong>ut</strong></span> 
     </span>
    </p>
   </div>
   <div class='ocr_carea' id='block_1_77' title="bbox 2056 3215 3636 3297">
    <p class='ocr_par' dir='ltr' id='par_1_77' title="bbox 2056 3215 3636 3297">
     <span class='ocr_line' id='line_1_77' title="bbox 2056 3215 3636 3297; baseline -0.008 -14"><span class='ocrx_word' id='word_1_528' title='bbox 2056 3228 2312 3283; x_wconf 81' lang='lat' dir='ltr'><strong>videlicet</strong></span> <span class='ocrx_word' id='word_1_529' title='bbox 2353 3215 2450 3297; x_wconf 80' lang='lat' dir='ltr'><strong>qui</strong></span> <span class='ocrx_word' id='word_1_530' title='bbox 2488 3225 2648 3280; x_wconf 90' lang='lat' dir='ltr'><strong>liberi</strong></span> <span class='ocrx_word' id='word_1_531' title='bbox 2684 3239 2715 3279; x_wconf 88' lang='lat' dir='ltr'><strong>a</strong></span> <span class='ocrx_word' id='word_1_532' title='bbox 2758 3223 3025 3281; x_wconf 82' lang='lat' dir='ltr'><strong>servitute</strong></span> <span class='ocrx_word' id='word_1_533' title='bbox 3059 3229 3213 3286; x_wconf 91' lang='lat' dir='ltr'><strong>sunt,</strong></span> <span class='ocrx_word' id='word_1_534' title='bbox 3260 3215 3541 3275; x_wconf 88' lang='lat' dir='ltr'><strong>statuendi</strong></span> <span class='ocrx_word' id='word_1_535' title='bbox 3566 3215 3636 3271; x_wconf 90' lang='lat' dir='ltr'><strong>de</strong></span> 
     </span>
    </p>
   </div>
   <div class='ocr_carea' id='block_1_78' title="bbox 2056 3307 3639 3388">
    <p class='ocr_par' dir='ltr' id='par_1_78' title="bbox 2056 3307 3639 3388">
     <span class='ocr_line' id='line_1_78' title="bbox 2056 3307 3639 3388; baseline -0.009 -12"><span class='ocrx_word' id='word_1_536' title='bbox 2056 3321 2222 3377; x_wconf 87' lang='lat' dir='ltr'><strong>rebus</strong></span> <span class='ocrx_word' id='word_1_537' title='bbox 2261 3320 2401 3385; x_wconf 84' lang='lat' dir='ltr'><strong>suis,</strong></span> <span class='ocrx_word' id='word_1_538' title='bbox 2422 3328 2482 3373; x_wconf 92' lang='lat' dir='ltr'><strong>ut</strong></span> <span class='ocrx_word' id='word_1_539' title='bbox 2512 3318 2691 3374; x_wconf 88' lang='lat' dir='ltr'><strong>visum</strong></span> <span class='ocrx_word' id='word_1_540' title='bbox 2710 3323 2817 3381; x_wconf 88' lang='lat' dir='ltr'><strong>est,</strong></span> <span class='ocrx_word' id='word_1_541' title='bbox 2837 3323 3160 3388; x_wconf 88' lang='lat' dir='ltr'><strong>potestatem</strong></span> <span class='ocrx_word' id='word_1_542' title='bbox 3189 3311 3429 3366; x_wconf 85' lang='lat' dir='ltr'><strong>habeant</strong></span> <span class='ocrx_word' id='word_1_543' title='bbox 3457 3326 3472 3364; x_wconf 87' lang='lat'><strong>:</strong></span> <span class='ocrx_word' id='word_1_544' title='bbox 3506 3307 3639 3380; x_wconf 46' lang='lat' dir='ltr'><strong>qui:</strong></span> 
     </span>
    </p>
   </div>
   <div class='ocr_carea' id='block_1_79' title="bbox 2055 3401 3638 3477">
    <p class='ocr_par' dir='ltr' id='par_1_79' title="bbox 2055 3401 3638 3477">
     <span class='ocr_line' id='line_1_79' title="bbox 2055 3401 3638 3477; baseline -0.01 -7"><span class='ocrx_word' id='word_1_545' title='bbox 2055 3413 2161 3470; x_wconf 87' lang='lat' dir='ltr'><strong>bus</strong></span> <span class='ocrx_word' id='word_1_546' title='bbox 2195 3426 2325 3467; x_wconf 85' lang='lat' dir='ltr'><strong>vero</strong></span> <span class='ocrx_word' id='word_1_547' title='bbox 2353 3411 2444 3464; x_wconf 88' lang='lat' dir='ltr'><strong>illa</strong></span> <span class='ocrx_word' id='word_1_548' title='bbox 2477 3424 2672 3465; x_wconf 86' lang='lat' dir='ltr'><strong>manus</strong></span> <span class='ocrx_word' id='word_1_549' title='bbox 2707 3407 2892 3464; x_wconf 88' lang='lat' dir='ltr'><strong>intulit</strong></span> <span class='ocrx_word' id='word_1_550' title='bbox 2945 3405 3104 3477; x_wconf 89' lang='lat' dir='ltr'><strong>quasi</strong></span> <span class='ocrx_word' id='word_1_551' title='bbox 3153 3403 3371 3474; x_wconf 85' lang='lat' dir='ltr'><strong>culpam</strong></span> <span class='ocrx_word' id='word_1_552' title='bbox 3406 3401 3638 3456; x_wconf 74' lang='lat' dir='ltr'><strong>contini-</strong></span> 
     </span>
    </p>
   </div>
   <div class='ocr_carea' id='block_1_80' title="bbox 2056 3493 3641 3576">
    <p class='ocr_par' dir='ltr' id='par_1_80' title="bbox 2056 3493 3641 3576">
     <span class='ocr_line' id='line_1_80' title="bbox 2056 3493 3641 3576; baseline -0.009 -14"><span class='ocrx_word' id='word_1_553' title='bbox 2056 3505 2410 3576; x_wconf 88' lang='lat' dir='ltr'><strong>serint,quod</strong></span> <span class='ocrx_word' id='word_1_554' title='bbox 2444 3518 2542 3574; x_wconf 89' lang='lat' dir='ltr'><strong>pro</strong></span> <span class='ocrx_word' id='word_1_555' title='bbox 2572 3501 2868 3557; x_wconf 89' lang='lat' dir='ltr'><strong>tribulibus</strong></span> <span class='ocrx_word' id='word_1_556' title='bbox 2899 3497 3372 3572; x_wconf 78' lang='lat' dir='ltr'><strong>propugnaudoin</strong></span> <span class='ocrx_word' id='word_1_557' title='bbox 3403 3493 3641 3564; x_wconf 71' lang='lat' dir='ltr'><strong>captivl~</strong></span> 
     </span>
    </p>
   </div>
   <div class='ocr_carea' id='block_1_81' title="bbox 2059 3589 3642 3663">
    <p class='ocr_par' dir='ltr' id='par_1_81' title="bbox 2059 3589 3642 3663">
     <span class='ocr_line' id='line_1_81' title="bbox 2059 3589 3642 3663; baseline -0.009 -6"><span class='ocrx_word' id='word_1_558' title='bbox 2059 3601 2194 3657; x_wconf 87' lang='lat' dir='ltr'><strong>tatis</strong></span> <span class='ocrx_word' id='word_1_559' title='bbox 2208 3593 2589 3656; x_wconf 76' lang='lat' dir='ltr'><strong>neCessitatem</strong></span> <span class='ocrx_word' id='word_1_560' title='bbox 2608 3595 3071 3661; x_wconf 84' lang='lat' dir='ltr'><strong>devenerint,non</strong></span> <span class='ocrx_word' id='word_1_561' title='bbox 3092 3591 3308 3662; x_wconf 87' lang='lat' dir='ltr'><strong>item(9l</strong></span> <span class='ocrx_word' id='word_1_562' title='bbox 3322 3589 3642 3663; x_wconf 75' lang='lat' dir='ltr'><strong>).Ca-terum</strong></span> 
     </span>
    </p>
   </div>
   <div class='ocr_carea' id='block_1_82' title="bbox 2059 3690 3642 3764">
    <p class='ocr_par' dir='ltr' id='par_1_82' title="bbox 2059 3690 3642 3764">
     <span class='ocr_line' id='line_1_82' title="bbox 2059 3690 3642 3764; baseline -0.01 -13"><span class='ocrx_word' id='word_1_563' title='bbox 2059 3695 2107 3752; x_wconf 93' lang='lat' dir='ltr'><strong>si</strong></span> <span class='ocrx_word' id='word_1_564' title='bbox 2136 3693 2478 3764; x_wconf 87' lang='lat' dir='ltr'><strong>captivorum</strong></span> <span class='ocrx_word' id='word_1_565' title='bbox 2503 3690 2778 3762; x_wconf 81' lang='lat' dir='ltr'><strong>quispiam</strong></span> <span class='ocrx_word' id='word_1_566' title='bbox 2829 3694 2924 3744; x_wconf 85' lang='lat' dir='ltr'><strong>aut</strong></span> <span class='ocrx_word' id='word_1_567' title='bbox 2959 3701 3058 3742; x_wconf 90' lang='lat' dir='ltr'><strong>sua</strong></span> <span class='ocrx_word' id='word_1_568' title='bbox 3089 3693 3290 3758; x_wconf 89' lang='lat' dir='ltr'><strong>sponte</strong></span> <span class='ocrx_word' id='word_1_569' title='bbox 3325 3690 3419 3738; x_wconf 86' lang='lat' dir='ltr'><strong>aut</strong></span> <span class='ocrx_word' id='word_1_570' title='bbox 3447 3693 3642 3738; x_wconf 89' lang='lat' dir='ltr'><strong>eorum</strong></span> 
     </span>
    </p>
   </div>
   <div class='ocr_carea' id='block_1_83' title="bbox 2058 3775 3646 3858">
    <p class='ocr_par' dir='ltr' id='par_1_83' title="bbox 2058 3775 3646 3858">
     <span class='ocr_line' id='line_1_83' title="bbox 2058 3775 3646 3858; baseline -0.009 -16"><span class='ocrx_word' id='word_1_571' title='bbox 2058 3802 2295 3858; x_wconf 90' lang='lat' dir='ltr'><strong>quorum</strong></span> <span class='ocrx_word' id='word_1_572' title='bbox 2326 3785 2380 3840; x_wconf 92' lang='lat' dir='ltr'><strong>in</strong></span> <span class='ocrx_word' id='word_1_573' title='bbox 2406 3791 2678 3855; x_wconf 87' lang='lat' dir='ltr'><strong>potestate</strong></span> <span class='ocrx_word' id='word_1_574' title='bbox 2702 3791 2809 3848; x_wconf 87' lang='lat' dir='ltr'><strong>est,</strong></span> <span class='ocrx_word' id='word_1_575' title='bbox 2836 3782 2884 3836; x_wconf 89' lang='lat' dir='ltr'><strong>vi</strong></span> <span class='ocrx_word' id='word_1_576' title='bbox 2913 3779 3162 3846; x_wconf 87' lang='lat' dir='ltr'><strong>adactus,</strong></span> <span class='ocrx_word' id='word_1_577' title='bbox 3180 3779 3285 3834; x_wconf 88' lang='lat' dir='ltr'><strong>hoc</strong></span> <span class='ocrx_word' id='word_1_578' title='bbox 3309 3777 3362 3831; x_wconf 92' lang='lat' dir='ltr'><strong>in</strong></span> <span class='ocrx_word' id='word_1_579' title='bbox 3397 3775 3646 3830; x_wconf 86' lang='lat' dir='ltr'><strong>animum</strong></span> 
     </span>
    </p>
   </div>
   <div class='ocr_carea' id='block_1_84' title="bbox 2060 3871 3648 3944">
    <p class='ocr_par' dir='ltr' id='par_1_84' title="bbox 2060 3871 3648 3944">
     <span class='ocr_line' id='line_1_84' title="bbox 2060 3871 3648 3944; baseline -0.007 -10"><span class='ocrx_word' id='word_1_580' title='bbox 2060 3879 2404 3944; x_wconf 89' lang='lat' dir='ltr'><strong>inducat,uti</strong></span> <span class='ocrx_word' id='word_1_581' title='bbox 2432 3892 2522 3933; x_wconf 88' lang='lat' dir='ltr'><strong>res</strong></span> <span class='ocrx_word' id='word_1_582' title='bbox 2547 3891 2680 3933; x_wconf 89' lang='lat' dir='ltr'><strong>suas</strong></span> <span class='ocrx_word' id='word_1_583' title='bbox 2711 3875 2778 3929; x_wconf 86' lang='lat' dir='ltr'><strong>ad</strong></span> <span class='ocrx_word' id='word_1_584' title='bbox 2806 3875 2996 3930; x_wconf 90' lang='lat' dir='ltr'><strong>hostes</strong></span> <span class='ocrx_word' id='word_1_585' title='bbox 3017 3871 3324 3929; x_wconf 86' lang='lat' dir='ltr'><strong>concedere</strong></span> <span class='ocrx_word' id='word_1_586' title='bbox 3343 3876 3648 3925; x_wconf 78' lang='lat' dir='ltr'><strong>testamen-</strong></span> 
     </span>
    </p>
   </div>
   <div class='ocr_carea' id='block_1_85' title="bbox 2062 3959 3644 4041">
    <p class='ocr_par' dir='ltr' id='par_1_85' title="bbox 2062 3959 3644 4041">
     <span class='ocr_line' id='line_1_85' title="bbox 2062 3959 3644 4041; baseline -0.007 -16"><span class='ocrx_word' id='word_1_587' title='bbox 2062 3978 2119 4025; x_wconf 91' lang='lat' dir='ltr'><strong>to</strong></span> <span class='ocrx_word' id='word_1_588' title='bbox 2126 3971 2317 4041; x_wconf 73' lang='lat' dir='ltr'><strong>iubeat</strong></span> <span class='ocrx_word' id='word_1_589' title='bbox 2339 3985 2353 4022; x_wconf 89' lang='lat'><strong>:</strong></span> <span class='ocrx_word' id='word_1_590' title='bbox 2376 3983 2722 4039; x_wconf 87' lang='lat' dir='ltr'><strong>nequaquam</strong></span> <span class='ocrx_word' id='word_1_591' title='bbox 2742 3975 2874 4022; x_wconf 89' lang='lat' dir='ltr'><strong>tunc</strong></span> <span class='ocrx_word' id='word_1_592' title='bbox 2893 3965 3150 4037; x_wconf 87' lang='lat' dir='ltr'><strong>placitum</strong></span> <span class='ocrx_word' id='word_1_593' title='bbox 3166 3963 3337 4032; x_wconf 91' lang='lat' dir='ltr'><strong>ipsius</strong></span> <span class='ocrx_word' id='word_1_594' title='bbox 3351 3971 3532 4017; x_wconf 89' lang='lat' dir='ltr'><strong>ratum</strong></span> <span class='ocrx_word' id='word_1_595' title='bbox 3553 3959 3644 4015; x_wconf 85' lang='lat' dir='ltr'><strong>sit:</strong></span> 
     </span>
    </p>
   </div>
   <div class='ocr_carea' id='block_1_86' title="bbox 2061 4053 3640 4135">
    <p class='ocr_par' dir='ltr' id='par_1_86' title="bbox 2061 4053 3640 4135">
     <span class='ocr_line' id='line_1_86' title="bbox 2061 4053 3640 4135; baseline -0.008 -16"><span class='ocrx_word' id='word_1_596' title='bbox 2061 4062 2332 4135; x_wconf 89' lang='lat' dir='ltr'><strong>quasique</strong></span> <span class='ocrx_word' id='word_1_597' title='bbox 2354 4077 2463 4117; x_wconf 91' lang='lat' dir='ltr'><strong>non</strong></span> <span class='ocrx_word' id='word_1_598' title='bbox 2495 4076 2593 4132; x_wconf 87' lang='lat' dir='ltr'><strong>pro</strong></span> <span class='ocrx_word' id='word_1_599' title='bbox 2631 4060 2746 4132; x_wconf 69' lang='grc' dir='ltr'><strong>(θὲ)</strong></span> <span class='ocrx_word' id='word_1_600' title='bbox 2771 4061 2974 4116; x_wconf 85' lang='lat' dir='ltr'><strong>decoro</strong></span> <span class='ocrx_word' id='word_1_601' title='bbox 3016 4058 3333 4128; x_wconf 64' lang='lat' dir='ltr'><strong>reipublicae</strong></span> <span class='ocrx_word' id='word_1_602' title='bbox 3368 4053 3640 4111; x_wconf 77' lang='lat' dir='ltr'><strong>Christia-</strong></span> 
     </span>
    </p>
   </div>
   <div class='ocr_carea' id='block_1_87' title="bbox 2064 4145 3645 4217">
    <p class='ocr_par' dir='ltr' id='par_1_87' title="bbox 2064 4145 3645 4217">
     <span class='ocr_line' id='line_1_87' title="bbox 2064 4145 3645 4217; baseline -0.008 -5"><span class='ocrx_word' id='word_1_603' title='bbox 2064 4172 2148 4212; x_wconf 81' lang='lat' dir='ltr'><strong>nae</strong></span> <span class='ocrx_word' id='word_1_604' title='bbox 2179 4158 2565 4212; x_wconf 82' lang='lat' dir='ltr'><strong>testamentum</strong></span> <span class='ocrx_word' id='word_1_605' title='bbox 2602 4153 2806 4207; x_wconf 86' lang='lat' dir='ltr'><strong>factum</strong></span> <span class='ocrx_word' id='word_1_606' title='bbox 2839 4151 2944 4217; x_wconf 88' lang='lat' dir='ltr'><strong>siti,</strong></span> <span class='ocrx_word' id='word_1_607' title='bbox 2999 4151 3053 4204; x_wconf 89' lang='lat' dir='ltr'><strong>in</strong></span> <span class='ocrx_word' id='word_1_608' title='bbox 3089 4149 3307 4203; x_wconf 84' lang='lat' dir='ltr'><strong>irritum</strong></span> <span class='ocrx_word' id='word_1_609' title='bbox 3367 4145 3645 4202; x_wconf 87' lang='lat' dir='ltr'><strong>concidat.</strong></span> 
     </span>
    </p>
   </div>
   <div class='ocr_carea' id='block_1_88' title="bbox 2135 4241 3650 4319">
    <p class='ocr_par' dir='ltr' id='par_1_88' title="bbox 2135 4241 3650 4319">
     <span class='ocr_line' id='line_1_88' title="bbox 2135 4241 3650 4319; baseline -0.005 -16"><span class='ocrx_word' id='word_1_610' title='bbox 2135 4250 2313 4319; x_wconf 85' lang='lat' dir='ltr'><strong>Atque</strong></span> <span class='ocrx_word' id='word_1_611' title='bbox 2342 4247 2460 4302; x_wconf 63' lang='lat' dir='ltr'><strong>hate</strong></span> <span class='ocrx_word' id='word_1_612' title='bbox 2512 4245 2737 4318; x_wconf 88' lang='lat' dir='ltr'><strong>quidem</strong></span> <span class='ocrx_word' id='word_1_613' title='bbox 2787 4244 2854 4300; x_wconf 89' lang='lat' dir='ltr'><strong>de</strong></span> <span class='ocrx_word' id='word_1_614' title='bbox 2882 4244 2950 4300; x_wconf 89' lang='lat' dir='ltr'><strong>iis</strong></span> <span class='ocrx_word' id='word_1_615' title='bbox 2982 4244 3075 4315; x_wconf 94' lang='lat' dir='ltr'><strong>qui</strong></span> <span class='ocrx_word' id='word_1_616' title='bbox 3113 4243 3240 4297; x_wconf 72' lang='lat' dir='ltr'><strong>vita:</strong></span> <span class='ocrx_word' id='word_1_617' title='bbox 3290 4241 3451 4296; x_wconf 83' lang='lat' dir='ltr'><strong>finem</strong></span> <span class='ocrx_word' id='word_1_618' title='bbox 3477 4248 3650 4296; x_wconf 88' lang='lat' dir='ltr'><strong>testa-</strong></span> 
     </span>
    </p>
   </div>
   <div class='ocr_carea' id='block_1_89' title="bbox 2067 4331 3652 4394">
    <p class='ocr_par' dir='ltr' id='par_1_89' title="bbox 2067 4331 3652 4394">
     <span class='ocr_line' id='line_1_89' title="bbox 2067 4331 3652 4394; baseline -0.007 0"><span class='ocrx_word' id='word_1_619' title='bbox 2067 4346 2254 4394; x_wconf 91' lang='lat' dir='ltr'><strong>mento</strong></span> <span class='ocrx_word' id='word_1_620' title='bbox 2288 4343 2704 4392; x_wconf 84' lang='lat' dir='ltr'><strong>anteverterunt</strong></span> <span class='ocrx_word' id='word_1_621' title='bbox 2755 4334 2969 4389; x_wconf 86' lang='lat' dir='ltr'><strong>sancita</strong></span> <span class='ocrx_word' id='word_1_622' title='bbox 3007 4341 3194 4389; x_wconf 88' lang='lat' dir='ltr'><strong>sunto.</strong></span> <span class='ocrx_word' id='word_1_623' title='bbox 3220 4331 3281 4388; x_wconf 82' lang='lat' dir='ltr'><strong>Si</strong></span> <span class='ocrx_word' id='word_1_624' title='bbox 3335 4347 3457 4387; x_wconf 80' lang='lat' dir='ltr'><strong>vero</strong></span> <span class='ocrx_word' id='word_1_625' title='bbox 3517 4331 3652 4386; x_wconf 79' lang='lat' dir='ltr'><strong>ulti-</strong></span> 
     </span>
    </p>
   </div>
   <div class='ocr_carea' id='block_1_90' title="bbox 2066 4420 3653 4493">
    <p class='ocr_par' dir='ltr' id='par_1_90' title="bbox 2066 4420 3653 4493">
     <span class='ocr_line' id='line_1_90' title="bbox 2066 4420 3653 4493; baseline -0.004 -13"><span class='ocrx_word' id='word_1_626' title='bbox 2066 4442 2183 4480; x_wconf 78' lang='lat' dir='ltr'><strong>mus</strong></span> <span class='ocrx_word' id='word_1_627' title='bbox 2245 4428 2365 4480; x_wconf 70' lang='lat' dir='ltr'><strong>vitte</strong></span> <span class='ocrx_word' id='word_1_628' title='bbox 2417 4424 2536 4480; x_wconf 88' lang='lat' dir='ltr'><strong>dies</strong></span> <span class='ocrx_word' id='word_1_629' title='bbox 2600 4423 2786 4479; x_wconf 89' lang='lat' dir='ltr'><strong>subito</strong></span> <span class='ocrx_word' id='word_1_630' title='bbox 2860 4421 2940 4477; x_wconf 90' lang='lat' dir='ltr'><strong>illi</strong></span> <span class='ocrx_word' id='word_1_631' title='bbox 3006 4420 3413 4493; x_wconf 84' lang='lat' dir='ltr'><strong>supervenerit,</strong></span> <span class='ocrx_word' id='word_1_632' title='bbox 3484 4427 3653 4490; x_wconf 85' lang='lat' dir='ltr'><strong>atque</strong></span> 
     </span>
    </p>
   </div>
   <div class='ocr_carea' id='block_1_91' title="bbox 382 4512 1938 4589">
    <p class='ocr_par' dir='ltr' id='par_1_91' title="bbox 382 4513 1938 4586">
     <span class='ocr_line' id='line_1_91' title="bbox 382 4513 1938 4586; baseline 0 -18"><span class='ocrx_word' id='word_1_633' title='bbox 382 4513 535 4568; x_wconf 84' lang='grc' dir='ltr'>θετον</span> <span class='ocrx_word' id='word_1_634' title='bbox 561 4513 818 4584; x_wconf 81' lang='grc' dir='ltr'>ἁφανίσοι</span> <span class='ocrx_word' id='word_1_635' title='bbox 850 4514 943 4568; x_wconf 79' lang='grc' dir='ltr'>τὸν</span> <span class='ocrx_word' id='word_1_636' title='bbox 988 4514 1296 4586; x_wconf 79' lang='grc' dir='ltr'>ἄνθρωπον,</span> <span class='ocrx_word' id='word_1_637' title='bbox 1330 4514 1615 4585; x_wconf 84' lang='grc' dir='ltr'>παρόντων</span> <span class='ocrx_word' id='word_1_638' title='bbox 1673 4516 1772 4585; x_wconf 88' lang='grc' dir='ltr'><strong>μέν</strong></span> <span class='ocrx_word' id='word_1_639' title='bbox 1798 4532 1938 4568; x_wconf 69' lang='grc' dir='ltr'>τινωι</span> 
     </span>
    </p>
   </div>
   <div class='ocr_carea' id='block_1_92' title="bbox 2041 4512 3646 4589">
    <p class='ocr_par' dir='ltr' id='par_1_92' title="bbox 2070 4512 3646 4586">
     <span class='ocr_line' id='line_1_92' title="bbox 2070 4512 3646 4586; baseline -0.003 -16"><span class='ocrx_word' id='word_1_640' title='bbox 2070 4517 2364 4573; x_wconf 83' lang='lat' dir='ltr'><strong>intestatus</strong></span> <span class='ocrx_word' id='word_1_641' title='bbox 2402 4515 2514 4586; x_wconf 69' lang='lat'><strong>(93)</strong></span> <span class='ocrx_word' id='word_1_642' title='bbox 2549 4515 2616 4571; x_wconf 90' lang='lat' dir='ltr'><strong>de</strong></span> <span class='ocrx_word' id='word_1_643' title='bbox 2638 4516 2819 4570; x_wconf 83' lang='lat' dir='ltr'><strong>medio</strong></span> <span class='ocrx_word' id='word_1_644' title='bbox 2848 4514 3100 4571; x_wconf 82' lang='lat' dir='ltr'><strong>sublatus</strong></span> <span class='ocrx_word' id='word_1_645' title='bbox 3132 4514 3207 4569; x_wconf 91' lang='lat' dir='ltr'><strong>sit</strong></span> <span class='ocrx_word' id='word_1_646' title='bbox 3236 4530 3249 4569; x_wconf 92' lang='lat'><strong>:</strong></span> <span class='ocrx_word' id='word_1_647' title='bbox 3284 4521 3399 4568; x_wconf 88' lang='lat' dir='ltr'><strong>tum</strong></span> <span class='ocrx_word' id='word_1_648' title='bbox 3441 4513 3489 4569; x_wconf 89' lang='lat' dir='ltr'><strong>si</strong></span> <span class='ocrx_word' id='word_1_649' title='bbox 3529 4512 3646 4582; x_wconf 86' lang='lat' dir='ltr'><strong>qui,</strong></span> 
     </span>
    </p>
   </div>
   <div class='ocr_carea' id='block_1_93' title="bbox 382 4601 1938 4682">
    <p class='ocr_par' dir='ltr' id='par_1_93' title="bbox 382 4601 1938 4679">
     <span class='ocr_line' id='line_1_93' title="bbox 382 4601 1938 4679; baseline 0.001 -19"><span class='ocrx_word' id='word_1_650' title='bbox 382 4601 464 4671; x_wconf 79' lang='grc' dir='ltr'><strong>οἷς</strong></span> <span class='ocrx_word' id='word_1_651' title='bbox 488 4609 517 4662; x_wconf 87' lang='grc' dir='ltr'><strong><em>ὸ</em></strong></span> <span class='ocrx_word' id='word_1_652' title='bbox 557 4608 760 4678; x_wconf 83' lang='grc' dir='ltr'>κλῆρος</span> <span class='ocrx_word' id='word_1_653' title='bbox 783 4608 1030 4679; x_wconf 84' lang='grc' dir='ltr'>διαφέρει</span> <span class='ocrx_word' id='word_1_654' title='bbox 1079 4609 1339 4662; x_wconf 79' lang='grc' dir='ltr'>ἀνιόντων</span> <span class='ocrx_word' id='word_1_655' title='bbox 1386 4607 1419 4678; x_wconf 81' lang='grc' dir='ltr'>ἢ</span> <span class='ocrx_word' id='word_1_656' title='bbox 1468 4606 1789 4672; x_wconf 87' lang='grc' dir='ltr'>κατιόντων,</span> <span class='ocrx_word' id='word_1_657' title='bbox 1832 4611 1938 4679; x_wconf 77' lang='grc' dir='ltr'>πρὸ</span> 
     </span>
    </p>
   </div>
   <div class='ocr_carea' id='block_1_94' title="bbox 2041 4601 3658 4682">
    <p class='ocr_par' dir='ltr' id='par_1_94' title="bbox 2073 4603 3658 4682">
     <span class='ocr_line' id='line_1_94' title="bbox 2073 4603 3658 4682; baseline -0.007 -13"><span class='ocrx_word' id='word_1_658' title='bbox 2073 4612 2140 4669; x_wconf 88' lang='lat' dir='ltr'><strong>ad</strong></span> <span class='ocrx_word' id='word_1_659' title='bbox 2179 4626 2320 4682; x_wconf 90' lang='lat' dir='ltr'><strong>quos</strong></span> <span class='ocrx_word' id='word_1_660' title='bbox 2364 4610 2656 4665; x_wconf 66' lang='lat' dir='ltr'><strong>haereditas</strong></span> <span class='ocrx_word' id='word_1_661' title='bbox 2689 4608 2948 4679; x_wconf 89' lang='lat' dir='ltr'><strong>pertinet,</strong></span> <span class='ocrx_word' id='word_1_662' title='bbox 2987 4609 3104 4663; x_wconf 87' lang='lat' dir='ltr'><strong>sive</strong></span> <span class='ocrx_word' id='word_1_663' title='bbox 3151 4603 3535 4671; x_wconf 87' lang='lat' dir='ltr'><strong>ascendentes,</strong></span> <span class='ocrx_word' id='word_1_664' title='bbox 3580 4604 3658 4660; x_wconf 79' lang='lat' dir='ltr'><strong>si-</strong></span> 
     </span>
    </p>
   </div>
   <div class='ocr_carea' id='block_1_95' title="bbox 385 4696 1938 4773">
    <p class='ocr_par' dir='ltr' id='par_1_95' title="bbox 385 4699 1938 4773">
     <span class='ocr_line' id='line_1_95' title="bbox 385 4699 1938 4773; baseline 0.001 -19"><span class='ocrx_word' id='word_1_665' title='bbox 385 4699 578 4764; x_wconf 78' lang='grc' dir='ltr'>αὐτοὺς</span> <span class='ocrx_word' id='word_1_666' title='bbox 625 4701 658 4772; x_wconf 78' lang='grc' dir='ltr'>ἡ</span> <span class='ocrx_word' id='word_1_667' title='bbox 717 4702 1004 4773; x_wconf 89' lang='grc' dir='ltr'>περιουσία</span> <span class='ocrx_word' id='word_1_668' title='bbox 1023 4700 1370 4772; x_wconf 86' lang='grc' dir='ltr'>πορεύσεται,</span> <span class='ocrx_word' id='word_1_669' title='bbox 1397 4701 1473 4772; x_wconf 80' lang='grc' dir='ltr'>μὴ</span> <span class='ocrx_word' id='word_1_670' title='bbox 1497 4701 1688 4766; x_wconf 75' lang='grc' dir='ltr'>ὄντων,</span> <span class='ocrx_word' id='word_1_671' title='bbox 1717 4701 1774 4756; x_wconf 79' lang='grc' dir='ltr'><strong>δέ</strong></span> <span class='ocrx_word' id='word_1_672' title='bbox 1809 4720 1938 4756; x_wconf 90' lang='grc' dir='ltr'>τινω</span> 
     </span>
    </p>
   </div>
   <div class='ocr_carea' id='block_1_96' title="bbox 2041 4696 3654 4773">
    <p class='ocr_par' dir='ltr' id='par_1_96' title="bbox 2071 4696 3654 4773">
     <span class='ocr_line' id='line_1_96' title="bbox 2071 4696 3654 4773; baseline -0.009 -9"><span class='ocrx_word' id='word_1_673' title='bbox 2071 4723 2139 4764; x_wconf 87' lang='lat' dir='ltr'><strong>ve</strong></span> <span class='ocrx_word' id='word_1_674' title='bbox 2175 4704 2577 4762; x_wconf 83' lang='lat' dir='ltr'><strong>descendentes</strong></span> <span class='ocrx_word' id='word_1_675' title='bbox 2605 4703 2911 4773; x_wconf 88' lang='lat' dir='ltr'><strong>supersint,</strong></span> <span class='ocrx_word' id='word_1_676' title='bbox 2941 4700 3008 4756; x_wconf 87' lang='lat' dir='ltr'><strong>ad</strong></span> <span class='ocrx_word' id='word_1_677' title='bbox 3039 4701 3139 4755; x_wconf 90' lang='lat' dir='ltr'><strong>hos</strong></span> <span class='ocrx_word' id='word_1_678' title='bbox 3161 4699 3253 4754; x_wconf 88' lang='lat' dir='ltr'><strong>illa</strong></span> <span class='ocrx_word' id='word_1_679' title='bbox 3293 4713 3353 4754; x_wconf 86' lang='lat' dir='ltr'><strong>se</strong></span> <span class='ocrx_word' id='word_1_680' title='bbox 3388 4696 3654 4764; x_wconf 80' lang='lat' dir='ltr'><strong>conferet;</strong></span> 
     </span>
    </p>
   </div>
   <div class='ocr_carea' id='block_1_97' title="bbox 1677 4867 2365 4929">
    <p class='ocr_par' dir='ltr' id='par_1_97' title="bbox 1677 4867 2365 4929">
     <span class='ocr_line' id='line_1_97' title="bbox 1677 4867 2365 4929; baseline 0.004 -6"><span class='ocrx_word' id='word_1_681' title='bbox 1677 4867 1918 4926; x_wconf 70' lang='lat' dir='ltr'><strong>VARle</strong></span> <span class='ocrx_word' id='word_1_682' title='bbox 1950 4869 2247 4929; x_wconf 80' lang='lat' dir='ltr'><strong>LECTION</strong></span> <span class='ocrx_word' id='word_1_683' title='bbox 2257 4869 2365 4926; x_wconf 87' lang='lat' dir='ltr'><strong>ES.</strong></span> 
     </span>
    </p>
   </div>
   <div class='ocr_carea' id='block_1_98' title="bbox 463 4983 1193 5056">
    <p class='ocr_par' dir='ltr' id='par_1_98' title="bbox 463 4983 1193 5056">
     <span class='ocr_line' id='line_1_98' title="bbox 463 4983 1193 5056; baseline -0.001 -15"><span class='ocrx_word' id='word_1_684' title='bbox 463 4987 508 5020; x_wconf 80' lang='lat'><strong>&quot;</strong></span> <span class='ocrx_word' id='word_1_685' title='bbox 537 4984 733 5056; x_wconf 87' lang='lat' dir='ltr'><strong>Incipit</strong></span> <span class='ocrx_word' id='word_1_686' title='bbox 765 4984 878 5040; x_wconf 90' lang='lat' dir='ltr'><strong>Ecl.</strong></span> <span class='ocrx_word' id='word_1_687' title='bbox 935 4983 1073 5056; x_wconf 74' lang='lat' dir='ltr'><strong>Nov.</strong></span> <span class='ocrx_word' id='word_1_688' title='bbox 1102 4983 1193 5056; x_wconf 70' lang='lat'><strong>25.</strong></span> 
     </span>
    </p>
   </div>
   <div class='ocr_carea' id='block_1_99' title="bbox 1305 4981 3658 5065">
    <p class='ocr_par' dir='ltr' id='par_1_99' title="bbox 1305 4981 3658 5065">
     <span class='ocr_line' id='line_1_99' title="bbox 1305 4981 3658 5065; baseline -0.001 -24"><span class='ocrx_word' id='word_1_689' title='bbox 1305 4983 1350 5065; x_wconf 55' lang='lat'><strong>1°</strong></span> <span class='ocrx_word' id='word_1_690' title='bbox 1392 4984 1508 5065; x_wconf 86' lang='lat' dir='ltr'><strong>_E_cl.</strong></span> <span class='ocrx_word' id='word_1_691' title='bbox 1556 4985 1868 5065; x_wconf 73' lang='grc' dir='ltr'>καταλίποι.</span> <span class='ocrx_word' id='word_1_692' title='bbox 1907 5060 1918 5065; x_wconf 87' lang='lat'>_</span> <span class='ocrx_word' id='word_1_693' title='bbox 1959 4991 2000 5022; x_wconf 87' lang='grc'><strong>¹¹</strong></span> <span class='ocrx_word' id='word_1_694' title='bbox 2039 4991 2234 5047; x_wconf 89' lang='lat' dir='ltr'><strong>Zuich.</strong></span> <span class='ocrx_word' id='word_1_695' title='bbox 2283 4998 2339 5044; x_wconf 89' lang='lat' dir='ltr'><strong>et</strong></span> <span class='ocrx_word' id='word_1_696' title='bbox 2390 4987 2617 5065; x_wconf 29' lang='grc' dir='ltr'>μορ-τρι.</span> <span class='ocrx_word' id='word_1_697' title='bbox 2653 4985 2915 5065; x_wconf 35' lang='grc' dir='ltr'><strong>’ἐπίσωςιΔ</strong></span> <span class='ocrx_word' id='word_1_698' title='bbox 2946 4985 2990 5016; x_wconf 81' lang='grc'><strong>¹⁸</strong></span> <span class='ocrx_word' id='word_1_699' title='bbox 3037 4981 3658 5065; x_wconf 44' lang='grc' dir='ltr'>Εοίκοόρίιγρλεμίων.</span> 
     </span>
    </p>
   </div>
   <div class='ocr_carea' id='block_1_100' title="bbox 391 5053 3660 5134">
    <p class='ocr_par' dir='ltr' id='par_1_100' title="bbox 391 5053 3660 5134">
     <span class='ocr_line' id='line_1_100' title="bbox 391 5053 3660 5134; baseline -0.002 -22"><span class='ocrx_word' id='word_1_700' title='bbox 391 5058 436 5092; x_wconf 76' lang='grc'>³³</span> <span class='ocrx_word' id='word_1_701' title='bbox 466 5053 700 5134; x_wconf 48' lang='lat' dir='ltr'><strong>S_cri_mé.</strong></span> <span class='ocrx_word' id='word_1_702' title='bbox 733 5056 901 5134; x_wconf 65' lang='grc' dir='ltr'>ἐστίν.</span> <span class='ocrx_word' id='word_1_703' title='bbox 941 5057 986 5086; x_wconf 70' lang='grc'><strong>⁸⁵</strong></span> <span class='ocrx_word' id='word_1_704' title='bbox 1014 5055 1105 5109; x_wconf 90' lang='lat' dir='ltr'><strong>Sic</strong></span> <span class='ocrx_word' id='word_1_705' title='bbox 1141 5054 1488 5134; x_wconf 79' lang='lat' dir='ltr'><strong>Ecl._Codd.:</strong></span> <span class='ocrx_word' id='word_1_706' title='bbox 1527 5058 1666 5110; x_wconf 78' lang='grc' dir='ltr'>κατὰ</span> <span class='ocrx_word' id='word_1_707' title='bbox 1695 5059 1786 5134; x_wconf 81' lang='grc' dir='ltr'>τὸν</span> <span class='ocrx_word' id='word_1_708' title='bbox 1815 5060 2093 5134; x_wconf 71' lang='grc' dir='ltr'>πρέποντα</span> <span class='ocrx_word' id='word_1_709' title='bbox 2129 5059 2446 5134; x_wconf 63' lang='grc' dir='ltr'>χριστιανῷ.</span> <span class='ocrx_word' id='word_1_710' title='bbox 2477 5060 2520 5134; x_wconf 79' lang='lat'><strong>&#39;_&quot;</strong></span> <span class='ocrx_word' id='word_1_711' title='bbox 2547 5055 3059 5134; x_wconf 72' lang='lat' dir='ltr'><strong>Scrimg._6ta&#39;tilaatg.</strong></span> <span class='ocrx_word' id='word_1_712' title='bbox 3094 5056 3138 5087; x_wconf 78' lang='lat'>“</span> <span class='ocrx_word' id='word_1_713' title='bbox 3161 5053 3239 5110; x_wconf 89' lang='lat' dir='ltr'><strong>Ita</strong></span> <span class='ocrx_word' id='word_1_714' title='bbox 3261 5053 3376 5109; x_wconf 82' lang='lat' dir='ltr'><strong>Ecl.</strong></span> <span class='ocrx_word' id='word_1_715' title='bbox 3403 5053 3660 5126; x_wconf 76' lang='lat' dir='ltr'><strong>Scrimg.:</strong></span> 
     </span>
    </p>
   </div>
   <div class='ocr_carea' id='block_1_101' title="bbox 389 5127 3130 5201">
    <p class='ocr_par' dir='ltr' id='par_1_101' title="bbox 389 5127 3130 5201">
     <span class='ocr_line' id='line_1_101' title="bbox 389 5127 3130 5201; baseline -0.001 -18"><span class='ocrx_word' id='word_1_716' title='bbox 389 5131 518 5201; x_wconf 75' lang='grc' dir='ltr'>περὶ</span> <span class='ocrx_word' id='word_1_717' title='bbox 544 5127 641 5200; x_wconf 84' lang='grc' dir='ltr'>τὴν</span> <span class='ocrx_word' id='word_1_718' title='bbox 663 5127 931 5199; x_wconf 81' lang='grc' dir='ltr'>διαθήκην</span> <span class='ocrx_word' id='word_1_719' title='bbox 982 5154 1056 5166; x_wconf 90' lang='grc'><strong><em>-</em></strong></span> <span class='ocrx_word' id='word_1_720' title='bbox 1101 5127 1436 5196; x_wconf 82' lang='grc' dir='ltr'>προφθάσει,</span> <span class='ocrx_word' id='word_1_721' title='bbox 1467 5143 1590 5199; x_wconf 71' lang='lat' dir='ltr'><strong>qua:</strong></span> <span class='ocrx_word' id='word_1_722' title='bbox 1628 5127 1952 5201; x_wconf 80' lang='lat' dir='ltr'><strong>corrigenda</strong></span> <span class='ocrx_word' id='word_1_723' title='bbox 1984 5148 2108 5188; x_wconf 90' lang='lat' dir='ltr'><strong>esse</strong></span> <span class='ocrx_word' id='word_1_724' title='bbox 2130 5127 2314 5189; x_wconf 67' lang='lat' dir='ltr'><strong>&#39;e&#39;tiam</strong></span> <span class='ocrx_word' id='word_1_725' title='bbox 2344 5127 2538 5199; x_wconf 82' lang='lat' dir='ltr'><strong>Steph.</strong></span> <span class='ocrx_word' id='word_1_726' title='bbox 2577 5137 2631 5184; x_wconf 93' lang='lat' dir='ltr'><strong>et</strong></span> <span class='ocrx_word' id='word_1_727' title='bbox 2660 5129 2817 5200; x_wconf 77' lang='lat' dir='ltr'><strong>Agyl.</strong></span> <span class='ocrx_word' id='word_1_728' title='bbox 2847 5135 3130 5181; x_wconf 81' lang='lat' dir='ltr'><strong>nutarunt.</strong></span> 
     </span>
    </p>
   </div>
   <div class='ocr_carea' id='block_1_102' title="bbox 1900 5243 2134 5304">
    <p class='ocr_par' dir='ltr' id='par_1_102' title="bbox 1900 5243 2134 5304">
     <span class='ocr_line' id='line_1_102' title="bbox 1900 5243 2134 5304; baseline 0.013 -2"><span class='ocrx_word' id='word_1_729' title='bbox 1900 5243 2134 5304; x_wconf 70' lang='grc' dir='ltr'><strong>ΝΟΤΕ.</strong></span> 
     </span>
    </p>
   </div>
   <div class='ocr_carea' id='block_1_103' title="bbox 463 5363 1975 5438">
    <p class='ocr_par' dir='ltr' id='par_1_103' title="bbox 463 5363 1975 5438">
     <span class='ocr_line' id='line_1_103' title="bbox 463 5363 1975 5438; baseline -0.001 -16"><span class='ocrx_word' id='word_1_730' title='bbox 463 5367 574 5438; x_wconf 86' lang='grc'><strong>(88)</strong></span> <span class='ocrx_word' id='word_1_731' title='bbox 608 5363 1333 5438; x_wconf 79' lang='lat' dir='ltr'><strong>Durum_videtur‘ca_ptivis</strong></span> <span class='ocrx_word' id='word_1_732' title='bbox 1381 5363 1543 5438; x_wconf 82' lang='lat' dir='ltr'><strong>adimi</strong></span> <span class='ocrx_word' id='word_1_733' title='bbox 1588 5363 1827 5438; x_wconf 82' lang='lat' dir='ltr'><strong>testandi</strong></span> <span class='ocrx_word' id='word_1_734' title='bbox 1879 5380 1975 5433; x_wconf 78' lang='lat' dir='ltr'><strong>po-</strong></span> 
     </span>
    </p>
   </div>
   <div class='ocr_carea' id='block_1_104' title="bbox 393 5434 1971 5506">
    <p class='ocr_par' dir='ltr' id='par_1_104' title="bbox 393 5434 1971 5506">
     <span class='ocr_line' id='line_1_104' title="bbox 393 5434 1971 5506; baseline -0.003 -13"><span class='ocrx_word' id='word_1_735' title='bbox 393 5434 666 5502; x_wconf 51' lang='lat' dir='ltr'><strong>tes&#39;tat&#39;em,</strong></span> <span class='ocrx_word' id='word_1_736' title='bbox 697 5453 767 5492; x_wconf 92' lang='lat' dir='ltr'><strong>ne</strong></span> <span class='ocrx_word' id='word_1_737' title='bbox 795 5436 1038 5506; x_wconf 86' lang='lat' dir='ltr'><strong>alioquin</strong></span> <span class='ocrx_word' id='word_1_738' title='bbox 1097 5434 1180 5490; x_wconf 89' lang='lat' dir='ltr'><strong>ad</strong></span> <span class='ocrx_word' id='word_1_739' title='bbox 1210 5451 1402 5491; x_wconf 87' lang='lat' dir='ltr'><strong>eorum</strong></span> <span class='ocrx_word' id='word_1_740' title='bbox 1463 5435 1723 5490; x_wconf 88' lang='lat' dir='ltr'><strong>inimicos</strong></span> <span class='ocrx_word' id='word_1_741' title='bbox 1779 5451 1971 5491; x_wconf 90' lang='lat' dir='ltr'><strong>eorum</strong></span> 
     </span>
    </p>
   </div>
   <div class='ocr_carea' id='block_1_105' title="bbox 394 5510 909 5566">
    <p class='ocr_par' dir='ltr' id='par_1_105' title="bbox 394 5510 909 5566">
     <span class='ocr_line' id='line_1_105' title="bbox 394 5510 909 5566; baseline -0.008 0"><span class='ocrx_word' id='word_1_742' title='bbox 394 5511 535 5566; x_wconf 85' lang='lat' dir='ltr'><strong>bona</strong></span> <span class='ocrx_word' id='word_1_743' title='bbox 565 5510 909 5565; x_wconf 77' lang='lat' dir='ltr'><strong>deferuntur.</strong></span> 
     </span>
    </p>
   </div>
   <div class='ocr_carea' id='block_1_106' title="bbox 2074 5362 3664 5434">
    <p class='ocr_par' dir='ltr' id='par_1_106' title="bbox 2074 5362 3664 5434">
     <span class='ocr_line' id='line_1_106' title="bbox 2074 5362 3664 5434; baseline -0.003 -11"><span class='ocrx_word' id='word_1_744' title='bbox 2074 5367 2232 5423; x_wconf 89' lang='lat' dir='ltr'><strong>inviti</strong></span> <span class='ocrx_word' id='word_1_745' title='bbox 2269 5383 2366 5422; x_wconf 90' lang='lat' dir='ltr'><strong>sua</strong></span> <span class='ocrx_word' id='word_1_746' title='bbox 2390 5367 2532 5422; x_wconf 88' lang='lat' dir='ltr'><strong>bona</strong></span> <span class='ocrx_word' id='word_1_747' title='bbox 2573 5365 2639 5419; x_wconf 91' lang='lat' dir='ltr'><strong>ad</strong></span> <span class='ocrx_word' id='word_1_748' title='bbox 2677 5364 2867 5421; x_wconf 90' lang='lat' dir='ltr'><strong>hostes</strong></span> <span class='ocrx_word' id='word_1_749' title='bbox 2897 5364 3049 5434; x_wconf 90' lang='lat' dir='ltr'><strong>ipsos</strong></span> <span class='ocrx_word' id='word_1_750' title='bbox 3112 5364 3410 5418; x_wconf 73' lang='lat' dir='ltr'><strong>transmitti</strong></span> <span class='ocrx_word' id='word_1_751' title='bbox 3475 5362 3664 5418; x_wconf 80' lang='lat' dir='ltr'><strong>volue-</strong></span> 
     </span>
    </p>
   </div>
   <div class='ocr_carea' id='block_1_107' title="bbox 2074 5437 2745 5507">
    <p class='ocr_par' dir='ltr' id='par_1_107' title="bbox 2074 5437 2745 5507">
     <span class='ocr_line' id='line_1_107' title="bbox 2074 5437 2745 5507; baseline -0.004 -12"><span class='ocrx_word' id='word_1_752' title='bbox 2074 5443 2210 5499; x_wconf 81' lang='lat' dir='ltr'><strong>rint.</strong></span> <span class='ocrx_word' id='word_1_753' title='bbox 2237 5439 2292 5504; x_wconf 83' lang='grc'>5,</span> <span class='ocrx_word' id='word_1_754' title='bbox 2323 5437 2662 5507; x_wconf 84' lang='lat' dir='ltr'><strong>llarmenop.</strong></span> <span class='ocrx_word' id='word_1_755' title='bbox 2693 5437 2745 5492; x_wconf 82' lang='grc'><strong>1.</strong></span> 
     </span>
    </p>
   </div>
   <div class='ocr_carea' id='block_1_108' title="bbox 2148 5505 3670 5581">
    <p class='ocr_par' dir='ltr' id='par_1_108' title="bbox 2148 5505 3670 5581">
     <span class='ocr_line' id='line_1_108' title="bbox 2148 5505 3670 5581; baseline -0.005 -15"><span class='ocrx_word' id='word_1_756' title='bbox 2148 5510 2260 5581; x_wconf 81' lang='lat'><strong>(9|)</strong></span> <span class='ocrx_word' id='word_1_757' title='bbox 2284 5509 2499 5581; x_wconf 85' lang='lat' dir='ltr'><strong>Captivi</strong></span> <span class='ocrx_word' id='word_1_758' title='bbox 2525 5505 2716 5566; x_wconf 80' lang='lat' dir='ltr'><strong>testari</strong></span> <span class='ocrx_word' id='word_1_759' title='bbox 2750 5515 3005 5578; x_wconf 90' lang='lat' dir='ltr'><strong>possunt,</strong></span> <span class='ocrx_word' id='word_1_760' title='bbox 3042 5507 3158 5563; x_wconf 87' lang='lat' dir='ltr'><strong>sive</strong></span> <span class='ocrx_word' id='word_1_761' title='bbox 3214 5507 3423 5561; x_wconf 82' lang='lat' dir='ltr'><strong>liberos</strong></span> <span class='ocrx_word' id='word_1_762' title='bbox 3465 5505 3670 5561; x_wconf 76' lang='lat' dir='ltr'><strong>habue-</strong></span> 
     </span>
    </p>
   </div>
   <div class='ocr_carea' id='block_1_109' title="bbox 445 5576 2848 5651">
    <p class='ocr_par' dir='ltr' id='par_1_109' title="bbox 445 5576 2848 5651">
     <span class='ocr_line' id='line_1_109' title="bbox 445 5576 2848 5651; baseline 0.001 -19"><span class='ocrx_word' id='word_1_763' title='bbox 445 5581 556 5651; x_wconf 78' lang='lat'><strong>(89)</strong></span> <span class='ocrx_word' id='word_1_764' title='bbox 584 5579 804 5650; x_wconf 85' lang='lat' dir='ltr'><strong>Captivi</strong></span> <span class='ocrx_word' id='word_1_765' title='bbox 843 5587 1240 5635; x_wconf 88' lang='lat' dir='ltr'><strong>testamentum</strong></span> <span class='ocrx_word' id='word_1_766' title='bbox 1267 5576 1452 5635; x_wconf 83' lang='lat' dir='ltr'><strong>facere</strong></span> <span class='ocrx_word' id='word_1_767' title='bbox 1488 5577 1689 5634; x_wconf 85' lang='lat' dir='ltr'><strong>debent</strong></span> <span class='ocrx_word' id='word_1_768' title='bbox 1741 5578 1977 5636; x_wconf 88' lang='lat' dir='ltr'><strong>testibus</strong></span> <span class='ocrx_word' id='word_1_769' title='bbox 2076 5582 2212 5645; x_wconf 87' lang='lat' dir='ltr'><strong>rint,</strong></span> <span class='ocrx_word' id='word_1_770' title='bbox 2241 5576 2494 5638; x_wconf 57' lang='lat' dir='ltr'><strong>sive&#39;nou</strong></span> <span class='ocrx_word' id='word_1_771' title='bbox 2535 5576 2848 5635; x_wconf 83' lang='lat' dir='ltr'><strong>habuerint.</strong></span> 
     </span>
    </p>
   </div>
   <div class='ocr_carea' id='block_1_110' title="bbox 397 5653 780 5722">
    <p class='ocr_par' dir='ltr' id='par_1_110' title="bbox 397 5653 780 5722">
     <span class='ocr_line' id='line_1_110' title="bbox 397 5653 780 5722; baseline 0.013 -16"><span class='ocrx_word' id='word_1_772' title='bbox 397 5653 780 5722; x_wconf 57' lang='lat' dir='ltr'><strong>prtcse‘ntibus.</strong></span> 
     </span>
    </p>
   </div>
   <div class='ocr_carea' id='block_1_111' title="bbox 2150 5638 3676 5724">
    <p class='ocr_par' dir='ltr' id='par_1_111' title="bbox 2150 5638 3676 5724">
     <span class='ocr_line' id='line_1_111' title="bbox 2150 5638 3676 5724; baseline -0.014 -2"><span class='ocrx_word' id='word_1_773' title='bbox 2150 5638 2275 5724; x_wconf 52' lang='lat' dir='ltr'><strong>(9Q),</strong></span> <span class='ocrx_word' id='word_1_774' title='bbox 2295 5653 2453 5707; x_wconf 78' lang='grc' dir='ltr'>Κατὰ</span> <span class='ocrx_word' id='word_1_775' title='bbox 2492 5651 2584 5724; x_wconf 50' lang='grc' dir='ltr'>τὶν</span> <span class='ocrx_word' id='word_1_776' title='bbox 2627 5651 2894 5724; x_wconf 71' lang='grc' dir='ltr'>πρέποντ,</span> <span class='ocrx_word' id='word_1_777' title='bbox 2931 5649 3382 5722; x_wconf 70' lang='grc' dir='ltr'>δετίηιεθτ.κατὰ</span> <span class='ocrx_word' id='word_1_778' title='bbox 3427 5645 3488 5704; x_wconf 73' lang='grc' dir='ltr'><strong>τὸ</strong></span> <span class='ocrx_word' id='word_1_779' title='bbox 3533 5638 3676 5721; x_wconf 65' lang='grc' dir='ltr'>πρίει</span> 
     </span>
    </p>
   </div>
   <div class='ocr_carea' id='block_1_112' title="bbox 472 5721 2876 5796">
    <p class='ocr_par' dir='ltr' id='par_1_112' title="bbox 472 5721 2876 5796">
     <span class='ocr_line' id='line_1_112' title="bbox 472 5721 2876 5796; baseline -0.002 -16"><span class='ocrx_word' id='word_1_780' title='bbox 472 5724 585 5796; x_wconf 83' lang='lat'><strong>(90)</strong></span> <span class='ocrx_word' id='word_1_781' title='bbox 610 5723 822 5795; x_wconf 87' lang='lat' dir='ltr'><strong>Captivi</strong></span> <span class='ocrx_word' id='word_1_782' title='bbox 858 5731 1246 5783; x_wconf 83' lang='lat' dir='ltr'><strong>testamentum</strong></span> <span class='ocrx_word' id='word_1_783' title='bbox 1264 5721 1458 5796; x_wconf 79' lang='lat' dir='ltr'><strong>facere</strong></span> <span class='ocrx_word' id='word_1_784' title='bbox 1499 5730 1732 5796; x_wconf 78' lang='lat' dir='ltr'><strong>possunt</strong></span> <span class='ocrx_word' id='word_1_785' title='bbox 1767 5721 1977 5796; x_wconf 81' lang='lat' dir='ltr'><strong>scripto</strong></span> <span class='ocrx_word' id='word_1_786' title='bbox 2086 5721 2209 5784; x_wconf 82' lang='grc' dir='ltr'>πον.</span> <span class='ocrx_word' id='word_1_787' title='bbox 2239 5723 2502 5796; x_wconf 86' lang='lat' dir='ltr'><strong>Cujacius</strong></span> <span class='ocrx_word' id='word_1_788' title='bbox 2541 5721 2594 5788; x_wconf 88' lang='lat'><strong>7,</strong></span> <span class='ocrx_word' id='word_1_789' title='bbox 2627 5723 2748 5778; x_wconf 85' lang='lat' dir='ltr'><strong>obs.</strong></span> <span class='ocrx_word' id='word_1_790' title='bbox 2784 5723 2876 5778; x_wconf 59' lang='grc' dir='ltr'><strong>δᾶ.</strong></span> 
     </span>
    </p>
   </div>
   <div class='ocr_carea' id='block_1_113' title="bbox 401 5790 1976 5871">
    <p class='ocr_par' dir='ltr' id='par_1_113' title="bbox 401 5790 1976 5871">
     <span class='ocr_line' id='line_1_113' title="bbox 401 5790 1976 5871; baseline -0.001 -22"><span class='ocrx_word' id='word_1_791' title='bbox 401 5790 491 5850; x_wconf 83' lang='lat' dir='ltr'><strong>vel</strong></span> <span class='ocrx_word' id='word_1_792' title='bbox 507 5790 897 5854; x_wconf 40' lang='lat' dir='ltr'><strong>verbis-coram</strong></span> <span class='ocrx_word' id='word_1_793' title='bbox 927 5797 1174 5871; x_wconf 88' lang='lat' dir='ltr'><strong>quinque</strong></span> <span class='ocrx_word' id='word_1_794' title='bbox 1195 5794 1279 5851; x_wconf 90' lang='lat' dir='ltr'><strong>vel</strong></span> <span class='ocrx_word' id='word_1_795' title='bbox 1329 5790 1516 5850; x_wconf 75' lang='lat' dir='ltr'><strong>tribus</strong></span> <span class='ocrx_word' id='word_1_796' title='bbox 1545 5793 1804 5858; x_wconf 86' lang='lat' dir='ltr'><strong>testibus,</strong></span> <span class='ocrx_word' id='word_1_797' title='bbox 1867 5790 1976 5848; x_wconf 75' lang='lat' dir='ltr'><strong>nisi</strong></span> 
     </span>
    </p>
   </div>
  </div>
