4080 6302
443 323 553 387 523
1704 312 1903 375 LEON
1911 311 1984 372 IS
2023 312 2042 372 l

2146 312 2485 376 lLOSOPHI
3620 308 3724 375 524

445 432 683 494 auferat,
713 434 830 490 tum
862 440 894 480 a
919 431 1070 481 recta
1121 436 1308 478 rerum
1359 420 1844 478 administratione
1873 434 2032 475 aver-

2146 424 2378 496 φέρουσα
2416 423 2518 495 τῆς
2567 422 2753 496 ψυχῆς
2798 423 2891 477 καὶ
2935 423 3035 494 τῆς
3081 423 3248 496 ὀρθῆς
3297 422 3407 479 τῶν
3459 426 3722 496 πραγμά-

446 533 544 579 tat.
599 519 754 582 Hanc
808 519 982 591 igitur
1026 513 1387 575 obscuritatis
1443 515 1738 588 caliginem
1773 513 1888 572 ubi.
1920 514 2032 570 illis

2146 536 2242 572 των
2294 518 2761 590 παραστρέφουσα
2818 514 3158 589 διοικήσεως.
3213 515 3434 590 Ταύτην
3480 517 3580 572 οὖν
3627 518 3724 591 τήν

446 612 939 672 constitutionibus
977 626 1108 683 quae
1139 610 1209 668 de
1239 609 1584 666 testamentis
1634 615 1827 680 agunt,
1855 622 2035 677 neque

2146 612 2236 682 τῆς
2288 613 2557 680 ἀσαφείας
2605 609 2775 683 ἀχλὺν
2811 609 2938 665 ἐπεὶ
2978 610 3434 684 κατακεχυμένην
3476 611 3724 681 ιγνώκα-

448 708 782 764 mediocrem
832 721 1032 762 noxam
1096 705 1265 761 rebus
1323 701 1582 768 aﬁerunt,
1636 701 2032 758 circumfusam

2146 721 2241 776 μεν
2295 704 2405 758 τῶν
2454 703 2751 770 διατάξεων
2790 702 3036 769 ἐκείνων,
3080 703 3137 758 αἳ
3173 703 3241 758 τά
3273 704 3410 778 περὶ.
3448 705 3726 778 διαθηκῶν

449 817 574 860 esse
637 804 995 875 cognovimus
1030 813 1047 854 :
1100 801 1393 871 pulchrum
1448 797 1568 854 fore
1598 797 1706 854 rati
1735 813 1954 862 sumus,
1989 799 2034 854 si

2146 798 2404 869 ὁρίζουσι,
2431 799 2524 852 καὶ
2553 797 2760 872 βλάϐην
2789 797 2849 852 ού
2871 799 2972 869 τὴν
2991 795 3266 869 τυχοῦσαν
3283 799 3398 863 τοῖς
3426 798 3729 870 πράγμασι

451 897 575 953 illas
619 911 1069 969 repurgaremus,
1120 900 1509 967 quomodoque
1534 901 1864 952 testamenta
1900 909 2032 949 con-

451 989 682 1056 tirmari,
717 998 813 1045 aut
835 1005 945 1046 non
980 997 1251 1060 oporteat,
1269 989 1392 1061 lege
1423 1004 1532 1044 non
1561 988 2040 1060 ambigua,ueque

449 1096 575 1152 quas
634 1081 790 1138 varie
841 1081 1176 1152 apprehendi
1231 1071 1443 1154 pussit,
1496 1080 1878 1138 deﬁniremus.
1932 1077 2037 1145 Qui

451 1182 582 1230 ante
609 1189 710 1230 nos
749 1175 817 1230 de
855 1174 1205 1232 testamentis
1257 1181 1595 1240 tractarunt,
1648 1173 1909 1230 bifariam
1946 1174 2039 1229 illa

452 1266 786 1333 diviserunt,
832 1277 888 1323 et
942 1266 1049 1321 alia
1101 1266 1322 1337 quidem
1355 1268 1604 1337 scriptis.
1640 1268 1744 1321 alia
1768 1281 1897 1322 vero
1923 1265 2042 1321 sine

455 1357 679 1428 scriptis
738 1358 934 1415 conﬁci
1008 1356 1374 1414 tradiderunt.
1411 1357 1556 1424 Quin
1591 1367 1646 1414 et
1671 1358 1894 1413 modum
1934 1373 2044 1429 quo

457 1458 752 1522 utrumque
784 1456 1175 1507 testamentum
1211 1451 1287 1522 (et
1318 1451 1587 1522 scriptum
1611 1466 1829 1523 nempe,
1847 1458 1902 1506 et
1932 1465 2044 1505 non

457 1542 746 1614 scriptum)
779 1551 958 1598 ratum
991 1544 1104 1612 ﬁat,
1140 1545 1499 1616 subiecerunt
1532 1556 1631 1600 :ut
1670 1546 1876 1616 scripta
1912 1560 2046 1600 con-

459 1634 700 1689 lirmatio
728 1633 784 1689 in
815 1648 880 1690 eo
926 1635 1221 1700 consistat,
1270 1635 1419 1704 quod
1469 1635 1688 1691 vivente
1739 1636 2044 1692 etiamnum

2141 891 2368 963 φέρουσι
2397 889 2464 957 ³¹,
2503 890 2682 955 καλῶς
2717 889 2863 961 ἔχειν
2886 888 3234 961 ὑπελάϐομεν
3260 888 3418 945 τοῦτο
3446 891 3726 946 ἀνακαθᾶ-

2143 1005 2266 1061 ραι,
2297 988 2392 1044 καὶ
2423 989 2573 1053 ὅπως
2594 988 2676 1042 δεῖ
2711 986 3008 1059 κυροῦσθαι
3035 987 3301 1058 διαθήκας
3332 987 3367 1058 ἢ
3402 988 3478 1058 μή
3500 1027 3516 1050 ,
3552 987 3728 1057 ἀναμ-

2143 1083 2465 1154 φισϐητήτῳ
2503 1081 2739 1152 διορίσαι
2771 1081 2922 1153 νόμῳ
2953 1082 3050 1137 καὶ
3092 1081 3168 1153 μὴ
3203 1080 3500 1163 άντιλαϐάς
3531 1080 3728 1134 ἑκατέ-

2146 1175 2317 1249 ρωθεν
2343 1175 2542 1246 ἔχοντι.
2577 1175 2717 1246 Ἤδη
2767 1173 2878 1246 γάρ
2927 1174 2977 1228 oi
3022 1173 3129 1244 πρὸ
3172 1173 3334 1244 ἡμῶν
3366 1174 3496 1244 περὶ
3537 1172 3730 1243 διαθη-

2143 1271 2256 1324 κῶν
2283 1269 2326 1302 ³¹
2365 1267 2712 1332 διαλαϐόντες
2743 1267 2866 1339 διχῆ
2893 1266 2965 1322 τά
2997 1267 3126 1337 περὶ
3149 1265 3356 1320 τούτων
3381 1262 3608 1329 διεῖλον,
3636 1264 3731 1318 καὶ

2143 1363 2210 1428 ἃς
2244 1363 2346 1434 μὲν
2377 1362 2673 1435 ἐγγράφως
2696 1360 2944 1430 γίνεσθαι
2965 1359 3031 1423 ἃς
3057 1358 3114 1412 δὲ
3135 1358 3403 1431 ἀγράφως
3424 1356 3696 1429 ὡρίσαντο
3713 1394 3729 1421 ,

2146 1458 2238 1510 καὶ
2273 1454 2475 1528 τρόπον
2507 1453 2872 1522 ὑποθέμενοι,
2902 1451 2974 1506 δι’
3009 1441 3072 1504 οὗ
3102 1449 3172 1504 ἂν
3203 1449 3412 1520 ἑκάστη
3453 1446 3729 1520 κυρωθείη

2143 1548 2253 1603 τῶν
2275 1547 2569 1617 διαθηκῶν,
2595 1547 2631 1618 ἦ
2660 1562 2719 1599 τε
2740 1544 3039 1616 ἔγγραφος,
3069 1542 3236 1615 φημὶ,
3264 1541 3358 1596 καὶ
3384 1541 3418 1612 ή
3443 1540 3692 1612 ἄγραφος
3713 1553 3728 1571 ’

2147 1641 2240 1696 καὶ
2267 1641 2303 1713 ή
2342 1639 2442 1711 μὲν
2480 1638 2581 1708 τῆς
2608 1638 2888 1710 ἐγγράφου
2929 1636 3174 1707 κύρωσις
3203 1635 3262 1688 ιν
3297 1632 3377 1705 τῷ
3403 1632 3503 1704 τὴν
3543 1631 3731 1688 διατύ-

457 1733 724 1784 testatore
779 1729 1004 1783 testium
1067 1727 1479 1800 subscriptione
1547 1729 2042 1800 obsignationeque

2151 1749 2326 1786 πωσιν
2350 1729 2753 1803 ἀπαρτισθῆναι
2782 1731 2880 1785 καὶ
2909 1730 3032 1792 ταῖς
3056 1726 3354 1800 μαρτύρων
3383 1726 3733 1797 ὑπογραφαῖς

456 1820 716 1878 omnibus
744 1824 989 1880 numeris
1015 1824 1325 1880 absolutum
1359 1825 1432 1881 sit
1462 1864 1478 1890 ,
1508 1828 1864 1896 nuncupativi
1888 1842 2040 1891 vero,

459 1912 576 1968 sive
600 1930 711 1969 non
738 1916 954 1987 scripti,
988 1916 1136 1987 quod
1166 1929 1374 1989 septem
1408 1933 1518 1972 non
1576 1919 1782 1988 indigni
1820 1919 1926 1974 [ide
1959 1928 2042 1974 te-

467 2015 582 2061 stes
612 2022 672 2064 se
701 2008 1005 2075 audivisse,
1034 2026 1158 2064 cum
1202 2010 1277 2066 ita
1335 2018 1568 2066 testator
1623 2011 1806 2081 lingua
1846 2027 1944 2068 sua
1978 2012 2047 2069 de

403 2126 405 2128 -
460 2099 628 2156 rebus
690 2102 807 2157 suis
863 2103 1271 2174 pronuntiaret,
1329 2104 1722 2160 confiteantur.
1753 2106 1930 2176 Atque
1959 2106 2045 2162 his

459 2191 608 2251 ltunc
636 2193 704 2249 ad
739 2195 961 2250 modum
1013 2193 1361 2261 constitutis,
1428 2207 1735 2253 annectunt
1774 2197 2044 2269 scriptum

461 2296 873 2355 testamentum,
898 2287 1001 2344 nisi
1035 2288 1113 2361 (5)
1160 2288 1229 2343 ad
1266 2289 1575 2360 scripturae.
1621 2305 1730 2363 qua
1765 2291 2046 2347 testatoris

457 2383 720 2439 voluntas
769 2378 1143 2452 signiﬁcatur,
1212 2380 1605 2452 perfectionem
1657 2383 1821 2439 simul
1861 2384 2044 2439 omnia

460 2466 818 2541 conveniant,
843 2480 899 2528 et
925 2473 1151 2531 testium
1211 2472 1670 2544 subscriptiones,
1698 2491 1896 2546 nempe
1921 2491 2046 2546 qua:

459 2564 573 2622 illis
599 2564 667 2621 de
693 2564 1017 2621 sinceritate
1062 2563 1379 2619 testimonio
1431 2565 1565 2629 sint,
1624 2577 1678 2621 et
1735 2567 2040 2639 signacula,

456 2672 583 2730 qua
625 2650 1132 2728 subScriptionibus
1189 2653 1347 2709 fidem
1395 2658 1676 2724 praebeant
1713 2674 1728 2710 :
1759 2657 1867 2712 nisi
1927 2657 2044 2712 haec

458 2750 624 2808 simul
643 2749 829 2804 omnia
859 2747 1130 2820 (inquam)
1163 2747 1481 2819 priusquam
1515 2748 1562 2803 is
1585 2749 1746 2819 cujus
1783 2749 1837 2805 id
1875 2757 2047 2806 testa-

458 2853 705 2899 mentum
761 2851 865 2909 est,
891 2842 1058 2898 evita
1128 2841 1376 2905 excedat,
1412 2845 1769 2909 concurrant,
1819 2842 2044 2899 omnino

460 2936 515 2992 id
542 2936 763 2992 irritum
798 2951 944 3005 esse,
977 2944 1036 2990 ut
1059 2950 1236 3005 neque
1260 2944 1520 3005 tanquam
1542 2936 1831 3006 scriptum,
1867 2951 2044 3008 neque

459 3037 723 3100 tanquam
752 3028 1182 3100 nuncupativum
1212 3027 1409 3082 valeat.
1429 3027 1507 3082 Ex
1535 3040 1649 3098 quo
1679 3042 1815 3083 sane
1841 3042 2046 3098 praeoc-

2151 1824 2244 1879 καὶ
2277 1825 2390 1887 τοῖς
2432 1822 2846 1894 σφραγίσμασιν
2891 1820 2973 1876 ἔτι
3014 1814 3281 1891 παρόντος
3319 1819 3380 1873 ἐν
3423 1814 3735 1888 ἀνθρώποις

2144 1920 2240 1974 τοῦ
2280 1920 2634 1992 διαθεμένου,
2667 1920 2701 1990 ἡ
2738 1919 2798 1974 δὲ
2837 1921 2938 1990 τῆς
2979 1916 3233 1990 ἀγράφου
3277 1918 3337 1969 ἓν
3367 1913 3448 1986 τῷ
3492 1913 3659 1967 πέντε
3689 1911 3734 1944 ³⁸

2150 2014 2434 2084 μάρτυρας
2478 2014 2558 2078 είς
2587 2012 2931 2078 ἀξιοπιστίαν
2977 2011 3081 2064 οὐκ
3113 2008 3454 2081 ἀμφιϐόλους
3498 2023 3733 2078 συνομο-

2146 2104 2375 2178 λογῆσαι
2402 2104 2590 2159 λαϐεῖν
2617 2105 2810 2169 ἀκοαῖς
2831 2104 2902 2157 τά
2925 2101 3330 2173 διατεταγμένα
3357 2100 3499 2155 αὑτά
3525 2101 3735 2154 ἐκείνου

2145 2201 2211 2270 τῇ
2243 2197 2338 2253 τοῦ
2373 2197 2749 2269 διατιθεμένου
2775 2195 3023 2267 γλώσσῃ.
3052 2193 3272 2248 Τούτων
3296 2193 3352 2246 δὲ
3381 2192 3557 2256 οὕτως
3585 2190 3735 2262 exciv-

2145 2309 2255 2347 των
2300 2294 2700 2366 προστάττουσι
2725 2290 2828 2363 τὴν
2873 2290 3156 2360 ἔγγραφον
3204 2286 3500 2358 διαθήκην,
3551 2288 3602 2338 εί
3653 2285 3728 2355 μὴ

2147 2384 2325 2439 πάντα
2363 2383 2502 2455 ὁμοῦ
2535 2383 2782 2438 συνέλθοι
2810 2383 2894 2448 εις
2932 2379 3215 2436 τελείωσιν
3244 2379 3289 2413 ⁸⁵
3325 2378 3428 2450 τῆς
3455 2378 3677 2450 γραφῆς
3701 2377 3736 2448 ἢ

2149 2475 2345 2546 μηνύει
2379 2475 2480 2547 τὴν
2510 2475 2764 2547 βούλησιν
2793 2472 2891 2528 τοῦ
2912 2471 3238 2544 διαθεμένου
3258 2515 3274 2539 ,
3311 2471 3408 2526 καὶ
3439 2468 3743 2541 μαρτύρων

2147 2568 2464 2641 ὑπογραφαὶ
2490 2566 2664 2639 ταύτῃ
2699 2565 3079 2638 μαρτυροῦσαι
3103 2565 3164 2620 τὸ
3190 2566 3415 2636 γνήσιον
3443 2563 3540 2617 καὶ
3563 2579 3737 2634 σφρα-

2147 2663 2290 2732 γῖδες
2325 2659 2667 2726 ἀξιοπιστίαν
2702 2660 3081 2730 παρεχόμεναι
3115 2659 3234 2722 ταῖς
3266 2657 3643 2729 ὑπογραφαῖς,
3677 2653 3729 2708 εί

2148 2748 2225 2822 μή
2255 2748 2427 2803 ταῦτα
2453 2749 2632 2802 πάντα
2666 2747 2801 2817 ὁμοῦ
2855 2747 3139 2819 συνδράμῃ
3173 2747 3304 2818 πρὶν
3345 2746 3379 2818 ἦ
3412 2746 3473 2811 ἐξ
3519 2742 3736 2816 ἀνθρὼ-

2148 2861 2265 2898 πων
2288 2842 2654 2912 ἀφανισθῆναι
2683 2842 2776 2895 τὸν
2809 2836 2870 2896 οὗ
2897 2843 2931 2913 ή
2959 2841 3220 2912 διαθήκη,
3249 2839 3588 2912 άκυροῦσθαι
3632 2839 3737 2894 αύ-

2145 2934 2244 3008 τὴν
2270 2936 2366 2990 καὶ
2407 2935 2702 3007 ἐγγράφως
2729 2934 2825 2989 καὶ
2853 2934 3139 3006 ἀγράφως.
3184 2934 3280 2989 Ἐκ
3309 2933 3504 2990 τούτου
3534 2935 3602 3010 δὴ
3640 2955 3738 2994 του

2147 3027 2577 3100 προσδιορισμοῦ
2598 3027 2644 3061 ³⁸
2684 3027 2830 3083 πάνυ
2859 3027 3048 3092 ἁπλῶς
3089 3027 3201 3098 (ἵνα
3227 3027 3304 3100 μὴ
3332 3027 3478 3098 λέγω
3507 3029 3739 3102 κακῶς)

457 3122 716 3194 cupativo
736 3121 963 3192 placito,
983 3135 1122 3181 ,cum
1150 3136 1260 3176 non
1286 3120 1580 3176 admodum
1595 3128 1757 3177 caute
1779 3120 1870 3186 (ne
1901 3121 2039 3176 inte-

2150 3121 2367 3194 ἔχοντος
2393 3120 2655 3192 σύγχυσις
2682 3120 2796 3191 ἔχει
2838 3120 2935 3174 καὶ
2963 3120 3166 3193 ἀπορία
3203 3120 3271 3174 τά
3300 3126 3430 3193 περὶ
3462 3120 3741 3196 διαθηκῶν

458 3214 565 3270 rim
618 3214 799 3269 dicam
864 3213 1025 3284 male)
1079 3221 1413 3285 conceptum
1455 3214 1552 3280 sit,
1593 3212 2043 3285 confusiofatque

458 3305 785 3379 ambiguitas
815 3322 932 3363 rem
961 3307 1432 3366 testamentariam
1470 3306 1700 3362 invadit.
1739 3305 1874 3362 Aliis
1894 3307 2042 3362 enim

457 3400 681 3456 videtur
699 3407 1084 3455 testamentum
1115 3400 1267 3457 velut
1292 3398 1606 3456 adulterina
1636 3400 1866 3462 semina.
1890 3380 2070 3470 εποιε-⁸

459 3505 558 3547 sus
581 3490 954 3562 abjiciendum
986 3508 1000 3546 :
1038 3501 1098 3546 ut
1140 3492 1266 3547 aliis
1300 3492 1521 3563 quidem
1553 3507 1619 3546 ex
1654 3491 1813 3548 bonis
1835 3493 2042 3548 utilita-

458 3595 566 3640 tem
587 3599 787 3656 capere
810 3585 1181 3656 permittatur,
1197 3584 1474 3641 defunctis
1501 3602 1635 3642 vero
1659 3601 1728 3641 ne
1751 3585 2042 3642 minimum

455 3678 679 3749 quidem
743 3678 1000 3733 utilitatis
1024 3695 1094 3735 ex
1124 3680 1288 3738 rebus
1337 3680 1454 3737 suis
1479 3681 1701 3736 accedat
1736 3700 1749 3736 :
1783 3681 1831 3736 si
1857 3690 2042 3735 tamen

455 3771 702 3829 defuncti
735 3772 1034 3827 utilitatem
1087 3775 1327 3844 aliquam
1350 3775 1618 3831 sentiunt.
1657 3774 1916 3830 Seutiunt
1940 3789 2042 3829 au-

459 3874 568 3921 tem
600 3879 724 3920 cum
754 3879 822 3921 ex
855 3865 1101 3937 ipsorum
1140 3874 1316 3922 morte
1355 3881 1452 3937 per
1487 3865 1737 3922 beneﬁcii
1767 3865 2042 3937 erogatio-

457 3973 583 4013 nem
612 3958 860 4014 nonnulli
917 3956 1278 4014 reviviscunt.
1320 3959 1504 4030 Atque
1537 3959 1591 4012 lii
1637 3957 1856 4030 quidem
1877 3958 2044 4031 (quo-

456 4051 623 4107 modo
679 4051 820 4122 dixi)
877 4053 1023 4109 ltunc
1081 4053 1137 4109 in
1201 4053 1424 4109 modum
1480 4069 1509 4106 a
1570 4068 1757 4110 rerum
1815 4068 2042 4110 suarum

456 4143 696 4199 utilitate
759 4144 1036 4200 hominem
1097 4159 1328 4216 prorsus
1359 4159 1549 4202 arcere
1581 4146 1789 4201 volunt.
1831 4145 2044 4213 Quibus

455 4250 587 4292 vero
615 4235 905 4309 benignior
954 4238 1228 4294 sententia
1294 4237 1480 4293 animo
1515 4237 1746 4305 residet,
1781 4238 1838 4294 1ιί
1871 4246 2041 4297 testa-

453 4335 663 4392 mento,
727 4327 877 4399 quod
907 4328 1214 4400 sigillorum
1243 4328 1610 4400 impressione
1649 4329 2042 4400 perfectionem

2148 3212 2476 3286 πράγματα.
2521 3207 2620 3278 Οἷς
2651 3213 2750 3284 μὲν
2782 3215 2894 3285 γὰρ
2935 3213 3084 3267 δοκεῖ
3117 3212 3400 3276 παντελῶς
3431 3213 3626 3286 ὥσπερ
3669 3215 3742 3270 τά

2148 3303 2282 3358 νόθα
2323 3303 2434 3361 τῶν
2468 3302 2806 3375 σπερμάτων
2846 3303 3130 3373 ἐκρίπτειν
3169 3303 3268 3376 τὴν
3313 3306 3609 3378 διαθήκην,
3647 3303 3740 3362 καὶ

2145 3396 2328 3463 ἄλλοις
2351 3397 2450 3468 μὲν
2470 3397 2535 3452 ὲκ
2559 3396 2659 3467 τῆς
2686 3398 3009 3469 περιουσίας
3030 3398 3354 3470 ἐπιτρέπειν
3384 3399 3737 3469 ὡφελεῖσθαι,

2145 3489 2224 3562 τῷ
2247 3489 2462 3544 θανόντι
2497 3489 2555 3543 δὲ
2581 3489 2703 3545 οὐδὲ
2731 3491 2794 3542 τὸ
2838 3488 3182 3562 βραχύτατον
3217 3491 3498 3561 ’ὡφελείας
3536 3496 3604 3549 ἐκ
3631 3495 3738 3549 τῶν

2149 3581 2370 3636 οίκείων
2396 3585 2640 3651 μετεῖναι
2667 3583 2849 3654 (εἴπερ
2873 3599 2958 3647 τις
2979 3581 3236 3638 θανοῦσιν
3250 3583 3482 3657 ὠφέλεια
3505 3587 3735 3656 γίνεταιο

2119 3671 2361 3740 ’γίνεται
2382 3672 2440 3728 δὲ
2476 3671 2805 3738 άναζὼντων
2827 3673 2985 3728 ἐνίων
3023 3675 3344 3747 εὐεργεσίας
3369 3674 3506 3748 ἐλέῳ
3532 3677 3598 3732 ἑκ
3644 3677 3736 3750 τῆς

2151 3766 2361 3821 ἐκείνου
2399 3765 2809 3840 άποϐιώσεως).
2847 3767 3011 3823 Ἀλλά
3039 3770 3150 3841 γάρ
3176 3814 3191 3836 ,
3241 3770 3433 3844 ὥσπερ
3475 3767 3740 3838 είπον,¹οι

2154 3862 2255 3933 μὲν
2295 3858 2470 3925 οὕτως
2509 3860 2722 3927 ἀξιοῦσι
2752 3862 3033 3928 παντελῶς
3080 3862 3292 3936 είργειν
3331 3865 3425 3919 τὸν
3449 3865 3742 3940 ἄνθρωπον

2147 3953 2246 4025 τῆς
2289 3952 2401 4006 τῶν
2439 3951 2658 4008 οἰκείων
2704 3950 3009 4024 ὠφελείας,
3051 3955 3101 4009 οί
3135 3953 3191 4012 δὲ
3225 3955 3740 4028 φιλανθρωπότερον

2143 4045 2482 4117 διακείμενοι
2511 4045 2739 4117 νέμουσι
2782 4049 2850 4119 τῇ
2887 4047 2963 4120 μὴ
2991 4046 3236 4121 λαϐούσῃ
3280 4049 3520 4124 διαθήκῃ
3545 4051 3606 4105 τὸ
3649 4052 3740 4106 τέ·-

2146 4141 2287 4196 λειον
2314 4138 2403 4195 διὰ
2439 4140 2549 4196 τῶν
2581 4140 2917 4211 σφραγίδων,
2946 4143 2996 4196 εί
3032 4142 3123 4196 καὶ
3167 4143 3241 4216 μή
3274 4144 3577 4216 ἔγγραφον,
3621 4146 3739 4201 ἀλλ’

2147 4233 2338 4288 ὁποίαν
2375 4232 2443 4289 ἂν
2478 4234 2512 4306 ή
2552 4233 2818 4307 ἀγράφως
2852 4236 3167 4308 κυρουμένη
3197 4237 3431 4311 διαθήκη
3471 4239 3739 4311 λαμϐάνοι

2150 4325 2467 4398 βεϐαίωσιν.

455 4432 566 4471 non
618 4419 852 4489 accepit,
883 4419 931 4473 si
964 4435 1073 4474 non
1103 4426 1163 4473 ιιι
1189 4418 1454 4490 scriptum
1508 4429 1830 4486 censeatur,
1881 4431 2032 4478 certe
2055 4431 2239 4480 tamen
2267 4421 2486 4494 qualem
2512 4436 2621 4477 non
2665 4421 2937 4492 scriptum
2984 4431 3039 4479 et
3097 4423 3526 4495 nuncupativum
3591 4427 3740 4482 acci-

455 4511 555 4579 pit,
588 4509 752 4566 talem
789 4511 1029 4578 vigorem
1065 4511 1335 4568 tribuunt.

521 4605 635 4662 Nos
654 4606 842 4678 itaque
869 4611 1286 4682 perplexitatem
1315 4609 1458 4664 hanc
1490 4608 1630 4665 adeo
1657 4610 1824 4668 rebus
1849 4610 2042 4668 liuma-

2222 4610 2410 4674 Οὕτως
2436 4606 2531 4664 οῦν
2558 4609 2658 4681 τὴν
2685 4608 3100 4684 ἀμφισϐήτησιν
3125 4610 3334 4683 ταύτην
3361 4611 3505 4684 πρὸς
3532 4611 3737 4686 βλάϐην

457 4696 543 4752 nis
575 4710 700 4752 esse
728 4707 1066 4755 nocumento
1115 4699 1389 4762 videntes.
1422 4700 1474 4754 in
1520 4699 1910 4772 benigniorum
1943 4703 2036 4774 ju-

453 4790 638 4844 dicum
702 4789 1036 4845 sententiam
1096 4790 1327 4863 pedibus
1362 4792 1528 4858 imus,
1563 4794 1874 4865 veterisque
1895 4795 2039 4867 legis

455 4879 746 4953 caliginem
800 4889 855 4938 et
897 4882 1314 4954 ambiguitatem
1377 4885 1432 4939 in
1499 4884 1806 4956 simplicem
1874 4896 2040 4958 atque

454 4983 697 5045 apertam
744 4974 1118 5043 cognitionem
1172 4976 1574 5043 convertimus,
1620 4991 1685 5032 ac
1731 4979 2037 5044 sancimus,

458 5079 514 5122 ut
546 5067 622 5138 (4)
643 5066 781 5137 quod
795 5074 1192 5136 testamentum,
1221 5080 1476 5141 respectu
1503 5086 1697 5127 eorum
1721 5087 1845 5143 quas
1893 5073 2040 5130 scri-

2147 4698 2316 4768 οῦᾳαν
2343 4701 2579 4773 ὁρῶντες
2599 4705 2712 4767 τοῖς
2747 4702 3066 4774 πράγμασι,
3095 4703 3198 4775 τῆς
3219 4705 3735 4781 φιλανθρωποτέρας

2147 4793 2257 4849 τῶν
2283 4793 2555 4849 δικαστῶν
2581 4794 2797 4867 μερίδος
2828 4795 3118 4867 γινόμεθα,
3147 4797 3362 4855 καὶτοῦ
3389 4798 3624 4854 παλαιοῦ
3640 4800 3738 4854 ’νό-

2151 4904 2254 4958 μου
2280 4887 2342 4943 τὸ
2375 4886 2649 4958 άχλυῶδες
2689 4889 2784 4944 καὶ
2822 4889 3118 4962 ἀμφίδοξον
3163 4893 3244 4972 είς
3275 4891 3458 4962 ἁπλῆν
3486 4891 3583 4946 καὶ
3609 4911 3738 4966 τρα-

2151 4979 2249 5052 νὴν
2278 4979 2687 5052 μεταϐάλλομεν
2713 4982 2940 5053 εἴδησιν.
2979 4982 3283 5057 Τοιγαροῦν
3306 4985 3352 5017 ⁸³
3383 4985 3734 5057 θεσπίζομεν,

2151 5073 2254 5145 τὴν
2299 5071 2442 5127 κατά
2485 5072 2554 5128 τά
2596 5075 2881 5145 ὀφείλοντα
2929 5077 3049 5142 ταῖς
3096 5078 3402 5150 ἐγγράφοις
3448 5077 3735 5151 διαθήκαις

1724 5209 1961 5268 VARUS
1996 5209 2401 5269 LECTIONES.

529 5297 570 5383 ξ’
603 5295 812 5383 Spang:
829 5298 1014 5383 mallei.
1043 5300 1339 5383 φέρουσαν.
1407 5302 1452 5332 ³’
1485 5300 1719 5383 Scrimg.
1753 5303 2100 5383 διοιθετιῖιιῗξνἶ
2191 5304 2236 5339 ³³
2275 5305 2435 5383 Αεγι.
2473 5307 2758 5383 legendum
2787 5319 2976 5383 censet
3007 5311 3168 5378 ἑπτά,
3205 5310 3383 5368 Locus
3407 5322 3734 5383 corruptus;

453 5370 685 5451 fortasse
712 5369 818 5451 C'j

847 5371 1026 5453 s'._Cf.
1055 5371 1338 5453 cuttsti’tut.
1376 5371 1794 5444 prmcederttctn.
1870 5377 1914 5408 “
1949 5375 2142 5453 Zu_i_cl_t.
2175 5385 2232 5453 et
2273 5371 2498 5453 Méernt.
2526 5371 2622 5437 ἷεί
2657 5379 2734 5453 μὴ
2760 5381 2940 5439 πάντα
2977 5383 3130 5453 ὁμοῦ
3150 5371 3415 5449 συνέλθοι,
3457 5371 3738 5447 τελείωσις

450 5440 554 5529 γῆς
597 5440 815 5529 γιρακφῇς
841 5441 1178 5529 κτλρυηιυοιι
1217 5440 1419 5529 ξηαπς.
1464 5453 1723 5516 praestare
1752 5455 1925 5517 putat.
2010 5446 2054 5479 ⁸³
2085 5444 2318 5520 Scrimg.
2356 5440 2846 5523 προδιωρισμένου.
2879 5440 3080 5511 Deinde
3110 5452 3316 5527 Spang.
3350 5440 3466 5512 vult
3497 5455 3602 5529 legi
3660 5440 3737 5527 μή

452 5511 590 5566 πάνυ
615 5511 825 5577 ἁπλῶς.
905 5513 952 5544 ³⁸
983 5511 1097 5569 Ecl.
1126 5511 1334 5584 incipit.

1978 5630 2211 5691 ΝΟΤΕ.

619 5717 954 5847 gingiuae
996 5807 1023 5845 a
1067 5791 1242 5851 Leone
1278 5796 1413 5853 nihil
1462 5799 1551 5856 hic
1598 5806 1791 5858 eorum
1835 5799 2027 5858 immu-

2150 5730 2277 5813 tari,
2333 5747 2456 5802 quae
2485 5732 2568 5787 vel
2603 5731 2924 5809 descripto,
2989 5737 3072 5794 vel
3127 5724 3500 5813 ttuucupativo
3556 5745 3724 5799 testa-

2138 5812 2323 5858 mento
2357 5813 2520 5858 cauta
2556 5813 2712 5863 sunt.
