4078 6300
243 402 363 466 5‘33

1347 407 1710 471 NOVELL/E
1745 410 2423 478 CONSTITUTIONES.

239 517 372 569 θεῖν
434 514 535 587 τὴν
579 514 775 588 ἀρχὴν,
833 514 1007 582 οὕτως
1058 516 1122 570 οὐ
1175 516 1397 586 πρὸς-εδ
1425 521 1698 591 χρήσιμον
1739 527 1847 588 τοῖς

1957 540 2077 581 rum
2118 542 2253 582 usus
2290 533 2512 592 praestat
2548 543 2561 581 :
2597 539 2680 582 sic
2712 527 2932 596 quando
2964 528 3047 584 lex
3096 544 3280 584 rerum
3312 529 3535 587 utilitati

244 608 553 679 πράγμασι
574 607 850 680 δόγματος
878 610 1158 683 κειμένου,
1207 608 1500 666 ἀκόλουθον
1533 612 1848 685 ἐξαλείφειν

245 700 421 757 αὑτό.

812 794 1128 849 ΔΙΑΤΔΞΙΣ
1156 798 1302 852 MH'.

241 882 408 953 Περὶ
433 884 545 941 τοῦ
580 885 661 955 μὴ
685 884 967 969 ἔρχεσθαι
997 886 1288 969 γυναῖκας
1326 888 1428 942 ἐπὶ
1455 888 1526 943 τὰ
1546 888 1665 942 τῶν
1698 907 1851 962 συμ-

782 960 998 1026 φώνων
1018 960 1333 1027 μαρτύρια.

360 1048 409 1102 0
436 1048 599 1113 αὐτὸς
630 1048 882 1120 βασιλεὺς
912 1049 1187 1121 Στυλιανῷ
1207 1051 1287 1123 τῷ
1320 1054 1491 1124 αὐτῷ.

328 1144 453 1197 Οὐκ
471 1139 568 1197 οἷδ’
590 1144 741 1207 ὅπως
760 1143 836 1214 μὴ
857 1143 1191 1214 σκεψάμενοι
1204 1146 1431 1217 γνώμην
1443 1150 1649 1220 ἀκριόἦ
1669 1151 1715 1183 ⁸⁸
1727 1152 1850 1216 ταῖς

248 1233 514 1302 γυναιξὶν
544 1234 732 1289 ἔδοσαν
782 1234 967 1289 ἄδειαν
1010 1238 1089 1301 εἰς
1140 1239 1203 1290 τὸ
1236 1244 1538 1310 μαρτυρεῖν
1598 1245 1847 1313 προϊέναι

248 1327 302 1378 οῖ
333 1325 584 1387 παλαιοὶ,
608 1325 729 1379 οὐδὲ
754 1326 815 1379 τὸ
841 1325 1132 1398 πρόχειρον
1154 1328 1234 1392 είς
1272 1328 1576 1402 ἐνθύμησιν
1605 1335 1843 1407 ἐνθυμη-

252 1415 476 1486 θέντες,
491 1417 574 1472 ὅτι
601 1419 820 1487 γυναικὶ
840 1419 1111 1490 ἀκοσμίαν
1127 1420 1281 1493 φέρει
1300 1424 1331 1494 ἡ
1352 1424 1579 1496 ἀφειδὴς
1598 1428 1731 1496 πρὸς
1746 1429 1847 1493 τὰς

248 1511 514 1582 ἀρρένων
533 1510 687 1581 ὄψεις
711 1512 1037 1582 ἀπάντησις,
1074 1512 1357 1585 σώφρονας
1383 1515 1439 1569 δὲ
1471 1519 1563 1570 καὶ
1586 1520 1844 1590 κοσμίους

245 1603 282 1675 ἡ
327 1603 549 1657 ἐκεῖθεν
575 1603 901 1674 καθίστησιν
932 1602 1215 1677 ἀποφυγή.
1256 1607 1381 1672 Πῶς
1414 1604 1509 1663 οὖν
1538 1610 1847 1682 ἐπέτρεψαν

247 1697 337 1759 εἰς
372 1698 695 1769 μαρτυρίαν
721 1696 1275 1769 παραλαμϐάνεσθαι,
1314 1699 1375 1767 ἐξ
1425 1695 1495 1773 ἧς
1551 1705 1845 1775 συμϐαίνει

248 1787 532 1853 πολλάκις
560 1791 618 1843 ἐν
646 1788 842 1859 δήμοις
869 1788 1320 1861 πολυανθρώποις
1377 1793 1548 1857 αὐτὰς
1577 1796 1846 1869 ἀναστρέ-

1956 635 2065 675 non
2098 619 2393 686 subservit,
2417 635 2535 673 eam
2568 619 2892 676 abolendam
2928 636 3051 679 esse
3082 624 3354 692 sequitur.

2382 796 2855 856 CONSTITUTIO
2879 800 2973 855 XL
2986 800 3124 856 Vill.

2067 889 2151 945 Ne
2180 892 2426 947 mulieres
2456 894 2508 945 in
2540 895 2901 1016 contrabctibus
2933 893 3049 967 (εδ)
3083 895 3439 951 testimonium

2598 980 2708 1016 om:
2746 975 2891 1016 eaut.

2598 975 2891 1033 praebeant.

2023 1054 2170 1111 Idem
2198 1056 2497 1128 imperator
2526 1055 2699 1111 eidem
2733 1056 2999 1127 Styliano.

2034 1146 2188 1201 Haud
2209 1148 2327 1204 scio
2354 1148 2653 1220 quomodo,
2682 1163 2742 1203 re
2770 1164 2878 1203 non
2910 1150 3187 1206 exactiore
3209 1148 3423 1221 judicio
3450 1150 3537 1206 di-

1954 1240 2186 1309 squisita
2226 1241 2551 1295 mulieribus
2576 1240 2644 1294 ad
2683 1241 2977 1297 dicendum
3004 1243 3381 1299 testimonium
3404 1259 3537 1315 pro-

1954 1330 2185 1385 cedendi
2218 1330 2533 1385 facultatem
2559 1330 2812 1386 dederint
2843 1342 3054 1388 veteres
3083 1334 3220 1404 (27).
3248 1335 3384 1390 illud
3419 1336 3534 1391 sal-

1956 1428 2063 1475 tem
2095 1421 2253 1491 vulgo
2281 1430 2491 1486 nutum,
2527 1422 2883 1475 volutandum
2920 1423 3105 1476 animo
3147 1424 3346 1487 fuerat,
3400 1440 3528 1479 cre-

1956 1513 2111 1567 brum
2147 1529 2343 1584 nempe
2377 1513 2428 1567 in
2462 1515 2705 1567 virorum
2742 1516 2935 1570 oculos
2978 1530 3273 1572 occursum
3307 1517 3526 1573 mulieri

1956 1604 2447 1660 dehonestamento
2471 1620 2635 1661 esse:
2669 1607 2925 1675 pudicam
2956 1622 3088 1661 vero
3138 1615 3192 1660 et
3244 1607 3534 1663 honestam

1954 1696 2198 1765 ejusdem
2239 1696 2314 1749 rei
2351 1696 2531 1767 fugam
2560 1696 2795 1751 etIicere.
2820 1697 2939 1763 Qua
2976 1698 3190 1753 ratione
3222 1700 3390 1769 igitur
3414 1700 3535 1755 illas

1957 1789 2021 1841 ad
2046 1790 2416 1845 testimonium
2445 1790 2649 1843 assumi
2704 1791 3054 1859 permiserint
3100 1790 3266 1861 (unde
3304 1790 3363 1846 iit
3406 1806 3536 1862 per—

247 1880 465 1952 φεσθαι
525 1883 619 1935 καὶ
670 1882 908 1953 χρῆσθαι
935 1886 1003 1955 τῇ
1058 1882 1283 1956 γλώσσῃ
1318 1886 1847 1961 ἀνευλαῦἐστερονῆ

1956 1897 2118 1948 saepe,
2169 1890 2229 1937 ut
2265 1883 2318 1936 in
2370 1882 2584 1953 magnis
2626 1883 2912 1937 hominum
2968 1882 3154 1945 turbis
3202 1898 3537 1939 conversen-

251 1973 403 2030 κατά
464 1974 726 2043 γυναικὸς
776 1974 991 2042 λαλιὰν,
1023 1976 1183 2031 τοῦτο
1213 1977 1404 2051 ῶσπερ
1432 1974 1588 2034 εἷπον
1642 1984 1846 2053 ἐπῆλθὲ

249 2084 347 2138 μοι
376 2067 634 2138 ἀπορεῖν.
666 2068 733 2121 Τί
763 2068 871 2141 γάρ
901 2071 933 2141 ἡ
968 2072 1246 2138 γυναικῶν
1299 2074 1583 2146 μαρτυρία
1633 2075 1849 2139 τούτοις

247 2160 532 2232 ἐνομίσθη
560 2162 810 2233 προϊέναι
848 2164 929 2227 εἰς
962 2164 1290 2236 πράγματα,
1328 2162 1417 2231 αἷς
1432 2167 1478 2200 ⁸⁸
1507 2169 1707 2239 ὁμοίως
1734 2152 1849 2234 τοῖς

246 2252 492 2325 ἀνδράσι
542 2256 845 2325 μαρτυρεῖν
899 2257 1382 2329 συγκεχωρήκασι,
1436 2260 1689 2333 καθάπερ
1750 2262 1849 2327 τὰς

248 2344 544 2409 Σκυθικάς
573 2348 839 2415 γυναῖκας
890 2347 1167 2420 ἀκούομεν
1216 2348 1352 2421 ὁμοῦ
1410 2354 1526 2416 τοῖς
1576 2352 1849 2423 γαμέταις

247 2436 751 2504 συνεξοπλίζεσθαι
772 2480 789 2505 ,
846 2440 947 2493 καὶ
976 2439 1137 2494 τοῦτο
1163 2440 1230 2510 δὴ
1276 2442 1397 2505 πῶς
1439 2443 1561 2514 οὐχὶ
1583 2444 1723 2512 μετά
1751 2444 1848 2499 τοῦ

247 2531 459 2598 ἀδόξου
498 2530 593 2584 καὶ
648 2531 853 2603 πολλὴν
903 2531 1172 2603 σύγχυσιν
1230 2535 1326 2589 καὶ
1363 2534 1683 2609 ἀνατροπὴν
1733 2537 1850 2608 ἔχει

246 2622 357 2677 τῶν
386 2622 624 2695 ὁρίων⁶⁷
653 2623 753 2694 τῆς
779 2623 1016 2693 φύσεως,
1068 2619 1150 2689 οἷς
1182 2626 1243 2679 τὸ
1290 2628 1400 2680 τῶν
1458 2627 1693 2697 θηλειῶν
1754 2621 1848 2684 καὶ

246 2716 511 2790 ἀρρένων
547 2718 700 2786 γένος
732 2717 1100 2785 διεστείλατος
1126 2718 1245 2784 πῶς
1269 2718 1316 2773 δ’
1349 2720 1408 2774 οὐ
1431 2722 1723 2791 προδίδωσι
1745 2725 1846 2797 τὴν

245 2808 513 2878 γυναιξὶν
530 2807 890 2880 ὀφειλομένην
913 2807 1046 2863 αίδὼ
1072 2826 1130 2863 τε
1150 2813 1243 2863 καὶ
1265 2812 1632 2881 κοσμιότητα;
1656 2808 1731 2869 ῶν
1756 2817 1848 2869 καὶ

244 2899 347 2970 τὴν
388 2901 542 2953 οἴκοι
578 2899 833 2970 ἐντυχίαν
884 2899 966 2953 δεῖ
1002 2901 1382 2973 τετηρημένην
1414 2898 1579 2966 εἶναι,
1624 2905 1721 2958 καὶ
1770 2907 1847 2978 μὴ

248 2991 549 3055 παντελῶς
580 2991 891 3063 ἀφειμένην
938 2992 1033 3045 καὶ
1068 2991 1278 3047 ἄνετον.
1328 2992 1396 3046 Ἦ
1440 2992 1552 3064 γὰρ
1602 2995 1684 3059 είς
1737 2996 1844 3065 τὴν

249 3082 576 3154 μαρτυρίαν
623 3081 829 3143 εἴσοδος
870 3082 1164 3149 ἀνοίγουσα
1186 3081 1373 3153 χώραν
1408 3085 1476 3155 τῇ
1506 3083 1643 3156 ph“
1672 3102 1846 3156 προσ-

245 3176 476 3249 ηκούσῃ
504 3175 720 3244 γυναιξὶ¹
748 3174 1052 3247 παρρησίᾳ,
1086 3174 1154 3229 δι’
1187 3169 1264 3229 ὧν
1295 3176 1355 3229 ἐν
1400 3174 1848 3249 πολυανθρώποις

1951 1982 2060 2036 tur,
2089 1974 2592 2043 irreverentiusque
2621 1989 2787 2043 quam
2819 1975 3110 2030 mulierum
3146 1990 3333 2029 sermo
3370 1974 3533 2040 ferat,

1952 2064 2133 2134 lingua
2178 2065 2447 2134 utantur),
2516 2064 2652 2129 hoc,
2689 2062 3150 2130 quemadmodum
3204 2063 3354 2130 dixi,
3400 2062 3537 2119 mihi

1950 2157 2204 2212 dubitare
2229 2156 2422 2211 subiit.
2456 2158 2729 2223 Quorsum
2763 2158 2908 2209 enim
2944 2155 3095 2210 hisce
3122 2155 3302 2210 visum
3333 2166 3440 2219 est,
3474 2163 3536 2211 ut

1952 2253 2005 2308 in
2104 2252 2317 2321 negoﬁa
2392 2250 2604 2320 publica
2659 2248 2947 2303 mulierum
3013 2249 3253 2317 prodiret
3287 2249 3534 2303 testimo-

1950 2344 2125 2407 nium,
2147 2342 2522 2415 quibusjuxta
2554 2349 2719 2411 atque
2747 2342 2880 2397 viris
2922 2341 3112 2395 testari
3144 2342 3534 2411 permiserunt,

1949 2438 2408 2508 quemadmodum
2459 2435 2745 2508 Scythicas
2817 2437 3073 2492 mulieres
3129 2451 3253 2491 cum
3320 2436 3537 2491 maritis

1948 2532 2017 2587 ad
2050 2532 2187 2586 bella
2218 2532 2487 2584 coarmari
2520 2530 2773 2585 audimus
2798 2531 2822 2585 ἲ
2846 2530 2913 2585 Ει
2944 2541 3079 2584 san‘e
3099 2528 3373 2601 quomodo
3396 2544 3535 2600 pm-

1952 2636 2033 2681 ter
2074 2625 2475 2680 absurditatem
2524 2626 2823 2693 ingentem,
2872 2623 2978 2678 hoc
3014 2634 3225 2678 natura:
3264 2625 3430 2677 etiam
3468 2623 3536 2677 ﬂ-

1950 2719 2124 2779 nimn,
2143 2716 2343 2787 quibus
2359 2716 2540 2772 virilis
2562 2716 2961 2786 muliebrisque
2984 2730 3148 2772 sexus
3166 2713 3535 2771 disterminati

1949 2818 2097 2869 sunt.
2134 2817 2247 2862 tum
2280 2806 2684 2870 confusionem,
2722 2814 2838 2860 tum
2865 2809 3207 2863 eversionem
3240 2822 3351 2861 non
3397 2821 3535 2861 con-

1950 2900 2127 2956 tinet?
2165 2898 2454 2966 Quomodo
2494 2899 2622 2953 item
2654 2898 2979 2953 mulieribus
3014 2913 3154 2966 quas
3190 2896 3365 2953 etiam
3386 2894 3535 2950 domi

1950 2994 2329 3055 obsertautes,
2363 3004 2708 3059 nequaquam
2746 2997 2928 3044 autem
2960 2990 3233 3045 dissolute
3259 3003 3322 3043 ac
3354 2988 3537 3043 indul-

1949 3094 2160 3156 genter,
2191 3083 2473 3139 conveniri
2524 3090 2765 3153 oportet,
2792 3081 3029 3137 debitam
3063 3097 3171 3137 non
3210 3081 3450 3152 produnt
3482 3088 3538 3137 et

1951 3178 2335 3234 verecundiam
2357 3184 2413 3231 et
2451 3176 2838 3232 honestatem?
2878 3176 2938 3232 Si
2971 3176 3193 3246 quidem
3249 3175 3316 3229 ad
3350 3174 3536 3230 feren-

246 3268 443 3340 δὴμοις
536 3269 1038 3338 ἐγκαταμίγνυνται
1111 3268 1207 3321 καὶ
1275 3270 1388 3333 τοῖς
1467 3268 1578 3322 τῶν
1631 3270 1844 3342 ἀνδρῶν

1951 3271 2076 3324 dum
2112 3268 2489 3324 testimonium
2514 3266 2846 3338 progressio,
2878 3280 3001 3321 cum
3029 3280 3095 3321 eo
3122 3264 3292 3337 (quod
3328 3266 3534 3320 multo-

247 3362 652 3432 ἐνστρέερονται
690 3361 1006 3433 πράγμασι,
1055 3358 1154 3430 τὴν
1202 3359 1471 3431 κειμένην
1523 3364 1583 3413 ἐν
1628 3363 1696 3432 τῇ
1746 3379 1846 3431 γυ·-

250 3453 478 3525 ναικείᾳ
529 3452 693 3522 φύσει
742 3451 1048 3521 ὑποστολὴν
1079 3467 1142 3504 τε
1192 3451 1287 3504 καὶ
1333 3449 1469 3505 αίδὼ
1501 3452 1841 3522 ὑφαιρεῖται,

256 3546 352 3598 καὶ
376 3546 718 3613 προκόπτειν
752 3545 921 3609 αὑτὰς
952 3544 1190 3597 ἐπασκεῖ
1242 3544 1381 3616 πρὸς
1429 3544 1732 3599 ἀναίδειαν.
1767 3546 1845 3600 Οὐ

261 3636 370 3707 μὴν
400 3637 544 3691 ἀλλὰ
573 3638 665 3691 καὶ
700 3636 861 3707 ὓϐριν
885 3637 1091 3706 τρόπον
1134 3634 1259 3689 τινὰ
1274 3626 1400 3699 ’τοῖς
1432 3636 1663 3707 ἀνδράσι
1689 3638 1848 3708 φέρει

206 3754 211 3759 ·
262 3729 324 3783 τὸ
348 3733 642 3803 γινόμενον
667 3748 680 3761 ·
713 3731 765 3784 τί
791 3730 903 3801 γὰρ
930 3729 996 3784 ἀν
1034 3730 1224 3799 ἕτερον
1245 3729 1404 3783 τοῦτο
1437 3728 1471 3799 ἢ
1518 3728 1675 3800 ὖὸρις
1729 3730 1849 3802 (καὶ

263 3821 423 3894 ὕϐρις
474 3828 509 3895 ὴ
547 3823 850 3896 βαρυτάτη)
884 3823 1060 3888 ἔσται,
1107 3824 1189 3886 εἰς
1221 3823 1405 3876 ἐκεῖνα
1434 3820 1505 3876 τὰ
1541 3822 1849 3896 πράγματα

260 3908 335 3971 ὧν
366 3918 690 3992 κυριωτάτη
724 3918 1044 3990 ἀνδράσινὴ
1070 3914 1447 3988 μεταχείρισις
1475 3917 1537 3970 τὸ
1579 3918 1844 3987 παριέναι

261 4010 322 4064 τὸ
348 4010 489 4083 θῆλυ
528 4012 688 4081 γένος
710 4028 727 4079 ;

335 4278 427 4333 Διὸ
458 4280 661 4349 μᾶλλον
689 4284 753 4353 τῇ
786 4281 1069 4354 συνηθείᾳ,
1108 4284 1143 4354 ἢ
1164 4283 1211 4316 ε’
1236 4283 1298 4337 τὸ
1334 4288 1581 4356 πταῖσμα
1610 4288 1706 4343 τοῦ
1745 4290 1837 4345 νό-
1879 4359 1883 4364 _

269 4383 372 4439 μου
395 4370 755 4445 διορθουμένη
781 4372 1103 4429 ἀπέκλεισεν
1132 4372 1324 4439 αὑταῖς
1352 4375 1452 4447 τὴν
1481 4376 1576 4431 ἐπὶ
1612 4377 1675 4432 τὸ
1697 4396 1844 4452 μαρ-

1951 3376 2070 3415 rum
2145 3360 2251 3415 illa:
2311 3358 2592 3413 hominum
2666 3358 3100 3414 commisceutur
3147 3358 3536 3422 conventibus,

1948 3453 2292 3523 negotiisque
2343 3452 2705 3521 implicantur
2736 3450 3012 3519 virilibus)
3055 3450 3122 3505 ad
3165 3450 3395 3505 liberius
3452 3449 3537 3504 lo-

1948 3546 2227 3615 quendum
2259 3558 2423 3612 quam
2453 3541 2782 3598 mulieribus
2812 3542 3077 3597 decorum
3111 3540 3207 3605 sit,
3236 3540 3534 3596 fenestram

1948 3637 2157 3708 aperiat
2186 3651 2201 3689 :
2231 3634 2523 3690 muliebris
2580 3650 2746 3690 sexus
2789 3635 3100 3707 submissos
3126 3648 3334 3689 morem
3363 3632 3535 3703 pudo-

1948 3745 2175 3799 remque
2237 3727 2431 3782 adimit
2493 3737 2657 3800 atque
2720 3727 2869 3797 ipsas
2898 3727 2964 3782 ad
3001 3725 3445 3783 inverecundiam
3479 3732 3538 3781 et

1949 3821 2339 3893 procacitatem
2371 3830 2608 3877 exercet.
2631 3818 2751 3876 Jam
2785 3836 2915 3876 vero
2949 3836 3037 3877 res
3060 3822 3206 3876 illam
3242 3829 3536 3873 contume-

1950 3914 2077 3971 liam
2110 3916 2296 3984 aliquo
2324 3919 2487 3969 modo
2514 3916 2681 3968 etiam
2711 3915 2844 3971 viris
2867 3913 3046 3970 aﬂert.
3080 3914 3221 3979 Quid
3252 3914 3397 3969 enim
3432 3913 3537 3967 hoc

1951 4006 2099 4063 aliud
2132 4006 2235 4061 nisi
2256 4006 2612 4069 contumelia,
2643 4014 2695 4060 et
2713 4021 2774 4061 ea
2804 4005 3024 4076 quidem
3058 4004 3379 4076 gravissima
3408 4003 3533 4065 erit,

1958 4107 2005 4163 si
2029 4122 2264 4177 quarum
2290 4119 2472 4159 rerum
2506 4104 2762 4159 tractatio
2790 4104 3033 4159 virorum
3062 4104 3297 4157 maxime
3316 4101 3535 4173 propria

1955 4212 2064 4266 est,
2096 4200 2162 4254 ad
2194 4200 2318 4255 illas
2349 4214 2515 4255 sexus
2539 4200 2701 4254 etiam
2736 4198 3005 4255 femineus
3033 4198 3395 4267 procederet?

2018 4293 2366 4362 Quapropter
2393 4306 2502 4345 non
2523 4289 2699 4344 minus
2723 4288 3199 4352 consuetudinem,
3217 4302 3379 4358 quam
3399 4284 3536 4355 legis

1951 4392 2192 4440 erratum
2218 4382 2476 4452 majestas
2503 4386 2694 4435 nostra
2719 4378 3038 4451 corrigens,
3071 4379 3181 4433 illis
3216 4377 3285 4431 ad
3320 4383 3534 4431 testan-

1570 4588 1806 4648 γΑιιυΕ
1839 4592 2131 4650 LECTION
2141 4595 2247 4649 ES.

353 4755 400 4839 ξ’
428 4754 726 4839 Zuich.het_
750 4754 986 4839 μιξέξιιινιι.Δ
999 4756 1198 4839 γνώμῃ
1222 4756 1461 4839 ἀκριυεῖ,

1562 4758 1609 4792 ⁸⁸
1637 4758 1798 4815 Forte
1834 4756 1939 4827 οἷς,
1972 4771 2033 4816 ιιι
2063 4761 2127 4815 ad
2160 4774 2464 4829 πραγματα
2511 4762 2804 4829 reteratur.

2904 4753 2950 4784 "
2978 4750 3178 4807 Zuich.
3211 4756 3267 4805 et
3305 4745 3527 4803 Meerm.

271 4823 464 4896 ὁρέων.
538 4827 586 4860 ⁸³
614 4824 787 4883 Codd.
822 4823 1484 4898 Negationem'omittunt,
1520 4826 1714 4901 Steph.
1740 4823 2036 4904 supplevit.
2112 4833 2157 4864 ”
2180 4823 2359 4911 Codd.
2393 4828 2493 4899 τὴν
2522 4826 2811 4899 συνήθειαν
2840 4824 2894 4899 ἢ.

1782 5013 2019 5073 ΝΟΤΕ.

348 5172 556 5248 (25:26)
582 5172 841 5248 Testisin
862 5183 1147 5248 contractu
1168 5174 1368 5248 mulier
1384 5175 1841 5248 esseprohibetur
1878 5183 1920 5243 ι)
1946 5177 2287 5234 advocamur
2342 5175 2428 5248 vei
2464 5174 2796 5248 adhibentur
2818 5173 3095 5248 masculi.
3152 5168 3301 5227 Idem
3356 5174 3531 5242 paulo

277 5242 381 5299 hac
406 5242 548 5301 Nov.’
576 5245 715 5301 Gell.
751 5244 808 5306 6.
841 5261 964 5314 cap.
994 5245 1048 5309 7,
1084 5246 1299 5312 scribit,
1325 5246 1461 5301 nulli
1504 5242 1720 5303 femina:
1750 5249 1836 5303 di-

280 5316 435 5386 [ειτᾱί
465 5318 761 5373 testimonii
799 5315 890 5386 jus
919 5316 1110 5381 fuisse,
1136 5326 1189 5373 et
1215 5317 1612 5374 Constantinus
1643 5320 1745 5385 LI,
1767 5320 1829 5375 C.

280 5384 483 5459 fibeod.
529 5389 602 5443 De
634 5396 772 5456 rapt.
801 5384 941 5459 virg.
976 5389 1235 5459 mulieres
1287 5397 1535 5446 removet
1587 5405 1614 5441 a
1649 5402 1837 5459 postu-

279 5454 573 5537 laiiouibus
603 5466 657 5512 et
688 5454 1040 5537 testimoniis,
1093 5460 1461 5537 omnibusque
1492 5454 1661 5537 rebus
1681 5460 1834 5531 judi-

282 5527 495 5601 ciariis:
544 5537 603 5583 ut
652 5539 707 5585 et
761 5529 1065 5601 antiquitus
1120 5532 1338 5601 penitus
1373 5527 1834 5589 'removebantur.

286 5592 607 5677 llarmenop.
633 5601 683 5677 |_,
717 5592 1376 5677 tit._6.'rueiert‘nu_1lie‘res
1411 5601 1623 5677 admitti
1674 5603 1729 5657 in
1753 5610 1837 5658 te-

286 5669 617 5737 alimOuium,
649 5671 778 5725 ἔνθα
805 5672 838 5740 ἢ
884 5669 994 5743 τῶν
1027 5672 1240 5743 ἀνδρῶν
1270 5672 1359 5743 βία
1406 5672 1752 5743 ἀπείργεται,
1786 5682 1841 5727 et

288 5744 601 5819 posteapite
617 5761 682 5796 πε
693 5745 745 5819 pi
770 5742 1195 5819 κεκωλυμένων,
1206 5742 1484 5819 mulieres
1501 5742 1648 5819 aitin
1680 5752 1844 5799 testa-

290 5812 481 5887 mentis
513 5827 617 5887 non
641 5814 875 5887 admitti,
895 5823 955 5887 ut
976 5812 1106 5867 etin
1130 5814 1252 5887 aliis
1286 5814 1555 5887 negotiis:
1583 5816 1652 5887 iis
1681 5828 1842 5869 exce-

290 5878 418 5945 ptis,
446 5881 503 5936 ἐν
529 5878 607 5951 οἷς
636 5884 828 5955 ἄνδρες
855 5883 919 5939 οὐ
945 5878 1401 5954 προσκαλοῦνταῖ,
1431 5885 1485 5940 in
1507 5886 1707 5957 quibus
1734 5901 1843 5941 non

1948 5259 2070 5317 post
2103 5256 2265 5316 negat
2303 5246 2585 5317 mulierem
2622 5245 2834 5317 admitti
2868 5244 2927 5297 ὲν
2981 5247 3107 5317 ταῖς
3160 5249 3523 5317 συστατικαῖς

1948 5313 2300 5391 μαρτυρίαις,
2341 5316 2553 5371 admitti
2587 5316 2822 5391 vero_ait
2851 5317 2909 5391 ἐν
2940 5318 3061 5391 ταῖς
3087 5313 3528 5391 ἀποδεικτικαῖς,

1946 5384 2185 5462 appellat
2210 5397 2391 5443 autem
2448 5386 2801 5452 συστατικὰς,
2864 5384 3155 5457 διαθήκην,
3192 5384 3526 5455 κοδίκελλον,

1945 5461 2156 5519 δωρεὰν
2186 5457 2334 5519 αίτία
2364 5458 2597 5511 θανάτου
2646 5456 3037 5519 ἀποδοικτικάς
3081 5455 3138 5510 δὲ
3182 5455 3282 5519 τὰς
3309 5456 3526 5519 λοιπὰς,

1948 5474 2156 5532 σωρεαν
2186 5474 2334 5540 αιτια
2364 5474 2597 5539 υσανατου
2646 5474 3037 5519 αποοοικτικας
3081 5474 3138 5510 οε
3182 5474 3282 5519 τας
3310 5474 3526 5525 Αοιπας,

1948 5533 2001 5587 id
2028 5539 2138 5588 est.
2158 5529 2469 5600 judicialla,
2497 5528 2611 5600 vid.
2637 5526 2792 5600 l._18,
2816 5525 2870 5580 ti'.
2899 5528 2977 5582 De
3025 5526 3407 5600 testam._lege
3435 5528 3527 5600 20,

1952 5601 1979 5673 §
1999 5601 2054 5667 6,
2074 5600 2129 5656 Π.
2152 5595 2266 5673 Qui
2282 5595 2501 5673 testam.
2527 5597 2621 5655 llis
2643 5598 2780 5655 adde
2806 5613 2928 5668 qua:
2953 5597 3146 5673 scripsi
3168 5597 3223 5651 2.
3251 5595 3417 5673 Eeud.
3439 5598 3528 5666 3i,

1948 5666 2004 5727 in
2030 5666 2151 5734 lim,
2176 5666 2270 5726 ubi
2322 5670 2535 5725 femina:
2569 5666 2919 5725 removentur
2942 5686 2973 5725 a
3009 5666 3323 5724 testimonio
3371 5666 3526 5723 inve.

1950 5746 2190 5811 suturae,
2220 5740 2473 5813 quamvis
2506 5741 2730 5797 feudum
2792 5740 3027 5798 habeant
3060 5739 3132 5798 ab
3184 5739 3380 5797 eodem
3428 5737 3520 5795 do-

1953 5816 2121 5871 mino.

2022 5885 2132 5955 (27)
2171 5884 2230 5937 ι).
2262 5884 2296 5939 l.
2331 5883 2417 5947 t8,
2442 5883 2496 5938 d.
2530 5884 2561 5954 ς
2590 5882 2644 5941 6.

3431 416 3613 482 534'
