4080 6302
494 279 611 348 539

1760 284 2037 347 LEONIS
2073 284 2202 345 PHI
2213 283 2537 346 LOSOPHI

3671 282 3778 349 ί)ιο

492 411 654 454 caeno
684 406 848 468 atque
888 397 1003 453 luto
1032 413 1223 455 omnes
1260 413 1562 472 emergere,
1600 401 1911 474 divinisque
1936 419 2077 475 praeo

2180 400 2546 474 κατέστημεν.
2590 400 2730 456 Ἀλλ’
2796 399 2922 454 ἐπεὶ
2979 397 3072 453 τοῦ
3126 396 3298 469 πηλοῦ
3336 398 3431 453 καὶ
3488 397 3592 470 τῆς
3628 398 3776 466 Ιλύος

493 489 670 558 ceptis
699 488 982 544 incmlum
1048 491 1370 548 tollentibus
1426 493 1627 549 elevari
1692 494 1912 552 difﬁcile
1937 504 2073 553 est:

493 580 736 636 humano
794 582 979 652 generi
1040 584 1271 640 salutem
1324 587 1487 642 etiam
1518 588 1757 644 humana
1787 590 2079 661 prudentia

492 689 593 746 per
622 675 769 747 leges
793 690 924 732 suas
970 676 1271 733 adinvenit.
1329 677 1674 749 Quapropter
1725 682 1890 737 etiam
1931 698 2080 739 nunc

493 782 641 833 cum,
669 784 983 840 quanquam
1011 769 1277 828 Dominus
1307 778 1361 826 et
1402 772 1661 829 Servator
1695 783 1884 831 noster
1911 776 2079 833 mise-

492 860 741 916 ricordes
770 876 892 917 esse
921 877 1226 933 eorumque
1255 865 1348 934 qui
1373 865 1557 934 inopia
1590 876 1917 937 premuntur
1952 870 2079 926 illos

492 953 587 1024 qui
638 953 808 1023 ipsius
856 953 1016 1011 donis
1043 953 1291 1012 fruentes
1322 958 1375 1012 in
1407 957 1651 1014 allluenti
1708 976 1894 1017 rerum
1919 964 2078 1034 copia

492 1049 707 1116 vivunt,
740 1049 1009 1120 angustiis
1040 1065 1367 1105 succurrere
1404 1050 1656 1121 jusserit,
1715 1054 1963 1109 nonnulli
1993 1063 2077 1110 ta-

492 1157 617 1196 men
642 1140 719 1195 ita
749 1141 802 1195 in
857 1139 1147 1195 Dominum
1192 1142 1417 1213 ingrati,
1467 1158 1703 1214 ergaque
1732 1158 2078 1202 communem

495 1229 775 1285 hominum
816 1230 1196 1301 cognationem
1253 1233 1758 1290 commiserationis
1820 1243 2079 1306 expertes

492 1328 644 1387 sunt,
677 1331 737 1376 ut
762 1312 871 1376 non
901 1321 1066 1377 modo
1095 1339 1202 1377 non
1227 1323 1518 1395 benignam
1548 1341 1767 1380 manum
1789 1329 2078 1399 egentibus

494 1415 793 1483 prmheant,
866 1431 1052 1469 verum
1118 1416 1307 1481 etiam,
1355 1426 1618 1487 tanquam
1669 1419 1804 1475 solis
1857 1435 2080 1491 quoque

492 1506 664 1563 radiis
705 1507 933 1564 tetricos
988 1509 1285 1565 thesauros
1309 1526 1441 1566 suos
1490 1512 1739 1583 aspicere
1774 1512 2076 1580 invideant,

493 1600 548 1655 in
580 1612 777 1656 terram
810 1600 933 1657 illos
959 1601 1244 1657 delodiant
1268 1621 1281 1657 :
1309 1603 1694 1660 deinhumano
1716 1605 1822 1660 hoc
1855 1605 2079 1663 invento

493 1692 813 1747 inmedium
885 1696 1057 1766 legem
1120 1696 1342 1765 prodire
1374 1699 1641 1765 aportnit.
1674 1697 1807 1765 Quae
1856 1698 2076 1769 quidem

491 1785 579 1839 lea:
605 1800 729 1841 cum
779 1786 910 1841 olim
946 1788 1055 1841 lata
1103 1790 1283 1851 fuerit,
1328 1789 1469 1842 victa
1512 1797 1691 1845 autem
1727 1792 2077 1863 postmodum

493 1892 523 1931 a
558 1878 873 1949 cupiditate,
935 1896 1060 1951 quae
1118 1882 1319 1936 multas
1352 1881 1603 1953 egregias
1632 1898 1722 1939 res
1758 1884 2076 1950 labefactat,

492 1974 562 2028 ab
587 1975 887 2046 eademque
918 1992 1017 2031 suo
1049 1977 1232 2047 vigore
1261 1978 1475 2047 privata
1515 1978 1588 2035 sit
1631 1996 1645 2034 :
1678 1994 1825 2035 nunc
1862 1981 1931 2036 ab
1975 1980 2080 2035 im-

491 2062 763 2129 peratoria
793 2073 982 2119 nostra
1011 2066 1300 2135 majestate
1332 2068 1387 2122 in
1420 2068 1698 2139 integrum
1750 2070 2077 2127 restituitur.

490 2148 727 2207 Juliehat
760 2161 943 2208 autem
1004 2155 1097 2209 illa
1140 2156 1290 2226 (ιιι),
1328 2167 1386 2212 ιιι
1420 2158 1515 2228 qui
1550 2158 1606 2213 in
1630 2156 1915 2214 defossum
1957 2160 2081 2216 the-

493 2257 720 2298 saurum
788 2244 1107 2310 incidisset,
1139 2248 1183 2300 si
1220 2246 1483 2316 praedium
1546 2248 1598 2302 in
1652 2264 1763 2320 quo
1824 2251 2081 2307 inventus

492 2342 665 2399 esset,
696 2333 766 2389 ad
792 2337 1096 2406 principem
1136 2338 1248 2409 (42)
1304 2339 1625 2410 pertineret,
1679 2341 1952 2413 alioquive
1980 2359 2081 2414 pn-

494 2425 698 2482 blicum
729 2435 897 2495 esset,
956 2430 1109 2485 illum
1142 2446 1207 2487 ex
1238 2448 1398 2503 arquo
1431 2448 1556 2489 cum
1587 2432 1723 2491 ﬁsco
1755 2437 2078 2506 partiretur,

493 2519 543 2576 si
565 2536 694 2576 vero
721 2523 877 2578 locus
933 2526 1079 2581 unde
1131 2527 1425 2583 thesaurus
1459 2529 1514 2583 in
1547 2529 1727 2585 lucem
1757 2531 2079 2601 prodiis‘sct,

492 2626 672 2683 neque
704 2613 794 2679 ad,
827 2614 1131 2687 principem
1185 2618 1514 2688 pertineret,
1570 2615 1749 2689 neque
1794 2623 2077 2693 publicus,

489 2703 589 2761 sed
615 2705 841 2763 alterius
866 2706 1173 2780 cujuspiam
1203 2719 1371 2777 esset,
1403 2711 1452 2767 is
1485 2707 1791 2782 aequalibus
1831 2714 2080 2785 partibus

490 2796 635 2857 inter
664 2799 1007 2857 inventorem
1047 2803 1343 2874 praediiquc
1363 2805 1649 2860 dominum
1678 2805 2022 2863 divideretur
2059 2827 2074 2864 :

490 2890 729 2963 denique
754 2894 1131 2952 siinventoris
1166 2897 1429 2967 praedium
1482 2906 1656 2965 esset,
1713 2899 1817 2971 ipsi
1873 2915 1961 2956 res
1999 2901 2082 2955 in-

490 2993 656 3041 venta
685 2987 941 3043 universa
973 2990 1215 3045 cederet.
1266 2991 1443 3061 Atque
1465 2991 1580 3047 haec
1613 2994 1838 3063 quidem
1870 2994 1955 3050 lex
1986 2994 2079 3049 illa

2180 489 2419 560 χαλεπὸν
2478 489 2734 560 ὑπεράνω
2785 488 2997 551 πάντας
3034 485 3291 556 γενέσθαι
3320 485 3417 541 καὶ
3468 488 3587 552 τοῖς
3634 488 3777 557 πρὸς

2177 583 2407 656 οὐρανὸν
2458 582 2749 654 ἐπαίρουσι
2818 581 2987 646 θείοις
3052 580 3387 651 ἐντάλμασιν
3436 579 3775 652 ἐπαρθῆναι,

2179 675 2377 748 ἐφεῦρε
2400 677 2556 747 καὶὴ
2595 674 2912 746 ἀνθρωπίνη
2948 672 3178 746 πρόνοια
3220 673 3312 727 διὰ
3369 672 3663 744 δογμάτων
3684 675 3774 729 oi.

2179 770 2344 823 κείων
2394 771 2671 842 σωτηρίαν
2703 769 2782 840 τῷ
2808 766 3140 839 ἀνθρωπίνῳ
3168 766 3291 839 βίῳ.
3332 766 3435 822 Διά
3482 765 3644 820 τοῦτο
3672 765 3776 820 καὶ

2179 862 2274 916 νῦν
2300 902 2314 930 ,
2344 861 2436 917 τοῦ
2483 864 2755 917 Δεσπότου
2786 861 2883 916 καὶ
2916 860 3171 932 Σωτῆρος
3199 859 3362 932 ἡμῶν
3414 858 3773 930 οίκτίρμονας

2179 950 2316 1009 εἶναι
2342 956 2807 1027 παρεγγυωμένου
2828 992 2847 1016 ,
2876 954 2972 1007 καὶ
3007 952 3119 1007 τῶν
3175 951 3383 1024 ἀπορίᾳ
3423 949 3773 1022 πιεζομένων

2179 1048 2328 1114 τοὺς,
2352 1048 2468 1101 ὅσοι
2494 1047 2606 1100 τῶν
2634 1046 2846 1100 ἐκείνου
2877 1045 3100 1117 δωρεῶν
3128 1044 3498 1108 ἀπολαύοντες
3523 1046 3583 1098 ἐν
3607 1042 3773 1098 εὐπο-

2184 1142 2276 1215 ρίᾳ
2305 1141 2601 1205 διαὸιοῦσι,
2630 1139 3080 1213 παραμυθεῖσθαι
3108 1137 3208 1211 τὴν
3225 1134 3776 1207 στενοχωρίαν,ἐπείο

2180 1250 2286 1305 περ
2316 1234 2461 1299 τινὲς
2493 1232 2783 1305 ἀχάριστοι
2819 1232 2921 1303 μὲν
2964 1231 3094 1303 περὶ
3138 1230 3232 1285 τὸν
3259 1228 3533 1299 δεσπότην
3586 1225 3767 1291 ὄντες,

2180 1324 2527 1394 ἀσυμπαθεῖς
2554 1325 2614 1378 δὲ
2643 1325 2775 1396 περί⁵
2802 1324 2863 1377 τὸ
2890 1322 3173 1392 συγγενὲς,
3220 1321 3283 1375 οὐ
3313 1319 3473 1390 μόνον
3499 1317 3603 1372 οὑκ
3645 1317 3770 1388 δρέ-

2178 1433 2336 1480 γουσι
2365 1418 2525 1489 χεῖρα
2556 1415 2707 1469 ἐλέου
2745 1416 2858 1477 τοῖς
2884 1414 3202 1487 χρῄζουσιν,
3250 1410 3367 1465 ἀλλ’
3394 1404 3589 1481 eam?
3644 1406 3776 1477 φθο-

2179 1507 2399 1572 νοῦντες
2425 1508 2522 1562 καὶ
2549 1507 2749 1575 αὐγαῖς
2796 1506 2951 1578 ἡλίου
2978 1506 3109 1571 τοὺς
3163 1502 3374 1558 ἑαυτῶν
3407 1501 3773 1574 σκυθρωποὺς

2179 1602 2313 1672 ὁρᾷν
2365 1601 2697 1674 θησαυροὺς,
2743 1603 2813 1673 γῇ
2846 1598 3072 1664 τούτους
3098 1597 3551 1668 κατορύττουσιν,
3583 1594 3773 1664 ἐδέησε

2181 1695 2278 1748 καὶ
2308 1695 2437 1765 περὶ
2467 1693 2673 1765 ταύτης
2729 1697 2830 1767 τῆς
2870 1690 3245 1764 ἀπανθρώπου
3300 1690 3550 1754 ἐπινοίας
3607 1688 3774 1758 νόμον

2114 1756 2155 1814 Β
2183 1787 2263 1850 είς
2293 1756 2408 1858 βίον
2430 1756 2971 1851 aestues-iuta:
3004 1756 3104 1857 μέν
3152 1783 3559 1856 ἐκτεθειμένος,
3581 1756 3775 1837 πλεον-

2181 1878 2433 1950 εκτηθεὶς
2465 1880 2523 1933 δὲ
2572 1881 2706 1950 παρ’
2744 1874 2816 1953 ἦς
2860 1879 3034 1934 πολλά
3087 1878 3196 1933 τῶν
3225 1876 3408 1931 καλῶν
3431 1874 3776 1945 διαλυμαίνε-

2180 1986 2273 2024 ται
2344 1970 2664 2037 πλεονεξίας
2727 1972 2824 2026 καὶ
2864 1971 2968 2025 ὑπ’
3022 1970 3194 2037 αὐτῆς
3223 1968 3284 2025 τὺ
3320 1970 3523 2024 οίκεῖον
3569 1967 3774 2040 κράτος

2181 2061 2582 2136 ἀφῃρημένος,
2627 2060 2728 2116 νῦν
2814 2062 2965 2134 παρὰ
3009 2062 3109 2133 τῆς
3147 2060 3431 2133 ἡμετέρας
3494 2057 3774 2130 βασιλείας

2179 2157 2338 2210 τοῦτο
2396 2157 2558 2212 πάλιν
2607 2156 3024 2229 ἀνακομίζεται.
3079 2155 3335 2211 Ἐκέλευε
3391 2154 3502 2226 γὰρ
3534 2154 3563 2208 6
3609 2152 3775 2222 νόμος

2180 2248 2270 2302 τὸν
2301 2247 2378 2320 τῷ
2412 2250 2898 2321 κατορωρυγμένῳ
2924 2250 3291 2321 περιτυχόντα
3327 2244 3596 2318 θησαυρῷ
3618 2245 3690 2307 ⁸¹,
3726 2245 3771 2297 εί

2184 2340 2284 2410 μὲν
2317 2340 2600 2411 βασιλικὸν
2635 2341 2721 2410 είη
2752 2342 2813 2395 τὸ
2842 2341 3047 2414 χωρίον
3074 2340 3107 2412 ἢ
3133 2340 3392 2412 δημόσιον
3425 2339 3625 2403 ἄλλως,
3659 2338 3773 2392 δια-

2181 2432 2517 2504 κληροῦσθαι
2562 2434 2653 2488 τὸν
2713 2434 2948 2506 εὑρόντα
2997 2436 3093 2489 καὶ
3132 2434 3199 2489 τὸ
3251 2433 3511 2505 δημόσιον
3576 2433 3774 2498 ἐπίσης

2179 2525 2242 2579 τὸ
2274 2524 2496 2598 εὕρημα
2518 2542 2533 2557 ⁸
2566 2527 2616 2581 εί
2644 2526 2689 2580 δ’
2713 2528 2742 2580 6
2773 2529 2962 2591 τόπος,
2994 2526 3053 2591 ὃς
3078 2526 3170 2580 τὸν
3211 2525 3488 2596 θησαυρὸν
3518 2524 3603 2589 είς
3658 2524 3775 2595 φῶς

2181 2613 2435 2684 ἠνεγκεν,
2464 2614 2591 2670 οὗτε
2621 2614 2892 2687 βασίλειος
2917 2615 3044 2671 οὔτε
3093 2616 3356 2689 δημόσιος
3411 2615 3530 2671 ἀλλ’
3584 2616 3773 2687 ἐτέρου

2179 2704 2325 2769 τινὸς
2353 2707 2671 2779 προσώπου,
2716 2708 3051 2781 ἀμφοτέροις
3085 2709 3288 2782 ὁμοίως
3317 2708 3401 2780 τῷ
3446 2726 3507 2763 τε
3543 2726 3775 2781 περιτυ-

2180 2798 2449 2868 χόντικαὶ
2484 2798 2565 2871 τῷ
2601 2799 2698 2853 τοῦ
2747 2799 2951 2871 χωρίου
3001 2801 3241 2876 δεσπότῃ
3289 2801 3446 2855 τοῦτο
3471 2801 3520 2834 ⁸⁸
3572 2801 3776 2872 ἐπίσης

2178 2888 2569 2961 διανέμεσθαι’
2601 2893 2650 2946 εἰ
2684 2891 2742 2946 δὲ
2781 2893 2878 2947 τοῦ
2922 2893 3175 2964 εὑρόντος
3221 2892 3282 2946 τὸ
3325 2892 3553 2965 χωρίον,
3602 2891 3772 2949 αὑτοῦ

2181 2982 2277 3037 καί
2306 2984 2368 3037 τὸ
2397 2985 2506 3039 πᾶν
2544 2982 2769 3056 εὕρημα
2800 2981 2964 3042 εἶναι.
2994 2985 3212 3040 Ταῦθ“δ
3242 2986 3411 3057 νόμος
3455 2986 3772 3042 ἐθέσπισεν.

492 3077 696 3134 sanxit.
728 3078 927 3134 Verum
989 3080 1102 3153 (45)
1144 3097 1401 3152 perversa
1461 3085 1734 3154 cupiditas
1781 3086 1926 3142 haud
1960 3087 2077 3143 scio

2182 3072 2323 3128 Ἀλλ’
2360 3076 2393 3147 ἡ
2427 3076 2609 3149 φαύλη
2638 3077 2926 3143 πλεονεξία
2949 3078 3050 3133 οὐκ
3081 3075 3179 3132 οἷδ’
3210 3077 3360 3144 ὅπως
3406 3078 3605 3133 τοῦτον
3656 3095 3770 3135 παι

491 3172 768 3240 quomodo
802 3174 892 3227 illa
938 3173 1379 3246 circumscripta,
1413 3177 1711 3249 iniquoque
1759 3179 1915 3236 lucro
1938 3181 2075 3237 ﬁsco

2183 3166 2611 3239 ραλογισαμένη,
2647 3170 2840 3242 κέρδος
2889 3170 3074 3225 ἄδικον
3126 3170 3204 3243 τῷ
3230 3170 3484 3243 δημοσίῳ
3545 3172 3772 3243 χαριζοο

491 3263 715 3331 donato,
741 3265 815 3321 illi
848 3266 903 3322 in
929 3266 1077 3322 hunc
1098 3283 1273 3339 usque
1294 3268 1436 3325 diem
1456 3271 1737 3326 inventum
1753 3272 2073 3329 thesaurum

492 3354 770 3421 attribuit,
803 3356 1088 3428 legemque
1118 3360 1349 3415 otiosam
1380 3360 1640 3417 reddidit.
1672 3362 1739 3417 At
1767 3364 1899 3433 quid
1945 3364 2077 3419 hinc

492 3448 801 3521 contingit?
828 3451 931 3518 Qui
965 3451 1167 3507 alicubi
1204 3453 1523 3512 reconditos
1574 3454 1749 3521 latere
1783 3456 2078 3518 thesauros

494 3542 839 3608 sciunt,dum
865 3543 1003 3599 alios
1028 3544 1310 3602 laboribus
1330 3547 1446 3603 suis
1476 3548 1789 3620 gavisuros,
1811 3565 1871 3606 se
1896 3560 2076 3607 autem

496 3634 523 3690 l'
526 3642 704 3690 rustra
731 3635 853 3691 illos
887 3636 1230 3704 subdituros,
1259 3637 1393 3709 quin
1429 3650 1485 3695 et
1543 3639 1821 3696 interdum
1848 3644 2072 3701 acerbis

493 3728 993 3785 examinationibus
1055 3729 1436 3801 subjiciendos
1491 3734 1874 3800 considerant,
1942 3737 2069 3794 illos

494 3821 827 3891 investigare
855 3822 1172 3893 negligunt:
1206 3823 1398 3894 itaque
1437 3824 1491 3879 in
1522 3834 1847 3898 perpetuum
1882 3843 2081 3884 recon-

494 3913 607 3969 dita
642 3922 867 3971 manent
893 3923 947 3971 et
973 3924 1228 3987 pereunt,
1276 3919 1499 3989 quae‘in
1568 3919 1747 3975 lucem
1811 3902 2080 3991 producta

496 4025 751 4079 magnam
782 4008 1096 4066 hominibus
1126 4019 1285 4066 erant
1318 4012 1604 4068 utilitatem
1644 4014 1902 4070 allatura.

563 4183 827 4244 Jubemus
849 4203 1002 4261 ergo,
1027 4190 1107 4245 uti
1141 4190 1256 4261 (44)
1298 4190 1548 4262 deinceps
1595 4182 1896 4248 secundum
1927 4206 2079 4253 vete-

494 4279 573 4337 ris
598 4280 734 4353 legis
762 4282 1071 4353 aequitatem
1099 4284 1383 4353 iudicetur
1405 4304 1422 4355 ;
1447 4295 1501 4342 et
1527 4288 1749 4358 quando
1782 4288 2078 4349 thesaurus

494 4374 697 4445 aliquis
721 4375 976 4434 inventus
1010 4378 1198 4443 fuerit,
1249 4379 1295 4436 si
1333 4379 1488 4436 locus
1532 4380 1623 4435 ubi
1680 4380 1936 4439 inventus
1966 4392 2073 4450 est,

2178 3257 2317 3331 μένη
2348 3260 2544 3331 ἐκείνῳ
2558 3259 2742 3350 κμέχρι
2769 3260 2866 3315 τοῦ
2897 3261 2992 3316 νῦν
3018 3262 3111 3319 τὸν
3144 3263 3538 3335 εὑρισκόμενον
3586 3264 3773 3319 δίδωσι

2177 3350 2450 3423 θησαυρὸν
2476 3356 2553 3418 εις
2585 3353 2885 3424 ’ἀπραξίαν
2917 3355 3010 3411 τδν
3065 3356 3231 3427 νόμον
3273 3357 3677 3428 περιστήσασα.
3707 3356 3773 3413 Τί

2130 3471 2134 3476 ·
2175 3441 2271 3499 οὖν
2304 3445 2367 3499 ἐκ
2398 3445 2590 3502 τούτου
2625 3448 2955 3518 συμϐαίνεις
2995 3447 3198 3520 γνῶσιν
3226 3448 3445 3521 ἔχοντες
3469 3450 3771 3521 θησαυρῶν

2177 3541 2707 3613 κατορωρυγμένων,
2733 3540 3064 3606 ἐννοοῦντες,
3103 3544 3186 3599 ὅτι
3208 3546 3322 3607 τοῖς
3352 3542 3536 3598 αὐτῶν
3586 3542 3771 3608 πόνοις,

2178 3632 2511 3706 ἡσθήσονται
2549 3632 2761 3703 ἕτεροι,
2822 3634 2980 3689 αὐτοὶ
3026 3634 3082 3689 δὲ
3138 3636 3321 3706 μάτην
3372 3635 3772 3708 ὑποστήσονται

2177 3724 2269 3778 τὸν
2300 3725 2569 3797 κάματον,
2603 3727 2665 3780 ού
2697 3726 2860 3797 μόνον
2918 3727 2977 3781 δὲ
3008 3727 3123 3782 ἀλλ’
3185 3729 3363 3783 ἐνίοτε
3396 3729 3490 3783 καὶ
3545 3728 3770 3799 πικραῖς

2177 3814 2490 3882 ἐξετάσεσιν
2530 3816 3043 3888 ὑποόεϐλήσονται,
3080 3816 3232 3888 παρὰ
3287 3815 3493 3890 φαῦλον
3551 3815 3765 3872 ποιοῦνο

2178 3923 2270 3963 ται
2299 3906 2400 3981 τὴν
2445 3907 2672 3980 ἔρευναν
2696 3908 2793 3963 καὶ
2839 3907 3112 3976 λαμϐάνει
3141 3908 3315 3975 οὕτως
3365 3907 3584 3974 αἰώνιος
3636 3909 3767 3963 ἀπό-

2180 3999 2381 4071 κρυψις
2410 4000 2505 4054 καὶ
2526 3999 2796 4070 ἀπώλεια,
2824 3997 2900 4057 ὦν
2920 4002 2956 4075 ὴ
2988 4002 3304 4075 φανέρωσις
3354 4001 3628 4074 ὠφέλειαν
3676 4002 3767 4057 ἀν-

2181 4090 2425 4163 θρώποις
2460 4091 2653 4164 ἔμελλε
2687 4094 3206 4168 πραγματεύεσθαι.

2181 4248 2189 4255 .
2254 4209 2571 4281 Κελεύομεν
2599 4209 2803 4276 τοίνυν,
2836 4210 2982 4265 κατά
3006 4208 3106 4281 τὴν
3165 4209 3518 4281 δικαιοσύνην
3542 4209 3639 4265 τοῦ
3666 4211 3766 4282 ἀρ-

2179 4304 2337 4374 χαίου
2389 4302 2558 4373 νόμου
2641 4304 2737 4358 καὶ
2808 4304 2917 4358 ἀπὸ
2989 4303 3086 4359 τοῦ
3141 4305 3409 4376 παρόντος
3469 4305 3767 4373 γίνεσθαι,

2180 4395 2278 4449 καὶ
2308 4394 2589 4468 θησαυροῦ
2640 4397 2981 4470 εὑρεθέντος,
3017 4397 3067 4451 εί
3097 4396 3199 4469 μὲν
3226 4399 3255 4452 6
3312 4397 3503 4452 τοῦτον
3564 4398 3767 4468 ἐξαγα-

500 4467 559 4523 in
592 4468 827 4539 publicis
885 4471 1326 4543 imperatoriisve
1363 4472 1552 4530 fundis
1599 4475 1693 4539 sit,
1727 4474 1983 4532 inventor
2006 4479 2076 4533 il-

2179 4489 2295 4557 γὼν
2312 4467 2480 4555 τόπος
2495 4467 2613 4545 τῶν
2661 4467 2939 4565 δημοσίων
2969 4490 3004 4561 ἢ
3042 4467 3152 4546 τών
3196 4491 3488 4562 βασιλείων
3536 4492 3624 4565 εἴη
3654 4510 3766 4563 xtu-

495 4559 607 4612 lum
637 4574 762 4613 cum
801 4560 936 4616 lisco
998 4564 1301 4633 partiatur:
1357 4564 1404 4620 si
1454 4581 1586 4621 vero
1635 4566 1865 4624 alterius
1892 4568 2081 4640 cujus-

496 4650 639 4720 piam
668 4650 759 4714 sit,
793 4653 965 4707 simili
996 4655 1158 4711 modo
1192 4657 1371 4726 ipsum
1396 4664 1453 4712 et
1500 4656 1779 4723 inventor,
1805 4669 1859 4714 et
1888 4659 1993 4716 loci
2023 4663 2078 4717 in

493 4757 604 4812 quo
635 4742 928 4802 thesaurus
968 4747 1226 4804 inventus
1252 4760 1338 4805 est
1370 4750 1631 4808 dominus
1674 4750 1820 4815 inter
1849 4769 1909 4809 se
1934 4754 2079 4811 divi-

492 4834 649 4888 dant.
674 4833 947 4890 Caeterum
997 4838 1043 4892 si
1079 4839 1360 4909 improbus
1386 4856 1529 4907 esse,
1556 4857 1735 4913 neque
1792 4844 2069 4917 quidquid

495 4926 762 4993 repererit
784 4928 1036 4985 conﬁteri
1077 4930 1331 4988 inventor
1385 4948 1550 4991 omne
1596 4936 1747 5001 velit,
1795 4939 1889 4995 sed
1948 4939 2075 4996 dolo

2183 4580 2338 4653 ρίων,
2373 4582 2515 4653 μετά
2591 4583 2687 4637 τοῦ
2734 4583 3001 4655 δημοσίου
3023 4583 3131 4653 ¹τὸν
3176 4584 3503 4654 εὑρίσκοντα
3551 4584 3768 4656 μερίζε-

2181 4672 2331 4739 σθαι,
2368 4677 2417 4730 εί
2474 4675 2521 4730 δ’
2566 4677 2756 4749 ἐτέρου
2814 4676 2961 4742 τινὸς
3024 4675 3343 4748 προσώπου,
3399 4677 3768 4751 παραπλησίῳ

2179 4768 2368 4839 τρόπῳ
2414 4768 2577 4822 αὑτόν
2630 4786 2691 4824 τε
2738 4771 2833 4824 τὸν
2894 4771 3219 4843 εὑρίσκοντα
3261 4770 3309 4803 ⁸⁸
3339 4771 3437 4824 καὶ
3460 4771 3553 4824 τὸν
3574 4770 3766 4840 κύριον

2178 4859 2274 4913 τοῦ
2300 4862 2392 4913 τδν
2427 4861 2702 4934 θησαυρὸν
2748 4863 3036 4929 ἀναδόντος
3092 4865 3296 4936 χωρίου
3346 4866 3447 4936 τὴν
3505 4865 3769 4937 διανομὴν

2184 4952 2477 5009 ποιεῖσθαι.
2499 4954 2561 5009 Εἰ
2597 4956 2850 5027 μέντοιγε
2878 4957 3014 5028 πρὸς
3049 4957 3441 5028 ἀγνωμοσύνην
3468 4957 3567 5012 ῐδοι
3588 4959 3618 5011 6
3642 4956 3767 5011 τοῦο

495 5017 906 5091 mendaciisque
925 5037 990 5078 ex
1027 5039 1087 5079 re
1109 5032 1326 5097 reperta
1378 5029 1644 5084 nonnulla
1679 5029 1960 5099 detineat;
2008 5035 2062 5089 in

2177 5055 2263 5092 τον
2309 5039 2489 5109 εὑρὼν
2553 5017 2648 5097 καὶ
2697 5043 2774 5115 μὴ
2797 5017 3022 5099 ὶτείτδ
3078 5017 3310 5117 εὑρηθὲν
3368 5017 3766 5117 ἀνομολογῆσαι

1789 5188 2024 5246 VAHIIE
2066 5193 2478 5256 LECTIONES.

565 5272 874 5371 ::_Scrimg.
906 5276 995 5362 τδν
1025 5266 1521 5355 κατορωρυγμένον
1545 5312 1616 5326 -—-
1648 5282 1945 5357 θησαυρόν.
1984 5285 2175 5344 Zuich.
2213 5303 2267 5347 et
2293 5293 2518 5354 Meerm.
2551 5298 2631 5371 τῷ
2670 5298 2789 5355 κτλ.
2848 5299 2894 5332 ⁸²
2916 5298 3107 5356 Melius
3133 5298 3347 5365 τοῦτον,
3411 5298 3457 5331 ⁸³
3486 5297 3681 5356 Zuich.
3712 5305 3763 5353 et

497 5341 718 5399 Moerin.
753 5341 1050 5419 εὑρηκότα.
1095 5407 1101 5412 ,

2025 5472 2257 5533 ΝΟΙΑΞ.

504 5554 859 5684 Efﬂuing
889 5559 943 5625 3.
979 5560 1006 5631 §
1041 5561 1127 5627 to.
1169 5563 1226 5619 ir.
1252 5564 1327 5621 De
1358 5565 1469 5637 jur.
1500 5565 1613 5622 ﬁsci
1649 5567 1675 5639 ς
1713 5566 1964 5636 59,1nsi,
2000 5567 2077 5625 ne

574 5698 691 5776 με)
719 5698 779 5776 ο,
809 5698 836 5772 §
870 5700 1128 5776 _10,tlict.
1164 5704 1190 5776 θ
1227 5707 1278 5762 9.

575 5768 691 5840 (45)
730 5768 844 5828 [loc
868 5773 1044 5832 innuit
1070 5768 1274 5835 dictum
1296 5779 1322 5851 §
1342 5779 1640 5845 decimum,
1664 5794 1718 5839 ct
1753 5783 1888 5839 dict.
1928 5779 1956 5851 ς
1983 5796 2076 5839 ηο-

2185 5586 2341 5645 num,
2375 5572 2542 5645 certis
2574 5574 2920 5645 temporibus
2949 5571 3258 5645 nonfuisse
3291 5573 3344 5628 in
3378 5587 3503 5627 usu.

2257 5643 2777 5718 (H)_Sententiard.
2804 5643 2835 5718 θ
2871 5645 2955 5714 l0,
2980 5646 3033 5702 d.
3068 5643 3097 5718 ς
3134 5647 3189 5712 9,
3242 5644 3297 5699 in
3338 5659 3499 5700 usum
3536 5656 3753 5702 revoca-

2185 5719 2277 5769 tur
2302 5730 2334 5769 a
2376 5714 2580 5772 Leone.
