4086 6326
494 375 598 436 555

1707 368 1898 427 LEON
1913 367 1981 426 lS
2010 366 2468 429 PHILOSOPHI

3633 370 3737 436 556

497 495 791 550 mercetur,
825 501 932 542 non
964 487 1222 558 castigat,
1256 500 1435 559 neque
1462 486 1648 542 scelus
1689 486 1824 543 illud
1881 486 2060 544 corri-

2173 490 2342 562 τίμιον
2362 491 2464 560 τῆς
2487 489 2804 571 ἐλευθερίας
2824 489 3117 562 ὑϐρίζοντα
3163 489 3259 545 καλ⁵
3271 489 3372 561 τὴν
3403 484 3616 541 οίκείαν
3637 487 3738 553 ιμ-

490 579 877 653 git;profecto
910 587 963 634 et
998 579 1089 632 illa
1143 594 1329 634 earum
1378 595 1486 634 una
1551 588 1636 635 est
1671 595 1794 648 quae
1851 592 2060 636 rectum

490 673 807 745 reipublicre
834 678 1040 726 nostra:
1072 679 1276 726 statum
1331 672 1622 737 dedecent,
1681 687 1746 727 ac
1786 675 2058 744 approba-

488 764 640 819 tione
671 763 909 834 indigna:
957 770 1109 830 sunt,
1141 779 1319 833 neque
1354 765 1745 820 auctoritatem
1778 775 1833 822 et
1876 766 2061 822 eﬂica-

487 856 628 912 ciam
659 855 916 925 accipere
946 853 1165 909 debent.
1217 854 1380 909 Illam
1421 857 1609 926 itaque
1646 856 1714 912 de
1744 872 1810 911 eo
1849 857 1944 927 qui
1974 872 2063 914 res

489 964 622 1005 suas
655 949 727 1002 ita
762 949 1059 1019 gubernat,
1093 947 1259 1001 latam
1313 949 1507 1019 legem,
1570 963 1692 1018 qua:
1726 949 2061 1004 dementiam

490 1042 703 1094 tirmam
735 1053 860 1094 esse
888 1038 1178 1107 permittit,
1218 1054 1397 1109 neque
1453 1054 1646 1096 eversa
1699 1039 1921 1111 indigna
1969 1041 2062 1096 illa

488 1142 822 1196 mercatura,
855 1133 955 1187 hos
982 1131 1075 1202 qui
1129 1147 1227 1201 per
1259 1132 1633 1203 insipientiam
1670 1133 1796 1188 talia
1833 1134 2060 1202 faciunt,

491 1224 939 1295 competentibus
975 1223 1157 1293 ptenis
1187 1223 1436 1294 snbjicit,
1472 1240 1648 1294 neque
1693 1226 1829 1296 legis
1862 1241 2063 1297 prapo-

489 1319 658 1374 situm
687 1316 896 1372 scimus
927 1331 1170 1379 servare,
1203 1330 1382 1383 neque
1412 1331 1548 1387 qua:
1593 1319 1950 1372 convenienti
1983 1320 2062 1373 le-

488 1410 652 1482 gibus
720 1408 1031 1463 reverentia
1099 1407 1370 1478 potiatur,
1419 1408 1638 1479 dignam
1674 1418 1954 1480 putamus.
2006 1409 2063 1463 Si

488 1503 637 1558 eltim
660 1501 806 1572 quod
835 1501 948 1572 (82)
978 1510 1134 1572 pater
1165 1500 1295 1556 ﬁliis
1329 1508 1436 1567 est,
1466 1501 1522 1555 id
1559 1502 1700 1558 idem
1745 1504 1893 1573 leges
1925 1501 2063 1556 civi-

490 1595 594 1652 bus
616 1609 738 1650 esse
769 1603 1007 1664 oportet,
1045 1601 1106 1647 ut
1140 1593 1194 1648 in
1214 1580 1319 1649 hoc
1345 1608 1513 1650 unum
1540 1595 1687 1665 quod
1719 1595 1829 1650 illis
1855 1596 2064 1650 condu-

491 1695 580 1740 cat
609 1700 674 1740 ac
704 1685 945 1740 salutare
1003 1685 1100 1749 sit,
1126 1684 1448 1741 colliment:
1479 1686 1758 1755 quomodo
1792 1687 1935 1741 hanc
1987 1687 2062 1742 leo

489 1791 610 1847 gem
643 1775 734 1846 qui
761 1783 974 1830 tantum
1009 1774 1416 1831 incommodum
1453 1785 1621 1847 atque
1679 1777 1940 1832 damnum
1973 1776 2063 1830 in-

491 1869 752 1925 cumbere
768 1869 835 1924 iis
856 1870 949 1939 qui
973 1883 1070 1939 per
1090 1869 1423 1924 dementiam
1443 1869 1498 1924 in
1524 1869 1577 1925 id
1603 1885 1664 1927 se
1685 1870 2062 1943 coniecerunt,

493 1962 647 2027 sinit,
681 1961 888 2030 legibus
922 1959 1278 2015 annumerari
1304 1976 1522 2032 aequum
1557 1960 1681 2018 est?

566 2049 722 2105 lianc
754 2051 941 2120 itaque
978 2065 1078 2106 nos
1113 2050 1324 2122 legibus
1365 2061 1685 2123 excerptam
1721 2053 1776 2108 in
1807 2051 2064 2108 exsilium

495 2144 797 2210 mittentes,
827 2145 1135 2211 sancimus,
1166 2154 1223 2198 ut
1257 2145 1303 2200 si
1333 2147 1450 2216 quia
1500 2146 1577 2200 ita
1630 2144 1854 2202 demens
1878 2147 1972 2211 sit,
2005 2152 2065 2199 ut

497 2238 808 2294 libertatem
839 2238 1109 2294 servitute
1138 2245 1490 2294 commutans
1520 2252 1590 2294 se.
1629 2238 1809 2309 ipsum
1849 2239 2066 2307 vendat,

494 2347 563 2385 ae
583 2330 630 2385 is
653 2339 977 2384 contractus
1012 2328 1229 2387 validus
1273 2329 1370 2396 sit,
1426 2330 1522 2387 sed
1557 2339 1862 2395 evertatur,
1899 2340 1954 2385 et
1990 2331 2069 2385 si-

497 2424 610 2478 inul
640 2423 754 2493 ipse
790 2423 1057 2478 libertatis
1091 2438 1205 2478 suae
1231 2423 1506 2494 proditor,
1543 2425 1708 2479 simul
1751 2424 1798 2480 is
1826 2423 2068 2495 quicum

495 2519 615 2588 ipso
637 2516 704 2570 ad
727 2515 946 2572 facinus
977 2515 1314 2586 designavit,
1344 2515 1669 2571 verberibus
1711 2516 2069 2585 castigentur,

495 2609 779 2680 nihiloque
839 2610 1025 2664 minus
1075 2607 1315 2663 vesaniae
1371 2606 1646 2678 mancipio
1723 2606 1949 2662 libertas
2014 2605 2072 2659 in

497 2698 734 2769 pristino
761 2712 864 2754 suo
887 2706 1040 2754 statu
1067 2707 1342 2755 servetur.

885 2883 1351 2943 CONSTITUTIO
1404 2882 1497 2940 ιχ
1552 2883 1687 2956 (ss).

572 2979 692 3048 Qua
713 2995 868 3052 pana
894 2977 1356 3053 (Shcaatratorca
1403 2975 1518 3048 (85)
1577 2974 1725 3046 afﬁci
1758 2972 2002 3032 debeant.

571 3146 718 3206 idem
747 3147 1050 3220 imperator
1070 3146 1248 3203 eidem
1301 3144 1576 3218 Styliano.

570 3241 808 3298 Virtutis
869 3239 991 3313 (86)
1041 3241 1107 3295 ad
1162 3239 1570 3312 procreandum
1627 3253 1661 3294 a
1694 3238 1805 3294 Deo
1856 3245 2074 3293 natura:

508 3336 733 3392 inedita:
763 3334 1010 3389 exsectio
1047 3349 1156 3388 non
1200 3335 1415 3388 minore
1459 3347 1584 3388 cum
1626 3331 1855 3386 audacia
1881 3329 2077 3385 identi-

504 3429 629 3485 dem
657 3428 1046 3493 committitur,
1082 3441 1250 3496 quam
1276 3426 1322 3481 si
1344 3425 1488 3496 apud
1521 3425 1691 3481 Deum
1727 3423 1862 3480 nulli
1896 3437 2076 3494 pmnaa

506 3521 750 3578 obnoxia
806 3527 981 3586 esset,
1029 3533 1156 3574 cum
1209 3529 1394 3574 tamen
1426 3517 1512 3574 vel
1561 3516 1801 3573 maxime
1865 3516 1976 3584 sit;
2023 3521 2080 3571 et

505 3630 822 3685 quanquam
853 3612 1134 3667 veteribus
1183 3610 1588 3682 legislatoribus
1611 3625 1758 3666 cura:
1803 3608 1991 3677 fuerit,
2019 3615 2079 3663 ut

510 3707 564 3762 id
601 3707 806 3761 malum
840 3705 1038 3760 ultrice
1068 3705 1185 3774 lege
1213 3702 1582 3769 excideretur,
1609 3717 1719 3775 quo
1770 3701 2082 3774 respublica

515 3799 584 3853 ab
613 3797 928 3853 istiusmodi
959 3799 1185 3853 invento
1211 3797 1413 3852 munda
1444 3807 1628 3854 esset:
1656 3795 1800 3851 haud
1854 3797 1971 3852 scio
1997 3804 2083 3850 ta-

514 3906 662 3953 men,
704 3906 829 3946 cum
866 3891 912 3945 si
947 3892 1032 3945 cui
1069 3890 1186 3956 alii,
1225 3890 1353 3945 huic
1397 3900 1549 3945 certe
1606 3890 1935 3962 praescripto
1978 3890 2078 3946 ob-

514 3984 832 4054 temperari,
865 3994 1033 4054 atque
1087 3998 1115 4038 a
1173 3993 1384 4038 natura:
1433 3982 1773 4038 mutilatione
1820 3983 2082 4039 abstineri

516 4091 731 4146 aequum
759 4076 854 4143 sit,
881 4077 1241 4147 quamobrem
1267 4091 1378 4132 non
1437 4075 1510 4130 ita
1549 4075 1754 4130 faciant
1794 4075 2079 4133 homines:

516 4168 612 4223 sed
645 4179 905 4242 tanquam
941 4169 1235 4225 utilitatem
1264 4168 1581 4240 quamdam,
1619 4168 1932 4224 istiusmodi
1985 4169 2083 4224 ad-

2163 584 2530 655 πορευόμενον
2581 583 2922 638 δούλευσιν¹⁸
2955 583 3050 638 ἐπὶ
3101 583 3240 654 ab"
3295 581 3490 653 κέρδος
3542 579 3739 648 μιαρὸν

2162 675 2283 730 ἀντὶ
2327 677 2429 747 τῆς
2473 677 2722 740 δουλείας
2771 675 2866 730 τοῦ
2906 673 3390 746 καταϐεϐλημένου
3423 672 3732 744 τιμήματα,

2165 769 2662 840 συμμοιράσασθαι,
2696 769 3104 840 ἁσωφρὸνιστον
3153 767 3282 831 ἐῶν,
3309 767 3411 820 οὐκ
3444 763 3740 836 έπανορθοῖ

2161 861 2262 934 τὴν
2298 861 2664 933 παρανομίαν.
2713 858 3017 932 Τοιγαροῦν
3038 859 3134 914 τοῦ
3170 859 3440 937 τὰεοίκεῖα
3469 857 3616 910 οὕτω
3645 872 3733 910 τι-

2163 953 2392 1026 θεμένου
2412 955 2458 988 ”
2491 955 2584 1008 τὸν
2620 955 2783 1026 νόμον
2821 954 2880 1018 ὃς
2923 955 3250 1024 παραχωρεῖ
3299 951 3399 1021 τὴν
3452 963 3734 1022 παραφροο

2163 1046 2330 1117 σύνην
2349 1046 2575 1117 βεϐαίαν
2598 1047 2888 1119 ὑπάρχειν,
2937 1046 3075 1101 ἀλλὰ
3115 1046 3190 1117 μὴ
3216 1042 3357 1116 μετὰ
3377 1041 3473 1097 τοῦ
3517 1041 3734 1111 ἀνατρέ-

2163 1160 2287 1197 πειν
2314 1142 2412 1208 τὴν
2439 1143 2634 1210 ἄτιμον
2663 1141 2938 1213 ἐμπορίαν
2981 1140 3076 1194 καὶ
3100 1138 3314 1201 ποιναῖς
3361 1134 3734 1210 ἁρμοζούσαις

2162 1235 2565 1289 καθυποϐάλλει
2611 1235 2738 1300 τοὺς
2784 1233 3011 1290 τοιαῦτα
3043 1234 3217 1287 ποιεῖν
3246 1230 3733 1303 ἀφρονευομένους,

2161 1328 2284 1382 οὔτε
2299 1330 2465 1399 νόμου
2493 1329 2809 1400 προαίρεσιν
2828 1327 3113 1391 διασώζειν
3131 1325 3287 1396 ῖσμεν
3317 1323 3440 1378 οὔτε
3469 1322 3572 1394 τῆς
3605 1338 3739 1392 πρε-

2161 1420 2372 1490 πούσης
2423 1420 2608 1490 νόμοις
2659 1417 2842 1483 αίδοῦς
2877 1435 2937 1472 τε
2981 1417 3074 1470 καί
3134 1414 3303 1486 τιμῆς
3349 1410 3738 1482 ἐπιτυγχάνειν

2161 1510 2458 1583 νομίζομεν
2497 1510 2668 1578 ἄξιον.
2717 1511 2781 1564 Ei
2805 1509 2915 1581 γὰρ
2941 1509 3078 1580 ὅπερ
3108 1506 3295 1577 πατὴρ
3310 1500 3738 1570 τέκνοις,“τοῦτο

2162 1606 2242 1661 δεῖ
2275 1605 2648 1672 τοῖςπολίταις
2669 1601 2812 1660 εῖναι
2845 1605 2973 1668 τοὺς
2996 1605 3218 1673 νόμους,
3258 1601 3395 1673 πρὸς
3424 1597 3482 1652 ἐν
3507 1598 3552 1630 ³¹
3579 1596 3739 1669 μόνον

2162 1697 2224 1753 τὸ
2274 1699 2556 1770 συμφέρον
2595 1698 2689 1752 καὶ
2774 1698 3046 1768 σωτήριον
3103 1695 3217 1749 τῶν
3294 1688 3739 1760 πολιτευομένων

2144 1791 2433 1878 δρῶντας,
2482 1789 2586 1846 ποῦ
2610 1791 2822 1855 δίκαιος
2859 1783 3016 1854 οὗτος
3049 1788 3239 1860 νόμοις
3263 1781 3738 1878 συνεξετάζεσθαι,

2168 1884 2423 1957 τοιαύτην
2458 1883 2661 1955 βλάϐην
2707 1883 2805 1938 καὶ
2838 1881 3042 1952 ζημίαν
3073 1877 3376 1950 συγχωρῶν
3420 1873 3740 1931 ἐπικεῖσθαι

2167 1979 2282 2040 τοῖς
2301 1975 2544 2046 ἀνοήτως
2561 1973 2787 2038 ἑαυτοὺς
2803 1972 2884 2037 είς
2898 1971 3108 2042 ταύτην
3157 1965 3559 2038 ὑποϐεϐληκόσι
3585 1980 3603 2032 ;

2257 2068 2426 2125 Τοῦτο
2449 2067 2541 2122 οὖν
2564 2063 3042 2138 ὲξοστρακίζοντες
3071 2061 3303 2117 καὶτῶν
3325 2059 3505 2130 νόμων
3539 2054 3743 2126 ἐκφυλ-

2167 2159 2523 2235 λοφοροῦντες
2571 2161 2732 2233 ἡμεῖς
2765 2157 3118 2229 θεσπίξομεν,
3147 2155 3202 2209 εἴ
3233 2171 3318 2217 τις
3353 2151 3531 2216 οὕτως
3546 2149 3744 2222 ὀφθείη

2166 2253 2439 2324 δυστυχῶν
2464 2252 2546 2317 είς
2571 2251 2797 2324 φρένας,
2820 2250 2918 2304 καὶ
2956 2247 3206 2305 δουλείαν
3235 2244 3556 2317 ἐλευθερίας
3593 2245 3743 2298 ἀντι-

2168 2347 2674 2417 καταλλαττόμενος
2715 2345 2914 2399 ἑαυτὸν
2965 2340 3316 2414 ἅπεμπολοίη
3335 2380 3352 2409 ,
3385 2340 3461 2411 μὴ
3485 2351 3746 2407 συνεστη-

2170 2440 2343 2506 κέναι,
2376 2439 2510 2493 am
2538 2436 2942 2510 ἀνατρέπεσθαι
2979 2435 3081 2508 τὴν
3111 2433 3334 2506 πρᾶξιν,
3376 2429 3543 2487 αὐτοῦ
3568 2445 3630 2484 τε
3651 2427 3746 2483 τοῦ

2174 2531 2436 2604 προδότου
2470 2530 2572 2601 τῆς
2612 2531 2752 2594 ίδίας
2779 2528 3098 2600 ἐλευθερίας
3136 2523 3352 2582 καὶτοῦ
3391 2538 3742 2592 συγκακουρ-

2171 2621 2400 2692 γοῦντος
2437 2621 2587 2692 αὑτῷ
2605 2621 2841 2693 πληγαῖς
2873 2639 2933 2676 τε
2966 2623 3047 2685 είς
3087 2620 3152 2673 τδ
3206 2618 3369 2688 σῶμα
3418 2613 3749 2687 σωφρονιζοο

2173 2714 2374 2785 μένων,
2395 2715 2489 2768 καὶ
2519 2713 2619 2782 τῆς
2647 2712 2965 2784 ὲλευθερῖας
2988 2714 3046 2767 ἐν
3071 2712 3150 2784 τῷ
3179 2710 3365 2781 οἰκείῳ
3393 2705 3744 2780 τηρουμένης

2173 2806 2419 2879 σχήματι
2446 2805 2525 2878 τῷ
2549 2809 2649 2879 τῆς
2678 2806 2866 2870 ἀνοίας
2889 2806 3239 2878 ἀνδραπόδῳ,

2755 2899 3066 2953 ΔΙΔΤΔΞΙΣ
3093 2898 3148 2952 Ξ’
3161 2937 3176 2952 .

2174 2991 2316 3065 Περὶ
2335 2991 2456 3049 τῶν
2493 2991 2964 3063 εὑνουχιζόνττωο
2992 2993 3271 3063 τιμωρίας
3299 2991 3503 3057 ἄλλως
3534 2988 3574 3059 ἢ
3601 2984 3750 3043 κατὰ

2631 3066 2743 3119 τὸν
2770 3068 3037 3134 πρόσθεν
3076 3067 3288 3136 νόμον.

2257 3159 2317 3214 '0
2339 3158 2500 3223 αὐτὸς
2541 3156 2796 3230 βασιλεὺς
2829 3156 3103 3229 Στυλιανῷ
3137 3156 3214 3228 τῷ
3242 3153 3413 3227 αὐτῷ.

2247 3253 2493 3325 Πρᾶγμα
2539 3250 2890 3323 τολμώμενον
2926 3251 3025 3323 μὲν
3061 3249 3300 3320 ἀφειδῶς
3353 3248 3429 3311 ὡς
3477 3245 3754 3318 μηδεμιᾶς

2173 3346 2326 3418 παρὰ
2350 3344 2470 3416 Θεῷ
2493 3344 2685 3399 δοκοῦν
2713 3343 2894 3415 ἔνοχον
2909 3343 3088 3413 δίκης,
3133 3341 3368 3411 μάλιστα
3400 3339 3458 3394 δὲ
3498 3337 3560 3393 δν
3585 3338 3736 3403 ἄξιον

2172 3437 2366 3508 δίκης,
2412 3438 2446 3509 ὴ
2486 3436 2692 3507 ἐκτομὴ
2736 3437 2836 3508 τῆς
2879 3434 3262 3508 ὲντεθειμένης
3322 3432 3429 3490 ὑπὸ
3476 3430 3616 3487 Θεοῦ
3678 3433 3749 3501 τῇ

2173 3531 2333 3600 φύσει
2383 3529 2663 3596 δυνάμεως
2717 3529 2854 3598 πρὸς
2883 3527 3135 3600 διαδοχὴν
3181 3526 3276 3581 τοῦ
3307 3526 3520 3596 γένους,
3577 3523 3747 3578 πάλαι

2189 3621 2289 3694 μὲν
2310 3621 2641 3691 τιμωροῦντι
2674 3622 2825 3693 νόμῳ
2875 3620 2963 3674 διὰ
3018 3619 3277 3691 προνοίας
3331 3618 3579 3688 ἐγεγόνει
3631 3616 3756 3678 τοῖς

2187 3714 2506 3785 νομοθέταις
2530 3714 2716 3768 λαϐεῖν
2747 3712 3016 3784 ἐκκοπὴν,
3061 3711 3203 3766 ὥστε
3232 3711 3335 3781 τῆς
3351 3709 3609 3779 τοιαύτης
3633 3709 3755 3761 ἑπι-

2187 3804 2338 3868 νοὶας
2367 3803 2654 3874 καθαίρειν
2682 3804 2783 3875 τὴν
2806 3802 3079 3874 ἡμετέραν
3106 3801 3406 3856 πολιτείαν·
3431 3800 3531 3853 οὐκ
3557 3794 3675 3851 οῖδα
3700 3797 3756 3851 δὲ

2185 3896 2335 3959 ὅπως
2355 3894 2472 3948 δέον
2491 3896 2662 3966 είπερ·
2681 3895 2786 3948 τινὶ
2801 3894 2946 3966 ἄλλῳ
2973 3892 3148 3964 τούτῳ
3176 3891 3462 3946 πείθεσθαι
3496 3889 3575 3961 τῷ
3601 3906 3758 3960 παρ-

2195 3986 2506 4056 αγγέλματι
2551 3983 2646 4038 καὶ
2699 3983 2972 4053 φείδεσθαι
2996 3983 3175 4056 λωϐᾷν
3194 3986 3262 4054 τῇ
3293 3981 3472 4052 φύσει,
3496 3979 3595 4050 οὐχ
3616 3978 3757 4032 οὕτω

2187 4078 2457 4145 ποιοῦσιν,
2484 4075 2600 4132 ἀλλ’
2633 4077 2823 4148 ὥσπερ
2836 4094 2890 4131 τι
2926 4077 3034 4130 τῶν
3052 4075 3345 4146 ὠφελίμων
3372 4073 3472 4146 τὴν
3504 4075 3644 4128 κατὰ
3663 4069 3756 4125 τοῦ

2190 4171 2386 4240 γένους
2437 4170 2696 4241 τοιαύτην
2743 4169 3037 4240 ἐπιϐουλὴν
3084 4168 3446 4240 λογιζόμενοι,
3476 4166 3543 4222 τὰ
3580 4165 3649 4221 δι’
3684 4158 3755 4218 ῶν

1795 4303 2032 4363 VARIE
2086 4305 2488 4364 LECTIONES.
2885 4377 2888 4380 λ
3214 4371 3217 4373 ,

590 4428 637 4461 ’⁸
666 4425 859 4482 Zuich.
885 4423 1163 4478 δούλωσιν.
1319 4419 1550 4494 Scrimg.
1575 4420 1667 4494 ἐπὶ
1691 4420 1772 4494 τόν.
1849 4419 1893 4454 ³⁸
1915 4422 2043 4494 Ηῷο

2173 4421 2239 4476 ba
2260 4420 2354 4476 τοῦ
2377 4448 2447 4462 --
2477 4421 2762 4494 τιθεμένου
2791 4429 2886 4476 aut
2914 4433 3168 4492 corrupta
3199 4428 3292 4475 aut
3321 4427 3445 4492 post
3473 4432 3758 4489 παραφρο-

517 4504 681 4561 σύνην
702 4495 1019 4554 collocanda
1051 4492 1472 4549 esse'videntur.
1512 4491 1571 4523 "'
1609 4491 1800 4546 Zuich.
1832 4509 1942 4550 om.
1965 4492 2045 4549 ἓν.

2008 4608 2243 4666 NOTAE.

516 4708 721 4762 Vivere.
752 4703 928 4777 Acne
967 4703 1178 4757 interea
1251 4709 1457 4777 temere
1525 4717 1585 4758 se
1645 4701 1699 4757 in
1762 4704 2080 4777 servitutem
2113 4709 2158 4765 D
2186 4721 2356 4777 quum
2390 4705 2463 4762 sit
2493 4706 2694 4760 minori
2718 4703 2908 4774 viginti
2935 4703 3185 4777 quinque
3203 4702 3364 4757 annis
3396 4700 3451 4756 in
3481 4702 3758 4777 integrum

516 4778 733 4833 dedisse
763 4775 1116 4838 viderentur;
1155 4783 1321 4842 utque
1353 4773 1590 4898 aliquam
1636 4775 1875 4844 speciem
1908 4777 2085 4829 ltomi-

517 4850 605 4898 nis
661 4845 882 4898 ingenui
937 4859 1152 4898 semper
1181 4859 1291 4898 orae
1320 4858 1380 4897 se
1461 4852 1668 4898 errent.
1706 4845 1775 4898 ab
1826 4855 2078 4898 emptore

517 4850 605 4904 nis
661 4845 882 4916 ingenui
937 4859 1152 4916 semper
1181 4859 1291 4916 prae
1320 4858 1380 4897 se
1438 4845 1668 4916 ferrent,
1706 4845 1775 4899 ab
1826 4855 2078 4916 emptore

517 4915 878 4992 (TlicOpliilus
932 4915 1113 4992 psttt|u_
1144 4915 1484 4992 aliter_._rem
1513 4915 1772 4984 explicat.
1811 4915 1968 4992 Inst.
2007 4917 2084 4972 De

513 4983 639 5059 jure
673 4983 962 5059 personati
999 4984 1028 5055 §
1067 4985 1116 5037 οἱ
1139 4985 1210 5059 δὲ,
1238 4983 1549 5059 δοῦλοιηεοΔ
1570 4983 1758 5040 sensu.
1811 4985 1925 5057 Ego
1959 5001 2082 5059 cum

520 5055 707 5130 aliquo
735 5058 842 5130 egi,
874 5066 931 5130 ut
962 5073 1047 5111 me
1077 5056 1336 5130 venderet
1364 5055 1575 5130 viginti
1608 5060 1846 5130 nummis
1863 5055 1921 5130 et
1979 5057 2082 5130 sibi

520 5126 630 5204 pro
651 5126 805 5185 lucro
830 5129 1072 5204 quinque
1126 5129 1371 5204 haberet,
1407 5126 1722 5204 quindecim
1781 5129 1916 5204 mihi
1956 5129 2084 5183 red-

522 5196 696 5271 ileret)
727 5196 936 5272 partem
979 5198 1066 5253 sui
1098 5197 1298 5272 ipsius
1329 5196 1511 5272 pretii,
1564 5197 1817 5272 ejusque
1854 5200 2082 5272 liberam

521 5269 954 5346 perpetuamque
968 5343 976 5346 _
1009 5269 1573 5346 administrationem
1653 5269 2079 5346 stipulabantur.

525 5339 653 5416 'Arg'.
679 5346 718 5398 1.
741 5344 798 5407 2,
831 5339 887 5395 ﬂ.
923 5340 1278 5416 Si_ingenttus
1300 5341 1680 5416 ;_quod_postea
1700 5340 1787 5416 vel
1808 5341 2084 5416 iniquum,

522 5409 792 5476 mu'tatum
827 5420 912 5468 est
936 5427 963 5464 a
985 5411 1167 5464 Leone
1195 5410 1296 5464 hac
1316 5409 1537 5464 Novella
1563 5427 1579 5476 ;
1630 5424 1737 5464 non
1777 5412 2082 5466 immerito:

523 5504 646 5542 cum
685 5497 865 5538 tamen
916 5486 1002 5537 sui
1056 5483 1230 5550 ipsius
1266 5479 1636 5552 venditionem
1695 5490 1892 5536 natura
1935 5497 2076 5552 quo-

523 5557 815 5611 dammodo
841 5565 1100 5622 respuat;
1137 5559 1192 5606 et
1245 5565 1433 5621 parum
1489 5551 1784 5622 admodum
1834 5551 2078 5620 intersit,

525 5637 758 5682 mortem
795 5621 1054 5695 quis’sibi
1088 5624 1387 5695 naturalem
1421 5621 1503 5675 vel
1537 5621 1751 5695 civilem
1778 5624 2078 5690 conciscat,

524 5715 646 5755 cum
677 5693 836 5752 nemo
866 5699 938 5751 sit
966 5693 1336 5749 membrorum
1366 5707 1592 5746 suorum
1643 5693 1898 5749 dominus
1928 5695 1964 5748 l.
1990 5695 2076 5758 13,

526 5786 570 5826 s.
605 5768 687 5825 Ad
717 5770 887 5838 legem
920 5766 1100 5838 Aquil.
1137 5765 1311 5838 quod
1339 5764 1602 5838 hominis
1632 5763 1787 5818 liberi
1822 5766 1971 5838 nulla
2007 5766 2080 5838 sit

527 5835 815 5899 aestimatio
844 5841 880 5894 l.
911 5840 1008 5893 ult.
1037 5836 1093 5891 ﬂ.
1158 5835 1230 5891 De
1261 5835 1347 5890 his
1403 5835 1494 5904 qui
1525 5835 1753 5906 deiecer.
1787 5836 1945 5902 Quod
1978 5837 2082 5890 ini-

2187 4773 2594 4833 restitutionem
2657 4777 2724 4829 ad
2780 4773 2875 4830 res
2929 4788 3058 4829 suas
3090 4773 3383 4829 alienatas
3418 4775 3760 4829 revocandas

2185 4847 2439 4911 concedi,
2474 4862 2578 4902 nec
2627 4852 2812 4901 tamen
2862 4845 2930 4901 ad
2981 4846 3285 4900 libertatem
3345 4843 3604 4899 amissam
3663 4859 3760 4900 seu

2187 4918 2465 4974 venditant
2497 4916 2862 4973 revocandam
2894 4917 3038 4971 dari.

2259 4989 2372 5060 (82)
2401 4987 2510 5044 Lex
2541 4988 2596 5043 id
2624 4998 2719 5060 est
2752 4988 2973 5060 civibus
3006 4985 3151 5056 quod
3179 4993 3347 5060 pater
3367 4985 3614 5060 liberis;_
3638 4987 3763 5060 ideo

2185 5055 2389 5142 dicitur
2420 5061 2506 5116 lex
2564 5058 2774 5123 πόλεως
2804 5055 3046 5130 συνθήκη
3101 5058 3283 5128 κοινή,
3337 5058 3374 5111 l.
3405 5055 3460 5124 2,
3491 5055 3548 5111 ﬂ.
3583 5057 3660 5114 De
3679 5059 3761 5115 le-

2399 5200 2575 5272 Hujus
2604 5198 2840 5258 Novella
2869 5200 3119 5256 meminit
3143 5199 3434 5255 Balsamon
3463 5196 3533 5254 ad
3580 5213 3634 5254 c.
3664 5199 3757 5264 21,

2182 5271 2275 5335 22,
2302 5271 2394 5328 25.
2429 5271 2616 5344 Apost.

2259 5343 2372 5413 (84)
2400 5343 2754 5413 Castratores
2783 5343 2928 5400 enim
2962 5341 3032 5396 ad
3083 5339 3329 5413 eamdem
3379 5339 3760 5413 pmnampadi-

2187 5409 2478 5485 gebantur.
2509 5412 2561 5469 «Ι.
2589 5414 2714 5469 eod.
2757 5423 2815 5470 et
2872 5413 3088 5469 Novell.
3121 5410 3244 5476 M2,
3285 5427 3340 5466 c.
3375 5409 3426 5463 i.
3471 5409 3627 5475 Quod
3650 5411 3761 5465 hac

2187 5484 2585 5556 Constitutione
2633 5488 2954 5556 abrogatur.

2257 5555 2371 5625 (85)
2401 5555 2476 5609 De
2504 5547 2922 5618 castratoribus,
2965 5554 3102 5625 adde
3127 5553 3170 5625 l._
3197 5552 3291 5625 27.
3341 5547 3497 5625 με,
3521 5547 3578 5605 θ’.
3603 5549 3681 5625 ad
3711 5551 3749 5625 l.

2187 5620 2370 5699 ᾼσιυὶιζ
2405 5626 2464 5699 5,
2502 5625 2533 5697 ᾗ
2565 5625 2639 5699 ι;
2675 5626 2712 5681 l.
2744 5626 2800 5691 4,
2836 5625 2865 5699 §
2895 5628 2948 5695 1,
2979 5628 3018 5681 ι.
3041 5624 3096 5683 6.
3128 5623 3184 5678 ff.
3209 5623 3284 5680 De
3320 5620 3571 5689 sicariis;
3601 5620 3755 5678 Paul.

2188 5696 2243 5762 5’
2721 5766 2858 5839 προς
2880 5765 3130 5838 διαδοχὴν
3167 5763 3478 5834 τοῦγένους
3503 5760 3755 5836 δύναμις,

2192 5840 2448 5894 natural.
2481 5837 2534 5902 9,
2569 5837 2623 5891 θ’.
2660 5837 2736 5894 De
2769 5837 2904 5894 lber.
2931 5848 2984 5895 et
3017 5837 3298 5908 pastinum.
