  <div class='ocr_page' id='page_1' title='image "/cluster/home/n/w/nwhite01/storage/ocr_20150623/107/mdp.39015028571910/322.png"; bbox 0 0 4086 6326; ppageno 0'>
   <div class='ocr_carea' id='block_1_1' title="bbox 360 397 471 475">
    <p class='ocr_par' dir='ltr' id='par_1_1' title="bbox 360 397 471 475">
     <span class='ocr_line' id='line_1_1' title="bbox 360 397 471 475; baseline 0.027 -13"><span class='ocrx_word' id='word_1_1' title='bbox 360 397 471 475; x_wconf 73' lang='grc'><strong>557</strong></span> 
     </span>
    </p>
   </div>
   <div class='ocr_carea' id='block_1_2' title="bbox 1476 410 2556 476">
    <p class='ocr_par' dir='ltr' id='par_1_2' title="bbox 1476 410 2556 476">
     <span class='ocr_line' id='line_1_2' title="bbox 1476 410 2556 476; baseline 0.002 -5"><span class='ocrx_word' id='word_1_2' title='bbox 1476 410 1840 473; x_wconf 63' lang='grc' dir='ltr'><strong>ΝΟΥΕΙᾸΑΈ</strong></span> <span class='ocrx_word' id='word_1_3' title='bbox 1882 411 2556 476; x_wconf 87' lang='lat' dir='ltr'><strong>CONSTITUTIONES.</strong></span> 
     </span>
    </p>
   </div>
   <div class='ocr_carea' id='block_1_3' title="bbox 3531 404 3638 469">
    <p class='ocr_par' dir='ltr' id='par_1_3' title="bbox 3531 404 3638 469">
     <span class='ocr_line' id='line_1_3' title="bbox 3531 404 3638 469; baseline -0.037 1"><span class='ocrx_word' id='word_1_4' title='bbox 3531 404 3638 469; x_wconf 80' lang='lat'><strong>558</strong></span> 
     </span>
    </p>
   </div>
   <div class='ocr_carea' id='block_1_4' title="bbox 359 504 1952 605">
    <p class='ocr_par' dir='ltr' id='par_1_4' title="bbox 359 504 1942 605">
     <span class='ocr_line' id='line_1_4' title="bbox 359 504 1942 605; baseline 0.007 -30"><span class='ocrx_word' id='word_1_5' title='bbox 359 522 583 592; x_wconf 70' lang='grc' dir='ltr'>γένεσις</span> <span class='ocrx_word' id='word_1_6' title='bbox 608 523 899 597; x_wconf 76' lang='grc' dir='ltr'><strong>ἀνθρώπω</strong></span> <span class='ocrx_word' id='word_1_7' title='bbox 952 527 1089 602; x_wconf 75' lang='grc' dir='ltr'>πρὸς</span> <span class='ocrx_word' id='word_1_8' title='bbox 1118 528 1234 600; x_wconf 81' lang='grc' dir='ltr'><strong>φῶς</strong></span> <span class='ocrx_word' id='word_1_9' title='bbox 1285 528 1504 602; x_wconf 75' lang='grc' dir='ltr'>ἔρχεται</span> <span class='ocrx_word' id='word_1_10' title='bbox 1550 531 1942 605; x_wconf 69' lang='grc' dir='ltr'><strong>ἀποκείροντες</strong></span> 
     </span>
    </p>
   </div>
   <div class='ocr_carea' id='block_1_5' title="bbox 2058 504 3636 605">
    <p class='ocr_par' dir='ltr' id='par_1_5' title="bbox 2058 524 3636 604">
     <span class='ocr_line' id='line_1_5' title="bbox 2058 524 3636 604; baseline -0.006 -17"><span class='ocrx_word' id='word_1_11' title='bbox 2058 548 2239 591; x_wconf 77' lang='lat' dir='ltr'><strong>versus</strong></span> <span class='ocrx_word' id='word_1_12' title='bbox 2264 532 2565 603; x_wconf 79' lang='lat' dir='ltr'><strong>generandi</strong></span> <span class='ocrx_word' id='word_1_13' title='bbox 2598 530 2708 587; x_wconf 90' lang='lat' dir='ltr'><strong>vim</strong></span> <span class='ocrx_word' id='word_1_14' title='bbox 2737 529 2971 588; x_wconf 78' lang='lat' dir='ltr'><strong>insidias</strong></span> <span class='ocrx_word' id='word_1_15' title='bbox 2994 534 3343 604; x_wconf 86' lang='lat' dir='ltr'><strong>reputantes,</strong></span> <span class='ocrx_word' id='word_1_16' title='bbox 3389 524 3636 580; x_wconf 87' lang='lat' dir='ltr'><strong>membra</strong></span> 
     </span>
    </p>
   </div>
   <div class='ocr_carea' id='block_1_6' title="bbox 360 613 1951 696">
    <p class='ocr_par' dir='ltr' id='par_1_6' title="bbox 360 613 1951 696">
     <span class='ocr_line' id='line_1_6' title="bbox 360 613 1951 696; baseline 0.007 -28"><span class='ocrx_word' id='word_1_17' title='bbox 360 613 693 687; x_wconf 79' lang='grc' dir='ltr'><strong>ἀνθρώπους</strong></span> <span class='ocrx_word' id='word_1_18' title='bbox 721 618 788 682; x_wconf 82' lang='grc'><strong>³¹,</strong></span> <span class='ocrx_word' id='word_1_19' title='bbox 852 618 1044 690; x_wconf 78' lang='grc' dir='ltr'>ἕτερον</span> <span class='ocrx_word' id='word_1_20' title='bbox 1096 621 1255 676; x_wconf 77' lang='grc' dir='ltr'>αὐτοὶ</span> <span class='ocrx_word' id='word_1_21' title='bbox 1308 622 1541 695; x_wconf 78' lang='grc' dir='ltr'><strong>πλάσμα</strong></span> <span class='ocrx_word' id='word_1_22' title='bbox 1599 625 1697 679; x_wconf 73' lang='grc' dir='ltr'>καὶ</span> <span class='ocrx_word' id='word_1_23' title='bbox 1722 618 1951 696; x_wconf 73' lang='grc' dir='ltr'>οὐχοῖον</span> 
     </span>
    </p>
   </div>
   <div class='ocr_carea' id='block_1_7' title="bbox 358 703 1954 788">
    <p class='ocr_par' dir='ltr' id='par_1_7' title="bbox 358 703 1954 788">
     <span class='ocr_line' id='line_1_7' title="bbox 358 703 1954 788; baseline 0.007 -27"><span class='ocrx_word' id='word_1_24' title='bbox 358 703 508 762; x_wconf 76' lang='grc' dir='ltr'>οἶδεν</span> <span class='ocrx_word' id='word_1_25' title='bbox 531 711 566 783; x_wconf 83' lang='grc' dir='ltr'><strong>ή</strong></span> <span class='ocrx_word' id='word_1_26' title='bbox 606 709 703 765; x_wconf 83' lang='grc' dir='ltr'>τοῦ</span> <span class='ocrx_word' id='word_1_27' title='bbox 725 711 977 767; x_wconf 83' lang='grc' dir='ltr'><strong>Πλάστου</strong></span> <span class='ocrx_word' id='word_1_28' title='bbox 1022 714 1184 785; x_wconf 82' lang='grc' dir='ltr'>σοφία</span> <span class='ocrx_word' id='word_1_29' title='bbox 1221 714 1301 787; x_wconf 83' lang='grc' dir='ltr'>τῷ</span> <span class='ocrx_word' id='word_1_30' title='bbox 1353 714 1547 788; x_wconf 85' lang='grc' dir='ltr'>κόσμῳ</span> <span class='ocrx_word' id='word_1_31' title='bbox 1592 717 1954 788; x_wconf 77' lang='grc' dir='ltr'>παρεισάγειν</span> 
     </span>
    </p>
   </div>
   <div class='ocr_carea' id='block_1_8' title="bbox 362 802 1954 882">
    <p class='ocr_par' dir='ltr' id='par_1_8' title="bbox 362 802 1954 882">
     <span class='ocr_line' id='line_1_8' title="bbox 362 802 1954 882; baseline 0.007 -29"><span class='ocrx_word' id='word_1_32' title='bbox 362 802 761 871; x_wconf 71' lang='grc' dir='ltr'><strong>φιλονεικοῦσι.</strong></span> <span class='ocrx_word' id='word_1_33' title='bbox 841 805 1016 861; x_wconf 82' lang='grc' dir='ltr'>Τοῦτο</span> <span class='ocrx_word' id='word_1_34' title='bbox 1069 805 1165 863; x_wconf 79' lang='grc' dir='ltr'>οὖν</span> <span class='ocrx_word' id='word_1_35' title='bbox 1231 810 1396 882; x_wconf 79' lang='grc' dir='ltr'>ἡμεῖς</span> <span class='ocrx_word' id='word_1_36' title='bbox 1490 812 1596 865; x_wconf 85' lang='grc' dir='ltr'>οὐκ</span> <span class='ocrx_word' id='word_1_37' title='bbox 1654 810 1954 866; x_wconf 83' lang='grc' dir='ltr'>ἀνεκτὸν³³</span> 
     </span>
    </p>
   </div>
   <div class='ocr_carea' id='block_1_9' title="bbox 361 896 1953 976">
    <p class='ocr_par' dir='ltr' id='par_1_9' title="bbox 361 896 1953 976">
     <span class='ocr_line' id='line_1_9' title="bbox 361 896 1953 976; baseline 0.005 -27"><span class='ocrx_word' id='word_1_38' title='bbox 361 896 651 967; x_wconf 75' lang='grc' dir='ltr'><strong>ἡγούμεθα</strong></span> <span class='ocrx_word' id='word_1_39' title='bbox 670 899 943 972; x_wconf 81' lang='grc' dir='ltr'>παριδεῖν,</span> <span class='ocrx_word' id='word_1_40' title='bbox 993 900 1132 956; x_wconf 90' lang='grc' dir='ltr'><strong>ἀλλά</strong></span> <span class='ocrx_word' id='word_1_41' title='bbox 1155 902 1309 975; x_wconf 84' lang='grc' dir='ltr'>νόμῳ</span> <span class='ocrx_word' id='word_1_42' title='bbox 1346 903 1446 976; x_wconf 77' lang='grc' dir='ltr'><strong>τὴν</strong></span> <span class='ocrx_word' id='word_1_43' title='bbox 1473 904 1606 975; x_wconf 63' lang='grc' dir='ltr'><strong>περὶ⁸</strong></span> <span class='ocrx_word' id='word_1_44' title='bbox 1635 903 1803 959; x_wconf 82' lang='grc' dir='ltr'>αὐτοῦ</span> <span class='ocrx_word' id='word_1_45' title='bbox 1829 921 1953 958; x_wconf 79' lang='grc' dir='ltr'>ποι-</span> 
     </span>
    </p>
   </div>
   <div class='ocr_carea' id='block_1_10' title="bbox 362 986 1956 1068">
    <p class='ocr_par' dir='ltr' id='par_1_10' title="bbox 362 986 1956 1068">
     <span class='ocr_line' id='line_1_10' title="bbox 362 986 1956 1068; baseline 0.007 -28"><span class='ocrx_word' id='word_1_46' title='bbox 362 986 465 1059; x_wconf 75' lang='grc' dir='ltr'><strong>νὴν</strong></span> <span class='ocrx_word' id='word_1_47' title='bbox 491 988 767 1061; x_wconf 77' lang='grc' dir='ltr'>ὁρίζοντες</span> <span class='ocrx_word' id='word_1_48' title='bbox 803 993 1131 1065; x_wconf 76' lang='grc' dir='ltr'><strong>πειρώμεθα</strong></span> <span class='ocrx_word' id='word_1_49' title='bbox 1179 995 1279 1049; x_wconf 72' lang='grc' dir='ltr'><strong>σὺν</strong></span> <span class='ocrx_word' id='word_1_50' title='bbox 1315 995 1437 1067; x_wconf 84' lang='grc' dir='ltr'><strong>Θεῷ</strong></span> <span class='ocrx_word' id='word_1_51' title='bbox 1471 996 1575 1067; x_wconf 83' lang='grc' dir='ltr'><strong>τῆς</strong></span> <span class='ocrx_word' id='word_1_52' title='bbox 1604 996 1811 1068; x_wconf 81' lang='grc' dir='ltr'><strong>τόλμης</strong></span> <span class='ocrx_word' id='word_1_53' title='bbox 1839 997 1956 1050; x_wconf 76' lang='grc' dir='ltr'>ἐπι·</span> 
     </span>
    </p>
   </div>
   <div class='ocr_carea' id='block_1_11' title="bbox 366 1082 1956 1161">
    <p class='ocr_par' dir='ltr' id='par_1_11' title="bbox 366 1082 1956 1161">
     <span class='ocr_line' id='line_1_11' title="bbox 366 1082 1956 1161; baseline 0.006 -26"><span class='ocrx_word' id='word_1_54' title='bbox 366 1082 522 1151; x_wconf 80' lang='grc' dir='ltr'>σχεῖν</span> <span class='ocrx_word' id='word_1_55' title='bbox 551 1084 677 1148; x_wconf 77' lang='grc' dir='ltr'>τοὺς</span> <span class='ocrx_word' id='word_1_56' title='bbox 706 1083 850 1140; x_wconf 78' lang='grc' dir='ltr'>οὔτω</span> <span class='ocrx_word' id='word_1_57' title='bbox 893 1087 967 1158; x_wconf 79' lang='grc' dir='ltr'><strong>μὴ</strong></span> <span class='ocrx_word' id='word_1_58' title='bbox 991 1086 1480 1158; x_wconf 75' lang='grc' dir='ltr'>διευλαϐουμένους</span> <span class='ocrx_word' id='word_1_59' title='bbox 1502 1089 1580 1161; x_wconf 85' lang='grc' dir='ltr'>τῷ</span> <span class='ocrx_word' id='word_1_60' title='bbox 1598 1089 1727 1160; x_wconf 87' lang='grc' dir='ltr'>θείῳ</span> <span class='ocrx_word' id='word_1_61' title='bbox 1754 1090 1956 1161; x_wconf 82' lang='grc' dir='ltr'>λυμαί-</span> 
     </span>
    </p>
   </div>
   <div class='ocr_carea' id='block_1_12' title="bbox 364 1175 1956 1255">
    <p class='ocr_par' dir='ltr' id='par_1_12' title="bbox 364 1175 1956 1255">
     <span class='ocr_line' id='line_1_12' title="bbox 364 1175 1956 1255; baseline 0.005 -24"><span class='ocrx_word' id='word_1_62' title='bbox 364 1175 558 1232; x_wconf 84' lang='grc' dir='ltr'>νεσθαι</span> <span class='ocrx_word' id='word_1_63' title='bbox 610 1177 911 1248; x_wconf 84' lang='grc' dir='ltr'>πλάσματι.</span> <span class='ocrx_word' id='word_1_64' title='bbox 963 1179 1029 1234; x_wconf 79' lang='grc' dir='ltr'><em>Ἢ</em></span> <span class='ocrx_word' id='word_1_65' title='bbox 1091 1180 1191 1252; x_wconf 79' lang='grc' dir='ltr'><strong>μὲν</strong></span> <span class='ocrx_word' id='word_1_66' title='bbox 1244 1180 1338 1236; x_wconf 83' lang='grc' dir='ltr'>οὖν</span> <span class='ocrx_word' id='word_1_67' title='bbox 1390 1181 1501 1237; x_wconf 84' lang='grc' dir='ltr'><strong>τῶν</strong></span> <span class='ocrx_word' id='word_1_68' title='bbox 1571 1184 1956 1255; x_wconf 89' lang='grc' dir='ltr'>προλαϐόντων</span> 
     </span>
    </p>
   </div>
   <div class='ocr_carea' id='block_1_13' title="bbox 370 1271 1955 1347">
    <p class='ocr_par' dir='ltr' id='par_1_13' title="bbox 370 1271 1955 1347">
     <span class='ocr_line' id='line_1_13' title="bbox 370 1271 1955 1347; baseline 0.004 -22"><span class='ocrx_word' id='word_1_69' title='bbox 370 1271 686 1341; x_wconf 79' lang='grc' dir='ltr'><strong>νομοθετῶν</strong></span> <span class='ocrx_word' id='word_1_70' title='bbox 724 1271 976 1343; x_wconf 69' lang='grc' dir='ltr'><strong>ψῆφος³δ</strong></span> <span class='ocrx_word' id='word_1_71' title='bbox 1042 1275 1171 1337; x_wconf 79' lang='grc' dir='ltr'><strong>τοὺς</strong></span> <span class='ocrx_word' id='word_1_72' title='bbox 1244 1274 1405 1329; x_wconf 71' lang='grc' dir='ltr'>τοῦτο</span> <span class='ocrx_word' id='word_1_73' title='bbox 1457 1276 1778 1347; x_wconf 82' lang='grc' dir='ltr'><strong>τολμῶντας</strong></span> <span class='ocrx_word' id='word_1_74' title='bbox 1871 1280 1955 1343; x_wconf 83' lang='grc' dir='ltr'>εἰς</span> 
     </span>
    </p>
   </div>
   <div class='ocr_carea' id='block_1_14' title="bbox 361 1362 1954 1441">
    <p class='ocr_par' dir='ltr' id='par_1_14' title="bbox 361 1362 1954 1441">
     <span class='ocr_line' id='line_1_14' title="bbox 361 1362 1954 1441; baseline 0.006 -24"><span class='ocrx_word' id='word_1_75' title='bbox 361 1362 468 1437; x_wconf 78' lang='grc' dir='ltr'>τὴν</span> <span class='ocrx_word' id='word_1_76' title='bbox 490 1366 662 1438; x_wconf 81' lang='grc' dir='ltr'>αὐτὴν</span> <span class='ocrx_word' id='word_1_77' title='bbox 688 1366 1135 1441; x_wconf 78' lang='grc' dir='ltr'>ἀντιπεριίστησι</span> <span class='ocrx_word' id='word_1_78' title='bbox 1171 1368 1357 1440; x_wconf 83' lang='grc' dir='ltr'>λώϐην</span> <span class='ocrx_word' id='word_1_79' title='bbox 1385 1371 1501 1434; x_wconf 82' lang='grc' dir='ltr'>τοῖς</span> <span class='ocrx_word' id='word_1_80' title='bbox 1548 1370 1785 1425; x_wconf 81' lang='grc' dir='ltr'>παθοῦσι</span> <span class='ocrx_word' id='word_1_81' title='bbox 1826 1372 1954 1435; x_wconf 84' lang='grc' dir='ltr'>τοὺς</span> 
     </span>
    </p>
   </div>
   <div class='ocr_carea' id='block_1_15' title="bbox 362 1457 1955 1535">
    <p class='ocr_par' dir='ltr' id='par_1_15' title="bbox 362 1457 1955 1535">
     <span class='ocr_line' id='line_1_15' title="bbox 362 1457 1955 1535; baseline 0.005 -24"><span class='ocrx_word' id='word_1_82' title='bbox 362 1457 817 1532; x_wconf 81' lang='grc' dir='ltr'>λωϐησαμένους,</span> <span class='ocrx_word' id='word_1_83' title='bbox 875 1466 971 1518; x_wconf 75' lang='grc' dir='ltr'>καὶ</span> <span class='ocrx_word' id='word_1_84' title='bbox 1000 1465 1140 1535; x_wconf 79' lang='grc' dir='ltr'>ὅπερ</span> <span class='ocrx_word' id='word_1_85' title='bbox 1189 1464 1374 1529; x_wconf 74' lang='grc' dir='ltr'>αὐτοῖς</span> <span class='ocrx_word' id='word_1_86' title='bbox 1408 1462 1745 1535; x_wconf 69' lang='grc' dir='ltr'><strong>ἐπιθυμητὸν</strong></span> <span class='ocrx_word' id='word_1_87' title='bbox 1774 1464 1955 1532; x_wconf 74' lang='grc' dir='ltr'>ἔδοξεν</span> 
     </span>
    </p>
   </div>
   <div class='ocr_carea' id='block_1_16' title="bbox 363 1553 1957 1632">
    <p class='ocr_par' dir='ltr' id='par_1_16' title="bbox 363 1553 1957 1632">
     <span class='ocr_line' id='line_1_16' title="bbox 363 1553 1957 1632; baseline 0.004 -26"><span class='ocrx_word' id='word_1_88' title='bbox 363 1553 425 1606; x_wconf 90' lang='grc' dir='ltr'><strong>ἐν</strong></span> <span class='ocrx_word' id='word_1_89' title='bbox 463 1553 644 1620; x_wconf 80' lang='grc' dir='ltr'><strong>ἄλλοις</strong></span> <span class='ocrx_word' id='word_1_90' title='bbox 680 1557 831 1625; x_wconf 84' lang='grc' dir='ltr'>ίδεῖν,</span> <span class='ocrx_word' id='word_1_91' title='bbox 863 1556 1025 1613; x_wconf 79' lang='grc' dir='ltr'>τοῦτο</span> <span class='ocrx_word' id='word_1_92' title='bbox 1066 1558 1164 1613; x_wconf 75' lang='lat' dir='ltr'><strong>xui.</strong></span> <span class='ocrx_word' id='word_1_93' title='bbox 1202 1560 1261 1612; x_wconf 90' lang='grc' dir='ltr'><strong>ἐν</strong></span> <span class='ocrx_word' id='word_1_94' title='bbox 1298 1560 1517 1623; x_wconf 75' lang='grc' dir='ltr'><strong>ἑαυτοῖς</strong></span> <span class='ocrx_word' id='word_1_95' title='bbox 1545 1560 1589 1593; x_wconf 83' lang='grc'><strong>⁸³</strong></span> <span class='ocrx_word' id='word_1_96' title='bbox 1650 1560 1783 1632; x_wconf 80' lang='grc' dir='ltr'>όρᾷν</span> <span class='ocrx_word' id='word_1_97' title='bbox 1828 1576 1957 1613; x_wconf 88' lang='grc' dir='ltr'>κατ-</span> 
     </span>
    </p>
   </div>
   <div class='ocr_carea' id='block_1_17' title="bbox 369 1650 1952 1725">
    <p class='ocr_par' dir='ltr' id='par_1_17' title="bbox 369 1650 1952 1725">
     <span class='ocr_line' id='line_1_17' title="bbox 369 1650 1952 1725; baseline 0.004 -24"><span class='ocrx_word' id='word_1_98' title='bbox 369 1650 696 1721; x_wconf 76' lang='grc' dir='ltr'>επράττετο,</span> <span class='ocrx_word' id='word_1_99' title='bbox 728 1651 789 1705; x_wconf 89' lang='grc' dir='ltr'>ού</span> <span class='ocrx_word' id='word_1_100' title='bbox 814 1651 936 1707; x_wconf 92' lang='grc' dir='ltr'>λίαν</span> <span class='ocrx_word' id='word_1_101' title='bbox 968 1653 1157 1725; x_wconf 78' lang='grc' dir='ltr'>ἔμοιγε</span> <span class='ocrx_word' id='word_1_102' title='bbox 1190 1654 1235 1686; x_wconf 79' lang='grc'><strong>³⁸</strong></span> <span class='ocrx_word' id='word_1_103' title='bbox 1257 1653 1459 1718; x_wconf 82' lang='grc' dir='ltr'><strong>ἀδίκως</strong></span> <span class='ocrx_word' id='word_1_104' title='bbox 1514 1654 1567 1707; x_wconf 82' lang='grc' dir='ltr'><strong>εί</strong></span> <span class='ocrx_word' id='word_1_105' title='bbox 1602 1654 1697 1708; x_wconf 69' lang='grc' dir='ltr'>καὶ</span> <span class='ocrx_word' id='word_1_106' title='bbox 1730 1653 1806 1725; x_wconf 80' lang='grc' dir='ltr'><strong>μὴ</strong></span> <span class='ocrx_word' id='word_1_107' title='bbox 1830 1653 1952 1708; x_wconf 91' lang='grc' dir='ltr'>λίαν</span> 
     </span>
    </p>
   </div>
   <div class='ocr_carea' id='block_1_18' title="bbox 368 1743 1952 1821">
    <p class='ocr_par' dir='ltr' id='par_1_18' title="bbox 368 1743 1952 1821">
     <span class='ocr_line' id='line_1_18' title="bbox 368 1743 1952 1821; baseline 0.004 -26"><span class='ocrx_word' id='word_1_108' title='bbox 368 1743 695 1815; x_wconf 82' lang='grc' dir='ltr'><strong>πρεπόντως</strong></span> <span class='ocrx_word' id='word_1_109' title='bbox 721 1746 1002 1819; x_wconf 78' lang='grc' dir='ltr'>ὁρίζουσα.</span> <span class='ocrx_word' id='word_1_110' title='bbox 1050 1747 1187 1802; x_wconf 62' lang='lat' dir='ltr'><strong>esse</strong></span> <span class='ocrx_word' id='word_1_111' title='bbox 1241 1746 1349 1821; x_wconf 85' lang='grc' dir='ltr'><strong>γάρ</strong></span> <span class='ocrx_word' id='word_1_112' title='bbox 1390 1748 1471 1801; x_wconf 84' lang='grc' dir='ltr'>ὅτι</span> <span class='ocrx_word' id='word_1_113' title='bbox 1512 1748 1719 1810; x_wconf 78' lang='grc' dir='ltr'>ἐκεῖνος</span> <span class='ocrx_word' id='word_1_114' title='bbox 1746 1746 1952 1819; x_wconf 82' lang='grc' dir='ltr'><strong>ἐτόλμα</strong></span> 
     </span>
    </p>
   </div>
   <div class='ocr_carea' id='block_1_19' title="bbox 364 1828 1953 1910">
    <p class='ocr_par' dir='ltr' id='par_1_19' title="bbox 364 1828 1953 1910">
     <span class='ocr_line' id='line_1_19' title="bbox 364 1828 1953 1910; baseline 0.003 -24"><span class='ocrx_word' id='word_1_115' title='bbox 364 1828 481 1889; x_wconf 73' lang='grc' dir='ltr'><strong>οἷον</strong></span> <span class='ocrx_word' id='word_1_116' title='bbox 516 1835 1043 1910; x_wconf 81' lang='grc' dir='ltr'>ἀντιπλαστουργεῖν</span> <span class='ocrx_word' id='word_1_117' title='bbox 1073 1837 1153 1910; x_wconf 83' lang='grc' dir='ltr'><strong>τῷ</strong></span> <span class='ocrx_word' id='word_1_118' title='bbox 1203 1837 1347 1910; x_wconf 83' lang='grc' dir='ltr'>Θεῷ,</span> <span class='ocrx_word' id='word_1_119' title='bbox 1404 1836 1493 1893; x_wconf 84' lang='grc' dir='ltr'>διὰ</span> <span class='ocrx_word' id='word_1_120' title='bbox 1538 1838 1698 1892; x_wconf 80' lang='grc' dir='ltr'>τοῦτο</span> <span class='ocrx_word' id='word_1_121' title='bbox 1742 1840 1837 1893; x_wconf 66' lang='grc' dir='ltr'>καὶ</span> <span class='ocrx_word' id='word_1_122' title='bbox 1860 1838 1953 1893; x_wconf 73' lang='grc' dir='ltr'>τὸν</span> 
     </span>
    </p>
   </div>
   <div class='ocr_carea' id='block_1_20' title="bbox 366 1925 1951 2004">
    <p class='ocr_par' dir='ltr' id='par_1_20' title="bbox 366 1925 1951 2004">
     <span class='ocr_line' id='line_1_20' title="bbox 366 1925 1951 2004; baseline 0.005 -25"><span class='ocrx_word' id='word_1_123' title='bbox 366 1925 691 1983; x_wconf 77' lang='grc' dir='ltr'><strong>ἐκδικοῦντα</strong></span> <span class='ocrx_word' id='word_1_124' title='bbox 766 1932 1058 2002; x_wconf 85' lang='grc' dir='ltr'>μιμεῖσθαι</span> <span class='ocrx_word' id='word_1_125' title='bbox 1103 1930 1780 2004; x_wconf 78' lang='grc' dir='ltr'>καὶ’ἀντιπλαστουργεῖν</span> <span class='ocrx_word' id='word_1_126' title='bbox 1837 1932 1951 2003; x_wconf 79' lang='grc' dir='ltr'>ἔχει</span> 
     </span>
    </p>
   </div>
   <div class='ocr_carea' id='block_1_21' title="bbox 365 2017 1945 2095">
    <p class='ocr_par' dir='ltr' id='par_1_21' title="bbox 365 2017 1945 2095">
     <span class='ocr_line' id='line_1_21' title="bbox 365 2017 1945 2095; baseline 0.004 -25"><span class='ocrx_word' id='word_1_127' title='bbox 365 2017 573 2085; x_wconf 81' lang='grc' dir='ltr'>καλῶς,</span> <span class='ocrx_word' id='word_1_128' title='bbox 620 2018 760 2091; x_wconf 81' lang='grc' dir='ltr'>πλὴν</span> <span class='ocrx_word' id='word_1_129' title='bbox 800 2021 937 2077; x_wconf 89' lang='grc' dir='ltr'><strong>ἀλλά</strong></span> <span class='ocrx_word' id='word_1_130' title='bbox 980 2022 1119 2095; x_wconf 78' lang='grc' dir='ltr'>πρός</span> <span class='ocrx_word' id='word_1_131' title='bbox 1156 2039 1221 2091; x_wconf 84' lang='grc' dir='ltr'>γε</span> <span class='ocrx_word' id='word_1_132' title='bbox 1252 2022 1354 2094; x_wconf 82' lang='grc' dir='ltr'>τὴν</span> <span class='ocrx_word' id='word_1_133' title='bbox 1400 2023 1663 2077; x_wconf 74' lang='grc' dir='ltr'><strong>ἀπόνοιαν</strong></span> <span class='ocrx_word' id='word_1_134' title='bbox 1701 2024 1763 2077; x_wconf 82' lang='grc' dir='ltr'><strong>ού</strong></span> <span class='ocrx_word' id='word_1_135' title='bbox 1793 2022 1945 2091; x_wconf 92' lang='grc' dir='ltr'>λίαν,</span> 
     </span>
    </p>
   </div>
   <div class='ocr_carea' id='block_1_22' title="bbox 362 2110 1954 2187">
    <p class='ocr_par' dir='ltr' id='par_1_22' title="bbox 362 2110 1954 2187">
     <span class='ocr_line' id='line_1_22' title="bbox 362 2110 1954 2187; baseline 0.003 -23"><span class='ocrx_word' id='word_1_136' title='bbox 362 2110 558 2185; x_wconf 82' lang='grc' dir='ltr'>ὥσπερ</span> <span class='ocrx_word' id='word_1_137' title='bbox 588 2111 747 2184; x_wconf 77' lang='grc' dir='ltr'>ἔφην,</span> <span class='ocrx_word' id='word_1_138' title='bbox 789 2115 1015 2171; x_wconf 74' lang='grc' dir='ltr'>ἄτοπον.</span> <span class='ocrx_word' id='word_1_139' title='bbox 1076 2115 1201 2170; x_wconf 69' lang='grc' dir='ltr'><strong>Ἐπὶ</strong></span> <span class='ocrx_word' id='word_1_140' title='bbox 1217 2114 1389 2187; x_wconf 85' lang='grc' dir='ltr'>τούτῳ</span> <span class='ocrx_word' id='word_1_141' title='bbox 1428 2115 1486 2169; x_wconf 85' lang='grc' dir='ltr'>δὲ</span> <span class='ocrx_word' id='word_1_142' title='bbox 1514 2116 1608 2169; x_wconf 72' lang='grc' dir='ltr'>καὶ</span> <span class='ocrx_word' id='word_1_143' title='bbox 1643 2116 1818 2180; x_wconf 78' lang='grc' dir='ltr'>ἄλλως</span> <span class='ocrx_word' id='word_1_144' title='bbox 1844 2118 1954 2169; x_wconf 86' lang='grc' dir='ltr'>ἐτι-</span> 
     </span>
    </p>
   </div>
   <div class='ocr_carea' id='block_1_23' title="bbox 368 2205 1948 2281">
    <p class='ocr_par' dir='ltr' id='par_1_23' title="bbox 368 2205 1948 2281">
     <span class='ocr_line' id='line_1_23' title="bbox 368 2205 1948 2281; baseline 0.002 -22"><span class='ocrx_word' id='word_1_145' title='bbox 368 2208 605 2276; x_wconf 85' lang='grc' dir='ltr'>μωρεῖτο</span> <span class='ocrx_word' id='word_1_146' title='bbox 626 2205 753 2270; x_wconf 79' lang='grc' dir='ltr'><strong>τοὺς</strong></span> <span class='ocrx_word' id='word_1_147' title='bbox 782 2208 999 2261; x_wconf 88' lang='grc' dir='ltr'>ἀνόσιον</span> <span class='ocrx_word' id='word_1_148' title='bbox 1058 2208 1222 2279; x_wconf 80' lang='grc' dir='ltr'>ἔργον</span> <span class='ocrx_word' id='word_1_149' title='bbox 1243 2207 1582 2279; x_wconf 73' lang='grc' dir='ltr'>τολμῶνταςσ</span> <span class='ocrx_word' id='word_1_150' title='bbox 1622 2210 1693 2264; x_wconf 85' lang='grc' dir='ltr'>τά</span> <span class='ocrx_word' id='word_1_151' title='bbox 1747 2227 1809 2263; x_wconf 85' lang='grc' dir='ltr'><strong>τε</strong></span> <span class='ocrx_word' id='word_1_152' title='bbox 1839 2209 1948 2281; x_wconf 74' lang='grc' dir='ltr'><strong>γὰρ</strong></span> 
     </span>
    </p>
   </div>
   <div class='ocr_carea' id='block_1_24' title="bbox 365 2298 1949 2374">
    <p class='ocr_par' dir='ltr' id='par_1_24' title="bbox 365 2298 1949 2374">
     <span class='ocr_line' id='line_1_24' title="bbox 365 2298 1949 2374; baseline 0.002 -22"><span class='ocrx_word' id='word_1_153' title='bbox 365 2298 643 2371; x_wconf 78' lang='grc' dir='ltr'>προσόντα</span> <span class='ocrx_word' id='word_1_154' title='bbox 672 2300 988 2372; x_wconf 85' lang='grc' dir='ltr'>ἐδημοσίου,</span> <span class='ocrx_word' id='word_1_155' title='bbox 1036 2303 1135 2356; x_wconf 75' lang='lat' dir='ltr'><strong>xui.</strong></span> <span class='ocrx_word' id='word_1_156' title='bbox 1189 2302 1347 2374; x_wconf 82' lang='grc' dir='ltr'>ἀϊδίῳ</span> <span class='ocrx_word' id='word_1_157' title='bbox 1388 2305 1535 2373; x_wconf 82' lang='grc' dir='ltr'>φυγῇ</span> <span class='ocrx_word' id='word_1_158' title='bbox 1594 2302 1949 2371; x_wconf 79' lang='grc' dir='ltr'>κατεδίκαζε,</span> 
     </span>
    </p>
   </div>
   <div class='ocr_carea' id='block_1_25' title="bbox 366 2390 1953 2464">
    <p class='ocr_par' dir='ltr' id='par_1_25' title="bbox 366 2390 1953 2464">
     <span class='ocr_line' id='line_1_25' title="bbox 366 2390 1953 2464; baseline 0.003 -19"><span class='ocrx_word' id='word_1_159' title='bbox 366 2393 462 2445; x_wconf 77' lang='grc' dir='ltr'>καὶ</span> <span class='ocrx_word' id='word_1_160' title='bbox 506 2390 598 2445; x_wconf 82' lang='grc' dir='ltr'><strong>τὸν</strong></span> <span class='ocrx_word' id='word_1_161' title='bbox 628 2392 936 2456; x_wconf 78' lang='grc' dir='ltr'><strong>ὑποστάντα</strong></span> <span class='ocrx_word' id='word_1_162' title='bbox 987 2394 1088 2464; x_wconf 80' lang='grc' dir='ltr'>τὴν</span> <span class='ocrx_word' id='word_1_163' title='bbox 1146 2395 1361 2451; x_wconf 81' lang='grc' dir='ltr'>ἀδικίαν</span> <span class='ocrx_word' id='word_1_164' title='bbox 1389 2396 1575 2450; x_wconf 78' lang='grc' dir='ltr'>δοῦλον</span> <span class='ocrx_word' id='word_1_165' title='bbox 1627 2396 1759 2452; x_wconf 75' lang='grc' dir='ltr'>ὄντα</span> <span class='ocrx_word' id='word_1_166' title='bbox 1801 2396 1953 2450; x_wconf 86' lang='grc' dir='ltr'>ἐλευ-</span> 
     </span>
    </p>
   </div>
   <div class='ocr_carea' id='block_1_26' title="bbox 366 2484 1955 2560">
    <p class='ocr_par' dir='ltr' id='par_1_26' title="bbox 366 2484 1955 2560">
     <span class='ocr_line' id='line_1_26' title="bbox 366 2484 1955 2560; baseline 0.003 -21"><span class='ocrx_word' id='word_1_167' title='bbox 366 2484 527 2557; x_wconf 79' lang='grc' dir='ltr'>θερίᾳ</span> <span class='ocrx_word' id='word_1_168' title='bbox 549 2484 735 2558; x_wconf 81' lang='grc' dir='ltr'>ἐτίμα.</span> <span class='ocrx_word' id='word_1_169' title='bbox 804 2487 874 2541; x_wconf 85' lang='grc' dir='ltr'><strong>Ἦ</strong></span> <span class='ocrx_word' id='word_1_170' title='bbox 933 2488 1032 2558; x_wconf 71' lang='grc' dir='ltr'><strong>μὲν</strong></span> <span class='ocrx_word' id='word_1_171' title='bbox 1053 2487 1148 2543; x_wconf 77' lang='grc' dir='ltr'><strong>οὖν</strong></span> <span class='ocrx_word' id='word_1_172' title='bbox 1193 2488 1302 2544; x_wconf 85' lang='grc' dir='ltr'>τῶν</span> <span class='ocrx_word' id='word_1_173' title='bbox 1350 2487 1736 2560; x_wconf 86' lang='grc' dir='ltr'>προλαϐόντων</span> <span class='ocrx_word' id='word_1_174' title='bbox 1795 2503 1955 2560; x_wconf 80' lang='grc' dir='ltr'>νομο-</span> 
     </span>
    </p>
   </div>
   <div class='ocr_carea' id='block_1_27' title="bbox 367 2579 1952 2654">
    <p class='ocr_par' dir='ltr' id='par_1_27' title="bbox 367 2579 1952 2654">
     <span class='ocr_line' id='line_1_27' title="bbox 367 2579 1952 2654; baseline 0.004 -23"><span class='ocrx_word' id='word_1_175' title='bbox 367 2579 523 2635; x_wconf 83' lang='grc' dir='ltr'>θεσία</span> <span class='ocrx_word' id='word_1_176' title='bbox 547 2580 792 2653; x_wconf 82' lang='grc' dir='ltr'><strong>τοιαύτη,</strong></span> <span class='ocrx_word' id='word_1_177' title='bbox 847 2583 1009 2653; x_wconf 78' lang='grc' dir='ltr'>ἡμεῖς</span> <span class='ocrx_word' id='word_1_178' title='bbox 1036 2584 1094 2637; x_wconf 76' lang='grc' dir='ltr'>δὲ</span> <span class='ocrx_word' id='word_1_179' title='bbox 1111 2584 1241 2654; x_wconf 78' lang='grc' dir='ltr'>περὶ</span> <span class='ocrx_word' id='word_1_180' title='bbox 1275 2583 1369 2636; x_wconf 81' lang='grc' dir='ltr'><strong>τοῦ</strong></span> <span class='ocrx_word' id='word_1_181' title='bbox 1404 2584 1731 2654; x_wconf 67' lang='grc' dir='ltr'>πράγματος</span> <span class='ocrx_word' id='word_1_182' title='bbox 1770 2581 1952 2652; x_wconf 78' lang='grc' dir='ltr'>ψῆφον</span> 
     </span>
    </p>
   </div>
   <div class='ocr_carea' id='block_1_28' title="bbox 366 2672 1944 2745">
    <p class='ocr_par' dir='ltr' id='par_1_28' title="bbox 366 2672 1944 2745">
     <span class='ocr_line' id='line_1_28' title="bbox 366 2672 1944 2745; baseline 0.001 -17"><span class='ocrx_word' id='word_1_183' title='bbox 366 2672 696 2743; x_wconf 75' lang='grc' dir='ltr'>ἐξάγοντες,</span> <span class='ocrx_word' id='word_1_184' title='bbox 744 2674 806 2728; x_wconf 79' lang='grc' dir='ltr'><strong>τὸ</strong></span> <span class='ocrx_word' id='word_1_185' title='bbox 856 2675 956 2745; x_wconf 78' lang='grc' dir='ltr'><strong>μὲν</strong></span> <span class='ocrx_word' id='word_1_186' title='bbox 1008 2675 1411 2731; x_wconf 77' lang='grc' dir='ltr'>ἀντιλωϐᾶσθαι</span> <span class='ocrx_word' id='word_1_187' title='bbox 1455 2676 1583 2739; x_wconf 79' lang='grc' dir='ltr'><strong>τοὺς</strong></span> <span class='ocrx_word' id='word_1_188' title='bbox 1619 2676 1944 2743; x_wconf 78' lang='grc' dir='ltr'>ἐπιϐούλους</span> 
     </span>
    </p>
   </div>
   <div class='ocr_carea' id='block_1_29' title="bbox 365 2766 1943 2841">
    <p class='ocr_par' dir='ltr' id='par_1_29' title="bbox 365 2766 1943 2841">
     <span class='ocr_line' id='line_1_29' title="bbox 365 2766 1943 2841; baseline 0.002 -21"><span class='ocrx_word' id='word_1_189' title='bbox 365 2767 465 2837; x_wconf 81' lang='grc' dir='ltr'>τῆς</span> <span class='ocrx_word' id='word_1_190' title='bbox 499 2767 715 2837; x_wconf 79' lang='grc' dir='ltr'>φύσεως</span> <span class='ocrx_word' id='word_1_191' title='bbox 765 2767 1137 2841; x_wconf 82' lang='grc' dir='ltr'>παραπλησίῳ</span> <span class='ocrx_word' id='word_1_192' title='bbox 1166 2768 1315 2841; x_wconf 80' lang='grc' dir='ltr'><strong>λώϐῃ</strong></span> <span class='ocrx_word' id='word_1_193' title='bbox 1360 2766 1801 2840; x_wconf 85' lang='grc' dir='ltr'>ἀπαγορεύομεν,</span> <span class='ocrx_word' id='word_1_194' title='bbox 1829 2771 1943 2836; x_wconf 78' lang='grc' dir='ltr'>τοῖς</span> 
     </span>
    </p>
   </div>
   <div class='ocr_carea' id='block_1_30' title="bbox 365 2859 1950 2934">
    <p class='ocr_par' dir='ltr' id='par_1_30' title="bbox 365 2859 1950 2934">
     <span class='ocr_line' id='line_1_30' title="bbox 365 2859 1950 2934; baseline 0.004 -21"><span class='ocrx_word' id='word_1_195' title='bbox 365 2859 411 2913; x_wconf 81' lang='grc' dir='ltr'>δ’</span> <span class='ocrx_word' id='word_1_196' title='bbox 456 2861 637 2925; x_wconf 75' lang='grc' dir='ltr'>ἄλλοις</span> <span class='ocrx_word' id='word_1_197' title='bbox 696 2862 784 2916; x_wconf 79' lang='grc' dir='ltr'><strong>ἐπ’</strong></span> <span class='ocrx_word' id='word_1_198' title='bbox 835 2862 983 2934; x_wconf 84' lang='grc' dir='ltr'><strong>αὐτῷ</strong></span> <span class='ocrx_word' id='word_1_199' title='bbox 1026 2863 1375 2934; x_wconf 81' lang='grc' dir='ltr'>ὡρισμένοις,</span> <span class='ocrx_word' id='word_1_200' title='bbox 1423 2864 1474 2917; x_wconf 83' lang='grc' dir='ltr'><strong>εί</strong></span> <span class='ocrx_word' id='word_1_201' title='bbox 1526 2864 1619 2916; x_wconf 75' lang='grc' dir='ltr'>καὶ</span> <span class='ocrx_word' id='word_1_202' title='bbox 1669 2863 1950 2920; x_wconf 73' lang='grc' dir='ltr'>κάνταῦθα</span> 
     </span>
    </p>
   </div>
   <div class='ocr_carea' id='block_1_31' title="bbox 367 2952 1954 3029">
    <p class='ocr_par' dir='ltr' id='par_1_31' title="bbox 367 2952 1954 3029">
     <span class='ocr_line' id='line_1_31' title="bbox 367 2952 1954 3029; baseline 0.004 -25"><span class='ocrx_word' id='word_1_203' title='bbox 367 2952 505 3025; x_wconf 78' lang='grc' dir='ltr'>πρὸς</span> <span class='ocrx_word' id='word_1_204' title='bbox 529 2953 589 3007; x_wconf 84' lang='grc' dir='ltr'>τὸ</span> <span class='ocrx_word' id='word_1_205' title='bbox 612 2954 1125 3027; x_wconf 79' lang='grc' dir='ltr'>φιλανθρωπότερον</span> <span class='ocrx_word' id='word_1_206' title='bbox 1147 2958 1179 3027; x_wconf 81' lang='grc' dir='ltr'>ἡ</span> <span class='ocrx_word' id='word_1_207' title='bbox 1198 2954 1322 3028; x_wconf 90' lang='grc' dir='ltr'>δίκη</span> <span class='ocrx_word' id='word_1_208' title='bbox 1339 2957 1464 3029; x_wconf 75' lang='grc' dir='ltr'>ὁρᾷ,</span> <span class='ocrx_word' id='word_1_209' title='bbox 1491 2955 1605 3012; x_wconf 77' lang='grc' dir='ltr'>ἀλλ’</span> <span class='ocrx_word' id='word_1_210' title='bbox 1622 2952 1714 3012; x_wconf 74' lang='grc' dir='ltr'><strong>οὖν</strong></span> <span class='ocrx_word' id='word_1_211' title='bbox 1730 2958 1954 3011; x_wconf 81' lang='grc' dir='ltr'>ὑποκεῖ-</span> 
     </span>
    </p>
   </div>
   <div class='ocr_carea' id='block_1_32' title="bbox 369 3045 1282 3121">
    <p class='ocr_par' dir='ltr' id='par_1_32' title="bbox 369 3045 1282 3121">
     <span class='ocr_line' id='line_1_32' title="bbox 369 3045 1282 3121; baseline 0.004 -23"><span class='ocrx_word' id='word_1_212' title='bbox 369 3046 494 3099; x_wconf 89' lang='grc' dir='ltr'>σθαι</span> <span class='ocrx_word' id='word_1_213' title='bbox 519 3045 719 3112; x_wconf 79' lang='grc' dir='ltr'>αύτοὺς</span> <span class='ocrx_word' id='word_1_214' title='bbox 747 3046 847 3102; x_wconf 79' lang='grc' dir='ltr'>οὐκ</span> <span class='ocrx_word' id='word_1_215' title='bbox 871 3048 1179 3121; x_wconf 83' lang='grc' dir='ltr'>ἀπαρέσκει</span> <span class='ocrx_word' id='word_1_216' title='bbox 1214 3047 1282 3104; x_wconf 84' lang='grc'><strong>³⁷.</strong></span> 
     </span>
    </p>
   </div>
   <div class='ocr_carea' id='block_1_33' title="bbox 441 3232 1926 3309">
    <p class='ocr_par' dir='ltr' id='par_1_33' title="bbox 441 3232 1926 3309">
     <span class='ocr_line' id='line_1_33' title="bbox 441 3232 1926 3309; baseline 0.004 -23"><span class='ocrx_word' id='word_1_217' title='bbox 441 3232 786 3307; x_wconf 74' lang='grc' dir='ltr'>Θεσπίζομεν</span> <span class='ocrx_word' id='word_1_218' title='bbox 816 3234 932 3302; x_wconf 79' lang='grc' dir='ltr'>οὖν,</span> <span class='ocrx_word' id='word_1_219' title='bbox 968 3235 1185 3309; x_wconf 79' lang='grc' dir='ltr'>πρῶτον</span> <span class='ocrx_word' id='word_1_220' title='bbox 1241 3237 1341 3309; x_wconf 78' lang='grc' dir='ltr'><strong>μὲν</strong></span> <span class='ocrx_word' id='word_1_221' title='bbox 1373 3234 1465 3292; x_wconf 70' lang='grc' dir='ltr'><strong>τὸν</strong></span> <span class='ocrx_word' id='word_1_222' title='bbox 1503 3236 1926 3309; x_wconf 82' lang='grc' dir='ltr'>προσκαλεσάμε</span> 
     </span>
    </p>
   </div>
   <div class='ocr_carea' id='block_1_34' title="bbox 366 3325 1953 3404">
    <p class='ocr_par' dir='ltr' id='par_1_34' title="bbox 366 3325 1953 3404">
     <span class='ocr_line' id='line_1_34' title="bbox 366 3325 1953 3404; baseline 0.003 -22"><span class='ocrx_word' id='word_1_223' title='bbox 366 3345 458 3383; x_wconf 87' lang='grc' dir='ltr'><strong>νον</strong></span> <span class='ocrx_word' id='word_1_224' title='bbox 485 3328 577 3383; x_wconf 82' lang='grc' dir='ltr'><strong>τὸν</strong></span> <span class='ocrx_word' id='word_1_225' title='bbox 610 3328 941 3401; x_wconf 82' lang='grc' dir='ltr'>ἐνεργοῦντα</span> <span class='ocrx_word' id='word_1_226' title='bbox 976 3331 1076 3400; x_wconf 80' lang='grc' dir='ltr'>τὴν</span> <span class='ocrx_word' id='word_1_227' title='bbox 1114 3330 1492 3402; x_wconf 87' lang='grc' dir='ltr'>κατοτεχνίαν,</span> <span class='ocrx_word' id='word_1_228' title='bbox 1518 3329 1604 3402; x_wconf 79' lang='grc' dir='ltr'>ἐφ’</span> <span class='ocrx_word' id='word_1_229' title='bbox 1638 3325 1684 3400; x_wconf 79' lang='grc' dir='ltr'><strong>ᾧ</strong></span> <span class='ocrx_word' id='word_1_230' title='bbox 1721 3330 1953 3404; x_wconf 74' lang='grc' dir='ltr'>ἐνεργῆ-</span> 
     </span>
    </p>
   </div>
   <div class='ocr_carea' id='block_1_35' title="bbox 369 3422 1953 3495">
    <p class='ocr_par' dir='ltr' id='par_1_35' title="bbox 369 3422 1953 3495">
     <span class='ocr_line' id='line_1_35' title="bbox 369 3422 1953 3495; baseline 0.003 -20"><span class='ocrx_word' id='word_1_231' title='bbox 369 3437 461 3476; x_wconf 91' lang='grc' dir='ltr'><strong>σαι</strong></span> <span class='ocrx_word' id='word_1_232' title='bbox 491 3422 559 3489; x_wconf 80' lang='grc'><strong>³³,</strong></span> <span class='ocrx_word' id='word_1_233' title='bbox 616 3423 667 3476; x_wconf 79' lang='grc' dir='ltr'><strong>εί</strong></span> <span class='ocrx_word' id='word_1_234' title='bbox 701 3422 799 3493; x_wconf 80' lang='grc' dir='ltr'><strong>μὲν</strong></span> <span class='ocrx_word' id='word_1_235' title='bbox 829 3424 875 3456; x_wconf 74' lang='grc'><strong>⁸⁸</strong></span> <span class='ocrx_word' id='word_1_236' title='bbox 906 3423 985 3495; x_wconf 82' lang='grc' dir='ltr'><strong>τῷ</strong></span> <span class='ocrx_word' id='word_1_237' title='bbox 1035 3422 1327 3494; x_wconf 73' lang='grc' dir='ltr'>καταλόγῳ</span> <span class='ocrx_word' id='word_1_238' title='bbox 1372 3425 1483 3478; x_wconf 84' lang='grc' dir='ltr'><strong>τῶν</strong></span> <span class='ocrx_word' id='word_1_239' title='bbox 1519 3422 1806 3495; x_wconf 79' lang='grc' dir='ltr'>βασιλείων</span> <span class='ocrx_word' id='word_1_240' title='bbox 1854 3425 1953 3479; x_wconf 86' lang='grc' dir='ltr'>ἀν-</span> 
     </span>
    </p>
   </div>
   <div class='ocr_carea' id='block_1_36' title="bbox 2055 617 3639 697">
    <p class='ocr_par' dir='ltr' id='par_1_36' title="bbox 2055 617 3639 697">
     <span class='ocr_line' id='line_1_36' title="bbox 2055 617 3639 697; baseline -0.006 -17"><span class='ocrx_word' id='word_1_241' title='bbox 2055 641 2179 697; x_wconf 67' lang='grc' dir='ltr'>ηιιιιι</span> <span class='ocrx_word' id='word_1_242' title='bbox 2214 625 2427 681; x_wconf 85' lang='lat' dir='ltr'><strong>homini</strong></span> <span class='ocrx_word' id='word_1_243' title='bbox 2468 624 2730 681; x_wconf 88' lang='lat' dir='ltr'><strong>nascendi</strong></span> <span class='ocrx_word' id='word_1_244' title='bbox 2760 640 2987 682; x_wconf 80' lang='lat' dir='ltr'><strong>causam</strong></span> <span class='ocrx_word' id='word_1_245' title='bbox 3046 621 3425 694; x_wconf 75' lang='lat' dir='ltr'><strong>suppeditant,</strong></span> <span class='ocrx_word' id='word_1_246' title='bbox 3458 617 3639 672; x_wconf 87' lang='lat' dir='ltr'><strong>lanci-</strong></span> 
     </span>
    </p>
   </div>
   <div class='ocr_carea' id='block_1_37' title="bbox 2053 710 3636 788">
    <p class='ocr_par' dir='ltr' id='par_1_37' title="bbox 2053 710 3636 788">
     <span class='ocr_line' id='line_1_37' title="bbox 2053 710 3636 788; baseline -0.006 -14"><span class='ocrx_word' id='word_1_247' title='bbox 2053 729 2208 787; x_wconf 89' lang='lat' dir='ltr'><strong>nent,</strong></span> <span class='ocrx_word' id='word_1_248' title='bbox 2241 727 2295 776; x_wconf 87' lang='lat' dir='ltr'><strong>et</strong></span> <span class='ocrx_word' id='word_1_249' title='bbox 2321 727 2629 775; x_wconf 70' lang='lat' dir='ltr'><strong>creaturam</strong></span> <span class='ocrx_word' id='word_1_250' title='bbox 2675 718 2839 773; x_wconf 85' lang='lat' dir='ltr'><strong>aliam</strong></span> <span class='ocrx_word' id='word_1_251' title='bbox 2873 732 3038 787; x_wconf 80' lang='lat' dir='ltr'><strong>quam</strong></span> <span class='ocrx_word' id='word_1_252' title='bbox 3090 716 3273 788; x_wconf 90' lang='lat' dir='ltr'><strong>qualis</strong></span> <span class='ocrx_word' id='word_1_253' title='bbox 3304 710 3636 770; x_wconf 87' lang='lat' dir='ltr'><strong>Conditoris</strong></span> 
     </span>
    </p>
   </div>
   <div class='ocr_carea' id='block_1_38' title="bbox 2055 808 3642 885">
    <p class='ocr_par' dir='ltr' id='par_1_38' title="bbox 2055 808 3642 885">
     <span class='ocr_line' id='line_1_38' title="bbox 2055 808 3642 885; baseline -0.008 -15"><span class='ocrx_word' id='word_1_254' title='bbox 2055 814 2337 885; x_wconf 72' lang='lat' dir='ltr'><strong>sapientiae</strong></span> <span class='ocrx_word' id='word_1_255' title='bbox 2367 812 2657 882; x_wconf 86' lang='lat' dir='ltr'><strong>placuerit,</strong></span> <span class='ocrx_word' id='word_1_256' title='bbox 2692 812 2747 867; x_wconf 92' lang='lat' dir='ltr'><strong>in</strong></span> <span class='ocrx_word' id='word_1_257' title='bbox 2783 810 3049 867; x_wconf 90' lang='lat' dir='ltr'><strong>mundum</strong></span> <span class='ocrx_word' id='word_1_258' title='bbox 3114 808 3473 865; x_wconf 84' lang='lat' dir='ltr'><strong>introducere</strong></span> <span class='ocrx_word' id='word_1_259' title='bbox 3511 818 3642 860; x_wconf 67' lang='lat' dir='ltr'><strong>cono</strong></span> 
     </span>
    </p>
   </div>
   <div class='ocr_carea' id='block_1_39' title="bbox 2055 893 3636 974">
    <p class='ocr_par' dir='ltr' id='par_1_39' title="bbox 2055 893 3636 974">
     <span class='ocr_line' id='line_1_39' title="bbox 2055 893 3636 974; baseline -0.008 -14"><span class='ocrx_word' id='word_1_260' title='bbox 2055 906 2305 961; x_wconf 86' lang='lat' dir='ltr'><strong>tendant.</strong></span> <span class='ocrx_word' id='word_1_261' title='bbox 2364 902 2480 959; x_wconf 85' lang='lat' dir='ltr'><strong>Hoc</strong></span> <span class='ocrx_word' id='word_1_262' title='bbox 2524 902 2693 974; x_wconf 84' lang='lat' dir='ltr'><strong>igitur</strong></span> <span class='ocrx_word' id='word_1_263' title='bbox 2749 916 2877 956; x_wconf 88' lang='lat' dir='ltr'><strong>cum</strong></span> <span class='ocrx_word' id='word_1_264' title='bbox 2920 900 3160 954; x_wconf 89' lang='lat' dir='ltr'><strong>inultum</strong></span> <span class='ocrx_word' id='word_1_265' title='bbox 3206 893 3636 966; x_wconf 90' lang='lat' dir='ltr'><strong>relinquendum</strong></span> 
     </span>
    </p>
   </div>
   <div class='ocr_carea' id='block_1_40' title="bbox 2055 986 3637 1069">
    <p class='ocr_par' dir='ltr' id='par_1_40' title="bbox 2055 986 3637 1069">
     <span class='ocr_line' id='line_1_40' title="bbox 2055 986 3637 1069; baseline -0.009 -16"><span class='ocrx_word' id='word_1_266' title='bbox 2055 1014 2164 1053; x_wconf 90' lang='lat' dir='ltr'><strong>nou</strong></span> <span class='ocrx_word' id='word_1_267' title='bbox 2213 1008 2494 1069; x_wconf 90' lang='lat' dir='ltr'><strong>putemus,</strong></span> <span class='ocrx_word' id='word_1_268' title='bbox 2549 994 2667 1067; x_wconf 78' lang='lat' dir='ltr'><strong>lege</strong></span> <span class='ocrx_word' id='word_1_269' title='bbox 2717 992 2772 1048; x_wconf 92' lang='lat' dir='ltr'><strong>in</strong></span> <span class='ocrx_word' id='word_1_270' title='bbox 2835 992 2889 1046; x_wconf 89' lang='lat' dir='ltr'><strong>id</strong></span> <span class='ocrx_word' id='word_1_271' title='bbox 2927 1005 3146 1062; x_wconf 73' lang='lat' dir='ltr'><strong>pcenam</strong></span> <span class='ocrx_word' id='word_1_272' title='bbox 3206 986 3637 1047; x_wconf 84' lang='lat' dir='ltr'><strong>constituentes,</strong></span> 
     </span>
    </p>
   </div>
   <div class='ocr_carea' id='block_1_41' title="bbox 2054 1077 3640 1161">
    <p class='ocr_par' dir='ltr' id='par_1_41' title="bbox 2054 1077 3640 1161">
     <span class='ocr_line' id='line_1_41' title="bbox 2054 1077 3640 1161; baseline -0.008 -17"><span class='ocrx_word' id='word_1_273' title='bbox 2054 1090 2257 1161; x_wconf 83' lang='lat' dir='ltr'><strong>quibus</strong></span> <span class='ocrx_word' id='word_1_274' title='bbox 2288 1088 2425 1142; x_wconf 91' lang='lat' dir='ltr'><strong>adeo</strong></span> <span class='ocrx_word' id='word_1_275' title='bbox 2451 1085 2696 1141; x_wconf 85' lang='lat' dir='ltr'><strong>divinam</strong></span> <span class='ocrx_word' id='word_1_276' title='bbox 2725 1091 3038 1139; x_wconf 86' lang='lat' dir='ltr'><strong>creaturam</strong></span> <span class='ocrx_word' id='word_1_277' title='bbox 3063 1080 3385 1138; x_wconf 82' lang='lat' dir='ltr'><strong>deformare</strong></span> <span class='ocrx_word' id='word_1_278' title='bbox 3444 1077 3640 1147; x_wconf 79' lang='lat' dir='ltr'><strong>religio</strong></span> 
     </span>
    </p>
   </div>
   <div class='ocr_carea' id='block_1_42' title="bbox 2056 1170 3643 1247">
    <p class='ocr_par' dir='ltr' id='par_1_42' title="bbox 2056 1170 3643 1247">
     <span class='ocr_line' id='line_1_42' title="bbox 2056 1170 3643 1247; baseline -0.009 -8"><span class='ocrx_word' id='word_1_279' title='bbox 2056 1199 2166 1239; x_wconf 90' lang='lat' dir='ltr'><strong>non</strong></span> <span class='ocrx_word' id='word_1_280' title='bbox 2204 1191 2308 1247; x_wconf 89' lang='lat' dir='ltr'><strong>est,</strong></span> <span class='ocrx_word' id='word_1_281' title='bbox 2354 1195 2549 1238; x_wconf 86' lang='lat' dir='ltr'><strong>eorum</strong></span> <span class='ocrx_word' id='word_1_282' title='bbox 2583 1178 2899 1244; x_wconf 81' lang='lat' dir='ltr'><strong>audaciam,</strong></span> <span class='ocrx_word' id='word_1_283' title='bbox 2947 1176 3251 1232; x_wconf 80' lang='lat' dir='ltr'><strong>auxiliante</strong></span> <span class='ocrx_word' id='word_1_284' title='bbox 3290 1172 3424 1239; x_wconf 89' lang='lat' dir='ltr'><strong>Deo,</strong></span> <span class='ocrx_word' id='word_1_285' title='bbox 3464 1170 3643 1241; x_wconf 83' lang='lat' dir='ltr'><strong>repri-</strong></span> 
     </span>
    </p>
   </div>
   <div class='ocr_carea' id='block_1_43' title="bbox 2056 1266 3643 1345">
    <p class='ocr_par' dir='ltr' id='par_1_43' title="bbox 2056 1266 3643 1345">
     <span class='ocr_line' id='line_1_43' title="bbox 2056 1266 3643 1345; baseline -0.011 -10"><span class='ocrx_word' id='word_1_286' title='bbox 2056 1294 2207 1336; x_wconf 88' lang='lat' dir='ltr'><strong>mere</strong></span> <span class='ocrx_word' id='word_1_287' title='bbox 2234 1290 2522 1341; x_wconf 88' lang='lat' dir='ltr'><strong>conemur,</strong></span> <span class='ocrx_word' id='word_1_288' title='bbox 2552 1289 2618 1330; x_wconf 89' lang='lat' dir='ltr'><strong>ac</strong></span> <span class='ocrx_word' id='word_1_289' title='bbox 2674 1273 3023 1345; x_wconf 84' lang='lat' dir='ltr'><strong>superiorum</strong></span> <span class='ocrx_word' id='word_1_290' title='bbox 3078 1269 3307 1340; x_wconf 87' lang='lat' dir='ltr'><strong>quidem</strong></span> <span class='ocrx_word' id='word_1_291' title='bbox 3356 1266 3643 1338; x_wconf 76' lang='lat' dir='ltr'><strong>legislato-</strong></span> 
     </span>
    </p>
   </div>
   <div class='ocr_carea' id='block_1_44' title="bbox 2056 1358 3640 1439">
    <p class='ocr_par' dir='ltr' id='par_1_44' title="bbox 2056 1358 3640 1439">
     <span class='ocr_line' id='line_1_44' title="bbox 2056 1358 3640 1439; baseline -0.011 -11"><span class='ocrx_word' id='word_1_292' title='bbox 2056 1389 2177 1429; x_wconf 91' lang='lat' dir='ltr'><strong>rum</strong></span> <span class='ocrx_word' id='word_1_293' title='bbox 2210 1372 2497 1428; x_wconf 87' lang='lat' dir='ltr'><strong>decretum</strong></span> <span class='ocrx_word' id='word_1_294' title='bbox 2518 1384 2614 1426; x_wconf 88' lang='lat' dir='ltr'><strong>eos</strong></span> <span class='ocrx_word' id='word_1_295' title='bbox 2658 1366 2751 1439; x_wconf 90' lang='lat' dir='ltr'><strong>qui</strong></span> <span class='ocrx_word' id='word_1_296' title='bbox 2776 1366 2828 1421; x_wconf 93' lang='lat' dir='ltr'><strong>id</strong></span> <span class='ocrx_word' id='word_1_297' title='bbox 2854 1362 3209 1420; x_wconf 88' lang='lat' dir='ltr'><strong>auderentad</strong></span> <span class='ocrx_word' id='word_1_298' title='bbox 3237 1361 3353 1434; x_wconf 87' lang='lat'><strong>(87)</strong></span> <span class='ocrx_word' id='word_1_299' title='bbox 3388 1358 3640 1413; x_wconf 84' lang='lat' dir='ltr'><strong>eamdem</strong></span> 
     </span>
    </p>
   </div>
   <div class='ocr_carea' id='block_1_45' title="bbox 2055 1451 3643 1535">
    <p class='ocr_par' dir='ltr' id='par_1_45' title="bbox 2055 1451 3643 1535">
     <span class='ocr_line' id='line_1_45' title="bbox 2055 1451 3643 1535; baseline -0.01 -13"><span class='ocrx_word' id='word_1_300' title='bbox 2055 1456 2455 1522; x_wconf 85' lang='lat' dir='ltr'><strong>mutilationem</strong></span> <span class='ocrx_word' id='word_1_301' title='bbox 2479 1477 2644 1535; x_wconf 88' lang='lat' dir='ltr'><strong>quam</strong></span> <span class='ocrx_word' id='word_1_302' title='bbox 2683 1461 2807 1517; x_wconf 89' lang='lat' dir='ltr'><strong>aliis</strong></span> <span class='ocrx_word' id='word_1_303' title='bbox 2854 1461 3151 1516; x_wconf 83' lang='lat' dir='ltr'><strong>intulerint</strong></span> <span class='ocrx_word' id='word_1_304' title='bbox 3175 1455 3368 1527; x_wconf 80' lang='lat' dir='ltr'><strong>adigit,</strong></span> <span class='ocrx_word' id='word_1_305' title='bbox 3386 1451 3643 1526; x_wconf 86' lang='lat' dir='ltr'><strong>quodque</strong></span> 
     </span>
    </p>
   </div>
   <div class='ocr_carea' id='block_1_46' title="bbox 2056 1547 3641 1632">
    <p class='ocr_par' dir='ltr' id='par_1_46' title="bbox 2056 1547 3641 1632">
     <span class='ocr_line' id='line_1_46' title="bbox 2056 1547 3641 1632; baseline -0.011 -14"><span class='ocrx_word' id='word_1_306' title='bbox 2056 1561 2161 1632; x_wconf 84' lang='lat' dir='ltr'><strong>ipsi</strong></span> <span class='ocrx_word' id='word_1_307' title='bbox 2198 1561 2250 1615; x_wconf 92' lang='lat' dir='ltr'><strong>in</strong></span> <span class='ocrx_word' id='word_1_308' title='bbox 2282 1560 2407 1616; x_wconf 89' lang='lat' dir='ltr'><strong>aliis</strong></span> <span class='ocrx_word' id='word_1_309' title='bbox 2430 1557 2618 1613; x_wconf 83' lang='lat' dir='ltr'><strong>videre</strong></span> <span class='ocrx_word' id='word_1_310' title='bbox 2645 1554 3035 1619; x_wconf 88' lang='lat' dir='ltr'><strong>desiderarint,</strong></span> <span class='ocrx_word' id='word_1_311' title='bbox 3062 1552 3117 1608; x_wconf 88' lang='lat' dir='ltr'><strong>id</strong></span> <span class='ocrx_word' id='word_1_312' title='bbox 3176 1558 3235 1606; x_wconf 93' lang='lat' dir='ltr'><strong>ut</strong></span> <span class='ocrx_word' id='word_1_313' title='bbox 3268 1548 3458 1606; x_wconf 86' lang='lat' dir='ltr'><strong>itidem</strong></span> <span class='ocrx_word' id='word_1_314' title='bbox 3491 1547 3555 1623; x_wconf 55' lang='lat' dir='ltr'><strong>in.</strong></span> <span class='ocrx_word' id='word_1_315' title='bbox 3577 1562 3641 1600; x_wconf 88' lang='lat' dir='ltr'><strong>se</strong></span> 
     </span>
    </p>
   </div>
   <div class='ocr_carea' id='block_1_47' title="bbox 2054 1644 3635 1719">
    <p class='ocr_par' dir='ltr' id='par_1_47' title="bbox 2054 1644 3635 1719">
     <span class='ocr_line' id='line_1_47' title="bbox 2054 1644 3635 1719; baseline -0.011 -10"><span class='ocrx_word' id='word_1_316' title='bbox 2054 1656 2301 1717; x_wconf 81' lang='lat' dir='ltr'><strong>videant,</strong></span> <span class='ocrx_word' id='word_1_317' title='bbox 2342 1653 2594 1719; x_wconf 83' lang='lat' dir='ltr'><strong>conficit;</strong></span> <span class='ocrx_word' id='word_1_318' title='bbox 2627 1651 2793 1719; x_wconf 83' lang='lat' dir='ltr'><strong>idque</strong></span> <span class='ocrx_word' id='word_1_319' title='bbox 2814 1664 2901 1703; x_wconf 88' lang='lat' dir='ltr'><strong>me</strong></span> <span class='ocrx_word' id='word_1_320' title='bbox 2924 1646 3133 1719; x_wconf 86' lang='lat' dir='ltr'><strong>judice,</strong></span> <span class='ocrx_word' id='word_1_321' title='bbox 3173 1658 3285 1699; x_wconf 91' lang='lat' dir='ltr'><strong>non</strong></span> <span class='ocrx_word' id='word_1_322' title='bbox 3327 1644 3401 1696; x_wconf 83' lang='lat' dir='ltr'><strong>ita</strong></span> <span class='ocrx_word' id='word_1_323' title='bbox 3431 1650 3635 1711; x_wconf 67' lang='lat' dir='ltr'><strong>praeter</strong></span> 
     </span>
    </p>
   </div>
   <div class='ocr_carea' id='block_1_48' title="bbox 2055 1732 3635 1819">
    <p class='ocr_par' dir='ltr' id='par_1_48' title="bbox 2055 1732 3635 1819">
     <span class='ocr_line' id='line_1_48' title="bbox 2055 1732 3635 1819; baseline -0.011 -14"><span class='ocrx_word' id='word_1_324' title='bbox 2055 1750 2408 1819; x_wconf 84' lang='lat' dir='ltr'><strong>aequitatem;</strong></span> <span class='ocrx_word' id='word_1_325' title='bbox 2441 1758 2758 1817; x_wconf 87' lang='lat' dir='ltr'><strong>quanquam</strong></span> <span class='ocrx_word' id='word_1_326' title='bbox 2828 1757 2938 1796; x_wconf 91' lang='lat' dir='ltr'><strong>non</strong></span> <span class='ocrx_word' id='word_1_327' title='bbox 2996 1740 3158 1795; x_wconf 89' lang='lat' dir='ltr'><strong>valde</strong></span> <span class='ocrx_word' id='word_1_328' title='bbox 3215 1738 3440 1793; x_wconf 89' lang='lat' dir='ltr'><strong>decore.</strong></span> <span class='ocrx_word' id='word_1_329' title='bbox 3512 1732 3635 1789; x_wconf 81' lang='lat' dir='ltr'><strong>Non</strong></span> 
     </span>
    </p>
   </div>
   <div class='ocr_carea' id='block_1_49' title="bbox 2056 1830 3645 1912">
    <p class='ocr_par' dir='ltr' id='par_1_49' title="bbox 2056 1830 3645 1912">
     <span class='ocr_line' id='line_1_49' title="bbox 2056 1830 3645 1912; baseline -0.009 -14"><span class='ocrx_word' id='word_1_330' title='bbox 2056 1842 2202 1898; x_wconf 91' lang='lat' dir='ltr'><strong>enim</strong></span> <span class='ocrx_word' id='word_1_331' title='bbox 2234 1840 2364 1912; x_wconf 85' lang='lat' dir='ltr'><strong>quia</strong></span> <span class='ocrx_word' id='word_1_332' title='bbox 2404 1840 2496 1895; x_wconf 92' lang='lat' dir='ltr'><strong>illc</strong></span> <span class='ocrx_word' id='word_1_333' title='bbox 2527 1847 2841 1894; x_wconf 87' lang='lat' dir='ltr'><strong>creaturam</strong></span> <span class='ocrx_word' id='word_1_334' title='bbox 2865 1834 2957 1891; x_wconf 87' lang='lat' dir='ltr'><strong>Dei</strong></span> <span class='ocrx_word' id='word_1_335' title='bbox 2985 1833 3141 1905; x_wconf 74' lang='lat' dir='ltr'><strong>quasi</strong></span> <span class='ocrx_word' id='word_1_336' title='bbox 3180 1830 3449 1901; x_wconf 79' lang='lat' dir='ltr'><strong>refingere</strong></span> <span class='ocrx_word' id='word_1_337' title='bbox 3473 1842 3645 1885; x_wconf 88' lang='lat' dir='ltr'><strong>ausus</strong></span> 
     </span>
    </p>
   </div>
   <div class='ocr_carea' id='block_1_50' title="bbox 2060 1925 3647 1999">
    <p class='ocr_par' dir='ltr' id='par_1_50' title="bbox 2060 1925 3647 1999">
     <span class='ocr_line' id='line_1_50' title="bbox 2060 1925 3647 1999; baseline -0.009 -5"><span class='ocrx_word' id='word_1_338' title='bbox 2060 1947 2143 1994; x_wconf 85' lang='lat' dir='ltr'><strong>est</strong></span> <span class='ocrx_word' id='word_1_339' title='bbox 2168 1939 2432 1993; x_wconf 91' lang='lat' dir='ltr'><strong>continuo</strong></span> <span class='ocrx_word' id='word_1_340' title='bbox 2455 1934 2727 1989; x_wconf 84' lang='lat' dir='ltr'><strong>vindicem</strong></span> <span class='ocrx_word' id='word_1_341' title='bbox 2759 1932 2811 1986; x_wconf 90' lang='lat' dir='ltr'><strong>id</strong></span> <span class='ocrx_word' id='word_1_342' title='bbox 2838 1928 3065 1994; x_wconf 88' lang='lat' dir='ltr'><strong>imitari,</strong></span> <span class='ocrx_word' id='word_1_343' title='bbox 3096 1935 3151 1985; x_wconf 89' lang='lat' dir='ltr'><strong>et</strong></span> <span class='ocrx_word' id='word_1_344' title='bbox 3173 1927 3383 1999; x_wconf 89' lang='lat' dir='ltr'><strong>pariter</strong></span> <span class='ocrx_word' id='word_1_345' title='bbox 3414 1925 3526 1998; x_wconf 86' lang='lat'><strong>(88)</strong></span> <span class='ocrx_word' id='word_1_346' title='bbox 3559 1942 3647 1980; x_wconf 86' lang='lat' dir='ltr'><strong>re-</strong></span> 
     </span>
    </p>
   </div>
   <div class='ocr_carea' id='block_1_51' title="bbox 2061 2015 3643 2100">
    <p class='ocr_par' dir='ltr' id='par_1_51' title="bbox 2061 2015 3643 2100">
     <span class='ocr_line' id='line_1_51' title="bbox 2061 2015 3643 2100; baseline -0.009 -15"><span class='ocrx_word' id='word_1_347' title='bbox 2061 2028 2551 2100; x_wconf 44' lang='lat' dir='ltr'><strong>ﬁngereyaequum</strong></span> <span class='ocrx_word' id='word_1_348' title='bbox 2607 2034 2715 2081; x_wconf 88' lang='lat' dir='ltr'><strong>est.</strong></span> <span class='ocrx_word' id='word_1_349' title='bbox 2783 2021 3198 2088; x_wconf 76' lang='lat' dir='ltr'><strong>Verumtamen,</strong></span> <span class='ocrx_word' id='word_1_350' title='bbox 3252 2026 3523 2090; x_wconf 87' lang='lat' dir='ltr'><strong>quantum</strong></span> <span class='ocrx_word' id='word_1_351' title='bbox 3572 2015 3643 2070; x_wconf 88' lang='lat' dir='ltr'><strong>ad</strong></span> 
     </span>
    </p>
   </div>
   <div class='ocr_carea' id='block_1_52' title="bbox 2063 2106 3648 2184">
    <p class='ocr_par' dir='ltr' id='par_1_52' title="bbox 2063 2106 3648 2184">
     <span class='ocr_line' id='line_1_52' title="bbox 2063 2106 3648 2184; baseline -0.01 -7"><span class='ocrx_word' id='word_1_352' title='bbox 2063 2124 2345 2177; x_wconf 90' lang='lat' dir='ltr'><strong>inventum</strong></span> <span class='ocrx_word' id='word_1_353' title='bbox 2378 2120 2595 2183; x_wconf 84' lang='lat' dir='ltr'><strong>attinet,</strong></span> <span class='ocrx_word' id='word_1_354' title='bbox 2631 2133 2739 2171; x_wconf 92' lang='lat' dir='ltr'><strong>non</strong></span> <span class='ocrx_word' id='word_1_355' title='bbox 2772 2116 2932 2171; x_wconf 86' lang='lat' dir='ltr'><strong>valde</strong></span> <span class='ocrx_word' id='word_1_356' title='bbox 2978 2111 3468 2184; x_wconf 89' lang='lat' dir='ltr'><strong>(quemadmodum</strong></span> <span class='ocrx_word' id='word_1_357' title='bbox 3506 2106 3648 2179; x_wconf 81' lang='lat' dir='ltr'><strong>dixi)</strong></span> 
     </span>
    </p>
   </div>
   <div class='ocr_carea' id='block_1_53' title="bbox 2063 2203 3645 2272">
    <p class='ocr_par' dir='ltr' id='par_1_53' title="bbox 2063 2203 3645 2272">
     <span class='ocr_line' id='line_1_53' title="bbox 2063 2203 3645 2272; baseline -0.009 0"><span class='ocrx_word' id='word_1_358' title='bbox 2063 2216 2115 2272; x_wconf 89' lang='lat' dir='ltr'><strong>id</strong></span> <span class='ocrx_word' id='word_1_359' title='bbox 2138 2216 2380 2272; x_wconf 89' lang='lat' dir='ltr'><strong>alienum</strong></span> <span class='ocrx_word' id='word_1_360' title='bbox 2412 2222 2521 2269; x_wconf 88' lang='lat' dir='ltr'><strong>est.</strong></span> <span class='ocrx_word' id='word_1_361' title='bbox 2555 2210 2632 2265; x_wconf 81' lang='lat' dir='ltr'><strong>Ad</strong></span> <span class='ocrx_word' id='word_1_362' title='bbox 2678 2212 2786 2267; x_wconf 90' lang='lat' dir='ltr'><strong>hoc</strong></span> <span class='ocrx_word' id='word_1_363' title='bbox 2844 2216 3027 2264; x_wconf 89' lang='lat' dir='ltr'><strong>autem</strong></span> <span class='ocrx_word' id='word_1_364' title='bbox 3077 2206 3188 2261; x_wconf 90' lang='lat' dir='ltr'><strong>alio</strong></span> <span class='ocrx_word' id='word_1_365' title='bbox 3240 2206 3405 2261; x_wconf 90' lang='lat' dir='ltr'><strong>etiam</strong></span> <span class='ocrx_word' id='word_1_366' title='bbox 3460 2203 3645 2264; x_wconf 89' lang='lat' dir='ltr'><strong>modo.</strong></span> 
     </span>
    </p>
   </div>
   <div class='ocr_carea' id='block_1_54' title="bbox 2060 2295 3647 2382">
    <p class='ocr_par' dir='ltr' id='par_1_54' title="bbox 2060 2295 3647 2382">
     <span class='ocr_line' id='line_1_54' title="bbox 2060 2295 3647 2382; baseline -0.009 -17"><span class='ocrx_word' id='word_1_367' title='bbox 2060 2310 2154 2382; x_wconf 88' lang='lat' dir='ltr'><strong>qui</strong></span> <span class='ocrx_word' id='word_1_368' title='bbox 2186 2309 2415 2380; x_wconf 89' lang='lat' dir='ltr'><strong>impium</strong></span> <span class='ocrx_word' id='word_1_369' title='bbox 2464 2305 2569 2361; x_wconf 90' lang='lat' dir='ltr'><strong>hoc</strong></span> <span class='ocrx_word' id='word_1_370' title='bbox 2600 2304 2805 2360; x_wconf 86' lang='lat' dir='ltr'><strong>factum</strong></span> <span class='ocrx_word' id='word_1_371' title='bbox 2841 2301 3132 2364; x_wconf 88' lang='lat' dir='ltr'><strong>auderent,</strong></span> <span class='ocrx_word' id='word_1_372' title='bbox 3173 2298 3465 2370; x_wconf 88' lang='lat' dir='ltr'><strong>puniebat.</strong></span> <span class='ocrx_word' id='word_1_373' title='bbox 3497 2295 3647 2351; x_wconf 84' lang='lat' dir='ltr'><strong>Bona</strong></span> 
     </span>
    </p>
   </div>
   <div class='ocr_carea' id='block_1_55' title="bbox 2060 2389 3648 2473">
    <p class='ocr_par' dir='ltr' id='par_1_55' title="bbox 2060 2389 3648 2473">
     <span class='ocr_line' id='line_1_55' title="bbox 2060 2389 3648 2473; baseline -0.009 -15"><span class='ocrx_word' id='word_1_374' title='bbox 2060 2417 2297 2473; x_wconf 88' lang='lat' dir='ltr'><strong>namque</strong></span> <span class='ocrx_word' id='word_1_375' title='bbox 2319 2397 2663 2471; x_wconf 86' lang='lat' dir='ltr'><strong>publicabat,</strong></span> <span class='ocrx_word' id='word_1_376' title='bbox 2691 2406 3065 2467; x_wconf 85' lang='lat' dir='ltr'><strong>perpetuoque</strong></span> <span class='ocrx_word' id='word_1_377' title='bbox 3094 2393 3249 2464; x_wconf 86' lang='lat' dir='ltr'><strong>ipsos</strong></span> <span class='ocrx_word' id='word_1_378' title='bbox 3264 2392 3460 2448; x_wconf 81' lang='lat' dir='ltr'><strong>exsilio</strong></span> <span class='ocrx_word' id='word_1_379' title='bbox 3491 2389 3648 2460; x_wconf 83' lang='lat' dir='ltr'><strong>adju-</strong></span> 
     </span>
    </p>
   </div>
   <div class='ocr_carea' id='block_1_56' title="bbox 2060 2485 3647 2566">
    <p class='ocr_par' dir='ltr' id='par_1_56' title="bbox 2060 2485 3647 2566">
     <span class='ocr_line' id='line_1_56' title="bbox 2060 2485 3647 2566; baseline -0.009 -14"><span class='ocrx_word' id='word_1_380' title='bbox 2060 2495 2317 2562; x_wconf 85' lang='lat' dir='ltr'><strong>dicabat;</strong></span> <span class='ocrx_word' id='word_1_381' title='bbox 2350 2503 2405 2551; x_wconf 87' lang='lat' dir='ltr'><strong>et</strong></span> <span class='ocrx_word' id='word_1_382' title='bbox 2442 2492 2536 2566; x_wconf 91' lang='lat' dir='ltr'><strong>qui</strong></span> <span class='ocrx_word' id='word_1_383' title='bbox 2571 2490 2833 2563; x_wconf 75' lang='lat' dir='ltr'><strong>iniuriam</strong></span> <span class='ocrx_word' id='word_1_384' title='bbox 2901 2486 3287 2553; x_wconf 85' lang='lat' dir='ltr'><strong>sustinuisset,</strong></span> <span class='ocrx_word' id='word_1_385' title='bbox 3340 2485 3389 2539; x_wconf 87' lang='lat' dir='ltr'><strong>si</strong></span> <span class='ocrx_word' id='word_1_386' title='bbox 3448 2497 3647 2538; x_wconf 89' lang='lat' dir='ltr'><strong>servus</strong></span> 
     </span>
    </p>
   </div>
   <div class='ocr_carea' id='block_1_57' title="bbox 2060 2577 3646 2657">
    <p class='ocr_par' dir='ltr' id='par_1_57' title="bbox 2060 2577 3646 2657">
     <span class='ocr_line' id='line_1_57' title="bbox 2060 2577 3646 2657; baseline -0.012 -9"><span class='ocrx_word' id='word_1_387' title='bbox 2060 2599 2229 2657; x_wconf 84' lang='lat' dir='ltr'><strong>esset,</strong></span> <span class='ocrx_word' id='word_1_388' title='bbox 2255 2590 2507 2647; x_wconf 80' lang='lat' dir='ltr'><strong>libertate</strong></span> <span class='ocrx_word' id='word_1_389' title='bbox 2535 2586 2843 2643; x_wconf 80' lang='lat' dir='ltr'><strong>honorabat</strong></span> <span class='ocrx_word' id='word_1_390' title='bbox 2869 2583 3011 2655; x_wconf 85' lang='lat'><strong>(89).</strong></span> <span class='ocrx_word' id='word_1_391' title='bbox 3048 2582 3231 2652; x_wconf 85' lang='lat' dir='ltr'><strong>Atque</strong></span> <span class='ocrx_word' id='word_1_392' title='bbox 3296 2577 3646 2649; x_wconf 84' lang='lat' dir='ltr'><strong>superiorum</strong></span> 
     </span>
    </p>
   </div>
   <div class='ocr_carea' id='block_1_58' title="bbox 2061 2671 3647 2756">
    <p class='ocr_par' dir='ltr' id='par_1_58' title="bbox 2061 2671 3647 2756">
     <span class='ocr_line' id='line_1_58' title="bbox 2061 2671 3647 2756; baseline -0.009 -19"><span class='ocrx_word' id='word_1_393' title='bbox 2061 2683 2284 2756; x_wconf 88' lang='lat' dir='ltr'><strong>quidem</strong></span> <span class='ocrx_word' id='word_1_394' title='bbox 2308 2682 2589 2739; x_wconf 87' lang='lat' dir='ltr'><strong>decretum</strong></span> <span class='ocrx_word' id='word_1_395' title='bbox 2614 2677 2928 2736; x_wconf 88' lang='lat' dir='ltr'><strong>istiusmodi</strong></span> <span class='ocrx_word' id='word_1_396' title='bbox 2959 2683 3104 2732; x_wconf 90' lang='lat' dir='ltr'><strong>erat.</strong></span> <span class='ocrx_word' id='word_1_397' title='bbox 3155 2673 3267 2729; x_wconf 81' lang='lat' dir='ltr'><strong>Nos</strong></span> <span class='ocrx_word' id='word_1_398' title='bbox 3301 2688 3436 2728; x_wconf 92' lang='lat' dir='ltr'><strong>vero</strong></span> <span class='ocrx_word' id='word_1_399' title='bbox 3467 2671 3536 2725; x_wconf 91' lang='lat' dir='ltr'><strong>de</strong></span> <span class='ocrx_word' id='word_1_400' title='bbox 3586 2683 3647 2724; x_wconf 92' lang='lat' dir='ltr'><strong>re</strong></span> 
     </span>
    </p>
   </div>
   <div class='ocr_carea' id='block_1_59' title="bbox 2061 2763 3648 2845">
    <p class='ocr_par' dir='ltr' id='par_1_59' title="bbox 2061 2763 3648 2845">
     <span class='ocr_line' id='line_1_59' title="bbox 2061 2763 3648 2845; baseline -0.009 -12"><span class='ocrx_word' id='word_1_401' title='bbox 2061 2776 2154 2833; x_wconf 88' lang='lat' dir='ltr'><strong>illa</strong></span> <span class='ocrx_word' id='word_1_402' title='bbox 2192 2774 2524 2833; x_wconf 88' lang='lat' dir='ltr'><strong>sententiam</strong></span> <span class='ocrx_word' id='word_1_403' title='bbox 2559 2772 3005 2845; x_wconf 83' lang='lat' dir='ltr'><strong>pronuntiantes,</strong></span> <span class='ocrx_word' id='word_1_404' title='bbox 3040 2776 3255 2823; x_wconf 64' lang='lat' dir='ltr'><strong>natura:</strong></span> <span class='ocrx_word' id='word_1_405' title='bbox 3284 2763 3648 2821; x_wconf 87' lang='lat' dir='ltr'><strong>insidiatores</strong></span> 
     </span>
    </p>
   </div>
   <div class='ocr_carea' id='block_1_60' title="bbox 2062 2856 3647 2929">
    <p class='ocr_par' dir='ltr' id='par_1_60' title="bbox 2062 2856 3647 2929">
     <span class='ocr_line' id='line_1_60' title="bbox 2062 2856 3647 2929; baseline -0.009 -6"><span class='ocrx_word' id='word_1_406' title='bbox 2062 2868 2226 2925; x_wconf 89' lang='lat' dir='ltr'><strong>simili</strong></span> <span class='ocrx_word' id='word_1_407' title='bbox 2277 2866 2625 2922; x_wconf 87' lang='lat' dir='ltr'><strong>mutilationc</strong></span> <span class='ocrx_word' id='word_1_408' title='bbox 2666 2862 2910 2921; x_wconf 79' lang='lat' dir='ltr'><strong>vicissim</strong></span> <span class='ocrx_word' id='word_1_409' title='bbox 2956 2859 3195 2917; x_wconf 88' lang='lat' dir='ltr'><strong>mutilari</strong></span> <span class='ocrx_word' id='word_1_410' title='bbox 3255 2856 3647 2929; x_wconf 85' lang='lat' dir='ltr'><strong>prohibemus:</strong></span> 
     </span>
    </p>
   </div>
   <div class='ocr_carea' id='block_1_61' title="bbox 2062 2944 3643 3021">
    <p class='ocr_par' dir='ltr' id='par_1_61' title="bbox 2062 2944 3643 3021">
     <span class='ocr_line' id='line_1_61' title="bbox 2062 2944 3643 3021; baseline -0.009 -8"><span class='ocrx_word' id='word_1_411' title='bbox 2062 2959 2189 3015; x_wconf 90' lang='lat' dir='ltr'><strong>aliis</strong></span> <span class='ocrx_word' id='word_1_412' title='bbox 2219 2968 2403 3014; x_wconf 89' lang='lat' dir='ltr'><strong>autem</strong></span> <span class='ocrx_word' id='word_1_413' title='bbox 2427 2958 2519 3013; x_wconf 90' lang='lat' dir='ltr'><strong>isti</strong></span> <span class='ocrx_word' id='word_1_414' title='bbox 2546 2954 2764 3011; x_wconf 89' lang='lat' dir='ltr'><strong>crimini</strong></span> <span class='ocrx_word' id='word_1_415' title='bbox 2791 2951 3117 3009; x_wconf 88' lang='lat' dir='ltr'><strong>constitutis</strong></span> <span class='ocrx_word' id='word_1_416' title='bbox 3162 2948 3367 3021; x_wconf 76' lang='lat' dir='ltr'><strong>pomis,</strong></span> <span class='ocrx_word' id='word_1_417' title='bbox 3400 2944 3643 3018; x_wconf 86' lang='lat' dir='ltr'><strong>(tametsi</strong></span> 
     </span>
    </p>
   </div>
   <div class='ocr_carea' id='block_1_62' title="bbox 2061 3042 3650 3113">
    <p class='ocr_par' dir='ltr' id='par_1_62' title="bbox 2061 3042 3650 3113">
     <span class='ocr_line' id='line_1_62' title="bbox 2061 3042 3650 3113; baseline -0.008 -3"><span class='ocrx_word' id='word_1_418' title='bbox 2061 3053 2155 3110; x_wconf 86' lang='lat' dir='ltr'><strong>hic</strong></span> <span class='ocrx_word' id='word_1_419' title='bbox 2179 3052 2347 3109; x_wconf 85' lang='lat' dir='ltr'><strong>etiam</strong></span> <span class='ocrx_word' id='word_1_420' title='bbox 2400 3052 2466 3106; x_wconf 89' lang='lat' dir='ltr'><strong>ad</strong></span> <span class='ocrx_word' id='word_1_421' title='bbox 2524 3050 2943 3105; x_wconf 83' lang='lat' dir='ltr'><strong>clementiorem</strong></span> <span class='ocrx_word' id='word_1_422' title='bbox 2992 3046 3326 3103; x_wconf 89' lang='lat' dir='ltr'><strong>sententiam</strong></span> <span class='ocrx_word' id='word_1_423' title='bbox 3381 3042 3650 3113; x_wconf 83' lang='lat' dir='ltr'><strong>respicia-</strong></span> 
     </span>
    </p>
   </div>
   <div class='ocr_carea' id='block_1_63' title="bbox 2061 3140 3149 3218">
    <p class='ocr_par' dir='ltr' id='par_1_63' title="bbox 2061 3140 3149 3218">
     <span class='ocr_line' id='line_1_63' title="bbox 2061 3140 3149 3218; baseline -0.01 -14"><span class='ocrx_word' id='word_1_424' title='bbox 2061 3148 2205 3218; x_wconf 86' lang='lat' dir='ltr'><strong>mus)</strong></span> <span class='ocrx_word' id='word_1_425' title='bbox 2238 3146 2526 3217; x_wconf 88' lang='lat' dir='ltr'><strong>subjacerc</strong></span> <span class='ocrx_word' id='word_1_426' title='bbox 2549 3143 2700 3215; x_wconf 86' lang='lat' dir='ltr'><strong>ipsos</strong></span> <span class='ocrx_word' id='word_1_427' title='bbox 2738 3157 2847 3197; x_wconf 90' lang='lat' dir='ltr'><strong>non</strong></span> <span class='ocrx_word' id='word_1_428' title='bbox 2877 3140 3149 3211; x_wconf 86' lang='lat' dir='ltr'><strong>displicet.</strong></span> 
     </span>
    </p>
   </div>
   <div class='ocr_carea' id='block_1_64' title="bbox 2135 3228 3647 3308">
    <p class='ocr_par' dir='ltr' id='par_1_64' title="bbox 2135 3228 3647 3308">
     <span class='ocr_line' id='line_1_64' title="bbox 2135 3228 3647 3308; baseline -0.008 -11"><span class='ocrx_word' id='word_1_429' title='bbox 2135 3239 2425 3297; x_wconf 87' lang='lat' dir='ltr'><strong>Sancimus</strong></span> <span class='ocrx_word' id='word_1_430' title='bbox 2459 3238 2664 3308; x_wconf 85' lang='lat' dir='ltr'><strong>itaque,</strong></span> <span class='ocrx_word' id='word_1_431' title='bbox 2697 3244 2756 3289; x_wconf 85' lang='lat' dir='ltr'><strong>ut</strong></span> <span class='ocrx_word' id='word_1_432' title='bbox 2808 3234 2899 3306; x_wconf 90' lang='lat' dir='ltr'><strong>qui</strong></span> <span class='ocrx_word' id='word_1_433' title='bbox 2931 3230 3258 3288; x_wconf 78' lang='lat' dir='ltr'><strong>detestanda:</strong></span> <span class='ocrx_word' id='word_1_434' title='bbox 3305 3231 3475 3301; x_wconf 83' lang='lat' dir='ltr'><strong>hujus</strong></span> <span class='ocrx_word' id='word_1_435' title='bbox 3508 3228 3647 3285; x_wconf 85' lang='lat' dir='ltr'><strong>artis</strong></span> 
     </span>
    </p>
   </div>
   <div class='ocr_carea' id='block_1_65' title="bbox 2061 3323 3652 3391">
    <p class='ocr_par' dir='ltr' id='par_1_65' title="bbox 2061 3323 3652 3391">
     <span class='ocr_line' id='line_1_65' title="bbox 2061 3323 3652 3391; baseline -0.006 -3"><span class='ocrx_word' id='word_1_436' title='bbox 2061 3331 2328 3388; x_wconf 86' lang='lat' dir='ltr'><strong>artificem</strong></span> <span class='ocrx_word' id='word_1_437' title='bbox 2387 3330 2455 3386; x_wconf 87' lang='lat' dir='ltr'><strong>ad</strong></span> <span class='ocrx_word' id='word_1_438' title='bbox 2507 3326 2860 3386; x_wconf 87' lang='lat' dir='ltr'><strong>castrandum</strong></span> <span class='ocrx_word' id='word_1_439' title='bbox 2911 3325 3237 3391; x_wconf 81' lang='lat' dir='ltr'><strong>advocarit,</strong></span> <span class='ocrx_word' id='word_1_440' title='bbox 3299 3324 3346 3381; x_wconf 88' lang='lat' dir='ltr'><strong>si</strong></span> <span class='ocrx_word' id='word_1_441' title='bbox 3411 3324 3468 3379; x_wconf 92' lang='lat' dir='ltr'><strong>in</strong></span> <span class='ocrx_word' id='word_1_442' title='bbox 3524 3323 3652 3379; x_wconf 88' lang='lat' dir='ltr'><strong>albo</strong></span> 
     </span>
    </p>
   </div>
   <div class='ocr_carea' id='block_1_66' title="bbox 2061 3418 3648 3499">
    <p class='ocr_par' dir='ltr' id='par_1_66' title="bbox 2061 3418 3648 3499">
     <span class='ocr_line' id='line_1_66' title="bbox 2061 3418 3648 3499; baseline -0.007 -17"><span class='ocrx_word' id='word_1_443' title='bbox 2061 3424 2405 3499; x_wconf 84' lang='lat' dir='ltr'><strong>imperatorii</strong></span> <span class='ocrx_word' id='word_1_444' title='bbox 2479 3422 2777 3481; x_wconf 79' lang='lat' dir='ltr'><strong>famulatus</strong></span> <span class='ocrx_word' id='word_1_445' title='bbox 2852 3422 2964 3490; x_wconf 91' lang='lat' dir='ltr'><strong>sit,</strong></span> <span class='ocrx_word' id='word_1_446' title='bbox 3035 3422 3273 3493; x_wconf 89' lang='lat' dir='ltr'><strong>primum</strong></span> <span class='ocrx_word' id='word_1_447' title='bbox 3337 3418 3463 3475; x_wconf 87' lang='lat' dir='ltr'><strong>albo</strong></span> <span class='ocrx_word' id='word_1_448' title='bbox 3530 3418 3648 3473; x_wconf 80' lang='lat' dir='ltr'><strong>exi-</strong></span> 
     </span>
    </p>
   </div>
   <div class='ocr_carea' id='block_1_67' title="bbox 368 3510 1952 3588">
    <p class='ocr_par' dir='ltr' id='par_1_67' title="bbox 368 3512 1952 3588">
     <span class='ocr_line' id='line_1_67' title="bbox 368 3512 1952 3588; baseline 0.003 -20"><span class='ocrx_word' id='word_1_449' title='bbox 368 3512 604 3584; x_wconf 82' lang='grc' dir='ltr'>θρώπων</span> <span class='ocrx_word' id='word_1_450' title='bbox 653 3516 818 3579; x_wconf 81' lang='grc' dir='ltr'>τελεῖ,</span> <span class='ocrx_word' id='word_1_451' title='bbox 864 3516 1234 3571; x_wconf 80' lang='grc' dir='ltr'>ἐκκόπτεσθαι</span> <span class='ocrx_word' id='word_1_452' title='bbox 1274 3516 1368 3571; x_wconf 82' lang='grc' dir='ltr'><strong>τοῦ</strong></span> <span class='ocrx_word' id='word_1_453' title='bbox 1404 3517 1732 3588; x_wconf 86' lang='grc' dir='ltr'>καταλόγου,</span> <span class='ocrx_word' id='word_1_454' title='bbox 1760 3517 1952 3573; x_wconf 78' lang='grc' dir='ltr'>ἔπειτα</span> 
     </span>
    </p>
   </div>
   <div class='ocr_carea' id='block_1_68' title="bbox 2058 3510 3647 3588">
    <p class='ocr_par' dir='ltr' id='par_1_68' title="bbox 2058 3510 3647 3585">
     <span class='ocr_line' id='line_1_68' title="bbox 2058 3510 3647 3585; baseline -0.007 -11"><span class='ocrx_word' id='word_1_455' title='bbox 2058 3528 2277 3585; x_wconf 86' lang='lat' dir='ltr'><strong>matur;</strong></span> <span class='ocrx_word' id='word_1_456' title='bbox 2335 3532 2401 3573; x_wconf 87' lang='lat' dir='ltr'><strong>ac</strong></span> <span class='ocrx_word' id='word_1_457' title='bbox 2438 3516 2638 3573; x_wconf 89' lang='lat' dir='ltr'><strong>deinde</strong></span> <span class='ocrx_word' id='word_1_458' title='bbox 2698 3515 2898 3572; x_wconf 90' lang='lat' dir='ltr'><strong>deinde</strong></span> <span class='ocrx_word' id='word_1_459' title='bbox 2938 3514 3126 3570; x_wconf 91' lang='lat' dir='ltr'><strong>decem</strong></span> <span class='ocrx_word' id='word_1_460' title='bbox 3186 3513 3308 3567; x_wconf 84' lang='lat' dir='ltr'><strong>auri</strong></span> <span class='ocrx_word' id='word_1_461' title='bbox 3376 3510 3533 3566; x_wconf 89' lang='lat' dir='ltr'><strong>libris</strong></span> <span class='ocrx_word' id='word_1_462' title='bbox 3591 3510 3647 3564; x_wconf 91' lang='lat' dir='ltr'><strong>in</strong></span> 
     </span>
    </p>
   </div>
   <div class='ocr_carea' id='block_1_69' title="bbox 366 3598 1952 3684">
    <p class='ocr_par' dir='ltr' id='par_1_69' title="bbox 366 3605 1952 3684">
     <span class='ocr_line' id='line_1_69' title="bbox 366 3605 1952 3684; baseline 0.004 -24"><span class='ocrx_word' id='word_1_463' title='bbox 366 3605 425 3661; x_wconf 78' lang='grc' dir='ltr'>δὲ</span> <span class='ocrx_word' id='word_1_464' title='bbox 450 3608 545 3661; x_wconf 74' lang='grc' dir='ltr'>καὶ</span> <span class='ocrx_word' id='word_1_465' title='bbox 605 3606 740 3663; x_wconf 85' lang='grc' dir='ltr'>δέκα</span> <span class='ocrx_word' id='word_1_466' title='bbox 773 3606 974 3680; x_wconf 79' lang='grc' dir='ltr'>λιτρῶν</span> <span class='ocrx_word' id='word_1_467' title='bbox 1003 3612 1228 3681; x_wconf 78' lang='grc' dir='ltr'>χρυσίου</span> <span class='ocrx_word' id='word_1_468' title='bbox 1266 3612 1345 3675; x_wconf 76' lang='grc' dir='ltr'><strong>εἰς</strong></span> <span class='ocrx_word' id='word_1_469' title='bbox 1372 3611 1433 3665; x_wconf 83' lang='grc' dir='ltr'>τὸ</span> <span class='ocrx_word' id='word_1_470' title='bbox 1461 3611 1723 3684; x_wconf 89' lang='grc' dir='ltr'>δημόσιον</span> <span class='ocrx_word' id='word_1_471' title='bbox 1747 3612 1952 3683; x_wconf 79' lang='grc' dir='ltr'>ἀναφε-</span> 
     </span>
    </p>
   </div>
   <div class='ocr_carea' id='block_1_70' title="bbox 2058 3598 3644 3684">
    <p class='ocr_par' dir='ltr' id='par_1_70' title="bbox 2061 3598 3644 3675">
     <span class='ocr_line' id='line_1_70' title="bbox 2061 3598 3644 3675; baseline -0.008 -6"><span class='ocrx_word' id='word_1_472' title='bbox 2061 3612 2253 3669; x_wconf 77' lang='lat' dir='ltr'><strong>iiscuui</strong></span> <span class='ocrx_word' id='word_1_473' title='bbox 2280 3611 2595 3668; x_wconf 87' lang='lat' dir='ltr'><strong>deferendis</strong></span> <span class='ocrx_word' id='word_1_474' title='bbox 2628 3609 2897 3666; x_wconf 86' lang='lat' dir='ltr'><strong>multatus</strong></span> <span class='ocrx_word' id='word_1_475' title='bbox 2922 3610 2983 3664; x_wconf 89' lang='lat' dir='ltr'><strong>in</strong></span> <span class='ocrx_word' id='word_1_476' title='bbox 3000 3598 3328 3665; x_wconf 70' lang='lat' dir='ltr'><strong>decennium</strong></span> <span class='ocrx_word' id='word_1_477' title='bbox 3350 3606 3644 3675; x_wconf 80' lang='lat' dir='ltr'><strong>relegetur.</strong></span> 
     </span>
    </p>
   </div>
   <div class='ocr_carea' id='block_1_71' title="bbox 370 3697 1952 3777">
    <p class='ocr_par' dir='ltr' id='par_1_71' title="bbox 370 3700 1952 3777">
     <span class='ocr_line' id='line_1_71' title="bbox 370 3700 1952 3777; baseline 0.003 -22"><span class='ocrx_word' id='word_1_478' title='bbox 370 3700 613 3772; x_wconf 84' lang='grc' dir='ltr'>ρομένων</span> <span class='ocrx_word' id='word_1_479' title='bbox 640 3704 844 3773; x_wconf 67' lang='grc' dir='ltr'>ζημίαν</span> <span class='ocrx_word' id='word_1_480' title='bbox 868 3703 1093 3775; x_wconf 77' lang='grc' dir='ltr'>ὑπέχειν</span> <span class='ocrx_word' id='word_1_481' title='bbox 1123 3706 1218 3759; x_wconf 76' lang='grc' dir='ltr'>καὶ</span> <span class='ocrx_word' id='word_1_482' title='bbox 1253 3704 1417 3775; x_wconf 80' lang='grc' dir='ltr'>μέχρι</span> <span class='ocrx_word' id='word_1_483' title='bbox 1446 3705 1577 3759; x_wconf 82' lang='grc' dir='ltr'>δέκα</span> <span class='ocrx_word' id='word_1_484' title='bbox 1606 3703 1743 3760; x_wconf 83' lang='grc' dir='ltr'>ἐτῶν</span> <span class='ocrx_word' id='word_1_485' title='bbox 1783 3706 1952 3777; x_wconf 81' lang='grc' dir='ltr'>ὑπερ-</span> 
     </span>
    </p>
   </div>
   <div class='ocr_carea' id='block_1_72' title="bbox 2058 3697 3646 3777">
    <p class='ocr_par' dir='ltr' id='par_1_72' title="bbox 2061 3697 3646 3770">
     <span class='ocr_line' id='line_1_72' title="bbox 2061 3697 3646 3770; baseline -0.005 -11"><span class='ocrx_word' id='word_1_486' title='bbox 2061 3704 2216 3760; x_wconf 77' lang='lat' dir='ltr'><strong>Malze</strong></span> <span class='ocrx_word' id='word_1_487' title='bbox 2274 3719 2403 3759; x_wconf 84' lang='lat' dir='ltr'><strong>vero</strong></span> <span class='ocrx_word' id='word_1_488' title='bbox 2442 3703 2604 3760; x_wconf 89' lang='lat' dir='ltr'><strong>istius</strong></span> <span class='ocrx_word' id='word_1_489' title='bbox 2657 3703 2793 3760; x_wconf 89' lang='lat' dir='ltr'><strong>artis</strong></span> <span class='ocrx_word' id='word_1_490' title='bbox 2849 3700 3089 3768; x_wconf 77' lang='lat' dir='ltr'><strong>artifex,</strong></span> <span class='ocrx_word' id='word_1_491' title='bbox 3148 3707 3203 3754; x_wconf 86' lang='lat' dir='ltr'><strong>et</strong></span> <span class='ocrx_word' id='word_1_492' title='bbox 3249 3700 3364 3770; x_wconf 90' lang='lat' dir='ltr'><strong>ipse</strong></span> <span class='ocrx_word' id='word_1_493' title='bbox 3412 3697 3646 3770; x_wconf 87' lang='lat' dir='ltr'><strong>primum</strong></span> 
     </span>
    </p>
   </div>
   <div class='ocr_carea' id='block_1_73' title="bbox 365 3791 1952 3869">
    <p class='ocr_par' dir='ltr' id='par_1_73' title="bbox 365 3791 1952 3867">
     <span class='ocr_line' id='line_1_73' title="bbox 365 3791 1952 3867; baseline 0.004 -23"><span class='ocrx_word' id='word_1_494' title='bbox 365 3791 513 3862; x_wconf 90' lang='grc' dir='ltr'>όριον</span> <span class='ocrx_word' id='word_1_495' title='bbox 539 3792 639 3858; x_wconf 84' lang='grc' dir='ltr'><strong>τῆς</strong></span> <span class='ocrx_word' id='word_1_496' title='bbox 664 3793 924 3866; x_wconf 58' lang='grc' dir='ltr'>πατρίδος</span> <span class='ocrx_word' id='word_1_497' title='bbox 948 3794 1220 3863; x_wconf 79' lang='grc' dir='ltr'>γίνεσθαι,</span> <span class='ocrx_word' id='word_1_498' title='bbox 1246 3796 1338 3847; x_wconf 67' lang='grc' dir='ltr'>τὸν</span> <span class='ocrx_word' id='word_1_499' title='bbox 1369 3794 1424 3848; x_wconf 84' lang='grc' dir='ltr'><strong>δέ</strong></span> <span class='ocrx_word' id='word_1_500' title='bbox 1458 3793 1558 3866; x_wconf 82' lang='grc' dir='ltr'><strong>τῆς</strong></span> <span class='ocrx_word' id='word_1_501' title='bbox 1599 3796 1952 3867; x_wconf 84' lang='grc' dir='ltr'>κακοτεχνίας</span> 
     </span>
    </p>
   </div>
   <div class='ocr_carea' id='block_1_74' title="bbox 2058 3791 3647 3869">
    <p class='ocr_par' dir='ltr' id='par_1_74' title="bbox 2058 3792 3647 3869">
     <span class='ocr_line' id='line_1_74' title="bbox 2058 3792 3647 3869; baseline -0.006 -16"><span class='ocrx_word' id='word_1_502' title='bbox 2058 3795 2244 3869; x_wconf 81' lang='lat' dir='ltr'><strong>ﬂagris</strong></span> <span class='ocrx_word' id='word_1_503' title='bbox 2300 3806 2535 3868; x_wconf 80' lang='lat' dir='ltr'><strong>cutequc</strong></span> <span class='ocrx_word' id='word_1_504' title='bbox 2598 3804 2759 3853; x_wconf 86' lang='lat' dir='ltr'><strong>tenus</strong></span> <span class='ocrx_word' id='word_1_505' title='bbox 2835 3794 3092 3851; x_wconf 90' lang='lat' dir='ltr'><strong>lonsione</strong></span> <span class='ocrx_word' id='word_1_506' title='bbox 3148 3792 3521 3856; x_wconf 88' lang='lat' dir='ltr'><strong>deformetur,</strong></span> <span class='ocrx_word' id='word_1_507' title='bbox 3597 3800 3647 3845; x_wconf 87' lang='lat' dir='ltr'><strong>et</strong></span> 
     </span>
    </p>
   </div>
   <div class='ocr_carea' id='block_1_75' title="bbox 366 3882 1952 3958">
    <p class='ocr_par' dir='ltr' id='par_1_75' title="bbox 366 3882 1952 3957">
     <span class='ocr_line' id='line_1_75' title="bbox 366 3882 1952 3957; baseline 0.004 -23"><span class='ocrx_word' id='word_1_508' title='bbox 366 3882 607 3953; x_wconf 76' lang='grc' dir='ltr'>ἐργάτην</span> <span class='ocrx_word' id='word_1_509' title='bbox 640 3901 735 3937; x_wconf 83' lang='grc' dir='ltr'><strong>και</strong></span> <span class='ocrx_word' id='word_1_510' title='bbox 778 3884 943 3939; x_wconf 69' lang='grc' dir='ltr'>αὑτὸν</span> <span class='ocrx_word' id='word_1_511' title='bbox 981 3884 1200 3956; x_wconf 86' lang='grc' dir='ltr'>πρῶτον</span> <span class='ocrx_word' id='word_1_512' title='bbox 1245 3886 1344 3957; x_wconf 79' lang='grc' dir='ltr'><strong>μὲν</strong></span> <span class='ocrx_word' id='word_1_513' title='bbox 1373 3884 1601 3955; x_wconf 80' lang='grc' dir='ltr'><strong>μάστιξι</strong></span> <span class='ocrx_word' id='word_1_514' title='bbox 1628 3888 1751 3952; x_wconf 79' lang='grc' dir='ltr'>ταῖς</span> <span class='ocrx_word' id='word_1_515' title='bbox 1789 3888 1869 3952; x_wconf 87' lang='grc' dir='ltr'><strong>είς</strong></span> <span class='ocrx_word' id='word_1_516' title='bbox 1898 3887 1952 3942; x_wconf 59' lang='grc' dir='ltr'><strong>τὸ</strong></span> 
     </span>
    </p>
   </div>
   <div class='ocr_carea' id='block_1_76' title="bbox 2058 3882 3632 3958">
    <p class='ocr_par' dir='ltr' id='par_1_76' title="bbox 2058 3885 3632 3958">
     <span class='ocr_line' id='line_1_76' title="bbox 2058 3885 3632 3958; baseline -0.007 -14"><span class='ocrx_word' id='word_1_517' title='bbox 2058 3888 2251 3944; x_wconf 87' lang='lat' dir='ltr'><strong>deinde</strong></span> <span class='ocrx_word' id='word_1_518' title='bbox 2276 3888 2435 3943; x_wconf 88' lang='lat' dir='ltr'><strong>bonis</strong></span> <span class='ocrx_word' id='word_1_519' title='bbox 2468 3888 2737 3958; x_wconf 82' lang='lat' dir='ltr'><strong>privatus,</strong></span> <span class='ocrx_word' id='word_1_520' title='bbox 2786 3886 2980 3944; x_wconf 87' lang='lat' dir='ltr'><strong>eodem</strong></span> <span class='ocrx_word' id='word_1_521' title='bbox 3024 3885 3291 3957; x_wconf 81' lang='lat' dir='ltr'><strong>temporis</strong></span> <span class='ocrx_word' id='word_1_522' title='bbox 3318 3885 3497 3955; x_wconf 87' lang='lat' dir='ltr'><strong>spatio</strong></span> <span class='ocrx_word' id='word_1_523' title='bbox 3532 3898 3632 3953; x_wconf 84' lang='lat' dir='ltr'><strong>pa-</strong></span> 
     </span>
    </p>
   </div>
   <div class='ocr_carea' id='block_1_77' title="bbox 367 3972 1952 4053">
    <p class='ocr_par' dir='ltr' id='par_1_77' title="bbox 367 3972 1952 4050">
     <span class='ocr_line' id='line_1_77' title="bbox 367 3972 1952 4050; baseline 0.004 -24"><span class='ocrx_word' id='word_1_524' title='bbox 367 3972 528 4046; x_wconf 79' lang='grc' dir='ltr'><strong>σὼμα</strong></span> <span class='ocrx_word' id='word_1_525' title='bbox 566 3976 657 4031; x_wconf 69' lang='grc' dir='ltr'>καὶ</span> <span class='ocrx_word' id='word_1_526' title='bbox 706 3977 766 4029; x_wconf 79' lang='grc' dir='ltr'><strong>ἐν</strong></span> <span class='ocrx_word' id='word_1_527' title='bbox 809 3975 930 4050; x_wconf 83' lang='grc' dir='ltr'>χρῷ</span> <span class='ocrx_word' id='word_1_528' title='bbox 977 3977 1205 4050; x_wconf 79' lang='grc' dir='ltr'>κουρείᾳ</span> <span class='ocrx_word' id='word_1_529' title='bbox 1241 3976 1636 4048; x_wconf 77' lang='grc' dir='ltr'>ἀτιμάζεσθαι,</span> <span class='ocrx_word' id='word_1_530' title='bbox 1669 3977 1862 4031; x_wconf 72' lang='grc' dir='ltr'>ἔπειτα</span> <span class='ocrx_word' id='word_1_531' title='bbox 1902 3978 1952 4032; x_wconf 84' lang='grc' dir='ltr'>δὲ</span> 
     </span>
    </p>
   </div>
   <div class='ocr_carea' id='block_1_78' title="bbox 2058 3972 3648 4053">
    <p class='ocr_par' dir='ltr' id='par_1_78' title="bbox 2060 3977 3648 4053">
     <span class='ocr_line' id='line_1_78' title="bbox 2060 3977 3648 4053; baseline -0.005 -16"><span class='ocrx_word' id='word_1_532' title='bbox 2060 3983 2161 4037; x_wconf 90' lang='lat' dir='ltr'><strong>tria</strong></span> <span class='ocrx_word' id='word_1_533' title='bbox 2184 3984 2395 4039; x_wconf 78' lang='lat' dir='ltr'><strong>exsulet</strong></span> <span class='ocrx_word' id='word_1_534' title='bbox 2426 3982 2667 4053; x_wconf 80' lang='lat'><strong>(90-95);</strong></span> <span class='ocrx_word' id='word_1_535' title='bbox 2704 3982 2795 4053; x_wconf 83' lang='lat' dir='ltr'><strong>qui</strong></span> <span class='ocrx_word' id='word_1_536' title='bbox 2831 3990 3014 4037; x_wconf 84' lang='lat' dir='ltr'><strong>autem</strong></span> <span class='ocrx_word' id='word_1_537' title='bbox 3054 3981 3314 4051; x_wconf 74' lang='lat' dir='ltr'><strong>iniuriam</strong></span> <span class='ocrx_word' id='word_1_538' title='bbox 3360 3977 3648 4039; x_wconf 85' lang='lat' dir='ltr'><strong>sustinuit,</strong></span> 
     </span>
    </p>
   </div>
   <div class='ocr_carea' id='block_1_79' title="bbox 367 4068 1952 4146">
    <p class='ocr_par' dir='ltr' id='par_1_79' title="bbox 367 4068 1952 4143">
     <span class='ocr_line' id='line_1_79' title="bbox 367 4068 1952 4143; baseline 0.003 -22"><span class='ocrx_word' id='word_1_539' title='bbox 367 4068 590 4123; x_wconf 74' lang='grc' dir='ltr'>καὶτῶν</span> <span class='ocrx_word' id='word_1_540' title='bbox 625 4070 794 4125; x_wconf 78' lang='grc' dir='ltr'>ὄντων</span> <span class='ocrx_word' id='word_1_541' title='bbox 822 4070 1244 4143; x_wconf 80' lang='grc' dir='ltr'>ἀποστερεῖσθαι</span> <span class='ocrx_word' id='word_1_542' title='bbox 1276 4070 1370 4125; x_wconf 81' lang='grc' dir='ltr'>καὶ</span> <span class='ocrx_word' id='word_1_543' title='bbox 1403 4070 1506 4142; x_wconf 71' lang='grc' dir='ltr'><strong>ἴσῳ</strong></span> <span class='ocrx_word' id='word_1_544' title='bbox 1536 4069 1732 4143; x_wconf 71' lang='grc' dir='ltr'>καιροῦ</span> <span class='ocrx_word' id='word_1_545' title='bbox 1773 4071 1952 4143; x_wconf 77' lang='grc' dir='ltr'>μέτρῳ</span> 
     </span>
    </p>
   </div>
   <div class='ocr_carea' id='block_1_80' title="bbox 2058 4068 3645 4146">
    <p class='ocr_par' dir='ltr' id='par_1_80' title="bbox 2058 4069 3645 4146">
     <span class='ocr_line' id='line_1_80' title="bbox 2058 4069 3645 4146; baseline -0.005 -17"><span class='ocrx_word' id='word_1_546' title='bbox 2058 4073 2104 4129; x_wconf 89' lang='lat' dir='ltr'><strong>si</strong></span> <span class='ocrx_word' id='word_1_547' title='bbox 2129 4075 2345 4130; x_wconf 83' lang='lat' dir='ltr'><strong>servilis</strong></span> <span class='ocrx_word' id='word_1_548' title='bbox 2371 4074 2709 4130; x_wconf 87' lang='lat' dir='ltr'><strong>conditionis</strong></span> <span class='ocrx_word' id='word_1_549' title='bbox 2735 4074 2810 4131; x_wconf 91' lang='lat' dir='ltr'><strong>sit</strong></span> <span class='ocrx_word' id='word_1_550' title='bbox 2830 4074 3044 4146; x_wconf 90' lang='lat' dir='ltr'><strong>reliquo</strong></span> <span class='ocrx_word' id='word_1_551' title='bbox 3084 4074 3207 4129; x_wconf 79' lang='lat' dir='ltr'><strong>vitae</strong></span> <span class='ocrx_word' id='word_1_552' title='bbox 3229 4087 3343 4129; x_wconf 58' lang='lat' dir='ltr'><strong>suae</strong></span> <span class='ocrx_word' id='word_1_553' title='bbox 3364 4069 3645 4127; x_wconf 90' lang='lat' dir='ltr'><strong>curricqu</strong></span> 
     </span>
    </p>
   </div>
   <div class='ocr_carea' id='block_1_81' title="bbox 366 4162 1952 4243">
    <p class='ocr_par' dir='ltr' id='par_1_81' title="bbox 366 4162 1952 4238">
     <span class='ocr_line' id='line_1_81' title="bbox 366 4162 1952 4238; baseline 0.002 -22"><span class='ocrx_word' id='word_1_554' title='bbox 366 4162 469 4233; x_wconf 81' lang='grc' dir='ltr'><strong>τῆς</strong></span> <span class='ocrx_word' id='word_1_555' title='bbox 506 4163 843 4238; x_wconf 76' lang='grc' dir='ltr'>ἐνεγκούσης</span> <span class='ocrx_word' id='word_1_556' title='bbox 901 4164 1150 4236; x_wconf 79' lang='grc' dir='ltr'>φεύγειν.</span> <span class='ocrx_word' id='word_1_557' title='bbox 1218 4164 1277 4219; x_wconf 82' lang='grc' dir='ltr'>Ὀ</span> <span class='ocrx_word' id='word_1_558' title='bbox 1318 4164 1375 4219; x_wconf 80' lang='grc' dir='ltr'>δὲ</span> <span class='ocrx_word' id='word_1_559' title='bbox 1424 4167 1525 4237; x_wconf 81' lang='grc' dir='ltr'>τὴν</span> <span class='ocrx_word' id='word_1_560' title='bbox 1569 4165 1785 4219; x_wconf 82' lang='grc' dir='ltr'>ἀδικίαν</span> <span class='ocrx_word' id='word_1_561' title='bbox 1819 4166 1952 4219; x_wconf 79' lang='grc' dir='ltr'>ὑπο-</span> 
     </span>
    </p>
   </div>
   <div class='ocr_carea' id='block_1_82' title="bbox 2058 4162 3668 4243">
    <p class='ocr_par' dir='ltr' id='par_1_82' title="bbox 2061 4162 3668 4243">
     <span class='ocr_line' id='line_1_82' title="bbox 2061 4162 3668 4243; baseline -0.002 -23"><span class='ocrx_word' id='word_1_562' title='bbox 2061 4166 2130 4221; x_wconf 90' lang='lat' dir='ltr'><strong>ab</strong></span> <span class='ocrx_word' id='word_1_563' title='bbox 2160 4166 2249 4221; x_wconf 85' lang='lat' dir='ltr'><strong>illa</strong></span> <span class='ocrx_word' id='word_1_564' title='bbox 2274 4166 2412 4223; x_wconf 90' lang='lat' dir='ltr'><strong>liber</strong></span> <span class='ocrx_word' id='word_1_565' title='bbox 2441 4167 2585 4235; x_wconf 88' lang='lat' dir='ltr'><strong>erit;</strong></span> <span class='ocrx_word' id='word_1_566' title='bbox 2632 4166 2719 4224; x_wconf 89' lang='lat' dir='ltr'><strong>sin</strong></span> <span class='ocrx_word' id='word_1_567' title='bbox 2752 4167 2962 4233; x_wconf 83' lang='lat' dir='ltr'><strong>liberae,</strong></span> <span class='ocrx_word' id='word_1_568' title='bbox 2995 4174 3275 4239; x_wconf 76' lang='lat' dir='ltr'><strong>tanquam</strong></span> <span class='ocrx_word' id='word_1_569' title='bbox 3321 4166 3462 4238; x_wconf 87' lang='lat' dir='ltr'><strong>ipse,</strong></span> <span class='ocrx_word' id='word_1_570' title='bbox 3498 4162 3668 4243; x_wconf 32' lang='lat' dir='ltr'><strong>quod.</strong></span> 
     </span>
    </p>
   </div>
   <div class='ocr_carea' id='block_1_83' title="bbox 376 4257 1952 4332">
    <p class='ocr_par' dir='ltr' id='par_1_83' title="bbox 376 4257 1952 4331">
     <span class='ocr_line' id='line_1_83' title="bbox 376 4257 1952 4331; baseline 0.003 -23"><span class='ocrx_word' id='word_1_571' title='bbox 376 4257 529 4318; x_wconf 77' lang='grc' dir='ltr'>στὰς,</span> <span class='ocrx_word' id='word_1_572' title='bbox 556 4258 606 4310; x_wconf 68' lang='lat' dir='ltr'><strong>tl</strong></span> <span class='ocrx_word' id='word_1_573' title='bbox 641 4258 740 4325; x_wconf 84' lang='grc' dir='ltr'><strong>μὲν</strong></span> <span class='ocrx_word' id='word_1_574' title='bbox 796 4257 906 4312; x_wconf 81' lang='grc' dir='ltr'><strong>τῶν</strong></span> <span class='ocrx_word' id='word_1_575' title='bbox 959 4259 1066 4313; x_wconf 74' lang='grc' dir='ltr'><strong>ὑπὸ</strong></span> <span class='ocrx_word' id='word_1_576' title='bbox 1094 4257 1339 4312; x_wconf 81' lang='grc' dir='ltr'>δουλείαν</span> <span class='ocrx_word' id='word_1_577' title='bbox 1370 4258 1671 4314; x_wconf 87' lang='grc' dir='ltr'>τελούντων</span> <span class='ocrx_word' id='word_1_578' title='bbox 1715 4258 1826 4331; x_wconf 75' lang='grc' dir='ltr'>εἴη,</span> <span class='ocrx_word' id='word_1_579' title='bbox 1860 4258 1952 4313; x_wconf 86' lang='grc' dir='ltr'>τὸν</span> 
     </span>
    </p>
   </div>
   <div class='ocr_carea' id='block_1_84' title="bbox 2058 4257 3648 4332">
    <p class='ocr_par' dir='ltr' id='par_1_84' title="bbox 2062 4259 3648 4332">
     <span class='ocr_line' id='line_1_84' title="bbox 2062 4259 3648 4332; baseline 0.003 -19"><span class='ocrx_word' id='word_1_580' title='bbox 2062 4259 2321 4329; x_wconf 87' lang='lat' dir='ltr'><strong>injuriam</strong></span> <span class='ocrx_word' id='word_1_581' title='bbox 2357 4259 2600 4327; x_wconf 90' lang='lat' dir='ltr'><strong>admisit,</strong></span> <span class='ocrx_word' id='word_1_582' title='bbox 2633 4260 2756 4332; x_wconf 79' lang='lat' dir='ltr'><strong>ejus</strong></span> <span class='ocrx_word' id='word_1_583' title='bbox 2790 4262 2896 4319; x_wconf 89' lang='lat' dir='ltr'><strong>sibi</strong></span> <span class='ocrx_word' id='word_1_584' title='bbox 2924 4271 3118 4317; x_wconf 88' lang='lat' dir='ltr'><strong>auctor</strong></span> <span class='ocrx_word' id='word_1_585' title='bbox 3149 4261 3242 4327; x_wconf 86' lang='lat' dir='ltr'><strong>sit,</strong></span> <span class='ocrx_word' id='word_1_586' title='bbox 3266 4260 3413 4332; x_wconf 90' lang='lat' dir='ltr'><strong>quod</strong></span> <span class='ocrx_word' id='word_1_587' title='bbox 3450 4272 3648 4329; x_wconf 78' lang='lat' dir='ltr'><strong>passus</strong></span> 
     </span>
    </p>
   </div>
   <div class='ocr_carea' id='block_1_85' title="bbox 370 4348 1952 4435">
    <p class='ocr_par' dir='ltr' id='par_1_85' title="bbox 370 4348 1952 4426">
     <span class='ocr_line' id='line_1_85' title="bbox 370 4348 1952 4426; baseline 0.003 -23"><span class='ocrx_word' id='word_1_588' title='bbox 370 4348 535 4405; x_wconf 83' lang='grc' dir='ltr'>ύπόλο</span> <span class='ocrx_word' id='word_1_589' title='bbox 562 4368 662 4407; x_wconf 89' lang='grc' dir='ltr'><strong>πον</strong></span> <span class='ocrx_word' id='word_1_590' title='bbox 705 4354 897 4425; x_wconf 86' lang='grc' dir='ltr'>χρόνον</span> <span class='ocrx_word' id='word_1_591' title='bbox 943 4353 1047 4425; x_wconf 82' lang='grc' dir='ltr'><strong>τῆς</strong></span> <span class='ocrx_word' id='word_1_592' title='bbox 1087 4353 1252 4408; x_wconf 81' lang='grc' dir='ltr'>αὑτοῦ</span> <span class='ocrx_word' id='word_1_593' title='bbox 1300 4353 1449 4425; x_wconf 77' lang='grc' dir='ltr'>ζωῆς</span> <span class='ocrx_word' id='word_1_594' title='bbox 1486 4353 1740 4425; x_wconf 87' lang='grc' dir='ltr'>δουλικῆς</span> <span class='ocrx_word' id='word_1_595' title='bbox 1782 4352 1952 4426; x_wconf 82' lang='grc' dir='ltr'>τύχης</span> 
     </span>
    </p>
   </div>
   <div class='ocr_carea' id='block_1_86' title="bbox 2058 4348 3651 4435">
    <p class='ocr_par' dir='ltr' id='par_1_86' title="bbox 2062 4350 3651 4435">
     <span class='ocr_line' id='line_1_86' title="bbox 2062 4350 3651 4435; baseline -0.004 -26"><span class='ocrx_word' id='word_1_596' title='bbox 2062 4364 2167 4423; x_wconf 87' lang='lat' dir='ltr'><strong>est,</strong></span> <span class='ocrx_word' id='word_1_597' title='bbox 2194 4369 2298 4411; x_wconf 88' lang='lat' dir='ltr'><strong>suo</strong></span> <span class='ocrx_word' id='word_1_598' title='bbox 2330 4356 2630 4412; x_wconf 89' lang='lat' dir='ltr'><strong>consensui</strong></span> <span class='ocrx_word' id='word_1_599' title='bbox 2666 4362 2961 4435; x_wconf 84' lang='lat' dir='ltr'><strong>acceptum</strong></span> <span class='ocrx_word' id='word_1_600' title='bbox 2996 4353 3136 4411; x_wconf 88' lang='lat' dir='ltr'><strong>feret</strong></span> <span class='ocrx_word' id='word_1_601' title='bbox 3171 4353 3311 4426; x_wconf 68' lang='lat'><strong>(94).</strong></span> <span class='ocrx_word' id='word_1_602' title='bbox 3372 4350 3651 4409; x_wconf 56' lang='lat' dir='ltr'><strong>Caeterum</strong></span> 
     </span>
    </p>
   </div>
   <div class='ocr_carea' id='block_1_87' title="bbox 1642 4497 2340 4559">
    <p class='ocr_par' dir='ltr' id='par_1_87' title="bbox 1642 4497 2340 4559">
     <span class='ocr_line' id='line_1_87' title="bbox 1642 4497 2340 4559; baseline 0.003 -4"><span class='ocrx_word' id='word_1_603' title='bbox 1642 4497 1885 4556; x_wconf 71' lang='lat' dir='ltr'><strong>VARUE</strong></span> <span class='ocrx_word' id='word_1_604' title='bbox 1920 4498 2340 4559; x_wconf 75' lang='lat' dir='ltr'><strong>LECTIONES.</strong></span> 
     </span>
    </p>
   </div>
   <div class='ocr_carea' id='block_1_88' title="bbox 374 4634 3648 4762">
    <p class='ocr_par' dir='ltr' id='par_1_88' title="bbox 374 4634 3648 4762">
     <span class='ocr_line' id='line_1_88' title="bbox 374 4634 3648 4740; baseline 0.002 -50"><span class='ocrx_word' id='word_1_605' title='bbox 374 4636 483 4740; x_wconf 55' lang='lat' dir='ltr'><strong>ﬂ&quot;</strong></span> <span class='ocrx_word' id='word_1_606' title='bbox 507 4634 689 4720; x_wconf 79' lang='lat' dir='ltr'><strong>Malim</strong></span> <span class='ocrx_word' id='word_1_607' title='bbox 720 4636 1051 4707; x_wconf 81' lang='grc' dir='ltr'>ἀνθρώποις.</span> <span class='ocrx_word' id='word_1_608' title='bbox 1154 4637 1199 4670; x_wconf 81' lang='grc'><strong>³⁸</strong></span> <span class='ocrx_word' id='word_1_609' title='bbox 1224 4636 1398 4694; x_wconf 86' lang='lat' dir='ltr'><strong>Codd.</strong></span> <span class='ocrx_word' id='word_1_610' title='bbox 1444 4638 1693 4709; x_wconf 79' lang='grc' dir='ltr'>ὴνεκτόν.</span> <span class='ocrx_word' id='word_1_611' title='bbox 1750 4637 1948 4722; x_wconf 64' lang='lat' dir='ltr'><strong>Steph.</strong></span> <span class='ocrx_word' id='word_1_612' title='bbox 1977 4648 2033 4696; x_wconf 87' lang='lat' dir='ltr'><strong>et</strong></span> <span class='ocrx_word' id='word_1_613' title='bbox 2056 4638 2228 4731; x_wconf 48' lang='lat' dir='ltr'><strong>,Agyl.</strong></span> <span class='ocrx_word' id='word_1_614' title='bbox 2261 4642 2637 4715; x_wconf 81' lang='grc' dir='ltr'>ἀνεκδίκητον.</span> <span class='ocrx_word' id='word_1_615' title='bbox 2737 4642 3101 4701; x_wconf 74' lang='lat' dir='ltr'><strong>“Justiniani</strong></span> <span class='ocrx_word' id='word_1_616' title='bbox 3151 4641 3285 4725; x_wconf 71' lang='lat' dir='ltr'><strong>Nov.</strong></span> <span class='ocrx_word' id='word_1_617' title='bbox 3339 4640 3464 4711; x_wconf 75' lang='grc'>142,</span> <span class='ocrx_word' id='word_1_618' title='bbox 3506 4658 3557 4698; x_wconf 93' lang='lat' dir='ltr'><strong>c.</strong></span> <span class='ocrx_word' id='word_1_619' title='bbox 3593 4645 3648 4700; x_wconf 79' lang='grc'>1.</span> 
     </span>
     <span class='ocr_line' id='line_1_89' title="bbox 451 4706 3648 4762; baseline 0 0"><span class='ocrx_word' id='word_1_620' title='bbox 451 4706 683 4762; x_wconf 70' lang='lat' dir='ltr'><strong>Scrtma.</strong></span> <span class='ocrx_word' id='word_1_621' title='bbox 728 4709 931 4762; x_wconf 73' lang='grc' dir='ltr'>αὐτοῖς.</span> <span class='ocrx_word' id='word_1_622' title='bbox 1022 4709 1232 4762; x_wconf 71' lang='lat' dir='ltr'><strong>“Aevl.</strong></span> <span class='ocrx_word' id='word_1_623' title='bbox 1262 4710 1677 4762; x_wconf 64' lang='lat' dir='ltr'><strong>sunoletﬁoxsiv.</strong></span> <span class='ocrx_word' id='word_1_624' title='bbox 1754 4709 1799 4741; x_wconf 77' lang='grc'><strong>⁸⁷</strong></span> <span class='ocrx_word' id='word_1_625' title='bbox 1826 4709 1994 4762; x_wconf 81' lang='lat' dir='ltr'><strong>Basd.</strong></span> <span class='ocrx_word' id='word_1_626' title='bbox 2016 4729 2078 4762; x_wconf 88' lang='lat' dir='ltr'><strong>ou</strong></span> <span class='ocrx_word' id='word_1_627' title='bbox 2101 4730 2243 4762; x_wconf 81' lang='grc' dir='ltr'>πανυ</span> <span class='ocrx_word' id='word_1_628' title='bbox 2281 4730 2337 4762; x_wconf 81' lang='grc' dir='ltr'><strong>τι</strong></span> <span class='ocrx_word' id='word_1_629' title='bbox 2360 4715 2813 4762; x_wconf 71' lang='grc' dir='ltr'>ἀπαοεσκόαεθα-</span> <span class='ocrx_word' id='word_1_630' title='bbox 2887 4715 2934 4749; x_wconf 79' lang='grc'><strong>³⁸</strong></span> <span class='ocrx_word' id='word_1_631' title='bbox 2966 4715 3038 4762; x_wconf 73' lang='lat' dir='ltr'><strong>lla</strong></span> <span class='ocrx_word' id='word_1_632' title='bbox 3072 4714 3239 4762; x_wconf 74' lang='lat' dir='ltr'><strong>Band.</strong></span> <span class='ocrx_word' id='word_1_633' title='bbox 3263 4715 3463 4762; x_wconf 76' lang='grc' dir='ltr'>ιηιιςιηι</span> <span class='ocrx_word' id='word_1_634' title='bbox 3493 4716 3648 4762; x_wconf 75' lang='grc' dir='ltr'><strong>ὲνεο..</strong></span> 
     </span>
    </p>
   </div>
   <div class='ocr_carea' id='block_1_89' title="bbox 492 4709 3649 4793">
    <p class='ocr_par' dir='ltr' id='par_1_89' title="bbox 492 4709 3649 4793">
     <span class='ocr_line' id='line_1_90' title="bbox 492 4709 3649 4793; baseline 0.002 -31"><span class='ocrx_word' id='word_1_635' title='bbox 492 4709 931 4793; x_wconf 52' lang='lat' dir='ltr'><strong>erimﬁ.&#39;ubtoig.</strong></span> <span class='ocrx_word' id='word_1_636' title='bbox 960 4779 975 4793; x_wconf 47' lang='lat'><em>.</em></span> <span class='ocrx_word' id='word_1_637' title='bbox 1001 4709 1233 4793; x_wconf 55' lang='lat' dir='ltr'><strong>f‘Agyl:</strong></span> <span class='ocrx_word' id='word_1_638' title='bbox 1262 4710 1689 4793; x_wconf 47' lang='lat' dir='ltr'><strong>suppletdoxstv;</strong></span> <span class='ocrx_word' id='word_1_639' title='bbox 1750 4709 1799 4793; x_wconf 53' lang='lat'><strong>1’</strong></span> <span class='ocrx_word' id='word_1_640' title='bbox 1826 4709 1994 4768; x_wconf 85' lang='lat' dir='ltr'><strong>Basil.</strong></span> <span class='ocrx_word' id='word_1_641' title='bbox 2016 4712 2078 4766; x_wconf 86' lang='grc' dir='ltr'>ού</span> <span class='ocrx_word' id='word_1_642' title='bbox 2101 4709 2243 4767; x_wconf 78' lang='grc' dir='ltr'>πάνυ</span> <span class='ocrx_word' id='word_1_643' title='bbox 2281 4730 2337 4767; x_wconf 91' lang='grc' dir='ltr'><strong>τι</strong></span> <span class='ocrx_word' id='word_1_644' title='bbox 2360 4709 2813 4789; x_wconf 84' lang='grc' dir='ltr'>ἀπαρέσκόμεθα.</span> <span class='ocrx_word' id='word_1_645' title='bbox 2887 4715 2934 4749; x_wconf 84' lang='grc'><strong>³⁸</strong></span> <span class='ocrx_word' id='word_1_646' title='bbox 2964 4715 3041 4772; x_wconf 86' lang='lat' dir='ltr'><strong>lta</strong></span> <span class='ocrx_word' id='word_1_647' title='bbox 3070 4714 3239 4772; x_wconf 85' lang='lat' dir='ltr'><strong>Basil.</strong></span> <span class='ocrx_word' id='word_1_648' title='bbox 3263 4709 3463 4787; x_wconf 67' lang='grc' dir='ltr'>ποιεοέ</span> <span class='ocrx_word' id='word_1_649' title='bbox 3493 4716 3649 4787; x_wconf 81' lang='grc' dir='ltr'>ἐνερ-</span> 
     </span>
    </p>
   </div>
   <div class='ocr_carea' id='block_1_90' title="bbox 369 4778 1945 4852">
    <p class='ocr_par' dir='ltr' id='par_1_90' title="bbox 369 4778 1945 4852">
     <span class='ocr_line' id='line_1_91' title="bbox 369 4778 1945 4852; baseline 0.003 -19"><span class='ocrx_word' id='word_1_650' title='bbox 369 4778 549 4851; x_wconf 80' lang='grc' dir='ltr'>γήσει.</span> <span class='ocrx_word' id='word_1_651' title='bbox 624 4779 671 4811; x_wconf 72' lang='grc' dir='ltr'><strong>υ</strong></span> <span class='ocrx_word' id='word_1_652' title='bbox 697 4779 922 4836; x_wconf 86' lang='lat' dir='ltr'><strong>Lacuna</strong></span> <span class='ocrx_word' id='word_1_653' title='bbox 960 4779 1049 4837; x_wconf 87' lang='lat' dir='ltr'><strong>hic</strong></span> <span class='ocrx_word' id='word_1_654' title='bbox 1078 4778 1306 4839; x_wconf 53' lang='lat' dir='ltr'><strong>esit&#39;sive</strong></span> <span class='ocrx_word' id='word_1_655' title='bbox 1334 4778 1471 4852; x_wconf 77' lang='lat' dir='ltr'><strong>legis</strong></span> <span class='ocrx_word' id='word_1_656' title='bbox 1508 4782 1622 4838; x_wconf 86' lang='lat' dir='ltr'><strong>sive</strong></span> <span class='ocrx_word' id='word_1_657' title='bbox 1648 4781 1945 4838; x_wconf 84' lang='lat' dir='ltr'><strong>Codicum.</strong></span> 
     </span>
    </p>
   </div>
   <div class='ocr_carea' id='block_1_91' title="bbox 1927 4926 2161 4985">
    <p class='ocr_par' dir='ltr' id='par_1_91' title="bbox 1927 4926 2161 4985">
     <span class='ocr_line' id='line_1_92' title="bbox 1927 4926 2161 4985; baseline 0.004 -2"><span class='ocrx_word' id='word_1_658' title='bbox 1927 4926 2161 4985; x_wconf 66' lang='lat' dir='ltr'><strong>NOTAE.</strong></span> 
     </span>
    </p>
   </div>
   <div class='ocr_carea' id='block_1_92' title="bbox 1972 5043 3639 5120">
    <p class='ocr_par' dir='ltr' id='par_1_92' title="bbox 1972 5043 3639 5120">
     <span class='ocr_line' id='line_1_93' title="bbox 1972 5043 3639 5120; baseline 0.001 -17"><span class='ocrx_word' id='word_1_659' title='bbox 1972 5050 2027 5111; x_wconf 90' lang='lat' dir='ltr'><strong>D</strong></span> <span class='ocrx_word' id='word_1_660' title='bbox 2129 5047 2239 5120; x_wconf 82' lang='lat'><strong>(89)</strong></span> <span class='ocrx_word' id='word_1_661' title='bbox 2267 5048 2330 5103; x_wconf 92' lang='lat' dir='ltr'><strong>D.</strong></span> <span class='ocrx_word' id='word_1_662' title='bbox 2395 5047 2531 5102; x_wconf 88' lang='lat' dir='ltr'><strong>Nov.</strong></span> <span class='ocrx_word' id='word_1_663' title='bbox 2588 5044 2879 5120; x_wconf 69' lang='lat' dir='ltr'><strong>142._Qui</strong></span> <span class='ocrx_word' id='word_1_664' title='bbox 2911 5043 3391 5120; x_wconf 83' lang='lat' dir='ltr'><strong>_publicabantur,</strong></span> <span class='ocrx_word' id='word_1_665' title='bbox 3447 5046 3639 5117; x_wconf 86' lang='lat' dir='ltr'><strong>idest,</strong></span> 
     </span>
    </p>
   </div>
   <div class='ocr_carea' id='block_1_93' title="bbox 2062 5116 3219 5191">
    <p class='ocr_par' dir='ltr' id='par_1_93' title="bbox 2062 5116 3219 5191">
     <span class='ocr_line' id='line_1_94' title="bbox 2062 5116 3219 5191; baseline -0.003 -17"><span class='ocrx_word' id='word_1_666' title='bbox 2062 5116 2265 5191; x_wconf 83' lang='lat' dir='ltr'><strong>publici</strong></span> <span class='ocrx_word' id='word_1_667' title='bbox 2300 5120 2503 5175; x_wconf 84' lang='lat' dir='ltr'><strong>flebant</strong></span> <span class='ocrx_word' id='word_1_668' title='bbox 2529 5120 2577 5191; x_wconf 72' lang='lat' dir='ltr'><strong>l.</strong></span> <span class='ocrx_word' id='word_1_669' title='bbox 2614 5120 2665 5181; x_wconf 90' lang='grc'><strong>1,</strong></span> <span class='ocrx_word' id='word_1_670' title='bbox 2702 5117 2766 5173; x_wconf 91' lang='lat' dir='ltr'><strong>C.</strong></span> <span class='ocrx_word' id='word_1_671' title='bbox 2803 5117 2877 5173; x_wconf 90' lang='lat' dir='ltr'><strong>De</strong></span> <span class='ocrx_word' id='word_1_672' title='bbox 2911 5116 3219 5191; x_wconf 85' lang='lat' dir='ltr'><strong>Eunuchis.</strong></span> 
     </span>
    </p>
   </div>
   <div class='ocr_carea' id='block_1_94' title="bbox 2118 5187 3645 5262">
    <p class='ocr_par' dir='ltr' id='par_1_94' title="bbox 2118 5187 3645 5262">
     <span class='ocr_line' id='line_1_95' title="bbox 2118 5187 3645 5262; baseline -0.001 -17"><span class='ocrx_word' id='word_1_673' title='bbox 2118 5190 2320 5262; x_wconf 71' lang='grc' dir='ltr'><strong>(ΩΟ-95)</strong></span> <span class='ocrx_word' id='word_1_674' title='bbox 2351 5192 2491 5257; x_wconf 75' lang='lat' dir='ltr'><strong>Lege</strong></span> <span class='ocrx_word' id='word_1_675' title='bbox 2527 5190 2917 5262; x_wconf 79' lang='lat' dir='ltr'><strong>Ripuariorum</strong></span> <span class='ocrx_word' id='word_1_676' title='bbox 2958 5190 3004 5262; x_wconf 82' lang='lat' dir='ltr'><strong>si</strong></span> <span class='ocrx_word' id='word_1_677' title='bbox 3044 5189 3320 5262; x_wconf 74' lang='lat' dir='ltr'><strong>ingenuus</strong></span> <span class='ocrx_word' id='word_1_678' title='bbox 3343 5187 3645 5262; x_wconf 71' lang='lat' dir='ltr'><strong>ingenuum</strong></span> 
     </span>
    </p>
   </div>
   <div class='ocr_carea' id='block_1_95' title="bbox 2047 5258 3650 5333">
    <p class='ocr_par' dir='ltr' id='par_1_95' title="bbox 2047 5258 3650 5333">
     <span class='ocr_line' id='line_1_96' title="bbox 2047 5258 3650 5333; baseline 0.002 -18"><span class='ocrx_word' id='word_1_679' title='bbox 2047 5258 2368 5333; x_wconf 72' lang='lat' dir='ltr'><strong>caStrasset,</strong></span> <span class='ocrx_word' id='word_1_680' title='bbox 2402 5263 2528 5329; x_wconf 77' lang='lat'><strong>500,</strong></span> <span class='ocrx_word' id='word_1_681' title='bbox 2556 5258 2750 5319; x_wconf 73' lang='lat' dir='ltr'><strong>sulidis</strong></span> <span class='ocrx_word' id='word_1_682' title='bbox 2781 5258 3124 5315; x_wconf 82' lang='lat' dir='ltr'><strong>multabatur</strong></span> <span class='ocrx_word' id='word_1_683' title='bbox 3147 5261 3234 5315; x_wconf 88' lang='lat' dir='ltr'><strong>tit.</strong></span> <span class='ocrx_word' id='word_1_684' title='bbox 3263 5258 3316 5326; x_wconf 90' lang='lat'><strong>6,</strong></span> <span class='ocrx_word' id='word_1_685' title='bbox 3351 5258 3378 5330; x_wconf 85' lang='lat'>§</span> <span class='ocrx_word' id='word_1_686' title='bbox 3411 5258 3460 5325; x_wconf 91' lang='grc'><strong>1,</strong></span> <span class='ocrx_word' id='word_1_687' title='bbox 3488 5259 3650 5333; x_wconf 73' lang='lat' dir='ltr'><strong>Legis</strong></span> 
     </span>
    </p>
   </div>
   <div class='ocr_carea' id='block_1_96' title="bbox 2053 5332 3071 5403">
    <p class='ocr_par' dir='ltr' id='par_1_96' title="bbox 2053 5332 3071 5403">
     <span class='ocr_line' id='line_1_97' title="bbox 2053 5332 3071 5403; baseline 0.001 -16"><span class='ocrx_word' id='word_1_688' title='bbox 2053 5332 2475 5403; x_wconf 83' lang='lat' dir='ltr'><strong>Ripuariorum.</strong></span> <span class='ocrx_word' id='word_1_689' title='bbox 2890 5402 2893 5403; x_wconf 17' lang='grc' dir='ltr'><em>ν</em></span> <span class='ocrx_word' id='word_1_690' title='bbox 3054 5365 3071 5403; x_wconf 15' lang='grc' dir='ltr'><strong>γ-</strong></span> 
     </span>
    </p>
   </div>
   <div class='ocr_carea' id='block_1_97' title="bbox 2124 5400 3648 5477">
    <p class='ocr_par' dir='ltr' id='par_1_97' title="bbox 2124 5400 3648 5477">
     <span class='ocr_line' id='line_1_98' title="bbox 2124 5400 3648 5477; baseline -0.003 -17"><span class='ocrx_word' id='word_1_691' title='bbox 2124 5400 2241 5477; x_wconf 64' lang='grc'>(91)</span> <span class='ocrx_word' id='word_1_692' title='bbox 2272 5403 2459 5460; x_wconf 68' lang='lat' dir='ltr'><strong>Poenis</strong></span> <span class='ocrx_word' id='word_1_693' title='bbox 2484 5411 2667 5477; x_wconf 75' lang='lat' dir='ltr'><strong>tamen</strong></span> <span class='ocrx_word' id='word_1_694' title='bbox 2699 5402 3103 5477; x_wconf 81' lang='lat' dir='ltr'><strong>ecclesiasticis</strong></span> <span class='ocrx_word' id='word_1_695' title='bbox 3140 5400 3465 5477; x_wconf 59' lang='lat' dir='ltr'><strong>subjicitur,</strong></span> <span class='ocrx_word' id='word_1_696' title='bbox 3524 5419 3648 5477; x_wconf 83' lang='lat' dir='ltr'><strong>nam</strong></span> 
     </span>
    </p>
   </div>
   <div class='ocr_carea' id='block_1_98' title="bbox 2055 5474 3648 5544">
    <p class='ocr_par' dir='ltr' id='par_1_98' title="bbox 2055 5474 3648 5544">
     <span class='ocr_line' id='line_1_99' title="bbox 2055 5474 3648 5544; baseline -0.002 -14"><span class='ocrx_word' id='word_1_697' title='bbox 2055 5475 2103 5530; x_wconf 88' lang='lat' dir='ltr'><strong>si</strong></span> <span class='ocrx_word' id='word_1_698' title='bbox 2131 5474 2374 5544; x_wconf 85' lang='lat' dir='ltr'><strong>seipsum</strong></span> <span class='ocrx_word' id='word_1_699' title='bbox 2401 5474 2676 5530; x_wconf 87' lang='lat' dir='ltr'><strong>mutilavit</strong></span> <span class='ocrx_word' id='word_1_700' title='bbox 2699 5490 2767 5529; x_wconf 86' lang='lat' dir='ltr'><strong>ne</strong></span> <span class='ocrx_word' id='word_1_701' title='bbox 2790 5476 2944 5530; x_wconf 86' lang='lat' dir='ltr'><strong>lieret</strong></span> <span class='ocrx_word' id='word_1_702' title='bbox 2974 5474 3213 5528; x_wconf 89' lang='lat' dir='ltr'><strong>clericus</strong></span> <span class='ocrx_word' id='word_1_703' title='bbox 3246 5481 3307 5526; x_wconf 86' lang='lat' dir='ltr'><strong>ut</strong></span> <span class='ocrx_word' id='word_1_704' title='bbox 3334 5474 3419 5544; x_wconf 70' lang='lat' dir='ltr'><strong>sui</strong></span> <span class='ocrx_word' id='word_1_705' title='bbox 3455 5474 3648 5527; x_wconf 83' lang='lat' dir='ltr'><strong>homi-</strong></span> 
     </span>
    </p>
   </div>
   <div class='ocr_carea' id='block_1_99' title="bbox 2054 5542 3635 5617">
    <p class='ocr_par' dir='ltr' id='par_1_99' title="bbox 2054 5542 3635 5617">
     <span class='ocr_line' id='line_1_100' title="bbox 2054 5542 3635 5617; baseline -0.001 -16"><span class='ocrx_word' id='word_1_706' title='bbox 2054 5546 2175 5601; x_wconf 86' lang='lat' dir='ltr'><strong>cida</strong></span> <span class='ocrx_word' id='word_1_707' title='bbox 2209 5542 2431 5617; x_wconf 87' lang='lat' dir='ltr'><strong>Deoque</strong></span> <span class='ocrx_word' id='word_1_708' title='bbox 2463 5544 2647 5617; x_wconf 78' lang='lat' dir='ltr'><strong>opifici</strong></span> <span class='ocrx_word' id='word_1_709' title='bbox 2674 5546 2852 5601; x_wconf 90' lang='lat' dir='ltr'><strong>hostis</strong></span> <span class='ocrx_word' id='word_1_710' title='bbox 2903 5546 3195 5617; x_wconf 85' lang='lat' dir='ltr'><strong>judicatu_r</strong></span> <span class='ocrx_word' id='word_1_711' title='bbox 3222 5559 3276 5617; x_wconf 84' lang='lat' dir='ltr'><strong>e._</strong></span> <span class='ocrx_word' id='word_1_712' title='bbox 3328 5542 3635 5617; x_wconf 67' lang='lat' dir='ltr'><strong>22,_apost.</strong></span> 
     </span>
    </p>
   </div>
   <div class='ocr_carea' id='block_1_100' title="bbox 2056 5613 3651 5688">
    <p class='ocr_par' dir='ltr' id='par_1_100' title="bbox 2056 5613 3651 5688">
     <span class='ocr_line' id='line_1_101' title="bbox 2056 5613 3651 5688; baseline -0.001 -16"><span class='ocrx_word' id='word_1_713' title='bbox 2056 5617 2103 5672; x_wconf 89' lang='lat' dir='ltr'><strong>si</strong></span> <span class='ocrx_word' id='word_1_714' title='bbox 2127 5618 2241 5688; x_wconf 87' lang='lat' dir='ltr'><strong>jam</strong></span> <span class='ocrx_word' id='word_1_715' title='bbox 2265 5613 2528 5683; x_wconf 75' lang='lat' dir='ltr'><strong>clericus,</strong></span> <span class='ocrx_word' id='word_1_716' title='bbox 2562 5615 2880 5688; x_wconf 89' lang='lat' dir='ltr'><strong>deponitur,</strong></span> <span class='ocrx_word' id='word_1_717' title='bbox 2904 5613 2991 5688; x_wconf 45' lang='grc' dir='ltr'>ὀη</span> <span class='ocrx_word' id='word_1_718' title='bbox 3014 5617 3114 5688; x_wconf 47' lang='grc' dir='ltr'><strong>Ξῦι</strong></span> <span class='ocrx_word' id='word_1_719' title='bbox 3138 5613 3278 5688; x_wconf 83' lang='lat' dir='ltr'><strong>Quid</strong></span> <span class='ocrx_word' id='word_1_720' title='bbox 3338 5615 3384 5688; x_wconf 85' lang='lat' dir='ltr'><strong>si</strong></span> <span class='ocrx_word' id='word_1_721' title='bbox 3412 5615 3651 5688; x_wconf 75' lang='lat' dir='ltr'><strong>laicus?</strong></span> 
     </span>
    </p>
   </div>
   <div class='ocr_carea' id='block_1_101' title="bbox 2056 5686 3649 5759">
    <p class='ocr_par' dir='ltr' id='par_1_101' title="bbox 2056 5686 3649 5759">
     <span class='ocr_line' id='line_1_102' title="bbox 2056 5686 3649 5759; baseline -0.001 -18"><span class='ocrx_word' id='word_1_722' title='bbox 2056 5686 2240 5744; x_wconf 84' lang='lat' dir='ltr'><strong>tribus</strong></span> <span class='ocrx_word' id='word_1_723' title='bbox 2272 5690 2434 5744; x_wconf 90' lang='lat' dir='ltr'><strong>annis</strong></span> <span class='ocrx_word' id='word_1_724' title='bbox 2466 5686 2814 5759; x_wconf 59' lang='lat' dir='ltr'><strong>segregantur,</strong></span> <span class='ocrx_word' id='word_1_725' title='bbox 2851 5703 2903 5741; x_wconf 92' lang='lat' dir='ltr'><strong>c.</strong></span> <span class='ocrx_word' id='word_1_726' title='bbox 2929 5686 3021 5750; x_wconf 74' lang='grc'>21,</span> <span class='ocrx_word' id='word_1_727' title='bbox 3049 5687 3181 5740; x_wconf 85' lang='lat' dir='ltr'><strong>ibid.</strong></span> <span class='ocrx_word' id='word_1_728' title='bbox 3233 5700 3342 5740; x_wconf 92' lang='lat' dir='ltr'><strong>non</strong></span> <span class='ocrx_word' id='word_1_729' title='bbox 3374 5686 3516 5759; x_wconf 88' lang='lat' dir='ltr'><strong>idem</strong></span> <span class='ocrx_word' id='word_1_730' title='bbox 3559 5696 3649 5759; x_wconf 84' lang='lat' dir='ltr'><strong>est</strong></span> 
     </span>
    </p>
   </div>
   <div class='ocr_carea' id='block_1_102' title="bbox 2054 5758 3645 5829">
    <p class='ocr_par' dir='ltr' id='par_1_102' title="bbox 2054 5758 3645 5829">
     <span class='ocr_line' id='line_1_103' title="bbox 2054 5758 3645 5829; baseline -0.001 -17"><span class='ocrx_word' id='word_1_731' title='bbox 2054 5758 2110 5812; x_wconf 92' lang='lat' dir='ltr'><strong>in</strong></span> <span class='ocrx_word' id='word_1_732' title='bbox 2155 5775 2220 5815; x_wconf 91' lang='lat' dir='ltr'><strong>eo</strong></span> <span class='ocrx_word' id='word_1_733' title='bbox 2252 5761 2343 5829; x_wconf 88' lang='lat' dir='ltr'><strong>qui</strong></span> <span class='ocrx_word' id='word_1_734' title='bbox 2380 5761 2430 5813; x_wconf 92' lang='lat' dir='ltr'><strong>vi</strong></span> <span class='ocrx_word' id='word_1_735' title='bbox 2457 5758 2699 5813; x_wconf 85' lang='lat' dir='ltr'><strong>hostium</strong></span> <span class='ocrx_word' id='word_1_736' title='bbox 2737 5760 2818 5815; x_wconf 90' lang='lat' dir='ltr'><strong>vel</strong></span> <span class='ocrx_word' id='word_1_737' title='bbox 2849 5774 2879 5812; x_wconf 84' lang='lat' dir='ltr'><strong>a</strong></span> <span class='ocrx_word' id='word_1_738' title='bbox 2932 5768 3167 5829; x_wconf 80' lang='lat' dir='ltr'><strong>tyranno</strong></span> <span class='ocrx_word' id='word_1_739' title='bbox 3231 5758 3645 5826; x_wconf 80' lang='lat' dir='ltr'><strong>persecutionis</strong></span> 
     </span>
    </p>
   </div>
   <div class='ocr_carea' id='block_1_103' title="bbox 2056 5829 3645 5957">
    <p class='ocr_par' dir='ltr' id='par_1_103' title="bbox 2056 5829 3645 5957">
     <span class='ocr_line' id='line_1_104' title="bbox 2056 5829 3645 5957; baseline 0.002 -75"><span class='ocrx_word' id='word_1_740' title='bbox 2056 5839 2303 5957; x_wconf 56' lang='lat' dir='ltr'><strong>tempore</strong></span> <span class='ocrx_word' id='word_1_741' title='bbox 2331 5840 2610 5886; x_wconf 82' lang='lat' dir='ltr'><strong>castratus</strong></span> <span class='ocrx_word' id='word_1_742' title='bbox 2637 5839 2742 5898; x_wconf 87' lang='lat' dir='ltr'><strong>cst,</strong></span> <span class='ocrx_word' id='word_1_743' title='bbox 2776 5838 2871 5885; x_wconf 83' lang='lat' dir='ltr'><strong>aut</strong></span> <span class='ocrx_word' id='word_1_744' title='bbox 2898 5830 2991 5900; x_wconf 90' lang='lat' dir='ltr'><strong>qui</strong></span> <span class='ocrx_word' id='word_1_745' title='bbox 3020 5841 3182 5885; x_wconf 88' lang='lat' dir='ltr'><strong>natus</strong></span> <span class='ocrx_word' id='word_1_746' title='bbox 3225 5836 3312 5885; x_wconf 88' lang='lat' dir='ltr'><strong>est</strong></span> <span class='ocrx_word' id='word_1_747' title='bbox 3348 5829 3645 5885; x_wconf 85' lang='lat' dir='ltr'><strong>eunuchus</strong></span> 
     </span>
     <span class='ocr_line' id='line_1_105' title="bbox 2059 5910 2435 5957; baseline 0.005 -2"><span class='ocrx_word' id='word_1_748' title='bbox 2059 5910 2160 5957; x_wconf 57' lang='grc' dir='ltr'><strong>αἱ.</strong></span> <span class='ocrx_word' id='word_1_749' title='bbox 2207 5944 2220 5957; x_wconf 91' lang='grc'>.</span> <span class='ocrx_word' id='word_1_750' title='bbox 2255 5913 2435 5957; x_wconf 82' lang='lat' dir='ltr'><strong>abest.</strong></span> 
     </span>
    </p>
   </div>
   <div class='ocr_carea' id='block_1_104' title="bbox 2059 5910 2435 5974">
    <p class='ocr_par' dir='ltr' id='par_1_104' title="bbox 2059 5910 2435 5974">
     <span class='ocr_line' id='line_1_106' title="bbox 2059 5910 2435 5974; baseline 0.005 -19"><span class='ocrx_word' id='word_1_751' title='bbox 2059 5910 2220 5970; x_wconf 56' lang='grc' dir='ltr'>(λιιι,</span> <span class='ocrx_word' id='word_1_752' title='bbox 2255 5913 2435 5974; x_wconf 84' lang='lat' dir='ltr'><strong>apost.</strong></span> 
     </span>
    </p>
   </div>
   <div class='ocr_carea' id='block_1_105' title="bbox 442 5040 1599 5112">
    <p class='ocr_par' dir='ltr' id='par_1_105' title="bbox 442 5040 1599 5112">
     <span class='ocr_line' id='line_1_107' title="bbox 442 5040 1599 5112; baseline 0.001 -15"><span class='ocrx_word' id='word_1_753' title='bbox 442 5042 555 5112; x_wconf 83' lang='lat'><strong>(87)</strong></span> <span class='ocrx_word' id='word_1_754' title='bbox 582 5041 641 5097; x_wconf 85' lang='lat' dir='ltr'><strong>Id</strong></span> <span class='ocrx_word' id='word_1_755' title='bbox 666 5051 770 5104; x_wconf 88' lang='lat' dir='ltr'><strong>est,</strong></span> <span class='ocrx_word' id='word_1_756' title='bbox 801 5041 867 5096; x_wconf 90' lang='lat' dir='ltr'><strong>ad</strong></span> <span class='ocrx_word' id='word_1_757' title='bbox 897 5040 1144 5097; x_wconf 88' lang='lat' dir='ltr'><strong>eamdem</strong></span> <span class='ocrx_word' id='word_1_758' title='bbox 1182 5044 1599 5099; x_wconf 85' lang='lat' dir='ltr'><strong>castrationem.</strong></span> 
     </span>
    </p>
   </div>
   <div class='ocr_carea' id='block_1_106' title="bbox 440 5113 1941 5188">
    <p class='ocr_par' dir='ltr' id='par_1_106' title="bbox 440 5113 1941 5188">
     <span class='ocr_line' id='line_1_108' title="bbox 440 5113 1941 5188; baseline 0.002 -18"><span class='ocrx_word' id='word_1_759' title='bbox 440 5115 553 5184; x_wconf 78' lang='lat'><strong>(88)</strong></span> <span class='ocrx_word' id='word_1_760' title='bbox 579 5113 827 5188; x_wconf 64' lang='lat' dir='ltr'><strong>Talionis</strong></span> <span class='ocrx_word' id='word_1_761' title='bbox 857 5124 940 5188; x_wconf 77' lang='lat' dir='ltr'><strong>est</strong></span> <span class='ocrx_word' id='word_1_762' title='bbox 967 5130 1148 5184; x_wconf 87' lang='lat' dir='ltr'><strong>poena.</strong></span> <span class='ocrx_word' id='word_1_763' title='bbox 1179 5125 1236 5170; x_wconf 91' lang='lat' dir='ltr'><strong>ut</strong></span> <span class='ocrx_word' id='word_1_764' title='bbox 1266 5116 1372 5170; x_wconf 88' lang='lat' dir='ltr'><strong>tale</strong></span> <span class='ocrx_word' id='word_1_765' title='bbox 1393 5116 1493 5188; x_wconf 78' lang='lat' dir='ltr'><strong>qui</strong></span> <span class='ocrx_word' id='word_1_766' title='bbox 1523 5116 1761 5184; x_wconf 79' lang='lat' dir='ltr'><strong>patiatur</strong></span> <span class='ocrx_word' id='word_1_767' title='bbox 1793 5119 1941 5188; x_wconf 90' lang='lat' dir='ltr'><strong>quod</strong></span> 
     </span>
    </p>
   </div>
   <div class='ocr_carea' id='block_1_107' title="bbox 373 5183 1944 5259">
    <p class='ocr_par' dir='ltr' id='par_1_107' title="bbox 373 5183 1944 5259">
     <span class='ocr_line' id='line_1_109' title="bbox 373 5183 1944 5259; baseline 0.003 -18"><span class='ocrx_word' id='word_1_768' title='bbox 373 5183 1111 5259; x_wconf 18' lang='lat' dir='ltr'><strong>fecit,&#39;deifl‘alienis_pmna</strong></span> <span class='ocrx_word' id='word_1_769' title='bbox 1142 5187 1253 5259; x_wconf 69' lang='lat' dir='ltr'><strong>diig</strong></span> <span class='ocrx_word' id='word_1_770' title='bbox 1282 5183 1485 5259; x_wconf 74' lang='lat' dir='ltr'><strong>fmultis</strong></span> <span class='ocrx_word' id='word_1_771' title='bbox 1526 5183 1688 5251; x_wconf 85' lang='lat' dir='ltr'><strong>locis,</strong></span> <span class='ocrx_word' id='word_1_772' title='bbox 1739 5183 1944 5259; x_wconf 80' lang='lat' dir='ltr'><strong>quibus</strong></span> 
     </span>
    </p>
   </div>
   <div class='ocr_carea' id='block_1_108' title="bbox 371 5253 1944 5330">
    <p class='ocr_par' dir='ltr' id='par_1_108' title="bbox 371 5253 1944 5330">
     <span class='ocr_line' id='line_1_110' title="bbox 371 5253 1944 5330; baseline 0.003 -19"><span class='ocrx_word' id='word_1_773' title='bbox 371 5258 607 5330; x_wconf 73' lang='lat' dir='ltr'><strong>adiunge</strong></span> <span class='ocrx_word' id='word_1_774' title='bbox 636 5257 772 5312; x_wconf 88' lang='lat' dir='ltr'><strong>Nov.</strong></span> <span class='ocrx_word' id='word_1_775' title='bbox 799 5256 891 5321; x_wconf 79' lang='grc'><strong>95,</strong></span> <span class='ocrx_word' id='word_1_776' title='bbox 919 5253 968 5312; x_wconf 87' lang='lat' dir='ltr'><strong>J.</strong></span> <span class='ocrx_word' id='word_1_777' title='bbox 1008 5258 1052 5330; x_wconf 84' lang='lat' dir='ltr'><strong>l.</strong></span> <span class='ocrx_word' id='word_1_778' title='bbox 1080 5259 1178 5312; x_wconf 86' lang='lat' dir='ltr'><strong>ull.</strong></span> <span class='ocrx_word' id='word_1_779' title='bbox 1204 5257 1341 5330; x_wconf 87' lang='lat' dir='ltr'><strong>Co_d.</strong></span> <span class='ocrx_word' id='word_1_780' title='bbox 1375 5274 1445 5330; x_wconf 74' lang='lat' dir='ltr'><strong>ne</strong></span> <span class='ocrx_word' id='word_1_781' title='bbox 1470 5273 1626 5315; x_wconf 84' lang='lat' dir='ltr'><strong>sane.</strong></span> <span class='ocrx_word' id='word_1_782' title='bbox 1683 5253 1944 5330; x_wconf 80' lang='lat' dir='ltr'><strong>baptism.</strong></span> 
     </span>
    </p>
   </div>
   <div class='ocr_carea' id='block_1_109' title="bbox 370 5328 1943 5387">
    <p class='ocr_par' dir='ltr' id='par_1_109' title="bbox 370 5328 1943 5387">
     <span class='ocr_line' id='line_1_111' title="bbox 370 5328 1943 5387; baseline 0.001 -4"><span class='ocrx_word' id='word_1_783' title='bbox 370 5329 408 5383; x_wconf 80' lang='grc' dir='ltr'><strong>ἰ.</strong></span> <span class='ocrx_word' id='word_1_784' title='bbox 437 5328 634 5383; x_wconf 52' lang='grc' dir='ltr'>ιιΙιζε.</span> <span class='ocrx_word' id='word_1_785' title='bbox 667 5330 741 5383; x_wconf 85' lang='lat' dir='ltr'><strong>De</strong></span> <span class='ocrx_word' id='word_1_786' title='bbox 764 5337 1008 5383; x_wconf 87' lang='lat' dir='ltr'><strong>accusat.</strong></span> <span class='ocrx_word' id='word_1_787' title='bbox 1047 5329 1085 5382; x_wconf 92' lang='lat' dir='ltr'><strong>l.</strong></span> <span class='ocrx_word' id='word_1_788' title='bbox 1119 5329 1218 5385; x_wconf 92' lang='lat' dir='ltr'><strong>ult.</strong></span> <span class='ocrx_word' id='word_1_789' title='bbox 1251 5328 1316 5384; x_wconf 88' lang='lat' dir='ltr'><strong>C.</strong></span> <span class='ocrx_word' id='word_1_790' title='bbox 1372 5328 1447 5383; x_wconf 87' lang='lat' dir='ltr'><strong>De</strong></span> <span class='ocrx_word' id='word_1_791' title='bbox 1501 5328 1943 5387; x_wconf 82' lang='lat' dir='ltr'><strong>calumniatorib.</strong></span> 
     </span>
    </p>
   </div>
   <div class='ocr_carea' id='block_1_110' title="bbox 376 5397 1946 5473">
    <p class='ocr_par' dir='ltr' id='par_1_110' title="bbox 376 5397 1946 5473">
     <span class='ocr_line' id='line_1_112' title="bbox 376 5397 1946 5473; baseline 0.003 -20"><span class='ocrx_word' id='word_1_792' title='bbox 376 5402 413 5455; x_wconf 90' lang='grc' dir='ltr'>Ι.</span> <span class='ocrx_word' id='word_1_793' title='bbox 446 5400 576 5462; x_wconf 88' lang='lat' dir='ltr'><strong>7,C.</strong></span> <span class='ocrx_word' id='word_1_794' title='bbox 600 5400 729 5473; x_wconf 65' lang='lat' dir='ltr'><strong>ad}.</strong></span> <span class='ocrx_word' id='word_1_795' title='bbox 753 5397 967 5473; x_wconf 17' lang='grc' dir='ltr'>ἕως,οε</span> <span class='ocrx_word' id='word_1_796' title='bbox 988 5401 1037 5454; x_wconf 85' lang='lat' dir='ltr'><strong>vi</strong></span> <span class='ocrx_word' id='word_1_797' title='bbox 1066 5400 1317 5473; x_wconf 72' lang='lat' dir='ltr'><strong>publica,</strong></span> <span class='ocrx_word' id='word_1_798' title='bbox 1354 5401 1389 5455; x_wconf 86' lang='grc' dir='ltr'>ι.</span> <span class='ocrx_word' id='word_1_799' title='bbox 1416 5402 1514 5473; x_wconf 85' lang='lat' dir='ltr'><strong>ult.</strong></span> <span class='ocrx_word' id='word_1_800' title='bbox 1544 5401 1608 5455; x_wconf 77' lang='grc' dir='ltr'><strong>Ο.</strong></span> <span class='ocrx_word' id='word_1_801' title='bbox 1643 5400 1715 5457; x_wconf 89' lang='lat' dir='ltr'><strong>De</strong></span> <span class='ocrx_word' id='word_1_802' title='bbox 1741 5404 1827 5458; x_wconf 89' lang='lat' dir='ltr'><strong>his</strong></span> <span class='ocrx_word' id='word_1_803' title='bbox 1852 5405 1946 5473; x_wconf 88' lang='lat' dir='ltr'><strong>qui</strong></span> 
     </span>
    </p>
   </div>
   <div class='ocr_carea' id='block_1_111' title="bbox 375 5470 1948 5538">
    <p class='ocr_par' dir='ltr' id='par_1_111' title="bbox 375 5470 1948 5538">
     <span class='ocr_line' id='line_1_113' title="bbox 375 5470 1948 5538; baseline 0.003 -12"><span class='ocrx_word' id='word_1_804' title='bbox 375 5470 788 5527; x_wconf 81' lang='lat' dir='ltr'><strong>Iatrones.Nov.</strong></span> <span class='ocrx_word' id='word_1_805' title='bbox 812 5471 932 5529; x_wconf 67' lang='grc'><strong>125.</strong></span> <span class='ocrx_word' id='word_1_806' title='bbox 949 5486 1000 5525; x_wconf 94' lang='lat' dir='ltr'><strong>c.</strong></span> <span class='ocrx_word' id='word_1_807' title='bbox 1020 5472 1105 5525; x_wconf 88' lang='grc'>11.</span> <span class='ocrx_word' id='word_1_808' title='bbox 1128 5471 1299 5527; x_wconf 82' lang='lat' dir='ltr'><strong>Exod.</strong></span> <span class='ocrx_word' id='word_1_809' title='bbox 1321 5488 1437 5535; x_wconf 74' lang='lat' dir='ltr'><strong>XXI,</strong></span> <span class='ocrx_word' id='word_1_810' title='bbox 1464 5471 1591 5526; x_wconf 81' lang='lat' dir='ltr'><strong>Lev.</strong></span> <span class='ocrx_word' id='word_1_811' title='bbox 1614 5488 1761 5538; x_wconf 70' lang='lat' dir='ltr'><strong>xxnv,</strong></span> <span class='ocrx_word' id='word_1_812' title='bbox 1789 5470 1948 5531; x_wconf 83' lang='lat' dir='ltr'><strong>Deut.</strong></span> 
     </span>
    </p>
   </div>
   <div class='ocr_carea' id='block_1_112' title="bbox 376 5542 1947 5615">
    <p class='ocr_par' dir='ltr' id='par_1_112' title="bbox 376 5542 1947 5615">
     <span class='ocr_line' id='line_1_114' title="bbox 376 5542 1947 5615; baseline 0.002 -18"><span class='ocrx_word' id='word_1_813' title='bbox 376 5542 699 5615; x_wconf 39' lang='lat' dir='ltr'><strong>xxeratth.</strong></span> <span class='ocrx_word' id='word_1_814' title='bbox 720 5558 773 5607; x_wconf 77' lang='grc' dir='ltr'>ν,</span> <span class='ocrx_word' id='word_1_815' title='bbox 796 5542 1019 5615; x_wconf 74' lang='lat' dir='ltr'><strong>Apocal.</strong></span> <span class='ocrx_word' id='word_1_816' title='bbox 1044 5558 1174 5615; x_wconf 61' lang='lat' dir='ltr'><strong>xm,</strong></span> <span class='ocrx_word' id='word_1_817' title='bbox 1198 5558 1246 5615; x_wconf 83' lang='lat' dir='ltr'><strong>c.</strong></span> <span class='ocrx_word' id='word_1_818' title='bbox 1284 5544 1427 5615; x_wconf 72' lang='lat' dir='ltr'><strong>quod</strong></span> <span class='ocrx_word' id='word_1_819' title='bbox 1452 5545 1682 5615; x_wconf 71' lang='lat' dir='ltr'><strong>«lebetur</strong></span> <span class='ocrx_word' id='word_1_820' title='bbox 1708 5544 1789 5611; x_wconf 70' lang='grc'>14,</span> <span class='ocrx_word' id='word_1_821' title='bbox 1813 5563 1866 5615; x_wconf 93' lang='lat' dir='ltr'><strong>q.</strong></span> <span class='ocrx_word' id='word_1_822' title='bbox 1894 5548 1947 5611; x_wconf 87' lang='grc'><strong>1,</strong></span> 
     </span>
    </p>
   </div>
   <div class='ocr_carea' id='block_1_113' title="bbox 375 5612 1950 5683">
    <p class='ocr_par' dir='ltr' id='par_1_113' title="bbox 375 5612 1950 5683">
     <span class='ocr_line' id='line_1_115' title="bbox 375 5612 1950 5683; baseline 0.003 -14"><span class='ocrx_word' id='word_1_823' title='bbox 375 5630 427 5669; x_wconf 91' lang='lat' dir='ltr'><strong>c.</strong></span> <span class='ocrx_word' id='word_1_824' title='bbox 458 5613 567 5669; x_wconf 84' lang='lat' dir='ltr'><strong>Sex</strong></span> <span class='ocrx_word' id='word_1_825' title='bbox 597 5612 1036 5683; x_wconf 75' lang='lat' dir='ltr'><strong>dilferentiae_25.</strong></span> <span class='ocrx_word' id='word_1_826' title='bbox 1062 5629 1117 5683; x_wconf 74' lang='grc' dir='ltr'><strong>(ς.</strong></span> <span class='ocrx_word' id='word_1_827' title='bbox 1145 5614 1197 5676; x_wconf 71' lang='grc' dir='ltr'>ὖ,</span> <span class='ocrx_word' id='word_1_828' title='bbox 1224 5614 1280 5670; x_wconf 69' lang='grc'>4.</span> <span class='ocrx_word' id='word_1_829' title='bbox 1317 5618 1352 5667; x_wconf 90' lang='lat' dir='ltr'><strong>l.</strong></span> <span class='ocrx_word' id='word_1_830' title='bbox 1393 5614 1445 5676; x_wconf 80' lang='grc'>5,</span> <span class='ocrx_word' id='word_1_831' title='bbox 1482 5614 1553 5668; x_wconf 85' lang='lat' dir='ltr'><strong>De</strong></span> <span class='ocrx_word' id='word_1_832' title='bbox 1598 5612 1950 5673; x_wconf 78' lang='lat' dir='ltr'><strong>contumeliis</strong></span> 
     </span>
    </p>
   </div>
   <div class='ocr_carea' id='block_1_114' title="bbox 375 5681 1946 5755">
    <p class='ocr_par' dir='ltr' id='par_1_114' title="bbox 375 5681 1946 5755">
     <span class='ocr_line' id='line_1_116' title="bbox 375 5681 1946 5755; baseline 0.002 -16"><span class='ocrx_word' id='word_1_833' title='bbox 375 5697 432 5741; x_wconf 91' lang='lat' dir='ltr'><strong>et</strong></span> <span class='ocrx_word' id='word_1_834' title='bbox 472 5686 792 5740; x_wconf 84' lang='lat' dir='ltr'><strong>vulneribus</strong></span> <span class='ocrx_word' id='word_1_835' title='bbox 851 5681 983 5755; x_wconf 27' lang='grc'>1.,6,</span> <span class='ocrx_word' id='word_1_836' title='bbox 1012 5681 1394 5755; x_wconf 56' lang='grc' dir='ltr'><strong>Οζννιεὶεοιι.</strong></span> <span class='ocrx_word' id='word_1_837' title='bbox 1445 5686 1543 5739; x_wconf 84' lang='lat' dir='ltr'><strong>lib.</strong></span> <span class='ocrx_word' id='word_1_838' title='bbox 1582 5703 1664 5751; x_wconf 78' lang='lat' dir='ltr'><strong>vi,</strong></span> <span class='ocrx_word' id='word_1_839' title='bbox 1717 5688 1946 5751; x_wconf 81' lang='lat' dir='ltr'><strong>Quintil.</strong></span> 
     </span>
    </p>
   </div>
   <div class='ocr_carea' id='block_1_115' title="bbox 375 5753 1947 5829">
    <p class='ocr_par' dir='ltr' id='par_1_115' title="bbox 375 5753 1947 5829">
     <span class='ocr_line' id='line_1_117' title="bbox 375 5753 1947 5829; baseline 0.001 -18"><span class='ocrx_word' id='word_1_840' title='bbox 375 5757 514 5811; x_wconf 88' lang='lat' dir='ltr'><strong>decl.</strong></span> <span class='ocrx_word' id='word_1_841' title='bbox 543 5756 669 5829; x_wconf 78' lang='lat'><strong>558.</strong></span> <span class='ocrx_word' id='word_1_842' title='bbox 724 5756 850 5819; x_wconf 72' lang='lat'><strong>275,</strong></span> <span class='ocrx_word' id='word_1_843' title='bbox 885 5753 1175 5829; x_wconf 77' lang='lat' dir='ltr'><strong>lsi_dor._5,</strong></span> <span class='ocrx_word' id='word_1_844' title='bbox 1206 5753 1552 5829; x_wconf 51' lang='lat' dir='ltr'><strong>Et&#39;ylnol.9.7,</strong></span> <span class='ocrx_word' id='word_1_845' title='bbox 1604 5757 1824 5829; x_wconf 66' lang='lat' dir='ltr'><strong>lliodor.</strong></span> <span class='ocrx_word' id='word_1_846' title='bbox 1860 5760 1947 5824; x_wconf 85' lang='grc'>15,</span> 
     </span>
    </p>
   </div>
   <div class='ocr_carea' id='block_1_116' title="bbox 372 5827 1947 5894">
    <p class='ocr_par' dir='ltr' id='par_1_116' title="bbox 372 5827 1947 5894">
     <span class='ocr_line' id='line_1_118' title="bbox 372 5827 1947 5894; baseline 0.001 -13"><span class='ocrx_word' id='word_1_847' title='bbox 372 5828 697 5884; x_wconf 73' lang='lat' dir='ltr'><strong>Aristoteles</strong></span> <span class='ocrx_word' id='word_1_848' title='bbox 721 5837 902 5881; x_wconf 90' lang='lat' dir='ltr'><strong>tamen</strong></span> <span class='ocrx_word' id='word_1_849' title='bbox 928 5827 979 5889; x_wconf 83' lang='grc'>5,</span> <span class='ocrx_word' id='word_1_850' title='bbox 1021 5827 1203 5881; x_wconf 88' lang='lat' dir='ltr'><strong>Ethic.</strong></span> <span class='ocrx_word' id='word_1_851' title='bbox 1237 5827 1295 5883; x_wconf 86' lang='lat' dir='ltr'><strong>ut</strong></span> <span class='ocrx_word' id='word_1_852' title='bbox 1344 5830 1560 5894; x_wconf 82' lang='lat' dir='ltr'><strong>etapud</strong></span> <span class='ocrx_word' id='word_1_853' title='bbox 1598 5827 1832 5883; x_wconf 80' lang='lat' dir='ltr'><strong>Gellium</strong></span> <span class='ocrx_word' id='word_1_854' title='bbox 1857 5830 1947 5894; x_wconf 73' lang='lat'><strong>&#39;20,</strong></span> 
     </span>
    </p>
   </div>
   <div class='ocr_carea' id='block_1_117' title="bbox 374 5896 1939 5967">
    <p class='ocr_par' dir='ltr' id='par_1_117' title="bbox 374 5896 1939 5967">
     <span class='ocr_line' id='line_1_119' title="bbox 374 5896 1939 5967; baseline 0.004 -16"><span class='ocrx_word' id='word_1_855' title='bbox 374 5915 426 5951; x_wconf 87' lang='lat' dir='ltr'><strong>c.</strong></span> <span class='ocrx_word' id='word_1_856' title='bbox 464 5899 517 5965; x_wconf 83' lang='grc'><strong>1,</strong></span> <span class='ocrx_word' id='word_1_857' title='bbox 547 5897 607 5951; x_wconf 83' lang='grc' dir='ltr'><strong>τὸ</strong></span> <span class='ocrx_word' id='word_1_858' title='bbox 639 5897 1037 5952; x_wconf 76' lang='grc' dir='ltr'>ἀντιπέπονθεν</span> <span class='ocrx_word' id='word_1_859' title='bbox 1061 5900 1335 5967; x_wconf 81' lang='lat' dir='ltr'><strong>reprobat.</strong></span> <span class='ocrx_word' id='word_1_860' title='bbox 1377 5896 1483 5952; x_wconf 78' lang='lat' dir='ltr'><strong>Nec</strong></span> <span class='ocrx_word' id='word_1_861' title='bbox 1523 5912 1606 5953; x_wconf 80' lang='lat' dir='ltr'><strong>est</strong></span> <span class='ocrx_word' id='word_1_862' title='bbox 1634 5903 1801 5954; x_wconf 81' lang='lat' dir='ltr'><strong>etiam</strong></span> <span class='ocrx_word' id='word_1_863' title='bbox 1838 5904 1939 5957; x_wconf 80' lang='lat' dir='ltr'><strong>ho-</strong></span> 
     </span>
    </p>
   </div>
   <div class='ocr_carea' id='block_1_118' title="bbox 375 5967 1767 6041">
    <p class='ocr_par' dir='ltr' id='par_1_118' title="bbox 375 5967 1767 6041">
     <span class='ocr_line' id='line_1_120' title="bbox 375 5967 1767 6041; baseline 0.002 -18"><span class='ocrx_word' id='word_1_864' title='bbox 375 5970 462 6026; x_wconf 85' lang='lat' dir='ltr'><strong>die</strong></span> <span class='ocrx_word' id='word_1_865' title='bbox 498 5973 548 6026; x_wconf 85' lang='lat' dir='ltr'><strong>in</strong></span> <span class='ocrx_word' id='word_1_866' title='bbox 587 5986 713 6036; x_wconf 90' lang='lat' dir='ltr'><strong>usu,</strong></span> <span class='ocrx_word' id='word_1_867' title='bbox 746 5968 855 6025; x_wconf 86' lang='lat' dir='ltr'><strong>vid.</strong></span> <span class='ocrx_word' id='word_1_868' title='bbox 884 5967 1003 6027; x_wconf 80' lang='lat' dir='ltr'><strong>Pet.</strong></span> <span class='ocrx_word' id='word_1_869' title='bbox 1038 5969 1198 6041; x_wconf 65' lang='grc' dir='ltr'><strong>(ἐι-ες.</strong></span> <span class='ocrx_word' id='word_1_870' title='bbox 1236 5970 1325 6037; x_wconf 79' lang='lat' dir='ltr'><strong>5i,</strong></span> <span class='ocrx_word' id='word_1_871' title='bbox 1364 5978 1633 6041; x_wconf 76' lang='lat' dir='ltr'><strong>syntagun.</strong></span> <span class='ocrx_word' id='word_1_872' title='bbox 1678 5972 1767 6027; x_wconf 73' lang='lat'><strong>20.</strong></span> 
     </span>
    </p>
   </div>
  </div>
