4086 6326
282 362 399 429 561

1400 368 1767 433 ΝΟνΕιιΑῖ
1815 369 2492 434 CONSTITUTIONES.

3462 361 3570 427 562

278 491 494 547 γματος
516 471 898 545 τολμηθέντος,
937 475 1097 548 διπλῇ
1126 476 1425 550 ἀπαιτήσει
1448 481 1777 553 ζημιοῦσθαι
1801 474 1864 536 οὗ

1975 480 2202 551 atuplius
2229 479 2493 550 exegerit.
2517 476 2638 546 ejus
2664 474 2890 547 duplum
2921 472 3236 545 dependat:
3267 473 3352 528 sin
3389 474 3440 528 id
3480 476 3563 529 ia-

276 568 685 639 ὑπερεκτείνων
713 567 760 600 ⁸⁸
790 566 947 640 ὤφθη
987 570 1179 635 τέλους
1230 572 1331 642 τὴν
1378 572 1669 644 εῐσπραξιν
1693 617 1708 638 ,
1739 575 1788 629 εἰ
1822 575 1868 629 δ’

272 661 533 730 ἐπιμένοι
566 661 726 715 τοῦτο
759 664 1038 732 πράττων,
1071 664 1467 734 τετραπλάσιον
1506 668 1871 739 ἀναστρέφειν

271 754 358 823 τῷ
387 754 707 825 ἠδικημένῳ
739 754 800 809 τὸ
831 755 1059 827 ληφθὲν,
1097 758 1191 811 καὶ
1241 759 1453 832 ἀτίμως
1498 761 1597 829 τῆς
1628 763 1870 831 ἐμπεπι-

274 846 588 917 στευμένης
633 847 915 917 φροντίδος
954 849 1293 916 ἐξίστασθαιδ
1338 853 1437 907 καὶ¹
1483 850 1624 907 εἶναι
1658 857 1766 909 ἀπό
1806 873 1871 925 γε

270 938 376 990 τοῦ
407 938 506 990 νῦν
521 938 616 993 τοῦ
648 939 896 994 τοιούτου
917 941 1270 1013 ἐγκλήματος
1296 943 1502 1016 ταύτην
1524 950 1622 1017 τὴν
1638 947 1869 1017 ζημίαν,

273 1030 423 1084 ἀλλὰ
471 1030 549 1101 μὴ
593 1030 726 1102 περὶ
772 1030 952 1104 ψυχὴν
996 1033 1335 1088 κινδυνεύειν
1370 1036 1500 1102 τοὺς
1534 1038 1758 1102 ἀδίκους
1792 1040 1872 1102 είς

272 1126 385 1195 χρή
396 1141 569 1195 ματα.

849 1219 1167 1275 ΔῐΑΤΑΞΙΣ
1198 1220 1322 1276 EB’.

274 1308 425 1379 Περὶ
452 1309 567 1381 τῆς
594 1310 909 1378 κολάσεως
942 1311 1062 1365 τῶν
1090 1330 1143 1365 τι
1166 1313 1736 1382 ἀπεμπολησὰντων
1764 1314 1872 1371 τοῦ

769 1384 1068 1453 δημοσίου
1096 1383 1391 1453 ὑπάρχον.

364 1472 427 1526 ’0
451 1474 617 1540 αὑτὸς
658 1474 914 1547 βασιλεὺς
945 1475 1223 1547 Στυλιανῷ
1254 1476 1332 1546 τῷ
1367 1476 1538 1547 αὐτῷ.

357 1566 550 1633 Ἀξιον
580 1567 683 1639 μὲν
723 1570 851 1633 τοὺς
903 1569 1184 1638 δημοσίων
1238 1569 1594 1640 ἀδικημάτων
1652 1569 1874 1643 ἐνόχους

274 1659 533 1725 κολάζειν
560 1661 655 1715 καὶ
694 1662 972 1726 τοιαύταις
1007 1663 1244 1730 ὑπάγειν
1286 1663 1603 1734 τιμωρίαις,
1649 1664 1707 1718 αἱ
1739 1665 1871 1736 μὲλ-

272 1751 468 1807 λουσιν
520 1754 603 1809 δτι
649 1754 887 1824 μάλιστα
939 1755 1076 1827 πρὸς
1128 1755 1190 1809 τὸ
1232 1754 1446 1828 σῶφρον
1497 1758 1870 1826 ὲπανάγουσαι

1977 590 2103 631 cere
2133 582 2343 645 pergat,
2372 574 2427 628 in
2464 571 2855 644 quadruplum,
2882 568 3031 639 quod
3074 569 3313 640 amplius
3344 580 3567 640 captum

1976 676 2084 729 est.
2115 668 2180 723 ad
2213 667 2413 737 injuria
2452 666 2708 721 allectum
2763 665 2973 727 redeat,
3028 662 3227 733 illeque
3254 679 3377 718 cum
3405 666 3565 734 igno-

1976 762 2151 818 minia
2173 777 2201 815 a
2228 760 2550 815 concredito
2584 759 2688 815 sibi
2742 757 2922 813 ollicio
2950 755 3203 812 decedat.
3231 760 3307 811 Ac
3340 757 3405 811 sit
3435 772 3567 810 sane

1976 855 2205 927 posthac
2234 854 2418 910 delicti
2454 852 2620 923 hujus
2658 853 2772 908 haec
2819 866 3004 923 pana,
3032 866 3212 924 neque
3238 851 3572 923 pecuniaria:

1980 962 2111 1004 reus
2138 946 2209 1002 de
2244 946 2354 1001 vita
2387 944 2754 1017 periclitetur.

2447 1218 2918 1278 CONSTITUTIO
2950 1217 3110 1274 LXII.

1982 1317 2060 1373 De
2087 1333 2243 1388 pwua
2273 1315 2351 1389 (ὅ)
2380 1317 2495 1387 ejus
2513 1317 2605 1387 qui
2644 1332 2751 1439 re?
2803 1314 3040 1440 aliquam
3086 1313 3356 1383 publicam
3390 1309 3570 1367 tendi-

2739 1403 2814 1439 ενι
2848 1428 2861 1440 .

2739 1403 2861 1442 ενιι.

2049 1480 2195 1536 Idem
2231 1483 2529 1551 imperator
2548 1479 2725 1534 eidem
2761 1479 3032 1550 Styliano.

2053 1564 2397 1627 Publicarum
2429 1571 2753 1640 injuriarum
2788 1585 2911 1624 reos
2950 1567 3237 1638 castigari,
3284 1575 3340 1623 et
3370 1565 3567 1637 hujus-

1980 1663 2125 1719 modi
2158 1663 2336 1734 pmnis
2396 1678 2520 1733 qua:
2551 1664 2603 1715 in
2639 1661 2761 1716 illas
2818 1676 3021 1732 pronos
3044 1658 3111 1713 ad
3146 1660 3564 1727 temperantiam

1978 1759 2288 1830 adigentes,
2322 1772 2486 1827 quam
2522 1758 2762 1810 maxime
2822 1754 3056 1825 injurias
3088 1751 3399 1813 succidant,
3434 1752 3569 1806 sub-

274 1846 411 1909 τοίις
441 1846 681 1910 εὐκόλως
736 1848 831 1900 ἐπὶ
883 1848 1043 1901 τοῦτο
1089 1847 1378 1918 ὁρμῶντας
1429 1848 1763 1903 ἀνακόπτειν
1805 1850 1871 1903 τὰ

1975 1852 2069 1923 jici
2112 1852 2320 1919 justum
2354 1858 2458 1905 est.
2490 1849 2558 1903 At
2585 1865 2691 1904 non
2730 1848 2941 1903 idcirco
2969 1847 3206 1919 amplius
3262 1861 3429 1916 quam
3469 1861 3570 1916 par

273 1939 620 2010 ἀδικήματαο
657 1940 719 1993 οὑ
777 1940 885 2011 μὴν
945 1941 1036 1994 διὰ
1094 1939 1255 1995 τοῦτο
1298 1941 1461 1995 πλέον
1498 1942 1528 2012 ἦ
1560 1943 1683 1995 ὅσον
1723 1941 1873 2008 ἄξιον

272 2035 548 2103 τιμωρεῖν
579 2033 850 2105 προσῆκε,
902 2033 1012 2087 οὐδ’
1043 2034 1337 2106 ὑπερόριον
1378 2035 1547 2089 αὑτοῦ
1589 2035 1873 2107 βιάζεσθαι

273 2119 426 2179 εἶναι
452 2126 515 2177 τδ
541 2125 751 2179 δίκαιον
777 2126 897 2180 οὐδὲ
929 2126 1171 2198 σχήματι
1210 2129 1310 2199 τῆς
1342 2127 1512 2182 αὑτοῦ
1541 2129 1874 2200 ἐκδικήσεως

271 2221 347 2290 τῇ
382 2217 571 2290 ἀδικίᾳ
606 2216 982 2275 συνίστασθαι.
1009 2220 1084 2273 Τὸ
1106 2220 1206 2289 μὲν
1231 2221 1341 2293 γὰρ
1373 2221 1515 2275 κατὰ
1545 2222 1751 2292 τρόπον
1775 2220 1872 2276 τοῦ

273 2309 685 2381 ἁμαρτήματος
721 2310 811 2364 τὸν
861 2312 1289 2384 ἐξημαρτηκότα
1338 2311 1670 2378 κολάζεσθαι
1713 2312 1874 2369 τοῦτο

270 2402 493 2456 δικαίου
557 2405 875 2475 ἐκδίκησις,
926 2406 989 2459 τὸ
1044 2405 1101 2459 δὲ
1168 2407 1341 2477 μείζω
1397 2406 1493 2460 τοῦ
1529 2405 1874 2477 πταίσματος

273 2498 635 2552 ἀπαιτεῖσοαι
685 2501 785 2571 τὴν
844 2498 1134 2568 εἴσπραξιν
1178 2500 1279 2554 οὑκ
1323 2497 1478 2569 οἶμαι
1530 2500 1725 2565 σώζειν
1772 2500 1872 2572 τὴν

274 2591 424 2662 ὑπὲρ
456 2591 559 2645 τοῦ
610 2592 821 2646 δικαίου
860 2593 1209 2664 προαίρεσιν.

350 2684 444 2738 Διὸ
454 2685 498 2717 δ’
532 2687 594 2741 τὸ
615 2686 882 2757 ἡμέτερον
912 2686 1114 2756 κράτος
1136 2687 1197 2738 ὲν
1216 2688 1326 2751 τοῖς
1348 2687 1454 2741 ὑπὸ
1475 2686 1582 2740 τῶν
1607 2705 1871 2758 προγεγο-

278 2781 457 2835 νότων
484 2781 1025 2851 νενομοθετημένοις,
1060 2783 1118 2835 ὲν
1157 2777 1241 2845 οἷς
1272 2783 1485 2844 ποιναῖς
1502 2779 1871 2834 ὑποϐάλλουσι

282 2874 418 2939 τούς
450 2891 505 2929 τι
554 2874 895 2946 ἀπεμπολεῖν
937 2875 1034 2929 τοῦ
1073 2873 1335 2945 δημοσίου
1385 2875 1631 2945 ὑπάρχον
1671 2874 1873 2947 τολμή-

275 2984 505 3036 σαντας,
557 2969 740 3041 ψῆφον
782 2969 883 3041 οὑκ
912 2970 977 3025 ἐκ
1026 2968 1120 3023 τοῦ
1156 2968 1370 3023 δικαίου
1416 2968 1872 3041 προσφερομένην

276 3061 516 3133 δπείπερ
548 3061 882 3133 κατέμαθεν,
917 3062 1104 3117 οὑκέτι
1144 3062 1443 3135 διορίζεται
1476 3061 1685 3134 ταύτην
1717 3061 1873 3132 ἰσχὺν

275 3154 426 3225 εχειν
464 3152 591 3227 [εις]
646 3156 717 3208 τὰ
764 3154 995 3209 τοιαῦτα
1036 3155 1147 3208 τῶν
1201 3154 1589 3224 ἐγκλημάτων.
1622 3153 1733 3206 Ποῦ
1762 3155 1872 3225 γὰρ

273 3244 493 3299 δίκαιόν
532 3262 612 3316 τῳ
646 3245 729 3311 ⁸⁸,
777 3245 915 3299 διότι
960 3245 1335 3317 ἀπημπόλησέ
1374 3261 1428 3298 τι
1473 3245 1502 3297 δ
1546 3244 1751 3316 ζημίαν
1794 3245 1874 3317 τῷ

273 3337 530 3409 δημοσίῳ
554 3337 736 3410 φέρει,
787 3334 993 3408 ζημίαν
1035 3335 1476 3408 ἀπαραμὺοητον
1504 3337 1603 3407 τὴν
1641 3336 1876 3408 ἀφαίρει

278 3447 368 3485 σιν
432 3431 530 3500 τῆς
581 3430 731 3501 ζωῆς
780 3432 1089 3501 ὑπάρχειν;
1145 3429 1409 3500 Οὐδαμῶς
1470 3428 1564 3482 οὑν
1616 3429 1766 3497 ἄξιον
1813 3429 1875 3485 τὸ

280 3526 534 3595 πταῖσμα
563 3524 815 3589 κολάζειν
859 3524 1095 3595 θανάτῳ,
1124 3523 1243 3577 οὑδέ
1271 3541 1335 3591 γε
1369 3523 1651 3594 κρίνεσθαι
1701 3524 1875 3598 ταύτῃ

279 3614 678 3687 συγχωροῦμεν
716 3616 883 3686 ἡμεῖς
923 3615 1052 3679 τοὺς
1089 3612 1506 3683 ἁλισκομένους,
1548 3614 1665 3669 ἀλλ’
1708 3615 1767 3679 ὃς
1805 3616 1873 3669 ἂν

277 3706 545 3778 δημόσιον
586 3707 631 3740 ⁸⁸
667 3706 1006 3778 ἁπεμπολῶν
1047 3702 1305 3778 φωραθῇ,
1350 3706 1413 3760 τὸ
1469 3707 1873 3779 τετραπλάσιον

278 3799 571 3865 ἀποδιδοὺς
618 3798 953 3871 ἀποχρῶσαν
1000 3798 1173 3870 ἐχέτω
1219 3799 1319 3869 τὴν
1360 3799 1656 3871 τιμωρίαν.

813 3984 1136 4040 ΔΙΑΤΑΞΙΣ
1184 3984 1303 4037 EI".

228 4046 233 4049 —
278 4076 424 4149 Περὶ
440 4077 552 4148 τῆς
577 4076 890 4143 κολάσεως
918 4075 1041 4149 τοῖς
1071 4064 1369 4149 ἐναντίοις
1390 4072 1509 4128 τῶν
1533 4074 1869 4145 ἀπηγορευ-

630 4152 834 4219 μένων
870 4164 927 4201 τι
964 4146 1512 4215 διακομισαμένων.

364 4244 428 4299 '0
460 4243 627 4305 αὐτὸς
658 4241 919 4313 βασιλεὺς
946 4239 1227 4311 Στυλιανῷ
1254 4238 1335 4311 τῷ
1370 4240 1545 4311 αὐτῷ.

348 4336 463 4393 Καὶ
489 4335 649 4391 τοῦτο
672 4335 775 4406 τῆς
809 4334 982 4403 αὐτῆς
1026 4332 1089 4386 δν
1142 4333 1326 4395 αἰτίας
1384 4334 1447 4387 τὸ
1476 4334 1732 4407 ἔγκλημα
1774 4337 1869 4391 καὶ

281 4428 373 4502 [an
408 4427 536 4503 δίκῃ
563 4428 717 4499 παρὰ
749 4426 863 4481 τῶν
886 4425 993 4495 πρὸ
1018 4424 1176 4497 ἡμῶν
1199 4425 1474 4497 ὑποὸεδλη
1485 4427 1671 4498 μένον,
1702 4428 1866 4500 ἡμεῖς

1975 1950 2060 1997 est
2087 1942 2290 2013 puniri,
2320 1956 2498 2011 neque
2520 1941 2613 2011 jus
2646 1949 2703 1995 ut
2738 1939 2872 1995 lines
2902 1954 3035 1993 suos
3064 1939 3314 2000 excedat,
3351 1938 3567 2007 specie-

1975 2050 2083 2105 que
2113 2033 2276 2103 justze
2299 2032 2553 2087 vindicta“:
2576 2048 2701 2086 cum
2737 2030 3012 2101 injustitia
3073 2029 3223 2084 velut
3262 2020 3566 2099 conspiret,

1976 2126 2095 2198 cogi
2152 2126 2431 2182 convenit.
2461 2124 2517 2180 Si
2546 2124 2691 2179 enim
2745 2139 2844 2194 pro
2882 2122 3068 2177 delicti
3104 2121 3267 2177 modo
3294 2121 3388 2192 qui
3425 2120 3568 2175 dell-

1975 2220 2114 2289 quit,
2145 2220 2424 2288 puniatur,
2469 2218 2619 2284 justa
2652 2232 2715 2271 ea
2752 2216 2895 2285 juris
2934 2216 3069 2269 ultio
3099 2215 3211 2270 sit:
3245 2224 3299 2268 at
3324 2215 3367 2269 si
3400 2229 3566 2285 quant

1976 2327 2076 2382 pro
2109 2327 2175 2366 eo
2220 2325 2381 2391 pqzna
2432 2310 2612 2379 major
2665 2308 2964 2381 inﬂigatur,
3016 2308 3163 2380 juris
3216 2308 3561 2379 propositum

1975 2402 2184 2461 servari
2209 2418 2318 2458 non
2350 2402 2625 2459 existimo.

2046 2682 2122 2738 Ea
2154 2691 2380 2756 propter
2444 2694 2638 2740 nostra
2693 2681 2981 2754 majestas,
3013 2690 3375 2756 posteaquam
3408 2683 3463 2740 iu
3491 2684 3561 2742 iis

1974 2796 2095 2851 quae
2127 2794 2157 2834 a
2198 2779 2579 2849 superioribus
2611 2778 2688 2850 (δ)
2717 2780 3016 2835 constituta
3050 2780 3129 2852 (5)
3166 2791 3316 2846 sunt,
3349 2781 3439 2837 ubi
3467 2798 3565 2838 eos

1974 2875 2067 2944 qui
2097 2873 2332 2943 publica:
2373 2872 2453 2928 rei
2500 2872 2712 2943 aliquid
2740 2872 3039 2930 divendere
3077 2875 3197 2931 ausi
3231 2884 3361 2932 sunt
3387 2879 3565 2947 pceuis

1975 2964 2425 3034 subjiciant,non
2452 2962 2658 3033 justam
2723 2965 3055 3020 sententiam
3100 2966 3330 3037 proferri
3363 2967 3498 3023 dicit
3541 2983 3559 3021 :

1975 3068 2035 3111 ut
2068 3055 2191 3123 ejus
2221 3054 2473 3110 criminis
2502 3055 2823 3125 persecutio
2863 3070 2971 3111 non
3000 3057 3239 3127 amplius
3270 3058 3412 3114 hanc
3443 3059 3557 3115 vim

1978 3148 2196 3213 habeat,
2256 3147 2528 3204 decernit.
2590 3146 2880 3214 Quomodo
2924 3149 3073 3203 enim
3111 3147 3327 3219 justum
3366 3160 3473 3212 est.
3499 3158 3564 3206 ut

1976 3245 2260 3315 cuiquam,
2297 3244 2424 3314 quia
2476 3242 2741 3314 quiddam
2797 3243 2945 3314 quod
2997 3244 3394 3301 detrimentum
3428 3247 3567 3304 lisco

1977 3337 2190 3398 aderat.
2248 3335 2516 3403 vendidit,
2574 3335 2882 3390 incurabile
2910 3335 3175 3392 damnum
3209 3338 3335 3393 vitae
3366 3354 3565 3410 nempe

1978 3430 2212 3503 privatio
2280 3426 2589 3483 obveniat?
2634 3426 2994 3497 Nequaquam
3056 3426 3244 3498 itaque
3301 3428 3560 3484 delictum

1974 3522 2105 3577 illud
2164 3528 2338 3575 morte
2390 3518 2571 3587 puniri
2633 3517 2861 3590 dignum
2926 3528 3028 3585 est,
3086 3535 3265 3591 neque
3314 3536 3417 3577 nos
3456 3521 3562 3577 hoc

1970 3615 2181 3685 judicio
2214 3615 2590 3685 deprehensos
2622 3612 2775 3668 l’eriri
2808 3612 3068 3669 sinimus.
3125 3614 3436 3684 Quicunque
3460 3632 3562 3669 au-

1974 3716 2077 3761 tem
2114 3708 2389 3777 publicam
2424 3721 2537 3760 rem
2590 3703 2888 3761 divendere
2938 3705 3317 3786 deprehensus
3372 3705 3559 3774 fuerit,

1975 3801 2066 3856 ubi
2095 3800 2463 3871 quadruplum
2524 3797 2849 3867 reddiderit,
2901 3800 3038 3856 satis
3067 3815 3357 3872 pomorum
3395 3802 3564 3858 susti-

1973 3895 2161 3951 nuisse
2186 3900 2428 3963 putator.

2423 3981 2894 4039 CONSTITUTIO
2920 3982 3110 4041 LXlll.

1972 4078 2050 4135 De
2072 4095 2224 4149 pwna
2276 4079 2495 4133 illorum
2552 4077 2642 4147 qui
2675 4093 2755 4149 res
2810 4077 2996 4131 vetitas
3044 4075 3113 4131 ad
3149 4076 3325 4133 hostes
3378 4052 3563 4134 trans-

2609 4147 2797 4203 vellunt
2824 4150 2923 4219 (6).

2042 4244 2188 4301 Idem
2221 4244 2523 4315 imperator
2548 4243 2727 4298 eidem
2760 4241 3028 4314 Styliano.

2041 4332 2184 4401 Quin
2216 4341 2271 4389 et
2312 4333 2415 4387 hoc
2452 4332 2687 4398 crimen,
2745 4349 2870 4388 cum
2900 4350 2964 4389 ex
3006 4334 3200 4390 eodem
3230 4332 3415 4389 fronte
3439 4349 3562 4391 ma-

1971 4436 2085 4495 net,
2113 4428 2400 4497 eidemque
2427 4439 2604 4497 ptume
2644 4440 2673 4479 a
2705 4428 3087 4498 superioribus
3120 4427 3431 4498 subjectum
3463 4426 3559 4494 sit,

281 4521 627 4595 ἐξαιροῦντες
660 4521 793 4575 αὑτὸ
832 4520 933 4590 τῆς
961 4517 1309 4590 παραμύθιον
1345 4520 1407 4573 οὐ
1440 4519 1740 4593 δεχομένης
1771 4541 1866 4576 κο.

1975 4520 2267 4576 insanabili
2297 4532 2398 4574 uos
2427 4519 2780 4590 castigationi
2813 4519 3038 4591 (quippe
3073 4534 3195 4590 qtue
3222 4518 3419 4575 mortis
3443 4535 3562 4590 pw-

280 4616 493 4680 λάσεως
522 4616 691 4688 (φημὶ
726 4614 793 4686 δὴ
826 4614 931 4686 τῆς
964 4614 1196 4668 Θάνατον
1241 4614 1288 4646 ⁸⁸
1336 4613 1572 4686 ἐχούσης
1601 4616 1664 4669 τὸ
1692 4617 1867 4672 ἐπιτί-

284 4710 451 4779 μιον),
478 4707 1001 4779 φιλανθρωποτέρας
1021 4706 1227 4778 ,ὥσπερ
1259 4708 1355 4760 καὶ
1385 4707 1456 4761 τὰ
1485 4710 1865 4781 προειρημένα

281 4801 543 4872 ἀξιοῦμεν
578 4801 755 4871 δίκης.
810 4799 1249 4870 Νενομοθὲτηται
1282 4801 1381 4870 μὲν
1407 4803 1517 4871 γὰρ
1555 4805 1666 4867 τοῖς
1697 4802 1866 4858 πάλαι.

283 4896 413 4964 περὶ
476 4893 573 4947 τοῦ
635 4892 709 4964 μὴ
754 4892 865 4946 δεῖν
926 4891 1065 4962 πρὸς
1121 4893 1249 4955 τοὺς
1300 4892 1595 4962 πολεμίους
1641 4893 1866 4968 διαπορ-

284 4986 581 5058 Θμεύεσοαι
628 4985 663 5039 ἃ
699 4986 1023 5055 συγκροτεῖν
1053 4982 1253 5047 αὐτοὺς
1285 4983 1473 5055 μέλλει
1504 4984 1602 5037 καὶ
1637 4984 1871 5053 βιαιοτὲο

1976 4630 2103 4669 nam
2132 4614 2436 4680 contineat)
2464 4610 2792 4676 eximentes.
2819 4614 3061 4679 mitiore,
3090 4612 3558 4683 quemadmodum

1974 4716 2028 4763 et
2060 4706 2341 4778 praedicta,
2378 4706 2666 4776 dignamur
2694 4720 2878 4775 poena.
2918 4705 2958 4759 A
2992 4705 3270 4761 veteribus
3300 4704 3382 4777 (7)
3411 4705 3559 4760 enim

1972 4808 2243 4857 statutum
2292 4806 2379 4854 est
2408 4812 2477 4853 ne
2510 4798 2577 4855 ad
2621 4798 2807 4854 hostes
2850 4808 3321 4868 trunSportentur,
3353 4798 3561 4869 quibus

1972 4893 2052 4948 illi
2087 4890 2285 4947 instrui
2325 4890 2707 4961 ﬁrmioresque
2739 4890 2893 4946 reddi
2944 4891 3182 4961 possint,
3212 4905 3279 4944 ac
3312 4889 3559 4945 sanctio-

1980 4984 2068 5041 nis
2097 4985 2378 5039 decretum
2410 4988 2821 5050 contemptores
2853 4983 2922 5039 de
2953 4983 3135 5040 medio
3166 4982 3415 5040 tollebat.

287 5098 413 5154 ρους
443 5078 747 5141 ἀποτελεῖν,
794 5076 888 5129 καὶ
932 5077 1056 5140 τοὺς
1089 5078 1509 5147 καταφρονητάς
1541 5076 1634 5130 τοῦ
1670 5076 2039 5149 Θεσπίσματος
2067 5077 2247 5148 ψῆφος
2271 5073 2366 5130 τοῦ
2404 5073 2507 5147 ζῇν
2538 5074 2879 5148 ὲξεκόμιζεν.

1556 5195 1796 5252 νΑιιιλΕ
1829 5195 2231 5253 LECTIONES.

362 5292 412 5327 δ’
435 5291 608 5347 Codd.
636 5289 778 5361 ὑπὲρ
808 5288 1053 5361 ἐκείνων.
1093 5288 1416 5361 Emendavit
1443 5287 1632 5361 Steph.
1678 5360 1691 5361 η
1723 5290 1767 5361 δῗ
1786 5288 1960 5345 Codd.
1994 5290 2101 5344 διὰ.
2137 5287 2327 5359 Steph.
2358 5284 2509 5357 conj.
2535 5284 2624 5341 δια
2678 5283 2861 5344 τοῦτο.
2939 5290 2987 5323 ⁵⁸
3011 5288 3205 5346 Zuiclt.
3237 5299 3291 5347 et
3320 5289 3549 5348 Meerm.

281 5367 394 5423 τόν.
415 5362 591 5435 Vulgo
628 5358 802 5432 τῷ.’⁸¹
836 5359 1025 5432 Steph.
1060 5360 1206 5431 conj.
1235 5358 1492 5434 δημόσιόν
1524 5358 1595 5416 τι.
1671 5360 1719 5392 ⁸²
1748 5359 1985 5434 Scrimg.
2020 5358 2276 5419 θανάτου.

1796 5471 2030 5533 NOTAE.

357 5576 433 5647 (3)
463 5576 631 5631 Poena
662 5572 784 5647 ejus
809 5572 902 5644 qui
930 5573 1324 5647 rempuplicam
1350 5572 1863 5647 vcttdiditquadru-

2036 5574 2115 5645 (6)
2150 5573 2317 5629 Poena
2390 5590 2480 5631 res
2546 5574 2743 5632 vetitas
2782 5573 2848 5628 ad
2900 5578 3089 5645 hostes
3141 5571 3551 5645 transrchcntis

288 5642 501 5774 rli'iut
531 5647 639 5712 hic,
676 5642 1030 5699 olim‘morte
1056 5642 1331 5725 allectus,
1377 5656 1432 5701 et
1451 5644 1527 5700 ita
1558 5642 1865 5716 abrogatur
1966 5642 2105 5700 olim
2138 5646 2393 5716 capitalis
2452 5646 2576 5711 fuit,
2608 5648 2645 5701 l.
2693 5647 2747 5707 ι,
2779 5646 2928 5727 Πηηά
2964 5647 3001 5699 I.
3062 5644 3181 5727 Jul.
3229 5642 3443 5726 ntajnst:

308 5758 326 5774 .
349 5720 405 5774 3.
431 5719 468 5772 l.
496 5719 547 5774 6.
569 5717 635 5772 C.
674 5730 796 5774 oua:
822 5729 910 5770 res
936 5716 1093 5771 vendt
1117 5730 1225 5769 non
1251 5730 1399 5774 poss.
1968 5717 2024 5774 l.
2057 5716 2113 5774 2.
2139 5716 2204 5771 (Σ.
2231 5733 2353 5774 (tua:
2404 5734 2492 5774 res
2523 5726 2739 5774 cxnort.
2790 5718 2892 5772 alia
2936 5732 3096 5774 mena
3132 5717 3221 5773 luc
3254 5724 3549 5773 constitut-

349 5720 405 5780 3,
431 5719 468 5772 1.
496 5719 547 5781 6,
569 5717 635 5772 C.
674 5730 796 5787 qua:
822 5729 910 5770 res
936 5716 1225 5787 vendiinon
1251 5730 1399 5787 poss.

362 5791 441 5858 (ί)
471 5785 725 5849 Arcadio.
755 5786 993 5843 Honorio
1008 5795 1065 5843 et
1091 5785 1302 5843 Tltcod.

361 5858 520 5916 (ειη).
553 5860 591 5915 l.
614 5858 671 5917 5.
692 5858 749 5914 d.
772 5859 809 5914 l.
846 5858 899 5913 ι.

1968 5717 2024 5843 ἶ,
2057 5716 2113 5781 2,
2139 5713 2353 5788 C(qua:
2404 5734 2492 5775 res
2523 5726 2739 5788 cxport.
2790 5718 2892 5772 alia
2936 5732 3096 5787 pmua
3132 5716 3221 5773 hic
3254 5713 3549 5773 constitui-

1993 5804 2077 5843 ur.

1993 5804 2077 5843 υτ.

2040 5859 2117 5930 (7)
2144 5858 2385 5927 Valente,
2412 5860 2695 5927 Gratiano,
2722 5867 2774 5913 ct
2805 5857 3097 5918 Martiano.
