4086 6326
513 353 622 420 503

505 566 658 633 (licet
683 565 940 621 acerbam
983 567 1254 641 requirat)
1280 568 1655 640 assignantes,
1720 572 1852 626 talia
1879 573 2094 628 consti-

505 658 715 714 tuimus
751 667 853 714 :ut
882 659 929 714 si
968 661 1124 716 navis
1183 661 1444 719 dominus
1479 664 1576 730 sit,
1611 664 1706 735 qui
1751 680 1842 721 res
1893 666 2092 722 vetitas

503 752 571 807 ad
610 750 796 810 hostes
821 755 1143 823 transvexit,
1169 757 1574 823 consiliumque
1601 772 1761 814 suum
1798 773 1926 816 cum
1952 775 2092 814 nan-

505 845 576 899 tis
607 859 717 900 non
751 847 1204 913 communicarit,
1241 849 1289 904 is
1320 849 1475 905 solus
1522 865 1740 920 poenam
1786 852 2002 914 subeat.
2037 860 2093 907 et

503 952 668 1007 supra
699 940 1015 994 universum
1046 940 1203 996 navis
1234 956 1395 1005 unus,
1427 941 1480 996 ni
1507 944 1686 1012 ipsum
1717 943 1902 1013 itmpia
1936 944 2094 999 valde

506 1039 739 1098 premat,
777 1033 1118 1101 reliquorum
1150 1035 1420 1090 bonorum
1456 1037 1712 1090 trientem
1750 1037 1916 1090 etiam
1959 1037 2092 1092 ﬁsco

507 1107 801 1194 ili-pendat.
853 1125 910 1180 Si
957 1142 1087 1181 vero
1115 1128 1218 1183 soli
1251 1135 1432 1182 nauta».
1479 1129 1560 1192 (ut
1591 1129 1760 1184 multa
1818 1129 1924 1186 illis
1987 1145 2095 1184 ma.

505 1214 750 1270 litiosum
789 1232 952 1273 suum
1007 1218 1250 1274 animum
1290 1219 1598 1274 celantibus
1662 1218 2007 1291 contingunt)
2040 1219 2092 1282 id

508 1307 724 1371 facinus
751 1309 869 1366 ausi
901 1310 1035 1377 sint,
1078 1309 1171 1366 ille
1198 1310 1421 1382 quidem
1471 1325 1699 1382 prorsus
1751 1310 1890 1364 liber
1931 1311 2094 1374 .eSto,

510 1399 562 1455 Iri
595 1417 724 1456 vero
758 1415 975 1472 ptenam
1023 1418 1134 1458 non
1194 1402 1541 1475 effugiunto:
1576 1418 1639 1458 ac
1678 1404 1917 1471 primum
1970 1402 2095 1472 qni-

507 1492 630 1548 dem
677 1493 861 1564 ﬂagris
910 1493 1217 1557 caaduntor,
1249 1507 1481 1565 cuteque
1541 1502 1702 1550 tenus
1762 1493 2093 1548 tondentor:

507 1585 704 1639 deinde
735 1600 886 1650 vero,
927 1585 971 1642 si
996 1585 1195 1643 divites
1248 1587 1383 1651 sint,
1433 1602 1624 1643 eorum
1681 1602 1805 1658 quae
1834 1598 2095 1659 exporta-

508 1687 661 1748 runt,
689 1678 994 1751 quadruplo
1028 1682 1331 1738 multantor
1355 1699 1370 1737 :
1398 1683 1443 1738 si
1479 1682 1671 1754 inopes
1710 1690 1766 1740 et
1803 1696 2096 1752 pauperes,

507 1789 674 1845 supra
707 1773 937 1830 verbera
971 1775 1394 1848 ignominiosam
1414 1778 1754 1845 tonsionem,
1789 1777 1935 1848 quod
1957 1776 2097 1831 alios

510 1865 568 1920 in
615 1865 933 1922 servitutem
1001 1867 1352 1936 tradiderint,
1395 1869 1704 1926 libertatem
1769 1870 2092 1925 arnittunto.
2126 1850 2170 1910 Β

508 1957 645 2014 Nam
684 1961 800 2031 qui,
855 1972 1121 2034 quantum
1145 1963 1202 2019 in
1233 1979 1294 2021 se
1322 1971 1429 2028 est.
1465 1980 1571 2021 non
1609 1965 1773 2020 modo
1805 1962 2126 2034 quampluy

508 2048 680 2109 rimos
713 2054 767 2109 in
826 2055 1150 2112 servitutem
1199 2057 1432 2126 ducunt,
1475 2058 1570 2116 sed
1605 2058 1768 2115 etiam
1819 2056 2098 2114 communi

509 2145 636 2201 vitae
666 2147 1021 2204 acerbitatem
1080 2148 1336 2214 afferunt,
1385 2151 1603 2208 tametsi
1638 2150 1704 2207 ad
1732 2151 1950 2207 servilis
1978 2151 2101 2205 vitae

509 2241 884 2298 conditionem
914 2243 1229 2317 adigantur,
1260 2246 1555 2304 mediocris
1587 2255 1768 2302 tamen
1791 2247 1906 2302 haec
1937 2257 2100 2317 atque

510 2335 662 2392 mitis
682 2351 842 2408 poena
871 2347 976 2394 est.
1012 2339 1190 2412 Atque
1245 2340 1373 2406 haec
1403 2341 1644 2411 quidem,
1686 2340 1908 2413 quando
1943 2355 2096 2395 com-

512 2430 666 2485 muni
722 2433 980 2499 consilio,
1018 2443 1074 2490 et
1112 2435 1319 2490 malitia
1375 2451 1465 2493 res
1537 2436 1687 2508 gesta
1722 2434 1907 2499 fuerit,
1943 2441 2003 2488 ut
2031 2433 2100 2488 si-

511 2526 624 2580 mul
655 2541 775 2582 eam
816 2537 1222 2599 pcrpetrarunt,
1280 2529 1355 2584 ita
1383 2529 1547 2586 etiam
1577 2528 1825 2600 utrisque
1863 2529 1929 2582 ad
1968 2541 2103 2596 pra:-

511 2622 765 2676 stitutum
794 2637 823 2676 a
853 2622 1013 2680 nobis
1042 2623 1266 2679 modum
1315 2621 1675 2693 castigandis,
1713 2621 1878 2677 simul
1908 2634 2101 2691 pmnas

511 2717 887 2775 sustinebunt.

951 3017 1419 3079 CONSTITUTIO
1449 3017 1637 3075 LXIV.

514 3137 593 3200 De
617 3154 771 3212 pana
798 3155 979 3196 eorum
1013 3140 1107 3210 qui
1135 3138 1481 3209 naufragium
1507 3136 1894 3216 suppresserint
1925 3135 2097 3211 (8-9).

583 3307 732 3366 Idem
761 3306 1064 3378 imperator
1083 3305 1260 3362 eidem
1293 3303 1568 3377 Styliano.

583 3400 723 3457 Illud
777 3399 944 3457 etiam
979 3406 1146 3469 atque
1176 3398 1341 3454 etiam
1388 3396 1657 3463 admiror,
1702 3395 1981 3468 quomodo
2007 3397 2102 3469 qui

514 3493 806 3566 naufragio
859 3492 1065 3564 eiectas
1115 3507 1205 3548 res
1239 3491 1503 3559 occultat,
1540 3496 1752 3545 tantum
1776 3490 2103 3560 delinquere

516 3586 869 3652 videatur,nt
907 3585 958 3641 id
1008 3591 1237 3640 mortem
1293 3583 1397 3654 ipsi
1457 3580 1661 3638 inferre
1712 3581 1908 3658 debeat
1957 3579 2097 3653 (t0).

515 3678 674 3747 Quod
703 3685 884 3735 autem
918 3677 1012 3749 qui
1041 3677 1165 3732 illos
1220 3675 1381 3732 l’t‘btlS
1413 3675 1532 3733 suis
1564 3673 1873 3740 delraudat,
1901 3676 2103 3746 quibus

517 3771 721 3842 aliquis
773 3769 1151 3827 misericordia
1205 3776 1411 3830 motus,
1476 3768 1559 3825 vel
1588 3767 1654 3824 de
1690 3782 1793 3824 suo
1848 3777 2104 3838 sumptus

518 3865 850 3939 suppeditet,
898 3863 1248 3937 qucmquein
1281 3861 1448 3918 corde
1507 3861 1754 3918 dolorem
1810 3860 2104 3918 circumfe-

519 3964 678 4024 runt,
728 3955 900 4014 leniat
970 3954 1119 4028 (cum
1166 3953 1469 4027 praesertim
1501 3967 1696 4025 graves
1748 3952 2105 4008 cruciatusin

521 4053 792 4107 bonorum
850 4047 1147 4103 amissione
1191 4043 1458 4102 sustineri
1515 4051 1949 4100 consentaneum
1982 4041 2100 4114 sit),

522 4145 612 4201 ille
635 4159 744 4200 non
808 4141 1083 4198 mediocre
1142 4138 1412 4211 ﬂagitium
1457 4137 1681 4204 audeat,
1712 4138 1766 4194 id
1802 4154 1935 4194 vero
1983 4137 2107 4194 luce

521 4235 727 4292 clarius
749 4242 856 4290 est.
911 4231 1074 4305 Atqui
1102 4230 1249 4304 quod
1278 4231 1398 4298 hos,
1428 4245 1569 4300 quos
1600 4244 1793 4286 vecors
1829 4229 2107 4302 cupiditas

523 4327 631 4381 huc
682 4323 921 4397 impulit,
977 4326 1087 4378 vita
1142 4322 1348 4404 privari
1398 4329 1676 4393 oporteat,
1728 4322 1831 4377 hoc
1860 4321 2109 4392 profecto

523 4418 804 4475 intellectu
827 4416 1048 4488 assequi
1074 4430 1312 4487 nequeo.
1343 4411 1480 4470 Nam
1510 4413 1642 4484 quid
1678 4422 1890 4469 tantum
1952 4414 2108 4471 abla-

523 4526 639 4570 tum
671 4521 778 4579 est,
810 4521 872 4569 ut
893 4527 1017 4569 cum
1053 4515 1237 4567 anima
1267 4511 1504 4567 conferri
1541 4511 1735 4581 possit,
1761 4525 1870 4580 qua
1903 4509 2108 4583 privari

1752 359 2027 424 LEONIS
2080 361 2556 427 PHILOSOPHI

578 472 688 528 Nos
711 486 842 529 vero
873 470 962 530 isti
991 487 1212 546 quoque
1258 474 1482 533 crimini
1533 476 1811 534 mitiorem
1870 494 2088 550 poenam
2121 487 2168 544 Α

2289 479 2486 550 Ἡμεῖς
2512 481 2570 534 δὲ
2602 478 2700 534 καὶ
2727 477 2906 545 τοῦτο,
2933 479 2983 534 εί
3021 477 3119 536 καὶ
3149 479 3401 552 δριμεῖαν
3437 478 3670 536 ἀπαιτεῖ
3696 481 3795 552 τὴν

2192 571 2409 642 ποινὴν,
2439 572 2592 644 ὅμως
2620 571 3109 644 φιλανθρωποτέρᾳ
3144 572 3380 637 διδόντες
3432 574 3664 630 τοιαῦτα
3710 573 3794 630 δι-

2192 662 2514 733 οριζόμεθω
2547 663 2598 716 εί
2629 662 2728 734 μὲν
2757 662 2846 735 είη
2872 663 3066 734 κύριος
3097 665 3198 735 τῆς
3227 664 3365 732 νεὼς
3386 667 3416 720 6
3446 665 3558 719 τῶν
3583 669 3797 735 ἀπηγοο

2195 753 2478 826 ρευμένων
2509 753 2928 826 διακομίζεσθαι
2968 756 3083 820 τοῖς
3109 755 3373 820 ἐναντίοις
3404 757 3510 829 τὴν
3548 741 3807 826 είσαγω-⁵

2191 847 2297 919 γὴν
2333 848 2728 919 ποιησάμενος,
2787 848 3016 920 γνώμης
3059 849 3140 920 μὴ
3197 850 3246 883 ⁸³
3284 853 3650 921 ,κοινωνήσας
3677 854 3795 915 τοῖς

2194 941 2443 1008 ναύταις,
2493 941 2657 1012 μόνος
2713 943 3033 1012 ύφιστάσθω
3078 944 3180 1014 τὴν
3234 944 3432 1016 ποινὴν
3492 946 3591 1000 καὶ
3631 945 3709 1000 ἔτι
3744 947 3795 977 ⁸⁸

2195 1033 2398 1098 παντὸς
2436 1034 2534 1089 τοῦ
2587 1035 2792 1106 φόρτου
2822 1077 2837 1100 ,
2881 1035 2976 1089 καὶ
3033 1036 3089 1089 εί
3125 1053 3190 1105 γε
3252 1036 3328 1108 μὴ
3379 1037 3526 1092 πάνυ
3583 1039 3794 1109 ἀπορία

2194 1128 2395 1195 πιέζοι,
2436 1127 2530 1182 καὶ
2553 1129 2745 1200 τρίτην
2778 1129 2879 1200 τῆς
2905 1129 3073 1202 ἄλλης
3132 1131 3454 1200 περιουσίας
3483 1131 3563 1203 τῷ
3612 1132 3791 1203 δημο-

2199 1221 2299 1292 σίῳ
2329 1221 2720 1276 καταὸαλλὲτω
2759 1226 2975 1294 μοῖραν.
3027 1224 3091 1277 Ei
3137 1223 3197 1279 δέ
3235 1225 3376 1296 πρὸς
3425 1225 3556 1290 τοὺς
3586 1227 3793 1291 ναύτας

2196 1313 2259 1367 τὸ
2279 1313 2550 1386 τολμηθὲν
2572 1316 2756 1388 ἀφορᾷ
2792 1310 2902 1386 (οἷα
2943 1313 3119 1372 πολλὰ
3150 1317 3443 1388 συμϐαίνει
3488 1319 3591 1391 τὴν
3617 1336 3791 1390 πονη-

2200 1408 2324 1479 ρίαν
2353 1409 2874 1482 ἁποκρυψαμένων),
2907 1412 2935 1465 6
2983 1412 3082 1483 μὲν
3114 1411 3356 1483 ἀμείνων
3388 1413 3530 1467 ἔστω
3569 1415 3814 1484 ποινῆςμ

2195 1501 2247 1556 οί
2291 1501 2347 1555 δὲ
2383 1501 2483 1574 τὴν
2510 1502 2667 1574 δίκην
2694 1505 2756 1557 ού
2786 1504 3136 1561 διαλύσουσιν
3158 1507 3226 1570 ⁸⁸,
3268 1507 3407 1561 άλλὰ
3436 1507 3656 1578 πρῶτον
3689 1508 3793 1578 μὲν

2196 1594 2318 1657 ταῖς
2353 1595 2434 1658 είς
2473 1593 2537 1648 τὸ
2567 1594 2728 1666 σῶμα
2766 1595 3004 1668 πληγαῖς
3037 1597 3134 1651 καὶ
3181 1599 3248 1669 τῇ
3281 1599 3338 1651 ἐν
3369 1598 3490 1671 χρῷ
3528 1599 3796 1670 τιμωρεί-

2200 1687 2417 1740 σθωσαν
2443 1687 2689 1760 κουρείᾳ,
2717 1687 2911 1742 ἔπειτα
2936 1689 2995 1743 δὲ
3036 1690 3353 1762 προσούσης
3378 1691 3645 1763 εὐπορίας
3696 1706 3791 1745 τε·

2202 1779 2515 1849 τραπλάσια
2549 1779 2976 1853 ξημιούσθωσαν
3030 1776 3105 1838 ὧν
3150 1784 3541 1856 εἰσαγωγίμων
3587 1786 3785 1856 ἐποιή-

2205 1890 2387 1929 σαντο·
2446 1878 2495 1928 εί
2524 1873 2570 1928 δ’
2628 1870 2739 1929 εἷεν
2767 1875 2964 1948 ἄποροί
3011 1893 3072 1930 τε
3100 1876 3198 1931 καὶ
3234 1876 3487 1948 πένητες,
3542 1877 3796 1933 ἔστωσαν

2202 1969 2297 2023 ἐπὶ
2332 1970 2453 2033 ταῖς
2488 1968 2709 2040 μάστιξι
2748 1970 2845 2024 καὶ
2870 1972 2937 2042 τῇ
2965 1969 3148 2042 ἀτίμῳ
3176 1971 3286 2026 τῶν
3315 1971 3519 2043 τριχῶν
3546 1971 3795 2042 ἀποϐολῇ

2199 2059 2297 2115 καὶ
2318 2059 2417 2133 τὴν
2445 2059 2761 2132 ἐλευθερίαν
2819 2062 3243 2129 ἀποϐάλλοντες,
3288 2063 3379 2118 διὰ
3414 2063 3510 2118 τοῦ
3540 2064 3586 2096 ⁸⁸
3655 2064 3797 2134 πρὸς

2200 2153 2451 2209 δουλείαν
2482 2155 2737 2222 ἐκδότους
2765 2156 3043 2226 γενέσθαι.
3090 2158 3233 2222 Τοὺς
3263 2157 3393 2229 γὰρ,
3420 2159 3544 2213 ὅσον
3572 2158 3660 2212 ἐπ’
3690 2158 3798 2212 a6-

2159 2314 2162 2315 ν
2197 2245 2322 2311 τοὺς
2361 2241 2517 2320 ἧκεν,
2546 2246 2610 2301 οὐ
2640 2245 2800 2318 μόνον
2829 2250 2909 2312 είς
2929 2247 3176 2302 δουλείαν
3212 2250 3500 2313 πλείστους
3529 2248 3792 2317 ἄγοντας,

2199 2337 2337 2393 ἀλλὰ
2383 2341 2479 2394 καὶ
2508 2338 2622 2413 βίον
2650 2341 2865 2411 πικρῶς
2909 2341 3227 2411 ἐξάγοντας,
3270 2342 3368 2396 καὶ
3408 2341 3567 2396 τοῦτο
3599 2342 3798 2412 φιλάν-

2201 2433 2418 2507 θρωπον
2448 2437 2493 2469 ⁵⁷
2530 2438 2626 2490 καὶ
2662 2437 2902 2510 μετρίως
2954 2437 3158 2509 ἔχουσα
3202 2437 3515 2510 είσπραξις,
3544 2438 3607 2492 τὸ
3645 2435 3802 2508 ζωῆς

2199 2527 2430 2583 οίκετῶν
2463 2529 2753 2600 ἠξιῶσθαι.
2797 2530 2962 2586 Ἀλλὰ
2992 2529 3169 2586 ταῦτα
3205 2531 3303 2603 μὲν
3345 2529 3575 2603 γνώμης
3603 2531 3801 2601 κοινῆς

2199 2621 2301 2674 ούκ
2330 2621 2485 2686 δντος
2516 2620 2612 2675 τοῦ
2653 2622 3015 2695 ἀδικήματος.
3064 2624 3128 2678 Et
3169 2624 3225 2678 δέ
3271 2624 3424 2694 κοινὴ
3475 2624 3670 2695 σκέψις
3699 2623 3802 2678 καὶ

2202 2714 2439 2786 πονηρία
2488 2714 2649 2770 τοῦτο
2678 2717 3049 2788 κατέπραξεν,
3087 2715 3279 2788 ὥσπερ
3307 2715 3444 2788 ὁμοῦ
3487 2715 3584 2770 τοῦ
3617 2714 3800 2771 κακοῦ

2201 2809 2455 2881 ἐργάται,
2478 2807 2622 2862 οὕτω
2653 2810 2747 2864 καὶ
2767 2808 2866 2882 τὴν
2903 2810 3060 2883 δίκην
3084 2810 3299 2867 ἔσονται
3330 2811 3684 2882 ὑποσχόντες,
3707 2805 3799 2876 οἷς

2202 2901 2585 2974 διωρισάμεθα
2617 2902 2846 2974 τρόποις
2877 2904 3142 2977 ἐκατέρου
3173 2903 3374 2975 μέρους
3401 2901 3800 2976 κολαζομένου.

2762 3015 3075 3070 ΔΙΑΤΑΞΙΣ
3120 3015 3238 3072 ΞΝ.

2203 3131 2346 3202 Περὶ
2373 3129 2486 3202 τῆς
2518 3127 2831 3198 κολάσεως
2859 3130 2981 3187 τῶν
3016 3129 3544 3202 ἀποκρυψαμένω
3569 3128 3645 3185 τὰ
3677 3127 3804 3184 τῶν

2774 3203 3225 3273 ναυαγούντων.

2284 3295 2345 3350 'O
2370 3295 2532 3362 αὐτὸς
2565 3296 2823 3369 βασιλεὺς
2851 3295 3130 3366 Στυλιανῷ
3153 3294 3233 3368 τῷ
3254 3295 3425 3368 αύτῷ.

2286 3387 2495 3443 Ἐκεῖνο
2516 3389 2574 3444 δὲ
2599 3389 2720 3444 λίαν
2744 3386 3033 3459 θαυμάζω,
3058 3388 3176 3453 πῶς
3204 3390 3233 3443 6
3259 3389 3328 3444 τὰ
3347 3389 3413 3442 ἐκ
3435 3386 3727 3442 θαλαττίου
3750 3387 3802 3422 ⁸⁸

2205 3486 2456 3541 κινδύνου
2491 3484 3271 3560 άποκρυπτόμενοῲτοσοῦτον
3301 3483 3480 3553 ἔδοξεν
3506 3484 3800 3558 ἁμαρτεῖν,

2205 3577 2347 3632 ὥστε
2374 3578 2606 3634 θάνατον
2628 3579 2858 3648 ἐπάγειν
2883 3578 3035 3650 αὐτῷ
3058 3579 3158 3649 τὴν
3202 3568 3460 3650 τοιαύτην
3493 3573 3798 3647 ἁμαρτίαν.

2207 3671 2330 3724 Ὅτι
2361 3671 2460 3743 μὲν
2485 3671 2592 3744 γὰρ
2635 3669 2912 3743 ἁμαρτίαν
2937 3670 2997 3724 ού
3047 3669 3276 3741 μετρίαν
3304 3669 3501 3740 τολμᾷ,
3550 3667 3802 3731 ἐκείνους

2205 3764 2529 3837 ἀποστερῶν
2552 3765 2661 3819 τῶν
2699 3765 2868 3832 ἰδίων,
2901 3760 2983 3829 οἷς
3019 3763 3151 3828 ἴσως
3184 3761 3282 3817 καὶ
3319 3761 3449 3834 παρ’
3475 3760 3671 3816 ἐαυτοῦ
3695 3760 3804 3814 ἐπ-

2205 3858 2394 3930 αρκῶν
2414 3858 2460 3892 δ’
2489 3875 2574 3923 τις
2603 3860 2680 3924 είς
2712 3856 2861 3912 ἔλεον
2888 3857 3169 3921 καταστὰς
3196 3856 3300 3910 οὐκ
3351 3856 3419 3912 ἂν
3445 3855 3492 3888 ⁸⁸
3532 3855 3602 3924 ἢν
3637 3871 3802 3925 περι-

2208 3952 2437 4023 φέρουσι
2499 3951 2588 4007 διὰ
2648 3950 2758 4006 τῶν
2829 3951 3078 4020 ἐγκάτων
3137 3950 3334 4021 ὀδύνην
3390 3947 3805 4018 καταπραΰνων

2207 4043 2399 4118 ὀφθείη
2424 4044 2594 4119 (είκδς
2624 4045 2736 4117 γὰρ
2766 4044 2970 4116 πολλὴν
2993 4043 3198 4117 ζημίαν
3226 4042 3449 4098 καὶτῶν
3474 4041 3646 4096 ὄντων
3667 4041 3808 4095 ἁπο-

2209 4136 2372 4210 6ολὴν
2402 4137 2744 4210 ὑπομεῖναι),
2770 4136 2932 4192 τοῦτο
2956 4137 3069 4192 τῶν
3101 4135 3449 4208 φαινομένων
3481 4133 3657 4187 ἐστίν.
3676 4132 3806 4186 Ὀτι

2208 4230 2267 4286 δὲ
2299 4233 2407 4303 Χρὴ
2440 4230 2588 4302 ζωῆς
2627 4229 3052 4304 ἀποστερεῖσθαι
3083 4229 3212 4293 τοὺς
3244 4226 3368 4282 καθ’
3408 4219 3484 4280 ὧν
3524 4227 3557 4297 ἡ
3594 4223 3807 4296 ἔκπλη-

2213 4326 2295 4392 ξις
2324 4325 2438 4396 ἐχει
2469 4324 2569 4396 τὴν
2593 4324 2802 4396 χώραν,
2842 4323 3003 4378 τοῦτο
3045 4322 3278 4379 συνιδεῖν
3313 4320 3415 4375 οὐκ
3443 4319 3573 4391 ἔχω.
3596 4319 3662 4374 Τί
3693 4320 3808 4390 γὰρ

2210 4418 2466 4475 τοσοῦτον
2496 4417 2773 4488 ἀφείλετο,
2797 4416 2826 4471 δ
2855 4417 3056 4488 γένοιτ’
3079 4415 3148 4471 ἂν
3181 4414 3488 4469 ἰσοστάσιον
3510 4413 3712 4484 ψυχῆς,
3733 4407 3808 4485 ἧς

2213 4513 2312 4586 τὴν
2341 4512 2632 4586 εἴσπραξιν
2668 4511 3064 4585 κατακρίνεται
3088 4527 3105 4579 ;
3129 4509 3400 4573 ἶκάκιστος
3447 4507 3545 4579 μὲν
3581 4505 3676 4559 οὖν
3711 4505 3810 4561 καὶ

523 4609 724 4664 debere
755 4606 846 4662 ille
875 4603 1314 4662 condemnatur?
1363 4602 1647 4659 Pessimus
1704 4582 1924 4673 quidem
1958 4609 2103 4659 certe

2216 4582 2495 4680 ἀλιτήριος
2521 4610 2549 4662 6
2572 4608 2818 4661 τοιούτου
2847 4582 3076 4679 κέρδους
3113 4602 3354 4658 ἐλάττων
3378 4602 3445 4666 εί,
3477 4598 3636 4653 τοῦτο
3655 4599 3721 4670 δὴ
3743 4598 3810 4653 τὸ

525 4711 610 4758 est
641 4707 697 4756 et
715 4699 1042 4771 sacrilegus,
1070 4696 1574 4771 quiseistiusmodi
1607 4696 1762 4752 lucro
1786 4696 2066 4766 mancipat
2093 4714 2109 4751 :

2218 4703 2351 4774 παρ’
2391 4701 2550 4756 ἐνίων
2605 4699 2915 4771 γινόμενον,
2973 4695 3283 4770 περισυλῶν
3336 4691 3694 4765 τεθνηκότας,
3743 4691 3808 4745 ού

526 4809 592 4850 ac
629 4808 765 4852 sane
829 4793 922 4850 ille
951 4793 1027 4864 (id
1058 4792 1207 4864 quod
1273 4790 1344 4846 ab
1391 4789 1672 4862 aliquibus
1723 4788 1805 4859 ﬁt)
1860 4798 2103 4847 mortuos

2223 4794 2331 4868 μὴν
2360 4797 2394 4867 ἡ
2424 4794 2660 4867 πονηρία
2686 4793 2943 4860 τοιαύτης
2970 4791 3098 4856 ἀξία
3127 4790 3304 4861 δίκης.
3351 4787 3426 4845 Οὐ
3467 4785 3576 4858 γὰρ
3599 4785 3810 4840 δίκαιον

528 4888 750 4960 spoliat.
802 4886 1197 4944 Verumtamen
1249 4883 1303 4941 id
1369 4883 1583 4941 facinus
1640 4882 1958 4942 istiusmodi
2002 4898 2103 4940 non

2223 4887 2346 4941 ἀντὶ
2381 4886 2709 4958 πράγματος
2742 4884 2934 4939 ὑλικοῦ
2964 4885 3058 4938 καὶ
3093 4881 3308 4953 ῥέοντος
3342 4880 3505 4936 ἁῡλον
3546 4877 3642 4933 καὶ
3673 4876 3811 4932 ἀθά-

530 4991 774 5039 meretur
835 4995 1078 5054 pinnam.
1137 4980 1245 5038 Pro
1277 4979 1392 5053 (ti)
1434 4994 1495 5037 re
1545 4978 1695 5037 enim
1735 4980 2008 5036 materiali
2056 4988 2103 5037 el

2225 4995 2386 5035 νατον
2423 4980 2659 5050 πρᾶγμα
2690 4977 2791 5050 τὴν
2819 4975 2998 5050 ψυχὴν
3019 4973 3345 5046 λαμϐάνειν.
3380 4972 3444 5026 Εἰ
3470 4970 3581 5043 γὰρ
3610 4967 3811 5024 πολλά-

1875 5118 2114 5177 VARUE
2152 5117 2563 5175 LECTIONES.

599 5216 646 5249 "
677 5215 913 5288 Scrimg.
971 5212 1200 5288 γνώμην
1261 5213 1382 5287 μέν.
1417 5211 1564 5288 *11οσ
1596 5212 1729 5288 μένἰ
1767 5212 1822 5268 in
1861 5214 1934 5288 μὴ
1963 5213 2283 5288 mutandum
2326 5227 2451 5288 esse
2512 5211 2649 5288 vidit
2673 5208 2884 5288 ‘Steph.
2942 5204 3358 5288 “aulae-on].
3397 5203 3497 5288 ira)
3519 5202 3613 5257 ἐπὶ
3643 5201 3810 5288 παντὶ

532 5274 999 5362 τῷᾐιρόρτῳλίγεξ
1016 5274 1223 5358 ἓμὶπίδ.
1251 5274 1500 5362 inarule
1520 5274 1619 5338 καῖ
1639 5285 1743 5362 ἐπι
1765 5274 1969 5362 παντὸς
1993 5285 2099 5362 τού
2111 5284 2501 5362 φό-ρτουκείγεε
2593 5284 2639 5316 ⁸⁵
2656 5274 2860 5362 _Stepit.
2877 5280 3040 5362 conj.
3060 5274 3423 5362 ’διαλὺξουσιη
3462 5274 3689 5362 ὃρξηιελ
3700 5275 3810 5328 δια-

535 5345 845 5430 φέύξοῦσιῗ
885 5345 1413 5432 ξδ-δοιῖὶιηέίῇτούτο.
1446 5345 1988 5432 Emendavitstepli.
2049 5357 2099 5432 ξ’
2123 5345 2560 5432 ’τδῙρ-ῂξιῶσθαι
2587 5345 2794 5432 conc”;
2841 5345 3159 5432 ἐξάγονταῇ
3191 5351 3287 5432 καὶ
3313 5346 3474 5432 rein?
3494 5345 3809 5432 φιλάνθρωῖ

535 5417 798 5503 πονξκτλ.
856 5430 904 5468 ⁸³
939 5417 1180 5502 ενι-ἱππεῖ
1200 5429 1494 5503 θαλάττης.
1571 5430 1617 5464 ⁵⁹
1645 5417 2120 5500 ϐοόιί.ἐτὲαρκεῖν.
2197 5427 2244 5459 ⁸⁸
2275 5417 2471 5483 Melius
2503 5427 2599 5480 καί
2622 5440 2721 5497 pro
2741 5423 2844 5479 οὐκ
2869 5417 2964 5479 άνζ
3033 5423 3078 5455 ⁶¹
3113 5419 3388 5477 Fortassis
3414 5419 3628 5476 ιένεκα.
3650 5417 3808 5474 Certe

536 5502 743 5576 aliquid
772 5512 1092 5576 corruptum
1120 5512 1224 5559 est.

2053 5589 2293 5650 ΝΟΤᾸΞ.

609 5696 739 5769 (8-9)
773 5693 938 5773 Pcpna
952 5691 1716 5773 naufragiumsupprimentis
1733 5688 2102 5773 quadruplum
2302 5685 2415 5773 (lli)
2446 5683 2525 5742 Ex
2553 5683 2609 5740 d.
2641 5685 2680 5741 1.
2705 5683 2761 5750 3,
2807 5680 2882 5739 De
2943 5680 3220 5749 incendio,
3260 5682 3298 5739 l.
3325 5677 3433 5752 ’ἶῃῇ
3471 5678 3527 5749 4,
3554 5675 3616 5740 ﬂ.
3637 5675 3711 5735 De
3735 5675 3783 5734 si

541 5766 630 5849 hic
661 5767 1130 5849 constituitur-get
1162 5767 1233 5849 ita
1264 5766 1561 5849 abrogatur
1589 5766 1988 5849 pgnimprtiS,
2012 5776 2119 5849 qua
2228 5766 2418 5849 cari-ig;
2450 5828 2510 5849 Ν
2539 5843 2684 5849 ____
2711 5827 2848 5849 .--υ
2875 5823 3108 5849 Δημὼ,

539 5840 669 5896 olim
710 5839 939 5893 allectus
989 5827 1110 5899 fuit,
1131 5836 1241 5890 vid.
1266 5838 1300 5892 Ι.
1331 5827 1469 5903 5,ἶιι
1503 5827 1604 5893 ῡηξ
1625 5835 1677 5891 Π.
1725 5833 1799 5891 De
1829 5827 2119 5901 incendio;
2304 5830 2417 5901 (lt)
2449 5828 2692 5886 Observa
2709 5827 2850 5885 banc
2872 5827 3224 5885 sententiam.

542 5915 578 5970 l.
605 5912 656 5981 3,
688 5909 795 5983 ξι,
822 5908 876 5966 θ’.
915 5908 988 5965 De
1004 5908 1242 5966 sicariis.
