4086 6326
347 415 451 481 εδδ

1470 430 1832 494 NOVELLE
1871 432 2549 503 CONSTITUTIONES.

3506 450 3612 513 566

334 543 430 625 aut;
448 526 572 583 οὐδὲ
596 527 655 582 ἂν
683 528 1001 603 πράγμασιν
1033 532 1166 605 ὕλης
1186 538 1471 608 τιμωμένη
1500 540 1534 609 ἡ
1582 538 1754 612 ζημία
1788 542 1922 595 πολ-

2029 543 2189 615 ﬂuxa,
2212 551 2455 607 materia:
2470 560 2750 623 expertem
2771 562 2935 625 atque
2952 554 3339 616 immortalem.
3368 560 3605 613 animam

338 617 436 689 λὴν
477 619 578 692 τὴν
614 621 923 696 ὑπερϐολὴν
971 624 1106 697 ἔχει,
1144 627 1234 682 ῐνα
1281 630 1357 701 μὴ
1397 629 1477 695 τῷ
1526 631 1922 702 ὑπερϐάλλοντι

336 710 527 784 ὥσπερ
555 715 677 769 τινά
709 716 1007 791 περίοδονή
1041 720 1227 775 ἀδικία
1261 722 1561 797 λαμϐάνῃ,
1610 724 1727 790 πῶς
1747 724 1923 790 οὕτως

336 804 689 877 ἀστάθμητος
716 806 889 878 ζημία
916 812 1217 868 καταλάϐοι
1256 817 1382 879 τοὺς
1428 817 1923 890 ἀποκρυψαμένους

335 896 405 950 τὰ
432 897 541 950 τῶν
572 900 980 969 ναυαγούντων,
1008 906 1108 959 οὐκ
1136 906 1304 979 οὔσης
1324 910 1422 979 τῆς
1446 909 1756 982 ὑπερϐολῆς
1779 912 1923 985 λόγῳ

340 987 533 1060 ῥητῆς,
562 988 631 1061 ἣν
653 992 791 1063 πρὸς
806 993 867 1047 τὸ
894 994 1139 1069 ἀδίκημα
1166 1002 1199 1071 ὴ
1235 1001 1523 1073 εῖσπραξις
1544 1003 1919 1076 ἀποφέρεται;

407 1266 719 1339 Κελεύομεν
752 1264 846 1324 οὖν
882 1272 977 1327 καὶ
1021 1273 1179 1328 τοῦτο
1231 1277 1430 1347 μηκέτι
1482 1278 1655 1343 οὕτως
1707 1278 1929 1334 εὐθύνε-

338 1358 487 1423 σθαι,
510 1360 626 1414 ἀλλ’
659 1362 785 1417 ἀντὶ
806 1364 902 1419 τοῦ
934 1369 1522 1439 παρακατασχεθέντος
1572 1370 1749 1435 είδους
1790 1374 1926 1427 άποο

336 1453 572 1508 τιννύειν
592 1456 933 1526 τετραπλοῦν
957 1458 1050 1513 τὸν
1073 1461 1555 1533 ἀποκρυψάμενον,
1577 1466 1674 1517 καὶ
1700 1465 1929 1538 τοιαύτῃ

335 1544 463 1619 δίκῃ
494 1543 773 1617 ὁρίζεσθαι
795 1550 858 1603 τὸ
888 1551 1112 1624 ἀμάρτη
1123 1571 1218 1619 μα.

887 1646 1202 1699 ΔΙΛΤΑΞΙΣ
1233 1645 1354 1703 ΞΕ’.

338 1726 481 1797 Περὶ
507 1727 619 1797 τῆς
657 1730 967 1801 κολάσεως
990 1733 1112 1787 τῶν
1141 1740 1475 1807 μαγγανεία
1504 1740 1921 1811 χρησαμένων.

423 1821 480 1874 '0
514 1823 674 1888 αὐτὸς
703 1823 956 1895 βασιλεὺς
986 1826 1263 1899 Στυλιανῷ
1286 1830 1365 1901 τῷ
1400 1832 1570 1903 αὐτῷ.

2026 655 2242 710 nempe,
2268 658 2466 715 capere
2518 645 2663 701 haud
2715 656 2799 704 est
2847 664 3087 721 aequum.
3124 648 3259 703 Nam
3292 650 3338 707 si
3370 666 3611 720 persaepe

2028 747 2204 802 neque
2248 733 2303 789 in
2352 737 2516 793 rebus
2550 739 2931 797 materialibus
2982 741 3152 799 multa
3204 742 3415 797 illatum
3454 743 3611 796 dam-

2027 840 2155 879 num
2204 826 2365 900 longe
2418 842 2662 899 superat,
2694 849 2804 905 quo
2860 834 3114 889 videlicet
3139 836 3285 889 velut
3315 835 3607 889 circuitum

2025 919 2262 989 aliquem
2297 921 2562 993 iniquitas
2600 938 2832 982 excessu
2881 939 2993 981 non
3015 926 3269 981 conﬁciat
3297 943 3312 979 :
3336 926 3608 997 quamob-

2025 1026 2141 1067 rem
2185 1020 2295 1067 tam
2352 1015 2636 1086 inmqualis
2687 1032 2847 1087 paena
2883 1017 3028 1084 illos,
3064 1019 3154 1089 qui
3215 1019 3605 1089 naufragorum

2027 1120 2117 1160 res
2155 1108 2458 1174 occultant,
2509 1111 2795 1181 percellat,
2842 1120 2904 1166 ut
2950 1127 3234 1175 excessus,
3267 1126 3428 1181 quem
3471 1112 3609 1167 ultio

2026 1198 2095 1253 ad
2120 1198 2334 1257 facinus
2367 1202 2556 1268 refert,
2582 1205 2813 1273 exprimi
2844 1204 3026 1261 verbis
3065 1214 3321 1275 nequeat.

2096 1290 2361 1350 Jubemus
2397 1294 2584 1364 igitur,
2620 1304 2677 1350 ut
2710 1296 2774 1351 de
2801 1297 2898 1351 hoc
2928 1312 3036 1352 non
3063 1297 3303 1367 amplius
3329 1297 3403 1351 ita
3435 1297 3610 1351 vindi-

2028 1392 2207 1449 cetur,
2238 1385 2333 1441 sed
2351 1401 2452 1456 pro
2476 1401 2536 1442 re
2552 1386 2793 1452 detenta,
2826 1387 2918 1458 qui
2936 1388 3203 1453 occuluit,
3234 1389 3606 1460 quadruplmn

2025 1476 2300 1548 dependat
2328 1494 2503 1549 eaque
2532 1495 2693 1551 paena
2724 1481 2777 1537 id
2812 1480 3070 1536 dilectum
3100 1478 3450 1552 defungatur.

2484 1663 2953 1720 CONSTITUTIO
3000 1664 3161 1720 LXV.

2332 1756 2409 1812 De
2436 1758 2833 1812 incantatorum
2876 1776 3027 1827 paena
3065 1758 3300 1831 (12-15).

2100 1847 2244 1902 Idem
2276 1847 2575 1916 imperator
2620 1847 2793 1902 eidem
2839 1845 3108 1919 Styliano.

425 1913 484 1970 '0
515 1917 616 1987 μὲν
654 1916 829 1973 είπὼν
878 1919 1197 1991 μέμφεσθαι
1230 1922 1308 1993 τῷ
1343 1924 1473 1997 οἴνῳ
1517 1926 1611 1979 καὶ
1642 1926 1703 1978 τὸ
1735 1928 1923 1981 τούτου

2103 1936 2204 2001 Qui
2257 1913 2478 2005 propter
2524 1935 2637 2006 (l4)
2696 1913 3124 1992 temulentorum
3178 1938 3607 2009 incompositum

337 2006 577 2081 εὔθυμον
597 2010 1041 2085 ἀποστρέφεσθαι
1068 2014 1157 2069 διὰ
1184 2016 1247 2070 τὸ
1270 2016 1381 2071 τῶν
1418 2017 1669 2089 μεθύσων
1692 2020 1927 2074 κακόθυ-

341 2118 463 2173 μον,
488 2101 633 2157 ἔοικε
658 2103 746 2159 διὰ
768 2104 981 2178 φαύλην
1005 2106 1205 2179 χρῆσιν
1223 2109 1285 2162 τὸ
1328 2110 1402 2181 μὴ
1433 2111 1557 2165 καθ’
1597 2112 1757 2165 έαυτδ
1787 2112 1925 2181 φαῦο

338 2198 430 2249 λον
456 2194 516 2249 δν
538 2195 837 2270 διασύρειν.
891 2198 1035 2268 Ἐγὼ
1078 2200 1137 2253 δὲ
1193 2201 1359 2273 νόμον
1409 2203 1790 2275 ὲκτεθειμένον
1818 2206 1925 2260 ὑπὸ

337 2288 449 2344 ⁴τῶν
477 2288 648 2344 πάλαι
690 2290 999 2361 νομοθετῶν
1030 2292 1527 2366 διασκεπτόμενος,
1579 2297 1638 2362 ὃς
1672 2300 1924 2370 γοητείαν

345 2381 445 2453 μὲν
478 2380 691 2453 φαύλην
722 2381 1026 2455 ἡγούμενος
1072 2389 1420 2457 τιμωρεῖται,
1452 2389 1617 2443 πάλιν
1668 2391 1719 2445 δ’
1751 2392 1925 2464 αὐτὴν

339 2471 667 2543 ἀποδέχεται
694 2472 817 2545 (οὐκ
836 2476 899 2527 ὲκ
926 2476 1026 2546 τῆς
1052 2476 1162 2529 τῶν
1204 2478 1505 2549 χρωμένων
1554 2479 1691 2553 αὐτῇ
1727 2499 1924 2553 προαι-

345 2563 549 2633 ρέσεως
578 2564 791 2637 φαύλην
815 2566 998 2621 δεικνυ
1007 2568 1177 2639 μένην
1196 2611 1212 2637 ,
1249 2570 1367 2624 ἀλλ’
1390 2570 1607 2628 οἴκοθεν
1644 2576 1925 2645 πηγάζουο

343 2670 444 2710 σαν
472 2656 573 2727 τὴν
605 2657 829 2726 κακίαν,
863 2658 1052 2730 ὥσπερ
1078 2661 1127 2715 οι
1174 2664 1456 2734 κοπρῶνες
1486 2666 1585 2737 τὴν
1614 2667 1921 2733 δυσωδίαν),

346 2749 662 2820 μέμφεσθαι
704 2754 820 2815 τοῖς
846 2753 1334 2825 νενομοθετηκόσιν
1368 2758 1469 2812 ούκ
1502 2758 1569 2813 ἂν
1613 2761 1801 2830 φαίην,
1838 2762 1925 2816 ἵνα

339 2841 400 2894 δὲ
435 2840 511 2912 μὴ
568 2841 870 2913 μέμφοιντο
909 2845 970 2899 τὸ
1024 2847 1123 2918 τὴν
1154 2848 1364 2919 μέμψιν
1411 2849 1533 2921 ἔχον
1573 2855 1923 2926 νομοθέτημα

340 2933 698 3007 ἐκκαθαίρειν
725 2938 770 2969 ⁶¹
802 2937 1000 2993 δικαιῶ
1032 2939 1126 2994 τοῦ
1162 2941 1271 2997 τῶν
1295 2944 1475 3014 νόμων
1510 2946 1759 3017 ἐδάφους.
1796 2949 1927 3004 Βούο

339 3023 492 3080 λεται
528 3026 628 3097 μὲν
664 3026 773 3100 γὰρ
798 3026 1042 3083 εὐθύνειν
1068 3031 1345 3102 γοητείαν,
1372 3034 1453 3089 ὅτι
1489 3036 1549 3089 τὸ
1588 3039 1804 3110 σῶφρον
1831 3039 1924 3094 τοῦ

342 3117 435 3172 νοῦ
456 3118 837 3194 ἀφαιρουμένη
861 3122 1231 3194 ἀναϐακχεύει
1279 3127 1404 3190 τοὺς
1446 3128 1742 3200 λογισμοὺς
1788 3135 1926 3206 πρὸς

340 3211 592 3284 οἴστρους
619 3212 714 3267 καὶ
746 3213 947 3285 μανίας
971 3218 1265 3288 ἐρωτικὰς,
1312 3219 1637 3293 ἀποδέχεται
1678 3224 1736 3278 δὲ
1763 3226 1925 3282 πάλιν

341 3305 536 3377 αὐτὴν,
566 3305 645 3371 ὡς
675 3309 1010 3380 σπερμάτων
1034 3311 1152 3367 ,καὶ
1189 3314 1419 3382 καρπῶν
1472 3314 1773 3387 θεραπείαν
1829 3323 1925 3377 καὶ

339 3397 518 3454 ἄλλων
542 3398 598 3451 δέ
622 3416 785 3457 τινων
815 3401 1020 3471 καλῶν,
1042 3404 1117 3470 ὡς
1147 3407 1344 3474 οἴεται,
1374 3411 1629 3481 χορηγὸν,
1662 3414 1759 3466 καὶ
1787 3414 1925 3486 ὅπερ

341 3488 416 3552 ὡς
445 3488 729 3544 ἐπίϐουλον
764 3491 1010 3559 κολάζει,
1042 3494 1205 3550 τοῦτο
1236 3498 1401 3552 πάλιν
1430 3500 1507 3564 ὡς
1553 3501 1849 3574 εὐεργέτην
1877 3504 1925 3537 ⁸³

341 3583 500 3655 τιμᾷ.
546 3581 742 3655 Ἦμείς
786 3586 842 3640 δὲ
886 3587 988 3657 τὴν
1018 3589 1277 3661 τοιαύτην
1309 3595 1650 3662 μαγγανείαν
1672 3597 1927 3670 ὀλεθρίαν

345 3673 446 3745 μὲν
475 3673 742 3747 ὑπάρχειν
793 3677 1118 3759 πειθόμεθα,
1148 3682 1316 3736 καλοῦ
1346 3683 1403 3737 δέ
1441 3693 1593 3749 τινος
1616 3689 1795 3744 αἰτίαν
1826 3691 1927 3747 οὐκ

341 3766 409 3823 ἂν
438 3769 813 3842 πεισθείημεν.
870 3771 934 3825 Et
978 3773 1037 3828 δὲ
1086 3777 1183 3829 καὶ
1209 3778 1455 3847 φαίνοιτό
1520 3799 1605 3847 τις
1627 3785 1702 3853 νδ
1733 3784 1927 3859 φέρειν

343 3862 585 3917 τοιοῦτον
606 3863 704 3935 (ὡς
728 3865 876 3920 δοκεί
899 3867 977 3939 τῷ
1004 3869 1210 3939 ταύτην
1235 3871 1620 3948 ἀποδεχομένῳ
1645 3877 1840 3951 νόμῳ),
1863 3882 1925 3935 οὐ

345 3959 579 4033 χρηστὸν
604 3960 743 4016 ἀλλά
768 3962 962 4036 δέλεαρ
991 3966 1084 4019 καὶ
1114 3966 1296 4039 πάγην
1321 3970 1459 4042 πρὸς
1500 3973 1561 4027 τὸ
1592 3974 1699 4028 τῶν
1742 3976 1928 4033 κακῶν

345 4050 572 4123 ἔσχατον
600 4055 699 4125 τὴν
725 4055 819 4109 τοῦ
841 4055 994 4122 ὄντος
1021 4057 1231 4127 ἀγαθοῦ
1269 4059 1543 4118 ἔκπτωσιν
1594 4065 1927 4125 ἀλίσκουσαν

346 4144 503 4215 ίσμεν
529 4145 576 4180 ⁸⁸
598 4147 729 4212 τοὺς
751 4148 1111 4219 πειθομένους
1130 4151 1430 4224 δαιμονίοις
1459 4159 1669 4222 σκαιοῖς
1690 4159 1811 4214 ἀντὶ
1832 4161 1927 4215 τοῦ

344 4238 593 4293 Πλάστου
624 4239 722 4294 καὶ
744 4241 1016 4296 Δεσπότου
1038 4246 1393 4316 προσανέχειν
1416 4251 1926 4320 παρασκευάζοντα,

344 4332 437 4386 καὶ
465 4332 566 4398 τὰς
588 4332 791 4404 βλάϐας
820 4335 908 4389 διὰ
939 4337 1039 4407 τῆς
1088 4338 1198 4392 τῶν
1248 4340 1407 4405 ἐκτὸς
1450 4341 1686 4408 ἀλυπίας
1715 4347 1797 4409 είς
1829 4346 1928 4418 τὴν

342 4426 520 4499 ψυχὴν
565 4427 839 4499 δέχεσθαι.
864 4433 992 4496 τοὺς
1017 4432 1222 4503 ταύτην
1259 4434 1715 4509 ἀποδεχομένους.
1751 4439 1928 4514 Ὀπερ

345 4520 606 4586 πολλάκις
632 4522 683 4575 οί
724 4522 862 4595 πρὸς
911 4523 1011 4589 τάς
1045 4524 1263 4597 πληγὰς
1304 4527 1470 4581 δειλοὶ
1510 4529 1833 4602 πάσχουσιν,
1864 4532 1925 4587 ού

2030 2027 2440 2097 malignumque
2466 2027 2712 2081 animum
2772 2028 3182 2098 reprobandum
3223 2045 3349 2086 esse
3396 2031 3609 2096 vinum,

2028 2123 2260 2193 ejusque
2298 2121 2762 2187 oblectamenth
2791 2122 3181 2187 aversandum,
3205 2124 3339 2180 dicit
3368 2145 3383 2181 :
3418 2142 3499 2182 nae
3519 2126 3614 2182 ille

2029 2222 2254 2286 propter
2278 2228 2599 2283 perversum
2626 2228 2810 2278 usum,
2833 2229 2947 2269 rem
2990 2229 3087 2284 per
3117 2231 3178 2271 se
3232 2232 3345 2271 non
3380 2232 3610 2288 perver-

2032 2322 2150 2364 sam
2178 2304 2457 2376 suggillat.
2490 2306 2606 2376 Ego
2658 2320 2786 2359 vero
2821 2306 3222 2377 promulgatam
3257 2322 3285 2360 a
3326 2306 3609 2362 veteribus

2029 2400 2435 2474 lcgislatoribus
2502 2400 2674 2471 legem
2716 2397 2828 2469 (15)
2898 2398 3278 2462 considerans,
3338 2414 3457 2453 eam
3489 2414 3613 2470 qua:
3701 2478 3706 2483 '

2029 2495 2192 2551 modo
2225 2495 2698 2551 incantamentum
2742 2492 2942 2553 malum
2977 2507 3101 2548 esse
3156 2503 3295 2555 rata,
3333 2493 3383 2546 id
3418 2494 3601 2564 punit,

2030 2590 2191 2647 modo
2219 2605 2348 2646 vero
2381 2587 2622 2644 admittit
2682 2594 2736 2642 et
2768 2586 3064 2657 approbat,
3110 2603 3413 2658 quanquam
3462 2586 3516 2642 id
3544 2603 3611 2643 ex

2029 2688 2301 2741 utentium
2339 2685 2626 2757 proposito
2675 2686 2880 2739 malum
2932 2698 3040 2737 non
3075 2682 3191 2746 iiat,
3250 2679 3345 2734 sed
3381 2695 3480 2734 sua
3516 2694 3617 2731 na-

2029 2786 2152 2833 tura
2188 2756 2509 2842 vitiositate,
2539 2785 2800 2850 tanquam
2848 2774 3197 2846 sterquilinia
3233 2772 3609 2845 graveolentia

2029 2873 2329 2938 scaturiat;
2358 2888 2466 2928 non
2487 2884 2661 2927 tamen
2687 2872 2809 2927 illos
2834 2854 3179 2942 legislatores
3202 2867 3613 2939 reprehendenc

2026 2966 2129 3022 dos
2154 2964 2408 3033 dixerim,
2432 2966 2528 3023 sed
2573 2982 2640 3021 ne
2674 2966 2800 3036 quis
2858 2965 3031 3034 legem
3068 2964 3232 3034 (quod
3268 2963 3466 3015 merito
3498 2958 3613 3029 ﬁat)

2028 3053 2325 3125 vituperet,
2384 3070 2505 3111 eam
2556 3071 2625 3111 ex
2664 3054 2844 3125 legum
2887 3055 3045 3126 quasi
3092 3053 3264 3108 fundo
3304 3052 3610 3107 tollendum

2030 3154 2187 3219 puto.
2258 3145 2389 3203 Vult
2442 3157 2626 3204 autem
2662 3148 2843 3219 puniri
2896 3147 3321 3209 incantationes.
3366 3161 3430 3201 eo
3464 3142 3615 3216 quod

2030 3240 2302 3298 modestia
2334 3242 2506 3297 animi
2547 3243 2785 3308 sublata,
2846 3242 3088 3298 stimulis
3139 3239 3433 3310 furoreque
3465 3252 3620 3292 ama-

2032 3333 2175 3390 torio
2212 3332 2483 3391 rationem
2518 3335 2583 3389 ad
2630 3334 2899 3391 insaniam
2943 3334 3201 3406 adigant;
3230 3346 3295 3388 ac
3345 3330 3615 3402 approbat

2032 3426 2143 3499 (Π)
2171 3442 2392 3484 rursum
2422 3428 2544 3484 illas
2576 3436 2838 3498 tanquam
2878 3435 3112 3498 segetes,
3150 3434 3204 3482 et
3255 3424 3469 3482 fructus
3502 3439 3607 3480 cu-

2032 3525 2177 3586 rent,
2202 3519 2418 3589 aliaque
2438 3520 2581 3574 bona
2614 3523 2696 3591 (ut
2719 3518 2939 3589 quidem
2971 3518 3208 3588 videtur)
3228 3516 3606 3589 suppeditent.

2030 3611 2208 3683 Atque
2234 3611 2307 3667 ita
2332 3612 2478 3683 quod
2513 3612 3121 3683 tanquaminsidiosum
3155 3612 3446 3683 puniisset,
3467 3609 3611 3665 idem

2030 3721 2254 3760 rursum
2312 3715 2577 3775 tauquam
2608 3706 2931 3761 beneficium
2992 3706 3245 3761 honorat.
3296 3702 3461 3775 Atqui
3512 3718 3614 3786 nos

2030 3798 2347 3854 istiusmodi
2382 3799 2788 3855 incantationes
2820 3799 3163 3869 perniciosas
3220 3812 3341 3854 esse
3386 3811 3617 3868 ρει-διιο-

2031 3906 2152 3946 sum
2188 3891 2487 3959 habemus;
2528 3898 2584 3946 et
2631 3898 2691 3946 ut
2718 3892 2847 3948 boni
2881 3891 3179 3963 quidquam
3211 3890 3339 3949 inde
3389 3903 3614 3944 manare

2030 3982 2344 4050 credamus,
2374 3983 2562 4039 induci
2589 3998 2699 4039 non
2740 3999 3059 4055 possumus.
3107 3986 3185 4038 Ac
3214 3998 3346 4038 sane
3373 3982 3538 4038 etiam
3562 3979 3615 4036 si

2030 4077 2159 4132 boui
2202 4078 2501 4147 quidquam
2532 4077 2835 4146 producere
2866 4077 2987 4133 illas
3021 4084 3281 4147 appareat
3311 4072 3611 4146 (quomodo

2028 4170 2237 4241 quidem
2266 4170 2593 4241 approbanti
2628 4169 2779 4240 ipsas
2809 4170 2915 4240 legi
2959 4167 3199 4239 videtur)
3231 4183 3336 4222 non
3396 4166 3451 4220 id
3515 4166 3615 4221 boa

2032 4276 2162 4316 num
2198 4275 2347 4327 esse,
2388 4260 2487 4316 sed
2517 4259 2831 4317 illecebram
2878 4267 3043 4332 atque
3069 4276 3313 4325 nassam,
3342 4258 3613 4328 quaille.

2030 4364 2152 4411 ctos
2184 4355 2238 4409 in
2271 4354 2542 4410 malorum
2583 4355 2829 4409 omnium
2853 4362 3181 4420 extremum,
3219 4352 3312 4408 ubi
3343 4368 3371 4407 a
3395 4365 3613 4408 summo

2033 4448 2178 4504 bono
2194 4448 2470 4515 excidant,
2494 4450 2804 4516 absorbeat,
2829 4461 3171 4521 compertum
3197 4449 3484 4508 habemus.
3507 4448 3613 4504 No-

2031 4546 2149 4596 tum
2168 4540 2314 4598 enim
2348 4543 2505 4600 nobis
2536 4552 2621 4600 est
2639 4545 2780 4610 illas,
2806 4552 2866 4598 ut
2892 4543 2985 4615 qui
3014 4559 3073 4599 se
3095 4543 3230 4613 ipsis
3250 4542 3477 4609 dedunt,
3501 4557 3613 4613 prae

347 4611 661 4685 βουλόμενοι
694 4615 899 4681 ταύτας
952 4618 1045 4672 ἐπὶ
1081 4618 1190 4672 τῶν
1220 4619 1420 4691 χειρῶν
1468 4620 1745 4692 δέξασθαι,
1778 4626 1922 4681 κατά

2029 4631 2288 4688 Creatore
2314 4642 2369 4689 et
2418 4632 2648 4691 Domino
2704 4611 2962 4691 infaustis
3016 4611 3266 4705 diri—sque
3324 4611 3612 4689 dremoniis

343 4706 440 4776 τῆς
472 4706 713 4779 κεφαλῆς
734 4708 768 4781 ἢ
791 4710 891 4781 τῆς
910 4710 1149 4781 γαστρὸς
1180 4712 1552 4785 ὑποδέχονται.

2033 4723 2371 4791 adhaereant,
2426 4727 2675 4795 ellicere;
2708 4737 2763 4782 et
2814 4727 2907 4798 qui
2952 4726 3076 4782 illas
3131 4724 3479 4790 aﬂ'ectantur,
3512 4726 3613 4783 hos

344 4814 438 4871 per
471 4808 823 4859 externarum
871 4820 1053 4860 rerum
1106 4806 1282 4862 laetam
1314 4809 1609 4879 quamdam
1657 4811 1897 4883 speciem
1930 4816 2160 4872 vulnera
2191 4816 2244 4872 in
2268 4819 2512 4874 animam
2572 4818 2851 4891 excipere.
2922 4820 3083 4892 quale
3129 4818 3389 4891 quiddam
3469 4819 3614 4874 inter

1623 4968 1864 5029 VARle
1893 4973 2297 5035 LECTIONES.

406 5078 454 5162 ’ξ
484 5075 718 5162 scrimg_.
741 5080 791 5133 εἰ
820 5079 1126 5162 καθαίρειν.
1198 5082 1460 5162 ’χδιορίι
1485 5084 1763 5162 εύεργέτιν
1790 5088 1961 5162 scribi
1985 5093 2119 5147 vult.
2198 5092 2245 5125 ”
2273 5092 2506 5160 Scrimg.
2536 5113 2612 5151 τι.
2644 5094 2840 5151 Zuich.
2860 5102 2919 5153 et
2962 5094 3188 5153 Meerm.
3243 5095 3451 5153 rectius
3501 5113 3609 5161 τις.

346 5152 391 5186 ⁸⁸
420 5150 654 5222 Scrimg.
682 5150 840 5222 ταμεν
866 5151 927 5206 τὲ
952 5150 1218 5227 ἔγνωμεν.
1248 5150 1504 5228 Plerique
1527 5150 1685 5229 ἴσμεν
1713 5176 1775 5214 τε
1804 5162 1901 5216 καὶ
1937 5159 2186 5235 ἔγνωμεν
2235 5150 2587 5239 scribendum
2600 5150 2860 5225 censent.

1832 5254 2066 5312 NOTAE.

421 5336 630 5407 (ii-l5)
668 5336 1066 5419 lncantatores,
1090 5356 1327 5419 quorum
1351 5357 1517 5415 opera
1543 5346 1671 5419 o_l_irn
1689 5348 1909 5419 grandi-

349 5422 449 5485 nes
472 5413 1536 5485 averterentur,minitnepuniebantur.
1560 5413 1817 5485 Vid.l.4,
1842 5420 1904 5475 Β.

353 5479 1088 5564 υειιιείοίίς.,ιίξο.ῌοξειιο.
1124 5479 1389 5564 iubentur
1427 5502 1745 5564 supremum
1772 5479 1908 5564 sup-

350 5550 572 5621 plicium
600 5552 735 5621 pati.
764 5552 917 5608 Adde
932 5550 1188 5609 Photiu'm
1213 5554 1263 5610 9.
1291 5550 1519 5614 Nomoc'.
1537 5559 1630 5615 2t.

349 5621 706 5747 legitimus“
724 5627 802 5679 τθί
824 5632 1046 5696 ρτοριειι
1083 5628 1315 5683 abusum
1346 5628 1633 5686 hominum
1659 5647 1767 5688 non
1804 5632 1915 5689 tol-

367 5706 471 5747 euq
479 5706 563 5747 IIS-

348 5763 532 5889 tici;.5)
586 5761 647 5819 θ’
710 5763 823 5830 [δ’
874 5764 939 5823 θ’
1002 5764 1079 5821 De
1128 5767 1360 5825 maleﬁc.
1398 5770 1497 5841 '15,
1531 5780 1585 5831 et.
1619 5775 1920 5833 mathema-

422 5902 670 5977 (l6)Vid.
694 5906 732 5963 l.
763 5905 846 5976 15,
877 5907 931 5965 ΙῙ.
958 5908 1030 5969 Dc
1052 5909 1291 5983 injuriis.

2251 5348 2420 5406 Pcena
2458 5351 2860 5426 incantatorum
2890 5367 3208 5426 supremum
3247 5351 3605 5426 supplicium.

2098 5349 2420 5475 317%Pmna
2458 5351 2860 5409 incantatorum
2890 5367 3208 5479 supremum
3247 5351 3605 5426 supplicium.

2011 5419 2092 5478 Ad
2134 5438 2196 5495 e_
2249 5430 2565 5495 e_ut.,xvnt,
2613 5421 2787 5478 Levit.
2822 5440 2917 5489 xx,
3020 5423 3153 5495 Reg.
3188 5441 3375 5489 xxvm,
3410 5425 3610 5495 Plato-

2014 5509 2139 5548 nem
2172 5492 2347 5565 199.8
2374 5493 2455 5565 1⁸8

2013 5579 2137 5619 nem
2168 5564 2260 5626 52.
2285 5562 2578 5622 Herodian.
2607 5567 2661 5631 4,
2692 5567 2957 5621 Arianum
2994 5569 3049 5622 in
3081 5566 3282 5622 Indicis
3310 5582 3360 5621 c.
3388 5567 3480 5631 25,
3503 5569 3610 5622 Ca-

2013 5634 2271 5709 pitularis
2314 5636 2497 5709 Caroli
2533 5637 2733 5706 Magni.
2768 5636 3109 5709 Xiiphilinum
3133 5639 3185 5691 in
3215 5636 3418 5692 Julian.
3451 5641 3603 5695 'l‘aci-

2018 5716 2131 5760 ttnn
2152 5705 2206 5769 2,
2238 5707 2436 5761 Annal.
2460 5705 2689 5765 Sueten.
2711 5710 2763 5763 in
2781 5705 3003 5765 Tiberio
3023 5709 3412 5773 32,Culumell.
3443 5709 3513 5763 De
3546 5727 3604 5765 re

2029 5778 2226 5853 r_ustic.
2278 5779 2338 5853 β,
2401 5779 2771 5853 Suidaurin
2808 5781 2975 5853 Verbo
3028 5780 3240 5853 ἑταίρα.
3272 5778 3400 5838 Vid.
3451 5779 3605 5837 Petr.

2461 5495 2603 5561 ibus,
2637 5494 2954 5551 Cassiodor.
2976 5497 3031 5562 9,
3050 5494 3337 5550 variatum
3366 5494 3452 5559 18,
3487 5498 3613 5551 Diu-

2030 5849 2365 5921 Grcgorji,
2394 5860 2611 5924 syntag.
2644 5852 2729 5917 Η,
2758 5852 2842 5907 i5.
