4086 6326
477 362 583 432 567

1747 363 2024 426 LEONIS
2049 360 2514 426 PHILOSOPHI

3660 340 3784 405 568

477 477 835 552 pugnandum
893 476 1236 536 meticulosis
1283 475 1604 550 frequenter
1651 474 1902 548 jaccidit;
1949 473 2042 546 qui
2083 472 2381 529 dum‘ictus
2413 461 2470 528 in
2493 486 2687 530 manus
2715 468 2970 543 excipere
2993 464 3211 534 nolunt,
3277 463 3389 522 illis
3455 459 3545 522 vel
3595 467 3778 530 caput

480 577 564 630 vel
592 582 835 631 ventrem
867 582 1178 646 exponunt.

551 668 698 725 Sane
757 683 890 724 vero
931 668 978 723 si
1023 668 1139 739 quis
1181 669 1362 738 aliqua
1418 668 1586 726 modo
1635 663 2048 722 incantamentis

2230 665 2302 721 Ei
2318 683 2403 732 τις
2429 664 2496 738 δὴ
2517 666 2656 730 ὅλως
2675 664 2900 720 τοιαῦτα
2927 659 3210 733 φωραθείη
3235 655 3777 730 μαγγανευόμενος,

481 774 618 815 usus
642 773 766 814 esse
818 758 1200 828 deprehensus
1232 758 1421 829 fuerit,
1452 758 1572 816 sive
1617 759 1670 814 id
1704 755 2048 814 restituenda

2165 759 2278 813 εἴτε
2298 760 2569 830 προφάσει
2603 759 2706 831 τῆς
2734 756 2832 813 τοῦ
2857 754 3109 826 σώματος
3136 750 3460 824 θεραπείας,
3483 747 3597 803 εἴτε
3623 747 3777 800 dm.

483 850 946 908 conservaudmve
979 851 1330 918 valetudinis,
1387 852 1506 910 sive
1541 852 1856 909 avertenda:
1909 865 1940 904 a
1973 864 2048 906 re-

2163 851 2375 923 τροπῆς
2398 853 2496 924 τῆς
2523 851 2634 907 τῶν
2657 850 2956 924 καρπίμων
2983 846 3209 919 βλάϐης,
3235 845 3334 915 τὴν
3373 839 3618 912 ἐσχάτην
3645 838 3780 893 etc-

479 943 584 999 bus
629 943 910 1015 frugiferis
950 944 1282 1016 calamitatis
1307 960 1477 1001 causa
1522 944 1739 1010 fecerit,
1763 944 1811 999 is
1845 951 2068 1014 aposta-

2166 944 2491 1016 πραττέσθω
2520 942 2711 1015 ποινὴν
2728 981 2746 1010 ,
2773 940 2874 1014 τὴν
2899 935 3008 995 τῶν
3034 933 3363 994 ἀποστατῶν
3392 931 3621 988 κόλασιν
3652 929 3775 996 ὕφ-

480 1043 659 1090 tarum
692 1049 908 1106 poenam
935 1036 1186 1105 subiens,
1219 1053 1538 1111 supremum
1578 1037 1912 1111 supplicium
1933 1052 2063 1094 sus-
2166 1037 2479 1110 ιστάμενος.

479 1127 655 1184 tincto
679 1129 820 1201 (i7).

926 1219 1393 1279 CONSTITUTIO
1439 1221 1626 1280 LXVI.

1042 1314 1118 1370 De
1151 1315 1328 1386 plagio
1361 1315 1496 1387 (18).

549 1404 696 1463 idem
719 1407 1022 1479 imperator
1051 1409 1228 1465 eidem
1265 1408 1535 1481 Styliano.

548 1495 622 1554 Ut
650 1499 882 1569 justitiaa
913 1502 1113 1558 libram
1150 1517 1257 1558 non
1284 1504 1410 1575 plus
1452 1518 1610 1576 aequo
1639 1503 1709 1560 ad
1739 1503 2062 1560 misericor-

474 1590 624 1648 diam
647 1593 938 1661 inclinare,
972 1593 1048 1650 ita
1077 1610 1254 1665 neque
1319 1596 1489 1651 nimia
1533 1596 1858 1652 austeritate
1885 1596 2062 1652 delin-

472 1685 783 1752 quentibus
852 1686 1157 1757 graviorem
1191 1702 1357 1759 quam
1419 1697 1705 1759 peccatum
1771 1689 2058 1760 requirat',

474 1788 694 1845 penam
729 1775 934 1848 imponi
960 1777 1247 1833 honestum
1282 1787 1389 1836 est.
1427 1778 1563 1834 Illud
1627 1780 1775 1835 enim
1833 1778 2058 1851 (intem-

474 1866 686 1938 pestiva
714 1870 1129 1928 commiseratio
1161 1872 1381 1944 nempe)
1417 1871 1472 1926 in
1503 1872 1614 1927 illis
1648 1873 1852 1943 quibus
1886 1872 2054 1928 deco-

2669 1212 2985 1273 suum
3037 1211 3157 1283 scr
3181 1211 3250 1270 ιε.

2623 1308 2764 1378 Περί
2799 1303 3321 1377 ἀνδραποδισμοῦ.

2245 1406 2309 1463 Ὅ
2335 1403 2500 1471 αύτδς
2530 1402 2786 1476 βασιλεὺς
2815 1399 3096 1472 Στυλιανῷ
3123 1397 3204 1471 τῷ
3235 1395 3405 1469 αὐτῷ.

2236 1500 2453 1572 Ὠσπερ
2486 1496 2587 1552 οὐκ
2615 1495 2734 1550 ἐστι
2766 1495 2934 1551 καλὸν
2964 1493 3037 1549 τά
3055 1492 3156 1564 τῆς
3174 1490 3329 1562 δίκης
3350 1487 3512 1559 ’ζυγά
3535 1486 3700 1543 πλέον
3724 1486 3766 1557 ἦ

2161 1595 2441 1666 προσῆκεν
2473 1587 2849 1646 ἐπικλίνεσθαι
2900 1589 2968 1661 τῇ
3006 1583 3352 1658 συμπαθείᾳ,
3409 1582 3593 1648 οὕτως
3642 1580 3766 1637 οὐδ’

2158 1685 2470 1759 ὑπερϐολὴν
2491 1684 2538 1717 ⁸⁷
2572 1680 2979 1755 αὐστηρότητος
3018 1680 3134 1744 τοῖς
3167 1675 3548 1750 ἁμαρτάνουσι
3585 1674 3766 1746 βαρυσ-

2157 1778 2326 1850 τέραν
2357 1777 2392 1851 ἢ
2423 1778 2549 1832 ὅσον
2580 1776 2807 1831 ἀπαιτεῖ
2828 1772 2891 1828 ea
2913 1771 3221 1844 ἁμάρτημα
3255 1769 3359 1842 τὴν
3396 1767 3557 1840 δίκην
3580 1765 3764 1820 ἐπιτί-

2156 1873 2370 1928 θεσθαι.
2403 1871 2478 1926 Τὸ
2521 1870 2623 1941 μὲν
2655 1868 2790 1940 γὰρ,
2813 1867 2959 1937 λέγω
2979 1865 3046 1938 δὴ
3071 1864 3136 1920 τδ
3168 1863 3401 1935 ἄκαιρον
3438 1860 3758 1932 συμπαθὲς,

471 1974 596 2014 rum
625 1961 892 2019 excedere
919 1964 1113 2035 religio
1141 1980 1252 2020 non
1307 1977 1413 2031 est,
1443 1972 1846 2035 contemptum,
1878 1973 1932 2021 et
1977 1963 2045 2020 ad

2158 1967 2270 2032 τοῖς
2295 1964 2342 1998 ⁸⁸
2363 1965 2469 2033 ἔξω
2499 1965 2764 2035 φέρεσθαι
2790 1961 2886 2018 τοῦ
2923 1965 3233 2031 πρέποντος
3261 1961 3367 2016 οὐκ
3408 1956 3723 2027 εύλαϐουμέ
3746 1991 3761 2002 -

467 2052 720 2111 audenda
745 2056 888 2110 mala
913 2057 1295 2113 ferventiorem
1321 2058 1808 2129 promptitudinem
1840 2058 2050 2129 gignat;

465 2152 525 2201 et
551 2146 804 2218 graviore
836 2163 1002 2219 quam
1053 2164 1156 2220 pro
1210 2151 1413 2205 merito
1449 2149 1711 2205 delictum
1759 2166 1921 2221 ptena
1969 2151 2051 2207 fe-

467 2237 603 2304 rire,
657 2237 713 2295 id
757 2256 888 2297 vero
925 2256 1033 2297 non
1078 2241 1310 2312 justitia:
1355 2243 1514 2311 ultio,
1547 2245 1641 2298 sed
1696 2243 1802 2299 sub
1864 2244 2049 2315 specie

463 2330 691 2403 justitize
723 2347 837 2389 rem
873 2333 1134 2402 injustam
1165 2333 1389 2405 aggredi
1443 2343 1550 2392 est.
1586 2332 1720 2388 Nam
1779 2350 1887 2390 non
1947 2349 2046 2404 pro

468 2426 654 2481 delicti
686 2425 848 2482 modo
870 2427 1282 2500 delinquentem
1317 2428 1539 2499 punire,
1579 2427 1778 2498 injuria
1808 2427 2045 2496 allicere,

467 2531 811 2588 nequaquam
836 2534 969 2575 vero
987 2520 1262 2591 justitiam
1291 2535 1552 2577 exercere
1567 2529 1670 2577 est.
1707 2521 1778 2576 At
1803 2537 1966 2592 quem
1989 2522 2045 2576 in

469 2606 632 2664 finem
669 2609 771 2664 hoc
800 2611 1008 2666 dictum
1037 2613 1157 2669 est?
1195 2611 1351 2680 Quod
1387 2613 1472 2669 lex
1497 2628 1608 2684 quo
1659 2615 1850 2670 nescio
1885 2614 2048 2670 modo

431 2731 434 2734 ι
465 2696 576 2770 (est
604 2699 752 2757 enim
781 2701 887 2757 hoc
916 2704 1303 2776 constitutum)
1339 2720 1464 2760 eum
1496 2705 1591 2776 qui
1648 2705 1891 2761 alienum
1923 2722 2046 2763 ser-

467 2806 594 2845 vum
628 2792 881 2860 abduxit,
906 2805 1082 2852 morte
1106 2795 1318 2867 puniat.
1361 2795 1420 2852 lu
1447 2812 1558 2868 quo
1596 2797 1688 2852 illa
1723 2813 1943 2869 ptenam
1976 2797 2043 2853 ad

463 2879 724 2938 delictum
757 2884 921 2942 dubie
955 2901 1064 2941 non
1115 2888 1396 2959 expendit.
1439 2885 1580 2942 Cum
1609 2888 1754 2943 enim
1788 2888 1933 2959 quod
1964 2904 2051 2946 re-

465 2976 718 3044 cuperari
758 2990 1008 3051 nequeat,
1039 2981 1455 3038 amissumnibil
1481 2981 1575 3046 sit,
1599 2984 1795 3039 mortis
1827 2999 2043 3056 poenam

466 3064 544 3122 illi
577 3068 669 3141 qui
702 3072 848 3139 cepit
875 3073 1090 3140 inferri,
1160 3074 1689 3151 irrecuperabilique
1729 3078 1804 3134 ita
1843 3079 2048 3136 damno

465 3161 692 3234 subjici,
719 3180 826 3222 non
857 3175 944 3224 est
981 3183 1228 3241 aequum.

2156 2075 2268 2123 νοις
2292 2058 2575 2128 ποιήσειεν
2594 2056 2662 2112 ἂν
2693 2053 3106 2126 καταφρόνησιν
3127 2051 3384 2126 καὶπρὸς
3413 2051 3517 2124 τὴν
3542 2051 3759 2122 τόλμαν

2155 2152 2268 2206 τῶν
2290 2149 2510 2219 φαύλων
2536 2148 2802 2220 ὀξυτέραν
2824 2145 2926 2220 τὴν
2947 2145 3283 2220 προθυμίαν,
3309 2144 3372 2200 τδ
3393 2144 3451 2199 δὲ
3473 2144 3763 2215 βαρυτέρᾳ

2158 2242 2408 2308 κολάζειν
2437 2246 2597 2315 ποινῇ
2623 2242 2686 2298 τὸ
2705 2237 3037 2314 ἁμάρτημα,
3057 2239 3177 2295 ἀλλ’
3194 2239 3256 2294 οὐ
3282 2237 3408 2294 καθ⁹
3421 2239 3550 2292 ὅσον
3578 2238 3758 2303 ἀξιον,

2163 2336 2264 2391 οὐκ
2295 2336 2418 2391 ἐστι
2456 2334 2671 2390 δικαίου
2699 2333 3004 2406 ἐκδίκησις,
3031 2331 3148 2388 ἀλλ’
3196 2333 3256 2387 ἐν
3307 2331 3547 2403 σχήματι
3600 2331 3762 2402 δίκης

2158 2428 2373 2493 ἀδικίας
2406 2429 2631 2500 ἄρχειν·
2684 2426 2748 2482 τὸ
2779 2427 2891 2498 γὰρ
2925 2425 3002 2499 μὴ
3050 2424 3192 2499 πρδς
3221 2425 3421 2498 μέτρον
3473 2423 3572 2478 τοῦ
3603 2425 3760 2479 πταίο

2160 2537 2368 2592 σματος
2418 2520 2784 2592 τιμωρεῖσθαι
2835 2519 2931 2574 τὸν
2985 2518 3293 2573 πταίσαντα
3344 2516 3552 2571 ἀδικεῖν
3583 2517 3756 2580 ἐστιν,

2157 2611 2282 2682 οὐχὶ
2310 2611 2381 2666 τὰ
2401 2611 2587 2667 δίκαια
2618 2612 2818 2667 ποιεῖν.
2849 2609 2918 2664 Τί
2942 2609 3149 2681 δήποτε
3184 2607 3346 2663 τοῦτο
3381 2606 3634 2680 semen;
3671 2607 3762 2662 ὅτι

2156 2703 2322 2774 νόμος
2363 2702 2486 2774 (οὐκ
2537 2699 2636 2756 οἷδ’
2665 2702 2817 2766 ὅπως
2858 2699 3020 2757 τοῦτο
3061 2698 3227 2770 γνοὺς
3258 2699 3304 2731 ⁶⁹
3333 2697 3683 2768 διορίσασθαι
3706 2698 3759 2730 ⁷⁸

2158 2794 2375 2868 θανάτῳ
2414 2793 2748 2868 ζημιοῦσθαι
2777 2793 2870 2848 τὸν
2903 2792 3346 2866 ἡνδραποδικότα
3371 2788 3562 2844 δοῦλον
3598 2789 3757 2844 ἀλλό-

2154 2887 2329 2960 τριον)
2375 2889 2437 2942 οὐ
2495 2886 2912 2960 σταθμούμενος
2950 2885 3051 2960 τὴν
3070 2883 3348 2957 τιμωρίαν
3386 2880 3466 2955 τῷ
3495 2881 3756 2954 ἀμαρτήο

2160 2997 2314 3052 ματι,
2341 2979 2453 3034 οὐδ’
2482 2981 2565 3035 ὅτι
2596 2982 2631 3052 ἡ
2656 2979 2752 3034 τοῦ
2785 2979 2902 3052 βίου
2932 2978 3106 3051 ζημία
3134 2977 3175 3010 ⁷⁸
3212 2973 3573 3048 ἐπιφέρεσθαι
3601 2973 3754 3040 ἀξιον

2156 3075 2253 3127 καὶ
2275 3073 2373 3145 οὐχ
2394 3073 2478 3128 ὅτι
2503 3074 2783 3145 κτήματος
2809 3068 3029 3142 ἐγένετό
3054 3088 3140 3135 τις
3167 3068 3415 3124 ἀπώλεια
3434 3068 3502 3139 ἢν
3524 3066 3754 3122 δυνατόν

2159 3167 2276 3222 ἐστι
2313 3166 2844 3238 παραμυθήσασθαι,
2874 3165 2965 3219 διὰ
2994 3161 3156 3219 τοῦτο
3191 3160 3619 3236 ἀπαραμυθήτῳ
3647 3160 3751 3216 ὕπ-

2159 3259 2285 3332 ἁγει
2310 3261 2602 3332 ἀφαιρέσει
2631 3259 2724 3316 τδν
2748 3259 3052 3315 ἑαλωκότα.

458 3391 461 3394 ‹
537 3348 753 3410 Idcirco
785 3353 968 3427 itaque
1000 3356 1068 3412 ab
1101 3356 1168 3413 iis
1187 3357 1282 3430 qui
1312 3358 1479 3432 digna
1512 3369 1690 3416 morte
1723 3375 1833 3417 non
1889 3376 2046 3418 com-

2231 3352 2538 3425 Τοιγαροῦν
2573 3354 2664 3408 διὰ
2691 3347 2854 3407 τοῦτο
2881 3351 3008 3418 τοὺς
3037 3349 3115 3422 μὴ
3140 3349 3272 3420 ἀξια
3299 3349 3534 3406 θανάτου
3561 3348 3748 3421 ἡμαρ-

467 3446 759 3516 miserunt,
794 3455 904 3504 tam
933 3451 1165 3507 acerbas
1208 3467 1402 3524 pmnas
1429 3453 1595 3526 exigi,
1651 3455 1742 3510 ubi
1796 3455 2044 3527 iniquum

467 3553 593 3596 esse
648 3540 1184 3610 animadvertimus,
1240 3559 1405 3615 quam
1456 3545 1633 3617 legem
1701 3547 2047 3604 consuetudo

468 3633 800 3705 contempsit
829 3633 912 3706 (ut
945 3650 1068 3706 quae
1090 3638 1202 3692 vita
1227 3637 1555 3709 plagiarium
1582 3654 1690 3695 non
1722 3640 1920 3712 privet,
1949 3641 2045 3697 sed

468 3720 578 3777 alio
608 3724 770 3778 modo
819 3725 1031 3797 puniat)
1090 3728 1338 3784 eamdem
1395 3745 1498 3786 nos
1554 3732 1720 3787 etiam
1778 3732 2044 3803 legalibus

467 3813 963 3872 constitutionibus
986 3817 1290 3888 ejicientes,
1326 3819 1473 3890 quod
1502 3821 1889 3877 consuetudini
1930 3824 2047 3895 pla-

462 3904 603 3969 cuit,
627 3904 745 3977 lege
771 3905 1192 3976 conlirmamus;
1220 3908 1576 3981 acjubemus,
1610 3921 1667 3966 ut
1691 3913 1741 3967 si
1767 3913 1886 3983 quis
1916 3915 2048 3970 alie-

466 4012 597 4053 num
621 4012 843 4055 servum
863 4000 1160 4059 abduxisse
1181 4002 1557 4074 deprehensus
1582 4006 1674 4070 sit,
1698 4005 1745 4061 is
1763 4007 2045 4074 eumdem,

462 4089 822 4164 ejusdemque
853 4095 1110 4164 pretium,
1138 4103 1254 4150 tum
1298 4096 1463 4152 etiam
1492 4097 1759 4170 quidquid
1789 4115 1858 4155 ex
1888 4099 2048 4156 indu-

461 4183 600 4237 stria
621 4182 738 4252 ejus
766 4183 872 4256 ipsi
885 4185 1140 4253 accessit,
1162 4186 1414 4255 reddere,
1433 4194 1768 4260 etquantum
1787 4187 2044 4248 dominus

464 4292 574 4332 non
609 4279 815 4336 amisso
856 4294 1041 4347 servo,
1072 4279 1195 4353 ejus
1221 4278 1442 4338 nomine
1469 4283 1753 4354 percipere
1781 4284 2043 4356 potuerit,

464 4370 804 4427 tantumdem
840 4371 951 4444 (i9)
1003 4371 1319 4445 dependere
1363 4383 1635 4446 cogatur;
1688 4385 1851 4446 atque
1899 4378 2043 4432 ultra

466 4460 583 4518 hac
606 4463 1055 4535 delinquentibus
1095 4480 1257 4536 poena
1290 4481 1401 4522 non
1437 4475 1788 4538 aggravetur.
1819 4466 1875 4524 Si
1917 4471 2044 4541 qui-

462 4554 587 4611 dem
621 4556 696 4612 ita
727 4558 826 4624 illi,
856 4560 952 4629 qui
1003 4573 1224 4633 servum
1269 4559 1478 4625 amisit,
1520 4559 1855 4618 suﬂicienter
1887 4562 2047 4618 dam-

463 4663 596 4703 num
631 4649 950 4719 resarcitur,
978 4650 1197 4724 furique
1227 4651 1364 4709 satis
1393 4667 1590 4725 magna
1625 4669 1785 4725 poena
1831 4656 2048 4729 irroga-

465 4747 590 4796 tur:
618 4741 820 4813 quippe
847 4756 972 4798 cum
1008 4743 1101 4800 ille
1149 4759 1372 4800 servum
1397 4760 1523 4800 cum
1553 4747 1872 4804 accessione
1904 4751 2048 4805 reci-

465 4836 615 4907 piat;
648 4846 700 4894 et
728 4851 893 4910 quam
923 4839 1217 4898 utilitatem
1279 4856 1349 4901 ex
1390 4857 1557 4899 servo
1605 4858 1717 4899 non
1783 4845 2048 4918 subrepta

2160 3447 2398 3521 τηκότας
2419 3447 2482 3501 οὐ
2501 3446 2710 3501 δίκαιον
2725 3444 3391 3518 ἀνασκεψάμενοιπικράν
3408 3442 3553 3499 οὕτω
3574 3459 3751 3512 τιμω-

2165 3539 2291 3610 ρίαν
2318 3537 2768 3611 εἰσπράττεσθαι,
2802 3538 2975 3610 δνπερ
3005 3540 3040 3610 ἡ
3075 3535 3337 3610 συνήθεια
3363 3535 3516 3610 παρὰ
3543 3534 3750 3605 φαῦλον

2161 3633 2458 3705 ἐποιήσατο
2486 3632 2650 3703 νόμον
2680 3631 2804 3702 (οὐκ
2829 3630 3124 3704 ἀφαιρέσει
3152 3630 3255 3703 τῆς
3279 3629 3428 3701 ζωῆς
3467 3645 3747 3700 τιμωρου-

2164 3723 2324 3796 μένη,
2361 3723 2564 3796 ἑτέρως
2594 3724 2651 3778 δὲ
2681 3723 2989 3789 κολάζουσα
3011 3721 3103 3778 τδν
3133 3722 3614 3795 ἀνδραποδιστὴν),
3651 3722 3749 3777 καὶ

2159 3817 2323 3889 ἡμεῖς
2354 3815 2460 3872 τῶν
2477 3816 2726 3889 νομίμων
2745 3815 3102 3881 ἐκϐάλλοντες
3129 3815 3450 3885 διατάξεων,
3472 3816 3535 3870 τδ
3564 3815 3750 3889 ἐκείνῃ

2159 3909 2321 3976 δόξαν
2356 3909 2507 3982 νόμῳ
2563 3908 2865 3982 κυροῦμεν,
2900 3909 2996 3964 καὶ
3017 3908 3065 3941 ’⁸
3095 3907 3392 3980 κελεύομεν
3419 3907 3512 3962 τδν
3559 3908 3615 3962 ετ
3664 3923 3750 3972 τις

2160 4000 2277 4072 ἁλῷ
2301 4001 2520 4072 οἰκέτην
2539 4000 2821 4074 ἀλλότριον
2845 4001 3400 4074 ἀνδραποδισάμενος,
3429 4002 3498 4075 τῇ
3521 4017 3582 4054 τε
3607 4000 3747 4055 ἀπο-

2159 4093 2304 4150 δόσει
2330 4092 2426 4148 τοῦ
2458 4094 2672 4149 οίκέτου
2695 4094 2792 4151 καὶ
2819 4096 2885 4167 τῇ
2925 4096 3261 4167 ἀποτιμήσει
3286 4093 3478 4150 τούτου
3515 4092 3747 4166 ζημιοῦ-

2162 4185 2311 4252 σθαι,
2361 4186 2460 4241 καὶ
2516 4187 2598 4242 ἐτι
2627 4187 2728 4259 τῆς
2762 4187 2831 4243 ἐκ
2863 4186 2959 4242 τοῦ
2997 4187 3431 4262 ἐπιτηδεύματος
3483 4189 3747 4261 προσόδου

2159 4280 2259 4351 ὅση
2292 4281 2359 4334 ἂν
2391 4278 2473 4351 τῷ
2502 4279 2739 4353 δεσπότῃ
2777 4280 3167 4352 προσεγεγόνει
3211 4282 3259 4318 ⁷⁸
3296 4278 3376 4355 μὴ
3404 4281 3748 4347 ἀπολωλότος

2160 4371 2254 4428 τοῦ
2278 4372 2490 4427 οἰκέτου
2525 4373 2799 4446 ίσαρίθμῳ
2828 4373 3058 4439 ἐκτίσει,
3091 4373 3285 4429 τούτου
3309 4372 3354 4429 δ’
3369 4375 3639 4430 ἐπέκεινα
3672 4376 3747 4448 μὴ

2163 4468 2420 4542 βαρύνειν
2451 4471 2563 4532 τοῖς
2589 4470 2964 4542 ἐξαμαρτοῦσι
2994 4470 3040 4503 ’δ
3067 4471 3168 4541 τὴν
3206 4471 3422 4542 ποινήν.
3453 4471 3610 4543 Ἔχει
3635 4472 3747 4542 γὰρ

2159 4563 2336 4628 οὕτως
2357 4560 2727 4635 ἀποχρώντως
2750 4563 2831 4636 τῷ
2876 4565 2974 4635 μέν
3017 4563 3387 4620 ἀπολωλεκότι
3416 4565 3452 4635 ἡ
3482 4563 3745 4634 ὠφέλεια,

2159 4658 2238 4732 τῷ
2266 4658 2324 4714 δὲ
2347 4658 2606 4729 κλέψαντι
2636 4660 2672 4730 ἡ
2697 4657 2962 4730 τιμωρία,
2986 4652 3076 4712 οἷα
3116 4656 3180 4729 δὴ
3201 4656 3462 4713 κάκείνου
3481 4655 3577 4712 τὸν
3599 4656 3747 4711 οίκέ-

2152 4768 2257 4824 την
2277 4751 2336 4807 ἐν
2364 4751 2657 4825 προσθήκῃ
2679 4750 2979 4824 ἀπέχοντος
3006 4750 3102 4806 καὶ
3141 4751 3244 4822 τῆς
3281 4747 3342 4816 ἐξ
3374 4747 3542 4805 αὐτοῦ
3595 4747 3745 4819 ὠφε-

2155 4846 2307 4914 λείας
2331 4848 2397 4920 ἢν
2424 4846 2583 4920 ἔσχεν
2615 4846 2683 4903 ἂν
2704 4847 2783 4922 μὴ
2820 4844 3338 4919 ἀνδραποδισθέντος
3371 4844 3435 4900 οὐ
3485 4859 3742 4900 κεκαινο-

1775 5005 2011 5064 VARIAL‘
2049 5007 2467 5068 LECTIONES.

552 5143 600 5177 σι
635 5141 893 5226 Ecl.Nov_.
910 5144 1002 5202 se.
1024 5147 1072 5226 ξ’
1095 5147 1275 5226 Malim
1297 5149 1649 5226 ύπερδολῇ.⁶⁸
1668 5150 1856 5226 Codd._
1879 5154 2052 5226 τεοὺς
2075 5180 2146 5196 -
2172 5153 2701 5226 ειλασουμινους.ίο·
2724 5151 2964 5226 sum.
2980 5150 3111 5226 γᾴρ.
3131 5147 3533 5226 τολςγιεᾳληξ,
3555 5143 3739 5226 ιιώριτ

467 5232 590 5294 σται
611 5224 671 5294 εξ
694 5231 820 5294 mov
851 5216 1162 5294 ζημιοῦται.
1202 5221 1344 5294 Beck
1379 5216 1738 5294 τ’διωρίσατο.

467 5285 551 5359 ἐτι
581 5285 676 5359 τού
695 5287 842 5359 ἐπιτ.
873 5285 1018 5359 προσ

1815 5224 1859 5257 τί
1896 5224 2074 5280 Codd.
2107 5244 2123 5280 :
2157 5229 2190 5299 ἠ
2220 5227 2325 5299 τοῦ
2359 5224 2733 5299 βίας-ζημίας.

1019 5291 1126 5372 έδῳ
1154 5292 1251 5372 ζα)
1273 5293 1410 5372 δσαὲ
1439 5291 1566 5372 (δίέ)
1588 5295 1655 5350 ἂν
1687 5295 1947 5372 τῷἕεσῖτ-
1985 5291 2370 5372 προλαμδάνῃζ
2403 5291 2595 5372 Ζυίςίῖ
2616 5305 2666 5351 ιιι
2699 5294 2924 5372 Meerrn.
2956 5295 3054 5349 καὶ
3078 5291 3172 5349 ἔτι
3194 5296 3262 5372 τῇ
3292 5295 3358 5372 ἐκ
3415 5291 3539 5372 τοῦ⁵
3581 5292 3732 5372 ἐπιτ.

2812 5225 2859 5259 ’³
2888 5219 3006 5280 Ecl:
3039 5219 3299 5295 incipit."
3354 5222 3400 5254 ⁷³
3431 5220 3614 5295 Editi;
3641 5219 3737 5272 καὶ

468 5356 1108 5442 ἕτλκΕςίθῧὲἐζΡὶαὶεῖί
1127 5365 1193 5442 Eii
1213 5364 1288 5442 ἐκ
1316 5356 1588 5442 scisma.
1614 5356 1861 5442 προᾶόδῳ
1887 5368 2012 5442 ὅση.
2031 5356 2465 5426 Εηιοὶλόίινίἱηιιε
2487 5368 2588 5440 τῆς
2624 5395 2687 5410 σ-
2710 5366 3002 5441 προσόδου,
3062 5373 3124 5421 ut
3176 5356 3262 5421 ab'
3313 5367 3463 5437 ίσαρ.
3522 5361 3730 5417 ἐκτίσει

466 5427 725 5499 pendeat.
762 5427 767 5428 ί
797 5427 846 5462 ⁷⁸
876 5429 951 5488 Ita
982 5430 1099 5490 Ecl.
1127 5427 1345 5508 Reliqui
1378 5427 1836 5511 ἐξαμαρτάνουσιζ

1984 5575 2221 5635 NOTAE.

548 5714 1308 5790 (l8)_ll¢pt__&v69ano8wpoﬁ.
1337 5717 1531 5790 Plagii
1557 5732 1715 5790 poena
1747 5717 1806 5790 iit
1834 5717 2052 5790 bicipe-

473 5787 746 5863 milliaria,
773 5787 911 5863 ‘olim
945 5787 1050 5846 fuit
1092 5787 1368 5863 capitalis.
1437 5787 1630 5850 Vidil.
1684 5790 1740 5861 7,
1771 5787 1837 5848 (Σ.
1884 5789 1951 5847 ad
2007 5789 2046 5846 l.

475 5857 611 5914 Fab.
647 5858 718 5915 De
737 5857 883 5932 plag.

2211 5715 2338 5788 ⁴(19)
2397 5715 2470 5773 De
2513 5731 2672 5786 pinna
2720 5715 2972 5790 p.aglarii
3032 5714 3171 5774 addc
3215 5713 3361 5772 Petr.
3403 5712 3730 5787 Gregorium

2154 5789 2245 5860 36,
2280 5797 2491 5862 syntag.
2517 5790 2617 5844 ult.
