4086 6326
174 396 290 473 581

1311 398 1673 470 NOVELL/E
1719 404 2036 468 CONSTIT
2047 403 2273 470 UTION
2277 403 2388 472 ES.

3372 405 3480 479 582

258 519 533 597 Πρᾶγμα
563 522 745 589 κακῶς
780 522 876 598 μὲν
907 526 1000 580 καὶ
1035 525 1142 596 πρὸ
1164 523 1273 579 τῶν
1309 523 1630 580 κωλυόντων
1661 523 1794 578 αὐτὸ

1971 523 2101 590 Quae
2126 540 2215 580 res
2236 524 2398 580 etiam
2426 532 2716 597 antequam
2747 523 2869 596 jure
2885 524 3158 596 prohibita
3179 534 3347 593 esset,
3379 525 3477 580 de-

180 615 431 670 δικαίων
459 615 776 687 γινόμενον,
802 619 984 687 χεῖρον
1013 615 1073 669 δὲ
1098 615 1235 686 μετὰ
1256 616 1316 670 τὸ
1347 614 1657 685 κωλυθῆναι
1679 614 1798 668 τολ-

185 703 464 777 μώμενον
512 709 682 778 (φημὶ
734 706 798 778 δὴ
825 707 889 761 τὸ
925 709 986 761 ὲν
1033 709 1147 772 τοῖς
1181 707 1290 762 τῶν
1326 706 1634 777 ἐκκλησιῶν
1669 704 1798 759 ὑπε-

181 797 382 869 ρῲοις,
421 799 580 871 ἅπερ
607 803 634 853 ό
672 801 840 865 πολὺς
865 798 1153 872 ἄνθρωπος
1183 801 1569 873 κατηχούμενα
1612 801 1798 854 καλεῖν

182 891 364 962 Ξγνω,
397 896 687 949 συνοικεῖν
713 911 870 956 τινας
891 893 1163 966 γυναιξὶν)
1201 896 1302 948 οὐκ
1341 894 1490 960 ἄξιον
1525 894 1794 964 παριδεῖν,

181 984 392 1038 οὐκοῦν
435 986 573 1040 οὐδὲ
603 986 1017 1058 παροφθήσεται
1045 986 1209 1058 mihi.
1239 981 1350 1040 Ἵιν
1392 987 1492 1057 μὲν
1519 985 1614 1039 οὖν
1654 984 1796 1056 αῦτη

181 1079 219 1150 ὴ
251 1077 443 1148 τόλμα
479 1077 588 1131 οὐκ
610 1074 706 1132 οἷδ’
754 1080 904 1143 ὅπως
933 1079 1060 1151 ἄχρι
1084 1079 1181 1150 τῆς
1204 1079 1368 1151 ἓκτης
1411 1079 1630 1133 συνόδου
1680 1080 1796 1133 ἀτιι

183 1171 491 1244 μώρητος,
525 1173 667 1226 κατὰ
695 1173 897 1242 ταύτην
918 1172 976 1227 δὲ
1003 1172 1104 1246 τὴν
1132 1174 1283 1245 ἱερὰν
1315 1173 1533 1227 σύνοδον
1575 1171 1634 1226 τὸ
1657 1175 1800 1245 πρᾶ-

183 1283 311 1336 γμα
345 1266 688 1331 ἐπιστασίας
713 1266 963 1335 ὰξιωθὲν,
1004 1267 1168 1339 ἱερεῖς
1207 1267 1304 1339 μὲν
1339 1267 1498 1332 ὄντας
1527 1266 1651 1332 τοὺς
1684 1283 1796 1320 τοι-

184 1358 388 1423 ούτους
425 1361 730 1434 οἰκήτορας
751 1361 970 1432 ἐνόχους
1007 1361 1176 1430 ἔδειξε
1232 1360 1630 1433 καθαιρέσεως,
1689 1363 1792 1429 α’ρ·

195 1452 442 1523 ορισμὸν
469 1452 520 1505 δ’
547 1453 819 1524 ἐπήνεγκε
854 1455 1080 1516 λαῖκοῖς.
1125 1453 1292 1507 Ἀλλὰ
1309 1454 1419 1525 γὰρ
1434 1454 1534 1507 οὐκ
1555 1452 1801 1524 ἀπέχρη-

188 1562 284 1597 σεν
302 1547 389 1608 εἰς
407 1545 664 1615 παντελῆ
681 1545 959 1618 ἐκδίκησιν
988 1545 1097 1600 τῶν
1113 1545 1455 1618 Ἐκκλησιῶν
1483 1547 1544 1600 τὸ
1578 1546 1798 1618 ἱερωσύ-

188 1655 290 1708 νης
326 1637 628 1709 ψήφισμα.
662 1638 802 1709 Ἤδη
851 1639 960 1711 γὰρ
1004 1634 1106 1709 τῆς
1145 1638 1320 1711 αὐτῆς
1373 1637 1798 1711 παραμενούσης

188 1728 408 1800 τόλμης
438 1730 546 1783 καὶ
577 1729 701 1783 καθ’
729 1729 788 1783 δν
839 1729 1033 1802 χρόνον
1063 1728 1109 1763 ⁸⁸
1144 1730 1318 1784 διεῖπε
1371 1729 1441 1784 τὰ
1487 1730 1740 1801 σκῆπτρα
1772 1731 1800 1784 ό

193 1822 566 1893 περιώνυμος
589 1821 648 1875 ὲν
679 1821 959 1893 βασιλεῦσι
990 1822 1179 1897 πατὴρ
1216 1821 1394 1894 ⁴ἡμῶν,
1427 1823 1617 1893 ἐδέησε
1645 1823 1800 1894 βασι-

1903 614 2229 670 tes‘tabiliter
2278 616 2742 681 committebatur,
2767 631 2828 670 ac
2845 632 2974 673 vero
3004 621 3130 687 post
3154 617 3478 687 prohibitio-

1902 719 2024 760 nem
2046 706 2218 760 multo
2237 705 2614 763 detestabilius
2639 708 2869 763 audetur
2886 707 3048 780 (quod
3070 724 3264 780 nempe
3284 709 3339 763 in
3365 707 3477 779 (69)

1900 797 2277 856 Ecclesiarum
2323 801 2643 867 cmnaculis,
2685 815 2808 872 qua:
2847 801 3222 871 promiscuum
3283 800 3479 872 vulgus

1901 890 2294 967 κατηχούμηνα
2331 895 2441 968 (70)
2502 909 2700 951 vocare
2733 895 2892 962 solet,
2921 895 3141 965 quidam
3193 910 3317 950 cum
3361 909 3481 950 tnu-

1901 982 2129 1039 lieribus
2157 983 2426 1050 habitant)
2479 998 2600 1038 eam
2655 984 2943 1053 neglectim
3003 983 3204 1038 habere
3258 997 3479 1053 aequum

1900 1092 2010 1132 non
2038 1086 2160 1145 est;
2191 1093 2363 1149 neque
2391 1092 2520 1134 vero
2550 1078 2622 1131 ita
2645 1093 2674 1132 a
2704 1077 2867 1133 nobis
2895 1078 3201 1132 habebitur.
3258 1078 3336 1133 Ac
3371 1077 3479 1132 fuit

1902 1169 2016 1225 lucc
2048 1172 2265 1242 quidem
2319 1185 2405 1226 res
2437 1171 2504 1226 ad
2541 1178 2749 1226 sextam
2797 1168 2906 1240 (7i)
2953 1184 3129 1240 usque
3183 1163 3477 1241 synodum,

1901 1263 2044 1318 haud
2077 1265 2192 1320 scio
2219 1280 2327 1336 qua
2383 1265 2618 1331 ratione,
2686 1267 2908 1334 impune
2954 1264 3215 1327 admissa,
3257 1263 3312 1318 in
3365 1264 3482 1334 ipsa

1900 1365 2081 1411 autem
2116 1367 2306 1413 sancta
2342 1356 2573 1426 synodo,
2612 1357 2703 1412 ubi
2768 1357 3006 1427 penitius
3036 1371 3270 1412 excussa
3308 1365 3479 1424 esset,

1902 1449 2288 1505 sacerdotibus
2332 1450 2406 1506 ita
2461 1449 2867 1516 habitantibus,
2894 1451 3268 1504 remotionem
3299 1449 3413 1520 (72)
3446 1465 3480 1505 a

1901 1559 2061 1600 sacro
2107 1543 2321 1607 ordine,
2387 1542 2636 1614 profanis
2667 1558 2798 1600 vero
2873 1558 2903 1598 a
2959 1558 3143 1599 rerum
3194 1557 3481 1598 sacrarum

1900 1639 2288 1695 communione
2315 1634 2853 1710 separationemj(75)
2898 1634 3138 1692 induxit.
3168 1634 3395 1700 Verum,
3416 1643 3476 1689 ut

1901 1731 2059 1802 plene
2086 1730 2155 1785 ab
2177 1745 2242 1785 eo
2275 1745 2412 1786 ausu
2444 1727 2721 1785 Ecclesias
2752 1726 3074 1793 vindicaret,
3108 1727 3172 1781 ad
3209 1727 3262 1782 id
3301 1737 3484 1782 sacer-

1903 1821 2082 1878 dotale
2099 1820 2382 1877 decretum
2409 1834 2519 1875 non
2546 1831 2645 1889 par
2667 1817 2790 1874 fuit.
2819 1813 2954 1873 Nam
2979 1831 3104 1874 cum
3129 1816 3196 1872 ad
3223 1817 3276 1872 id
3307 1832 3483 1888 usque

190 1914 358 1985 ).ικὴν
383 1916 560 1986 χεῖρα
583 1915 677 1970 καὶ
698 1914 1030 1985 πρόσταγμα
1061 1915 1161 1986 τὴν
1186 1914 1446 1986 τοιαύτην
1465 1915 1800 1986 προπέτειαν

1905 1924 2138 1986 tempus,
2170 1929 2280 1986 quo
2311 1922 2465 1985 pater
2485 1922 2670 1969 noster
2697 1912 2936 1985 inclytus
2978 1912 3231 1983 princeps
3263 1921 3482 1981 sceptra

193 2007 305 2062 τῶν
335 2008 514 2079 ἱερῶν
543 2007 851 2076 ἐξελαύνειν
872 2008 1057 2064 οἴκων.

267 2278 458 2348 Ὀπερ
492 2275 594 2332 οὖν
629 2279 722 2332 καὶ
765 2279 875 2333 ἀπὸ
919 2280 1016 2351 τοῦ
1056 2279 1323 2352 παρόντος
1358 2282 1580 2354 κρατεῖν
1615 2276 1801 2354 βουλό-

201 2387 376 2442 μενοι,
398 2370 907 2444 ὁρίζομεν,μηδένα
925 2373 1190 2446 μηδαμῶς
1213 2375 1350 2446 μήτε
1373 2375 1524 2446 ἱερέα
1544 2376 1679 2448 μήτε
1697 2377 1804 2431 τῶν

196 2470 260 2520 ἐκ
297 2465 396 2521 τοῦ
425 2467 573 2521 λαοῦ
621 2467 840 2538 γυναιξὶ
868 2467 1228 2524 συνοικοῦντα
1257 2471 1315 2524 ὲν
1340 2472 1452 2536 τοῖς
1488 2471 1804 2542 λεγομένοις

199 2576 444 2631 κατηχου
454 2562 646 2631 μένοις
663 2561 851 2615 οἰκεῖν.
875 2561 939 2615 El
954 2560 1011 2614 δέ
1025 2579 1106 2626 τις
1117 2560 1425 2634 εὑρίσκοιτο
1445 2561 1535 2617 τὸν
1555 2557 1802 2633 ἔιγιονξοῖ-

201 2663 295 2706 κον
311 2654 462 2707 οὕτω
477 2655 828 2722 κοινοποιῶν,
845 2655 1032 2709 τοῦτον
1053 2655 1150 2725 μὲν
1168 2654 1425 2726 βασιλείῳ
1438 2655 1580 2728 χειρὶ
1592 2653 1803 2725 ἀτίμως

202 2745 410 2800 ἐκεῖθεν
437 2746 797 2814 ἐξωθεῖσθαι,
827 2747 921 2802 τὸν
955 2747 1012 2802 δὲ
1039 2748 1457 2820 παρασχόμενον
1496 2748 1596 2818 τὴν
1617 2746 1803 2801 κατοί-

205 2847 362 2911 κησιν
394 2840 543 2912 (εἴτε
575 2841 756 2913 ἱερεὺς
780 2841 891 2894 εἴτε
925 2853 1007 2907 τις
1038 2842 1225 2913 ἕτερος
1251 2840 1337 2914 είη
1377 2842 1406 2893 ό
1449 2842 1551 2912 τὴν
1579 2842 1801 2911 ἐπιτρο-

207 2935 312 3006 πὴν
343 2934 441 2988 τοῦ
476 2934 617 2990 ναοῦ
654 2933 817 3008 ἔχων)
849 2935 948 2990 καὶ
981 2935 1148 2989 αὑτὸν
1178 2935 1509 2989 κινδυνεύειν
1544 2934 1708 2990 ἓνεκά
1739 2952 1801 3002 γε

206 3029 302 3099 τῆς
329 3028 601 3100 τοιαύτης
636 3029 1101 3101 καταφρονήσεως
1133 3027 1227 3083 καὶ
1265 3029 1374 3083 τῶν
1418 3028 1580 3100 ἱερῶν
1632 3047 1804 3084 κοινο-

210 3123 388 3188 ποιίας
426 3126 498 3197 τῇ
534 3123 633 3196 τῆς
659 3123 963 3195 ἐπιτροπῆς
1001 3123 1309 3196 ἀφαιρέσει.

773 3219 1045 3275 ΔΙΑΤΑΞΙ
1053 3220 1092 3271 Σ
1123 3220 1243 3274 OA’.

218 3310 351 3379 Περὶ
378 3309 490 3366 τοῦ
522 3308 615 3380 μὴ
681 3309 985 3384 τεθεῖσθαι
1045 3311 1152 3377 τὰς
1182 3313 1466 3384 εὐλογίας
1495 3316 1636 3384 πρὶν
1668 3315 1744 3372 ἂν
1771 3318 1802 3369 ό
1826 3267 1872 3330 C

383 3384 647 3451 νόμιμος
669 3381 775 3437 τοῦ
816 3381 1009 3451 γάμου
1044 3381 1377 3453 συμφθάσῂ
1401 3381 1623 3454 καιρός,

286 3473 347 3528 ’0
377 3475 555 3538 αὐτὸς
584 3473 836 3544 βασιλεὺς
865 3474 1140 3547 Στυλιανῷ
1179 3475 1255 3547 τῷ
1285 3475 1457 3547 αὐτῷ.

307 3568 524 3640 Επειδὴ
565 3569 621 3621 ὲν
650 3568 763 3633 τοῖς
799 3566 928 3640 περὶ
961 3568 1154 3639 γάμων
1181 3571 1249 3642 τῇ
1293 3587 1353 3625 τε
1401 3571 1521 3644 ἱερᾷ
1554 3572 1646 3626 καὶ
1710 3591 1804 3644 με-

213 3659 352 3731 γάλῃ
384 3661 530 3736 ἕκτῃ
561 3660 764 3732 συνόδῳ
800 3661 1203 3733 ἐντελλομένοις
1230 3665 1288 3718 ὲν
1319 3664 1398 3735 τῷ
1439 3667 1521 3732 ἥθ’
1555 3665 1598 3697 ⁸³
1618 3667 1803 3720 κανόνι

218 3751 308 3809 καὶ
344 3756 390 3788 ⁸⁸
426 3758 547 3819 τοῖς
576 3753 655 3826 τῷ
691 3753 953 3825 πολιτικῷ
979 3755 1130 3826 νόμῳ
1147 3755 1394 3810 δοκοῦσιν
1416 3758 1803 3830 ὑπεναντιότης

217 3849 358 3904 δοκεῖ
393 3848 794 3919 ἀναφαίνεσθαι
935 3849 1035 3921 μὲν
1090 3849 1199 3920 γὰρ
1238 3851 1568 3922 ἀπαγορεύει
1610 3868 1804 3907 παντε-

219 3940 325 4006 λῶς
390 3943 492 4014 τὴν
549 3941 1045 4013 μεμνηστευμένην
1103 3942 1183 3995 ἔτι
1243 3942 1335 3996 τοῦ
1377 3945 1683 4015 μνηστῆρος
1745 3948 1803 4000 ὲν

218 4034 530 4107 ἀνθρώποις
558 4035 712 4100 ὄντος
737 4035 872 4107 πρὸς
913 4035 1160 4106 γαμικὴν
1218 4036 1434 4107 ὁμιλίαν
1477 4037 1649 4110 ἑτέρῳ
1680 4056 1806 4092 συν-

227 4128 497 4184 ἅπτεσθαι
539 4129 785 4204 μοιχείας
820 4129 882 4182 τὸ
911 4129 1144 4200 πρᾶγμα
1169 4128 1447 4199 ὁρίζουσα,
1473 4132 1501 4184 ό
1527 4131 1584 4184 δὲ
1604 4133 1805 4188 πολιτι-

222 4221 319 4286 κὸς
335 4223 502 4295 νόμος
534 4223 636 4278 οὐκ
675 4223 819 4289 ἀξιοῖ
846 4224 946 4295 τὴν
977 4222 1238 4294 τοιαύτην
1276 4222 1520 4278 διάλυσιν
1547 4224 1669 4279 οὔτε
1707 4225 1801 4280 τοῦ

227 4315 461 4384 μεγάλου
500 4317 877 4390 ἐγκλήματος,
935 4317 1050 4372 ἀλλ’
1077 4319 1170 4371 ἐπὶ
1225 4319 1363 4390 μόνῃ
1389 4316 1454 4391 τῇ
1489 4319 1600 4374 τῶν
1633 4320 1803 4392 ἀρρα-

225 4407 406 4465 δώνων
441 4413 541 4466 καὶ
563 4411 674 4466 τῶν
706 4413 1128 4484 προστιμήσεων
1159 4415 1318 4484 ποινῇ
1357 4413 1457 4484 τὴν
1487 4415 1674 4487 ὲνοχὴν
1706 4432 1802 4470 πε-

230 4505 503 4575 ριγράφει,
543 4508 591 4560 εί
637 4506 1002 4579 πρωῖαίτερον
1052 4506 1145 4560 τοῦ
1187 4504 1459 4578 γαμηλίου
1516 4510 1710 4579 καιροῦ
1766 4511 1800 4582 ἡ

1905 2006 2221 2065 moderatus
2262 2017 2370 2075 est,
2399 2007 2453 2062 in
2501 2004 2785 2077 republica
2840 2003 3204 2070 constitisset,
3246 2015 3304 2059 ut
3329 2004 3480 2076 prin-

1906 2105 2045 2175 cipis
2079 2102 2362 2159 decretum
2399 2110 2564 2174 atque
2607 2115 2805 2157 manus
2859 2114 2979 2156 eam
3009 2099 3361 2156 insolentiam
3388 2113 3480 2154 sa-

1907 2194 2018 2254 cris
2055 2195 2266 2254 :cdibus
2299 2197 2602 2267 expelleret
2629 2193 2897 2267 oportuit.

1976 2291 2132 2359 Quod
2172 2304 2275 2346 nos
2308 2305 2430 2344 cum
2459 2289 2656 2344 dehinc
2675 2287 2930 2344 obtinere
2985 2285 3243 2349 velimus,
3277 2282 3482 2338 statui-

1907 2400 2050 2451 mus,
2074 2393 2130 2439 ιιι
2165 2383 2379 2440 omnino
2409 2382 2588 2437 nullus
2631 2393 2806 2452 neque
2833 2377 3114 2440 sacerdos,
3147 2390 3322 2447 neque
3355 2389 3484 2446 pro-

1909 2479 2089 2545 fanus,
2147 2477 2202 2532 in
2258 2470 2380 2547 (74)
2409 2473 2572 2530 dictis
2625 2472 2926 2528 cmnaculis
2982 2482 3106 2529 cum
3157 2468 3488 2525 mulieribus

1907 2571 2164 2636 habitet;
2194 2583 2257 2625 ac
2289 2569 2336 2625 si
2383 2567 2510 2640 quis
2560 2578 2774 2623 sacram
2802 2565 2975 2621 aedem
3025 2564 3134 2620 hoc
3180 2562 3342 2618 modo
3381 2560 3485 2617 foe-

1905 2662 2038 2721 dare
2059 2661 2524 2734 deprehendatur,
2547 2660 2636 2717 hic
2668 2658 2823 2715 illinc
2876 2656 3241 2728 ignOminiose
3271 2653 3483 2726 princi-

1907 2754 2016 2828 pali
2057 2767 2226 2811 manu
2257 2752 2630 2819 exturbetur;
2666 2750 2760 2822 qui
2811 2759 2942 2804 vero
2999 2746 3076 2802 illi
3135 2762 3258 2803 eum
3299 2747 3484 2801 locum

1909 2846 2265 2903 habitandum
2327 2844 2561 2915 praebuit
2601 2841 2744 2914 (sive
2798 2838 3060 2896 sacerdos
3106 2839 3222 2893 sive
3279 2837 3483 2908 aliquis

1908 2942 2050 2998 alius
2073 2939 2168 3012 qui
2204 2939 2468 3010 templum
2498 2943 2782 3008 procurat,
2809 2933 2931 3005 sit),
2966 2934 3083 3003 ipse
3107 2945 3325 3002 quoque
3355 2944 3485 3002 pro-

1906 3040 2027 3107 pter
2059 3029 2196 3104 legis
2222 3036 2597 3104 contemptum
2624 3038 3017 3100 sacrorumque
3049 3025 3483 3097 profanationem

1907 3129 2301 3201 procuratione
2327 3127 2691 3200 periclitetur.

2315 3217 2784 3277 CONSTITUTIO
2825 3211 3062 3274 LXXIV.

1982 3314 2064 3370 Ne
2094 3323 2216 3369 ante
2274 3313 2561 3384 legitimum
2594 3312 2922 3384 matrimonii
2979 3320 3178 3384 tempus
3210 3308 3408 3377 futuris

2268 3382 2581 3456 conjugibus
2620 3383 2960 3438 benedicatur
2997 3382 3128 3450 (75).

1977 3479 2122 3535 Idem
2149 3479 2450 3551 imperator
2482 3477 2658 3533 eidem
2696 3477 2965 3548 Styliano.

1977 3571 2248 3639 Quoniam
2279 3571 2336 3625 in
2396 3570 2465 3625 iis
2495 3580 2674 3640 quaen
2740 3581 2894 3622 sacra
2963 3579 3269 3637 magnaque
3325 3570 3481 3618 sexta

1907 3665 2118 3736 synodo
2137 3663 2204 3719 de
2238 3661 2448 3734 nuptiis
2508 3662 2562 3715 in
2605 3658 3090 3715 duodecentesimo
3127 3655 3239 3728 (76)
3272 3668 3483 3709 canone

1908 3757 2321 3829 praecipiuntur,
2359 3753 2618 3828 quiddam
2671 3753 2850 3809 civilis
2897 3751 3042 3822 juris
3071 3750 3292 3822 placitis
3341 3763 3481 3805 con-

1906 3851 2140 3908 trarium
2187 3850 2453 3908 exsistere
2479 3847 2692 3912 videtur
2753 3847 3025 3920 (synodus
3071 3846 3214 3903 enim
3253 3845 3361 3916 (77)
3413 3861 3482 3901 ne

1907 3956 2135 4014 sponsa,
2182 3943 2398 3998 vivente
2457 3940 2637 3996 adhuc
2672 3954 2901 4008 sponso,
2960 3939 3014 3993 in
3067 3939 3482 3994 matrimonium

1908 4038 2064 4091 alteri
2096 4034 2485 4106 conjungatur,
2515 4033 2570 4089 in
2598 4033 2920 4093 universum
2951 4030 3223 4102 prohibet,
3249 4046 3483 4102 eamque

1907 4145 2021 4188 rem
2048 4145 2147 4202 pro
2201 4127 2473 4184 adulterio
2523 4122 2635 4200 (78)
2692 4124 2893 4181 habet:
2937 4124 3115 4180 civilis
3177 4133 3360 4182 autem
3395 4124 3482 4206 lex

1909 4221 2020 4299 ('79)
2055 4236 2398 4296 nequaquam
2424 4223 2588 4280 talem
2607 4221 3033 4297 dissolutionem
3078 4235 3333 4289 magnum
3377 4231 3482 4277 an-

1906 4330 2040 4393 quot
2071 4335 2196 4378 esse
2225 4320 2436 4375 crimen
2486 4317 2732 4387 judicat:
2800 4317 2894 4372 sed
2930 4316 2976 4372 si
3035 4318 3306 4371 maturius
3364 4311 3478 4385 (80)

1906 4429 2070 4485 quam
2112 4429 2212 4485 pro
2243 4411 2562 4468 connubiali
2601 4420 2847 4481 tempore
2905 4407 3169 4465 solemnis
3214 4407 3478 4480 nuptialis

1909 4505 2221 4564 benedictio
2247 4506 2579 4572 celebretur,
2605 4505 2658 4560 in
2700 4505 2836 4560 solis
2890 4502 3094 4570 arrbls,
3127 4510 3184 4559 et
3209 4503 3480 4574 quidquid

227 4594 308 4646 ἐπ’
339 4598 514 4672 αὐτῆς
557 4600 924 4672 νενομισμένη
950 4599 1334 4671 τελεσθήσεται
1370 4601 1636 4676 εὐλογία),
1672 4603 1797 4658 ἐπεὶ

1908 4616 2087 4676 poma:
2141 4600 2370 4656 nomine
2421 4598 2760 4670 promissum
2821 4596 3006 4666 fuerit,
3070 4593 3477 4668 dependendis,

1487 4762 1723 4820 VARUS
1776 4759 2184 4821 LECTIONES.

316 4905 361 4980 ’ξ
393 4908 568 4965 Codd.
603 4911 820 4980 τρόπον.
860 4908 1184 4965 Emendavit
1215 4907 1405 4975 Steph.

228 4979 406 5034 κανόνι
438 4983 497 5035 ὲν
547 4979 680 5045 τοῖς.
715 4979 1155 5038 Emendav‘erunt
1192 4982 1350 5053 Agyl.
1409 4991 1465 5038 et
1496 4981 1660 5038 Beck.

1530 4909 1571 4944 ³⁸
1604 4910 1688 4965 Cf.
1714 4909 1853 4967 infra
1884 4909 2122 4967 Constit.

2185 4905 2318 4964 CIX.
2359 4905 2468 4963 imo
2493 4922 2542 4962 c.
2595 4907 2682 4963 98.
2801 4907 2848 4941 ’⁵⁸
2870 4906 3042 4965 Codd.
3070 4908 3163 4964 καὶ
3188 4909 3245 4964 ἐν
3273 4909 3351 4982 τῷ
3389 4909 3481 4976 cy

1768 5123 1994 5181 ΝΟΤᾸΞ.

229 5268 278 5322 in
310 5268 459 5328 'l‘rul.
493 5275 695 5348 Synod.
724 5274 775 5338 7,
792 5273 1026 5348 cap.ul9
1051 5284 1105 5328 et
1133 5271 1235 5348 29,
1255 5271 1346 5326 ubi
1378 5269 1444 5326 de
1477 5267 1792 5338 duplicibus

231 5340 592 5414 monasterii-5.
615 5346 824 5403 Novell.
854 5340 980 5412 {23,
1011 5358 1135 5414 cap.
1169 5340 1259 5397 '56.

291 5412 398 5485 (69)
426 5416 722 5485 ⁸Υπερῷον.
749 5407 1212 5472 Βιπηιιεέιὶίῡοτε
1234 5414 1354 5469 loco
1375 5412 1553 5480 posita
1575 5411 1631 5478 2,
1655 5407 1794 5466 Har-

228 5495 438 5559 ωεέιιςιι).
463 5490 515 5556 ιι,
540 5487 593 5559 5,
617 5487 692 5544 '27
720 5497 775 5544 et
796 5491 887 5556 ιι,
922 5488 1012 5559 ιδ,
1047 5487 1137 5541 96.

293 5553 401 5632 (70)
421 5553 838 5632 Κατηχούμενα,
862 5553 922 5615 nt
945 5558 1101 5632 infra
1125 5560 1248 5614 eod.
1273 5557 1790 5613 calechumcnorum

233 5628 622 5704 ῐηθξιξῇοηεεξδ
651 5628 842 5704 synod.
872 5647 995 5703 cap.
1039 5628 1130 5686 98.

296 5694 404 5769 (71)
432 5703 485 5759 In
523 5694 732 5760 Trullo.

440 5771 674 5848 ‘Serimg.
694 5775 802 5831 hic.

297 5837 402 5909 (⁷5)
430 5837 763 5904 Clericorunt
817 5853 922 5914 est,
969 5842 1307 5914 καθαίρεσις,
1344 5843 1410 5900 de
1436 5858 1541 5915 qua
1575 5855 1740 5912 supra
1790 5856 1803 5894 :

232 5915 607 5976 monachorum
655 5928 710 5979 et
758 5916 1387 5995 laicorumdétpoptcpdc.

1974 5269 2087 5340 (74)
2131 5269 2219 5324 Ἐν
2266 5271 2378 5332 τοῖς
2425 5267 2741 5340 λεγομένοις
2814 5265 3245 5340 κατηχουμένοις
3299 5268 3471 5320 οἰκεῖν

1902 5336 2133 5410 Scrimg.
2160 5349 2217 5394 ut
2247 5355 2412 5410 supra
2442 5336 2568 5396 θοάς
2595 5336 3011 5409 κατηχούμενοι.

1979 5408 2884 5482 (75)’:_Benedicendi_conjugibus
2940 5424 3150 5466 morem
3215 5408 3470 5467 observa.

1979 5428 2090 5478 (ιο)
2144 5428 2508 5493 benedicentur
2559 5428 2704 5538 condi

1907 5477 2062 5534 Adde
2088 5479 2296 5537 Novell.
2330 5481 2417 5544 89,
2449 5480 2546 5536 ml.
2581 5499 2648 5539 eo
2690 5521 2708 5538 .

1973 5550 2085 5623 (76)
2119 5550 2274 5621 Στηῶ
2305 5549 2535 5623 Scrimg.
2571 5549 2856 5622 legendum
2891 5553 2978 5622 ιιηο
3019 5552 3075 5609 id
3107 5557 3212 5618 est,
3247 5547 3338 5604 98.

1974 5625 2089 5694 (77)
2128 5623 2290 5694 sexta
2329 5622 2450 5694 scil.
2489 5624 2544 5677 d.
2582 5637 2633 5677 e.
2669 5623 2758 5678 99.
3095 5640 3098 5642 ν

1975 5691 2087 5765 (78)
2130 5693 2466 5768 Adulterium
2531 5694 2818 5768 sententiae.
2860 5703 3028 5754 sexta
3065 5691 3264 5768 synodi
3315 5704 3472 5750 com-

1905 5766 2092 5832 mittit,
2126 5765 2217 5835 qui
2257 5766 2483 5821 alterius
2506 5781 2765 5836 sponsam
2790 5767 2962 5825 ducit.

1977 5837 2088 5907 (79)
2121 5837 2182 5892 L.
2217 5839 2268 5900 l.
2293 5839 2348 5903 ‘2,
2380 5839 2432 5892 3.
2463 5854 2513 5893 c.
2547 5837 2622 5893 De
2656 5853 2832 5909 sporta.

1980 5910 2089 5985 (se)
2123 5909 2241 5966 Vid.
2285 5909 2345 5963 ι).
2377 5909 2414 5969 ι.
2448 5910 2500 5969 5.
