4086 6326
283 347 422 414 589

1420 356 1784 420 NOVELLIE
1815 355 2492 421 CONSTITUTIONES.

3487 359 3592 424 590

287 462 722 537 ὑπερκειμένην
753 464 830 536 τῷ
856 482 913 518 τε
947 466 1308 540 πιπράσκοντι
1355 472 1446 524 καὶ
1472 471 1549 541 τῷ
1571 473 1896 544 ἀγοράζοντι

2009 484 2283 558 segmenta
2317 473 2458 544 (145)
2500 474 2932 546 atquelrustula,
2956 491 3078 547 qua:
3100 474 3390 531 utilitatem
3424 483 3592 546 atque

293 559 701 631 παρεχόμενα,
741 558 913 614 ταῦτα
960 561 1025 632 δὴ
1086 562 1409 634 κωλυόμενα
1464 567 1586 620 τίνα
1639 567 1893 638 εὐπρεπῆ

296 652 492 707 αἰτίαν
540 653 634 706 καὶ
671 652 866 723 φθόνου
902 654 1011 709 τῶν
1071 656 1332 728 ὑπηκόων
1382 657 1798 731 καθαρεύουσαν
1820 663 1887 732 τῇ

295 743 408 799 τοῦ
450 746 738 817 νομοθέτου
793 749 1051 802 συστάσει
1110 750 1155 780 ⁶²
1202 749 1438 823 γνώμῃ;
1483 751 1618 805 Ποία
1663 752 1772 823 γὰρ
1831 754 1898 805 ὲκ

299 840 517 894 τούτων
566 841 701 913 πρὸς
759 842 816 896 τὸ
866 843 1136 916 ὑπερέχον
1191 845 1290 915 τῆς
1349 845 1620 918 βασιλείου
1672 845 1832 918 δόξης
1861 846 1896 918 ἢ

301 933 686 1007 ἐναντίωσιςῆ
719 935 968 1007 κοινότης
998 938 1249 1009 ἀπαντᾷς

385 1215 501 1269 Οὑκ
525 1215 881 1288 ἀρεσκόμενοι
923 1217 1102 1271 τοίνυν
1131 1216 1210 1290 τῷ
1254 1218 1488 1290 δόγματι
1538 1220 1895 1292 διοριζόμεθα

309 1307 475 1377 ἡμεῖς
505 1309 572 1363 τά
603 1309 844 1380 ἁλουργά
903 1309 1044 1382 μέρη
1099 1311 1191 1363 καὶ
1251 1311 1538 1383 τμήματα,
1594 1329 1898 1385 σεμνοπρε-

315 1401 498 1466 πείας
524 1404 718 1475 μοῖραν
755 1404 1105 1476 παρεχόμενα
1156 1407 1267 1468 τοῖς
1310 1405 1576 1475 ὑπηκόοις
1607 1408 1638 1477 ἢ
1702 1408 1894 1479 χρείαν

317 1495 489 1566 ἀλλην
531 1496 632 1550 οὑκ
674 1499 1155 1570 ἀπηγορευμένην,
1203 1498 1300 1552 καὶ
1333 1498 1773 1568 ἀπεμπολεῖσθαι
1801 1501 1896 1555 καὶ

313 1593 708 1663 ἀγοράζεσθαι.
743 1596 836 1647 Δεῖ
864 1595 972 1666 γὰρ
1031 1593 1172 1666 μετὰ
1213 1594 1308 1650 τοῦ
1345 1597 1438 1651 καὶ
1470 1597 1646 1660 ἄλλως
1673 1597 1897 1669 εὐεργε-

313 1687 430 1740 τεῖν
455 1685 517 1739 τὸ
554 1685 793 1756 ὑπήκοον
818 1687 953 1758 μηδὲ
983 1707 1039 1741 σε
1050 1689 1423 1762 μνοπρεπείας
1470 1691 1687 1762 φθονεῖν
1710 1693 1897 1758 αὑτοῖς

314 1775 415 1848 τὴν
444 1775 744 1848 βασιλείαν.

858 1871 1170 1928 ΔΙΑΤΑΞΙΣ
1227 1870 1352 1930 ΠΑ¹⁶

2008 583 2165 623 usum
2195 584 2372 640 neque
2394 568 2642 626 vendenti
2671 583 2850 640 neque
2887 569 3089 625 ementi
3115 569 3590 624 inconvenientem

2006 660 2302 732 praebeant,
2327 661 2378 714 in
2406 660 2776 716 mercimoniis
2798 675 2921 717 esse
2950 661 3350 731 prohibuerunt
3378 659 3455 731 (ὁ)
3488 678 3502 714 :
3532 658 3592 716 id

2006 767 2134 807 vero
2155 766 2317 822 quam
2348 753 2656 818 honestam,
2681 760 2736 809 et
2766 767 2888 824 quae
2933 751 3281 808 subditorum
3339 751 3589 807 inviden-

2005 845 2282 914 tiavacet,
2317 847 2762 917 illorumjudicio
2787 839 3084 916 praetendet
3131 845 3402 907 causam?
3453 843 3586 898 Nam

2004 937 2152 1008 quod
2166 948 2259 993 aut
2284 939 2354 993 im
2363 938 2649 1010 peratoriaa
2673 937 2975 1008 majestatis
2998 938 3319 992 adversetur
3332 937 3584 994 eminen-

2005 1034 2115 1101 tiae,
2147 1041 2242 1089 aut
2290 1049 2407 1090 eam
2435 1035 2489 1088 in
2523 1047 2869 1089 communem
2923 1048 3084 1088 usum
3142 1031 3388 1096 devocet,
3449 1032 3582 1102 quid

2006 1143 2185 1198 quiem
2210 1128 2338 1183 hinc
2363 1126 2631 1184 exsistat?

2079 1219 2189 1276 Nos
2217 1222 2401 1292 itaque
2461 1221 2547 1276 isti
2595 1220 2819 1276 decreto
2861 1234 2968 1274 non
2995 1219 3432 1289 acquiescentes,
3463 1232 3594 1273 eon-

2007 1315 2286 1371 stituimus
2318 1325 2372 1367 ιιι
2412 1329 2657 1382 purpura:
2715 1311 2889 1368 frusta
2947 1321 3113 1383 atque
3171 1311 3436 1383 segmina,
3471 1325 3593 1382 qua:

2008 1409 2422 1480 magniﬁcentiae
2479 1408 2718 1478 speciem
2789 1407 3026 1462 aliumve
3092 1422 3201 1461 non
3256 1405 3588 1475 prohibitum

2006 1515 2167 1555 usum
2213 1499 2445 1554 subditis
2486 1499 2785 1569 pra-beant,
2820 1507 2926 1551 tam
2993 1495 3214 1553 divendi
3259 1511 3424 1567 quam
3483 1493 3591 1549 emi

2007 1594 2242 1663 possint.
2278 1592 2441 1646 Decet
2462 1594 2606 1645 enim
2639 1590 3048 1661 imperatoriam
3076 1590 3442 1658 maiestatem,
3463 1600 3588 1641 eum

2007 1686 2129 1740 aliis
2158 1685 2343 1739 multis
2375 1683 2552 1738 modis
2600 1683 2852 1738 subditos
2904 1679 3181 1736 beneﬁciis
3238 1678 3458 1744 alliciat,
3493 1692 3588 1734 ee-

2007 1779 2255 1834 rumdem
2293 1776 2714 1848 magniﬁcentia:
2745 1793 2812 1830 ne
2843 1775 3107 1829 invideat.

2436 1866 2902 1926 CONSTITUTIO
2927 1864 3164 1920 LXXXI.

318 1965 462 2035 Περὶ
517 1966 623 2020 τοῦ
679 1964 760 2035 μὴ
791 1964 1015 2043 narro
1045 1966 1113 2043 ἐκ
1141 1968 1374 2043 χρυσοῇ
1397 1967 1705 2026 xal.1r'0wr
1729 1970 1901 2043 ἔργον

2016 1963 2098 2020 Ne
2120 1962 2486 2043 exaurotij-G)
2509 1973 2555 2043 et
2578 1961 2826 2032 pretiosis
2845 1960 3144 2043 (ῃίᾳρξιιιδ
3162 1956 3450 2043 qpidqunm
3474 1971 3595 2012 con-

819 2039 1165 2093 κωλύεσθαι
1197 2040 1413 2095 ποιεῖν.

404 2129 464 2183 '0
491 2130 652 2194 αὐτὸς
689 2129 940 2201 βασιλεὺς
984 2132 1260 2206 Στυλιανῷ
1307 2135 1383 2208 τῷ
1419 2137 1588 2210 αὑτῷ.

388 2223 503 2277 Καὶ
546 2223 738 2278 τοῦτον
785 2225 842 2279 δὲ
889 2225 979 2280 τὸν
1033 2227 1216 2298 νόμον,
1256 2227 1315 2294 ὃς
1366 2230 1551 2295 ἁπλῶς
1593 2231 1908 2304 ἀφαιρεῖται

317 2313 682 2389 τὴνὲξουσίαν
705 2316 798 2370 τοῦ
830 2317 894 2370 ὲκ
945 2318 1148 2391 χρυσοῦ
1190 2323 1284 2376 καὶ
1335 2322 1498 2376 λίθων
1537 2325 1672 2397 δρᾷν
1719 2343 1773 2379 τι
1818 2343 1910 2380 κα-

317 2407 702 2479 τασκεύασμα,
765 2409 858 2462 ἐπὶ
918 2409 1101 2479 μόνοις
1170 2412 1225 2466 δὲ
1280 2416 1392 2477 τοῖς
1436 2415 1769 2484 γυναικείοις
1817 2432 1906 2470 κο-

321 2502 501 2574 σμίοις
532 2501 627 2556 καὶ
655 2501 752 2573 τὴν
779 2501 922 2558 οὕτω
979 2505 1327 2579 καλουμένην
1359 2509 1405 2540 ⁸³
1449 2508 1757 2564 δακτυλίων
1807 2509 1905 2582 τὴν

321 2592 665 2667 κατασκευὴν
696 2592 889 2666 ὁρίζει,
921 2595 1020 2665 τῆς
1073 2597 1246 2668 αὑτῆς
1293 2600 1422 2654 ὄντα
1456 2602 1900 2673 κατανοήσαντες

322 2685 694 2757 προαιρέσεως
744 2685 825 2757 τῷ
875 2687 1010 2758 περὶ
1057 2688 1375 2762 ἀλουργίδος
1435 2693 1858 2765 διαλαμϐάνοντι
1886 2736 1901 2761 ,

323 2774 402 2839 είς
425 2776 525 2845 τὴν
546 2775 717 2849 αὐτὴν
746 2775 943 2851 ἐκείνῳ
958 2779 1140 2851 χώραν
1162 2779 1445 2851 τιθέαμεν.
1477 2784 1551 2836 Οὐ
1583 2782 1691 2855 γὰρ
1719 2783 1903 2849 ἁπλῶς

323 2867 493 2940 ὲχρῆν
512 2869 609 2943 τὴν
639 2873 704 2926 ἐκ
739 2871 838 2944 τῆς
869 2872 1003 2945 ὕλης
1021 2873 1117 2928 τοῦ
1152 2873 1352 2946 χρυσοῦ
1378 2877 1642 2948 χορηγίαν
1672 2877 1751 2941 είς
1804 2878 1904 2948 τὴν

323 2960 586 3031 ἐργασίαν
633 2963 882 3029 κωλύειν,
913 2963 1053 3018 ἀλλὰ
1105 2964 1174 3019 τὰ
1208 2964 1326 3036 εἴδη
1367 2965 1476 3019 τῶν
1527 2964 1728 3038 ἔργων,
1780 2967 1902 3020 ἐπεὶ

323 3051 384 3106 τό
411 3069 476 3121 γε
503 3055 732 3110 καθόλου
752 3055 798 3088 ⁸⁸
821 3059 894 3111 ἐκ
913 3057 1115 3129 χρυσοῦ
1137 3058 1231 3113 καὶ
1258 3056 1405 3111 λίθου
1435 3057 1903 3131 ἀπαγορεύεινὲρο

322 3144 587 3218 γάζεσθαι
624 3146 910 3217 πλεονεξία
955 3150 1136 3220 σαφής
1185 3147 1232 3182 ⁸⁸
1268 3165 1282 3180 ο
1309 3148 1370 3202 τὸ
1413 3149 1472 3204 δὲ
1522 3151 1618 3204 καὶ
1679 3149 1904 3222 βαρεῖαν

2258 2030 2425 2108 βείίη
2453 2030 2750 2090 turivérsum
2777 2031 3100 2100 prohibitum
3123 2030 3270 2097 nefas
3305 2030 3397 2082 sit.

2085 2130 2230 2188 Idem
2264 2130 2562 2200 imperator
2592 2127 2768 2184 eidem
2794 2126 3064 2198 Styliano.

2083 2221 2234 2276 ﬂante
2265 2236 2392 2276 vero
2425 2220 2591 2275 etiam
2622 2219 2793 2292 legem
2822 2218 2900 2290 (8)
2923 2233 3044 2288 qua:
3079 2216 3286 2270 mundo
3339 2213 3591 2270 muliebri

2010 2314 2339 2385 aunulisque
2375 2313 2620 2384 exceptis
2678 2311 2887 2385 aliquid
2933 2310 3082 2366 aliud
3107 2325 3170 2365 ex
3206 2323 3341 2363 auro
3363 2315 3417 2362 et
3441 2322 3591 2378 gem-

2011 2403 2116 2458 mis
2141 2402 2498 2458 conﬁciendis
2525 2417 2744 2457 onmem
2778 2415 3004 2470 prorsus
3029 2399 3341 2454 facultatem
3377 2397 3592 2457 adimit.

2008 2496 2253 2566 ejusdem
2286 2513 2408 2551 cum
2447 2497 2537 2550 illa
2558 2496 2768 2567 quaede
2781 2509 3022 2566 purpura
3054 2500 3251 2548 tractat
3281 2506 3402 2548 esse
3433 2489 3592 2546 insti-

2008 2589 2111 2644 tuti
2174 2588 2696 2652 animadvertentes,
2748 2588 2799 2642 iu
2831 2589 3077 2643 eamdem
3107 2598 3326 2655 quoque
3348 2597 3472 2638 cum
3496 2581 3593 2636 illa

2009 2680 2381 2745 conditionem
2415 2678 2759 2750 reponimus.
2813 2676 2930 2732 Non
2987 2675 3135 2732 enirn
3176 2673 3504 2744 simpliciter
3525 2687 3594 2728 ex

2007 2776 2127 2829 auri
2157 2773 2384 2829 materia
2430 2772 2731 2844 quidquam
2775 2772 2828 2826 in
2881 2767 3158 2839 opiﬁcium
3197 2766 3456 2840 praeberi,
3497 2765 3596 2822 sed

2007 2866 2218 2936 species
2261 2879 2488 2936 operum
2536 2861 2813 2935 prohiberi
2850 2860 3156 2933 Oportebat.
3225 2857 3496 2926 Quoniam
3529 2871 3596 2911 ne

2005 2959 2152 3030 quod
2183 2957 2410 3013 omnino
2434 2973 2499 3013 ex
2523 2971 2658 3012 auro
2689 2963 2744 3012 et
2786 2953 3019 3028 gemmis
3051 2967 3190 3023 epus
3220 2950 3480 3007 conﬁciat
3503 2963 3594 3004 ve-

2007 3060 2144 3120 tare,
2181 3051 2470 3108 manifesta
2513 3051 2566 3106 id
2589 3067 2648 3108 se
2680 3064 2851 3121 supra
2896 3062 3093 3103 omnes
3126 3044 3391 3102 oﬁ‘ereudi
3435 3043 3592 3115 cupi—

2006 3143 2153 3200 ditas
2185 3151 2290 3201 est.
2323 3142 2442 3198 Jam
2477 3158 2609 3199 vero
2655 3142 2803 3214 quod
2859 3141 2916 3197 in
2963 3153 3292 3211 quacunque
3318 3152 3376 3192 re
3421 3137 3593 3208 legem

321 3235 466 3290 οὕτω
501 3236 694 3308 ποινὴν
751 3238 972 3309 ὑπέχειν
1020 3240 1110 3294 τὸν
1150 3239 1506 3312 ἁλισκόμενον
1561 3240 1661 3311 ἐφ’
1698 3241 1901 3313 ὁτῳοῦν

2009 3251 2385 3310 transgressus
2402 3252 2525 3294 esse
2549 3236 2946 3307 deprehensus,
2981 3242 3092 3289 tam
3127 3247 3345 3304 gravem
3373 3246 3594 3303 poenam

325 3321 647 3400 παραϐάντα
668 3329 768 3398 τὸν,
797 3330 961 3401 νόμον
1006 3332 1172 3404 (φημὶ
1193 3333 1256 3404 δὴ
1315 3334 1414 3408 τὴν
1468 3334 1575 3388 τῶν
1609 3333 1652 3406 ρ’
1707 3335 1905 3408 λιτρῶν

2006 3329 2244 3386 sustinet
2273 3336 2514 3400 (centum
2549 3328 2815 3383 librarum
2841 3328 2964 3382 auri
3023 3327 3284 3380 mulctam
3335 3324 3594 3394 quodque

325 3421 533 3478 ἔκτισιν
564 3424 657 3477 καὶ
687 3423 1016 3497 προσθήκην
1030 3427 1123 3480 ἐπὶ
1185 3427 1360 3497 τούτῳ
1397 3427 1497 3500 τῆς
1522 3428 1764 3500 κεφαλῆς
1811 3428 1901 3502 τὴν

2009 3423 2134 3480 huic
2171 3425 2404 3490 accedit,
2447 3423 2683 3495 capitale
2734 3421 3065 3492 supplicium
3111 3419 3260 3489 dico)
3298 3425 3448 3472 utea
3505 3417 3593 3472 lex

326 3515 659 3590 ἀφαίρεσιν),
690 3519 775 3582 τίς
815 3517 973 3588 λόγος
1026 3519 1089 3573 τὸ
1130 3519 1207 3592 μὴ
1249 3521 1371 3594 οὑχὶ
1427 3525 1722 3592 κορυφαῖον
1759 3518 1899 3578 εῖναι

330 3607 503 3678 βιαίου
541 3611 637 3664 τὸν
683 3610 848 3682 νόμον
901 3614 1336 3686 παραιτήσεται;
1375 3615 1447 3668 ἐῶ
1493 3614 1550 3670 δὲ
1589 3615 1688 3689 τὴν
1736 3616 1905 3686 ἄλλην

328 3703 576 3769 ἀτοπίαν,
607 3703 814 3777 ὁπόσην
842 3707 938 3759 καὶ
976 3705 1112 3760 καθ’
1162 3705 1322 3778 ἱερῶν
1387 3708 1686 3780 κειμηλίων
1735 3710 1898 3763 ἐνδεί-

331 3810 520 3848 κνυται
553 3795 650 3849 καὶ
680 3794 856 3850 ἄλλων
881 3796 1040 3850 τινῶν
1073 3797 1106 3869 ή
1142 3798 1372 3870 ἐργασία
1404 3800 1614 3871 ποινῆς.

415 3888 604 3959 Ἢμεῖς
629 3887 721 3945 οὖν
739 3890 1081 3963 γινώσκομεν
1104 3893 1202 3964 οὑχ
1220 3892 1406 3959 ἀπλῶς
1437 3893 1739 3950 κωλύεσθαι
1763 3895 1824 3950 τὺ
1849 3897 1913 3950 ἐκ

331 3983 528 4055 χρυσοῦ
551 3985 645 4039 καὶ
674 3986 835 4041 λίθων
858 3985 1017 4058 ἔργον
1034 3989 1224 4051 ποιεῖν,
1250 3989 1379 4044 ἀλλ’
1422 3991 1606 4044 ἐκεῖνα
1641 3992 1706 4044 τὰ
1740 4008 1912 4044 καταο

333 4079 708 4149 σκευάσματα,
730 4078 765 4134 ἃ
780 4080 959 4151 μόνοις
981 4084 1186 4152 ἐφεῖται
1211 4081 1510 4154 βασιλεῦσι,
1529 4085 1620 4144 καὶ
1640 4077 1713 4139 ὧν
1736 4085 1916 4156 ήχρῆ-

2020 3535 2130 3574 non
2155 3534 2382 3573 summae
2405 3515 2762 3572 immanitatis
2792 3531 2915 3572 esse
2949 3522 3193 3586 putetur,
3226 3527 3334 3584 qua
3375 3517 3594 3568 ratione

2013 3611 2379 3666 devitabitur?
2432 3611 2707 3678 Quantam
2740 3619 2924 3666 autem
2972 3608 3134 3662 aliam
3195 3606 3592 3662 absurditatem

2015 3705 2071 3760 in
2095 3704 2270 3760 sacris
2302 3704 2575 3760 thesauris
2606 3704 2837 3774 aliisque
2868 3701 3152 3759 nonnullis
3183 3700 3348 3757 rebus
3364 3699 3594 3756 cﬂ‘eetus

2019 3813 2195 3868 pinnae
2217 3797 2488 3869 designet,
2523 3813 2629 3853 non
2651 3799 2885 3871 attingo.

2095 3891 2209 3946 Nos
2251 3894 2435 3963 itaque
2464 3908 2573 3972 non
2597 3892 2924 3964 simpliciter
2954 3907 3095 3963 opus
3126 3891 3347 3963 aliquae
3367 3907 3430 3946 ex
3459 3904 3593 3946 auro

2021 3997 2072 4042 et
2107 3987 2337 4058 gemmis
2367 3987 2585 4053 conﬁci,
2613 3988 2706 4043 sed
2740 3987 2829 4043 illa
2862 4001 3026 4058 opera
3058 4001 3179 4057 quae
3196 3986 3328 4042 solis
3353 3986 3590 4057 impera-

2023 4080 2234 4135 toribus
2267 4081 2682 4150 permittuntur,
2744 4094 3092 4150 quorumque
3141 4094 3274 4135 usus
3329 4078 3593 4149 magniﬁ-

335 4175 415 4233 ὁις
429 4169 562 4241 πρὸς
577 4169 668 4224 τὸν
683 4171 843 4242 ὖγκον
864 4173 964 4244 τῆς
977 4173 1251 4244 βασιλείας
1269 4174 1359 4228 καὶ
1379 4174 1478 4246 τὴν
1494 4173 1695 4246 ταύτης
1720 4173 1901 4245 χρείαν

2017 4173 2210 4229 eentiae
2269 4173 2634 4244 imperatoriae
2688 4173 3015 4243 majestatis,
3064 4173 3291 4244 ejusque
3349 4171 3591 4235 necessi~

333 4261 448 4333 ὁρᾷ.
471 4261 536 4314 Ei
568 4261 623 4316 δέ
645 4263 782 4334 τιςῆ
813 4264 1092 4336 κειμήλιον
1127 4265 1272 4336 ἱερὸν
1307 4265 1339 4336 ἢ
1376 4265 1566 4338 ἕτερόν
1621 4283 1674 4320 τι
1721 4267 1820 4320 οὐκ
1850 4267 1901 4321 ὃν

2017 4265 2226 4321 tatibus
2303 4264 2612 4321 destinatus
2665 4266 2783 4335 estf,
2848 4264 3190 4335 prohibenda
3256 4263 3585 4334 iudicamus.

337 4355 606 4440 ἰδιωτικῆς
635 4356 791 4423 ἀξίας
825 4360 916 4414 καὶ
963 4359 1127 4431 τιμῆς
1167 4359 1565 4432 ὑπερκείμενον
1619 4359 1665 4392 ⁸⁵
1695 4360 1901 4418 δύναιτ(

2019 4359 2203 4424 Quare
2237 4358 2282 4412 si
2332 4358 2458 4429 quis
2483 4357 2566 4412 vel
2598 4366 3010 4414 monumentum
3044 4373 3288 4427 sacrum,
3327 4357 3409 4416 vel
3439 4355 3587 4415 aliud

1656 4542 1889 4601 VARIAS
1925 4543 2328 4600 LECTIUNES.

402 4682 959 4765 ξ⁸.Αεγ1.ησυ.στήσει.·
1039 4687 1084 4718 ⁸³
1119 4687 1301 4765 Malim
1351 4689 1472 4765 τῶνΔ
1497 4689 1650 4765 οὑτω
1709 4688 2078 4765 καλουμένων.
2172 4690 2423 4765 “__Codd.
2456 4691 2616 4765 καθά.
2647 4691 2834 4763 Steph.
2861 4701 2914 4765 et
2953 4694 3106 4764 Agyl.
3141 4694 3418 4765 καθαρῶς,
3450 4693 3590 4750 Beck

338 4753 605 4811 καθάπαν.
642 4756 748 4812 Sed
781 4753 913 4812 καθό
947 4757 1230 4829 legendum
1261 4768 1346 4818 est
1379 4760 1627 4816 καθόλου.
1727 4761 1771 4793 ⁸³
1793 4753 2167 4817 ιιιι’Ζυὶοῑι.ει
2204 4762 2424 4820 Meerm.
2459 4763 2694 4834 Scrimg.
2743 4753 2950 4833 σαφῶς.
3002 4753 3088 4795 ﬂ“
3117 4753 3298 4820 Codd:
3327 4753 3587 4838 ὑποκείμ.

1838 4930 2072 4989 NOTAE.

406 5087 530 5152 (1-5)
553 5084 1200 5161 'l‘ibcriumposteriorem
1217 5091 1326 5147 Ced
1337 5107 1498 5147 renus
1515 5090 1700 5147 scribit
1721 5092 1914 5161 permi-

338 5160 471 5233 sisse
490 5174 758 5233 purpuris
775 5159 1142 5226 διδακτυλίους
1169 5163 1331 5233 ὄρνας
1358 5165 1414 5216 ὲν
1437 5166 1554 5226 ταῖς
1584 5159 1799 5226 στολαῖς
1817 5165 1908 5216 αὐ-

337 5229 440 5310 τῶν
465 5229 672 5310 κόσμρυ
697 5229 856 5310 χάριν
873 5234 1077 5302 φέρειν·
1099 5229 1257 5304 ὃρνὰς
1278 5234 1581 5310 dixitquesi
1604 5248 1726 5289 oras
1745 5243 1798 5310 et
1814 5249 1908 5288 or-

340 5299 584 5380 naturas.
603 5299 846 5380 Isidorus
871 5299 1172 5380 segmenta,
1194 5306 1380 5380 Ui‘ilic.
1410 5299 1525 5362 Liv.
1552 5321 1611 5368 ιι,
1635 5305 1908 5380 sancitum

340 5371 657 5446 mulieribus
683 5379 738 5424 ut
773 5371 957 5446 aureis
1015 5377 1311 5446 segmentis
1355 5385 1658 5434 uterentur.
1705 5377 1910 5432 Arator

343 5442 568 5519 loquens
591 5442 963 5519 de‘pontiﬁcis
1015 5442 1203 5503 habitu
1232 5448 1286 5503 in
1319 5448 1505 5504 Exodo
1533 5465 1560 5502 a
1588 5447 1736 5503 Mose
1769 5464 1906 5519 pras-

340 5511 541 5588 s_cripto
587 5531 599 5567 :
643 5511 750 5588 Qui
799 5528 1150 5588 segmentatas
1197 5521 1382 5575 mediis
1429 5519 1691 5588 altaribus
1745 5511 1907 5574 a'stat.

341 5585 647 5658 segriienta.
673 5587 822 5658 limbi
847 5585 941 5644 seu
978 5591 1201 5652 institas.
1228 5593 1261 5645 Ι.
1288 5591 1378 5656 25,
1412 5609 1462 5646 ν.
1500 5595 1546 5654 i,
1569 5591 1622 5644 Π.
1651 5587 1726 5644 De
1748 5607 1903 5658 auro,

340 5656 475 5711 adde
504 5657 692 5725 Cujac.
721 5656 807 5723 12,
839 5662 1053 5716 observ.
1109 5662 1196 5718 ει.

396 5727 484 5852 ﬁt)
510 5727 784 5799 lnteiligit,
819 5742 874 5785 ut
899 5736 1119 5804 opinor,
1151 5734 1184 5788 l.
1223 5753 1346 5806 pen.
1372 5736 1434 5792 Ω.
1475 5734 1548 5792 De
1582 5736 1774 5792 vcslib.
1804 5734 1902 5790 ho-

342 5812 500 5854 ιουει.

409 5868 545 5941 (5-6)
591 5872 663 5930 Ex
695 5889 826 5930 auro
861 5881 942 5934 vel
999 5879 1248 5951 pretiosis
1282 5880 1480 5952 lapillis
1526 5881 1727 5955 aliquid
1783 5882 1897 5938 ﬁeri

2022 5096 2374 5169 prohibetur:
2411 5097 2623 5152 videtur
2645 5098 2825 5169 itaque
2856 5112 3111 5169 revocare
3139 5099 3585 5156 constitutiones.

2007 5167 2311 5241 Aureliani,
2366 5186 2472 5239 qua
2528 5167 2856 5240 permissum
2906 5167 3102 5234 fuerat,
3135 5180 3192 5222 ut
3252 5173 3435 5226 aureis
3486 5180 3579 5241 qua

2008 5237 2207 5293 vellent
2236 5249 2290 5295 et
2322 5237 2544 5296 mensis
2561 5249 2846 5295 uterentur
2871 5247 2923 5294 et
2962 5241 3193 5307 poculis,
3220 5253 3444 5298 auclore
3482 5237 3583 5300 Vo.

2051 5311 2519 5384 isco._Abrogatur
2552 5320 2732 5384 autem
2768 5312 2851 5368 lex
2901 5312 3086 5378 unica,
3109 5325 3253 5367 vers.
3280 5311 3423 5369 Nulli
3456 5317 3581 5371 cod.

2039 5380 2152 5433 iulli
2195 5380 2446 5438 licere'in
2474 5383 2666 5439 frenis.

2083 5452 2166 5535 (Ἰ).
2213 5452 2700 5538 ίτιιρίὶιίιιρτειίοεί,
2756 5456 3103 5538 margaritas,
3160 5456 3476 5538 smaragdi,
3530 5467 3587 5538 et

2012 5523 2288 5598 hyacinthi
2325 5543 2338 5580 :
2376 5523 2499 5582 aliis
2538 5527 2685 5584 enim
2716 5523 2945 5596 gemmis
2971 5526 3145 5594 frena,
3169 5523 3452 5598 equestres
3479 5530 3585 5585 sel-

2014 5597 2097 5652 las
2131 5603 2185 5650 ct
2207 5596 2416 5654 balteos
2441 5613 2641 5655 ornare
2676 5600 3005 5655 nermissum
3028 5599 3084 5653 d.
3109 5600 3143 5654 ι.
3172 5596 3267 5653 un.

2083 5667 2246 5735 (8)0.
2282 5669 2314 5720 l.
2357 5685 2448 5724 un.
2486 5685 2630 5726 vers.
2676 5667 2821 5725 Nulli
2866 5682 3125 5740 praeterea
3150 5671 3484 5740 privatorum
3522 5671 3587 5726 li-

2012 5746 2131 5793 (‘cat
2156 5742 2400 5809 exceptis
2426 5741 2764 5798 ornamentis
2799 5742 3172 5810 inatronalib.,
3205 5755 3309 5799 etc.
3344 5745 3402 5798 υ.
3440 5741 3582 5799 Nulli

2009 5811 2170 5868 licere
2197 5812 2247 5867 in
2272 5813 2458 5870 frenis.
