4078 6300
386 394 492 462 597

1477 401 1839 465 NOVELLBE
1871 401 2548 473 CONSTI'I‘UTIONES.

3539 402 3645 469 593

388 508 477 564 ἐπ’
507 506 621 562 ίσον
664 505 940 577 φθάνουσα
1021 506 1099 579 τῷ
1171 506 1418 579 ὐποὸόλῳ
1470 510 1505 581 ἢ
1569 510 1953 581 ὑπερεκτεινοο

2082 529 2181 568 teni
2206 524 2425 586 propter
2448 518 2665 587 nuptias
2693 519 2774 573 vel
2827 525 3007 590 aequet
3037 516 3149 590 (26)
3186 516 3267 572 vel
3326 529 3641 587 exsuperet,

393 601 550 671 μένη,
581 598 929 672 ἐξαρκεῖσθαι
981 600 1077 654 ἐπὶ
1105 602 1275 676 ταύτῃ
1312 602 1405 655 τὸν
1439 601 1813 674 λαμϐάνοντα,
1863 604 1953 659 διὰ

389 693 450 750 τὸ
483 694 697 763 πάντως
750 696 785 767 ἦ
837 694 1200 767 κερδαίνεινῆ
1248 696 1518 768 μηδεμίαν
1594 696 1800 769 ζημίαν
1854 698 1957 767 ὑφ-

394 789 677 844 ίστασθαι*
706 790 754 843 εί
791 789 836 845 δ’
866 789 967 845 οὐκ
1017 789 1309 854 ἐξικνεῖται
1338 792 1371 861 ὴ
1399 790 1594 861 μοῖρα,
1649 790 1764 844 ἀλλ’
1818 791 1959 846 ἐνδεῖ

388 881 483 936 τοῦ
506 879 790 947 ὁποσόλου,
856 881 994 952 μήτε
1012 879 1196 935 τιτῶν
1241 880 1460 935 οἰκείων
1502 882 1530 934 ό
1580 880 1719 952 ἀνὴρ
1748 880 1964 947 διδότω,

392 977 531 1049 μήτε
582 975 691 1031 τῶν
744 976 842 1048 τῆς
899 974 1213 1047 γυναικείας
1263 974 1551 1045 ὑπάρξεως
1609 976 1654 1007 ⁸⁸
1700 975 1964 1046 ἀντιλαμη

390 1071 621 1127 δανέτω.

917 1158 1235 1216 ΑιΑΤΑΞιΣ
1267 1162 1411 1230 Πςν.

393 1254 531 1320 Περὶ
554 1250 668 1322 τῆς
715 1251 1001 1322 τιμωρίας
1042 1249 1162 1306 τῶν
1214 1253 1605 1322 συνηγορίαις
1638 1250 1677 1319 ἣ
1730 1248 1971 1320 lin-date

462 1327 501 1392 ἢ
550 1320 927 1394 μισθώσεων
970 1321 1013 1394 ἦ
1064 1322 1191 1394 τοῖς
1251 1320 1462 1394 eum
1516 1322 1968 1394 παραπλησίοις

461 1389 922 1522 afﬁceret:an
956 1389 1209 1459 ἑαυτοὺς
1243 1389 1615 1463 damnamur,
1634 1392 1673 1462 ἢ
1702 1389 1901 1462 ἱερέων
1926 1391 1966 1461 ἣ

465 1486 500 1522 κ
543 1483 787 1537 ηρικων.

477 1559 536 1613 '0
566 1558 725 1622 αὖτὸς
753 1555 1005 1627 βασιλεὺς
1034 1554 1314 1627 Στυλιανῷ
1340 1553 1416 1626 τῷ
1444 1552 1613 1626 αὐτῷ.

462 1651 601 1716 Τοὺς
636 1650 773 1722 πρὸς
790 1648 852 1703 τὸ
881 1648 1024 1704 θεῖον
1072 1648 1170 1703 καὶ
1205 1646 1348 1721 ἱερὸν
1378 1646 1529 1719 βῆμα
1553 1646 1658 1701 ὑπὸ
1694 1645 1796 1716 τῆς
1816 1642 1970 1709 Θείας

394 1742 725 1812 ἀγαθὸτητος
745 1740 1153 1811 ἐξειλεγμένους
1189 1739 1251 1794 οὺ
1305 1738 1466 1811 μόνον
1502 1739 1599 1811 τῆς
1657 1736 1824 1809 ἄλλης
1867 1738 1968 1793 αἱ-

2066 624 2130 662 en
2164 608 2308 677 quod
2337 623 2431 665 aut
2462 614 2697 677 lucrum,
2748 623 2841 667 aut
2880 614 3067 667 saltem
3120 612 3332 667 nullum
3367 611 3629 664 damnum

2067 705 2357 770 sentiatur,
2412 705 2511 759 hac
2555 715 2773 776 accepta
2828 704 2906 760 illi
2966 706 3211 761 contenti
3258 704 3399 758 sint:
3444 704 3489 759 si
3515 718 3646 757 vero

2066 809 2176 849 non
2206 805 2453 865 exaequet
2489 808 2651 867 alque
2690 799 2869 852 minor
2897 798 2988 864 sit,
3016 811 3193 867 neque
3216 798 3283 851 dc
3326 811 3427 851 suo
3471 794 3638 866 quid-

2066 902 2228 956 quam
2252 885 2407 949 dent,
2427 903 2601 957 neque
2629 903 2659 944 c
2680 889 2884 945 diverso
2918 904 2986 943 ex
3006 887 3254 944 mulieris
3286 886 3446 943 bonis
3479 884 3644 957 quid-

2067 993 2233 1050 quam
2259 981 2555 1052 accipiant.

2440 1158 2904 1217 CONSTlTUTlO
2973 1159 3261 1215 LXXXVI.

2072 1252 2147 1309 De
2169 1270 2319 1323 paena
2342 1254 2729 1321 episcoporum,
2766 1254 3100 1308 sacerdotum
3129 1261 3178 1308 et
3208 1252 3519 1307 clericorum
3558 1255 3648 1316 qui

2138 1342 2195 1380 se
2212 1326 2665 1390 advocationibus,
2694 1325 3065 1392 sponsionibus
3095 1323 3446 1393 redempturis
3500 1325 3649 1377 aliis-

2139 1412 2197 1451 ve
2221 1396 2483 1451 similibus
2514 1396 2712 1450 dedunt
2744 1396 2879 1467 (27).

2140 1558 2285 1617 idem
2319 1560 2615 1632 imperator
2641 1560 2815 1616 eidem
2849 1560 3121 1633 Styliano.

2139 1649 2241 1718 Qui
2270 1666 2301 1705 a
2325 1650 2508 1707 divina
2542 1651 2783 1709 bonitate
2812 1655 2877 1709 ad
2909 1654 3153 1709 divinum
3185 1664 3639 1713 sacrosanctum—

2070 1759 2174 1816 que
2230 1746 2399 1800 altare
2454 1744 2647 1801 delecti
2699 1754 2847 1812 aunt,
2889 1746 2991 1803 hos
3047 1762 3160 1803 non
3193 1750 3352 1806 modo
3380 1765 3411 1804 a
3445 1750 3653 1821 peccati

394 1837 688 1909 σχρότητος
718 1835 821 1905 τῆς
846 1835 1121 1907 ἁμαρτίας
1146 1832 1293 1899 ἄξιον
1326 1830 1677 1905 καθαρεύειν,
1703 1832 1838 1888 ἀλλὰ
1868 1833 1966 1888 καὶ

2082 1834 2405 1905 turpitudine
2428 1834 2660 1891 mundos
2695 1853 2836 1901 esse,
2855 1853 3047 1893 verum
3082 1840 3247 1896 etiam
3278 1856 3307 1896 a
3343 1841 3655 1896 communis

391 1930 493 1999 τῆς
524 1927 696 1997 ὁπόση
722 1928 834 1989 τοῖς
872 1928 1073 1990 κοινοῖς
1108 1925 1205 1981 καὶ
1245 1925 1520 1999 βιωτικοῖς
1572 1924 1971 1996 ἐπισυνέστηκε

394 2019 715 2088 πράγμασιν
744 2016 957 2089 ἀηδίας.
997 2017 1209 2088 Ὠσπερ
1238 2016 1346 2087 γὰρ
1375 2016 1476 2071 οὐκ
1508 2015 1685 2083 ἔξεστι
1706 2016 1772 2069 τὰ
1815 2016 1962 2072 ἄλλα

394 2112 493 2181 τῆς
512 2110 778 2182 ἁχράντου
814 2110 908 2164 καὶ
947 2109 1099 2179 ίερᾶς
1145 2108 1425 2177 ἁγιστείας
1451 2109 1715 2181 κειμήλια
1740 2108 1829 2163 διὰ
1871 2110 1971 2179 τῆς

396 2202 584 2272 κοινῆς
608 2201 1035 2272 καθυϐρίζεσθαι
1090 2202 1362 2275 χρήσεως,
1415 2202 1506 2255 τὸν
1534 2201 1697 2256 αὑτὸν
1768 2203 1973 2274 τρόπον

393 2294 623 2350 οὐδὲτοῦ
661 2294 932 2367 ἀχράντου
951 2293 1340 2366 θυσιαστηρίου
1370 2294 1441 2349 τὰ
1465 2295 1684 2366 ἔμψυχα
1712 2296 1975 2367 κειμήλια

398 2388 822 2442 κοινοποιεῖσθαι
869 2388 1141 2459 προσήκει
1172 2391 1244 2459 τῇ
1295 2389 1455 2459 κοινῇ
1488 2388 1811 2459 συγχρήσει,
1839 2388 1976 2442 ἀλλὰ

401 2481 584 2552 μένειν
608 2482 664 2535 ἐν
692 2474 726 2555 ᾖ
751 2480 1082 2550 ἁφιέρωνται
1111 2480 1267 2545 τάξει
1300 2479 1400 2551 τὴν
1442 2481 1742 2551 ἀφιέρωσιν
1769 2480 1970 2551 ἄχραν-

398 2592 486 2629 τον
520 2572 782 2637 σώζοντα.
813 2573 949 2627 Λίαν
977 2573 1086 2644 ἄρα
1111 2572 1458 2646 ἱεροπρεπῶς
1487 2574 1519 2643 ἡ
1554 2572 1666 2626 τῶν
1700 2571 1972 2644 θεοκηρὺ-

400 2684 513 2721 κων
565 2664 882 2720 ἀποστόλων
924 2664 1105 2735 ψῆφος
1137 2666 1265 2727 τοὺς
1311 2661 1721 2735 συνηγορίαιςῆ
1749 2662 1976 2731 ἐγγύαις

402 2760 434 2832 ἦ
476 2759 804 2831 μισθώσεσιν
850 2758 884 2830 ἢ
950 2758 1062 2821 τοῖς
1107 2756 1290 2821 ἄλλοις
1310 2755 1712 2828 παραπλησίοις
1745 2755 1979 2826 προσνὲ-

405 2868 606 2924 μοντας
655 2851 884 2915 ἑαυτοὺς
937 2848 1334 2921 ἐπισκόπουςῆ
1390 2849 1559 2921 ἱερεῖς
1602 2849 1636 2921 ἢ
1683 2848 1979 2919 κληρικοὺς

400 2946 499 3016 τῆς
544 2946 695 3017 ἱερᾶς
720 2946 1030 3014 ἀπογυμνοῖ
1060 2944 1288 3011 τάξεως.
1315 2945 1379 2997 Οἱ
1414 2944 1519 3015 γὰρ
1550 2942 1651 3015 τὴν
1708 2942 1859 3013 παρὰ
1884 2941 1975 2995 τοῦ

401 3040 665 3109 παναγίου
718 3038 1035 3109 Πνεύματος
1068 3036 1362 3109 διδομένην
1424 3036 1609 3099 αὐτοῖς
1636 3034 1800 3107 τιμὴν
1834 3034 1980 3090 οὕτω

404 3129 847 3203 περιυϐρίξοντες
880 3129 975 3185 καὶ
1005 3130 1065 3183 τὸ
1091 3128 1303 3184 ἑαυτῶν
1331 3128 1496 3201 μέρος
1522 3128 1585 3182 τὸ
1625 3126 1759 3199 ὕψος
1784 3145 1979 3182 ταπει-

2072 1928 2199 1983 vita:
2230 1926 2462 1999 negotiis
2484 1935 2537 1984 et
2562 1929 2825 1987 molestiis
2876 1946 3070 1988 vacare
3117 1932 3297 1989 decet.
3329 1932 3650 1990 Sicutenim

2071 2020 2177 2075 alia
2244 2020 2657 2077 incontaminati
2729 2024 2982 2093 sacrique
3044 2026 3231 2081 cultus
3300 2034 3653 2081 monumenta

2073 2112 2282 2185 vulgari
2309 2114 2741 2171 contrectatione
2772 2114 3051 2185 profanari
3074 2133 3181 2172 non
3199 2118 3327 2174 licet
3356 2136 3371 2175 :
3411 2117 3477 2174 ad
3500 2133 3657 2173 eum-

2073 2207 2194 2262 dem
2228 2207 2448 2261 modum
2495 2222 2673 2277 neque
2732 2209 2972 2262 animata
3024 2208 3361 2265 immaculati
3425 2209 3655 2264 sacrarii

2073 2308 2393 2355 ornamenta
2445 2300 2723 2354 communi
2752 2316 2855 2355 usu
2882 2298 3224 2367 dedecorari”,
3284 2302 3377 2357 sed
3406 2299 3458 2356 in
3486 2314 3649 2371 quem

2073 2394 2321 2449 ordinem
2357 2401 2679 2448 consecrata
2701 2404 2848 2457 sunt,
2875 2394 2927 2448 in
2951 2396 3143 2449 eodem
3176 2396 3654 2451 consecrationem

2075 2501 2268 2559 puram
2298 2501 2629 2542 conservare
2653 2486 2931 2543 convenit.
2960 2486 3447 2558 Admodumigitur
3460 2488 3659 2544 decen-

2075 2586 2160 2636 ter
2195 2580 2595 2651 apostolorum,
2650 2594 2963 2651 praeconum
3018 2578 3138 2642 Dei.
3208 2580 3658 2652 decretnm,epi-

2077 2687 2297 2745 scapos,
2332 2671 2739 2738 sacerdotes,et
2766 2672 3022 2737 clericos,
3072 2674 3253 2743 quise
3282 2673 3658 2728 advocationi-

2078 2766 2185 2821 ltus
2235 2764 2369 2834 (28),
2408 2761 2797 2835 sponsionibus
2828 2764 2938 2836 (29)
2971 2765 3340 2836 redempturis
3376 2765 3488 2839 (30)
3540 2766 3663 2851 ipve

2078 2874 2250 2929 genus
2302 2857 2424 2915 aliis
2478 2856 2590 2927 (51)
2622 2856 2787 2914 rebus
2821 2857 3052 2924 dedunt,
3080 2856 3239 2914 sacro
3266 2859 3458 2916 ordine
3487 2859 3663 2915 denu-

2078 2950 2193 3007 dat.
2222 2952 2325 3018 Qui
2357 2951 2500 3006 enim
2518 2950 2835 3006 attributam
2872 2950 2976 3006 sibi
3004 2966 3032 3004 a
3058 2958 3416 3007 sacrosancto
3453 2949 3662 3021 Spiritu

2080 3043 2401 3114 dignitatem
2464 3042 2600 3098 adeo
2632 3042 3021 3109 dehonestant,
3053 3050 3109 3099 ct
3140 3052 3405 3115 quantum
3436 3042 3492 3097 in
3526 3044 3662 3114 ipsis

2082 3147 2193 3202 est,
2238 3135 2631 3191 sublimitatem
2681 3134 2870 3207 gratia:
2905 3134 3245 3207 deprimunt,
3277 3135 3472 3191 merito
3499 3134 3662 3205 cujus

405 3224 623 3289 νοῦντες
659 3225 756 3295 τῆς
790 3225 1034 3297 χάριτος,
1107 3223 1333 3288 δικαίως
1380 3218 1470 3277 οἷα
1504 3224 1606 3293 τῆς
1662 3222 1976 3293 εὐεργεσίας

2085 3227 2331 3284 beneficii
2383 3227 2811 3297 magnitudinem
2864 3242 2973 3283 non
2998 3228 3265 3296 sentiunt,
3314 3244 3381 3285 eo
3418 3236 3479 3284 ut
3517 3228 3663 3283 indi-

407 3320 638 3386 ἀνάξιοι,
657 3314 726 3391 ἧς
742 3317 802 3371 τὸ
830 3318 1059 3389 μέγεθος
1082 3318 1181 3371 οὐκ
1213 3315 1584 3382 αίσθάνονται,
1615 3316 1713 3388 τὴν
1746 3316 1979 3389 ἀφαίρε-

405 3430 487 3467 σιν
508 3412 947 3484 κατακρίνονται.
980 3413 1125 3484 Πλὴν
1161 3411 1276 3466 ἀλλ’
1308 3410 1495 3483 ἐπειδὴ
1518 3410 1655 3483 πρδς
1694 3411 1791 3483 τὴν
1818 3411 1984 3482 ἀκρό-

405 3526 540 3581 τητα
568 3508 662 3563 τοῦ
696 3508 1089 3577 πολιτεύματος
1111 3507 1221 3560 τῶν
1247 3505 1408 3560 θείων
1430 3506 1656 3560 ἐκείνων
1668 3502 1977 3575 νομοθετῶν

404 3604 433 3657 ὁ
468 3600 658 3673 παρὼν
697 3600 815 3672 βίος
862 3598 1197 3654 ἐντείνεσθαι
1253 3596 1610 3667 ἀτονώτερος,
1650 3594 1707 3646 ἐν
1771 3587 1850 3655 οἷς
1885 3592 1984 3645 οὐκ

409 3692 790 3765 ἀσύγγνωστον
806 3693 851 3725 ⁸⁸
869 3692 927 3745 τὸ
947 3692 1269 3761 ἁμάρτημα,
1300 3686 1475 3761 οἶμαι,
1498 3687 1599 3742 οὐκ
1619 3687 1772 3742 ἐσται
1803 3685 1980 3748 αὐτοῖς

410 3786 724 3859 ἀπαρέσκον
779 3784 1006 3858 μετρίαν
1075 3782 1197 3837 τινὰ
1228 3780 1413 3838 δοῦναι
1462 3780 1797 3851 συγγνώμην
1873 3780 1985 3842 τοῖς

412 3881 831 3953 σφαλλομένοις.

472 3977 569 4031 Διὰ
618 3974 779 4030 τοῦτο
807 3976 962 4047 ἡμεῖς
1009 3973 1109 4027 οὐκ
1147 3968 1693 4042 ἁντινομοθετοῦντες
1730 3968 1982 4036 (ἄπαγε),

410 4069 547 4123 ἀλλὰ
583 4068 782 4141 μᾶλλον
824 4068 903 4139 τῷ
952 4065 1084 4137 ίερῷ
1116 4063 1449 4134 θεσπίσματι
1485 4060 1865 4131 συνεπόμενοι,
1894 4061 1987 4113 καὶ

413 4163 556 4218 ῶστε
606 4161 741 4235 μηδὲ
775 4160 1049 4233 πρόφασιν
1084 4157 1380 4225 ἀπολογίας
1414 4153 1826 4225 περιλείπεσθαι
1874 4155 1987 4219 τοῖς

415 4253 690 4311 ὑπἀὐτοῦ
720 4250 1258 4321 καταδικαζομένοις,
1292 4248 1568 4321 ὁρίζομεν,
1597 4246 1725 4311 τοὺς
1752 4245 1849 4317 τὴν
1890 4247 1967 4299 oi-

414 4350 568 4404 κείαν
587 4348 744 4415 τάξιν
765 4348 1042 4420 ἀρχιερεῖς
1066 4344 1099 4413 ἦ
1136 4344 1299 4413 ἱερεῖς
1324 4342 1356 4413 ἢ
1384 4341 1524 4404 ὅλως
1573 4340 1693 4393 τινα
1725 4338 1987 4409 κληρικὸν

412 4441 499 4495 διὰ
546 4437 877 4509 συνηγορίας
938 4432 1199 4505 ἥὲγγύης
1240 4431 1414 4503 ἡτῶν
1464 4430 1723 4485 τοιούτων
1768 4430 1987 4500 τρόπων

414 4531 740 4594 ἁθετοῦντας
772 4526 1127 4598 ἀφορίζεσθαι
1154 4525 1247 4578 καὶ
1267 4521 1546 4593 σχολάζειν
1586 4522 1678 4576 ἐπί
1714 4539 1834 4574 τινα
1862 4522 1987 4593 χρό-

416 4643 504 4679 νον
534 4623 629 4677 τοῦ
658 4624 725 4676 τὰ
745 4621 863 4675 θεῖα
880 4620 1119 4687 ἐνεργεῖν
1140 4632 1155 4649 ο
1180 4617 1273 4671 καὶ
1302 4613 1478 4678 οὕτως
1502 4614 1659 4680 ἀξίαν
1686 4614 1779 4667 τοῦ
1808 4616 1991 4686 ἁμαρ-

417 4720 663 4789 τήματος
689 4712 1115 4783 ἐπιδεδειγμένοι
1149 4710 1442 4789 μετάνοιαν
1472 4708 1553 4771 είς
1572 4709 1668 4780 τὴν
1697 4708 1804 4763 τῶν
1832 4708 1991 4763 θείων

424 4812 798 4884 μεταχείρισιν
826 4806 1253 4875 εἱσαγέσθωσαν,
1301 4801 1552 4863 ἀκοίνους
1573 4800 1617 4832 ⁸⁷
1648 4802 1875 4866 ἑαυτοὺς
1926 4804 1989 4855 ἐκ

418 4906 514 4972 τῆς
540 4904 799 4975 βιωτικῆς
831 4898 1188 4971 συγχρήσεως
1219 4893 1355 4964 πρὸς
1387 4893 1455 4946 τὰ
1499 4892 1690 4947 ἔπειτα
1714 4894 1862 4966 πάσῃ
1891 4894 1987 4947 δυο

424 5000 577 5069 νάμει
608 4997 889 5067 συντηρεῖν
907 4990 1467 5064 καθομολογήσαντες.
1492 4987 1550 5039 Et
1582 4987 1637 5039 δὲ
1688 4986 1849 5040 πάλιν
1873 4990 1987 5052 τοῖς

2087 3322 2199 3394 gni,
2230 3320 2483 3392 privandi
2536 3319 2879 3391 indicantur.
2928 3318 3318 3378 Verumtamen
3350 3321 3479 3393 quia
3512 3335 3660 3376 nunc

2086 3414 2346 3485 temporis
2410 3414 2697 3469 hominum
2726 3428 2920 3485 genus,
2955 3428 3118 3485 quam
3155 3413 3305 3471 utad
3344 3414 3664 3472 constitutze

2085 3522 2116 3562 α
2140 3506 2337 3563 divinis
2364 3506 2485 3563 istis
2510 3504 2917 3577 legislatoribus
2940 3505 3153 3562 vivendi
3189 3505 3420 3562 rationis
3451 3508 3658 3577 apicem

2084 3602 2378 3674 pertingat,
2439 3600 2766 3656 imbecillius
2827 3606 2912 3654 est
2948 3618 2959 3653 :
2992 3615 3101 3655 non
3158 3600 3292 3669 ipsis
3343 3598 3420 3672 (ni
3474 3599 3661 3668 fallor)

2085 3690 2396 3763 displiceat,
2430 3690 2475 3744 si
2511 3698 2781 3760 quatenus
2819 3689 2871 3743 id
2899 3689 3159 3744 delictum
3230 3691 3457 3746 omnino
3505 3691 3664 3746 venia

2085 3784 2371 3857 indignum
2400 3798 2512 3839 non
2538 3793 2644 3852 est,
2673 3782 2941 3838 modicam
2994 3782 3289 3855 quamdam
3319 3782 3425 3856 ipsi
3451 3784 3665 3841 veniam

2088 3878 2421 3950 impertiam.

2157 3968 2315 4025 Certe
2339 3968 2565 4035 idcirco,
2600 3985 2709 4025 non
2743 3968 2884 4039 quod
2915 3968 3250 4024 contrarium
3285 3966 3453 4049 (quod
3485 3967 3655 4041 absit)

2088 4067 2354 4125 statuere,
2391 4061 2485 4117 sed
2543 4061 2727 4131 potius
2762 4062 2909 4132 quod
2960 4076 3170 4116 sacram
3202 4060 3545 4117 sanctionem
3578 4076 3665 4117 se-

2087 4155 2203 4225 qui,
2240 4140 2531 4224 nullasque
2572 4154 2685 4211 illis
2714 4155 2807 4226 qui
2832 4154 2901 4208 ab
2930 4154 3021 4209 illa
3075 4153 3533 4221 condemnamur,
3568 4169 3666 4210 ex-

2101 4252 2444 4307 cusationum
2486 4245 3223 4318 tergiversationesrelinqui
3258 4248 3524 4303 velimus:
3563 4248 3659 4303 dc-

2099 4342 2393 4404 cernimus,
2421 4350 2479 4394 ut
2500 4339 2543 4394 si
2571 4346 2664 4393 aut
2686 4339 2927 4408 primarii
2950 4338 3303 4395 iuierioresve
3326 4339 3659 4407 sacerdotes,

2102 4443 2195 4488 aut
2234 4434 2461 4489 omnino
2495 4433 2725 4489 clericus
2763 4432 3171 4504 quispiam,vel
3208 4432 3514 4503 pmstando
3548 4434 3664 4503 (59.)

2106 4525 2158 4579 in
2184 4524 2373 4580 litibus
2400 4525 2724 4595 patrocinio,
2753 4524 2841 4581 vel
2871 4525 3209 4595 spondendo,
3243 4524 3327 4580 vel
3358 4526 3468 4581 alio
3495 4524 3662 4581 simili

2108 4614 2268 4671 modo
2299 4616 2365 4671 de
2396 4616 2479 4673 sui
2508 4616 2720 4672 ordinis
2770 4618 3034 4689 dignitate
3085 4616 3398 4682 detrahant,
3441 4632 3665 4674 excom-

2108 4707 2475 4774 municentur,
2524 4718 2581 4763 et
2623 4708 2689 4762 ad
2726 4707 2947 4778 aliquod
2996 4717 3211 4778 tempus
3242 4706 3667 4763 a-celebrandis

2108 4800 2279 4855 sacris
2311 4800 2725 4869 supersedeant.
2756 4801 2934 4869 Atque
2969 4801 3060 4855 ubi
3090 4800 3162 4855 ita
3195 4815 3294 4869 pro
3326 4798 3528 4854 delicto
3574 4797 3664 4852 di-

2093 4908 2255 4966 gnam
2306 4892 2683 4963 pcenitentiam
2750 4893 2983 4961 egerint,
3009 4891 3283 4962 promisso
3313 4889 3481 4955 facto,
3511 4906 3571 4947 se
3600 4890 3672 4947 ab

2092 4987 2457 5043 humanorum
2519 4987 2859 5057 negotiorum
2922 4985 3254 5041 commercio
3305 4999 3403 5055 pro
3457 4982 3670 5041 viribus

1754 5101 1988 5159 VARUS
2034 5100 2438 5159 LECTIONES.

488 5211 533 5249 ³⁵
571 5206 687 5272 Ecl,
717 5204 813 5277 τῆς
834 5204 1090 5275 γυναικὸς
1127 5200 1437 5274 ὑπάρξεων.
1504 5207 1550 5238 ⁸³
1580 5197 1673 5255 Sic
1701 5214 1846 5253 corr.
1875 5198 2211 5268 Stephanus,
2258 5197 2419 5255 codd.
2455 5198 2753 5267 ἄγνωστον.

2855 5195 2902 5230 ⁸⁷
2952 5194 3113 5251 Forte
3137 5193 3412 5257 ἁποίνους.

1919 5291 2152 5349 NOTAE.

493 5393 1213 5478 (simulter-30.39?"
1253 5391 1375 5478 ερας
1430 5460 1489 5478 ..,
1544 5458 1654 5478 η,
1710 5456 1781 5478 η,

497 5456 607 5541 ζεῖ)
628 5468 763 5541 Nov.
788 5538 806 5541 _
825 5464 972 5541 tusi.
1016 5456 1244 5541 ius“.
1273 5460 1512 5541 διε-ιτ,
1543 5458 1678 5515 Cod.
1710 5456 1785 5541 pg
1814 5459 1985 5530 epise.

423 5529 558 5600 (Jan.
581 5529 635 5607 ὃ,
661 5540 750 5604 l9,
780 5538 869 5601 80,
898 5544 1099 5608 apost.,
1132 5535 1287 5608 Phot.
1316 5533 1348 5587 8
1378 5529 1797 5608 Numquam};

496 5601 977 5692 (su'zvmoriic
1040 5608 1161 5692 ξας·
1220 5604 1359 5692 Νοι·
1411 5601 1891 5692 ἐκπνευμιεξιξτ
1925 5602 1987 5692 ἓν

428 5670 674 5754 prohibet
698 5670 1013 5753 episcopum
1050 5678 1083 5750 ἢ
1109 5677 1388 5748 διοικητὴν
1414 5676 1447 5748 ἢ
1479 5671 1700 5728 ἐντολέα
1738 5672 1893 5744 δίκης
1916 5670 1993 5730 εἴ-

429 5775 611 5895 Nl2.29)
638 5824 770 5895 (Ian.
804 5824 869 5880 l9
907 5820 1185 5895 apost.,d.
1228 5835 1277 5895 c.
1302 5818 1365 5895 κϐ.

502 5828 588 5895 (29
638 5826 770 5879 Can.
804 5826 869 5880 l9
907 5826 1185 5892 apost.,d.
1228 5835 1277 5877 c.
1313 5826 1365 5874 6.

502 5826 611 5969 (5οζ
647 5894 846 5952 Eodem
901 5896 1060 5951 modo
1115 5891 1459 5948 Justiniauus
1512 5888 1645 5946 Nov.
1682 5889 1800 5958 l25,
1845 5904 1893 5945 ς.
1923 5888 1988 5957 6;

2097 5397 2243 5463 vetat
2293 5402 2609 5463 episc0pnm
2660 5398 2713 5444 et
2756 5387 3013 5463 c_lericu_m
3082 5380 3587 5463 μισθωτην·.τελῶν

2094 5450 2391 5531 ᾁλλοτρίων
2451 5450 2693 5531 κτήσεων
2743 5454 2899 5531 εἶναι.
2944 5450 3181 5531 Can.'_5,
3208 5450 3335 5509 can.
3392 5452 3449 5531 ξ.
3480 5450 3675 5531 synodi

2094 5521 2557 5613 Chalcedonensis
2608 5549 2622 5585 :
2678 5545 2729 5587 c.
2795 5530 2862 5585 l6
2936 5527 3129 5600 synod.
3167 5521 3331 5595 'sept.
3386 5521 3675 5592 Carthagi-

2099 5616 2308 5656 uenats.

2176 5673 2289 5742 (3t)
2327 5670 2684 5727 Stecularibus
2730 5686 2925 5727 canon.
2983 5671 3018 5727 6
3067 5674 3271 5740 apost,
3306 5664 3531 5737 publicis
3572 5663 3669 5719 ad-

2104 5743 2605 5809 ministrationibus,
2641 5759 2841 5813 canon.
2874 5743 2944 5798 80
2980 5751 3157 5813 apoAst.

2174 5814 2417 5941 (321)3Atd
2476 5804 2826 5887 συνήιέορίας,
2879 5804 3033 5870 adde'
3070 5810 3343 5873 Photium,
3392 5810 3426 5863 8
3464 5804 3669 5864 Nomo-

2174 5903 2222 5939 tt.
2324 5927 2337 5940 .

2104 5901 2222 5941 Cilll.
2254 5901 2337 5941 ιο.
