4078 6300
501 369 604 438 631

1732 363 2012 426 LEONIS
2052 360 2518 424 PHILOSOPHI

3659 354 3784 418 632

503 498 721 552 nempe,
757 490 850 536 aut
881 495 1166 552 pecorum,
1216 485 1312 532 aut
1349 476 1536 541 etiam,
1575 473 1622 531 si
1653 476 1777 546 quis
1837 477 1910 530 ita
1945 477 2076 530 velit

2192 472 2404 525 ἐκεῖθεν
2439 469 2715 540 ὠφέλειαν
2766 469 3014 542 χορηγοτ,
3062 467 3131 521 δι’
3181 465 3296 520 ἴσου
3340 468 3454 530 τοῖς
3493 470 3787 532 κοινωνοῖς

505 575 846 630 terrestrium
868 571 1141 640 locorum)
1178 583 1520 639 unaquaeque
1553 583 1641 622 res
1674 584 1794 637 qua:
1821 567 1873 621 in
1925 584 2078 620 com-

503 663 1024 727 munitonemeoiit,
1044 677 1140 732 per
1165 675 1225 716 se
1257 658 1506 721 domino,
1533 667 1800 729 quantum
1836 657 2080 728 ejusna-

503 765 624 811 tura
666 753 790 821 fert,
830 755 980 810 utilis
1037 767 1160 809 esse
1218 750 1436 818 possit:
1495 749 1549 803 in
1618 748 1914 802 maritimis
1951 763 2080 800 vero

503 846 732 920 praediis
753 845 804 898 id
827 841 1083 898 similiter
1111 856 1171 896 se
1198 855 1307 894 non
1339 838 1556 893 habeat.
1579 836 1713 891 Nam
1752 852 1860 891 non
1886 853 2081 905 quem-

503 937 802 992 admodum
851 934 964 998 illa,
999 934 1078 989 sic
1113 947 1331 1003 quoque
1382 929 1646 983 maritimi
1700 927 1844 998 juris
1876 929 2077 997 portio,

501 1047 556 1086 In
587 1045 648 1086 se
679 1029 1063 1096 considerata,
1124 1026 1401 1096 peculiare
1454 1023 1671 1075 lucrum
1725 1021 1912 1075 habet.
1959 1017 2079 1072 Non

501 1123 644 1179 enim
669 1123 847 1194 praeda
882 1120 996 1191 (64)
1030 1121 1228 1176 ibidem
1263 1130 1479 1187 semper
1513 1113 1617 1168 loci
1647 1113 1928 1177 consistit,
1959 1121 2080 1164 tan-

503 1233 668 1288 quam
705 1224 994 1270 venatores
1025 1222 1376 1284 exspectans.
1416 1209 1639 1278 Alioqui
1703 1220 1856 1271 vero,
1913 1208 2078 1260 etiam

501 1308 647 1380 quod
675 1307 850 1379 major
880 1306 1085 1379 portio,
1116 1313 1340 1377 prapter
1369 1303 1599 1358 minoris
1631 1300 1910 1357 defectum
1955 1300 2080 1353 inu-

502 1403 620 1459 tilis
644 1403 738 1458 sit.
771 1402 908 1469 Quis
942 1403 1091 1457 enim
1124 1417 1190 1456 ex
1221 1416 1280 1455 re
1313 1397 1635 1470 imperfecta
1660 1412 1796 1451 usus
1841 1403 1938 1448 aut
1966 1394 2080 1447 uti-

501 1492 672 1549 litas?
702 1491 920 1547 Additio
951 1499 1131 1546 autem
1164 1490 1395 1544 minoris
1437 1503 1562 1543 cum
1606 1487 2078 1558 imperfectionem

500 1585 740 1654 expleat,
781 1585 1039 1655 quodque
1068 1597 1166 1653 per
1192 1597 1251 1637 se
1280 1581 1346 1636 ad
1389 1581 1526 1636 nihil
1583 1579 1877 1645 conducat,
1933 1579 2069 1634 utile

502 1677 714 1743 reddat,
745 1677 944 1732 rationi
975 1685 1406 1732 consentaneum
1439 1675 1511 1729 sit
1559 1672 1673 1747 (65)
1703 1681 1764 1728 ut
1826 1672 2080 1728 utilitatis

501 1768 802 1841 ex’majore
829 1770 1100 1843 portione,
1131 1785 1251 1840 qua:
1276 1768 1416 1824 citra
1445 1767 1819 1823 accessionem
1849 1767 2080 1821 minoris

2193 564 2418 633 εὔλογον
2445 561 2774 633 νενεμῆσθαι
2797 561 2894 632 τὴν
2917 560 3205 632 πρόσοδον,
3239 559 3354 612 ἀλλ’
3389 559 3511 630 οὐχὶ
3535 560 3792 630 πλείστῳ

2191 658 2347 731 μέρει
2376 657 2477 727 τὴν
2499 655 2759 727 διανομὴν
2786 656 2882 709 καὶ
2913 653 3180 724 ἐλαχίστῳ
3207 651 3537 724 προσῆχθαι.
3563 651 3663 706 Διά
3687 652 3748 705 τί
3769 668 3787 720 ;

2191 748 2308 800 Ὀτι
2339 748 2395 800 ἐν
2430 745 2527 816 μὲν
2544 747 2656 809 τοῖς
2684 745 2867 808 ἄλλοις
2889 745 3181 816 πράγμασι
3207 743 3374 815 (φημὶ
3395 743 3447 796 δὲ
3470 745 3530 797 ἐν
3565 761 3781 797 συνεισ-

2189 845 2333 914 φορᾷ
2361 841 2667 912 χρημάτων
2710 840 2742 912 ἢ
2778 839 3174 911 βοσκημάτων,
3213 841 3262 894 εί
3319 837 3564 908 βούλοιτο
3591 839 3651 892 δέ
3697 855 3788 903 τις

2192 934 2289 989 καὶ
2318 935 2499 989 τόπων
2527 935 2667 988 κατὰ
2705 935 2804 1007 τὴν
2827 934 2930 1002 γῆν
2965 934 3238 1000 ὑπόντων)
3287 933 3522 988 ἕκαστον
3551 933 3665 987 τῶν
3699 933 3789 997 εἰς

2187 1028 2381 1082 ἕνωσιν
2413 1027 2595 1099 μερῶν
2627 1028 2916 1082 συνιέντων
2940 1028 2984 1059 ⁸³
3012 1026 3196 1081 ἱκανὸν
3237 1027 3363 1081 καθ’
3395 1027 3557 1080 ἑαυτὸ
3603 1042 3781 1098 προσ-

2188 1120 2464 1190 ωφελῆσαι
2520 1120 2614 1172 τὸν
2661 1121 3003 1189 κεκτημένον
3032 1119 3229 1174 ὁπόσον
3258 1121 3353 1174 καὶ
3384 1120 3608 1174 δυνατὸν
3635 1119 3782 1189 ὠφε-

2189 1213 2424 1278 λεῖσθαι,
2467 1217 2525 1267 ἐν
2575 1214 2632 1268 δέ
2663 1217 2784 1278 ταῖς
2817 1214 3138 1278 θαλαττίαις
3185 1217 3383 1287 νομαῖς
3428 1215 3528 1286 οὐχ
3575 1214 3789 1284 ὁμοίως

2187 1308 2321 1378 ἔχει,
2359 1309 2483 1363 ἐπεὶ
2511 1309 2633 1379 μηδ’
2670 1308 2862 1379 ὥσπερ
2895 1309 2983 1362 ἐπ’
3013 1308 3264 1373 ἐκείνων,
3291 1307 3466 1372 οὕτως
3502 1309 3536 1378 ἡ
3578 1306 3790 1360 ϐαλατ·

2186 1399 2280 1452 τία
2311 1400 2472 1469 μερὶς
2517 1400 2605 1469 ἐφ’
2654 1399 2823 1472 ἑαυτῇ
2867 1399 3332 1472 ἐπιμεριζόμενον
3387 1398 3448 1453 τὸ
3503 1399 3635 1452 ἴδιον
3665 1396 3792 1468 ἔχει

2188 1489 2400 1562 κέρδος.
2434 1490 2509 1544 Οὐ
2553 1492 2662 1564 γὰρ
2695 1492 2782 1546 διὰ
2833 1493 3041 1558 παντὸς
3080 1493 3315 1564 ἔστηκεν
3352 1495 3411 1547 ἐν
3439 1494 3553 1556 τοῖς
3595 1492 3790 1553 αὐτοῖς

2186 1584 2220 1653 ή
2249 1583 2395 1653 ἄγρα
2418 1585 2807 1655 προσμένουσα
2827 1587 2955 1650 τοὺς
2977 1584 3275 1657 Θηρευτὰς,
3307 1585 3481 1648 ἄλλως
3508 1601 3570 1637 τε
3605 1584 3660 1638 δὲ
3689 1585 3790 1637 καὶ

2188 1676 2284 1730 τοῦ
2320 1677 2609 1741 δοκοῦντος
2645 1677 2893 1743 πλείονος
2926 1679 3129 1751 μέρους
3174 1679 3264 1733 διὰ
3297 1679 3396 1751 τὴν
3419 1679 3712 1742 ἐλάττονος
3743 1679 3790 1709 ¹⁶

2189 1767 2396 1822 ἔνδειαν
2432 1771 2705 1841 ἀχρήστου
2753 1770 3137 1841 τυγχάνοντος,
3167 1770 3270 1844 (τίς
3307 1769 3418 1842 γὰρ
3458 1770 3518 1837 ἐξ
3553 1766 3789 1830 ἀτελοῦς

502 1860 642 1914 nihil
679 1862 1036 1916 emolumenti
1097 1860 1311 1925 afferat,
1373 1859 1745 1931 provenientis
1803 1859 2068 1929 aequalem

2192 1863 2371 1935 (ρῆσις
2398 1863 2632 1937 ἢδνησις
2653 1865 2693 1933 ;)
2745 1867 2780 1940 ἠ
2806 1865 2862 1920 δέ
2884 1867 3172 1939 προσθήκη
3206 1865 3299 1920 τοῦ
3328 1867 3634 1929 ἐλάττονος,
3658 1864 3790 1918 ἀνα-

502 1961 709 2022 partem
735 1953 960 2009 domino
995 1952 1328 2023 suppeditet.

2182 1955 2467 2029 πλήρωσις
2491 1959 2756 2030 γινομένη
2778 1961 2879 2030 τῆς
2914 1960 3188 2024 ἀτελείας,
3226 1960 3319 2015 καὶ
3350 1960 3630 2031 χρήσιμον
3662 1956 3782 2010 δεί-

503 2047 642 2113 ξασα
683 2048 742 2100 τὸ
771 2048 846 2119 μὴ
902 2047 1026 2101 καθ’
1079 2047 1241 2101 ἑαυτὸ
1283 2043 1639 2118 χρησιμεΰον,
1669 2043 1892 2114 εὔλογον
1939 2044 1981 2077 ¹²¹
2010 2045 2077 2100 ἂν
2119 2049 2207 2120 εἴη
2242 2051 2343 2122 τὴν
2377 2053 2684 2127 ἰσομοιρίαν
2711 2052 2791 2124 τῷ
2839 2053 3065 2125 κτήτορι
3109 2055 3369 2126 χορηγεῖν
3423 2053 3525 2121 τῆς
3561 2051 3788 2120 ἐπιλατ,

503 2139 771 2210 χανούσης
808 2139 1070 2211 χορηγίας
1094 2139 1158 2193 ἐκ
1188 2138 1282 2193 τοῦ
1317 2137 1564 2207 μείζονος
1594 2137 1694 2209 μὲν
1719 2135 2078 2208 νομιζομένου
2118 2141 2346 2211 μέρους,
2371 2144 2524 2198 οὐδὲν
2556 2144 2616 2199 δὲ
2645 2142 3026 2209 συντελοῦντος
3103 2145 3273 2216 χωρὶς
3341 2145 3437 2216 τῆς
3486 2159 3794 2214 συνεισφορ

504 2236 604 2303 ρᾶς
646 2233 740 2286 τοῦ
766 2232 1071 2296 ἐλάττονος.

575 2328 868 2398 Pmpterea
902 2328 1069 2400 igitur
1090 2329 1262 2400 legem
1310 2328 1473 2383 etiam
1504 2342 1624 2397 quae
1648 2326 1908 2399 deinceps
1931 2327 2084 2398 juste

505 2424 607 2479 hoc
628 2425 914 2493 gubernet,
949 2422 1295 2492 imperatoria
1348 2431 1535 2477 nostra
1570 2422 1826 2492 majestas
1859 2422 2086 2492 profert.

504 2517 814 2572 Statuimus
844 2531 996 2580 vero,
1040 2523 1100 2570 ut
1135 2516 1181 2570 si
1222 2515 1460 2571 duarum
1521 2516 1924 2569 maritimarum
1964 2530 2092 2586 por-

504 2609 737 2674 tionum,
769 2623 1002 2678 quarum
1033 2608 1204 2662 altera
1251 2608 1449 2678 major,
1498 2607 1668 2664 altera
1719 2623 1850 2664 vero
1910 2609 2091 2664 minor

503 2704 597 2765 sit,
640 2701 706 2755 ad
742 2700 1164 2756 constituendas
1203 2715 1451 2758 remoras
1486 2700 1816 2771 piscatorias
1841 2701 1896 2755 in
1929 2716 2085 2758 com-

504 2794 818 2850 munionem
855 2793 1178 2864 coujunctio
1231 2793 1326 2848 fiat
1364 2796 1654 2864 utriusque
1686 2793 2085 2864 portionis.do~

505 2888 636 2942 mini
659 2902 726 2942 ex
750 2901 910 2958 aequo
933 2888 1080 2942 inter
1119 2902 1181 2942 se
1205 2885 1421 2941 lucrum
1453 2887 1726 2943 dividant.

964 2976 1440 3035 CONSTITUTIO
1485 2977 1622 3035 CIV.

505 3071 584 3130 De
616 3074 922 3145 piscatorii:
973 3072 1087 3154 (66)
1144 3070 1366 3154 rectoris
1411 3070 1550 3124 inter
1586 3084 1729 3154 quas
1789 3069 2084 3137 legitimum

963 3150 1315 3199 intentatum
1368 3157 1472 3194 non
1518 3150 1619 3195 est.

580 3235 725 3293 Idem
758 3237 1063 3308 imperator
1099 3234 1277 3290 eidem
1318 3231 1587 3305 Styliano.

575 3327 1034 3400 Quandoquidem
1069 3341 1215 3395 saepe
1258 3325 1540 3389 usuvenit,
1574 3332 1632 3379 ut
1679 3338 1805 3378 cum
1843 3324 2086 3394 legitimo

505 3420 798 3477 intervallo
819 3420 1017 3475 vicina:
1053 3418 1200 3473 inter
1233 3431 1292 3473 se
1326 3431 1555 3470 remorze
1617 3416 1929 3485 piscatoria:
1982 3432 2091 3469 non

507 3515 733 3580 distent,
766 3515 1150 3568 contentiones
1184 3521 1348 3581 atque
1379 3510 1502 3564 lites
1521 3509 1971 3564 exsusciteutur:
2026 3511 2095 3563 de

507 3610 578 3665 iis
625 3610 793 3664 etiam
845 3605 1241 3663 controversiis
1272 3604 1594 3666 statuimus,
1624 3611 1682 3656 ut
1727 3617 1853 3656 reus
1879 3602 1972 3656 ubi
2014 3601 2095 3656 le-

507 3701 696 3773 gitime
746 3699 1040 3755 convictus
1099 3697 1288 3765 fuerit,
1341 3695 1387 3751 si
1426 3695 1532 3750 loci
1555 3693 1796 3764 spatium
1827 3694 2093 3764 patiatur,

506 3809 575 3849 eo
599 3807 844 3848 remoras
875 3789 1196 3858 transferat,
1224 3789 1319 3846 ubi
1354 3795 1617 3858 tanquam
1657 3787 1789 3857 legis
1839 3786 2096 3856 pr:£SCri-

510 3893 663 3955 ptum
693 3882 987 3954 despiciat,
1043 3882 1200 3939 litem
1231 3882 1520 3938 subiturus
1579 3895 1688 3934 non
1721 3888 1835 3935 est:
1882 3879 1927 3932 si
1964 3893 2096 3933 vero

509 3992 620 4048 quo
643 3977 945 4032 transferat
979 3976 1134 4033 locus
1164 3989 1276 4031 non
1313 3974 1410 4042 sit,
1438 3987 1710 4029 annorum
1755 3971 2095 4028 curriculum

508 4070 854 4136 observetur,
884 4079 1018 4142 quot
1039 4071 1097 4126 in
1122 4069 1368 4141 litigioso
1427 4068 1550 4123 loco
1598 4081 1944 4122 remoratum
2004 4080 2099 4121 se-

510 4176 666 4234 ptum
699 4165 866 4219 fixum
910 4162 1022 4235 (67)
1054 4162 1253 4231 fuerit;
1285 4171 1340 4218 et
1359 4161 1406 4216 si
1432 4171 1619 4216 actore
1655 4169 1948 4231 praesente,
1973 4161 2097 4216 nul-

509 4258 732 4327 iamque
763 4256 1219 4326 protestationem
1266 4254 1649 4325 iuterponente
1679 4251 1869 4307 decem
1921 4267 2096 4306 annos

509 4349 842 4416 constiterit,
884 4348 1174 4404 immotum
1227 4346 1420 4403 eodem
1466 4344 1524 4400 in
1578 4344 1700 4400 loco
1733 4352 2092 4414 permaneat:

509 4451 568 4499 at
590 4443 638 4499 si
669 4453 822 4498 actor
856 4457 1084 4513 peregre
1114 4442 1208 4506 sit,
1248 4447 1309 4495 ut
1369 4447 1589 4510 septum
1622 4451 1733 4492 non
1782 4449 2090 4497 moveatur,

510 4536 839 4593 decennium
879 4552 991 4590 non
1016 4534 1272 4601 sufﬁciat,
1312 4533 1410 4590 sed
1442 4534 1677 4589 alterum
1733 4533 2093 4586 annumerari

2264 2325 2363 2382 Διᾶι
2397 2327 2441 2360 ¹⁶
2473 2328 2632 2382 τοῦτο
2664 2326 2758 2381 οὖν
2784 2328 2877 2382 καὶ
2902 2328 3121 2401 νόμονὴ
3147 2326 3394 2400 βασιλεία
3427 2326 3588 2400 ἡμῶν
3618 2325 3791 2397 ἐκφε-

2196 2439 2280 2490 ρει
2312 2421 2404 2474 τὸν
2430 2421 2540 2474 ἀπό
2565 2437 2628 2490 γε
2662 2422 2756 2474 τοῦ
2779 2420 2877 2475 νῦν
2900 2421 3120 2494 νομίμῳ
3149 2422 3469 2497 δικαιοσύνῃ
3494 2424 3628 2493 περὶ
3653 2422 3788 2476 τού-

2189 2533 2286 2568 του
2316 2513 2716 2579 διευθετοῦντα,
2745 2515 2839 2569 καὶ
2863 2515 3144 2588 ὁρίζομεν,
3165 2515 3262 2569 ἐὰν
3287 2515 3380 2569 δύο
3401 2513 3565 2568 τινῶν
3587 2515 3786 2589 θαλατο

2186 2607 2321 2662 τίων
2377 2607 2612 2678 μερίδων
2662 2608 2859 2672 ἓνωσις
2907 2609 3135 2680 γένηται
3192 2610 3331 2681 πρὸς
3395 2607 3703 2664 ὑπόστασιν
3743 2609 3785 2644 ⁸⁷

2197 2703 2423 2774 ἐποχῆς,
2455 2701 2553 2774 μία
2585 2702 2631 2755 δ’
2658 2697 2897 2776 αύτῶνῇ
2955 2702 3178 2774 μείζων,
3209 2705 3375 2777 ἐτέρα
3407 2703 3466 2759 δὲ
3513 2703 3783 2766 ἐλάττων,

2189 2796 2282 2870 ῐσῃ
2310 2796 2540 2867 διανομῇ
2565 2796 2627 2849 τὸ
2667 2796 2858 2867 κέρδος
2901 2796 3120 2867 ἐπέχειν
3149 2796 3278 2858 τοὺς
3330 2798 3548 2868 μερίδος
3589 2797 3785 2852 ἐκατέ-

2189 2907 2291 2958 ρας
2334 2889 2719 2953 δεσπόζοντας.

2725 2979 3035 3033 ΔΙᾹΤΑΞΙΣ
3070 2978 3162 3033 ΡΔ¹
3191 2979 3255 3034 ¹⁸.

2187 3077 2327 3148 Περὶ
2354 3073 2599 3147 ἐποχῶν
2625 3075 2709 3145 μὴ
2748 3073 3026 3142 ἐχουσῶν
3060 3075 3126 3126 τὸ
3167 3073 3235 3127 ἐκ
3272 3072 3378 3129 τοῦ
3423 3075 3614 3143 νόμου
3652 3073 3780 3130 διὰ-

2862 3161 3102 3214 μετρον.

2274 3241 2331 3293 '0
2360 3239 2522 3304 αὐτὸς
2548 3238 2795 3309 βασιλεὺς
2826 3235 3101 3307 Στυλιανῴ
3137 3233 3211 3307 τῷ
3240 3234 3414 3305 αὐτῷ.

2279 3331 2499 3402 Ἐπειδὴ
2537 3332 2595 3382 ἐν
2628 3332 2744 3392 ταῖς
2773 3329 3011 3397 γείτοσιν
3048 3329 3273 3399 ἐποχαϊς
3311 3326 3606 3394 συμϐαίνει
3646 3325 3782 3380 πολ-

2194 3425 2351 3487 λάκις
2387 3423 2461 3487 ὡς
2486 3423 2583 3492 τῆς
2606 3424 2648 3454 ¹⁰
2691 3424 2755 3476 ἐκ
2783 3421 2890 3474 τῶν
2928 3421 3186 3488 γειτόνων
3218 3420 3576 3484 ἀποστάσεως
3616 3421 3695 3491 μὴ
3723 3419 3781 3472 ea

2193 3519 2582 3588 νενομισμένον
2611 3514 2892 3582 σωζούσης
2924 3514 3415 3585 μέτρον’κινεῖσ6αι
3449 3514 3781 3583 φιλονεικίας

2195 3613 2291 3667 καὶ
2321 3611 2522 3682 ἐριδας,
2552 3609 2810 3682 ὁρίζομεν
2845 3610 2940 3663 καὶ
2974 3607 3105 3679 περὶ
3142 3607 3250 3661 τῶν
3274 3607 3539 3661 τοιούτων
3584 3606 3782 3662 ὑποθέ-

2197 3723 2360 3770 σεων,
2409 3703 2551 3758 ὥστε
2591 3704 2651 3756 τὸ
2685 3702 3017 3772 διωκόμενον
3060 3701 3226 3772 μέρος
3273 3700 3498 3754 ἐπειδὰν
3535 3699 3780 3772 νομίμως

2195 3799 2508 3868 ἁλίσκηται,
2542 3796 2826 3866 παρούσης
2857 3795 2957 3866 μέν
2988 3793 3251 3866 εὐπορίας
3284 3793 3475 3861 τόπου,
3510 3790 3780 3846 ποιεῖσθαι

2195 3891 2299 3962 τῆς
2335 3891 2538 3960 ἐποχῆς
2579 3887 2964 3958 ἀναμφιϐόλως
2994 3887 3093 3957 τὴν
3140 3885 3506 3957 μετάστασιν,
3549 3883 3680 3939 ἔνθα
3712 3883 3781 3957 μὴ

2202 3984 2386 4059 μέλλοι
2415 3982 2640 4054 γραφὴν
2679 3981 2975 4052 ὑπομένειν
3011 3981 3089 4046 ὡς
3114 3979 3375 4051 παρορῶν
3405 3980 3466 4033 τὸ
3494 3977 3589 4032 τοῦ
3620 3979 3782 4050 νόμου

2197 4079 2497 4148 διόρισμαο
2534 4075 2610 4148 μὴ
2641 4074 2924 4146 παρούσης
2963 4073 3021 4128 δὲ
3055 4073 3241 4145 χώρας
3281 4072 3368 4142 ἐφ’
3397 4072 3466 4143 ἢν
3511 4071 3779 4143 μεταστή-

2200 4185 2374 4231 σεται,
2401 4167 2511 4221 τῶν
2543 4164 2752 4238 χρόνων
2782 4163 3166 4234 ἐπιτηρεῖσθαι
3203 4161 3302 4232 τὴν
3338 4160 3595 4232 πάροδον,
3641 4160 3783 4222 ὅσοις

2201 4261 2294 4316 ἐπὶ
2321 4259 2417 4329 tot}
2456 4260 2624 4312 τόπου
2662 4255 2760 4310 τοῦ
2799 4255 2892 4309 ὑπ’
2923 4253 3178 4326 ἔγκλημα
3215 4253 3511 4315 πίπτοντος
3551 4251 3784 4323 ἔσχηκεν

2197 4357 2234 4426 η
2268 4353 2441 4424 ἐποχὴ
2461 4351 2562 4422 τὴν
2593 4349 2758 4419 πῆξιν
2785 4361 2802 4378 ⁶
2837 4347 2944 4403 κᾶν
2976 4345 3076 4418 μὲν
3105 4344 3502 4417 ἐπιδημοῦντος
3533 4342 3631 4398 τοῦ
3659 4339 3781 4398 διώ·

2202 4462 2390 4509 κοντος
2421 4442 2517 4498 καὶ
2543 4440 2709 4512 μηδὲν
2737 4436 3290 4510 ἐπιμαρτυρουμένου
3327 4434 3502 4489 ἐτεσιν
3533 4435 3627 4488 ἐπὶ
3655 4435 3783 4488 δέκα

2200 4539 2300 4611 τὴν
2325 4537 2517 4590 στάσιν
2547 4534 2834 4603 ἐκέκτητο,
2861 4530 3139 4601 διαμένειν
3165 4529 3336 4599 αὐτὴν
3366 4527 3460 4581 ἐπὶ
3482 4527 3584 4597 τῆς
3615 4525 3783 4596 αὐτῆς

508 4636 780 4700 oporteat,
815 4636 874 4682 ιιι
902 4628 1032 4682 anni
1089 4643 1284 4683 omnes
1342 4625 1537 4698 viginti
1585 4625 1719 4681 sint.
1779 4622 1956 4695 Atque
1990 4624 2086 4679 hoc

2202 4627 2608 4701 ἀμετακίνητον
2657 4623 2869 4695 χώρας,
2908 4622 2958 4674 εί
2989 4620 3034 4674 δ’
3075 4619 3359 4689 ἀπόδημον
3391 4612 3424 4692 ᾗ
3472 4615 3534 4668 τὸ
3560 4617 3660 4687 τὴν
3692 4617 3782 4682 ἐγ-

507 4722 729 4794 quidem
766 4723 1151 4795 praescriptum
1191 4722 1247 4778 in
1282 4720 1532 4793 profanis
1591 4719 1864 4774 obtineat.
1892 4720 2090 4772 Eccle-

2191 4725 2392 4793 κλησιν
2451 4717 2892 4789 ὕποὸαλλόμενον
2961 4713 3278 4783 πρόσωπον,
3343 4711 3440 4764 οὐκ
3502 4707 3782 4779 ἐξαρκέσει

511 4815 608 4872 sia:
638 4830 769 4870 vero
796 4826 852 4872 et
901 4815 1239 4872 monasteria
1289 4821 1345 4870 et
1368 4813 1415 4868 si
1440 4828 1547 4884 qua
1603 4812 1709 4867 alia
1744 4812 2086 4868 'venerabilis

2192 4815 2327 4888 πρὸς
2357 4812 2420 4867 τὸ
2450 4811 2856 4882 ἀμετακίνητον
2887 4808 2915 4862 ὁ
2949 4805 3211 4876 δεκαετὴς
3242 4803 3453 4876 χρόνος,
3499 4801 3638 4857 ἀλλὰ
3662 4800 3778 4888 δεή-

509 4907 730 4974 domus,
774 4921 888 4965 tnm
939 4909 1177 4979 denique
1202 4923 1543 4979 quacunque
1587 4906 1655 4961 ad
1708 4907 1900 4962 fiscum
1953 4907 2086 4961 refc-

2193 4924 2278 4962 σει
2307 4903 2404 4960 καὶ
2427 4902 2682 4957 τοσοῦτον
2704 4901 2892 4970 ἕτερον
2920 4894 3251 4967 προσεξαριθ
3263 4891 3502 4962 μεῖσθαι,
3533 4889 3611 4951 ὠς
3643 4883 3781 4940 εἶναι

512 5011 731 5070 runtur,
749 5019 872 5059 cum
904 5003 1040 5075 ipsis
1072 5002 1142 5058 ad
1177 5017 1385 5058 annum
1433 5001 1914 5073 quadragesimum
1968 4999 2086 5070 jura

2192 4998 2323 5061 τοὺς
2371 4995 2697 5066 σύμπαντας
2735 4976 2910 5045 εἰκοσι
2951 4976 3198 5058 χρόνους.
3245 4984 3384 5039 Ἀλλ’
3417 4976 3572 5045 οὗτος
3617 4979 3714 5051 μὲν
3755 4976 3782 5026 ὁ

511 5072 940 5165 conserventur,
965 5095 1175 5152 dictum
1242 5072 1462 5167 tempus
1495 5072 1824 5164 despiciant.
1874 5094 1952 5147 Ac
2008 5091 2086 5147 sic

2192 5088 2471 5163 διορισμὸς
2514 5087 2610 5142 ἐπὶ
2643 5083 2955 5156 προσώπων
2999 5080 3408 5136 ἰδιωτευόντων.
3460 5072 3774 5145 Ἐκκλησίαι

1801 5205 2037 5263 VARIA'I
2078 5202 2485 5263 LECTIONES.

576 5310 622 5344 "
640 5307 1001 5381 Conj.Steph.
1036 5307 1271 5379 Scrimg.
1301 5305 1517 5381 ἑκάστῳ
1538 5334 1606 5344 -
1624 5304 1921 5381 σμνιέντος.
1956 5302 2002 5381 _"
2043 5301 2278 5381 Scrimg_.
2300 5300 2586 5381 ἐλάττονα.
2612 5295 2930 5381 Emettdgvit
2961 5293 3156 5376 Steph.
3261 5281 3776 5381 "figi??-

515 5380 735 5470 ξῦλογος
756 5355 1016 5437 Jscribere
1051 5355 1292 5442 maluii’t,
1325 5388 1384 5432 ut
1406 5355 1788 5444 σάτπροσθήκη
1834 5355 2275 5443 ιιὲτιίιιεέιίίψῗί
2297 5355 2411 5428 lnc.
2444 5369 2668 5439 Eeloga.
2742 5368 2782 5399 "
2813 5366 2929 5422 Ecl.
2959 5355 3251 5444 adoream.
3317 5362 3361 5392 "
3387 5355 3775 5443 ΕιὲΙηΝον.

539 5456 560 5470 .
594 5452 629 5470 η
680 5454 740 5470 μ.
823 5459 862 5470 Α.
904 5451 1096 5470 ..-μμ
1154 5448 1225 5470 Α.-
1265 5450 1325 5470 ι--
1362 5448 1458 5470 -z-
1504 5445 1753 5470 m-......n:
1786 5446 1993 5470 0.4--..
2039 5444 2254 5470 ωηιξη-..
2290 5442 2422 5470 ...ιιι
2449 5443 2523 5470 Α-
2554 5441 2656 5470 -.τη
2703 5438 2793 5470 ..1ςῖ
2851 5437 2958 5470 Atax
2990 5435 3093 5470 ρῖιρ
3146 5446 3347 5470 nmina
3383 5429 3647 5470 nartmnln
3687 5442 3775 5470 ωε-

539 5429 1756 5519 'mZ-ui'c'h:et'ﬁeermxicnixnsijq.Nonnulli
1778 5429 1996 5517 'Ecloga‘.
2037 5444 2258 5501 codices
2290 5442 2422 5500 :alii
2448 5443 2523 5507 ὡς
2554 5429 2676 5511 τῆς,
2701 5438 2796 5494 alii
2849 5437 2959 5492 ἀπὸ
2990 5435 3093 5507 τῆς
3144 5435 3350 5490 omissa
3383 5429 3648 5501 particula
3687 5429 3775 5488 ὡς.

2053 5557 2283 5619 NOTJE.

2279 5655 2395 5728 (67>
2425 5656 2705 5728 ἐσχηκεν
2728 5652 2762 5722 ὴ
2792 5647 2968 5728 avexi
3004 5644 3118 5728 ,τὴν
3358 5636 3773 5728 missilis!

2213 5709 2643 5855 solelbarziteﬁim
2673 5722 2730 5780 in
2749 5709 3089 5791 'mari'palos
3125 5709 3401 5785 contigere
3420 5709 3487 5765 ad
3520 5710 3652 5767 retia
3688 5720 3773 5765 cr

2215 5805 2308 5855 ten
2349 5812 2420 5855 en
2464 5811 2522 5852 ει.

735 5669 944 5745 ςᾼγρα,
983 5664 1039 5720 id
1076 5671 1157 5745 est
1187 5668 1442 5745 captura.

594 5729 707 5811 (65)
735 5729 862 5811 Non
889 5729 983 5807 pro
1011 5738 1224 5811 ratione
1243 5729 1589 5811 praediorum

743 5810 816 5867 De
861 5800 1108 5883 epocbis,
1151 5800 1290 5861 adde
1315 5804 1450 5858 Nov.
1499 5802 1587 5867 57,
1620 5800 1743 5864 ibi,
1777 5800 1899 5866 185,
1932 5812 2098 5869 supra

528 5897 595 5937 co
638 5917 654 5936 .
