4086 6326
575 350 688 421 639

1851 356 2128 418 LEONIS
2162 356 2627 420 PHILOSOPHI

3826 346 3947 413 6&0

575 481 682 534 est.
712 467 778 523 ad
810 466 1151 523 consimilem
1181 465 1349 521 etiam
1376 465 1595 522 modum
1624 465 1728 522 hoc
1770 466 2152 529 innnovantes1

2268 467 2405 537 πρὸς
2432 468 2591 539 δίκην
2624 465 2797 521 τύπον
2825 464 3071 539 ἐκφέρει,
3116 436 3452 539 θεσπίζομεν
3481 470 3553 536 δ’,
3598 466 3730 521 τὸν
3767 464 3945 533 ἅπαξ

577 561 878 624 sancimus,
903 560 1074 630 utqui
1102 560 1270 616 semel
1300 558 1549 631 judiciali
1576 559 1840 616 citatione
1867 560 1919 615 in
1939 560 2029 632 jus
2050 560 2159 633 (95)

577 658 824 716 vocatus,
858 663 1033 719 neque
1081 649 1197 720 ipse
1254 660 1429 719 paret,
1486 665 1665 721 neque
1716 650 1883 705 alium
1934 652 2027 723 qui
2062 668 2162 723 pro

580 746 699 814 ipso
757 743 812 798 in
870 743 1083 813 judicio
1113 760 1173 798 se
1200 743 1413 806 oll‘erat,
1474 744 1666 808 mittit,
1719 744 1920 798 iterum
1964 744 2161 813 judicii

574 836 988 892 denuntiatione
1016 835 1356 906 impetatur:
1393 836 1481 891 cui
1521 836 1567 890 si
1606 836 1866 891 similiter
1921 852 2031 892 non
2063 838 2165 893 ob-

573 933 859 998 temperet,
879 940 1058 998 neque
1098 928 1260 983 tertia
1284 926 1702 983 denuntiatione
1755 929 2011 1000 indignus
2034 946 2165 986 cen-

571 1026 762 1075 seatur
792 1035 808 1072 :
845 1026 900 1072 et
929 1018 972 1073 si
1007 1016 1252 1088 quidem,
1278 1032 1403 1072 cum
1430 1025 1538 1072 tam
1589 1018 2163 1088 patientcrjudicialis

568 1112 858 1168 clementia
886 1112 1065 1181 ipsum
1085 1119 1385 1181 exspectet,
1415 1110 1531 1182 ipse
1558 1112 1919 1168 nihilominus
1946 1112 2161 1167 tertiam

569 1205 889 1260 citationem
950 1214 1315 1259 contemnens
1367 1210 1516 1272 (cum
1582 1204 1730 1259 nulla
1779 1203 1933 1276 justa
1992 1220 2160 1259 causa

568 1296 1022 1369 comparitionem
1051 1295 1172 1364 ejus
1198 1295 1480 1367 impediat)
1532 1311 1710 1367 neque
1746 1314 1840 1368 per
1870 1313 1953 1361 se,
1985 1313 2163 1367 neque

568 1404 668 1461 per
695 1389 865 1444 alium
891 1390 1103 1457 judicio
1126 1390 1288 1446 sistat
1312 1408 1326 1445 :
1359 1398 1493 1445 tunc
1515 1392 1742 1445 omnino
1768 1391 1931 1446 etiam
1964 1391 2162 1446 absens

567 1482 988 1544 condemnetur.
1022 1490 1077 1538 et
1104 1497 1452 1553 nequaquam
1472 1483 1754 1553 deinceps,
1782 1483 1864 1537 vel
1892 1483 2160 1552 quastio-

569 1591 693 1632 nem
721 1592 960 1645 movere,
987 1579 1069 1633 vel
1097 1576 1611 1633 condemnationem
1634 1576 2026 1649 subterfugere
2042 1577 2160 1649 ipsi

567 1669 946 1741 permittatur.

2263 559 2369 613 ὑπὸ
2403 558 2724 630 δικαστικῆς
2761 559 3153 629 προσκλήσεως
3187 561 3280 613 ἐπὶ
3336 562 3438 631 τὴν
3483 561 3722 633 κρίσιν
3782 560 3940 628 κλη-

2264 652 2447 718 θέντα,
2471 652 2565 704 καὶ
2584 652 2708 723 μήτ’
2725 651 2886 707 αὐτὸν
2907 651 3290 705 ὑπακούσαντα
3317 651 3444 724 μήθ’
3462 653 3693 725 ἕτερον
3728 652 3937 721 πρόσ-

2264 758 2412 795 ωπον
2460 743 2574 795 ἀντ’
2606 741 2771 794 αὐτοῦ
2802 742 2847 773 ’δ’
2881 740 3018 811 πρὸς
3037 744 3137 811 τήν
3189 743 3371 813 κρίσιν
3404 744 3774 814 ἀπαντῆσαι
3839 743 3933 796 δι-

2264 831 2684 894 αποστείλαντα,
2719 831 2882 886 πάλιν
2925 832 3186 904 δευτέρας
3237 832 3520 899 ἀξιοῦσθαι
3542 834 3931 904 δηλώσεως,

2269 924 2653 996 ἀπειθήσαντα
2676 925 2735 979 δὲ
2769 925 2865 978 καὶ⁵
2907 925 2951 957 ⁸⁸
2972 927 3166 1000 ταύτῃ,
3201 928 3336 999 μηδὲ
3375 928 3476 998 τῆς
3508 930 3751 1001 τρίτης
3776 930 3930 983 ἀνά-

2267 1016 2377 1085 ξιον
2411 1020 2718 1092 κρίνεσθαι,
2772 1022 2868 1075 καὶ
2921 1021 3090 1093 μέχρι
3116 1021 3374 1076 τοσούτου
3402 1022 3503 1094 τῆς
3528 1023 3925 1095 δικαστικῆς

2264 1113 2574 1176 ἐπιεικείας
2632 1112 2798 1167 αὐτὸν
2832 1112 3216 1185 ὑπομενούσης
3276 1113 3435 1187 είπερ
3491 1114 3922 1186 καταφρονῶν

2262 1201 2403 1274 ὀφθῇ
2438 1204 2487 1241 ⁸⁸
2517 1203 2611 1255 καὶ
2642 1201 2736 1255 τοῦ
2772 1202 2958 1274 τρίτου
2997 1202 3317 1274 μηνύματος
3341 1205 3407 1270 ⁸⁸,
3450 1206 3547 1259 καὶ
3579 1205 3920 1277 μηδεμιᾶς

2265 1294 2490 1363 εὐλόγου
2520 1296 2851 1367 προφάσεως
2883 1296 2983 1368 τὴν
3013 1295 3319 1367 ἀπάντησιν
3366 1296 3721 1369 κωλυούσης
3770 1296 3913 1351 οὔτε

2264 1388 2333 1442 δι’
2358 1387 2555 1443 ἑαυτοῦ
2587 1388 2715 1442 οὔτε
2762 1387 2831 1442 δι’
2862 1389 3051 1459 ἑτέρου
3100 1389 3394 1461 προσώπου
3437 1390 3521 1460 τῷ
3548 1388 3912 1466 δικαστικῷ

2264 1482 2468 1554 βήματι
2494 1484 2777 1554 παραστῇ,
2807 1482 2930 1537 τότε
2993 1480 3058 1552 δὴ
3087 1482 3209 1535 τότε
3238 1482 3331 1534 καὶ
3373 1480 3448 1552 μὴ
3483 1483 3751 1553 παρόντι
3798 1482 3907 1554 τὴν

2263 1572 2742 1637 καταδικάζουσαν
2765 1572 2950 1642 ψῆφον
2995 1572 3148 1643 αὑτῷ
3177 1572 3223 1604 ⁸⁵
3258 1571 3574 1643 λαγχάνειν,
3616 1574 3747 1628 καὶ
3794 1592 3907 1645 μηο

2264 1665 2383 1719 κέτι
2415 1666 2535 1741 tam
2568 1660 2709 1720 εἶναι
2742 1665 2866 1719 καθ’
2913 1659 3028 1719 οἷον
3055 1664 3119 1736 δή
3155 1682 3275 1718 τινα
3317 1665 3518 1737 τρόπον
3568 1666 3733 1739 μήτ’
3779 1668 3900 1738 ἀμ-

2265 1759 2550 1828 φισϐητεῖν
2583 1758 2721 1827 μήτε
2754 1756 2854 1827 τὴν
2883 1757 3210 1827 κατάκρισιν
3252 1756 3614 1813 ἀποδύεσθαι.

636 1856 815 1924 Atque
846 1855 949 1910 hoc
994 1855 1048 1911 in
1084 1862 1383 1926 utrumque
1432 1854 1717 1926 ligatorem
1776 1853 2150 1918 decernimus,

2276 1819 2288 1826 -
2328 1819 2544 1917 Ταύτην
2578 1819 2752 1919 δὲτὴν
2773 1819 2953 1918 ψῆφον
2981 1819 3237 1918 ὀρέξομεν
3260 1847 3347 1917 ἐφ’
3370 1848 3649 1920 ἐκατέρου
3689 1867 3891 1922 προσο

564 1949 682 2004 sive
720 1949 847 2018 quis
884 1948 938 2002 in
965 1948 1054 2017 jus
1081 1958 1311 2004 vocatus
1377 1963 1696 2019 comparere
1727 1948 1965 2018 negligat
1994 1964 2008 2000 :
2037 1948 2154 2002 sive

560 2041 686 2110 quis
706 2043 921 2097 actione
977 2040 1255 2105 instituta,
1311 2039 1743 2110 adversarioque
1785 2038 1841 2093 in
1877 2038 2145 2107 judicium

562 2132 857 2203 producto,
905 2133 1105 2189 deinde
1151 2134 1259 2204 ipsi
1314 2133 1599 2188 molestias
1643 2132 2147 2202 protelationesque

560 2226 675 2284 litis
699 2228 1025 2284 machinans
1049 2228 1118 2283 ab
1163 2227 1371 2282 intenta
1403 2226 1622 2281 actione
1672 2225 1799 2279 dolo
1829 2224 1973 2279 malo
2003 2222 2155 2278 desi-

561 2328 693 2375 stat.
730 2319 942 2376 Etenim
996 2321 1087 2376 bic
1133 2335 1374 2389 quoque,
1425 2317 1515 2373 ubi
1553 2327 1634 2372 ter
1666 2331 1696 2369 a
1717 2315 1907 2385 judice
1936 2316 2152 2370 citatus

560 2426 672 2467 non
699 2413 1040 2484 apparuerit,
1068 2412 1272 2467 absens
1305 2409 1787 2473 condcmnabitur,
1850 2410 1919 2465 iis
1962 2418 2145 2464 tamen

564 2505 1049 2574 (quemadmodum
1100 2503 1237 2571 dixi)
1271 2504 1313 2558 si
1363 2506 1509 2557 nulla
1575 2517 1765 2567 causa,
1819 2516 1940 2572 qme
1973 2501 2149 2567 illum,

560 2598 655 2666 qui
689 2613 750 2653 se
779 2599 834 2653 in
870 2597 1079 2665 judicio
1110 2613 1216 2652 non
1243 2597 1466 2661 obtulit,
1501 2594 1876 2649 verisimiliter
1923 2603 2140 2666 purget,

566 2694 635 2749 ad
660 2692 869 2765 justam
900 2693 1316 2748 excusationem
1346 2691 1542 2747 subsit.

1043 2973 1507 3031 CONSTlTUTlO
1526 2972 1661 3031 CIX.

561 3072 647 3130 Ne
671 3073 816 3128 intra
854 3070 967 3141 (94)
987 3071 1263 3137 septimum
1289 3067 1399 3141 (95)
1423 3069 1615 3122 (etatis’
1641 3084 1837 3121 annum
1875 3067 2149 3141 sponsalia

632 3138 900 3208 ineantur,
930 3138 1091 3210 neque
1118 3151 1241 3194 ante
1271 3138 1532 3192 decimum
1584 3142 1830 3207 quintum
1882 3139 2144 3202 maribus,

631 3226 725 3270 aut
752 3215 1014 3269 dcc-intum
1047 3213 1261 3267 tertium
1290 3210 1499 3280 [entim’s
1527 3210 1928 3265 matrimonium
1964 3226 2144 3264 conse-

633 3300 833 3342 eretur.

633 3378 769 3435 Cum
792 3391 954 3433 suum
989 3374 1191 3446 cuique
1224 3372 1302 3429 rei
1339 3381 1553 3443 tempus
1580 3387 1708 3428 esse
1755 3371 1977 3444 sapiens
2033 3372 2146 3445 (96)

2255 1941 2432 2012 ὡπου,
2482 1944 2593 1997 εῐτε
2638 1960 2723 2005 τις
2789 1940 3153 2011 προσκληθεὶς
3180 1941 3224 1982 ⁸⁷
3281 1941 3751 2015 κατολιγωρήσει
3784 1942 3895 2013 τῆς

2257 2038 2642 2109 ἀπαντήσεως,
2677 2036 2787 2091 εἴτε
2820 2053 2906 2100 τις
2948 2035 3211 2107 ἔγχλησιν
3244 2038 3458 2108 ποιήσει
3494 2037 3591 2093 καὶ
3633 2038 3737 2112 τῷ
3780 2038 3894 2112 βή-

2259 2146 2392 2201 ματι
2449 2131 2801 2202 παραστήσει
2862 2129 2926 2182 τὸ
2971 2128 3413 2200 διαμφισϐητοῦν
3474 2130 3677 2204 μέρος,
3752 2129 3892 2187 εἷτα

2257 2224 2399 2294 μετά
2441 2223 2542 2294 τὴν
2576 2223 2849 2294 προϐολὴν
2886 2220 2985 2275 τοῦ
3041 2222 3388 2295 ἐγκλήματος
3438 2224 3885 2299 κακομηχάνως

2252 2315 2491 2385 ἀποστῇ,
2530 2315 2909 2387 ταλαιπωρίαν
2939 2313 3239 2371 ἒκτούτου
3287 2316 3367 2388 τῷ
3405 2317 3881 2391 ἀντικρινομένῳ

2254 2411 2523 2481 περινοῶν
2557 2410 2650 2463 καὶ
2680 2410 2948 2484 ἀναϐολὴν
2991 2412 3083 2469 τοῦ
3107 2412 3343 2485 πέρατος
3366 2411 3460 2466 τοῦ
3500 2412 3873 2484 ζητήματος.

2254 2503 2368 2556 Καὶ
2391 2497 2548 2567 οὗτος
2589 2503 2699 2575 γὰρ
2735 2505 2893 2575 παρά
2914 2505 3010 2560 τοῦ
3054 2507 3310 2562 δικαστοῦ
3361 2507 3875 2576 προσκαλούμενος

2253 2595 2382 2667 ἄχρι
2411 2594 2595 2665 τρίτου
2627 2598 2718 2650 καὶ
2752 2597 2829 2669 μὴ
2869 2600 3187 2670 πειθαρχῶν
3234 2598 3732 2669 κατακεκρίσεται
3769 2600 3870 2654 καὶ

2255 2686 2332 2758 μὴ
2361 2687 2574 2759 παρὼν,
2614 2690 2890 2761 μηδεμιᾶς
2914 2691 3100 2762 ἄλλης,
3136 2691 3324 2760 ὥσπερ
3362 2685 3538 2757 εἶπον,
3578 2691 3871 2763 ἀφορμῆς

2253 2779 2336 2837 είς
2364 2778 2585 2833 δικαίαν
2639 2781 2887 2850 ὑπούσης
2922 2781 3276 2853 παραίτησιν,
3307 2780 3342 2852 ἢ
3378 2781 3677 2850 δυνήσεται
3712 2781 3864 2855 ὑπὲρ

2252 2870 2347 2924 τοῦ
2385 2872 2461 2943 μὴ
2502 2872 2918 2945 ἀπαντήσαντος
2964 2877 3033 2927 τὰ
3079 2874 3267 2927 είκότα
3312 2873 3862 2945 διαπολογήσασθαι.

2743 2965 3054 3022 ΔΙΑΤᾹΞΙΣ
3080 2966 3180 3021 ΡΘ⁹
3198 2965 3338 3021 δ’δ’.

2252 3060 2389 3127 Περὶ
2448 3061 2554 3116 τοῦ
2601 3062 2687 3132 μὴ
2737 3064 3011 3132 γίνεσθαι
3041 3059 3382 3132 μνηστείαν
3424 3059 3683 3132 ἔνδοθεν
3730 3057 3863 3115 τῶν

2320 3132 2471 3186 ἑπτὰ
2495 3129 2816 3195 ἐτῶιο,ἐϊτε
2845 3129 3183 3201 ὶερολοῂιίιιν
3207 3130 3457 3186 ἔνδοθεν
3482 3129 3587 3201 τοῦ
3614 3147 3855 3186 τεσσα-

2313 3200 2920 3282 ρεσκαιδεκαετοῦςδο
2967 3200 3230 3282 χρόνον,
3280 3201 3380 3254 καί
3422 3200 3531 3256 τοῦ
3569 3218 3856 3270 τρισκαι-

2318 3270 2572 3328 δεκάτου
2606 3275 2705 3327 ἐπί
2734 3270 3057 3345 γυναικῶν.

2318 3367 2424 3420 Τοῦ
2454 3368 2618 3437 σοφοῦ
2642 3366 3033 3440 παραινοῦντος
3059 3407 3075 3434 ,
3095 3363 3310 3437 Καιρὸς
3340 3363 3421 3434 τῷ
3446 3367 3629 3422 παντὶ
3650 3366 3849 3437 πράγ-

559 3472 765 3533 tradat,
797 3469 964 3539 idque
999 3466 1314 3523 communis
1340 3467 1613 3529 omnium,
1645 3464 1736 3534 qui
1758 3464 1920 3518 modo
1948 3465 2150 3519 mentis

2259 3477 2411 3526 llat'l,
2464 3460 2560 3513 καὶ
2606 3458 2708 3530 τῆς
2758 3460 2946 3531 κοινῆς
2990 3458 3145 3528 πα.ρά
3176 3459 3343 3512 πᾶσιν
3376 3459 3489 3513 ὅσοι
3522 3459 3724 3531 φρενὸς
3751 3461 3848 3513 εύ-

560 3573 846 3636 compotcs
877 3571 1031 3625 sunt,
1087 3561 1360 3616 sententia
1416 3568 1533 3614 tum
1587 3559 1973 3629 amplectatur,
2030 3568 2146 3613 tum

558 3656 754 3730 probet
809 3672 826 3713 :
884 3655 939 3710 in
1011 3654 1161 3710 omni
1237 3653 1453 3708 actione
1526 3658 1742 3722 tempus
1814 3650 2148 3717 observare,

560 3751 723 3820 longe
753 3746 1185 3818 pulcherrimum
1216 3741 1404 3799 fuerit.
1441 3740 1599 3809 Quod
1623 3743 1671 3796 si
1698 3742 1936 3798 fortasse
1987 3742 2143 3804 alibi,

560 3840 616 3895 in
649 3837 1041 3895 contrahendis
1078 3844 1228 3891 certe
1254 3835 1645 3904 ,matrimoniis
1677 3835 1877 3906 negligi
1902 3850 2009 3889 non
2058 3834 2148 3888 dc-

560 3935 673 3988 bet.
729 3933 955 4003 Oportet
1013 3929 1289 3995 enim,ut
1339 3942 1448 3999 quo
1497 3942 1563 3983 ea
1616 3942 1703 3982 res
1756 3928 1814 3981 in
1866 3924 2157 3981 communi

558 4027 672 4082 vita
702 4024 882 4097 magis
921 4022 1241 4079 necessaria
1285 4028 1390 4086 est,
1432 4034 1498 4076 eo
1534 4020 1863 4093 prudentius
1900 4020 2149 4076 cautius-

562 4133 673 4191 que
713 4117 785 4173 ad
814 4116 963 4171 illam
991 4112 1349 4185 procedatur.

627 4208 802 4279 Quam
815 4223 949 4266 sane
961 4222 1064 4263 nos
1077 4206 1147 4261 ob
1159 4220 1327 4261 causa
1336 4220 1384 4258 m
1399 4204 1700 4261 secundum
1717 4213 1927 4261 veteres
1945 4201 2145 4277 (97-98)

552 4304 651 4376 qui
686 4311 838 4358 recte
860 4301 964 4355 hac
995 4299 1064 4355 de
1092 4314 1151 4353 re
1174 4297 1292 4367 lege
1340 4297 1447 4350 lata
1480 4305 1791 4352 statuerunt
1815 4324 1834 4361 ι,
1860 4294 2146 4353 sancimus

557 4411 629 4452 ne
705 4406 817 4465 quo
892 4389 1055 4446 modo
1110 4399 1239 4445 ante
1320 4388 1613 4459 septimum
1686 4389 1866 4445 aetatis
1940 4403 2143 4443 annum

557 4486 839 4561 sponsalia
860 4485 1288 4551 constituantur,
1310 4498 1487 4553 neque
1514 4483 1921 4538 matrimonium
1944 4480 2140 4557 (99-1),

2245 3549 2503 3621 τυχοῦσιν
2536 3550 2859 3624 ὑπολήψεως
2886 3551 3047 3605 τοῦτο
3086 3553 3181 3606 καὶ
3208 3550 3459 3623 τιμώσης
3487 3551 3585 3606 καὶ
3612 3569 3849 3623 συνομο-

2245 3644 2509 3715 λογούσης
2528 3685 2544 3709 ,
2589 3646 2769 3710 καλῶς
2808 3645 2923 3717 ἔχει
2964 3644 3202 3717 μάλιστα
3234 3646 3334 3717 μὲν
3362 3648 3421 3700 ὲν
3452 3648 3601 3718 πασῃ
3632 3648 3837 3718 πράξει

2246 3741 2434 3809 τηρεῖν
2460 3739 2552 3793 τὸν
2576 3739 2788 3811 καιρὸν,
2820 3740 2869 3793 εί
2891 3739 2937 3792 δ’
2957 3735 3052 3794 οῦν
3080 3739 3197 3794 ἀλλ’
3221 3739 3281 3794 ἐν
3306 3756 3367 3809 γε
3394 3743 3460 3811 τῇ
3485 3742 3628 3794 κατά
3650 3744 3833 3811 γάμον

2248 3834 2618 3906 συναρμοστίᾳ
2658 3832 2848 3887 τοῦτον
2893 3834 2969 3905 μὴ
3010 3834 3293 3906 παρορᾷνο
3343 3834 3427 3887 δεῖ
3454 3834 3583 3904 γὰρ,
3616 3836 3745 3890 ὅσον
3774 3837 3837 3890 ὲν

2246 3924 2357 3987 τοίς
2384 3923 2524 3977 κατὰ
2550 3924 2640 3976 τὸν
2665 3923 2776 3994 βίον
2804 3925 3126 3996 πράγμασιν
3149 3926 3551 3994 ἀναγκαιοτέρα
3575 3928 3608 3998 ή
3628 3927 3835 3998 ὲπιχείυ

2247 4031 2424 4088 ρησις,
2454 4014 2705 4070 τοσοῦτον
2736 4016 2876 4088 μετὰ
2897 4015 3121 4090 γνώμης
3142 4018 3559 4089 ἀσφαλεστέρας
3584 4022 3681 4075 ἐπὶ
3713 4020 3841 4076 ταύ-

2246 4125 2347 4179 την
2376 4111 2600 4179 χωρεῖν.

2318 4200 2521 4255 Τούτου
2542 4201 2606 4272 δὴ
2627 4202 2813 4256 ἕνεκεν
2839 4202 2982 4257 κατὰ
2996 4202 3123 4267 τοὺς
3140 4202 3311 4258 πάλαι
3328 4203 3512 4269 καλῶς
3528 4204 3841 4270 συνειδότας

2249 4295 2379 4366 περὶ
2406 4293 2597 4348 τούτου
2632 4295 2726 4349 καὶ
2753 4296 2918 4365 νόμον
2947 4296 3208 4366 θεμένους
3237 4297 3452 4367 ὴμεῖς⁸¹
3484 4297 3834 4367 θεσπίζομεν.

2251 4385 2520 4457 μηδαμῶς
2561 4386 2914 4440 συνίστασθαι
2954 4390 3247 4459 μνηστείαν
3289 4389 3382 4441 ἐπὶ
3425 4391 3639 4461 χρόνοις
3681 4390 3835 4444 nec.

2246 4495 2364 4532 τοσι
2390 4478 2498 4531 τῶν
2521 4479 2683 4545 ὲπτά,
2713 4480 2846 4549 μήτε
2889 4480 2999 4550 μὴν
3041 4480 3458 4550 ίεροτελεστίαις
3488 4481 3834 4549 βεϐαιοῦσθαι

555 4596 757 4652 sponsa
831 4578 1159 4643 duodecim,
1228 4592 1436 4649 sponso
1527 4592 1659 4631 vero
1733 4575 2148 4645 quattuordecim

2259 4571 2354 4642 τὴν
2394 4571 2689 4640 μνηστείαν
2734 4570 2830 4625 τοῦ
2869 4572 3319 4643 τρισκαιδεκάτου
3358 4572 3511 4638 ἔτους
3549 4575 3835 4648 ἐνδεούσης

560 4674 725 4732 annis
772 4675 1011 4739 minore,
1052 4670 1227 4728 sacris
1261 4670 1594 4726 ceremoniis
1622 4669 1998 4725 conﬁrmetur.
2037 4667 2137 4722 At-

553 4785 663 4842 que
694 4769 800 4825 boc
844 4767 1095 4840 quidem,
1139 4773 1407 4839 quantum
1440 4766 1507 4820 ad
1547 4778 1896 4819 communem
1950 4762 2133 4834 publi-

2245 4666 2343 4736 τῆς
2370 4662 2589 4735 νύμφης
2612 4702 2627 4726 ,
2666 4663 2763 4717 τοῦ
2785 4664 2843 4717 δὲ
2872 4666 3108 4736 νυμφίου
3135 4665 3228 4719 τὸν
3247 4668 3834 4737 τεσσαρεσκαιδέκατον

2254 4758 2329 4829 μὴ
2376 4756 2799 4830 διαμετροῦντος
2826 4772 2841 4791 ⁸
2914 4758 3053 4812 ἀλλὰ
3100 4758 3260 4813 τοῦτο
3310 4760 3411 4830 μὲν
3459 4761 3834 4834 ἀπηγόρευται

1875 4919 2117 4979 VARle
2157 4919 2568 4978 LECTIONES.

611 5041 657 5077 ⁸⁸
684 5040 801 5098 Ecl.
830 5039 1042 5111 incipit.
1082 5108 1101 5111 A
1146 5038 1192 5111 δέ
1226 5037 1340 5093 Ecl.
1367 5037 1584 5111 ἑαυτοῦ.

552 5111 767 5184 Ecloga:
780 5107 1045 5184 codices:
1067 5108 1317 5184 Codices.
1346 5109 1568 5184 _ll_ec_tf.
1627 5107 1801 5184 Vulgo
1836 5109 2106 5180 μένοντος.

1685 5036 1733 5070 ⁸³
1755 5037 1829 5093 Ita
1865 5037 1977 5094 Ecl.
2006 5038 2180 5095 Codd.
2212 5039 2398 5094 ἀπειθ.
2440 5037 2498 5091 δὲ
2531 5034 2758 5106 ταύτην.
2838 5034 2882 5067 ⁸⁵
2914 5034 3026 5091 Ecl.
3054 5035 3265 5107 ὀφθείη.

2195 5110 2242 5143 ⁵⁸
2276 5108 2723 5178 ΝοιιηυιίίίΕοιυς
2760 5107 2925 5178 Cudd.
2948 5106 3448 5178 νωρόνταεαὺτόν.
3530 5108 3576 5141 ⁸⁷
3616 5111 3688 5163 Ita
3719 5110 3828 5165 Ecl.

3374 5037 3420 5070 "
3450 5037 3525 5092 Ita
3590 5039 3830 5095 nonnulli

552 5176 979 5264 Fumea-pontium
1004 5180 1122 5264 ᾖξ’
1150 5179 1457 5264 _Est.in‘Ecl.
1489 5177 1628 5237 Nov.
1659 5176 1760 5248 56}
1790 5176 1967 5237 existat
1990 5180 2133 5253 apud
2162 5181 2353 5239 Harm.
2374 5178 2469 5236 lib.
2488 5177 2643 5245 lV,it.
2669 5176 2713 5242 ι,
2740 5176 2989 5250 pag.282.
3035 5176 3110 5210 7“
3139 5177 3216 5233 lla
3239 5194 3303 5234 ex
3334 5178 3448 5233 Ecl.
3480 5179 3569 5235 do.
3598 5179 3824 5253 Scrimg.

554 5250 863 5317 δεκαετοῦς.
937 5251 983 5285 ⁸⁸
1012 5250 1125 5307 Ecl.
1154 5250 1366 5323 incipit.

2067 5388 2302 5449 NOTAE.

651 5507 742 5576 93)
766 5505 891 5561 Vid.
944 5507 1029 5562 tit.
1066 5505 1121 5561 θ’.
1151 5506 1299 5563 Dein
1334 5505 1427 5576 jus
1442 5514 1623 5562 vocat.

653 5576 742 5648 94)
768 5577 833 5632 Et
865 5578 938 5633 ita
956 5576 1236 5633 reducitur
1261 5578 1301 5631 l.
1327 5580 1413 5644 14,
1439 5577 1493 5632 Π.
1526 5577 1601 5632 De
1616 5580 1859 5646 sponsal.
1894 5578 2135 5648 August.

557 5648 717 5705 antea
748 5650 1132 5709 constituerat,
1172 5665 1241 5703 ne
1275 5648 1453 5701 minor
1487 5663 1520 5701 ι
1550 5648 1714 5704 annis
1738 5650 2137 5719 sponsababe-

559 5729 730 5775 retur.
772 5718 895 5774 Viti.
922 5720 1076 5775 Dion.
1104 5719 1302 5773 Zunar.
1360 5718 1557 5773 Exstat
1586 5734 1716 5774 vero
1759 5718 1875 5775 haec
1918 5718 2141 5776 Novella

561 5788 1063 5862 apudllarmenop.
1087 5791 1141 5856 4,
1167 5791 1252 5844 tit.
1298 5790 1345 5855 l,
1384 5789 1413 5862 ᾗ
1444 5789 1534 5843 11.

632 5860 744 5931 (95)
780 5859 1024 5919 Infantia
1047 5861 1137 5918 bis
1169 5863 1331 5919 anuis
1358 5859 1586 5928 desinit,
1618 5860 1673 5917 tl.
1698 5861 1736 5916 l.
1776 5860 1866 5929 14,
1892 5860 1931 5916 l.
1964 5859 2018 5927 1,
2080 5859 2138 5915 ll‘.

2243 5508 2317 5564 De
2347 5494 2631 5563 administ.
2653 5513 2759 5561 tut.
2784 5507 2901 5572 l.3,
2935 5506 3001 5564 (Ξ.
3053 5508 3148 5579 qui
3197 5506 3407 5564 admin.
3461 5508 3500 5561 ι.
3534 5503 3621 5568 18,
3643 5503 3709 5559 C.
3749 5505 3822 5562 De

2238 5579 2363 5651 jure
2388 5579 2487 5651 lib.

2318 5648 2432 5720 (96)
2449 5719 2457 5720 7
2476 5647 2691 5704 Eccles.
2731 5664 2812 5720 ιιι.

2338 5718 2527 5789 9ϐὲ98)
2573 5720 2634 5773 Ι).
2670 5720 2707 5775 Ι.
2742 5718 3117 5788 “,intelligit.

2338 5723 2527 5789 96-98)
2573 5723 2634 5773 ι).
2670 5723 2707 5775 l.
2742 5723 3117 5788 “,intelligit.

2314 5723 2496 5860 (99-1)
2536 5789 2946 5844 Matrimonium
2980 5789 3198 5844 feralium.
3235 5799 3364 5844 ante
3396 5789 3461 5844 l2
3492 5806 3697 5845 annum
3717 5804 3817 5846 non

2243 5860 2603 5930 contrahunt,
2640 5860 2876 5918 masculi
2899 5871 3028 5918 ante
3059 5861 3147 5927 H,
3175 5864 3214 5915 l.
3239 5861 3293 5918 9.
3330 5861 3388 5916 tl.
3417 5862 3490 5917 De
3523 5877 3717 5933 spons.
