4086 6326
399 284 512 354 611
1493 293 1858 355 NOVELLAI
1896 294 1998 354 [ΖΟ]

2098 295 2134 354 Γ
2147 290 2573 354 l'l'UTIONES.
3592 295 3709 362 642.

400 406 548 478 πρὸς
577 403 676 476 τὴν
703 404 888 476 κοινὴν
915 406 1008 459 καὶ
1026 404 1298 476 δημοσίαν
1323 404 1420 459 τοῦ
1445 405 1848 478 πολιτεύματος
1874 407 1998 479 χρῆ·

2108 423 2345 479 cumque
2377 409 2702 479 reipublicae
2733 424 2892 466 usum
2941 412 3159 478 attinet,
3206 413 3284 466 ita
3323 414 3548 468 vetitum
3600 417 3702 471 sit.

401 513 520 552 σιν.
566 498 629 552 Εἰ
660 499 716 550 δὲ
749 497 1004 568 βασιλεὺς
1031 494 1154 570 (οἷα
1182 498 1356 552 πολλὰ
1385 499 1713 569 συμϐαίνει)
1749 501 1998 570 πράττων

2114 499 2314 556 Verum
2362 503 2409 557 si
2451 504 2752 574 imperator
2790 503 2866 575 (ἓ)
2905 502 2990 575 (ut
3034 521 3178 575 saepe
3221 507 3446 578 accidit)
3497 525 3696 566 novatn

397 590 726 661 οἰκονομίαν
754 592 876 645 τινὰ
913 593 1005 645 καὶ
1037 591 1336 662 μνηστείαν
1369 592 1466 645 καὶ
1492 593 1590 664 τὴν
1620 593 1678 660 ἐξ
1702 593 2012 663 ίερολογίας

404 684 748 756 συνάρμοσιν
774 689 888 749 τοῖς
915 685 1374 756 μνηστευομένοις
1403 675 1550 740 ἔνδον
1574 686 1684 739 τῶν
1707 686 2012 758 διορισθένσ

399 794 520 830 των
548 776 686 831 ἐτῶν
717 777 1131 847 ἐπιψηφιεῖται,
1177 777 1338 831 τοῦτο
1371 778 1508 850 πρὸς
1536 778 1628 832 τὸν
1654 779 1820 849 νόμον
1849 778 2006 832 οὐδὲν

402 869 802 922 ἀντικείσεται*
838 859 1014 934 ἔξεστι
1040 869 1151 941 γὰρ
1176 873 1291 934 τοῖς
1320 872 1384 924 ὲκ
1409 869 1545 924 Θεοῦ
1570 869 1670 941 τὴν
1691 870 2009 941 οἰκονομίαν

400 960 522 1014 τῶν
567 960 850 1032 κοσμικῶν
894 961 1399 1032 ἐγκεχειρισμένοις
1444 962 1790 1032 πραγμάτων
1832 962 2004 1033 ὑπέρ-

401 1069 571 1122 τερον
625 1053 664 1126 ἢ
708 1053 851 1108 κατὰ
891 1054 1057 1123 νόμον
1101 1055 1440 1126 οἰκονομεῖν,
1491 1052 1550 1117 ὃς
1582 1053 1706 1123 ἄγει
1740 1054 1867 1118 τοὺς
1899 1055 2004 1112 ὑπ-

403 1145 628 1216 ηκόους.

951 1328 1265 1388 ΔιΑΤΑΞιΣ
1293 1335 1374 1387 Pl'
1390 1331 1454 1388 θ’.

401 1422 552 1490 Περὶ
594 1423 704 1478 τοῦ
743 1422 858 1493 τὴν
886 1424 1143 1494 γυναῖκα
1170 1425 1534 1496 ἀπογραφὴν
1557 1425 1857 1480 ποιεῖσθαι
1890 1423 2002 1496 τῆς

478 1511 547 1548 τε
566 1497 811 1567 Δοἰκείας
852 1498 1098 1563 προικὸς
1117 1565 1124 1567 Α
1145 1495 1242 1549 καὶ
1278 1494 1389 1562 τῆς
1415 1494 1529 1567 πρὸ
1558 1497 1750 1567 γάμου
1775 1494 2001 1564 δωρεᾶς

480 1565 581 1639 καὶ
627 1564 738 1639 τῆς
771 1565 1249 1639 ἀλληςνάπάσης
1279 1565 1549 1639 ᾀνδρῴας
1566 1564 1996 1639 ὑποστάσεως,

478 1635 730 1689 ἐπειδὰν
771 1639 882 1691 τὸν
919 1637 1113 1707 τάμον
1149 1637 1411 1706 λυθῆναι
1449 1639 1744 1706 συμϐαίη,
1790 1638 1885 1691 καὶ
1922 1636 2002 1705 τῇ

480 1707 792 1789 upon-eset
822 1707 1313 1789 ttic-éajtorgagoiq
1340 1707 1713 1789 ᾇπιζητεῖν-εἷ
1737 1725 1872 1763 τινα
1895 1708 1996 1761 .λέ-

480 1727 792 1775 προενεξει
822 1727 932 1789 της
960 1727 1313 1832 array-pagus;
1340 1727 1633 1776 επιιητειν
1658 1727 1711 1763 ει
1737 1727 1872 1763 τινα
1895 1727 1996 1761 ,λε-

480 1796 575 1847 ros
611 1779 768 1847 παρὰ
799 1796 905 1833 του
937 1777 1149 1834 ὶδίυυ⁴³
1180 1781 1257 1833 ἀν
1289 1781 1398 1848 pec
1428 1778 1770 1848 ὑποστῆναι
1798 1797 2000 1833 καινο-
2033 1765 2077 1822 Β

478 1851 694 1919 τομίαν
741 1851 831 1915 εἷς
869 1849 951 1919 rd_
977 1849 1286 1916 ἀνήκοντα
1324 1848 1514 1918 αὐτῇ,
1551 1851 1728 1919 χωρὶς
1749 1849 1823 1903 δὲ
1847 1851 2003 1904 ἀπο-

478 1870 694 1919 τομιαν
741 1870 831 1915 εις
869 1870 942 1904 τα
977 1870 1286 1916 ανηκοντα
1324 1870 1477 1918 αυτῃ
1497 1870 1728 1974 ,ἔωρις
1749 1870 1823 1903 08
1847 1870 2003 1904 απο-

472 1919 712 1991 γραςρῆς
743 1921 850 1975 εἶτ’
881 1917 996 1976 οὖν
1016 1922 1063 1953 ⁵⁵
1090 1921 1383 1991 ἐναργοῦς
1409 1921 1528 1976 ἀπο
1570 1922 1779 1988 είξεως
1799 1922 2004 1991 μηδὲν

472 1989 691 2058 ζητεῖν,
722 1992 878 2061 μήτε
909 1991 1211 2061 ζητοῦσαν
1239 1989 1694 2062 ἀπολαμϐάνειν
1705 1994 1773 2047 ⁵⁵.

475 2083 637 2138 Μετὰ
681 2085 792 2139 τῶν
833 2084 1047 2152 ἄλλων,
1088 2084 1195 2140 ὅσα.
1230 2084 1362 2154 περὶ
1391 2084 1519 2148 τοὺς
1542 2084 1756 2156 γάμους
1785 2085 2000 2156 εύαγῶς

398 2181 518 2240 τοῖς
549 2179 802 2250 ἀρχαίοις
829 2178 1215 2251 προνενόηται,
1249 2180 1344 2233 καὶ
1374 2176 1568 2232 τούτου
1598 2178 1829 2250 δεούσης
1860 2197 1998 2249 προ-

405 2273 557 2335 νοίας
600 2271 859 2343 τυχόντος
900 2271 995 2326 τοῦ
1035 2271 1237 2344 μέρους
1279 2270 1454 2344 (φημί
1483 2270 1548 2343 δὴ
1587 2270 1682 2325 τοῦ
1727 2271 1871 2343 μετὰ
1899 2273 1999 2345 τὴν

407 2365 656 2436 γαμικὴν
683 2365 929 2420 διάλυσιν
961 2365 1035 2436 μὴ
1064 2365 1162 2437 τὴν
1189 2368 1424 2434 γυναῖκα
1456 2368 1604 2428 ὅπως
1632 2363 1823 2435 ἔτυχεν
1849 2366 1998 2419 ἀντι-

404 2458 680 2512 ποιεῖσθαι
730 2459 834 2530 τῆς
872 2458 983 2512 τῶν
1025 2457 1285 2531 ἀνδρῴων
1318 2459 1663 2531 πραγμάτων
1691 2457 1909 2530 λήψεως
1936 2475 2000 2512 τε

406 2551 505 2606 καὶ
535 2552 947 2623 κατασχέσεως’
987 2553 1104 2606 ἀλλ’
1133 2554 1183 2606 εί
1216 2551 1573 2627 περὶτούτων
1595 2552 1996 2624 ἁμφισϐητοίη,

408 2643 677 2715 πρότερον
719 2645 963 2718 δημοσίᾳ
1007 2645 1111 2714 τῆς
1152 2662 1212 2700 τε
1260 2644 1470 2707 οἰκείας
1505 2645 1733 2714 προικὸς
1775 2644 1998 2716 καὶτῆς

406 2738 516 2809 πρὸ
558 2739 736 2809 γάμου
785 2740 997 2811 δωρεᾶς
1039 2741 1138 2794 καὶ
1173 2742 1275 2813 τῆς
1308 2742 1475 2816 ἄλλης
1509 2743 1728 2814 ἁπάσης
1751 2741 1997 2813 ἀνδρῴας

2109 596 2374 651 familiam
2444 598 2767 664 conﬁciens,
2824 606 2880 653 et
2940 600 3240 670 sponsalia,
3287 611 3341 656 et
3398 617 3698 658 consecra-

2110 691 2257 746 tione
2310 693 2673 764 peragendam
2708 694 3158 763 conjunctionem
3215 698 3361 750 intra
3421 699 3698 767 prmstitu-

2108 800 2202 840 ros
2237 798 2415 840 annos
2459 786 2866 856 desponsandis
2928 787 3155 843 decreto
3191 789 3492 859 permittat,
3526 790 3578 845 id
3611 791 3698 844 ni-

2108 875 2184 931 hil
2211 876 2746 948 legiadversabitur.
2775 877 3014 934 Licitum
3070 880 3218 935 enim
3257 890 3367 946 est,
3392 892 3452 935 ut
3491 882 3700 950 quibus

2106 968 2253 1026 Deus
2330 970 2571 1026 universi
2646 981 2914 1026 terrarum
2967 972 3158 1039 orbis,
3222 981 3479 1042 tanquam
3540 973 3698 1027 fami-

2106 1063 2192 1118 lia:
2252 1063 2561 1133 cujuspiam
2628 1063 3156 1120 administrationem
3216 1065 3586 1131 demandavlt,
3642 1067 3698 1121 hi

2105 1172 2264 1213 secus
2293 1173 2453 1226 quam
2487 1157 2569 1213 lex
2597 1174 2719 1229 quae
2749 1159 2998 1216 subditos
3028 1160 3288 1226 devincit,
3349 1161 3693 1232 praescribat,

2106 1246 2346 1306 familias
2381 1258 2605 1320 cogant.

2578 1343 3046 1400 CONSTITUTIO
3097 1345 3212 1399 CX.

2108 1436 2178 1492 Ut
2209 1437 2347 1511 (5-1)
2388 1439 2576 1492 mulier
2604 1438 2777 1511 soluto
2810 1441 3147 1494 matrimonio
3181 1440 3354 1494 dotem
3379 1457 3532 1494 suam
3572 1456 3697 1510 pro-

2172 1519 2387 1578 pterque
2445 1512 2656 1577 nuptias
2707 1510 3066 1573 donationem,
3095 1523 3146 1566 et
3188 1512 3446 1581 reliquam
3489 1530 3696 1566 onlnem

2178 1582 2364 1652 mariti
2415 1582 2769 1636 substantiam
2804 1584 2855 1635 in
2889 1583 3423 1652 commentarium(5)
3459 1586 3695 1637 conscri-

2173 1651 2261 1705 bat.
2281 1653 2357 1720 (6)
2377 1669 2438 1706 ac
2469 1669 2526 1706 eo
2555 1656 2764 1720 prolato
2802 1655 3050 1708 resarciri
3079 1653 3181 1707 sibi
3228 1656 3474 1721 postulet,
3499 1655 3545 1706 si
3567 1655 3694 1722 quid

2172 1723 2356 1777 damni
2407 1725 2462 1776 in
2501 1728 2654 1778 rebus
2720 1727 2832 1779 suis
2869 1743 2900 1777 a
2937 1727 3131 1777 marito
3163 1742 3218 1778 se
3240 1742 3459 1795 passam
3518 1725 3690 1790 dicat,

2173 1796 2312 1849 citra
2363 1797 2806 1849 commentarium
2863 1807 3038 1849 autem
3095 1798 3446 1851 evidentemve
3495 1797 3698 1866 proba-

2177 1865 2376 1920 tionem
2410 1866 2548 1920 nilu'l
2579 1877 2748 1936 petat,
2801 1879 2893 1922 aut
2930 1868 3155 1937 petendo
3192 1868 3440 1937 arripiat.

2167 2084 2309 2142 Cum
2358 2094 2556 2157 printer
2582 2087 2728 2154 alia,
2785 2103 2909 2158 quae
2963 2097 3157 2144 sancte
3209 2104 3237 2142 a
3297 2089 3576 2146 veteribus
3613 2091 3690 2160 (7)

2101 2179 2170 2234 de
2221 2180 2560 2237 matrimonii
2593 2181 2768 2237 rebus
2824 2189 3058 2237 tractata
3099 2190 3254 2248 sunt,
3290 2183 3421 2239 huic
3466 2200 3691 2254 quoque

2102 2274 2364 2329 tractatui
2402 2273 2538 2329 satis
2567 2282 2924 2346 prospectum
2967 2276 3075 2331 sit:
3121 2286 3180 2331 ut
3239 2293 3439 2347 nempe
3491 2281 3693 2334 mulier

2100 2365 2288 2422 soluto
2315 2367 2670 2424 matrimonio
2699 2383 2810 2424 non
2834 2384 3061 2439 quoquo
3096 2369 3258 2424 modo
3280 2386 3367 2426 res
3411 2372 3692 2429 maritales

2099 2458 2489 2530 percipiendas
2548 2471 2608 2515 et
2666 2458 2996 2517 detinendas
3049 2459 3333 2528 vindicet;
3368 2460 3465 2516 sed
3520 2461 3568 2516 si
3621 2462 3693 2517 de

2099 2554 2214 2609 illis
2242 2553 2630 2610 controversia
2677 2563 2988 2618 moveatur,
3021 2551 3341 2608 confectum
3378 2563 3502 2623 post
3539 2568 3689 2607 mor-

2099 2655 2211 2702 tem
2276 2647 2460 2702 mariti
2523 2646 2594 2702 de
2650 2646 2778 2702 dote
2825 2660 2922 2703 sua
2984 2655 3041 2702 et
3098 2647 3399 2702 donatione
3456 2657 3682 2719 propter

2100 2740 2344 2810 nuptias,
2379 2739 2718 2810 reliquisque
2755 2740 3105 2795 maritalibus
3137 2740 3500 2796 facultatibus
3535 2757 3691 2796 com-

406 2833 730 2903 περιουσίας
777 2831 877 2904 τὴν
915 2833 1058 2904 μετὰ
1095 2833 1328 2889 θάνατον
1351 2814 1447 2890 τού
1474 2836 1670 2909 ἀνδρὸς
1692 2835 1998 2907 γεγενημέ-

2105 2833 2438 2887 ιιιιιηιιιτὶυιῐι
2485 2833 2707 2903 publice
2755 2833 2912 2904 prius
2945 2832 3237 2889 exhibeat:
3290 2835 3421 2889 etsi
3456 2832 3587 2904 quid
3621 2849 3693 2892 ex

405 2945 505 2998 νην
550 2927 882 3000 ἀπογραφὴν
925 2926 1266 2997 ἐξενεγκεῖν,
1311 2929 1407 2984 καὶ
1437 2928 1491 2982 εί
1514 2947 1570 2984 τι
1596 2931 1657 2983 ὲν
1679 2928 1854 3001 ταύτῃ
1883 2928 1998 2983 δια-

2098 2925 2226 2982 dote
2261 2941 2293 2982 a
2335 2926 2538 2983 marito
2595 2936 2994 2998 consumptum
3028 2943 3153 2984 esse
3192 2936 3482 2999 appareat,
3526 2927 3581 2982 id
3618 2943 3689 2983 ex

404 3018 732 3087 γινώσκοιτο
775 3020 928 3090 παρὰ
964 3019 1060 3074 τοῦ
1097 3021 1342 3092 γαμέτου
1378 3021 1732 3094 ἀνηλωμένον
1753 3063 1770 3089 ,
1801 3021 1992 3076 τούτου

2098 3017 2275 3088 ipsius
2303 3019 2466 3076 bonis
2511 3028 2748 3091 repetat,
2793 3035 2919 3076 cum
2960 3020 3094 3084 hoc,
3127 3021 3374 3090 inquam,
3407 3022 3691 3090 quomodo

403 3115 504 3185 τὴν
526 3115 918 3187 ἀναπλήρωσιν
941 3117 1006 3168 ὲκ
1024 3114 1134 3170 τῶν
1156 3116 1367 3171 ἐκείνου
1393 3117 1578 3186 ζητεῖν
1601 3116 1990 3188 πραγμάτων),

2098 3110 2185 3180 ius
2235 3121 2402 3183 atque
2437 3114 2671 3183 aequitas
2721 3115 2992 3184 postulat,
3025 3127 3055 3167 a
3086 3113 3366 3170 veteribus
3416 3116 3692 3168 constitu-

405 3210 502 3264 καὶ
546 3209 742 3262 τούτου
781 3207 850 3280 δὴ
902 3207 1154 3279 καθάπερ
1200 3204 1272 3281 ἦν
1313 3209 1544 3280 θεμιτὸν
1586 3212 1700 3273 τοῖς
1743 3211 1996 3281 ἀρχαίοις

399 3301 768 3374 διωρισμένου
789 3343 804 3366 ,
831 3301 949 3356 νυνὶ
982 3301 1025 3355 δ’
1051 3301 1318 3373 ὀλιγωρίᾳ
1346 3301 1774 3372 παραδοθέντος,
1805 3303 1996 3371 ἐπειδὴ

399 3398 504 3467 τῆς
538 3396 653 3450 τῶν
680 3394 925 3467 ἀρχαίων
957 3395 1220 3466 προνοίας
1261 3395 1325 3449 τὸ
1360 3396 1634 3468 χρήσιμον
1679 3396 1998 3465 συνείδομεν

402 3490 555 3554 ἀξιον
599 3488 900 3554 σώζεσθαι,
949 3487 1011 3541 τὸ
1047 3489 1272 3542 ἐκείνων
1298 3488 1686 3560 ἀνανεούμενοι
1715 3489 1997 3558 θέσπισμα

398 3583 693 3655 ὁρίζομεν,
745 3582 854 3635 ἀπό
889 3597 955 3651 γε
995 3581 1092 3635 τοῦ
1132 3581 1404 3653 παρόντος
1447 3582 1774 3654 ἀπογραφὰς
1804 3585 1904 3652 τῆς
1933 3598 1994 3634 τε

403 3675 632 3745 προικὸς
680 3674 778 3727 καὶ
815 3675 914 3744 τῆς
964 3673 1072 3744 πρὸ
1113 3673 1294 3744 γάμου
1322 3672 1534 3745 δωρεᾶς
1573 3673 1668 3727 καὶ
1699 3672 1798 3743 τῆς
1824 3670 1995 3742 ἄλλης

403 3768 627 3838 ἁπάσης
671 3765 766 3820 τοῦ
816 3765 1016 3836 ἀνδρὸς
1058 3765 1378 3836 περιουσίας
1429 3767 1493 3817 ὲκ
1541 3763 1744 3828 παντὸς
1787 3764 1993 3835 τρόπου

403 3860 556 3931 παρὰ
586 3860 710 3920 ταῖς
739 3857 953 3927 γυναιξὶ
981 3855 1407 3921 σπουδάζεσθαι*
1442 3855 1538 3921 ὡς,
1574 3856 1666 3911 ἐάν
1694 3873 1822 3909 ποτε
1853 3856 1992 3928 γυνὴ

403 3952 541 4024 πρὸς
589 3949 850 4019 τοιαύτην
898 3948 1236 4020 φιλονεικίας
1282 3946 1543 4001 ὑπόθεσιν
1593 3951 1843 4018 καταστῇ
1897 3947 1994 4000 καὶ

402 4045 543 4118 πρὸς
590 4043 687 4114 τὴν
724 4041 973 4115 ἀνδρῲαν
1017 4042 1218 4112 χωρεῖν
1256 4039 1489 4112 ὓπαρξιν
1524 4040 1645 4094 ἀντὶ
1677 4040 1787 4094 τῶν
1820 4057 1992 4093 κατα-

405 4138 655 4192 στάντων
697 4137 775 4201 εἰς
821 4135 1049 4206 μείωσιν
1093 4134 1311 4188 οἰκείων
1348 4133 1523 4199 ἀξιοῖ,
1561 4134 1622 4197 ἐξ
1645 4133 1862 4202 ἐκείνης
1892 4133 1992 4204 τῆς

402 4227 734 4300 ἀπογραφῆς
783 4228 902 4298 ἤτοι
951 4224 1280 4289 ἀποδείξεως
1327 4224 1390 4276 τὸ
1430 4223 1638 4276 δίκαιον
1676 4222 1784 4275 τῶν
1817 4222 1991 4292 λόγων

403 4319 767 4391 γνωρίζεσθαι
821 4319 962 4372 κατὰ
1001 4318 1204 4390 τρόπον
1247 4314 1705 4386 ἀντιποιουμένης
1748 4314 1857 4367 τῶν
1895 4313 1988 4366 τοῦ

405 4410 645 4478 συζύγου
696 4410 1076 4482 πραγμάτων,
1136 4407 1188 4460 εί
1231 4423 1296 4476 γε
1339 4405 1469 4476 παρ’
1501 4404 1712 4458 ἐκείνου
1746 4403 1990 4473 φαίνοιτο

2102 3217 2216 3261 tum
2259 3208 2352 3272 sit,
2385 3221 2450 3262 ac
2477 3221 2610 3262 vero
2650 3222 2802 3263 nunc
2841 3207 2965 3278 ejus
2997 3207 3147 3262 nulla
3188 3208 3332 3260 ratio
3378 3207 3687 3264 habeatur:

2100 3303 2366 3370 quoniam
2403 3311 2646 3356 veterum
2681 3301 2991 3371 prudentiae
3025 3302 3316 3356 utilitatem
3349 3315 3691 3356 conservan-

2098 3393 2224 3446 dam
2291 3393 2589 3455 ducimus,
2659 3393 2879 3448 illorum
2939 3394 3284 3449 sanctionem
3350 3402 3689 3450 renovantes

2097 3485 2394 3542 statuimus
2435 3495 2492 3540 ut
2524 3485 2726 3540 dehinc
2753 3486 3015 3541 omnibus
3056 3485 3239 3541 modis
3269 3485 3338 3543 de
3376 3487 3526 3554 dote,
3557 3503 3688 3558 pro-

2098 3587 2330 3648 pterque
2369 3577 2590 3648 nuptias
2649 3575 2970 3641 donatione,
3007 3584 3062 3632 et
3096 3577 3221 3633 aliis
3259 3577 3689 3648 quibuscunque

2096 3671 2450 3727 maritalibus
2527 3670 2696 3725 rebus
2751 3684 2781 3723 a
2859 3669 3190 3724 mulieribus
3251 3670 3684 3724 commentarius

2096 3765 2451 3821 conficiatur:
2502 3778 2613 3834 quo
2673 3763 2720 3818 si
2772 3763 3021 3832 quando,
3066 3762 3135 3817 ad
3194 3763 3509 3820 istiusmodi
3555 3778 3689 3818 con-

2097 3858 2384 3915 troversiae
2416 3857 2656 3928 speciem
2697 3856 3015 3926 adigantur,
3042 3865 3097 3912 et
3137 3855 3205 3910 ad
3256 3871 3345 3912 res
3379 3857 3686 3920 maritales,

2094 3966 2195 4023 pro
2232 3967 2298 4007 eo
2328 3959 2597 4021 quantum
2631 3950 2878 4020 ipsarum
2940 3964 3031 4005 res
3097 3948 3407 4005 deteriores
3455 3951 3686 4006 reddita:

2095 4053 2261 4109 sunt,
2315 4044 2616 4116 procedere
2671 4043 2872 4099 velint:
2906 4058 2974 4096 ex
3031 4057 3096 4097 eo
3143 4043 3546 4099 commentario
3592 4056 3688 4098 aut

2095 4138 2423 4209 probatione
2471 4135 2754 4206 petitionis
2788 4135 3031 4204 tequitas
3077 4143 3467 4206 cngnoscatur,
3494 4147 3684 4191 utrum

2097 4238 2250 4285 recte
2295 4245 2383 4285 res
2417 4229 2746 4285 maritorum
2795 4228 3077 4282 vindicent
3102 4228 3374 4298 ,-quando
3406 4245 3686 4303 commen-

2096 4320 2238 4377 tario
2282 4320 2685 4389 comprehensa
2718 4319 2787 4373 ab
2826 4319 2939 4373 illis
2983 4318 3264 4389 insumpta
3299 4336 3423 4375 esse
3459 4331 3684 4375 consta-

2092 4410 2194 4464 bit.
2222 4410 2373 4465 Citra
2400 4409 2782 4464 commentarii
2831 4419 3014 4465 autem
3054 4411 3462 4476 testimonium,
3501 4428 3682 4482 neque

392 4506 510 4584 ,τῶν
537 4507 594 4559 ἐν
620 4507 686 4576 τῇ
711 4504 1010 4573 ἀπογραφῇ
1034 4501 1306 4572 κειμένων
1330 4500 1598 4564 ἀνάλωσις
1619 4499 1984 4570 γεγενημένη.

2098 4503 2288 4574 petitio
2335 4503 2513 4556 locum
2551 4501 2835 4566 inveniat;
2859 4517 3038 4572 neque
3087 4503 3179 4556 illa
3207 4505 3556 4559 contentiose
3589 4521 3682 4574 pe-

406 4602 573 4658 Ἀνευ
605 4601 662 4655 δὲ
695 4602 793 4672 τῆς
823 4599 1034 4653 ἐκεῖθεν
1065 4598 1401 4670 μαρτυρίας,
1457 4597 1594 4668 μήτε
1628 4595 1728 4666 τὴν
1758 4593 1985 4665 ζήτησιν

403 4693 592 4766 χώραν
611 4693 911 4764 εὑρίσκειν,
947 4692 1083 4762 μήτε
1108 4689 1379 4762 ζητούσης
1401 4685 1770 4757 φιλονείκωςῆ
1791 4685 1988 4756 ἀκροά-

404 4805 540 4850 σεως
567 4785 859 4857 τυγχάνειν
892 4785 927 4854 ἦ
958 4801 1011 4837 τι
1040 4783 1149 4837 τῶν
1174 4779 1621 4854 ἐπιζητουμένων
1649 4779 1978 4851 λαμϐάνεινο

2098 4603 2277 4650 tentes
2318 4602 2411 4648 aut
2447 4592 2768 4653 audiantur.
2816 4602 2910 4646 aut
2961 4593 3263 4665 quidquam
3329 4610 3520 4650 eorum
3555 4613 3682 4667 qua:

2095 4697 2292 4760 petunt
2337 4696 2775 4758 consequantur.
2837 4685 3010 4742 Porro
3069 4690 3455 4745 commentarii
3499 4695 3678 4745 conti-

2093 4781 2272 4836 ciendi
2325 4791 2540 4851 tempus
2589 4780 2924 4837 statuimus:
2964 4790 3025 4835 ut
3093 4782 3238 4835 intra
3281 4791 3393 4837 tres
3431 4781 3680 4854 t8)mcn-

1715 4914 1952 4970 VARIIE
1982 4914 2281 4972 LEGTION
2289 4915 2389 4970 ES.

501 5016 548 5050 "
575 5017 768 5072 Exstat
813 5015 866 5069 in
906 5013 1065 5070 codd.
1099 5012 1411 5082 Synopseos
1440 5007 1992 5082 Bieneriano,_[’aris.

2053 5025 2134 5078 gr.
2177 5010 2306 5063 1551
2338 5019 2392 5063 et
2444 5010 2582 5066 1557
2609 5009 2674 5074 A,
2697 5008 2918 5078 ctHVat.
2949 5008 3072 5063 852.

3175 5009 3219 5041 "
3248 5007 3482 5063 Verbum
3545 5009 3676 5066 ἰδῖου

405 5091 458 5160 in
503 5071 626 5144 cod.
674 5105 796 5160 syn.
834 5087 1008 5143 Paris.
1064 5071 1195 5137 1531
1252 5071 1426 5139 deest.
1504 5080 1549 5111 “
1568 5080 1659 5135 Sic
1707 5071 1830 5134 cod.
1873 5079 1994 5134 Pari

2098 5082 2239 5137 l55l.
2295 5080 2526 5153 Set'img.
2576 5071 2684 5135 εἴτε
2721 5076 2834 5135 οὖν.
2912 5081 2958 5113 ’⁸⁵
2996 5081 3070 5135 Ita
3105 5078 3278 5134 Paris.
3312 5080 3468 5135 1551.
3507 5080 3678 5151 Vulgo

404 5159 469 5213 λα
475 5160 568 5231 μϐ.

1989 5265 2222 5325 ΝΟΤλΕ.
2299 5324 2301 5327 .

477 5375 551 5446 (2)
580 5374 704 5446 Vid.
736 5371 871 5429 Nov.
912 5371 1308 5446 lsaaci_Angeli
1331 5385 1383 5425 c.
1413 5368 1470 5446 2,
1505 5366 1601 5446 ini.

477 5435 620 5519 (514)
648 5446 846 5500 Exstat
873 5447 1021 5519 apud
1057 5435 1527 5513 Harnicnopulum
1556 5440 1654 5496 lib.
1696 5439 1750 5502 1,
1781 5438 1865 5491 tit.
1896 5435 1985 5503 l5,

628 5587 1013 5659 Ἀπογραφήν,
1047 5593 1176 5640 nota
1206 5584 1274 5640 de
1327 5582 1634 5639 mventario
1671 5595 1852 5636 rerum
1882 5578 1986 5634 do-

406 5663 723 5802 miiif‘iim
755 5737 868 5784 tres
897 5744 1140 5792 menses,
1170 5737 1230 5802 ut
1255 5725 1396 5780 infra
1423 5726 1545 5802 eod.
1702 5797 1714 5802 Α
1743 5797 1753 5802 _
1842 5793 1896 5802 *Δ
1969 5780 1972 5781 ν

479 5793 556 5877 (7)
589 5803 1019 5860 iurisconsultis
1061 5811 1114 5855 et
1168 5800 1592 5868 imperatoribus
1653 5797 1791 5854 adde
1839 5793 1988 5850 Pho-

715 5901 991 5964 Ριιτιιοι..
1035 5898 1150 5962 Gtt.
1196 5899 1384 5966 (ΝΠ,

2095 5369 2230 5424 tium
2261 5369 2315 5434 9,
2351 5367 2652 5424 Nomocan.
2687 5369 2778 5435 28,
2813 5370 2883 5425 9.9
2915 5379 2967 5423 et
3003 5384 3124 5439 seq.

2082 5443 2091 5450 ’
2166 5441 2240 5507 (8)
2301 5441 2444 5496 Idem
2509 5444 2770 5510 temporis
2837 5436 3446 5510 spatimn'inventario
3500 5436 3677 5510 bono—

2094 5527 2212 5565 rum
2242 5512 2490 5566 defuncti
2521 5507 2774 5568 faci'endo
2792 5507 3088 5583 praestituit
3114 5513 3199 5566 lex
3235 5512 3332 5563 ult.
3359 5507 3548 5583 ᾖξε-Ο.
3602 5508 3678 5562 De

2089 5582 2213 5651 jure
2235 5584 2406 5639 delib.
2433 5594 2479 5638 et
2512 5578 2822 5639 inventario
2855 5589 3125 5638 bonorum
3154 5578 3376 5651 pupilli;
3396 5580 3428 5634 5
3453 5578 3676 5651 "armet

2094 5649 2226 5723 itop.
2257 5657 2344 5720 il,
2370 5672 2418 5709 c.
2459 5655 2590 5727 περὶ
2613 5655 3014 5727 κεκωλυμένων
3073 5649 3482 5727 ἐπιτροπεύειν,
3527 5649 3674 5717 quod

2095 5727 2393 5783 Accursius
2427 5723 2543 5786 non
2570 5729 2762 5800 probat
2798 5723 2852 5782 in
2883 5729 2919 5782 Ι.
2949 5726 3038 5792 24,
3073 5726 3134 5781 C.
3174 5723 3245 5780 De
3273 5723 3671 5781 adu:inist.tut.

3197 5890 3264 5951 21

3197 5937 3231 5955 ρ
